3433 4353
1688 50 367 47 THE

445 97 1131 332 OXFORD
1764 97 1508 332 OBSERVER

1103 432 181 56 AND
1359 429 586 57 CANTERBURY
2017 431 496 63 DEMOCRAT.

1241 542 520 37 CIECULATING
1836 545 518 36 THROUGHOUT
3084 548 26 33 \

1685 712 229 30 Established
1958 714 89 28 1889.

2899 861 136 31 Price—
3036 862 86 30 ONE
3160 858 168 34 PEEWY.

27 863 137 31 Volumn
185 863 28 30 V—No.Y
223 881 42 3 —
265 863 58 30 No.

1238 853 107 30 BAST
1378 853 185 36 OXFORD,
1588 853 243 39 SATURDAY,
1890 854 93 30 MAY
2019 857 53 35 12,
2097 858 87 28 1894.

2867 1011 51 38 G.
2945 1011 48 38 E.
3024 1009 374 42 WEYLANDTV

2979 1074 111 26 FAMILY
3107 1074 147 26 BUTCHER.

2889 1119 157 38 EAST
3076 1119 265 38 OXFORD.

2928 1182 119 26 Families
3058 1183 89 25 waited
3156 1190 65 23 upon
3233 1182 75 32 daily.

2954 1300 281 31 ASTOUNDING
3247 1302 7 29 !

2912 1355 69 25 CAN
3017 1356 82 24 THIS
3127 1356 45 23 BE
3203 1356 111 24 TRUE?

2943 1440 62 24 YES,
3019 1440 19 20 A
3053 1440 134 21 DECIDED
3198 1439 83 21 FACT.

2845 1514 99 29 NEW
2953 1514 140 30 YEAES
3106 1513 273 31 CONCESSION.

2874 1593 51 79 C.
2968 1593 61 79 I.
3069 1590 287 82 MANNING

2846 1702 81 19 Royal
2993 1715 5 6 ,
3010 1709 2 2 ■
3056 1707 25 19 g*
3260 1703 2 2 '
3315 1700 60 19 Vice

2847 1759 49 14 and
3305 1753 81 19 Eegal

2937 1804 356 32 PHOTOGRAPHER.

2848 1884 41 21 BY
2927 1884 124 21 SPECIAL
3088 1882 219 22 APPOINTMENT
3344 1883 38 20 TO

2981 1915 264 20 EAKLOPONSLOW.

2849 1980 105 48 WILL,
2970 1979 89 26 During
3074 1979 42 20 the
3140 1978 83 21 Month,
3241 1978 24 20 of
3283 1978 101 26 January

2925 2006 59 26 only,
2995 2007 54 19 1894
3057 2006 65 20 Issue
3132 2006 26 20 to
3167 2004 40 21 the
3216 2004 87 21 Public.

2994 2039 86 31 ONE
3101 2039 146 31 DOZEN

2849 2087 29 21 Of
2887 2088 36 20 his
2938 2087 188 26 Widely-known,
3143 2084 241 28 Superiorly-finished,

3041 2119 47 19 and
3106 2118 89 27 Highly

2848 2153 189 20 ENAMELLED
3093 2152 133 21 CABINET
3272 2152 109 19 PHOTO-

2852 2185 119 21 GRAPHS
2985 2185 39 19 AT
3033 2185 62 19 THE
3104 2184 142 19 NOMINAL
3259 2184 123 19 CHARGE

3106 2220 29 15 OF

2907 2253 141 32 -•■■•..■
3089 2253 65 29 15s.

2852 2335 172 22 DUPLICATE
3040 2334 118 22 ORDERS
3174 2333 38 20 AT
3230 2333 62 20 THE
3310 2331 81 21 SAME

3082 2366 87 22 RATE.

2880 2435 48 20 The
2937 2434 81 20 Public
3027 2439 39 14 are
3081 2432 95 21 advised
3193 2432 24 20 to
3236 2431 61 20 avail
3315 2431 74 20 them-

2853 2466 72 21 selves
2944 2465 23 20 of
2986 2465 47 21 this
3052 2464 146 26 opportunity
3217 2462 24 19 of
3270 2462 119 25 obtaining

2852 2500 123 27 high-class
2985 2500 62 19 work
3056 2500 25 19 at
3090 2498 55 21 such
3153 2504 14 13 a
3175 2496 114 21 moderate
3299 2495 91 26 charge.

2850 2574 176 21 REMEMBER
3036 2573 61 21 FOR
3106 2572 61 22 ONE
3177 2571 109 21 MONTH
3299 2570 90 21 ONLY.

2878 2634 49 20 The
2933 2634 53 20 vast
2994 2632 132 27 experience
3142 2629 106 23 obtained
3261 2629 31 26 by
3306 2629 83 21 C.H.M

2850 2669 26 20 m
2884 2668 41 21 the
2933 2667 155 21 innumerable
3097 2665 111 22 branches
3222 2664 24 21 of
3254 2664 41 21 the
3305 2664 81 26 photo-

2851 2703 95 25 graphic
2955 2703 37 20 art
3001 2701 84 25 during
3097 2700 37 20 his
3142 2699 84 20 Indian
3236 2697 45 21 and
3289 2697 97 20 Austra-

2850 2738 40 18 ian
2907 2737 93 22 travels,
3014 2735 47 20 and
3079 2735 39 19 the
3139 2732 115 25 thorough
3272 2732 114 24 apprecia-

2850 2770 50 19 tion
2909 2768 29 26 by
2946 2769 41 20 the
2996 2768 93 26 general
3106 2766 77 27 public
3196 2765 24 20 of
3235 2764 41 20 the
3288 2770 68 17 same,
3366 2764 21 20 is

2852 2803 110 20 sufficient
2977 2801 124 27 guarantee
3109 2800 54 20 that
3182 2798 31 21 all
3230 2798 62 20 -work
3310 2797 78 20 issued

2851 2837 60 20 from
2917 2836 36 19 his
2962 2836 86 19 Atelier
3055 2834 44 20 will
3106 2834 28 20 be
3144 2833 23 20 of
3174 2833 40 19 the
3219 2831 94 26 highest
3318 2831 69 19 order

2877 2951 81 21 WILL
2968 2951 41 20 DO
3019 2950 52 20 HIS
3082 2948 71 22 OWN
3163 2946 195 22 OPERATIONS.

2850 3016 109 21 Studio—
2960 3015 40 20 lso
3008 3014 105 21 Colombo
3122 3012 77 24 street,
3219 3009 169 22 Christchurch.

3012 3047 156 26 Telephone—
3167 3045 41 19 No.
3220 3044 46 20 592.

2972 3164 3 3 ■
2992 3130 264 48 NOTICE.

2971 3198 3 2 ■
2989 3205 16 3 -
3101 3196 32 18 ♦
3194 3201 14 12 -:

2851 3232 22 22 T
2890 3231 63 23 have
2972 3227 113 25 resumed
3104 3226 105 31 practice
3220 3224 28 24 m
3262 3221 126 26 LUCK'S

2852 3250 21 38 1
2914 3259 191 27 BUILDINGS
3123 3258 146 25 Gloucester
3294 3255 92 28 Street,

2851 3304 86 17 corner
2947 3294 27 25 of
2984 3292 118 26 Colombo
3115 3292 90 25 Street.
3231 3289 16 24 I
3257 3288 64 25 have
3334 3295 51 16 sev-

2851 3329 53 24 eral
2914 3335 70 18 sums
2995 3327 24 24 of
3019 3327 101 28 'money
3130 3324 65 24 from
3208 3322 55 24 £50
3274 3319 113 32 upwards

2851 3364 27 22 to
2886 3360 58 25 lend
2950 3367 34 17 on
2990 3358 130 24 first-class
3128 3354 112 26 freehold
3247 3353 65 24 farm
3318 3351 68 23 land.

3111 3395 32 31 C.
3157 3393 118 35 CORE,

2866 3457 15 17 r
2887 3442 187 29 Barrister
3092 3445 67 22 and
3182 3434 181 30 Solicitor.

2894 3485 5 22 ;
2947 3490 6 3 -
2968 3487 8 2 -
3100 3473 231 33 Christchurch.

2866 3575 7 61 I
2885 3591 213 44 BTraEELL
3112 3585 248 44 BROTHERS
3365 3611 18 19 .,

2866 3646 11 49 }
3356 3643 18 42 ;
3388 3669 27 3 ....

2855 3695 176 23 Havetemoved
3034 3695 25 20 to
3062 3699 61 16 more
3128 3689 149 24 commodious
3281 3687 127 27 papmiEes-

2873 3722 42 19 ■■■■''
2946 3725 185 29 -VICTORIA.
3149 3720 134 29 STREET

2857 3780 118 30 Opposite
2997 3776 128 27 Salvation
3153 3773 77 29 Army
3261 3769 132 30 I&i?ftcks.

2890 3812 58 26 And
2959 3819 42 18 are
3012 3810 85 30 doing-
3106 3803 149 29 Enamelled
3275 3802 121 31 Qibjneta

2857 3854 38 24 for
2906 3852 43 33 8/6
2958 3859 44 24 per
3012 3850 87 24 dozen.
3123 3845 77 26 Great
3210 3840 190 40 Phe^gsaphio;

2860 3889 124 32 Surprise-
3030 3887 53 24 One
3111 3884 25 24 of
3156 3882 45 24 the
3222 3881 103 30 largest
3339 3886 62 21 eye^

2858 3927 154 27 introduced.
3055 3925 77 24 From
3153 3920 74 28 Dec^
3238 3918 81 35 litjih,.
3329 3917 69 26 u»ta

2859 3969 43 24 the
2913 3967 61 26 New
2985 3965 75 26 Year.
3093 3962 55 25 One
3158 3960 99 28 Do^av,
3266 3957 133 32 large.si»e

2860 4005 147 27 Enamelled
3022 4003 96 27 Photos
3127 4007 40 19 tor
3247 3996 125 33 usuftVpri
3372 4004 14 17 0
3386 4004 18 17 *

2863 4049 37 23 £1
2914 4048 54 23 10s.
3003 4045 92 26 Secure
3108 4029 136 52 a4^
3244 4046 3 8 :
3262 4038 80 29 i|»l»*
3362 4038 43 24 fot

2863 4085 43 33 2/6
2918 4082 153 31 now.ready.
3106 4070 111 38 Th^fe,4
3231 4077 45 26 the
3295 4076 110 35 greatest

2864 4124 99 26 wonder
2974 4122 27 26 of
3017 4122 45 25 the
3083 4127 63 29 ag^
3174 4119 83 29 Do»*i
3270 4122 64 22 W^s
3353 4115 54 26 this

2864 4165 102 25 chance.

2897 4200 171 29 BURRELI*
3075 4200 191 30 BROTHERS

3019 4257 21 15 
3128 4240 212 35 Photograpbers,

2987 4284 113 30 Victoria
3114 4285 90 33 Street,
3221 4285 191 28 Chrletchurch.

2448 997 115 25 GREAT
2595 999 86 25 SALE

2553 1043 31 17 OF

2303 1069 208 33 TEWELLRY,
2547 1073 178 29 WATCHES,
2760 1075 71 25 DIA-

2296 1103 22 23 O
2460 1104 99 24 MOND
2577 1105 121 30 GOODS,

2299 1138 128 26 SILVER
2445 1140 71 24 AND
2539 1142 283 27 ELECTRO-PLATE

2297 1176 47 25 AT
2362 1177 22 24 A
2401 1177 174 28 DISCOUNT
2600 1181 43 25 OF
2660 1183 28 24 4s
2706 1183 38 25 IN
2761 1183 71 25 THE

2396 1218 126 29 POUND,
2535 1220 68 24 FOR
2616 1221 22 24 A
2655 1222 78 26 FEW

2448 1258 124 26 WEEKS
2582 1260 101 25 ONLY.

2333 1299 115 29 £10,000
2466 1302 73 24 value
2550 1303 27 24 to
2589 1303 76 26 select
2686 1305 67 26 from
2773 1307 27 24 at

2299 1358 67 43 M.
2429 1357 404 53 SANDSTEDT

2310 1433 108 21 DIRECT
2432 1435 154 26 IMPORTER,
2613 1437 206 23 WATCHMAKER

2444 1471 60 21 AND
2518 1472 164 27 JEWELLER,

2297 1506 114 22 CASHEL
2426 1509 40 19 ST.
2486 1509 88 25 WEST,
2597 1510 231 23 OHRISTCHUROS

2440 1608 166 27 Established
2618 1612 74 25 1862.

2322 1681 30 21 M.
2365 1681 161 24 SANDSTBIN
2537 1684 40 21 has
2593 1686 114 25 appointed
2717 1687 44 20 Mr.
2770 1688 25 20 R.
2805 1688 29 20 H.

2293 1714 82 20 Parish
2391 1721 24 14 as
2432 1716 35 20 his
2483 1717 80 21 Oxford
2577 1719 104 24 AGENT,
2695 1720 49 21 who
2759 1721 44 19 will
2812 1721 23 20 at

2294 1752 43 18 any
2347 1745 52 22 time
2408 1753 95 19 procure,
2517 1754 29 14 on
2561 1750 149 27 approbation,
2728 1752 107 24 Watches,

2295 1778 82 25 Clocks,
2387 1780 44 19 and
2440 1781 116 26 Jewellery,
2575 1789 25 13 or
2615 1783 36 20 his
2664 1784 80 21 Oxford
2760 1785 75 21 clients

2295 1813 22 19 to
2328 1812 64 20 select
2406 1813 65 24 from,
2482 1815 23 20 at
2515 1815 36 20 the
2570 1821 59 15 same
2638 1817 58 25 price
2713 1824 24 13 as
2744 1818 91 25 charged

2294 1844 22 20 at
2326 1843 37 22 the
2373 1844 154 21 Christchnrch
2536 1846 180 23 Establishment.

2339 1897 58 38 M.
2443 1897 336 41 SANDSTEIN
2817 1931 7 6 .

2443 1954 112 22 OASHEL
2569 1956 119 26 STREET,

2386 1997 359 30 CHRISTCHURCH.

2318 2209 262 46 WALTER
2640 2214 179 46 RYDE.

2405 2304 116 22 TIMBER
2546 2306 177 25 MERCHANT.

2379 2372 120 31 WEST
2572 2375 182 38 OXFOKD.

2302 2566 77 55 A.
2407 2567 73 55 ll.
2512 2566 259 60 IllgNNll
2782 2570 21 54 1
2814 2571 20 55 1

2420 2657 294 39 SADDLER

2536 2719 60 21 AND

2299 2765 279 40 HARDWARE
2596 2766 229 39 IMPORTER

2443 2826 93 24 HIGH
2554 2826 143 30 STREET,

2382 2877 366 53 OUST.

2310 2972 55 24 P\E
2370 2972 100 25 SIRES
2488 2974 26 23 to
2526 2980 131 18 announce
2669 2975 28 23 to
2700 2977 26 22 at
2736 2975 29 23 m
2775 2975 60 24 view

2301 2999 40 30 U
2376 3005 27 24 of
2415 3005 44 24 tbo
2482 3006 170 32 approaching
2673 3007 108 29 harvest,
2805 3007 30 24 he

2300 3043 47 24 has
2369 3043 74 24 made
2466 3051 34 16 an
2523 3045 125 24 extensive
2670 3045 123 31 purchase
2813 3045 22 24 of

2301 3081 134 26 BINDER
2458 3082 48 24 TW
2503 3082 8 11 7
2513 3082 60 24 INE
2598 3083 51 24 and
2672 3083 162 25 MACHINE

2302 3119 78 26 OILS
2398 3120 83 24 which
2491 3120 32 24 he
2534 3120 22 24 is
2567 3121 119 30 prepared
2699 3123 26 23 to
2747 3121 88 31 supply

2302 3160 26 22 at
2339 3158 44 24 the
2394 3158 87 24 lowest
2492 3158 182 24 remunerative
2697 3159 87 30 prices.
2802 3179 3 2 .

2304 3229 54 25 The
2368 3229 127 32 following
2501 3229 93 25 brands
2603 3238 41 16 are
2652 3228 58 33 kept
2720 3231 29 23 m
2758 3230 77 24 stock:

2337 3272 132 32 Donaghy,
2488 3271 113 30 Manilla,
2615 3273 85 24 Mixed
2711 3272 50 25 and
2773 3272 62 25 Flax

2305 3311 106 28 Twines,
2430 3311 135 24 Auckland
2577 3311 74 25 Fibre
2664 3311 54 30 Cos,
2732 3312 103 24 Manilla

2306 3349 58 25 Star
2372 3348 50 24 and
2433 3348 72 27 Flax,
2526 3348 51 23 and
2596 3348 90 24 Mason
2707 3349 128 25 Struther3

2304 3385 57 26 well
2372 3385 91 25 known
2474 3385 106 25 Lurline
2592 3385 84 32 Hemp
2693 3386 95 25 Twine.
2799 3395 7 10 -■
2827 3391 4 12 '■

2339 3423 53 24 The
2403 3422 76 26 Stock
2490 3423 28 25 of
2528 3423 62 24 Oils
2601 3423 23 25 is
2635 3424 123 31 complete
2780 3431 55 17 con-

2305 3461 91 31 sisting
2418 3461 27 24 of
2471 3461 77 29 Lard,
2572 3461 94 28 Castor,
2695 3459 140 30 Yalvoiine,

2306 3499 98 24 Golden
2422 3498 156 33 Machinery,
2602 3498 84 29 Colza,
2707 3498 52 25 Pea
2779 3499 56 28 Nut,

2305 3539 137 28 Neatsfoot,
2460 3538 61 25 Raw
2544 3539 50 24 and
2617 3539 89 25 Boiled
2723 3539 112 25 Linseed.

2305 3577 111 31 Aprons,
2428 3577 50 24 and
2493 3577 132 25 Elevators
2640 3577 73 25 made
2733 3577 50 25 and
2805 3584 30 18 re-

2306 3616 86 33 paired
2411 3618 27 26 at
2477 3616 110 26 shortest
2619 3617 93 25 notice.
2747 3616 88 26 Binder

2307 3654 80 32 whips
2398 3654 99 26 Canvas
2507 3654 100 30 batons,
2618 3654 77 26 rivets
2706 3654 51 26 and
2769 3654 66 26 Pole-

2307 3695 90 30 straps,
2409 3694 60 31 kept
2476 3694 28 24 m
2524 3694 104 31 variety.
2739 3707 3 2 ■
2742 3704 41 28 .-«j;.

2323 3742 23 25 A
2356 3743 69 31 large
2436 3743 117 31 quantity
2563 3743 29 25 of
2601 3744 91 24 Horse
2700 3744 135 23 Medicines

2307 3782 93 31 always
2411 3790 34 17 on
2467 3782 70 25 hand
2558 3782 130 32 including
2710 3782 125 25 Elliman'g

2309 3821 127 31 Slesinger
2457 3821 50 24 and
2529 3821 149 32 Abilgaards
2706 3821 129 26 Embroca-

2309 3859 60 27 tion,
2394 3858 148 32 Slesingers'
2571 3859 143 31 Leemings,
2750 3859 85 25 James'

2307 3897 51 24 and
2368 3897 114 25 Stevens'
2495 3894 164 38 Bilistering^,:
2669 3898 97 32 Fryer's
2786 3898 49 25 Bal-

2309 3942 62 20 sam,
2396 3934 83 25 Sweet
2489 3935 81 28 Nitre,
2585 3936 95 31 Spavin
2690 3935 83 25 bruise
2785 3943 50 17 con-

2308 3972 89 30 dition,
2416 3973 51 25 and
2489 3973 93 25 Worm
2601 3974 127 30 Powders,
2748 3973 54 27 also
2824 3981 2 17 ;

2309 4010 85 26 varied
2416 4010 72 26 stock
2509 4011 39 25 of.
2559 4011 124 34 Saddlery
2698 4012 29 26 m
2749 4012 36 26 all
2813 4013 22 27 it*

2311 4048 130 25 branches.

2309 4085 2 6 '
2344 4085 151 26 Horse-hair
2503 4087 52 24 and
2566 4087 122 25 Beeswax
2698 4088 137 32 purchased

2311 4125 99 26 Second
2419 4125 72 25 hand
2499 4126 98 25 saddles
2615 4127 97 33 bought
2734 4128 52 25 and
2808 4137 27 17 ex

2311 4165 115 32 changed,
2455 4165 39 26 foj
2526 4173 65 18 new.
2626 4167 81 31 Agent
2737 4167 40 26 for
2809 4169 26 26 thi

2312 4203 37 32 by
2351 4203 88 25 ttelton
2450 4203 85 26 Times
2546 4203 137 34 Company,
2700 4205 52 26 and
2770 4206 65 27 Soutl

2312 4240 98 26 British
2420 4241 141 26 Insurance
2568 4242 44 25 Co.
2648 4243 93 27 Orders
2751 4243 34 34 by
2795 4252 40 25 pos

2311 4286 29 18 or
2351 4278 123 32 telegram
2480 4279 130 34 promptly-
2619 4281 121 26 attended
2749 4283 37 24 to.

1745 1070 80 50 H.
1852 1070 62 52 J.
1933 1071 349 54 LAMING

1840 1146 348 35 SADDLEE

1980 1192 64 21 AND

1748 1228 289 38 HARNESS
2072 1230 211 38 MAKER

1893 1280 73 25 Neab
1983 1280 151 29 Saleyabds,

1781 1322 46 41 O
1853 1324 64 40 X
1941 1324 199 40 FOR
2164 1325 45 39 D
2235 1353 15 11 .

1745 1393 87 25 Orders
1845 1395 51 23 and
1912 1395 106 30 Eepairs
2028 1396 127 31 promptly
2166 1397 118 24 executed

1908 1439 26 23 at
1945 1437 87 25 lowest
2044 1440 75 23 rates.

1849 1503 143 39 HORSE
2016 1503 164 40 COVERS

1746 1554 100 38 made
1858 1555 37 38 to
1912 1554 102 40 Order
2030 1555 69 39 and
2113 1555 171 49 Repaired

1762 1615 21 24 A
1797 1614 76 26 Stock
1885 1616 27 24 of
1922 1616 82 24 Horse
2016 1616 123 25 Medicine
2151 1625 34 17 on
2193 1616 75 30 band,

1823 1658 160 21 SOLOMON'S
2001 1659 149 21 SOLUTION
2164 1660 37 21 &c.

1766 1721 55 43 E.
1845 1721 57 43 R.
1920 1705 357 62 ALLPRES¥

1856 1791 134 25 Consulting
1999 1792 46 20 and
2051 1792 90 26 Family
2147 1793 104 25 Chemist,

1936 1825 56 23 239.
2007 1823 90 25 Cashel
2108 1825 82 24 Street
2204 1826 76 28 West,

2002 1861 278 27 CHRISTCHUBCH.

1854 1900 9 31 (
1871 1899 65 25 Next
1947 1899 106 24 Zetland
2065 1900 74 24 Arms
2152 1901 76 25 Hotel
2235 1903 12 31 )

1748 1949 40 27 (34
1798 1955 65 21 years
1879 1948 130 28 experience
2024 1950 25 19 at
2058 1950 73 20 Home
2140 1950 46 20 and
2201 1957 25 13 m
2242 1950 40 21 the

1958 1981 102 21 Colonies
2065 1981 9 27 )

1774 2015 37 19 Mr
1821 2014 101 25 Allpress
1931 2013 56 26 begs
2003 2015 25 18 to
2037 2015 80 19 tender
2129 2015 37 19 his
2182 2015 101 26 grateful

1749 2046 81 21 thanks
1840 2047 23 19 to
1874 2046 34 20 his
1922 2051 120 14 numerous
2052 2046 81 20 clients
2142 2047 142 25 throughout

1748 2079 141 26 Canterbury
1898 2078 35 20 for
1942 2077 40 21 the
1992 2079 94 25 support
2094 2079 74 20 which
2174 2079 42 20 has
2226 2079 56 21 been

1743 2112 141 21 (vouchsafed
1901 2113 25 19 to
1947 2112 48 20 him
2010 2112 83 26 during
2113 2112 41 21 the
2176 2113 107 20 nineteen

1747 2153 65 20 years
1821 2147 29 19 he
1860 2147 41 19 has
1910 2145 105 22 followed
2023 2147 37 19 his
2075 2147 125 26 profession
2209 2147 25 20 m
2243 2147 39 20 the

1750 2180 114 23 Province,
1890 2179 46 20 and
1949 2179 90 26 finding
2061 2180 20 20 ifc
2104 2180 121 21 incumbeh
2235 2182 12 19 t
2260 2181 24 20 to

1749 2213 119 21 centralize
1886 2213 37 21 his
1936 2213 105 21 business
2054 2213 25 20 m
2102 2213 66 21 order
2181 2214 25 20 to
2228 2214 56 25 keep

1748 2247 48 20 him
1810 2248 24 19 m
1848 2248 69 19 touch
1933 2246 53 21 with
2002 2247 35 20 his
2057 2248 129 24 supporters
2201 2247 25 20 m
2244 2248 40 20 the

1748 2279 153 26 surrounding
1910 2279 96 25 country
2013 2279 108 23 districts,
2129 2278 28 20 he
2165 2279 42 19 has
2213 2279 71 20 taken

1748 2313 40 20 the
1798 2313 70 20 above
1877 2312 108 27 premises
1997 2312 72 21 where
2087 2312 29 21 he
2126 2312 49 21 will
2183 2313 28 20 be
2229 2313 55 27 glad

1748 2348 25 19 to
1782 2347 86 20 receive
1879 2347 36 20 his
1924 2347 87 20 friends
2020 2347 130 26 personally
2162 2354 25 12 or
2196 2348 87 20 receive

1748 2379 61 20 their
1818 2379 77 20 orders
1910 2385 42 19 per
1963 2379 58 25 post.
2049 2379 43 20 His
2110 2379 62 20 Well
2190 2379 92 23 Known,

1748 2411 68 20 Tried
1840 2411 45 19 and
1908 2409 121 27 Approved
2051 2409 118 21 Remedies
2196 2410 36 20 for
2253 2411 31 19 all

1749 2438 82 20 classes
1841 2438 24 20 of
1882 2437 105 20 Diseases
1997 2443 38 14 ai*e
2044 2443 50 13 now
2104 2444 24 13 so
2138 2437 51 21 well
2202 2438 82 20 known

1749 2470 25 14 as
1792 2465 25 19 to
1830 2464 58 20 need
1908 2470 30 14 no
1956 2463 90 21 further
2068 2464 102 20 mention
2194 2465 25 19 m
2237 2464 47 20 this

1748 2491 137 26 necessarily
1895 2491 65 20 short
1969 2490 185 20 advertisement.
2283 2486 2 24 I

1776 2519 20 19 A
1805 2518 44 20 full
1857 2519 62 24 price
1929 2517 49 20 List
1988 2517 21 20 of
2018 2517 33 20 all
2060 2517 36 20 his
2105 2517 90 21 various
2214 2518 70 20 Rem-

1749 2545 60 21 edies
1820 2551 41 15 can
1870 2545 28 21 be
1909 2544 46 21 had
1964 2544 56 20 Post
2032 2544 56 20 Free
2098 2550 30 14 on
2140 2545 144 25 application,

1749 2572 45 20 and
1807 2578 83 20 among
1904 2571 64 22 them
1977 2571 89 21 besides
2075 2571 65 21 those
2150 2571 23 21 of
2182 2578 14 14 a
2204 2571 80 26 purely

1749 2599 97 21 Medical
1866 2599 121 21 Character
2006 2598 46 20 will
2068 2598 28 21 be
2115 2597 73 22 found
2202 2599 80 24 Horse,

1749 2627 74 20 Cattle
1838 2627 46 21 and
1900 2627 51 26 Dog
1966 2625 131 22 Medicines,
2113 2625 22 21 of
2153 2626 131 20 undoubted

1748 2653 91 26 efficacy
1847 2654 103 23 together
1966 2653 54 19 with
2033 2653 21 19 A
2070 2653 59 20 Host
2138 2653 24 19 of
2171 2653 113 20 Domestic

1750 2681 103 19 Utilities
1863 2681 73 19 Toilet
1950 2679 159 26 Preparations
2119 2680 17 19 &
2146 2679 138 26 Perfumery.

1776 2707 37 20 Mr
1821 2707 102 26 Allpress
1933 2707 85 20 invites
2034 2706 149 25 applications
2199 2707 36 19 for
2249 2707 35 19 his

1748 2734 51 20 List
1807 2734 47 20 and
1869 2735 47 19 will
1929 2734 56 20 send
1994 2734 57 20 Free
2060 2733 24 20 of
2093 2740 96 19 expence
2198 2740 30 13 on
2237 2740 47 13 rec-

1750 2761 48 26 eipt
1807 2761 23 19 of
1839 2761 56 20 Five
1905 2760 106 25 shillings
2021 2759 46 21 and
2077 2759 102 26 upwards
2192 2759 23 19 m
2225 2759 59 26 post-

1750 2787 23 20 al
1781 2788 66 19 notes
1858 2793 24 14 or
1891 2787 66 20 order
1966 2792 46 19 any
2018 2786 79 20 article
2105 2786 83 20 named
2197 2785 87 21 therein

1750 2814 56 21 such
1816 2814 66 21 order
1896 2820 53 19 may
1958 2814 105 20 emanate
2077 2813 56 20 from
2144 2818 42 15 one
2195 2817 88 22 person,

1749 2848 25 14 or
1782 2841 29 21 be
1821 2841 64 20 made
1894 2847 31 20 up
1935 2846 82 20 among
2026 2839 137 26 neighbours
2173 2840 50 19 who
2235 2846 49 19 may

1750 2869 84 24 depute
1852 2874 42 14 one
1907 2867 24 21 of
1946 2867 61 20 their
2019 2867 96 19 number
2126 2867 25 19 to
2166 2868 64 18 make
2246 2867 38 19 the

1750 2894 139 24 remittance,
1898 2894 87 20 receive
1989 2893 40 21 the
2037 2893 70 26 goods
2111 2893 46 19 and
2167 2893 117 20 distribute

1750 2921 40 19 the
1800 2927 60 13 same
1870 2927 29 13 on
1909 2921 91 19 arrival.

1750 2954 77 26 Agent
1836 2953 36 20 for
1882 2952 87 21 Oxford
1977 2952 49 26 and;
2026 2952 98 26 District
2130 2952 36 20 Mr
2173 2952 26 20 B.
2208 2952 76 21 Keats.

1799 3013 189 56 Money
2002 3014 54 51 tq
2079 3013 153 44 Lend.

1806 3102 18 29 I
1839 3101 79 30 have
1947 3111 113 29 money
2088 3105 33 26 to
2148 3101 73 30 lend
2256 3102 28 28 m

1752 3144 85 38 large
1863 3151 34 20 or
1925 3142 91 29 small
2046 3152 84 19 sums
2167 3151 31 20 to
2228 3143 56 29 suit

1751 3184 180 29 Borrowers
1962 3187 33 25 at
2021 3182 110 30 lowest
2164 3187 120 25 current

1752 3228 92 26 rates.

1834 3262 191 33 WILLIAM
2048 3262 156 37 HOBAN,

1927 3303 190 29 SOLICITOR,

1787 3343 48 23 204
1847 3341 122 25 Hereford
1980 3340 40 26 St.
2033 3340 197 26 Christchurbh
2241 3340 43 25 and

1963 3378 111 24 Kaiapoi.

1755 3471 151 40 'THE
1928 3473 128 36 RED
2069 3473 215 38 HOUSE'

1893 3525 73 21 under
1975 3525 41 21 the
2025 3525 123 22 Verardah

1755 3565 40 20 109
1814 3563 106 21 Colombo
1939 3563 64 21 Sreet
2031 3559 243 28 CHBISTCHTJKCH.

1804 3600 157 39 JOHN
1999 3600 237 39 WILSON

1754 3653 99 21 General
1861 3652 88 24 Dealer,
1965 3652 126 21 Furniture
2100 3652 90 26 Broker,
2201 3653 83 23 &Hote

1809 3690 118 21 Valuatrr.
1966 3689 148 21 Established
2123 3691 29 19 20
2160 3690 78 21 Tears.

1755 3743 61 22 John
1825 3742 89 21 Wilson
1919 3742 115 21 embraces
2042 3742 40 19 the
2091 3742 93 25 present
2189 3743 95 26 opportu-

1756 3770 50 26 nity
1815 3770 25 19 to
1853 3769 76 20 thank
1937 3768 38 20 his
1985 3769 130 25 supporters
2125 3768 37 20 for
2169 3769 63 20 their
2241 3775 43 14 cus-

1755 3796 47 21 tom
1811 3795 47 21 and
1866 3796 126 26 patronage
2004 3794 47 21 and
2066 3800 90 16 assures
2168 3795 64 20 them
2241 3796 43 21 thai

1755 3829 26 14 as
1789 3823 25 20 m
1823 3822 41 20 the
1870 3822 54 26 past
1932 3821 30 20 he
1977 3821 21 21 is
2009 3820 110 26 prepared
2128 3822 24 19 to
2162 3822 82 26 supply
2252 3822 32 21 the

1755 3850 53 21 best
1816 3848 125 22 Furniture
1951 3847 44 25 &c,
2009 3847 37 20 &o.
2063 3848 26 19 at
2103 3847 74 27 prices
2190 3848 61 27 fully
2266 3850 18 20 2(

1755 3882 42 21 per
1805 3876 54 21 cent
1867 3875 46 21 less
1919 3874 59 20 than
1987 3873 111 22 hitherto.

1810 3911 61 22 John
1893 3909 89 22 Wilson
2009 3910 47 20 will
2078 3910 92 21 furnish
2190 3916 15 15 a
2223 3911 61 21 hous<

1756 3938 138 25 throughout
1900 3937 37 20 for
1945 3938 54 22 .£2O,
2028 3937 62 20 John
2098 3937 90 21 Wilson
2197 3938 48 20 will
2252 3939 32 20 sel

1756 3971 46 21 you
1814 3971 16 14 a
1851 3963 123 21 Duchesse-
1991 3962 72 21 Chest
2070 3963 115 21 Drawserß
2193 3963 37 21 for
2242 3964 42 27 50/-

1784 3991 60 21 John
1853 3991 88 21 Wilson
1959 3989 48 21 will
2026 3989 43 21 sell
2086 3995 46 20 you
2147 3996 16 14 a
2180 3990 73 22 Chest
2272 3996 12 16 o:

1758 4019 103 21 Drawers
1870 4017 37 21 for
1915 4015 51 26 20/-.
2008 4016 60 21 John
2078 4016 91 21 Wilson
2189 4017 48 21 will
2256 4018 28 20 sel

1758 4052 45 20 you
1832 4044 89 22 Double
1947 4043 55 20 Iron
2025 4042 129 22 Bedsteads
2184 4043 39 22 for
2244 4044 40 27 25/-

1760 4073 82 25 Spring
1851 4071 134 21 Mattresses
1993 4069 46 27 25/-
2048 4070 123 21 Palliasses
2180 4076 47 21 any
2234 4071 50 26 prici

1759 4105 47 22 you
1818 4099 52 21 like.
1909 4096 145 27 Everything
2067 4096 75 26 cheap.
2153 4097 131 28 Everything

1762 4125 58 28 good
1827 4125 47 21 and
1883 4130 47 20 you
1937 4129 43 15 can
1993 4123 42 26 get
2043 4123 139 26 everything
2190 4124 60 21 from
2258 4125 26 21 thi

1761 4152 74 22 useful
1842 4151 63 22 little
1914 4149 81 23 needle
2008 4150 26 20 to
2051 4149 42 21 the
2110 4150 127 27 proverbial
2259 4158 25 14 an

1760 4181 61 20 chor.
2195 4190 3 4 •
2223 4177 3 17 ;
2235 4179 40 22 ■':-■■

1760 4206 64 22 THE
1841 4205 63 21 BED
1917 4203 111 23 HOUSE.
2051 4203 40 20 109
2100 4203 105 22 Colombo
2215 4203 69 24 Street

1925 4230 81 21 JOHN
2020 4229 129 22 WILSON.

1789 4259 123 22 Furniture
1921 4256 101 27 Bought,
2035 4255 51 22 sold
2108 4262 26 14 or
2160 4257 124 28 exchanged

1764 4287 63 21 Sales
1842 4283 112 24 attended
1961 4290 29 14 on
2000 4282 149 23 commission.
2161 4304 4 4 .
2222 4302 3 4 ,

1194 993 175 44 JOHN
1440 993 291 53 INGRAM,

1223 1054 484 33 .attctiojstee:r

1196 1101 105 24 LICENCED
1322 1101 56 24 LAND
1390 1101 92 28 BROKER,
1498 1101 123 27 VALUATOR,
1638 1101 93 27 ESTATE,

1210 1131 131 28 INSURANCE,
1352 1132 15 24 &
1377 1132 100 24 GENERAL
1487 1132 140 24 COMMISSION
1637 1131 80 25 AGENT.

1194 1166 66 25 Agent
1266 1167 37 25 for
1313 1167 33 19 the
1355 1167 103 19 National
1468 1168 112 18 Insurance
1592 1166 103 26 Company
1710 1171 23 19 of

1371 1199 50 19 New
1436 1199 101 20 Zealand.

1218 1230 169 31 OXFORD
1411 1233 28 26 &
1464 1230 251 31 SHEFFIELD.

1364 1286 50 3 —
1418 1279 59 17 _^,

1195 1303 148 26 Fortnightly
1353 1303 97 21 Auction
1461 1304 63 20 Sales
1534 1303 54 21 held
1597 1303 24 20 m
1627 1303 40 21 the
1675 1303 56 21 Mar-

1196 1338 39 20 ket
1244 1338 75 19 Yards
1329 1338 129 23 OXFORD,
1470 1345 68 18 every
1547 1337 82 20 second
1648 1337 84 20 Thurs-

1191 1366 54 27 |day.
1261 1370 108 24 Monthly
1379 1370 64 19 Sales
1453 1370 54 19 held
1517 1369 25 19 at
1552 1369 88 19 Market
1649 1369 82 23 Yards,

1197 1400 178 20 SHEFFIELD.
1438 1400 93 20 Private
1550 1400 99 20 Auction
1670 1400 63 20 Sales

1195 1432 141 20 uncjorlal.cn
1346 1439 46 19 any
1401 1433 53 25 part
1465 1432 23 21 of
1498 1432 39 21 the
1548 1432 103 26 country.
1678 1432 53 20 Pro-

1194 1465 64 24 perty
1270 1465 100 25 Bought,
1380 1464 59 22 Sold,
1450 1470 25 14 or
1484 1464 48 20 Let.
1545 1463 53 21 and'
1598 1463 133 21 Valuations

1195 1499 108 25 carefully
1314 1499 72 20 iii.ulc.
1418 1499 64 20 Land
1492 1498 104 26 Brought
1606 1498 72 21 under
1691 1498 41 21 the

1194 1533 106 19 Tr.-ius'er
1309 1534 50 21 AcV,
1390 1533 125 23 Transfers,
1531 1533 89 23 Leases,
1634 1532 17 19 &
1658 1532 73 20 Deeds

1195 1564 21 21 of
1227 1565 132 25 Mortya-ges
1375 1564 74 21 d:\-vn
1460 1571 37 19 up.
1536 1563 84 27 Money
1629 1563 104 21 invested

1196 1596 45 20 and
1251 1597 107 19 obtained
1369 1597 33 20 for
1412 1596 86 20 Clienls
1507 1602 29 14 on
1546 1595 128 26 Mortgage.
1695 1594 38 21 In-

1228 1635 94 14 simvueo
1341 1628 96 21 effected
1454 1635 28 14 on
1492 1628 125 26 Buildings
1627 1627 24 20 of
1660 1634 45 19 any

1271 1661 143 26 description,
1425 1661 45 20 and
1480 1660 62 21 their
1552 1660 110 20 contents.

1197 1698 57 19 HAS
1269 1698 57 19 FOli
1340 1698 71 19 SALE
1428 1698 38 18 BY
1483 1697 65 20 P±UV
1553 1697 53 18 A.TJE
1621 1696 111 19 TIIBAT*

1225 1734 17 19 A
1252 1734 56 23 good
1326 1734 156 25 Agricultural
1492 1733 44 21 and
1546 1733 103 19 Pastoral
1666 1733 68 19 Farm

1196 1766 130 23 containing
1336 1767 40 18 522
1386 1772 62 14 acres
1458 1766 19 19 F
1480 1771 35 15 reo
1517 1765 54 20 hold.
1578 1765 16 19 &
1601 1766 41 19 210
1655 1765 78 20 Lease-

1197 1799 52 20 hold
1259 1801 25 19 at
1292 1799 64 21 View
1366 1799 50 19 Hill
1426 1799 152 21 devidodinto
1589 1800 26 18 12
1620 1798 114 27 paddocks

1197 1833 49 20 well
1256 1834 99 19 watered
1363 1834 79 19 within
1453 1833 27 25 4^
1491 1833 64 20 miles
1565 1832 58 21 from
1633 1832 101 26 Railway

1197 1865 96 24 Station,
1310 1865 139 21 substantial
1470 1867 11 18 5
1492 1865 91 20 roomed
1602 1865 74 19 House
1695 1870 39 14 sur

1197 1899 101 20 rounded
1310 1899 31 26 by
1350 1906 14 13 a
1373 1899 50 20 nice
1432 1898 138 26 plantation,
1580 1898 65 26 large
1656 1898 78 20 Stable

1197 1933 44 19 and
1251 1933 108 20 outsheda
1369 1933 94 19 thereon
1464 1944 27 3 —
1491 1933 62 25 price
1564 1938 54 19 very
1627 1932 48 19 low.

1294 1971 33 20 On
1338 1971 91 20 account
1440 1971 21 19 of
1472 1971 35 19 Mr
1522 1970 124 20 Allpress.

1225 2014 40 20 His
1275 2020 51 21 very
1395 2014 113 20 residence
1519 2013 97 26 opposite
1628 2013 37 20 the
1679 2013 57 19 Par-

1197 2052 81 19 sonage
1286 2047 57 20 East
1347 2046 85 21 Oxford
1438 2046 35 21 for
1480 2046 46 21 sale
1536 2051 56 21 vary
1599 2045 77 26 cheap,
1686 2044 50 21 half

1197 2084 50 14 acre
1257 2078 23 20 of
1289 2079 62 24 land,
1361 2079 57 24 good
1428 2079 92 26 garden.
1735 2084 2 26 j

1260 2116 35 20 On
1305 2117 97 19 account
1413 2115 21 21 of
1444 2116 41 19 Mr
1495 2116 77 20 James
1586 2114 94 21 Fisher.

1224 2150 14 19 4
1242 2156 63 14 acres
1315 2150 22 20 of
1355 2150 56 20 land
1430 2150 107 25 dwelling
1556 2148 70 21 house
1639 2148 96 21 thereon

1199 2183 63 24 quite
1272 2189 14 13 a
1296 2183 104 25 bargain.

1254 2230 34 20 On
1298 2231 96 19 account
1401 2230 24 19 of
1434 2230 37 19 Mr
1481 2229 104 20 William
1592 2229 90 20 Neithe.

1226 2277 43 20 His
1278 2277 51 21 nice
1338 2277 62 20 little
1413 2277 96 26 grazing
1528 2277 69 19 Farm
1606 2275 22 21 of
1637 2276 27 20 40
1674 2282 62 14 acres

1198 2314 56 21 with
1264 2315 58 25 good
1332 2315 35 20 six
1377 2314 91 21 roomed
1484 2314 69 21 house
1566 2314 8 26 (
1581 2314 79 26 nearly
1669 2321 50 14 new
1726 2314 8 28 )

1199 2352 44 21 and
1252 2353 64 25 large
1324 2353 61 20 Shed
1395 2353 46 20 and
1451 2352 89 21 Stables
1546 2352 100 20 thereon.
1675 2352 61 20 Well

1198 2391 94 25 grassed
1302 2391 46 20 and
1354 2390 51 21 well
1413 2390 104 21 watered.
1548 2389 105 21 Situated
1660 2395 29 14 on
1696 2389 40 20 the

1199 2429 49 25 Bay
1265 2429 64 19 Road
1352 2428 81 20 Avithin
1457 2434 54 20 easy
1535 2428 102 20 distance
1656 2427 23 20 of
1697 2427 39 20 the

1199 2466 125 25 Creamery.
1363 2465 65 20 Price
1439 2471 55 20 very
1504 2465 122 19 moderate.

1289 2510 36 20 On
1334 2510 98 20 account
1442 2509 23 20 of
1474 2510 38 20 Mr
1520 2509 35 20 W.
1566 2509 79 20 Munn.

1225 2552 43 20 His
1288 2551 60 27 Shop
1367 2552 46 21 and
1430 2552 128 26 I>e\velling
1577 2550 77 23 House
1680 2552 56 21 with

1198 2589 48 21 half
1255 2596 50 14 acre
1315 2590 21 20 of
1345 2589 55 21 land
1410 2596 29 14 on
1457 2590 39 20 the
1508 2589 95 21 Terrace
1613 2590 66 20 West
1691 2589 45 21 Ox-

1198 2627 56 21 ford.
1284 2627 20 20 A
1315 2627 48 21 real
1371 2627 103 27 bargain.

1262 2672 35 21 On
1306 2673 96 20 account
1413 2672 24 21 of
1446 2673 38 20 Mr
1493 2673 28 20 D.
1535 2672 135 26 Thompson.

1191 2717 3 25 j
1226 2714 9 20 1
1247 2721 51 14 acre
1308 2714 23 21 of
1340 2715 66 20 Land
1415 2715 55 20 with
1489 2715 98 25 Cottage
1597 2714 96 21 thereon
1712 2714 24 20 m

1199 2751 90 20 Clmrch
1299 2752 74 19 Street
1382 2758 50 13 now
1441 2752 25 19 m
1476 2752 133 25 occupation
1619 2751 23 20 of
1651 2752 37 19 Mr
1698 2751 36 20 W.

1200 2788 105 20 Osborne.

1225 2831 132 20 WANTED
1373 2831 24 20 to
1407 2831 71 20 Lease
1488 2837 14 14 a
1512 2830 66 21 small
1587 2830 73 27 Dairy
1669 2831 67 20 Farm

1199 2865 59 20 from
1266 2865 28 19 40
1303 2864 24 20 to
1341 2864 40 19 100
1385 2869 69 15 acres.

1202 2907 12 12 •
1230 2897 44 19 For
1287 2895 137 27 particulars
1439 2895 71 26 apply
1524 2896 24 19 to

1204 2949 188 33 JOHN
1425 2947 309 34 INGRAM

1256 3039 261 28 CALEDONIAN
1534 3039 146 26 HOUSE.

1199 3104 219 44 JAMES

1280 3159 83 26 BOOT,
1381 3159 85 26 SHOE.
1483 3159 25 26 &
1523 3158 126 27 SLIPPER

1332 3191 264 29 Manufacturer.

1301 3236 118 31 WEST
1453 3235 182 32 OXFORD.

1200 3288 47 21 Has
1258 3293 30 16 on
1296 3287 63 21 hand
1368 3293 13 14 a
1390 3287 105 27 splendid
1503 3286 133 21 assortment
1642 3285 24 22 of
1671 3286 65 20 Boots

1200 3321 44 19 and
1255 3319 70 21 Shoes
1334 3319 67 20 made
1421 3325 30 13 on
1459 3319 40 20 the
1508 3318 107 26 premises
1635 3319 25 19 at
1669 3318 67 25 prices

1200 3350 52 20 that
1262 3350 53 26 defy
1324 3350 153 25 competition.
1505 3349 62 25 Boys
1574 3349 81 21 School
1663 3349 73 24 Boots,

1199 3382 58 21 back
1267 3388 72 14 seams
1348 3382 47 20 and
1404 3382 63 19 front
1476 3380 64 21 hand
1547 3385 67 19 sewn,
1622 3380 84 21 cannot
1712 3380 24 21 be

1200 3414 127 25 surpassed.
1359 3413 69 21 Men's
1437 3413 50 21 best
1493 3412 151 26 watertights,
1654 3412 82 26 pegged

1200 3446 50 26 15/-.
1289 3446 101 26 Bespoke
1413 3444 142 27 department
1578 3443 106 24 carefully
1707 3443 29 19 at-

1199 3477 69 21 tende
1299 3478 30 19 to.
1359 3478 40 19 Fit
1417 3476 47 21 and
1481 3474 172 27 Workmanship
1672 3474 64 20 Guar-

1199 3508 88 22 anteed.
1315 3500 94 34 [Repairs
1418 3507 78 25 neatly
1506 3506 47 22 and
1560 3505 115 28 promptly
1684 3505 52 21 done

1199 3542 26 21 at
1232 3541 133 22 reasonable
1373 3540 74 27 prices

1211 3595 92 21 Branch
1315 3593 184 23 Establishment
1505 3601 6 12 :
1526 3592 60 21 Near
1604 3591 69 22 Town
1682 3590 54 21 Hall

1389 3622 58 20 Eißt
1456 3619 93 22 Oxford.

1253 3700 76 37 GK
1383 3699 316 43 SMITH,

1204 3759 88 44 ZINC,
1315 3758 70 40 TIN,
1409 3759 65 37 AND
1498 3758 116 38 SHEET,
1640 3757 96 38 STEEL

1411 3822 139 23 WOBKER

1240 3860 89 40 High
1352 3860 113 38 Street,
1487 3859 81 30 East
1590 3858 127 31 Oxford.

1207 3960 40 24 All
1259 3960 73 24 kinds
1343 3960 29 24 of
1386 3960 97 31 Pumps
1494 3958 78 25 Fixed
1583 3960 24 22 &
1623 3958 113 31 Repaired

1322 4004 28 23 at
1361 4002 45 25 the
1419 4002 111 25 shortest
1541 4001 92 25 notice.

1207 4063 224 58 ROBERT
1513 4062 223 71 FISHER,

1242 4140 179 27 GENERAL
1447 4138 266 28 STOREKEEPER

1207 4188 98 45 Teas,
1345 4184 135 46 Coffees,
1517 4184 130 45 Cocoas,
1679 4194 57 29 anc

1312 4233 146 40 General
1480 4232 185 39 Groceries-

1254 4283 155 33 ;WEST
1472 4281 226 33 OXFORD.

195 1371 104 89 J,
398 1361 615 87 LOUGH,

161 1491 165 28 BUILDER,
372 1487 244 29 UNDERTAKER,
666 1482 272 28 WHEELWRIGHT
974 1481 74 25 ETC.

39 1563 205 66 WISHES
262 1566 24 21 to
311 1562 75 30 notify
409 1562 25 23 to
457 1562 40 22 the
514 1560 80 31 public
611 1561 52 23 that
687 1558 32 24 be
740 1557 20 24 is
773 1556 129 32 appointed
923 1556 81 31 Agent
1020 1554 38 24 for
1076 1554 39 24 tbe

31 1651 260 45 WALTER
311 1652 55 52 A.
389 1650 228 45 WOOD'S
640 1649 241 44 Reapers
898 1646 33 42 &
952 1646 232 56 Binders;

261 1748 216 44 Mowers
510 1747 99 43 and
640 1745 182 44 Rakes.
1183 1736 2 78 j

152 1846 59 19 ALL
239 1843 118 21 EXTRAS
385 1842 58 21 FOR
471 1840 97 22 THESE
595 1837 158 23 MACHINES
781 1837 81 20 KEPT
889 1837 34 20 IN
954 1834 100 22 STOCK.
1183 1830 2 14 !

30 1924 52 24 also
94 1923 40 24 W.
148 1923 30 23 A.
191 1923 101 23 Wood's
305 1921 90 23 Binder
408 1921 83 23 Twine
503 1919 50 24 and
565 1919 41 29 oil,
619 1917 137 28 Valvoluje,
770 1916 95 27 Castor,
877 1915 88 24 Boiled
973 1915 21 22 &
1004 1914 61 23 Raw
1074 1910 108 26 Linseed

32 1966 47 31 Oil,
96 1966 120 30 Building
233 1963 128 26 Materials
383 1963 50 24 and
455 1963 179 30 Ironmongery
655 1960 25 25 of
698 1968 70 23 every
786 1958 151 32 description
950 1959 26 23 at
997 1957 96 25 Lowest
1105 1955 77 25 Rate?

528 2004 80 32 Agent
624 2004 38 25 for
1001 2013 3 3 •
1183 2010 2 29 j

274 2062 62 20 THE
364 2061 204 20 MANCHESTER
595 2057 176 24 INSURANCE
799 2056 153 21 COMPANY.

370 2217 14 12 ,
439 2204 57 23 O«
538 2199 163 27 WWW
716 2194 59 29 £&»
792 2211 14 19 9

561 2247 43 19 The
623 2244 93 26 People's
733 2244 96 24 Chemist,

669 2288 92 25 Cashel
776 2289 97 32 Street,

856 2328 281 27 CHRISTCHURCH.

724 2385 128 31 (Opposite
864 2384 43 24 tbe
928 2384 56 23 A.I.
999 2384 88 31 Hotel)

42 2464 11 18 1
69 2463 53 19 have
132 2462 96 25 pleasure
238 2461 23 20 m
272 2460 105 25 thanking
387 2465 36 19 my
433 2458 80 21 friends
521 2458 43 20 and
574 2457 122 26 supporters
707 2455 34 19 for
751 2455 36 19 the
797 2454 122 20 confidence
929 2453 43 20 and
990 2460 51 18 very
1050 2453 73 19 liberal
1134 2453 50 25 pat-

33 2505 78 19 ronage
128 2498 70 20 which
208 2498 40 20 has
258 2497 51 21 been
317 2496 102 20 extended
429 2497 20 19 to
458 2502 33 14 me
498 2496 33 19 for
542 2495 35 20 the
587 2495 48 25 past
646 2498 67 20 years,
723 2492 12 20 I
745 2493 55 19 trust
810 2492 48 19 that
867 2491 13 20 I
889 2491 57 20 shall
953 2490 63 21 merit
1025 2490 37 20 the
1072 2489 112 21 continued

32 2538 116 24 patronage
158 2536 22 19 of
189 2542 36 18 my
235 2534 80 20 friends
325 2533 43 20 and
378 2533 35 19 the
423 2533 71 25 public
502 2533 114 24 generally,
643 2530 83 24 During
736 2530 37 19 the
782 2535 60 18 years
851 2529 12 18 I
877 2528 54 19 have
940 2528 52 19 been
1001 2528 23 19 m
1033 2526 151 21 Christchurch

32 2574 53 20 have
95 2573 113 25 dispensed
214 2579 65 19 many
288 2570 118 21 thousands
416 2571 21 19 of
448 2570 151 26 prescriptions
609 2568 43 21 and
662 2566 138 25 successfully
810 2566 80 19 treated
902 2565 79 20 several
990 2564 121 21 thousands
1122 2563 21 20 of
1150 2569 34 19 my

30 2612 101 26 patients.
142 2611 12 20 I
163 2617 36 14 am
208 2610 53 24 fully
272 2607 126 26 acquainted
408 2608 50 19 with
469 2607 36 20 the
510 2606 96 21 business
614 2606 22 20 m
644 2605 28 20 ah
679 2605 28 20 its
716 2603 111 24 branches,
839 2602 42 21 and
891 2602 18 20 it
913 2602 60 27 ismy
978 2601 120 21 endeavour
1109 2600 75 25 always

29 2651 24 18 to
65 2648 120 26 personally
200 2646 74 21 attend
293 2648 22 17 to
326 2646 33 19 the
377 2645 152 24 requirements
540 2644 43 20 and
592 2643 73 21 obtain
678 2642 35 20 the
724 2639 121 21 confidence
860 2631 24 28 6f
903 2639 29 20 all
950 2639 48 20 who
1018 2638 74 25 kindly
1111 2637 73 20 favour

30 2693 35 14 me
81 2686 52 20 with
143 2685 56 20 their
209 2685 123 24 patronage.

67 2725 64 21 TRY
151 2725 49 20 MY
221 2723 93 22 CURE
333 2723 63 19 FOR
415 2721 64 21 ALL
497 2720 107 20 KINDS
620 2719 43 21 OF
679 2718 82 21 SKIN
791 2717 175 21 DJSEASE—

131 2760 12 19 I
154 2765 35 14 am
200 2758 135 24 exceedingly
345 2756 114 20 successful
472 2756 23 19 m
507 2761 35 18 my
548 2755 101 19 remedies
660 2754 32 19 for
703 2752 44 20 this
755 2752 126 25 complaint,
891 2751 54 20 have
956 2758 12 12 a
973 2751 59 24 large
1050 2749 90 21 number
1151 2749 24 23 of

190 2793 151 22 testimonials.

29 2836 64 21 TRY
106 2836 49 19 MY
174 2835 75 20 NEW
268 2832 143 21 REMEDY
431 2831 63 21 FOR
514 2831 97 19 LIVER
624 2827 224 23 COMPLAINTS
865 2827 69 20 AND
949 2826 235 23 INDIGESTION.

151 2859 114 21 Hundreds
276 2859 22 19 of
308 2863 35 19 my
354 2857 94 25 patients
458 2856 54 20 have
524 2855 78 26 proved
611 2854 18 20 it
639 2853 75 25 highly
730 2852 144 25 satisfactory.

180 2895 81 31 Large
275 2893 75 26 Stock
368 2892 27 24 of
404 2892 34 24 all
451 2892 71 23 kinds
535 2892 24 23 of
571 2891 89 23 Pcitont
682 2889 135 24 Medicines
841 2890 26 22 at
896 2888 71 24 Store
984 2888 93 23 Prices.

199 2935 21 23 A
232 2932 127 33 complete.
375 2932 150 24 Assortment,
545 2930 26 24 of
591 2928 178 31 Homcepatbic
797 2928 141 23 Medicines.

105 2980 43 25 All
166 2978 127 26 DRUGS
310 2974 192 27 Guaranteed
521 2974 85 31 Pure,
623 2972 75 26 Best
720 2970 130 35 Quality,
870 2970 56 25 and
944 2972 119 23 Lowest
1090 2968 82 26 Price

164 3024 76 24 PBE
242 3020 136 26 SCRIPT
377 3019 90 26 IONS
484 3019 120 31 carefully
622 3017 50 24 and
692 3016 113 30 correctly
829 3015 134 31 dispensed.

337 3058 615 39 CONSULTATIONS
990 3057 194 33 FRJKIC

431 3106 115 31 JOHN
569 3105 29 30 S.
625 3104 146 35 COOKE,

382 3156 144 33 Registered
561 3154 210 26 Pbarrnacentical
789 3153 120 28 Cbemist,

725 3192 111 26 Cashel
863 3193 117 31 Street,

857 3227 280 27 OHRISTCHURCH.

185 3335 116 84 A.
368 3330 88 86 J.
561 3307 500 114 WHITE,'

177 3459 391 49 FURNISHING
677 3453 393 47 WAREHOUSE

409 3553 489 51 CHRISTCHURCH.

40 3652 26 26 Is
84 3652 45 25 tbe
154 3651 81 34 depot
254 3650 87 25 where
366 3655 54 26 you
445 3654 50 18 can
517 3653 44 18 see
582 3645 46 25 the
649 3643 111 34 Largest
789 3642 83 27 Stock
898 3641 30 26 m
960 3641 70 26 New
1074 3638 110 28 Zealand

447 3698 28 26 of
494 3697 38 26 all
552 3697 80 26 kinds
644 3695 43 27 of:
688 3709 37 5 —

38 3753 283 54 CARPETS,
365 3746 443 54 FLOORCLOTHS,
830 3743 354 46 LINOLEUMS

125 3842 207 52 CHINA,
366 3839 202 53 GLASS,
611 3836 494 54 EARTHENWARE,

387 3933 358 46 FURNITURE
777 3935 82 42 &c.

40 4035 53 44 at
136 4030 54 45 A.
232 4029 41 46 J.
303 4028 129 45 W7S
489 4039 105 33 you
646 4037 103 33 can
798 4037 213 33 depend
1061 4034 123 33 upon

42 4120 106 35 THE
180 4117 129 35 BEST
341 4115 164 34 GOODS
536 4115 68 32 AT
635 4112 108 32 THE
775 4111 214 35 LOWEST
1010 4111 174 33 PRICES

96 4186 171 46 Steam
287 4181 213 45 Cabinet
521 4180 101 44 and
640 4176 307 57 Upholstery
964 4177 192 44 Works

362 4258 80 43 St.
479 4255 179 46 Asaph
688 4254 218 43 Street.

67 61 25 26 0
122 77 21 14 zn

65 91 26 31 o
121 92 21 32 a

63 176 78 55 *1
176 197 23 25 «
238 176 26 44 3

62 229 26 20 r>
119 218 21 31 E3
174 226 24 15 «
237 222 26 21 i*«

61 263 26 31 J
118 268 20 19 H
181 277 17 19 as
237 270 25 21 o

119 353 20 21 fc
191 365 6 6 .
236 350 25 21 <

118 376 21 17 o
174 374 23 26 3
235 374 43 22 H-.

60 406 26 30 ft
117 414 21 17 O
173 404 23 14 «
236 414 25 16 02

60 439 26 27 fa
118 433 21 16 °
190 453 6 6 •
235 440 25 25 W

60 559 24 30 y.
116 565 20 18 *
169 551 26 42 I

60 584 76 52 g3
232 584 25 43 §

60 683 22 29 H
113 673 21 44 %

60 717 22 24 w
