3540 4550
2030 2611 127 25 DEATH.

1856 2664 114 30 Weight,
1972 2679 33 4 —
2007 2664 177 26 Christchurch
2233 2667 124 30 Hospital,

1822 2707 57 30 May
1892 2707 53 28 3rd,
1959 2707 94 24 Eobert
2064 2708 87 31 Henry
2159 2709 108 31 Wright,
2281 2709 76 24 eldest

1820 2756 45 18 son
1878 2749 26 24 of
1914 2749 71 24 Peter
1998 2750 102 31 Wright
2123 2751 26 24 of
2167 2751 64 25 East
2256 2749 100 32 Oxffcrd,

1820 2792 63 31 aged
1897 2793 33 24 20
1947 2800 78 23 years.

1837 2941 74 48 The
1936 2941 148 48 Oxford
2109 2941 222 48 Observer.

1837 3056 262 18 PUBLISHED
2128 3056 203 18 WEEKLY.

1841 3142 167 21 SATURDAY
2057 3144 68 20 MAY
2161 3144 26 21 12
2197 3151 40 19 th,
2272 3146 59 19 1894.

1870 3292 173 32 OXFORD
2074 3294 231 33 SLEEPERS.

1843 3424 3 3 ,
1859 3394 64 31 The
1951 3396 81 30 blow
2060 3398 142 30 received
2231 3403 32 26 to
2300 3400 55 31 the

1818 3436 88 31 trade
1916 3436 33 31 of
1964 3436 122 31 Oxford
2096 3438 42 41 by
2147 3438 55 31 the
2215 3439 139 32 Grovern-

1817 3480 87 26 ment
1918 3478 158 38 declining
2103 3482 42 25 to*
2165 3484 109 35 accept
2300 3482 54 29 the

1819 3516 126 40 Sleeper
1957 3518 127 30 tenders
2098 3528 131 30 appears
2239 3523 35 28 at
2284 3520 70 31 first

1818 3557 83 40 sight
1910 3568 19 19 a
1938 3558 100 40 heavy
2047 3568 68 28 one,
2124 3560 58 30 but
2191 3569 40 21 on
2240 3562 114 30 second

1820 3598 159 40 thoughts,
1995 3599 86 31 what
2107 3600 78 31 with
2213 3603 139 31 commis-

1818 3639 92 36 sions,
1926 3640 155 39 royalties,
2096 3641 75 40 long
2181 3645 98 28 trams
2291 3644 61 30 and

1818 3680 166 38 expensive
1997 3681 190 41 machinery,
2196 3683 89 31 there
2295 3685 57 30 has

1818 3723 55 27 not
1886 3718 79 33 Been
1983 3721 94 30 much
2090 3722 33 30 m
2137 3723 34 34 it.
2191 3723 50 30 for
2269 3734 84 21 some

1818 3770 90 29 years
1917 3764 80 36 past.
2038 3761 59 32 We
2105 3763 80 31 have
2193 3768 55 26 not
2256 3765 97 30 heard

1816 3801 51 30 for
1880 3812 19 19 a
1912 3801 73 40 long
1998 3802 76 30 time
2088 3803 36 29 of
2133 3813 19 19 a
2181 3804 172 32 Sawmiller

1817 3841 130 40 retiring
1961 3853 42 19 on
2012 3843 50 31 his
2075 3843 114 31 laurels
2200 3845 63 30 and
2278 3856 73 20 run-

1816 3881 78 40 ning
1916 3893 75 19 over
2015 3893 19 20 a
2060 3883 55 31 list
2140 3885 33 29 of
2200 3886 61 30 100
2289 3896 62 29 em,-

1816 3922 124 40 ployees
1950 3923 102 32 whom
2066 3935 46 20 we
2126 3925 80 31 have
2225 3926 126 37 known,

1815 3973 47 21 we
1871 3966 114 28 cannot
1996 3964 142 33 discover
2147 3976 59 20 one
2213 3963 70 35 who
2292 3967 58 32 has

1815 4005 94 30 saved
1924 4005 124 40 enough
2062 4009 55 27 out
2130 4006 34 30 of
2177 4006 49 32 his
2250 4017 109 31 wages,

1815 4048 33 28 to
1870 4045 154 41 purchase
2050 4046 61 32 five
2133 4057 87 22 acres
2248 4049 63 31 and
2331 4060 20 20 a
2354 4051 5 12 5

1816 4096 84 21 cow.-
1920 4086 2 3 '
1932 4097 6 14 *
2044 4090 5 21 i
2067 4093 162 21 ;.-■-;*;.
2241 4095 5 17 i
2260 4105 2 1 •

1857 4126 73 32 Itas
1938 4137 47 21 we
1994 4130 134 36 suspect,
2139 4139 20 20 a
2167 4130 82 39 good
2256 4141 95 30 many

1928 4178 53 20 are
1996 4168 122 31 thrown
2146 4173 57 32 out
2211 4199 7 4 -
2223 4172 44 29 i©f
2290 4181 60 20 em-

1815 4207 161 40 plpyment
2113 4208 80 33 shall
2238 4211 112 40 deeply

1815 4245 189 42 sympathise
2024 4248 80 31 with
2116 4248 86 32 them
2211 4252 62 29 and
2287 4252 62 29 sin-

1815 4288 104 42 cerely
1933 4287 92 41 ■hope
2050 4287 93 33 thaV
2149 4299 93 23 some;
2261 4291 99 36 otHeju

1816 4339 107 21 source
1937 4330 34 29 of
1980 4330 120 30 income
2119 4331 66 30 will
2199 4342 81 29 open
2280 4337 70 33 ;out

1815 4371 33 28 to
1863 4369 80 40 keep
1956 4369 55 31 the
2022 4370 75 31 wolf
2104 4370 84 31 from
2197 4372 55 31 the
2265 4372 83 31 door.

1883 4409 102 31 notice
1992 4410 45 39 by
2051 4410 54 30 the
2119 4421 70 30 way
2206 4412 72 31 that
2291 4421 59 22 one

1817 4450 67 31 mill
1896 4450 56 31 has
1968 4450 76 31 been
2058 4451 176 32 advertised
2250 4457 34 27 to
2305 4454 46 31 let

2374 202 63 29 and
2452 211 18 19 a
2497 201 142 28 footnote
2663 199 151 30 indicates
2841 198 72 30 that

2374 242 54 29 the
2437 241 178 39 proprietor
2624 238 103 32 would
2741 240 39 29 be
2794 239 119 39 willing

2376 287 32 28 to
2422 285 82 27 treat
2521 281 73 30 with
2608 291 73 19 men
2697 280 70 31 who
2777 291 52 20 are
2838 280 74 31 will-

2375 324 55 38 ing
2444 326 33 26 to
2487 322 87 29 work
2585 332 40 19 on.
2634 322 52 29 the
2699 321 212 39 co-operative

2377 363 161 39 principle.
2596 361 57 30 We
2667 362 64 29 hail
2753 361 63 30 this
2838 372 33 19 as
2895 372 18 19 a

2378 404 80 39 good
2473 404 67 38 sign
2560 402 74 40 (viz)
2664 403 69 28 that
2756 402 87 30 there
2857 412 53 20 are

2377 454 71 20 men
2465 444 68 29 who
2548 453 52 20 are
2624 443 119 38 willing
2778 445 33 28 to
2839 443 73 39 give

2380 484 155 30 workmen
2550 494 94 28 every
2660 484 204 38 opportunity
2880 484 34 28 of

2378 524 127 37 helping
2532 523 198 29 themselves.
2789 522 125 30 Timber

2380 564 63 29 will
2457 564 114 37 always
2587 563 37 29 be
2638 562 33 30 m
2686 562 138 38 demand,
2857 563 56 30 but

2380 605 33 27 of
2427 614 107 19 course
2548 603 201 29 fluctuations
2765 606 84 26 must
2878 605 37 28 be

2381 644 147 40 expected
2544 644 31 28 m
2597 644 72 27 that
2683 644 88 28 trade
2786 654 33 18 as
2845 644 71 29 well

2382 694 33 19 as
2424 693 60 29 any
2500 683 97 30 other.
2641 682 31 30 It
2685 682 28 31 is
2728 693 73 29 easy
2815 686 33 27 to
2865 688 52 35 get

2382 725 142 39 together
2538 734 20 19 a
2571 734 85 30 gang
2670 724 32 29 of
2721 724 82 40 good
2817 724 97 31 work-

2382 776 68 19 men
2467 766 68 29 who
2549 775 58 20 can
2620 766 91 29 boast
2733 766 32 29 of
2789 770 32 25 at
2836 766 79 29 least

2385 816 57 19 one
2458 807 33 28 of
2504 806 53 29 the
2574 809 92 36 party
2687 807 177 39 possessing
2899 817 19 19 a

2382 847 78 39 good
2470 849 47 28 set
2527 847 34 28 of
2568 847 100 30 brains
2675 847 60 29 and
2746 856 83 21 some
2836 858 78 19 com-

2382 887 125 29 mercial
2521 887 181 39 knowledge
2717 888 61 28 and
2787 896 47 21 we
2843 898 71 19 can-

2382 929 56 27 not
2459 926 71 40 help
2558 926 146 40 thinking
2728 928 71 29 that
2820 938 18 19 a
2863 938 53 20 co-

2383 967 155 39 operative
2559 968 129 29 sawmill
2716 968 26 29 is
2778 978 38 19 an
2846 968 72 30 idea

2384 1008 68 28 that
2467 1007 61 29 will
2555 1008 84 29 work
2668 1013 54 24 out
2750 1009 166 38 profitably

2383 1053 32 22 to
2430 1058 62 28 any
2510 1058 84 29 gang
2615 1047 35 30 of
2660 1059 70 18 men
2745 1049 68 29 who
2839 1049 79 30 have

2383 1087 95 40 pluck
2490 1087 123 40 enough
2627 1092 32 26 to
2675 1099 118 29 engage
2821 1089 33 30 m
2882 1089 25 30 it

2425 1127 65 31 The
2498 1129 69 29 idea
2576 1132 32 26 at
2616 1129 68 30 first
2694 1129 84 39 sight
2789 1140 129 29 appears

2383 1170 107 29 rather
2499 1170 173 34 socialistic,
2696 1171 56 28 but
2780 1171 86 29 there
2891 1171 27 29 is

2384 1209 132 39 i-othiag
2531 1220 67 19 new
2610 1209 31 28 m
2653 1210 34 37 it,
2699 1210 172 29 thousands
2886 1211 33 29 of

2385 1249 74 40 gold
2474 1249 106 31 claims
2595 1250 78 30 have
2688 1251 75 29 been
2787 1260 132 21 success-
2926 1250 2 20 J

2384 1291 82 38 fully
2481 1291 125 30 worked
2621 1301 40 20 on
2675 1292 53 29 the
2744 1302 81 20 same
2836 1293 83 38 prin-

2386 1331 78 38 ciple
2474 1332 179 38 employing
2664 1332 112 29 double
2785 1333 53 28 the
2849 1341 70 20 men

2385 1372 70 29 that
2469 1382 19 19 a
2502 1372 129 29 sawmill
2643 1373 137 38 requires
2791 1373 60 29 and
2865 1373 54 29 the

2385 1423 68 19 men
2497 1413 79 29 have
2613 1414 125 28 worked
2776 1414 143 38 together

2389 1453 148 39 amicably
2571 1454 50 28 for
2656 1464 99 29 years,
2792 1454 126 39 sharing

2384 1493 81 29 their
2479 1494 110 39 profits
2604 1494 62 29 and
2676 1495 87 29 when
2780 1505 56 19 one
2860 1494 56 30 has

2385 1535 132 40 drooped
2537 1535 71 30 with
2635 1535 147 36 sickuess,
2808 1536 39 30 he
2862 1536 56 30 has

2385 1576 75 29 been
2475 1577 107 28 tended
2596 1577 61 28 and
2670 1577 136 38 provded
2818 1577 49 29 for
2885 1587 32 19 as

2386 1625 18 19 a
2419 1616 133 29 brother.

2427 1655 99 31 There
2540 1657 26 29 is
2578 1667 18 19 a
2620 1657 106 30 charm
2756 1658 94 30 about
2871 1667 48 20 co-

2385 1698 160 39 operation
2561 1698 100 30 which
2674 1699 176 30 commands
2881 1698 38 30 it-

2385 1740 59 29 self
2476 1742 33 26 to
2538 1750 94 30 every
2660 1740 87 40 right
2775 1740 148 39 thinking

2387 1780 93 29 mind.
2526 1780 97 31 There
2634 1782 39 33 is.
2683 1782 96 29 music
2807 1782 33 28 m
2868 1782 55 29 the

2387 1822 107 29 sound.
2538 1822 33 29 It
2599 1832 106 20 means
2730 1825 33 26 to
2778 1822 88 30 work
2888 1822 32 29 m

2386 1861 121 35 unison,
2522 1862 25 29 it
2562 1872 104 19 means
2681 1866 32 25 to
2738 1863 86 29 work
2848 1863 74 28 both

2385 1902 208 40 individually
2603 1903 61 28 and
2676 1903 193 39 collectively
2874 1903 49 28 for

2387 1943 52 30 the
2456 1954 138 20 common
2622 1945 89 38 good.
2759 1945 32 30 It
2818 1953 105 21 means

2386 1985 32 28 m
2443 1985 88 29 short
2554 1996 17 18 a
2597 1985 162 30 collective
2784 1985 139 30 brother-

2387 2025 78 28 hood
2481 2025 76 29 with
2580 2036 57 19 one
2664 2025 88 30 heart
2778 2026 58 28 and
2867 2036 56 19 one

2387 2065 113 30 motive
2516 2065 61 30 and
2589 2065 25 30 if
2625 2065 164 40 composed
2813 2065 32 30 of
2871 2066 52 29 the

2386 2105 86 40 right
2481 2107 141 29 material
2635 2107 27 29 is
2678 2107 117 30 certain
2808 2107 33 30 of
2856 2117 67 21 suc-

2388 2158 74 19 cess.

2429 2188 122 39 Capital
2563 2189 26 29 is
2604 2189 143 38 required
2761 2189 33 29 of
2819 2198 106 21 course

2387 2229 55 28 but
2457 2232 56 26 not
2528 2239 34 19 so
2578 2230 91 29 much
2699 2240 33 19 as
2758 2230 103 30 would
2889 2231 35 29 be

2386 2269 145 38 required
2547 2269 40 40 by
2603 2280 58 19 one
2689 2270 173 30 individual
2891 2275 32 25 to

2387 2312 79 26 start
2481 2320 39 19 an
2549 2310 145 40 industry
2723 2320 40 20 on
2789 2311 59 32 his.
2854 2321 69 19 own

2386 2350 91 35 hook,
2494 2359 33 21 as
2540 2350 54 30 the
2606 2351 77 38 bit^k
2697 2350 34 30 of
2742 2351 52 29 the
2810 2352 114 38 capital

2387 2390 101 30 would
2498 2391 39 30 be
2551 2392 202 38 represented
2782 2392 42 40 by
2846 2393 77 29 bone

2387 2432 61 30 and
2463 2433 115 30 muscle
2594 2433 60 30 and
2669 2433 85 30 slack
2764 2434 91 30 times
2872 2444 51 20 are

2386 2483 85 20 more
2497 2474 96 40 likely
2614 2477 32 27 to
2671 2474 38 30 be
2724 2474 85 30 tided
2840 2485 81 25 over,

2386 2516 130 29 because
2545 2516 88 29 there
2676 2516 104 29 would
2818 2516 35 29 be
2882 2526 41 19 no

2389 2565 99 29 wages
2504 2566 96 20 screw
2615 2559 58 36 put
2688 2566 47 25 on,
2753 2566 19 20 a
2799 2566 123 30 process

2386 2596 44 40 by
2440 2596 100 31 which
2556 2607 93 30 many
2664 2608 40 19 an
2715 2597 110 30 honest
2853 2597 70 30 boss

2387 2637 57 30 has
2460 2637 75 30 been
2552 2638 172 40 compelled
2737 2641 33 27 to
2786 2638 137 31 sacrifice

2386 2678 49 28 his
2446 2678 81 29 little
2543 2679 115 39 capital
2669 2680 62 28 and
2742 2680 59 38 dry
2811 2690 43 28 up
2869 2680 53 29 the

2387 2728 107 19 source
2508 2718 79 29 from
2612 2719 99 29 which
2737 2719 53 30 the
2813 2720 110 29 labour

2385 2758 80 29 fund
2488 2759 26 29 is
2543 2759 136 30 derived.
2722 2760 65 29 But
2825 2760 95 30 what-

2386 2809 73 19 ever
2503 2799 54 30 the
2621 2803 119 35 system
2789 2801 132 40 adopted

2385 2839 138 29 whether
2532 2839 44 40 by
2590 2840 109 29 labour
2708 2842 211 38 co-operation

2386 2889 34 19 or
2435 2880 239 39 amalgamation
2684 2881 34 29 of
2731 2891 128 26 owners,
2869 2883 52 29 the

2385 2920 118 40 sawing
2516 2921 147 40 industry
2685 2921 114 31 should
2813 2926 56 26 not
2885 2923 36 30 be

2385 2961 129 30 allowed
2542 2965 34 27 to
2596 2963 97 39 lapse,
2727 2964 117 41 merely
2871 2965 49 29 be-

2385 3012 92 20 cause
2491 3003 54 29 the
2581 3003 211 32 Government
2811 3006 108 29 ceased

2384 3043 50 29 for
2448 3053 19 19 a
2480 3044 76 30 time
2579 3048 32 26 to
2639 3045 39 29 be
2713 3055 19 19 a
2756 3049 161 27 customer.

2387 3083 153 31 Sawmills
2554 3085 70 40 paid
2655 3086 106 30 before
2787 3099 19 19 a
2820 3087 99 39 single

2385 3125 119 40 sleeper
2517 3137 65 19 was
2597 3129 55 27 cut
2667 3127 61 30 and
2739 3128 65 30 will
2826 3129 92 39 again

2383 3165 28 29 if
2425 3177 94 19 never
2534 3177 18 19 a
2566 3177 59 20 one
2634 3168 26 29 is
2675 3168 140 30 ordered.

2424 3206 74 30 And
2511 3207 90 30 there
2615 3208 28 30 is
2657 3219 19 19 a
2691 3209 159 30 collateral
2864 3209 54 29 ad-

2383 3249 136 36 vantage
2533 3250 57 26 not
2603 3250 34 28 to
2648 3248 38 30 be
2700 3249 61 29 lost
2777 3250 85 38 sight
2876 3250 40 37 of,

2384 3296 34 20 as
2434 3287 53 30 the
2500 3288 113 30 timber
2627 3298 73 30 crop
2717 3290 27 29 is
2773 3290 146 29 removed

2383 3327 54 31 the
2451 3328 75 30 land
2539 3328 140 33 becomes
2697 3330 143 31 valuable
2867 3331 51 30 for

2383 3369 131 39 grazing
2523 3379 146 31 purposes
2681 3371 61 30 and
2767 3372 60 40 bye
2858 3372 59 31 and

2383 3410 61 38 bye
2459 3410 53 30 the
2526 3413 141 37 stumper
2679 3412 65 31 will
2758 3417 53 35 get
2832 3413 87 30 work

2383 3450 62 30 and
2454 3450 81 31 after
2545 3451 70 31 that
2624 3452 53 31 the
2688 3452 230 40 plough-teams

2385 3490 63 30 will
2460 3490 39 30 be
2514 3501 73 20 seen
2600 3493 139 39 winding
2752 3493 84 30 their
2848 3504 71 30 way

2382 3530 101 31 round
2498 3531 89 31 those
2596 3532 69 31 rich
2676 3533 70 40 clay
2751 3543 92 30 spurs
2857 3535 62 29 and

2381 3570 117 41 golden
2509 3572 91 40 grain
2612 3572 64 32 will
2686 3574 40 31 be
2736 3583 73 22 seen
2818 3575 100 37 there,

2381 3622 36 20 as
2431 3612 71 31 well
2516 3624 33 19 as
2563 3615 55 29 the
2625 3615 117 40 golden
2749 3615 93 32 fleece
2857 3617 62 29 and

2382 3653 82 39 good
2477 3653 96 31 milch
2587 3665 73 20 cow.

2422 3694 59 29 We
2491 3695 150 30 conclude
2651 3697 44 39 by
2705 3697 135 40 wishing
2852 3707 67 21 suc-

2381 3742 66 23 cess
2461 3737 34 28 to
2509 3744 59 21 our
2576 3736 81 30 mills
2667 3737 63 30 and
2740 3747 59 21 our
2811 3738 107 31 future

2380 3774 136 39 graziers
2524 3776 63 29 and
2600 3776 134 32 farmers
2760 3788 41 20 on
2828 3779 91 31 those

2379 3814 128 30 fruitful
2547 3815 81 30 hills.

2379 3987 262 27 WAIMAKARIRI-
2643 3990 142 27 ASHLEY
2792 3993 127 26 WATER

2507 4025 134 28 SUPPLY
2663 4028 131 27 BOARD.

2371 4117 7 22 i.
2412 4117 23 25 A
2445 4117 113 33 meeting
2567 4118 28 26 of
2604 4115 44 29 the'
2662 4118 82 29 abov^
2752 4116 94 32 ißoara
2867 4130 51 19 was

2377 4159 60 25 held
2470 4163 26 22 at
2518 4160 128 33 Eangiora
2660 4182 3 7 «
2680 4163 116 34 Tuesday
2808 4174 7 22 ;
2848 4174 69 24 pres-

2378 4195 177 27 ent—^Messrs'
2560 4195 29 28 t;
2595 4193 160 33 #Hallbran
2760 4203 157 33 ?(cHairinan)
2919 4205 5 15 :

2378 4233 36 24 M.
2432 4233 92 31 Dixon,
2536 4234 26 25 J.
2580 4235 80 26 Wolff
2668 4238 51 24 and
2737 4238 27 26 8.
2782 4239 134 33 Heywood.

2378 4273 60 28 The,
2444 4266 240 36 OhairmanUtafea*
2691 4261 133 43 &rM/
2829 4274 58 32 <Dix
2887 4274 29 32 6n
2916 4279 9 14 s

2368 4313 59 34 ?ffn7d
2427 4316 10 11 a
2433 4313 182 39 £e^w^^^

2378 4353 82 26 advice
2468 4376 4 8 ,
2471 4360 29 18 as
2510 4356 28 30 fa.
2549 4355 42 24 the
2601 4355 57 34 bfiaji
2665 4363 88 19 means
2761 4358 28 24 of
2799 4349 118 42 stopping

2378 4391 36 26 all
2423 4384 159 40 proceedings
2593 4393 27 25 m
2631 4395 149 27 connection
2802 4397 59 26 with
2874 4398 42 25 the

2378 4429 70 26 Eock
2469 4429 67 27 Ford
2547 4430 129 34 irrigation
2698 4433 108 31 scheme,
2829 4435 51 25 and
2891 4435 28 26 of

2378 4469 110 32 meeting
2498 4469 127 27 liabilities
2637 4473 26 24 at
2677 4476 99 28 present
2799 4475 116 30 existing.

2942 192 68 26 After
3021 193 137 34 discussing
3170 196 42 24 the
3229 198 92 22 matter
3344 197 41 23 Mr
3405 196 69 24 Oow-

2940 231 87 25 lishaw
3038 231 48 25 had
3099 233 129 31 suggested
3239 234 54 25 that
3309 235 44 24 the
3375 238 100 28 present

2941 270 108 31 meeting
3059 270 89 26 should
3160 271 29 25 be
3212 271 135 32 adjourned
3368 273 39 25 for
3429 281 45 18 an-

2940 307 73 24 other
3023 310 77 27 week,
3112 310 48 24 and
3172 310 27 24 m
3222 310 43 24 the
3286 311 133 25 meantime
3441 311 34 25 he

2940 345 80 25 would
3031 345 56 26 look
3104 346 108 32 through
3229 348 43 25 the
3294 349 109 25 minutes
3426 350 50 24 and

2940 383 42 23 the
2992 383 48 25 Act
3057 385 50 24 and
3123 385 105 25 forward
3255 386 44 25 the
3326 387 80 25 Board
3434 388 41 24 his

2941 421 109 32 opinion.
3084 423 40 26 He
3135 425 123 26 informed
3270 426 76 29 them,
3365 427 111 25 however

2941 460 57 24 that
3008 469 34 16 no
3053 462 58 23 loan
3126 463 49 23 had
3198 463 62 25 been
3288 466 120 30 arranged
3429 466 47 24 for.

2942 498 70 24 After
3032 498 65 24 their
3113 499 126 25 interview
3264 502 59 23 with
3346 503 43 22 Mr
3411 503 65 24 Cow-

2942 534 88 25 lishaw
3041 536 58 30 they
3111 543 52 17 saw
3174 537 41 24 Mr
3229 538 85 29 Stead,
3326 539 54 23 who
3393 547 85 22 gener-

2942 572 71 32 ously
3025 572 89 32 agreed
3126 575 25 24 to
3162 575 74 25 retire
3247 575 61 25 from
3321 576 38 25 his
3372 577 106 31 position

2943 612 25 23 of
2984 612 118 25 financial
3113 615 76 30 agent
3210 615 27 24 m
3260 616 146 25 connection
3419 618 60 23 with

2943 651 84 31 rasing
3043 652 44 24 the
3109 653 59 24 loan
3189 654 106 25 without
3318 656 100 31 putting
3436 656 44 24 the

2945 689 82 26 Board
3050 693 26 23 to
3093 699 50 25 any
3165 701 114 24 expense.

2978 730 40 25 Mr
3039 731 84 26 Dixon
3135 734 82 25 stated
3227 734 57 25 that
3303 735 90 33 during
3416 738 63 24 their

2945 770 177 28 conversation,
3135 771 41 24 Mr
3188 771 146 27 Cowlishaw
3353 776 72 23 made
3437 776 43 24 the

2944 807 99 24 remark
3065 807 56 26 that
3144 809 43 24 the
3210 809 50 26 late
3282 811 84 25 Board
3393 813 87 24 should

2945 844 63 25 have
3020 845 58 25 held
3086 854 16 16 a
3119 846 70 26 short
3212 848 136 32 adjourned
3371 851 109 32 meeting

2945 886 27 22 to
2983 885 103 24 confirm
3098 886 41 24 tbe
3152 887 111 26 minutes
3275 889 27 24 of
3312 889 42 25 the
3371 892 110 31 meeting

2945 922 57 24 held
3013 922 82 25 before
3118 926 58 30 they
3198 928 65 22 went
3286 929 44 23 out
3353 929 26 24 of
3401 930 77 24 office.

2978 960 68 25 With
3056 962 123 25 reference
3190 965 26 22 to
3237 964 45 25 the
3304 966 116 29 finances,
3440 968 40 24 Mr

2946 998 113 25 Webster
3075 999 124 27 informed
3222 1002 44 25 the
3282 1003 82 25 Board
3387 1006 54 24 that
3464 1014 15 16 a

2945 1035 133 25 debenture
3090 1038 26 23 of
3126 1039 54 24 £50
3192 1039 48 24 had
3262 1040 62 25 been
3342 1043 138 29 purchased

2946 1076 31 30 by
2998 1075 40 25 Mr
3060 1076 84 29 Joyce,
3157 1078 27 24 of
3203 1079 138 32 Lytteltbn,
3366 1082 48 24 and
3436 1082 43 25 the
3486 1098 9 3 -

2946 1120 86 24 money
3044 1113 83 31 placed
3137 1115 28 24 m
3177 1116 42 24 the
3234 1117 66 24 bank
3310 1119 26 24 to
3348 1119 43 24 the
3402 1120 78 25 credit

2946 1150 27 24 of
2982 1150 43 25 the
3038 1152 90 24 Board.
3159 1154 171 28 Ifc-wQuld.be
3352 1165 128 25 necessary

2947 1190 26 22 to
2984 1188 49 23 add
3044 1189 50 24 this
3105 1193 105 22 amount
3221 1195 25 21 to
3259 1192 43 24 the
3323 1194 43 24 list
3388 1195 27 24 of
3435 1197 41 23 lia-

2947 1227 90 25 bilities
3050 1228 80 25 before
3141 1230 43 24 the
3201 1232 110 31 meeting
3332 1234 48 24 last
3403 1235 75 28 week,

2947 1266 61 23 with
3020 1268 32 23 5A
3063 1275 44 23 per
3118 1270 55 23 cent
3195 1269 111 26 interest.
3341 1272 39 24 Mr
3404 1274 76 31 Joyce

2949 1303 48 24 had
3009 1312 15 15 a
3035 1305 91 30 receipt
3137 1306 38 24 for
3193 1307 44 24 the
3253 1316 99 24 money,
3380 1310 46 24 but
3448 1319 33 16 no

2948 1341 133 26 debenture
3093 1344 50 23 had
3155 1345 62 24 been
3226 1346 90 25 issued.

2981 1381 53 24 The
3046 1381 65 25 draft
3121 1383 73 24 letter
3205 1386 26 22 to
3247 1385 31 24 be
3300 1385 133 26 forwarded
3456 1390 25 23 to

2949 1418 42 24 the
3003 1419 118 29 Premier,
3134 1421 88 32 asking
3232 1422 39 24 for
3281 1423 44 25 the
3342 1425 103 25 services
3458 1427 27 24 of

2949 1458 42 24 the
3003 1458 253 31 Engineer-in-Chief
3267 1463 25 23 to
3304 1466 82 27 report
3397 1472 33 16 on
3439 1465 43 24 the

2947 1495 106 29 intakes,
3067 1504 49 17 was
3128 1498 59 23 read
3197 1498 49 24 and
3255 1501 128 30 approved.

2982 1536 39 24 Mr
3032 1536 84 26 Dixon
3127 1539 131 30 suggested
3270 1540 56 25 that
3348 1549 14 15 a
3384 1543 98 30 printed

2948 1574 65 25 form
3025 1575 26 24 of
3060 1576 103 30 petition
3176 1576 90 25 should
3278 1578 28 24 be
3317 1580 117 29 provided
3445 1581 38 23 for

2948 1614 142 28 ratepayers
3104 1615 52 22 who
3168 1614 78 24 desire
3260 1616 25 22 to
3297 1617 124 29 approach
3442 1618 41 23 the

2949 1651 84 24 Board
3060 1651 39 25 for
3121 1655 74 22 water
3219 1654 98 30 service,
3342 1655 47 24 and
3407 1656 50 24 also
3469 1665 15 15 a

2950 1689 70 25 form,
3025 1689 27 25 of
3062 1690 146 32 application
3222 1691 38 26 for
3283 1693 162 26 sub-districts
3458 1696 25 24 to

2951 1728 28 24 be
2997 1728 99 26 formed.
3377 1749 6 10 ,

2984 1774 32 23 At
3045 1775 43 24 the
3110 1777 99 29 request
3232 1776 27 25 of
3279 1776 41 25 Mr
3339 1777 80 25 Dixon
3443 1779 41 24 tSie

2951 1817 142 27 agreement
3104 1815 61 24 with
3176 1816 43 24 the
3231 1816 114 32 engineer
3356 1825 50 17 was
3417 1819 67 24 read.

2951 1853 52 24 The
3021 1854 134 25 document
3177 1863 52 16 was
3252 1856 73 24 dated
3353 1856 69 32 April
3444 1854 51 32 24,'

2952 1891 73 29 1894,
3038 1892 48 23 and
3099 1893 118 29 provided
3227 1893 38 24 for
3288 1894 42 23 Mr
3351 1895 135 24 Webster's

2952 1934 162 28 engagement
3125 1931 38 25 for
3175 1932 70 25 three
3257 1942 69 24 years
3342 1933 61 26 frotn
3427 1935 58 32 May

2952 1971 40 27 31,
3006 1970 72 29 1892,
3092 1978 46 18 one
3156 1972 105 25 month's
3283 1973 81 24 notice
3375 1973 28 26 of
3411 1978 74 21 term-

2951 2008 96 26 ination
3059 2011 26 23 to
3095 2009 31 25 be
3136 2010 72 31 given
3220 2019 33 17 on
3265 2012 79 25 either
3361 2013 59 24 side.

2985 2048 54 24 The
3057 2048 134 24 Chairman
3219 2051 128 24 remarked
3369 2053 57 23 that
3447 2053 40 23 the

2953 2088 95 31 Board,'
3056 2096 28 18 as
3095 2088 38 26 far
3145 2097 28 17 as
3201 2090 31 26 he
3255 2099 51 17 was
3328 2100 89 21 aware,
3440 2101 46 17 was
3513 2089 6 14 *

2952 2126 119 33 perfectly
3082 2128 109 24 satisfied
3210 2129 61 25 with
3288 2130 42 24 Mr
3351 2131 136 25 Webster's

2953 2166 106 24 services
3070 2167 49 24 and
3132 2168 78 24 would
3220 2168 32 25 be
3267 2169 62 31 glad
3336 2171 26 23 to
3373 2167 62 28 have
3446 2171 41 25 hi
3505 2166 17 34 3

2953 2208 162 29 engagement
3149 2208 140 25 continued.
3341 2210 53 24 The
3428 2211 58 32 only

2951 2246 71 31 point
3034 2255 61 22 open
3112 2247 39 25 for
3162 2251 126 23 comment
3305 2258 48 16 was
3365 2251 43 25 the
3436 2252 50 24 facf;

2952 2286 25 24 of
2994 2286 41 24 the
3063 2290 142 28 agreement
3220 2288 96 32 having
3341 2290 64 24 been
3433 2299 52 23 pre-

2951 2324 74 30 pared
3038 2324 57 32 only
3104 2326 79 27 a\few
3195 2326 60 31 days
3272 2326 81 26 before
3373 2328 43 24 the
3436 2330 50 24 late

2951 2361 83 25 Board
3046 2364 66 23 went
3123 2364 44 24 out
3179 2363 27 25 of
3212 2364 76 25 office.

2985 2401 39 24 Mr
3041 2403 84 24 Dixon
3136 2403 107 26 referred
3260 2406 26 23 to
3314 2414 15 15 a
3352 2407 134 25 statement

2951 2442 80 29 made,
3044 2444 27 23 to
3082 2443 43 25 the
3144 2444 71 25 effect
3232 2445 54 25 that
3372 2446 114 26 Webster

2951 2480 81 25 wouirl
3045 2481 27 25 be
3084 2481 129 26 dismissed
3224 2491 33 17 on
3279 2484 42 25 the
3345 2485 104 26 election
3462 2488 27 24 of

2951 2518 43 25 the
3005 2526 55 18 new
3076 2519 92 26 Board.
3203 2521 41 25 He
3264 2530 49 17 was
3336 2531 57 18 sure
3415 2525 70 25 there

2951 2566 48 16 was
3016 2566 34 18 no
3077 2561 110 30 grounds
3215 2562 125 25 whatever
3367 2564 38 25 for
3425 2566 60 23 such

2950 2600 89 28 report.
3074 2597 112 33 Perhaps
3215 2599 42 25 the
3285 2603 155 30 preparation
3462 2604 26 24 of

2950 2637 42 25 the
3003 2641 140 28 agreement
3156 2648 51 16 was
3219 2640 47 25 due
3288 2644 25 21 to
3323 2642 29 24 it.

2984 2678 41 23 Mr
3036 2678 115 25 Webster
3163 2680 52 24 said
3226 2681 52 24 this
3295 2690 48 16 was
3354 2683 75 32 really
3443 2684 42 24 the

2950 2724 63 16 case.
3048 2718 41 24 He
3100 2718 51 24 had
3163 2719 76 25 heard
3262 2721 41 24 tbe
3331 2724 91 28 report,
3435 2724 50 23 and

2950 2761 27 17 as
2989 2754 38 24 his
3040 2758 164 29 engagement
3215 2757 50 25 had
3283 2759 59 25 been
3362 2761 73 24 made
3446 2761 38 25 for

2950 2794 70 24 three
3031 2803 79 22 years,
3123 2796 33 24 he
3164 2797 107 32 thought
3283 2799 78 25 under
3383 2800 43 24 the
3438 2801 44 24 cir-

2949 2836 156 23 cumstances
3133 2836 33 24 he
3194 2845 51 17 was
3273 2838 102 26 entitled
3404 2842 25 23 to
3453 2849 30 16 an

2950 2874 139 28 agreement
3100 2875 26 22 to
3137 2876 96 28 protect
3241 2875 108 26 himself.

2983 2915 41 20 Mr
3034 2911 83 26 Dixon
3130 2913 54 24 said
3197 2914 55 25 that
3264 2923 28 16 as
3313 2916 31 24 he
3367 2917 114 25 intended

2949 2952 26 23 to
2987 2952 56 24 seek
3054 2956 26 21 to
3091 2955 42 29 get
3145 2953 42 25 the
3208 2954 96 32 private
3326 2958 155 24 water-races

2949 2999 32 18 on
2993 2992 38 25 his
3054 2992 60 26 land
3121 2994 92 31 -placed
3224 3003 32 17 on
3268 3004 15 16 a
3293 3005 86 22 proper
3387 2997 95 34 footing

2949 3029 49 24 and
3008 3029 99 26 handed
3119 3039 58 18 over
3204 3034 27 23 to
3259 3033 42 25 the
3328 3034 92 31 public,
3450 3037 31 25 he

2949 3067 89 25 should
3050 3069 28 23 be
3088 3069 59 31 glad
3158 3072 26 23 to
3195 3071 64 25 have
3271 3072 40 25 Mr
3333 3072 112 27 Webster
3455 3077 26 23 to

2945 3105 99 32 inspect
3055 3107 79 26 them.

2981 3145 53 23 The
3053 3145 136 27 Chairman
3211 3149 130 24 remarked
3363 3151 56 25 that
3443 3154 38 23 the

2947 3184 153 30 rate-payers
3128 3192 64 18 were
3219 3187 103 25 anxious
3351 3193 25 20 to
3399 3198 40 16 see
3467 3200 14 15 a

2947 3220 183 26 balance-sheet
3142 3223 28 23 m
3197 3225 147 24 connection
3362 3227 58 24 with
3438 3229 42 24 the

2947 3258 105 30 receipts
3069 3259 50 23 and
3133 3261 161 29 expenditure
3318 3264 26 23 of
3431 3265 50 25 lats

2947 3295 91 25 Board.
3074 3297 40 24 He
3124 3298 82 24 would
3215 3302 99 30 suggest
3323 3302 54 24 that
3386 3311 13 15 a
3407 3304 74 24 state-
3510 3314 9 5 -

2947 3337 70 24 ment
3029 3336 31 25 be
3077 3339 121 31 prepared
3208 3339 38 24 for
3257 3340 156 33 publication.

2980 3374 54 25 The
3052 3375 66 24 clerk
3130 3385 48 16 was
3189 3377 137 26 instructed
3343 3380 26 23 to
3380 3387 100 25 prepare
3515 3388 4 7 '

2947 3419 16 17 a
2975 3411 188 27 balance-sheet.

2981 3452 54 25 The
3051 3453 110 33 meeting
3187 3455 63 25 then
3266 3455 134 31 adjourned
3416 3457 63 26 fora

2947 3490 73 25 week.

2949 3714 130 26 WOMEN
3097 3716 45 26 ON
3172 3718 134 26 SCHOOL
3337 3721 166 41 COMMIT

3161 3764 99 28 TEES.

2980 3861 53 26 The
3043 3862 55 25 hew
3119 3862 92 27 School
3228 3864 150 28 Committee
3389 3868 92 26 elected
3511 3870 7 28 I

2947 3902 26 22 at
2990 3899 189 34 Whangapoua,
3202 3909 34 19 on
3258 3904 42 24 the
3321 3904 160 27 Ooromandel
3500 3909 13 7 '

2947 3939 145 32 Peninsula,
3104 3941 23 26 is
3138 3941 84 26 rather
3232 3942 92 34 unique
3333 3944 28 25 m
3371 3944 32 25 its
3415 3953 65 17 com-

2945 3978 118 30 position.
3114 3979 23 25 A
3167 3982 189 31 correspondent
3383 3983 98 32 writing

2945 4016 66 26 from
3022 4017 181 35 Whangapoua
3215 4020 103 27 informs
3330 4022 43 25 the
3401 4022 80 26 Auck-

2946 4055 60 25 land
3015 4057 59 25 Star
3084 4057 58 26 that
3150 4059 51 24 out-
3206 4058 28 26 of
3242 4059 44 26 the
3295 4066 74 20 seven
3379 4069 102 24 persons

2946 4093 93 25 elected
3050 4102 29 18 as
3088 4095 43 26 the
3149 4095 92 27 School
3268 4097 149 28 Committee
3444 4100 39 25 for

2942 4132 51 31 .tKe-
3018 4127 269 41 ens'aingyeavtfiree
3314 4134 52 30 are!
3377 4147 104 23 women,

2945 4172 110 31 namely,
3079 4172 70 26 Eate
3164 4174 123 26 M*lsaacs
3288 4194 7 10 f
3312 4176 73 32 Mary
3402 4177 78 31 Swift,

2945 4205 52 26 aiid
3098 4220 2 2 •
3110 4206 119 36 Pulh*am|
3240 4207 7 14 *
3257 4208 58 30 &nd
3321 4205 11 31 f
3347 4221 48 17 one
3427 4215 23 25 is
3467 4223 15 17 a

2945 4245 174 44 Maorf^^teE
3119 4252 8 21 T
3138 4250 110 33 Ngapo^
3270 4252 23 26 A
3316 4261 99 19 women
3431 4255 52 26 will

2943 4278 56 33 ilso
3015 4287 102 31 preside-
3128 4296 59 18 over
3203 4289 44 26 the
3275 4292 151 30 committee,
3443 4293 38 26 for

2945 4362 48 25 she'
3006 4363 22 25 is
3040 4365 13 14 :<
3062 4363 69 26 Mrs-'
3149 4372 29 18 ov
3195 4366 97 36 'Miss')
3309 4376 52 18 was
3389 4370 92 26 elected

2943 4401 131 27 chairman
3090 4405 27 24 at
3133 4405 44 25 the
3184 4410 3 10 :
3192 4406 163 34 preliminary
3371 4411 112 32 meeting
3497 4421 21 12 ••

2943 4438 88 27 bfthe'
3046 4442 153 26 cbmmittee-
3223 4444 58 26 held
3314 4446 167 36 immediately

2942 4478 64 25 after
3022 4480 43 25 the
3082 4481 114 25 election.

1025 51 170 32 OXFORD
1239 52 228 33 OBSERVER
1533 51 240 36 SATURDAY,
1843 51 89 30 MAY
1984 53 50 34 12,
2119 51 93 31 1894.

1821 1286 129 38 WHAT'S
1966 1287 145 37 COMING!
2156 1288 129 42 WHAT'S
2313 1291 43 36 TO

1938 1345 41 38 DO
2004 1345 97 38 NOW!

1820 1420 96 24 LOOK
1928 1420 97 24 HERE
2038 1422 4 22 !
2078 1422 24 22 If
2109 1430 47 21 you
2166 1422 62 25 have
2233 1425 43 21 not
2285 1425 72 24 made

1821 1467 33 23 up
1865 1467 61 23 your
1934 1460 67 23 mind
2015 1460 58 24 how
2083 1469 47 22 you
2140 1462 51 24 will
2215 1464 75 29 spend
2316 1465 41 23 the

1822 1497 84 24 Grand
1930 1498 41 24 old
1994 1498 105 29 Queen's
2122 1498 131 34 Birthday.
2291 1501 66 24 Here

1820 1537 21 24 is
1851 1545 15 16 a
1879 1537 94 26 chance
1984 1538 37 25 for
2043 1547 55 23 you.
2147 1540 52 24 The
2222 1540 140 32 Methodist,

1821 1581 27 25 of
1860 1580 94 24 Oxford
1966 1589 40 16 are
2030 1582 92 31 having
2151 1591 14 16 a
2213 1583 87 25 SALE
2314 1585 44 23 OF

1822 1624 113 29 WORK,
1949 1625 138 32 consisting
2098 1624 27 25 of
2144 1634 15 15 a
2170 1629 69 28 great
2262 1627 96 31 variety

1822 1664 24 24 of
1859 1664 81 24 useful
1952 1664 93 32 things,
2057 1665 104 25 suitable
2173 1665 38 25 for
2224 1666 41 25 old
2283 1665 73 30 folks,

1821 1707 106 25 married
1939 1708 73 30 folks,
2027 1709 51 24 and
2091 1709 78 32 single
2185 1710 72 30 folks,
2288 1719 69 17 come

1822 1751 75 32 along
1909 1754 26 23 at
1949 1753 13 23 1
1974 1760 62 24 p.m.
2062 1761 33 17 on
2105 1754 43 24 the
2172 1754 71 30 24th,
2268 1755 48 32 day
2334 1756 26 23 of

1822 1795 66 32 May,
1902 1796 72 24 when
1999 1804 48 23 you
2076 1797 52 25 will
2156 1797 63 25 have
2241 1806 15 16 a
2285 1800 71 23 treat.

1822 1838 93 24 Messrs
1926 1838 90 25 Buddo
2027 1839 51 25 and
2090 1840 125 24 Meredith
2232 1841 124 25 M.H.R's.

1822 1876 52 24 will
1885 1876 31 24 be
1927 1879 100 29 present
2039 1879 25 22 to
2082 1885 62 24 open
2173 1878 44 24 the
2247 1878 58 26 Sale
2333 1879 28 25 of

1821 1914 76 24 work.

1883 1954 81 26 There
1976 1954 51 26 will
2040 1955 52 25 also
2116 1955 29 25 be
2158 1964 15 16 a
2184 1956 46 32 gift
2242 1956 116 29 Auction,

1822 1994 78 24 under
1912 1994 43 24 the
1968 1994 88 31 charge
2069 1994 26 24 of
2105 1994 66 24 John
2181 1995 103 31 Ingram
2295 1996 62 31 Esq.

1822 2033 25 22 at
1861 2033 14 22 5
1887 2039 53 22 p.m
1952 2031 57 24 who
2021 2031 47 24 has
2085 2031 88 31 kindly
2184 2033 135 24 consented
2333 2034 26 23 to

1822 2070 54 32 give
1887 2069 41 25 his
1940 2069 111 26 services.

1856 2108 81 25 There
1949 2107 48 26 will
2009 2107 30 26 be
2068 2116 15 17 a
2103 2109 176 26 Refreshment
2300 2111 60 24 stall

1823 2157 63 23 open
1894 2149 91 31 during
1995 2149 43 24 the
2047 2149 55 31 day,
2116 2149 98 25 Tickets
2226 2151 83 24 adults
2322 2151 36 32 1/-

1823 2188 120 24 Children
1956 2189 40 23 9d.

1855 2226 71 24 After
1938 2226 83 24 which
2033 2226 71 25 there
2114 2227 51 25 will
2177 2227 29 25 be
2224 2235 14 17 a
2252 2227 106 26 Conver-

1823 2266 108 27 sazione,
1966 2266 137 24 Selections
2126 2266 27 24 of
2177 2267 182 24 Instrumental

1823 2305 49 23 and
1881 2306 72 23 vocal
1966 2305 77 24 music
2055 2306 51 24 will
2118 2306 30 24 be
2159 2306 72 31 giveu
2252 2306 32 32 by
2295 2307 64 24 local

1822 2347 87 25 talent.
1956 2347 41 25 All
2009 2355 42 17 are
2062 2348 108 32 heartily
2178 2349 103 29 invited,
2290 2357 69 17 come

1823 2398 77 21 come,
1914 2398 68 17 come
1994 2391 77 31 along
2082 2392 50 23 and
2152 2393 123 24 welcome.

1884 2438 70 26 GOD
1973 2439 87 26 SAVE
2079 2440 70 24 THE
2180 2440 118 30 QUEEN

1870 206 251 37 HEALTH
2159 207 133 37 TEA.

1846 308 54 24 The
1911 308 224 25 undermentioned
2147 308 52 25 firm
2210 309 65 25 have
2285 310 64 24 been

1813 341 133 31 appointed
1970 343 88 30 agents
2081 341 37 25 for
2135 341 52 25 this
2210 342 138 24 celebrated

1815 374 78 23 brand
1902 373 26 24 of
1940 373 51 24 Tea
2002 374 83 25 which
2096 374 47 24 has
2154 376 52 22 met
2216 374 59 25 with
2288 374 63 25 such

1815 413 16 16 a
1841 405 170 32 phenomanal
2022 407 53 23 sale
2092 407 27 23 m
2141 406 43 24 the
2206 406 144 25 Australian

1816 437 116 26 Colonies
1944 438 50 25 and
2005 439 124 24 wherever
2137 439 20 24 it
2168 439 46 24 has
2226 439 64 25 been
2311 439 38 24 in-

1815 471 115 24 troduced
1947 470 28 24 m
1992 471 62 25 New
2065 471 119 24 Zealand.

1849 509 147 24 HEALTH
2008 510 71 23 TEA
2091 510 22 24 is
2130 512 45 22 not
2187 518 14 16 a
2213 510 139 24 medicated

1817 541 48 24 Tea
1876 541 47 24 but
1933 541 23 24 is
1964 541 106 24 blended
2092 541 64 25 from
2179 542 45 24 the
2246 542 106 24 choicest

1817 573 50 25 and
1895 575 86 30 purest
2006 574 106 31 growths
2141 574 27 25 of
2189 574 94 32 Ceylon
2302 572 49 27 ard

1817 606 92 24 Indian
1920 607 64 23 Teas
2001 607 33 31 by
2046 608 96 29 experts
2160 606 27 25 of
2196 607 43 24 the
2251 607 102 31 highest

1817 638 80 24 order.

1851 680 54 25 One
1918 681 90 30 special
2013 680 96 25 feature
2120 680 76 26 about

1818 712 52 26 Tea
1879 713 22 25 is
1912 714 43 24 the
1965 720 98 25 process
2075 714 81 24 wbich
2173 714 21 24 it
2216 714 138 32 undergoes

1819 746 82 25 which
1913 747 102 24 renders
2026 747 20 24 it
2058 748 53 23 free
2124 747 63 25 from
2199 747 44 25 the
2266 748 88 24 tannin

1819 787 27 17 so
1855 779 129 31 prevalent
1994 780 28 23 m
2033 780 112 30 ordinary
2158 780 72 27 Teas,
2243 780 83 24 whilst
2333 780 21 24 it

1819 812 101 24 renders
1932 812 43 24 the
1987 813 91 23 release
2090 813 27 24 of
2129 813 41 24 the
2194 813 80 24 better
2285 814 69 30 qual-

1818 845 58 23 ities
1887 844 27 24 of
1923 845 44 24 the
1979 845 51 23 Tea
2043 853 66 16 more
2126 853 66 23 easy.

1853 883 147 24 HEALTH
2023 884 68 24 TEA
2108 885 22 23 is
2147 885 148 30 unequalled
2317 885 38 24 for

1819 916 122 31 strength,
1954 915 123 25 beautiful
2095 917 85 24 colour
2203 917 50 24 and
2274 917 80 31 lovely

1818 948 105 24 flavour.

1852 985 93 28 Prices,
1959 985 42 32 2/6
2012 986 49 23 and
2071 986 36 32 2/-
2151 986 27 24 flj
2189 987 28 24 m
2227 990 18 27 £
2253 988 51 24 and
2314 988 42 24 lib

1819 1017 100 31 packets
1929 1018 49 24 and
1996 1020 14 22 5
2024 1019 49 23 and
2086 1020 32 23 10
2125 1018 27 24 Ib
2163 1020 60 24 tins.

1853 1049 85 32 Agent
1949 1050 37 24 for
1999 1050 100 25 Oxford.
2118 1051 41 24 Mr
2173 1052 30 23 F.
2216 1051 29 25 A.
2259 1052 96 25 Water-

1818 1089 68 17 man.

1853 1119 81 33 Agenfc
1945 1120 39 24 for
1996 1120 69 25 Cust.
2102 1121 40 24 Mr
2153 1121 33 24 E.
2199 1122 40 25 W.
2253 1121 102 33 Cooper.

1301 202 195 42 MUSICAL
1536 202 180 42 TUITION

1246 270 141 38 PIANO,
1413 270 157 38 VIOLIN,
1596 270 187 37 SINGING,

1288 311 148 30 ORGAN
1501 312 85 31 KTC.
1649 312 93 30 ETC.

1351 357 64 30 MR
1452 358 31 30 S.
1514 357 181 33 MAYSON.

1252 397 121 40 (holder
1397 399 33 29 of
1444 398 186 30 Certificate.
1660 397 123 40 Trinity

1373 437 125 42 College
1519 439 142 39 London)

1283 477 102 32 Having
1402 479 75 24 taken
1495 486 34 23 up
1561 479 40 24 his
1617 479 127 24 residence
1760 477 27 24 m

1251 508 91 25 Oxford
1357 510 23 24 is
1396 510 117 31 prepared
1540 512 28 22 to
1584 510 94 24 receive
1704 509 83 31 pupils

1250 540 38 24 for
1297 549 49 23 any
1357 542 27 24 of
1407 542 44 24 the
1479 541 77 25 above
1566 541 92 25 named
1669 541 118 31 subjects.
1796 560 1 4 .

1286 574 42 29 AJI
1350 574 211 25 communication
1595 573 134 26 addressed
1761 574 27 23 to

1250 607 139 25 Methodist
1430 607 143 31 Parsonage
1610 607 53 24 will
1694 606 95 24 receive

1250 640 97 30 prompt
1359 639 132 24 attention.
1526 639 119 24 Distance
1653 647 34 15 no
1698 637 90 31 object.

1283 671 92 25 Pianos
1393 671 50 24 and
1461 671 98 31 Organs
1578 670 79 24 tuned
1684 670 51 24 and
1751 677 38 16 re-

1251 703 94 32 paired.

1370 921 311 45 WANTED.

1253 1002 107 56 FOQE
1380 1011 28 16 or
1425 1003 82 25 FIVE
1526 1003 68 25 loads
1623 1003 28 25 of
1662 1002 127 26 STEAW.

1389 1035 90 31 Apply,
1500 1035 59 24 with
1569 1035 66 30 price
1645 1035 133 25 delivered.

1447 1074 34 24 H.
1495 1074 162 25 HAWKEE.

1568 1117 65 24 East
1652 1116 104 25 Oxford.

1394 1271 249 46 MONEY.

1254 1380 139 56 MONEY
1406 1382 26 23 to
1443 1380 59 24 lend
1511 1389 33 16 on
1556 1380 132 31 approved.
1718 1381 74 24 Free-

1331 1413 59 24 hold
1414 1413 127 24 securities
1563 1413 65 24 from
1650 1415 69 23 £100
1742 1414 49 23 and

1255 1455 109 30 upward.
1567 1456 90 30 Apply,

1530 1503 74 25 Office
1617 1503 26 25 of
1650 1503 49 25 this
1712 1503 80 32 Paper

1305 1653 25 19 A.
1345 1653 85 20 Flesher
1441 1653 18 26 ].
1660 1655 35 26 [F.
1707 1656 82 20 Fuller.

1269 1699 204 41 FLESHER
1495 1700 69 41 ana
1586 1700 188 42 FULLER.

1433 1758 180 26 SOLICITORS,

1295 1797 13 19 9
1319 1796 122 21 Cathedral
1452 1796 93 26 Square,
1561 1797 190 23 Cheistchurch.

1256 1829 115 27 (Between
1381 1830 110 21 Morten's
1500 1831 118 26 buildings
1628 1832 18 20 &
1656 1832 55 21 Post
1719 1833 72 21 Office.

1295 1864 188 56 Money
1511 1867 53 42 to
1601 1867 143 44 Lend

1255 1930 35 20 On
1299 1930 32 20 all
1339 1929 57 21 kind
1406 1930 24 20 of
1440 1930 111 28 Security,
1559 1932 25 20 at
1603 1931 57 23 Low
1674 1933 77 21 Eates
1770 1933 24 22 of

1281 1974 106 21 Interest.
1418 1975 88 26 Special
1520 1977 77 21 Terms
1607 1977 36 21 for
1652 1978 111 22 Farmers.

1371 2145 294 46 WANTED

1258 2241 39 56 A
1316 2241 108 25 General
1438 2242 114 30 Servant,
1565 2245 66 23 must
1643 2244 30 24 be
1692 2252 15 16 a
1730 2244 64 32 good

1332 2274 75 24 Cook.
1543 2276 90 32 Apply,

1576 2316 55 24 Mrs
1642 2316 117 24 Pearson.

1632 2355 84 25 Burnt
1731 2355 62 25 Hill.

1390 2519 270 46 NOTICE.

1290 2596 14 24 I
1327 2596 73 25 Mads
1417 2596 159 30 Easmussen,
1611 2597 93 33 hereby
1737 2598 56 32 give

1256 2638 127 26 NOTICE
1396 2639 55 26 that
1469 2640 13 24 I
1492 2641 88 25 intend
1591 2642 26 24 to
1627 2641 73 32 apply
1712 2643 26 23 to
1749 2641 44 25 the

1256 2683 158 31 Magistrates
1444 2683 75 25 Court
1559 2685 101 29 Oxford,
1701 2686 39 24 for
1778 2694 15 16 a

1257 2725 176 32 Slaughtering
1444 2726 91 25 license
1547 2727 37 24 for
1605 2728 63 25 E.S.
1691 2728 101 25 Section

1256 2767 72 29 1825,
1347 2768 70 25 West
1440 2768 100 26 Oxford.

1454 2812 95 26 MADS
1572 2813 218 26 EASMUSSEN.

1587 2857 59 31 May
1658 2857 46 25 Bth
1716 2860 74 23 1894.

1368 3057 299 50 GRAZING

1253 3177 23 75 I
1319 3186 51 19 am
1383 3177 154 38 prepared
1551 3181 32 27 to
1597 3179 74 30 take
1686 3179 103 31 Cattle

1318 3220 32 25 to
1375 3226 93 29 graze
1510 3228 41 19 on
1578 3229 56 25 my
1664 3219 125 31 Section

1251 3255 90 32 West
1369 3256 119 31 Oxford
1516 3262 33 26 at
1561 3259 55 29 the
1629 3260 161 41 following

1251 3300 92 27 rates:
1345 3313 42 5 —
1389 3297 39 30 6d
1442 3307 56 30 per
1512 3299 88 31 week
1624 3310 57 30 per
1709 3301 80 31 head

1252 3338 50 30 for
1316 3337 102 31 Cattle
1427 3339 101 31 under
1543 3341 39 29 12
1596 3342 126 31 months
1737 3343 52 30 old

1253 3389 73 19 over
1347 3379 71 30 that
1431 3389 59 28 age
1506 3381 41 30 9d
1561 3392 56 25 per
1631 3382 88 32 week
1733 3393 56 24 per

1253 3421 88 31 head.

1451 3461 67 31 Mrs
1533 3462 32 31 J.
1580 3462 42 31 M.
1635 3464 112 31 Booth.

1326 3663 244 32 SALVATION
1598 3664 123 31 ARMY

1430 3714 183 32 OXFORD.

1252 3810 88 59 MES
1352 3810 159 26 COLONEL
1523 3810 130 27 BAILEY
1669 3800 52 38 wili
1731 3814 59 25 visit

1441 3843 50 25 and
1514 3843 113 26 Conduct
1658 3842 131 30 Salvation

1252 3882 78 31 Army
1341 3881 125 31 Meetings
1483 3889 33 17 on
1530 3881 188 27 SATURDAY
1739 3885 50 24 and

1251 3918 142 28 SUNDAY
1413 3918 59 33 May
1493 3918 63 26 12th
1578 3920 56 25 and.
1641 3920 70 26 13th.
1711 3923 2 7 1

1271 3962 264 34 DEDICATION
1570 3964 195 39 SERVICE,

1352 4009 139 27 SUNDAY
1517 4010 171 26 MOENING.
1709 4005 2 11 '

1517 4054 32 26 E.
1562 4055 103 30 Pearne,
1680 4054 29 28 0.
1723 4057 38 25 0.-

1273 4212 6 44 --'.
1366 4223 128 26 DIVINE,
1512 4221 158 41 SEEJJCg.
1702 4216 3 14 :
1707 4250 4 2 .
1724 4209 42 46 *7
1785 4252 4 4 .

1337 4287 37 46 '.'."'
1382 4290 34 35 U.
1428 4299 36 26 M.
1477 4299 63 32 Frpe
1552 4287 101 43 Cliurch
1791 4318 3 2 ■

1250 4341 70 26 West
1332 4342 95 25 Oxford
1438 4344 31 23 11
1488 4351 60 18 a.m.
1571 4344 54 25 Eev
1646 4344 23 25 E
1682 4344 105 32 Mayson

1250 4383 70 27 West
1331 4384 94 26 Oxford
1453 4386 65 24 6.30.
1526 4393 55 24 p.m
1604 4386 70 26 Eev.-
1679 4386 110 33 Mayson

1249 4424 119 26 Garleton
1418 4426 15 23 8
1461 4432 62 25 p.m.
1552 4425 54 26 Eev
1624 4425 34 25 E.
1683 4426 106 32 Mayson

1249 4462 132 27 Woodside
1390 4461 91 26 School
1490 4464 14 23 6
1517 4463 33 25 80
1557 4470 54 24 p.m
1619 4463 41 25 Mr
1671 4463 115 27 Watson.

802 653 266 44 NOTICE.

686 780 127 67 JOHN
825 780 145 31 WILSON,
988 781 51 25 late
1062 782 27 24 of
1103 782 44 25 the
1169 783 54 24 Red

775 813 95 30 House,
883 814 47 24 has
947 814 95 25 started
1061 814 115 26 business
1196 823 27 17 as

686 851 76 25 Hotel
769 851 122 25 Valuator
900 853 47 23 and
957 852 167 25 Commission
1133 853 89 31 Agent.

688 891 72 25 Sales
771 891 118 24 attended
904 899 34 16 on
950 892 174 25 Commission.

721 930 107 24 Address
830 945 30 2 —
863 931 26 23 J.
900 931 94 24 Wilson
1009 931 40 32 c/o
1057 931 29 24 F.
1096 931 23 24 J.
1130 931 92 29 Quinn,

687 969 77 25 Hotel
792 969 102 28 Broker,
919 969 123 26 Licensed
1072 970 150 25 Victuallers

687 1009 84 28 Office,
783 1010 49 23 204
844 1009 122 25 Hereford
982 1009 37 26 St.
1034 1009 188 26 Christchurch.

688 1151 225 25 PREVENTION
929 1152 33 24 IS
979 1152 138 25 BETTER
1129 1153 94 24 THAN

921 1190 103 24 CURE.

802 1263 53 24 that
867 1262 43 25 the
922 1263 131 25 Influenza
1064 1263 160 31 Epidemicis

689 1287 31 33 _L\
762 1295 76 25 about
858 1296 41 23 the
916 1296 182 31 neighbouring
1116 1296 109 25 districts

689 1336 33 16 no
733 1328 74 23 home
819 1328 87 23 should
918 1328 30 23 be
959 1328 104 24 without
1074 1329 44 23 the
1138 1329 86 30 Platy-

689 1368 47 23 pus
741 1359 86 25 Brand
838 1359 25 25 of
875 1359 153 32 Eucalyptus
1039 1360 122 25 Globulus
1173 1361 50 24 Ex-

689 1394 65 23 tract
765 1394 26 22 to
802 1392 30 24 be
844 1392 76 24 taken
938 1400 67 23 upon
1021 1401 81 22 tugar,
1122 1401 28 17 or
1172 1394 27 24 m
1211 1402 14 15 a

689 1425 65 24 little
764 1424 71 24 milk.
877 1425 51 23 The
940 1428 66 21 most
1018 1425 148 25 convenient
1176 1426 49 23 and

689 1458 111 30 pleasant
811 1464 54 24 way
877 1461 26 20 to
914 1458 57 23 take
988 1457 155 31 Eucalyptus
1160 1458 44 24 i
1169 1458 59 24 3
1197 1458 28 24 m

690 1489 44 24 the
745 1489 120 31 Platypus
877 1489 86 23 Brand
973 1489 26 24 of
1008 1489 155 32 Eucalyptus
1180 1489 43 25 Ju-

687 1521 81 33 jubes,
779 1521 58 32 they
846 1530 41 17 are
899 1522 27 23 m
935 1523 60 24 such
1005 1530 15 17 a
1027 1522 125 32 palatable
1160 1522 65 26 form

689 1555 113 31 pleasant
842 1555 26 25 to
912 1556 69 27 taste,
1017 1555 131 31 antiseptic
1176 1556 50 24 and

689 1587 139 24 stimulant.
879 1587 115 31 Sprinkle
1013 1595 61 23 your
1101 1588 124 25 handker-

690 1619 67 24 chief
766 1619 49 23 and
825 1627 83 16 rooms
920 1620 60 23 with
992 1620 43 23 the
1048 1620 41 23 oil.

691 1658 26 24 BE
727 1658 59 25 SURE
793 1658 42 24 YOU
845 1658 116 26 PURCHASE
969 1658 45 25 THE
1023 1658 114 26 PLATYPUS
1146 1659 79 25 BRAND.

767 1692 32 24 R.
811 1692 92 25 Parish
914 1693 83 31 Agent
1007 1693 39 24 for
1058 1692 100 26 Oxford.

691 1735 73 26 Office
771 1735 38 25 No
820 1736 14 23 9
847 1735 134 26 Cathedral
989 1744 35 23 sq.
1038 1736 185 25 Christchurch.

700 1945 504 49 DRESSMAKING.

730 2042 76 29 Miss
836 2043 34 28 E.
908 2043 94 30 Jones
1041 2045 110 29 wishes
1193 2048 32 26 to

688 2083 115 29 inform
831 2083 53 30 the
912 2084 95 30 ladies
1042 2085 34 30 of
1105 2085 120 31 Oxford

683 2124 74 34 .that
813 2124 55 30 she
917 2125 56 30 has
1016 2139 5 4 •
1030 2128 195 29 commencecl

691 2164 154 30 Scientific
867 2165 221 41 Dressmaking
1101 2168 32 28 m
1159 2168 66 29 Mrs

690 2203 129 40 Lugar's
837 2208 119 36 sottage
980 2217 40 18 on
1041 2207 54 29 the
1117 2206 108 41 Espla-

688 2246 89 34 nade,
793 2244 86 31 West
896 2245 131 31 Oxford.

724 2419 28 41 f
756 2419 205 43 OOTS£U.
1000 2423 190 42 B££BoN,

691 2559 116 40 IW4#
913 2533 117 66 Jfei
1105 2564 120 41 1884*

838 2763 73 21 JUST
938 2765 139 20 AKRIYED

736 2830 102 25 FIRST
856 2831 252 28 CONSIGNMENT
1126 2834 45 25 OF

687 2907 203 35 BOYS'

808 2993 299 36 YOUTHS

919 3079 71 25 AND

986 3163 217 36 MEN'S

934 3284 34 19 .«,
968 3289 54 7 —
1022 3291 61 5 _

783 3353 355 43 WBiUN£l*Y,

685 3409 165 27 MANTLES

685 3460 164 27 GALATEA
865 3461 141 27 CHECKS
1024 3462 20 25 &
1062 3461 146 27 STRIPES

806 3504 151 26 EIBBONS

881 3558 171 25 FLOWERS

1035 3608 190 28 FEATHERS

691 3667 183 57 R.H.
915 3668 304 67 PARISH,

827 3754 78 22 EAST
932 3754 126 23 OXFORD.

763 3880 367 47 IMPOETANT

684 3989 85 30 ALL
799 3988 122 31 WOOL
942 3989 172 31 EOSLYN
1134 3989 87 31 AND

720 4062 298 35 WELLINGTON
1041 4063 151 36 TWEED

831 4130 256 42 STXTTS

726 4198 68 38 35/-
811 4198 87 30 Suits
912 4198 189 30 Keducedto
1123 4198 69 40 25/-

701 4257 93 40 --,4-
835 4256 279 41 ■',,.„;.
1131 4258 68 41 35/-
1215 4247 13 58 -I

724 4305 150 33 Trousers
888 4308 62 29 and
963 4306 76 33 Vest
1103 4306 76 41 13/6

1044 4353 106 33 ".''•■'

708 4417 197 33 PARISH'S
931 4419 90 30 East
1044 4418 146 32 Oxford.
1208 4449 3 3 .

61 665 181 40 INSTITUTE
279 661 88 42 HALL,
411 658 183 38 CARLETON-

114 733 180 35 PUBLIC
310 727 231 35 SOCIALS.

96 793 63 26 Will
169 793 30 24 be
210 792 56 24 hel£
276 796 70 23 every
370 787 121 24 alternate
502 784 91 31 Friday

65 834 91 31 during
183 833 43 24 the
249 829 89 25 winter
366 826 108 25 months.
520 824 73 25 Com-

65 873 126 30 mencing.

135 919 169 34 FRIDAY.
319 917 106 30 MAT.
439 915 87 35 18th,

185 980 114 30 Dancing
308 980 26 22 at
345 979 15 23 8
373 975 100 26 o'clock.

66 1028 138 23 Tickets.—
207 1024 9 32 (
229 1025 61 28 long
312 1021 71 30 night
395 1020 9 31 )
440 1018 77 24 Gents
557 1016 40 31 2/-

64 1070 89 24 Laclies
164 1068 39 23 lib
212 1063 184 26 refreshments.
426 1060 77 26 Short
512 1058 86 31 nights

65 1113 80 24 Gents
158 1110 45 32 1/-,
228 1107 90 25 Ladies
330 1105 58 24 free.

270 1151 24 25 J.
306 1147 113 30 CEOSS,
433 1147 67 25 Hon.
510 1145 56 27 Sec.

66 1374 289 51 SINGING
396 1368 203 48 CLASS.

162 1493 63 30 MR
254 1491 31 31 S.
316 1486 187 33 MAYSON.

181 1537 108 26 MUSIC
306 1534 171 26 TEACHER.

189 1582 142 19 commence
361 1581 15 15 a
406 1571 104 31 Singing
530 1569 72 25 Class

66 1616 122 29 Tuesday,
201 1615 60 29 May
296 1611 45 24 Bfch
354 1611 25 23 at
409 1610 14 22 8
435 1616 61 23 p.m.
508 1608 28 22 m
558 1606 44 24 the

68 1656 89 25 Studio
169 1656 26 21 at
206 1653 44 24 the
261 1652 140 27 Parsorage
414 1648 70 24 West
500 1644 100 26 Oxford.

101 1696 127 28 Terms,—
230 1693 87 24 Adults
331 1690 51 32 7/6,
400 1688 103 25 Juniors
515 1686 46 33 5/-.

111 1915 204 48 Church
357 1910 202 45 Socials.

63 2028 66 29 The
145 2028 96 27 above
258 2024 62 29 will
334 2024 37 27 be
386 2021 72 29 held
479 2030 41 18 on
546 2022 55 25 the

62 2072 162 38 following
240 2066 221 40 Wednesdays.

250 2119 95 31 MAY
364 2117 49 33 16.

87 2171 89 26 East
201 2168 133 28 Oxford
358 2165 99 29 Town
473 2162 105 28 Hall,

224 2222 112 32 JUNE
361 2220 83 35 20th,

67 2274 218 30 Oddfellows
299 2270 95 28 Hall
404 2266 49 30 W.
469 2265 131 30 Oxfoed

221 2323 119 31 JULY.
359 2321 85 35 18th,

101 2371 88 30 East
207 2370 131 30 Oxfoed
353 2366 98 30 Town
465 2364 102 30 Hall.

192 2425 168 33 AUGUST
384 2424 91 30 22nd.

67 2477 218 31 Oddfellows
296 2472 96 30 Hall
401 2471 50 29 W.
465 2468 135 31 Oxford

158 2525 251 36 SEPTEMBER
425 2524 83 30 19th.

102 2577 85 29 East
200 2575 133 30 Oxford
348 2571 101 31 Town
461 2570 104 29 Hall.

178 2631 193 33 OCTOBER
396 2629 85 31 17th.

64 2681 220 30 Oddfellows
293 2675 150 31 HallW.
454 2674 142 30 Oxford.

200 2891 259 47 NOTICE.

63 2965 210 82 STRAYED
294 2965 66 29 into
379 2973 54 30 my
454 2961 144 41 paddock

117 3011 17 27 2
145 3008 87 30 tooth
240 3006 128 30 wether.
414 3004 113 30 Owner
536 3013 59 19 can

58 3050 80 29 have
159 3050 53 29 the
229 3058 83 20 same
326 3047 43 39 by
396 3045 119 40 paying
544 3053 51 20 ex-

59 3100 124 30 pences,
205 3090 25 28 if
245 3092 55 26 not
316 3086 131 32 claimed
466 3085 64 31 will
558 3085 38 29 be

59 3132 76 29 sold.

232 3171 33 29 F.
285 3170 142 30 Comyns.

346 3209 81 30 East
443 3208 130 30 Oxford.

58 3381 47 45 J.
127 3380 54 44 T.
209 3379 199 52 Brown,
430 3378 42 43 &
493 3377 97 45 Sob

112 3447 110 21 TIMBEB
232 3447 18 21 &
260 3446 73 21 COAL
346 3443 183 24 MERCHANTS.

232 3484 165 20 IMPORTERS

58 3521 36 27 Of
124 3520 140 27 TIMBER
293 3521 54 25 and
376 3520 49 26 All
453 3519 89 27 Kinds
566 3518 29 27 of

113 3566 187 28 BUILDING
323 3564 222 28 MATERIALS.

249 3612 150 28 CORNER

58 3655 165 26 COLOMBO
265 3655 18 23 &
312 3652 97 26 TUAM
439 3651 155 26 STREETS

217 3698 193 25 Cbbistghubgh

123 3819 71 45 £2
235 3815 308 49 REWARD.

103 3927 73 30 Will
189 3928 38 30 be
241 3927 69 40 paid
324 3928 51 29 for
396 3927 197 31 information

61 3979 33 20 as
109 3971 32 28 to
156 3968 68 31 who
238 3969 91 39 again
338 3968 184 31 unfastened
533 3968 62 30 and

61 4009 99 31 threw
174 4009 78 31 wide
266 4019 81 30 open
369 4009 55 31 the
453 4008 79 32 Gate
560 4009 35 31 of

63 4049 122 32 Section
200 4050 99 32 27591
316 4060 40 21 on
369 4050 54 31 the
447 4050 55 30 6th
516 4050 75 32 inst.

62 4090 86 30 West
164 4091 129 31 Oxford.

166 4231 315 49 TENDERS.
576 4260 4 4 ■

58 4308 170 27 ■TENDERS
246 4309 38 25 for
296 4311 12 23 6
321 4309 78 26 Cords
416 4310 28 26 of
463 4311 129 26 Firewood

61 4335 27 34 JL,
121 4341 27 24 m
159 4341 86 31 length
253 4344 45 25 not
305 4350 57 17 orer
373 4344 16 23 2
397 4343 63 29 feet..
480 4344 110 25 Tenders

56 4379 25 23 to
93 4377 29 25 be
135 4379 55 24 sent
197 4379 26 24 to
232 4379 43 24 the
287 4379 134 26 Chairman
434 4380 28 25 of
471 4381 44 24 the
526 4381 65 26 East
602 4403 3 2 .

56 4417 96 25 Oxford
164 4417 90 26 School
261 4418 154 31 Committee,
426 4428 34 17 on
471 4428 28 17 or
507 4420 84 26 before

54 4457 74 26 MAY
144 4458 70 25 29th.

145 191 348 43 SEVILLE
529 191 167 41 AND
743 192 391 44 COlvEPjkirsr

82 253 301 29 ENGINEERS
412 253 107 27 AND
550 252 164 28 CYCLE
745 254 451 30 MANUFACTURERS

61 306 65 26 have
136 306 40 25 for
186 307 50 25 sale
247 314 16 17 a
273 306 128 32 shipment
412 305 27 26 of
480 304 103 27 ORION
627 306 88 31 cycles.
728 306 48 25 No.
789 307 24 29 1,
826 308 53 23 £12
896 310 45 22 10s
950 316 6 21 ;
991 308 48 26 No.
1052 312 25 26 2,
1094 311 52 23 £14
1164 312 53 23 10s.

240 376 66 26 Cash
315 383 26 18 or
352 383 57 24 easy
419 374 124 33 payment,
589 372 83 33 Every
683 373 116 26 machine
810 376 159 29 guaranteed.

164 450 145 26 Illustrated
320 449 49 25 and
379 447 153 32 Descriptive
543 447 151 32 Catalogues
882 449 89 31 Cycles
982 454 57 27 post
1048 451 60 25 free.

124 525 184 30 SAVILLE
333 525 28 27 &
383 522 59 34 Go.,
472 520 154 31 Colombo
641 520 137 36 Street,
807 521 352 34 CHRISTCHURCH.
