2540 4020
115 631 65 30 No.
201 630 93 40 255.]

686 635 112 31 PORT
820 637 256 31 NICHOLSON.
1102 639 226 51 SATURDAff
1349 642 210 38 MORNING,
1580 645 109 31 JUNE
1716 648 48 35 If,
1792 650 90 28 1843.

2274 651 94 41 [Vol.
2391 656 51 30 IV.

83 117 2401 153 THE

83 270 379 75 NEW
588 270 885 75 ZEALAND
1599 270 885 75 GAZETTE

83 345 2401 75 AND

83 420 961 75 WELLINGTON
1140 420 288 75 AND
1524 420 960 75 SPECTATOR.

604 518 223 39 PUBLISHED
871 521 133 38 EVERY
1049 517 260 45 WEDNESDAY
1351 525 86 38 AND
1483 526 228 39 SATURDAY
1755 530 208 39 MORNINC.

195 725 69 23 For..
273 725 117 21 London
415 725 95 25 direct,

227 760 30 19 To
265 759 43 20 tail
318 760 23 19 in
350 760 31 19 all
388 760 92 25 August,

100 790 76 35 ■JSfijiL
225 795 93 23 rriHE
346 795 46 23 fine
421 797 45 21 fast
488 796 84 28 sailing
599 797 49 28 brig

90 817 112 41 «fcj|©*
232 817 30 27 -L
370 825 178 24 NELSON,

82 845 135 38 jTlrnp3jg^
238 849 88 28 George
351 850 116 22 Maclaren
491 854 89 25 master,
602 852 46 21 will

237 876 41 22 sail
288 877 24 21 in
322 876 30 22 all
362 877 97 27 August.

64 898 157 31 555559
264 903 44 22 For
324 903 82 28 freight
422 911 25 14 or
465 912 99 20 passage,
587 905 61 28 early

235 930 137 28 application
382 931 19 21 is
414 938 119 21 necessary
543 936 23 17 to

374 963 84 23 Waitt
474 964 46 22 and
533 965 87 22 Tyser.

86 993 144 27 Wellington,
242 994 59 22 June
313 995 32 26 15,
359 996 59 21 1843.

207 1046 53 20 For
275 1046 110 26 Sydney
401 1047 97 21 direct.

211 1082 92 35 rpHE
317 1082 128 26 brigantine
468 1084 176 26 VANGUARD,

75 1113 112 23 jagQV
217 1118 33 21 •*-.
285 1108 131 22 Alexander
439 1110 95 22 Newton
554 1114 90 24 master,

224 1134 45 22 wiH
279 1142 24 14 sa
304 1135 16 21 il
329 1135 7 21 i
339 1142 15 14 n
364 1143 14 14 a
386 1136 41 21 few
439 1136 62 28 days.

56 1156 148 39 jHSsg^SM
251 1161 45 22 For
305 1162 84 26 freight
406 1169 25 14 or
446 1170 101 20 passage,
559 1163 86 28 having

195 1195 5 11 r
224 1188 110 22 excellent
342 1190 203 21 accommodations
552 1190 35 22 for
594 1198 50 20 pas-

226 1223 98 20 sengers,
335 1216 68 27 apply
413 1218 23 20 to
452 1216 38 22 the
507 1218 95 26 Captain
614 1225 29 14 on

56 1242 75 28 board,
144 1251 24 14 or
178 1246 22 19 to

376 1269 82 22 Waitt
473 1270 44 21 and
530 1270 86 23 Tyser.

81 1296 143 28 Wellington,
236 1297 62 22 June
308 1298 20 25 6,
341 1298 62 20 1843.

178 1348 119 21 Wanted
311 1350 30 19 to
358 1348 159 27 Exchange,

57 1382 48 47 A
120 1380 147 22 COUNTRY
291 1380 140 27 SECTION,
447 1380 44 21 No.
511 1381 27 22 37
557 1388 30 14 on
608 1380 37 22 the

134 1407 129 26 Surveyor's
282 1406 65 27 Plan,
364 1406 82 22 chosen
465 1407 30 26 by
514 1409 44 20 Mr.
579 1407 65 22 Child

57 1438 22 18 at
93 1434 37 21 the
146 1434 136 26 Manawatu,
299 1433 35 21 for
350 1440 29 14 an
397 1433 131 22 unselected
543 1435 101 26 Country

57 1461 87 21 Section
152 1460 26 22 in
187 1460 38 22 the
235 1460 61 22 First
305 1460 141 22 Settlement.
476 1461 75 27 Apply
562 1465 24 17 to

341 1493 36 22 W.
392 1491 29 24 V.
437 1493 108 28 Brewer,
562 1494 53 28 Esq.

83 1521 113 27 February
208 1521 32 26 17,
253 1522 61 20 1843.

60 1566 86 50 FOR
159 1566 85 26 SALE,
261 1573 29 14 ex
303 1567 117 25 Margaret,
432 1566 49 26 &c,

127 1594 28 20 25
169 1594 77 20 tierces
256 1593 57 27 beef,

82 1621 14 21 3
110 1623 48 18 tons
168 1620 95 21 colonial
274 1619 52 28 hay,

82 1649 14 19 3
110 1649 49 19 tons
169 1647 61 21 Siam
239 1653 74 21 sugar,

83 1676 26 20 30
122 1674 84 20 barrels
215 1674 86 21 bottled
311 1673 42 27 ale,

82 1702 27 20 50
122 1701 68 21 boxes
199 1703 43 21 tea,

82 1729 26 20 50
123 1727 38 21 ash
175 1734 55 19 oars,

82 1756 26 20 30
122 1757 49 18 tons
181 1754 55 27 coal,

82 1781 58 27 Port,
151 1781 83 27 sherry,
246 1781 45 21 and
305 1781 104 22 Madiera
417 1781 25 22 in
449 1801 2 5 ,
456 1781 77 27 bottle,
544 1781 97 22 Ruther-

59 1808 44 21 ford
113 1808 43 21 and
166 1808 94 27 Drurj's
270 1808 78 27 brand,

82 1835 99 27 Liquevs,
192 1835 22 21 in
225 1835 72 21 dozen
308 1842 69 20 cases,

82 1862 148 26 Champagne,

82 1888 96 27 Brandy,
188 1896 56 18 rum,
256 1888 44 22 and
309 1889 39 26 gin
358 1889 23 21 in
392 1888 73 27 hhds.,

80 1917 26 19 30
120 1919 49 17 tons
178 1915 49 21 best
237 1915 92 27 Sydney
341 1915 65 27 flour,

82 1943 26 20 50
123 1945 50 19 tons
183 1942 87 22 Chilian
281 1942 65 27 flour,
359 1950 28 14 ex
399 1943 104 25 Cheerful.

52 1994 4 3 .
369 1976 83 23 Waitt
466 1977 44 22 and
525 1978 86 21 Tyser.

58 2020 62 47 TO
139 2020 39 21 BE
198 2020 86 25 SOLD,
300 2020 24 21 in
339 2020 43 22 lots
396 2023 23 19 to
439 2022 45 21 suit
501 2022 138 27 purchasers

118 2046 38 21 the
165 2046 76 24 iwhole
260 2046 25 21 of
296 2049 59 19 town
372 2055 48 14 acre
437 2048 44 22 No.
493 2051 46 23 134,
557 2056 29 14 on
601 2048 38 22 the

55 2072 48 26 plan
115 2072 26 21 of
144 2072 37 21 the
185 2072 67 21 Town
260 2072 24 21 of
288 2073 142 27 Wellington,
436 2074 85 28 having
526 2076 113 27 frontages

55 2102 19 17 to
84 2098 190 23 Taranaki-slreet
283 2099 45 21 and
340 2100 193 27 Ingestrie-street.
562 2103 77 21 Terms

53 2125 81 22 liberal.
164 2126 74 27 Appty
249 2129 22 18 to

388 2154 36 22 W.
436 2154 28 22 V.
476 2155 108 28 Brewer,

446 2186 193 24 Manners-street.

300 2236 90 20 Seeds.

57 2270 66 48 ON
135 2270 84 26 SALE,
230 2272 24 19 at
262 2270 38 21 the
310 2270 86 20 Gazette
402 2270 77 28 Office,
488 2271 23 22 in
518 2272 121 26 quantities

129 2300 22 17 to
158 2297 44 21 suit
211 2296 138 28 purchasers,
360 2297 37 22 the
407 2297 114 27 following
529 2298 65 22 seeds
602 2307 6 13 :—:
610 2310 28 4 —

79 2330 73 22 Sword
162 2329 106 28 long-pod
280 2330 64 27 bean,
647 2332 2 23 i

79 2362 117 27 Long-pod
206 2363 64 26 bean,

80 2396 106 26 Speckled
196 2396 72 22 dwarf
275 2396 85 28 kidney
370 2396 63 28 bean,
556 2418 6 5 .
590 2408 4 3 -

80 2422 70 22 Broad
160 2423 66 26 bean,

79 2449 73 22 Horse
160 2450 67 26 bean,

79 2476 82 21 Scarlet
171 2484 90 18 runner,

79 2502 65 28 Early
154 2503 109 22 Warwick
273 2511 48 20 pea,

79 2530 66 27 Early
155 2530 115 22 Mazarine
280 2538 49 19 pea,

79 2556 102 22 Prussian
192 2557 50 22 blue
253 2564 48 20 pea,

79 2582 105 23 Nonsuch
193 2592 49 19 pea,

79 2610 54 22 Blue
142 2611 99 26 imperial
252 2618 49 20 pea,

79 2637 90 26 Spanish
179 2637 71 23 dwarf
256 2645 49 20 pea,

79 2663 68 28 Large
157 2665 97 27 cabbage
265 2665 90 27 lettuce,

79 2690 128 23 Drumhead
216 2691 98 28 cabbage
324 2692 91 28 lettuce,

78 2717 100 28 Cabbage
189 2718 88 27 lettuce,
522 2717 7 11 v

77 2744 73 22 White
160 2745 77 22 selesia
246 2746 89 27 lettuce,

79 2770 76 23 Brown
164 2772 45 22 and
218 2773 66 21 white
293 2780 51 19 goss
354 2773 88 28 lettuce,

78 2797 110 23 Battersea
199 2799 106 27 cabbage,

78 2824 126 23 Drumhead
214 2826 107 28 cabbage,

77 2850 47 22 Red
134 2852 75 22 Dutch
219 2853 107 27 cabbage,

78 2877 89 23 Puller's
176 2879 59 28 early
244 2879 108 28 cabbage,

79 2904 68 23 Vanal
157 2907 105 26 cabbage,

77 2930 102 24 Prussian
188 2933 67 22 white
265 2933 82 28 turnip,

76 2957 83 24 Yellow
168 2960 76 22 Swede
256 2961 81 27 turnip,
369 2965 4 5 '

76 2984 77 28 Purple
161 2989 38 25 top
210 2987 77 22 Swede
298 2988 80 27 turnip,

76 3011 71 23 White
157 3017 63 17 stdne
230 3015 82 26 turnip,

75 3037 73 24 White
157 3039 57 22 horn
222 3041 83 27 turnip,

75 3064 69 23 Silver
152 3066 79 22 leaved
240 3067 60 27 beet,

74 3091 48 22 Red
131 3093 58 26 beet,

73 3117 74 23 White
156 3119 60 26 beet,

73 3144 108 27 Mangold
189 3145 100 27 wurtzel,

72 3171 141 27 Altringham
224 3175 79 24 carrot,

73 3198 67 27 Early
149 3199 55 21 horn
214 3202 80 24 carrot,

73 3224 63 28 Long
145 3232 80 20 orange
237 3229 78 24 carrot,

73 3250 74 24 White
156 3253 106 27 mustard,

73 3278 80 23 Curled
162 3286 65 21 cress,
627 3293 7 11 

72 3304 63 29 Long
144 3305 79 23 scarlet
232 3306 82 27 radish,

72 3330 72 24 White
153 3333 74 28 turnip
235 3333 83 28 radish,

72 3358 48 22 Red
127 3359 75 25 turnip
211 3360 83 27 radish,

73 3385 129 28 Strasburgh
212 3387 75 27 onion,

72 3411 77 24 Brown
159 3413 97 28 Spanish,
265 3414 74 28 onion,

73 3438 94 29 Parsnip,

72 3464 80 24 Curled
160 3466 95 27 parsley,

74 3491 71 23 Green
155 3493 76 21 curled
244 3493 79 24 endive

73 3516 104 26 Batavian
187 3519 87 28 endive,

73 3543 65 30 Leek,

73 3570 130 29 Asparagus,

74 3596 39 23 Sea
121 3598 59 28 kail;-

74 3622 69 24 Globe
152 3633 85 20 savoys,
462 3638 8 10 /

75 3648 76 25 Curled
160 3652 91 28 brocoli,

73 3674 47 24 Red
127 3678 56 23 solid
192 3679 75 28 celery
275 3680 47 24 and
330 3681 67 23 white
407 3683 82 28 oelery,

74 3709 97 17 summer
180 3713 85 22 savory,
381 3723 2 8 ,

73 3728 82 25 Winter
162 3739 85 21 savory,

73 3779 88 31 Thyme,

73 3805 95 27 Brussels
178 3816 90 25 sprouts,
279 3805 35 29 -M

72 3831 88 33 Borage,
278 3831 9 12 J
288 3839 29 15 v

72 3859 117 31 Angelica,,

72 3884 87 32 Salsafy,

72 3911 73 29 Sorell,

72 3936 116 33 LarentUt,

710 727 65 21 Just
797 729 115 25 opened,
927 731 56 19 and
997 730 44 22 fox
1062 732 61 20 Sale
1143 732 39 27 by
1196 734 45 20 the

877 757 197 26 undersigned,

683 787 251 36 GENTLEMEN'S
955 790 145 28 Wellington,
1120 792 63 28 drab,
1203 793 64 22 black

683 812 54 24 vJ
762 814 89 27 button,
863 815 44 22 and
916 816 107 23 Clarence
1033 818 72 27 boots,

708 840 105 28 Blucher,
825 842 112 27 Oxonian,
949 844 44 21 and
1008 844 57 27 ligbt
1080 845 97 28 walking
1194 846 73 27 shoes,

707 867 110 28 Working
826 869 70 21 men's
907 870 75 21 nailed
994 870 50 22 half
1051 871 70 28 boots,

708 893 67 28 Boys'
787 894 64 22 shoes
861 895 44 22 and
914 899 61 19 stout
983 897 51 22 Half
1040 898 70 27 boots,

708 920 67 22 Girls'
793 922 42 21 and
850 922 121 23 children's
987 924 66 22 shoes
1063 925 47 22 and
1119 925 61 22 cloth
1189 926 78 22 button

679 947 72 27 boots,

707 974 90 22 Ladies'
825 975 60 22 cloth
913 976 72 28 boots,
1013 977 156 23 double-soled
1193 979 72 27 shoes,

680 1000 114 28 Morocco,
804 1001 88 28 lasting,
902 1004 44 21 and
956 1004 87 22 French
1054 1009 75 23 carpet
1138 1006 99 27 slippers,

706 1027 48 22 The
773 1029 70 21 above
861 1030 88 21 articles
963 1037 38 15 are
1020 1031 27 21 of
1062 1039 13 14 a
1094 1039 55 20 very
1168 1032 99 27 superior

679 1052 142 29 description.

707 1081 37 20 An
754 1084 132 20 assortment
895 1083 24 21 of
927 1084 133 28 Stationery,
1071 1086 123 26 consisting
1203 1086 33 21 of:
1237 1097 29 4 —

706 1106 58 28 Post,
776 1108 59 22 bank
846 1110 43 21 and
899 1110 97 27 foolscap
1006 1118 75 24 paper,

705 1133 82 28 Demy,
798 1134 102 28 blotting,
911 1137 44 21 and
968 1138 101 26 imperial
1079 1145 47 21 cap,

701 1160 176 25 ..Memorandum
888 1163 75 27 books,
975 1164 106 27 assorted,

707 1186 90 27 Oblong
807 1188 89 28 clasped
904 1190 74 26 pencil
989 1190 74 28 books,

705 1213 83 22 Collins
792 1214 4 7 1
806 1213 113 29 indelible,
931 1217 108 26 assorted,

704 1239 105 23 Account
819 1240 75 29 books,
905 1243 58 21 from
975 1250 42 15 one
1028 1244 63 27 quire
1100 1245 109 27 upwards,

704 1265 95 29 Wafers,
811 1268 85 27 sealing
906 1276 55 19 wax,
975 1270 45 21 and
1029 1270 40 22 ink
1078 1271 107 28 powders,

704 1293 91 22 Artist's
805 1295 91 27 pencils,
903 1296 61 26 good
972 1296 93 28 writing,
1073 1298 46 21 and
1129 1299 134 27 carpenter's

677 1319 69 28 leads,

705 1346 61 21 Steel
775 1354 55 20 pens
840 1348 45 21 and
894 1356 43 20 pen
949 1348 96 29 holders,

706 1374 8 19 1
720 1374 10 19 1
743 1373 49 22 doz.
804 1374 90 22 Smith's
905 1383 56 22 copy
971 1376 60 26 slips,

705 1399 99 23 Gillott's
814 1401 75 22 school
899 1409 61 20 pens,
972 1403 73 27 quills,

703 1426 134 28 Envelopes,
849 1429 99 22 national
958 1430 76 21 school
1043 1430 73 28 slates,

704 1453 82 28 Coffee,
797 1458 42 22 tea,
851 1455 42 22 and
903 1456 85 21 refined
998 1463 72 21 sugar,

703 1479 76 23 Prime
789 1481 57 22 Cork
855 1482 74 22 butter
938 1484 23 20 in
971 1483 84 27 firkins,
1067 1491 24 15 or
1100 1485 31 27 by
1140 1485 39 22 the
1189 1485 73 22 dozen

675 1507 93 27 pounds,

701 1534 29 21 40
743 1534 84 21 barrels
835 1535 109 27 superfine
954 1536 122 23 American
1088 1538 64 27 flour,

702 1560 121 23 American
834 1562 109 27 chopping
953 1570 61 20 axes,
1025 1564 49 21 iron
1084 1568 37 18 tea
1130 1565 86 28 kettles,

701 1588 13 19 5
730 1591 50 18 cwt.
801 1588 121 23 Rodway's
942 1594 78 22 patent
1044 1590 65 23 horse
1133 1592 64 21 shoes
1214 1592 46 22 and

674 1613 63 27 nails,

702 1639 75 23 Hall's
787 1641 59 27 glass
855 1642 142 28 gunpowder,
1006 1644 89 27 powder
1103 1644 75 29 flasks,
1211 1665 3 3 .

702 1667 66 27 Ivory
793 1668 95 22 handled
915 1677 83 20 razors,
1024 1672 130 22 Cowovan'a
1175 1673 84 22 Canton

672 1700 64 15 razor
745 1694 136 28 sharpeners,

701 1721 119 27 Crockery,
835 1722 115 28 including
969 1724 86 28 dinner,
1075 1726 121 28 breakfast,
1213 1727 46 21 and

673 1750 37 19 tea
720 1748 103 27 services,

700 1774 56 22 Fine
766 1778 38 19 cut
814 1776 105 22 tumblers
929 1778 46 21 and
983 1778 59 22 wine
1051 1778 90 28 glasses,

700 1801 95 27 Pickles,
806 1802 92 27 vinegar
912 1804 24 21 in
951 1804 67 28 pints,
1029 1805 74 22 lemon
1117 1806 68 28 juice,
1197 1808 60 21 salad

672 1827 37 27 oil,
721 1835 83 21 capers,
816 1837 83 19 sauces,
909 1831 107 28 mustard,
1027 1833 62 27 pearl
1102 1833 84 28 barley,
1197 1841 59 20 sago,

672 1855 104 27 oatmeal,
789 1856 44 22 and
844 1857 92 27 tapioca,

698 1881 71 22 Fresh
780 1882 86 23 salmon
875 1884 45 21 and
930 1891 65 21 soups
1005 1885 24 22 in
1039 1886 112 28 canisters,

699 1908 112 23 Hockins'
822 1914 76 23 patent
907 1912 87 21 seidlitz
1004 1912 24 21 in
1040 1913 107 28 powders,

699 1936 59 21 Soda
768 1936 45 22 and
822 1937 78 27 ginger
909 1938 54 21 beer
972 1940 105 26 powders,

698 1962 170 28 Ra&pberryade
877 1964 45 22 and
933 1965 148 23 Cheltenham
1091 1967 60 27 salts,
1159 1973 5 3 -

698 1989 82 21 Steer's
799 1990 125 27 opodildoc,
941 1992 98 23 James's
1055 1994 99 25 powder,
1158 1994 103 24 .BflU?v';i

670 2015 146 27 carminitive,

698 2041 80 22 Brown
790 2042 109 28 Windsor,
910 2044 74 28 fancy,
996 2044 44 23 and
1049 2044 93 28 shaving
1152 2053 70 21 soaps,

698 2068 97 22 Essence
811 2070 25 21 of
846 2071 86 26 ginger,
948 2070 87 29 brandy
1048 2072 85 28 bitters,
1149 2074 107 21 aromatic

671 2101 98 20 vinegar,
782 2096 162 23 inexhaustible
955 2098 60 26 salts,

699 2121 136 23 Permanent
843 2124 46 26 ink,
902 2125 105 26 scouring
1016 2125 72 27 drops,
1098 2126 97 27 pastiles,

698 2147 49 22 Salt
757 2149 26 20 of
789 2149 89 28 lemons,
891 2154 63 18 court
962 2151 98 28 plaister,

698 2175 121 22 Lavender
827 2180 68 19 water
904 2178 48 21 Eau
963 2178 27 21 de
1001 2178 106 28 Cologne,

698 2201 69 22 Bears
775 2210 85 20 grease,
871 2204 50 22 cold
931 2211 82 21 cream,
1024 2213 111 14 macassar
1144 2206 37 27 oil,
1193 2206 62 22 tooth

670 2228 95 27 powder,
778 2231 48 25 &c,

698 2255 89 22 Ladies'
802 2257 89 22 tortoise
906 2258 56 21 shell
978 2258 48 22 side
1042 2260 84 26 combs,
1145 2260 110 27 dressing,

670 2281 48 24 and,
725 2282 65 22 small
801 2285 60 20 tooth
873 2285 82 21 combs.

698 2309 64 27 Hair,
794 2310 68 28 tooth,
893 2312 51 26 nail,
975 2312 100 28 shaving,
1101 2314 44 21 and
1174 2314 82 21 clothes

670 2336 99 27 brushes,

698 2362 78 28 Slates,
788 2364 56 21 slate
852 2364 87 28 cistern,
950 2365 99 27 hearths,
1060 2366 106 28 chimney
1176 2368 79 26 pieces,

698 2389 80 22 Hones
788 2391 44 22 and
841 2392 103 26 chimney
954 2396 56 23 pots,

696 2416 56 22 And
767 2425 119 16 numerous
902 2420 64 21 other
980 2420 94 27 articles,
1086 2420 73 23 which
1169 2421 44 22 will
1228 2422 28 21 be

669 2443 48 22 sold
727 2451 54 20 very
790 2444 49 28 low,
851 2446 35 21 for
895 2446 53 21 cash
958 2446 60 27 only,
1030 2447 30 27 by

893 2480 22 22 J.

763 2506 111 22 Lambton
884 2507 71 27 Quay,
967 2515 55 14 near
1032 2508 37 22 the
1079 2509 59 21 Post'
1143 2509 77 27 Office,
1232 2516 24 15 or

892 2539 77 22 James
983 2540 110 28 Jackson,

1028 2575 111 21 Lambton
1155 2575 72 28 Quay.

696 2599 61 22 June
766 2601 22 26 2,
801 2601 59 21 1843.

855 2655 43 21 Ex

670 2692 103 37 i\i\(\
803 2694 100 22 BAGS
932 2695 101 27 RICE,

802 2721 41 22 350
858 2721 52 27 bags
920 2722 46 21 fine
976 2722 67 22 white
1054 2730 72 20 sugar,

803 2749 41 20 900
858 2748 53 27 bags
920 2749 77 21 brown
1008 2756 73 21 sugar,

696 2774 40 21 150
750 2773 54 27 bags
814 2775 76 27 coffee,

695 2801 92 26 150,000
799 2801 97 23 Manilla
905 2802 78 28 cigars,
995 2803 44 22 No.
1049 2804 20 26 3,

693 2827 29 21 50
736 2834 62 15 cases
808 2827 45 28 gin,

694 2855 26 21 25
736 2854 65 22 casks
811 2862 56 21 rum,

693 2881 59 21 Teas
761 2881 27 21 of
799 2881 49 23 first
863 2882 92 28 quality,
968 2883 43 22 viz.
1012 2895 28 4 —
1041 2891 80 20 congo,
1133 2884 120 28 souchong,

668 2907 125 28 poucbong,
804 2909 77 27 pekoe,
891 2909 45 22 and
945 2911 145 27 gunpowder,

694 2935 98 21 Manilla
801 2942 60 20 rope,
872 2937 99 21 assorted
981 2937 64 27 sizes,

694 2961 101 29 Pepper,'
800 2962 126 27 cinnamon,
938 2964 39 21 &c.
989 2964 41 21 &c.

846 2996 131 28 RIDGWAYS,
996 2998 107 27 GUYTON,
1119 3000 21 21 &
1154 2999 71 23 EaRF.

693 3029 141 28 Wellington,
844 3030 56 28 May
910 3031 33 27 17,
955 3032 61 27 1543.

720 3082 40 20 To
776 3083 83 20 stand
874 3084 28 19 to
918 3088 81 16 cover
1019 3084 55 21 this
1089 3090 110 21 season,

825 3117 31 20 At
865 3118 141 25 Berhampore
1016 3119 72 26 Fatm,

667 3150 92 21 rriHE
785 3150 50 22 well
863 3151 80 22 known
971 3152 111 28 thorough
1106 3154 55 22 bred
1188 3156 63 21 horse

673 3175 29 23 X.
729 3176 99 27 Figaro,
839 3177 37 22 the
886 3182 104 25 property
1001 3180 26 21 of
1034 3180 78 23 James
1121 3181 69 28 Watt,
1199 3182 51 28 Esq.

692 3202 81 27 Figaro
783 3210 44 14 was
835 3204 75 22 foaled
919 3206 24 21 in
954 3206 132 28 December,
1103 3208 61 28 1837,
1174 3213 39 23 got
1223 3210 29 26 by

664 3229 119 28 Operator,
795 3229 51 23 dam
859 3231 107 22 Adelaide
975 3232 33 27 by
1016 3234 105 23 Teorum.

663 3266 8 17 7
681 3279 4 6 r
693 3255 112 28 Operator
813 3264 45 15 was
868 3258 74 21 foaled
950 3258 25 21 in
989 3261 60 25 1832,
1060 3264 40 23 got
1110 3262 30 27 by
1149 3262 101 27 Emilius,

654 3281 67 23 -dan*
726 3282 124 23 Worthless
859 3284 30 28 by
900 3285 97 27 Walton,
1009 3289 40 19 out
1057 3288 25 21 of
1089 3288 124 24 Altisidora
1222 3290 29 26 by

665 3308 61 23 Dick
735 3309 116 23 Andrews.

692 3340 74 28 Every
774 3341 107 23 attention
889 3342 47 24 will
949 3343 29 23 be
992 3344 55 28 paid
1056 3347 21 20 to
1086 3352 75 17 mares
1167 3350 52 20 sent
1227 3351 23 18 to

664 3366 55 23 him.

692 3394 105 28 Charges,
823 3395 53 22 with
898 3400 129 25 guarantee,
1053 3406 68 16 seven
1143 3401 116 27 guineas;,

664 3420 94 23 without
772 3426 128 24 guarantee,
918 3424 44 21 five
976 3425 101 28 guineas,
1088 3433 120 21 groomage
1216 3429 32 21 in-

664 3448 89 23 cluded.

691 3481 144 30 Wellington,
848 3484 96 22 October
952 3486 35 26 25,
999 3486 61 22 1832.

856 3536 25 20 J.
896 3537 39 21 M.
950 3537 110 27 Taylor,

653 3568 177 23 -LICENSED
855 3570 240 25 CUSTOM-HOUSE
1119 3573 115 28 AGENT,

783 3617 9 12 <,
909 3609 29 16 TE
952 3610 52 15 ARO.

663 3644 80 49 ON/-
751 3645 85 27 SALE,
845 3649 24 18 at
876 3646 38 22 the
924 3647 76 22 Stores
1009 3648 26 22 of
1041 3648 37 23 the
1088 3649 158 27 undersigned,

740 3679 29 14 ex
779 3673 100 20 Scotia—

770 3703 76 28 Flour,

769 3730 65 28 Rice,

769 3757 79 27 Sugar,

768 3783 99 29 Brandy,

767 3810 92 23 Bottled
868 3811 35 23 ale
912 3812 45 22 and
967 3815 84 25 porter,
1062 3813 102 27 Dunbar,

902 3845 99 22 Tbomai
1016 3846 39 22 M.
1065 3847 151 22 Machattii.

686 3874 66 28 April
761 3876 20 27 7,
792 3878 61 22 1843.

666 3923 86 24 TUST
764 3925 134 27 OPENED,
904 3927 45 22 and
959 3934 30 15 on
999 3928 51 22 Sale
1059 3917 23 32 ai
1091 3928 39 22 the
1140 3928 71 23 Offiet
1221 3928 27 23 of

657 3953 27 20 V
721 3951 45 23 thii
775 3951 78 31 Paper,
863 3953 39 22 ink
911 3953 78 23 stands
997 3954 28 23 of
1030 3954 90 23 various
1129 3954 64 25 rise*.

1461 736 116 22 THIS
1614 738 107 22 DAY.

1501 771 95 20 Public
1611 772 68 20 Sale.

1297 800 163 37 ,^l/TESSRS.
1485 803 148 22 BETHUNE
1658 805 66 21 AND
1746 805 139 23 -HUNTER

1300 826 61 23 -LVX
1390 829 44 22 will
1444 828 41 24 sell
1495 830 29 27 by
1533 830 105 28 Auction,
1650 835 22 17 at
1683 832 111 22 Lambton
1808 833 75 27 Quay,

1299 859 29 18 m
1346 854 109 29 Saturday
1466 856 52 26 (this
1533 856 60 28 day),
1606 858 37 21 the
1654 858 52 22 17th
1715 858 61 27 inst,
1788 863 24 17 at
1826 859 59 23 half-

1297 880 50 26 #t
1357 882 25 21 12
1392 882 92 27 o'clock,
1494 883 116 29 positively
1620 884 193 24 without-reserve
1820 894 5 14 :
1827 897 29 5 —

1293 915 134 114 fbags,
1438 917 68 21 about
1514 922 43 17 two
1568 921 48 18 tons
1625 918 46 22 fine
1683 912 73 34 stig&r,

1365 941 60 28 bags,
1434 943 68 22 about
1511 950 50 15 one.
1561 947 38 19 ton
1607 944 163 27 yeHo'wTOgar,

1364 968 78 22 firkins
1453 969 57 22 Cork
1518 971 82 27 butter,'
1688 980 2 6 ■
1723 979 5 4 ~

1352 993 154 25 cases'bottled
1516 997 73 27 cyder,

1323 1029 13 11 0
1350 1026 63 16 cases
1423 1026 96 24 sautern,

1312 1051 3 5 '
1323 1047 13 21 8
1352 1054 60 15 cases
1421 1048 83 28 sherry,

1302 1072 34 24 >33
1350 1073 64 23 hhds.
1426 1075 75 27 claret,

1321 1101 15 21 3
1350 1107 61 15 cases
1421 1101 78 28 cigars,

1323 1127 40 21 100
1458 1129 96 27 candles,

1321 1153 42 26 .100
1377 1154 90 22 bushels
1476 1155 62 28 bran,

1323 1181 10 21 1
1350 1184 37 18 ton
1398 1181 62 27 nails,

1321 1207 14 21 5
1350 1207 64 22 casks
1430 1209 98 22 assorted
1542 1210 164 29 ironmongery,
1724 1213 129 27 containing
1853 1225 30 4 —

1293 1239 86 21 screws,
1401 1235 113 28 padlocks,
1534 1236 85 28 hinges,
1636 1238 77 27 frying
1726 1246 63 20 pans,
1806 1240 73 28 brads,

1294 1261 48 26 &c,
1356 1261 118 28 hammers,
1485 1263 83 26 garden
1578 1265 87 21 trowels
1674 1265 45 22 and
1729 1266 65 27 reels,
1806 1266 73 28 pliers,

1294 1289 138 26 turnscrews,
1444 1296 60 19 axes,
1514 1289 124 28 plasterers'
1650 1292 45 21 and
1706 1292 64 22 other
1780 1293 99 27 brushes,

1293 1313 130 23 brass-ware
1434 1316 44 21 and
1488 1313 122 30 Escutions,
1622 1318 41 22 &c.
1674 1319 49 26 &c,

1320 1341 29 22 50
1362 1341 54 22 sVits
1425 1343 121 25 gambroon
1557 1343 106 28 clothing,

1321 1369 10 20 1
1349 1368 69 22 dozen
1442 1370 114 22 rosewood
1580 1371 44 21 and
1642 1371 128 28 mahogany
1791 1374 90 27 writing

1293 1393 72 28 desks,
1378 1394 100 29 dressing
1488 1403 68 20 cases,
1568 1397 49 26 &c,

1320 1421 55 22 And
1385 1422 85 22 various
1481 1422 64 22 other
1550 1424 77 26 goods.

1321 1455 60 22 June
1391 1456 34 26 15,
1438 1457 61 21 1843.

1366 1508 106 21 Nelson
1486 1509 180 27 Preliminary
1681 1511 119 21 Section.

1293 1541 92 57 MR.
1410 1541 219 23 FITZHERBERT
1655 1543 41 21 has
1719 1545 103 21 received
1846 1546 33 21 in-

1374 1569 118 21 structions
1503 1572 22 18 to
1536 1569 53 22 offer
1596 1570 33 21 for
1639 1570 75 27 public
1724 1573 153 26 competition,

1468 1603 61 20 ISO
1561 1604 132 23 ACRES

1291 1628 28 21 of
1330 1628 69 22 Rural
1410 1628 65 23 Land
1484 1630 23 21 in
1519 1630 37 21 the
1567 1631 85 22 Nelson
1664 1632 135 28 settlement,
1811 1634 66 27 being

1291 1655 51 22 No.
1357 1656 18 20 3
1384 1656 24 21 in
1418 1656 73 22 Order
1500 1658 25 20 of
1533 1658 88 22 Choice.

1319 1682 23 21 It
1351 1682 18 22 is
1389 1682 111 23 sufficient
1515 1686 23 19 to
1554 1692 38 19 say
1601 1686 49 21 that
1667 1686 45 22 Mr.
1723 1687 103 27 Tuckett,
1838 1688 38 22 the

1279 1723 5 4 -
1291 1708 117 28 Surveyor,
1419 1710 19 21 is
1455 1710 127 23 authorised
1596 1715 22 18 to
1636 1713 68 21 select
1714 1713 42 21 this
1774 1715 103 21 valuable

1390 1743 224 24 PRELIMINARY
1638 1747 140 27 SECTION,

1345 1769 72 23 which
1436 1771 43 21 will
1495 1772 105 28 probably
1617 1773 29 21 be
1662 1772 65 23 made
1741 1774 25 22 in
1784 1775 36 22 the

1290 1802 83 24 COAL
1394 1804 146 23 DISTRICT
1554 1806 38 22 OF
1614 1807 168 23 MASSACRE
1803 1809 70 23 BAY.

1317 1829 47 23 The
1376 1831 49 22 Sale
1436 1832 43 21 will
1490 1832 50 22 take
1549 1833 62 27 place
1622 1841 29 14 on
1658 1834 110 28 Tuesday,
1778 1836 37 21 the
1822 1837 61 24 27tli»

1290 1856 67 28 June,
1364 1861 24 18 at
1397 1865 42 15 one
1449 1858 92 28 o'clock,
1549 1863 22 18 at
1581 1860 36 22 the
1624 1861 158 23 Auctioneer's
1792 1870 82 21 rooms,

1290 1884 26 21 of
1322 1884 73 23 whom
1404 1885 86 22 further
1498 1886 130 27 particulars
1638 1895 51 20 may
1698 1889 28 21 be
1736 1889 115 23 obtained.

1448 1937 3 4 .
1483 1925 74 15 TERMS
1571 1926 28 15 AX
1607 1927 70 14 .SALE.

1316 1948 55 28 May
1380 1950 34 25 26,
1427 1950 60 21 1843.

1288 1992 122 33 &iuntry
1422 2001 128 21 Sections
1567 2003 43 20 for
1628 2004 65 19 Sale,
1709 2011 37 14 on
1766 2006 111 21 Liberal

1531 2028 101 21 Terms.

1290 2052 163 49 SEVERAL
1488 2053 100 23 Sections
1615 2056 27 21 of
1672 2056 103 28 Country
1802 2058 72 28 Land,

1354 2079 89 28 already
1453 2079 82 23 chosen
1544 2081 24 22 in
1579 2081 36 22 the
1629 2082 94 23 Porirua
1737 2084 92 28 district,
1841 2086 36 21 for

1289 2105 58 27 Sale,
1357 2113 75 15 terms
1442 2114 104 15 liberal.
1575 2109 76 27 Apply
1660 2113 23 18 to

1383 2140 25 22 F.
1423 2141 28 21 A.
1467 2142 169 27 MoLEiwoRTH,
1653 2143 186 30 Murphy-street,
1851 2154 26 14 or

1384 2168 33 21 W.
1434 2168 28 21 V.
1477 2169 106 28 Brewer,
1593 2169 196 24 Manners-street.

1450 2221 57 21 Oil!
1529 2222 68 21 Oil!!
1621 2223 88 21 Oil!!!

1290 2253 92 49 THE
1397 2254 75 22 BEST
1486 2255 88 22 LAMP
1589 2256 52 21 OIL
1651 2256 23 22 in
1685 2256 144 29 Wellington,
1841 2261 31 20 3s.

1363 2288 40 19 per
1417 2281 70 26 single
1501 2281 81 28 gallon,
1592 2283 45 22 and
1650 2285 32 20 2s.
1702 2284 35 23 9d.
1756 2286 31 26 by
1798 2286 77 27 taking

1288 2307 43 21 five
1341 2307 92 27 gallons,
1443 2311 22 18 at
1475 2308 36 21 the
1522 2309 73 22 Stores
1606 2310 25 21 of

1586 2342 32 21 M.
1634 2342 89 27 Asher,

1650 2374 111 22 Lambton
1774 2375 71 25 Quay.

1316 2398 55 27 May
1380 2400 33 24 23,
1427 2400 59 20 1843.

1472 2444 35 22 W.
1524 2445 33 22 M.
1573 2446 106 27 SMITH,

1288 2484 57 15 LATE
1357 2484 234 16 SURVEYOR-GENERAL
1602 2486 27 14 TO
1642 2486 45 15 THE
1703 2487 49 14 NEW
1769 2488 105 15 ZEALAND

1523 2512 113 20 COMPANY,

1315 2536 142 26 Surveyor,
1472 2537 210 26 Draughtsman,
1698 2539 54 20 and
1768 2540 77 20 Land

1530 2564 100 26 Agent.

1287 2593 176 29 Tinakori-road,
1476 2595 99 27 January
1587 2597 19 25 4,
1620 2597 60 21 1843.

1500 2645 21 22 J.
1550 2646 107 27 BIRD,

1288 2677 230 27 Cabinet-maker,
1534 2680 185 27 Upholsterer,
1740 2683 22 19 &
1786 2683 87 26 Paper

1521 2707 119 26 Hanger,

1470 2747 34 14 TE
1528 2747 56 14 ARO
1607 2748 82 20 FLAT,

1288 2772 268 48 RESPECTFULLY
1571 2774 82 22 solicits
1670 2783 13 13 a
1697 2776 88 26 portion
1798 2777 25 21 of
1835 2777 38 22 the

1366 2799 88 22 favours
1465 2801 25 20 of
1497 2801 37 21 the
1549 2804 78 23 gentry
1637 2802 45 22 and
1697 2803 139 23 inhabitants
1851 2806 27 20 of

1287 2825 136 28 Wellington
1434 2827 23 21 in
1473 2827 37 21 the
1525 2828 69 22 above
1611 2829 119 27 branches,
1742 2831 44 20 and
1799 2835 72 23 trusts,

1286 2851 28 28 by
1331 2853 35 21 his
1385 2854 138 22 economical
1542 2855 92 26 charges
1652 2856 45 21 and
1714 2858 117 26 attention,
1850 2862 22 17 to

1286 2879 66 21 merit
1361 2887 14 14 a
1384 2881 148 21 continuance
1543 2882 25 21 of
1577 2881 36 22 the
1622 2890 68 14 same.

1273 2917 7 5 -
1312 2906 51 22 Has
1382 2914 13 14 a
1413 2907 77 21 choice
1509 2908 116 22 collection
1644 2910 26 20 of
1690 2909 55 22 New
1771 2911 101 22 Zealand

1287 2933 79 27 woods,
1397 2933 50 22 well
1476 2935 122 27 seasoned;
1624 2943 13 14 a
1660 2937 43 21 few
1726 2936 42 22 low
1794 2938 77 26 priced

1286 2963 132 19 mattresses.

1312 2986 104 22 Families
1426 2987 82 27 having
1517 2987 59 23 their
1584 2995 47 15 own
1639 2989 113 22 materials
1759 2998 42 13 can
1813 2990 57 22 have

1285 3012 62 22 them
1357 3013 65 23 made
1432 3022 38 19 up.

1310 3047 32 22 Te
1353 3048 46 21 Aro
1410 3047 57 27 Flat,
1478 3048 55 27 May
1544 3050 34 24 12,
1589 3050 61 21 1843.

1454 3098 76 21 Meat
1551 3099 148 26 Company.

1285 3130 91 48 THE
1396 3131 234 27 UNDERSIGNED,
1650 3132 84 28 having
1752 3133 58 23 been
1831 3142 38 20 ap-

1358 3157 89 28 pointed
1463 3158 108 27 Manager
1582 3158 24 22 of
1619 3158 38 22 the
1670 3159 64 22 Meat
1744 3160 123 29 Company,

1284 3182 52 28 begs
1346 3187 23 19 to
1379 3192 116 14 announce
1505 3185 48 21 that
1568 3192 13 14 a
1590 3185 87 27 regular
1686 3187 79 27 supply
1775 3188 26 20 of
1811 3188 56 26 beef,

1283 3213 94 25 mutton,
1397 3211 46 22 and
1458 3212 56 27 pork
1531 3219 53 20 may
1601 3213 83 27 always
1702 3213 28 22 be
1749 3214 120 28 depended

1283 3243 60 21 upon
1355 3241 23 18 at
1386 3238 45 22 this
1441 3238 170 22 establishment.

1309 3264 34 21 As
1366 3264 44 22 this
1434 3265 114 28 Company
1566 3273 106 25 purposes
1690 3267 81 27 selling
1789 3271 24 19 at
1829 3268 38 22 the

1281 3290 78 22 lowest
1367 3292 72 27 prices
1448 3296 24 18 at
1486 3292 72 23 which
1566 3297 19 17 it
1598 3293 19 22 is
1625 3293 72 22 found
1706 3294 36 22 the
1752 3297 62 19 meat
1826 3302 42 15 can

1282 3316 28 23 be
1320 3318 107 28 afforded,
1438 3318 38 23 the
1484 3319 150 27 undersigned
1642 3320 18 21 is
1674 3320 53 27 only
1737 3321 128 23 authorized

1283 3347 21 18 to
1315 3344 51 27 give
1371 3352 54 20 very
1430 3345 87 23 limited
1526 3346 76 27 credit,
1609 3346 46 22 and
1662 3346 40 22 has
1708 3347 56 22 been
1773 3349 94 21 ordered

1282 3373 22 19 to
1320 3375 50 24 stop
1383 3372 32 22 all
1428 3375 103 19 accounts
1546 3373 72 22 which
1632 3380 37 14 are
1684 3377 42 18 not
1738 3374 58 27 paid,
1807 3382 59 21 upon

1283 3397 100 23 demand.

1307 3424 49 22 The
1365 3425 101 23 business
1476 3425 26 22 of
1508 3425 37 22 the
1556 3425 113 28 Company
1677 3425 20 23 is
1707 3427 86 23 carried
1802 3435 29 15 on
1841 3429 24 21 in

1282 3450 56 22 their
1354 3458 49 16 new
1417 3452 108 27 building,
1537 3452 87 22 erected
1641 3453 100 22 between
1760 3454 105 23 France's

1281 3476 71 23 Hotel
1369 3478 44 22 and
1430 3479 40 22 the
1487 3479 58 21 head
1562 3479 26 21 of
1600 3479 39 22 the
1653 3479 57 28 Bay,
1728 3481 45 21 and
1787 3482 79 27 nearly

1281 3505 99 27 opposite
1390 3508 23 19 to
1422 3506 45 22 Mr.
1478 3505 83 28 Lyon's
1571 3506 70 22 Store.

1551 3539 37 22 W.
1601 3539 102 28 Flyger,
1719 3541 117 27 Manager.

1307 3570 130 23 November
1445 3572 34 26 23,
1491 3572 60 21 1842.
1785 3584 8 12 ,

1469 3622 83 21 Fresh
1568 3623 103 26 Butter,

1278 3655 172 49 ALWAYS-
1457 3662 29 16 on
1500 3655 50 27 Sgie
1566 3659 23 20 at
1604 3657 39 22 the
1652 3657 65 23 Meat
1728 3658 136 29 Company's

1358 3683 115 27 premises.

1548 3709 37 23 W.
1599 3710 103 28 Flysbr,
1717 3712 118 28 Manager.

1304 3742 160 28 Willis-street,
1475 3743 56 22 Dee.
1542 3745 21 25 2,
1575 3745 60 21 1842.
1653 3756 7 5 -
1784 3742 8 5 '

1478 3807 5 5 .
1490 3799 8 6 •
1516 3789 109 22 Cheese.

1292 3820 20 23 A
1338 3820 118 23 SUPPLY
1464 3822 103 22 received
1573 3822 86 28 weekly
1667 3823 25 22 of
1699 3823 57 23 New
1761 3823 102 24 Zealand

1276 3844 52 25 JIX.
1355 3847 67 22 made
1432 3847 91 28 Cheese,
1530 3848 57 22 from
1596 3848 38 23 the
1641 3850 143 27 Cowpasture
1790 3850 70 28 dairy,

1275 3873 46 22 and
1330 3873 34 22 for
1372 3873 46 22 sale
1428 3877 24 18 at
1467 3874 38 23 the
1513 3874 106 28 premises
1629 3875 26 23 of
1667 3875 39 23 the
1721 3876 66 23 Meat
1796 3877 66 22 Com-

1273 3906 70 21 pany.

1395 3945 3 9 ,
1553 3927 36 22 W.
1599 3927 103 28 Flyger,
1714 3928 118 28 Manager.

1301 3952 161 28 Willu-ftrett,
1472 3953 125 22 D«o#mber
1605 3954 36 26 20,
1652 3956 61 21 1542.

1994 743 66 21 Free
2076 745 54 19 and
2144 745 139 26 Accepted
2297 746 122 23 Masons.

1917 776 90 48 THE
2022 776 170 23 BRETHREN
2207 778 26 21 of
2240 778 38 22 the
2288 779 70 22 above
2372 780 125 29 Fraternity

1989 802 45 22 will
2044 803 108 23 celebrate
2163 804 37 22 the
2215 806 91 20 Festival
2314 807 29 25 of
2355 807 36 21 St.
2403 809 56 19 John
2469 815 28 15 on

1916 828 140 28 Wednesday
2065 833 60 23 next,
2137 830 38 22 the
2185 832 49 20 21st
2243 828 49 30 day'
2296 833 25 21 of
2328 833 68 27 June,
2406 834 23 22 in
2439 834 58 22 their

1917 855 57 27 Hall,
1986 859 23 18 at
2019 856 36 22 the
2067 857 108 22 Southern
2183 858 64 22 Cross
2258 859 75 23 Hotel.
2361 860 49 22 The
2420 861 76 27 Lodge

1914 881 45 22 will
1968 883 29 22 be
2008 884 87 26 opened
2106 887 22 18 at
2137 885 14 21 4
2161 884 94 23 o'clock.

1994 913 103 29 Banquet
2107 922 26 14 on
2143 915 37 22 the
2188 916 70 22 Table
2268 914 23 24 it
2300 919 14 20 6
2322 917 93 23 o'clock.

2133 948 36 28 By
2179 950 118 22 command
2307 951 26 21 of
2341 951 37 22 the
2389 952 34 21 W.
2431 952 36 26 i/L.

1914 980 111 25 Tic&etotft
2035 982 24 20 te
2069 982 42 20 had
2119 984 23 18 at
2151 983 37 20 the
2194 983 48 21 Bar
2248 983 27 26 of
2280 984 38 20 the
2324 975 107 37 lfttfjg#
2431 993 3 12 :
2434 980 59 32 &$£

1924 1018 11 7 '■
1959 1018 14 6 «•>
1998 1010 45 22 --,*/'
2060 1021 4 5 -
2173 1011 58 20 each.
2272 1008 3 3 '

1940 1034 57 22 June
2008 1036 33 25 16,
2054 1037 61 20 1843.

1939 1087 43 19 Ex
2210 1089 54 20 and
2391 1091 78 22 York

1916 1148 102 25 OAA
2034 1150 101 23 BOXES
2151 1152 40 21 OF
2205 1152 148 28 CANDLES,

2048 1178 103 26 Superior
2161 1179 96 21 Manilla
2268 1179 76 28 cigars,

2047 1204 103 28 Superior
2162 1205 94 22 London
2269 1206 65 22 made
2348 1207 146 26 gentlemen's

1913 1228 106 31 clothing.

1941 1263 31 21 At
1981 1263 37 22 the
2030 1264 72 22 Stores
2112 1265 25 21 of

2236 1293 22 21 J.
2272 1293 35 22 M.
2322 1294 102 28 Taylor,

1940 1348 25 7 „
2004 1348 6 7 ,
2365 1326 32 22 Te
2411 1327 54 23 Aro.

1940 1348 78 21 March
2029 1350 34 25 21,
2076 1350 59 21 1843.

1912 1400 43 20 Ex
1967 1400 63 27 brig
2234 1403 70 22 from
2319 1405 171 27 Valparaiso.

1919 1436 14 24 1
1947 1435 30 23 O
1980 1436 34 24 A
2043 1438 106 23 TONS
2178 1440 147 28 FLOUR,

1916 1457 98 27 LAllf
2043 1467 37 19 ]31
2096 1465 54 28 bags
2161 1466 87 28 biscuit,

2043 1493 29 20 30
2085 1492 72 22 barrel
2166 1493 58 27 beef,

1991 1517 26 21 10
2031 1525 61 15 cases
2103 1519 86 22 French
2198 1520 60 27 fruit,

1991 1545 26 20 10
2031 1545 42 21 tins
2084 1545 56 22 Chili
2150 1548 118 25 preserved
2277 1548 60 28 fruit,

1988 1571 15 19 2
2017 1570 53 28 bags
2081 1572 56 22 Chili
2147 1573 76 22 clover
2232 1574 60 28 seed,

1989 1597 27 21 50
2029 1598 70 22 boxes
2109 1599 103 23 Sardinas
2223 1601 37 22 oil.

2057 1632 132 28 Ridqways,
2205 1635 107 28 Guytom,
2328 1635 47 23 and
2389 1637 72 23 Earf.

1937 1660 54 29 May
2001 1665 34 24 30,
2047 1665 62 21 1843.

2075 1715 89 21 Beach
2180 1717 145 28 Frontage.

1912 1747 65 47 TO
1992 1747 39 22 BE
2046 1748 65 27 LET,
2125 1749 71 22 beach
2205 1750 101 27 frontage
2320 1752 43 22 lots
2374 1753 23 21 in
2408 1757 84 19 section

1982 1775 42 20 490
2034 1781 28 14 on
2079 1775 37 22 the
2126 1776 55 21 Plan
2192 1777 26 21 of
2225 1777 37 22 the
2272 1778 67 22 Town
2353 1780 27 21 of
2386 1780 105 28 Welling-

1909 1803 45 22 ton,
1966 1801 115 27 adjoining
2090 1802 42 22 Mr.
2141 1803 88 22 Taine's
2238 1808 66 23 store;
2319 1806 45 21 and
2374 1807 22 21 in
2407 1808 83 22 section

1909 1828 46 23 616,
1963 1827 101 23 between
2071 1829 74 27 Major
2153 1830 91 22 Baker's
2254 1831 43 22 and
2306 1832 43 22 Mr.
2358 1833 132 23 Swainson's

1909 1853 86 22 houses.

1935 1881 55 22 Also
2001 1881 36 22 the
2045 1882 113 28 following
2167 1884 96 23 sections
2272 1891 30 15 on
2311 1885 37 22 the
2356 1886 56 22 Plan
2420 1887 26 22 of
2452 1888 38 21 the

1911 1914 73 20 *own,
1995 1908 45 21 viz:
2042 1919 29 5 —

2010 1936 26 19 55
2172 1938 40 20 319
2359 1941 43 20 922

1997 1962 41 21 240
2172 1964 40 21 718
2347 1967 55 21 1079

1934 1987 75 28 Apply
2023 1992 23 17 to

1958 2023 4 3 •
1987 2022 26 12 .--
2081 2015 28 22 E.
2123 2015 22 22 J.
2161 2015 149 29 Waketteld,
2325 2026 26 13 or

2082 2046 35 21 W.
2132 2047 28 21 V.
2175 2047 107 28 Brewer,
2297 2050 192 24 Manners-street.

2019 2098 43 21 Ex

1909 2130 135 48 CANE
2073 2131 163 26 SE.ATED
2265 2133 168 29 CHAIRS,

1978 2157 77 27 Fancy
2064 2161 36 18 tor
2113 2158 78 27 chairs,

1933 2183 103 28 Rocking
2046 2184 78 28 chairs,

1933 2209 101 23 Whalers
2043 2211 72 28 shoes,

1933 2236 74 23 White
2018 2237 74 23 clover
2100 2239 58 26 seed,

1933 2263 72 23 Hams
2012 2265 46 21 and
2066 2265 121 28 shoulders,

1933 2291 26 21 13
1973 2291 63 21 casks
2046 2298 54 21 very
2109 2293 97 27 superior
2220 2301 80 20 square
2309 2295 32 27 fig
2349 2296 96 28 tobacoo,
2459 2298 27 21 20

1907 2317 40 26 figs
1958 2320 20 18 to
1990 2317 37 22 the
2036 2319 83 26 pound.

1933 2350 73 28 Apply
2017 2355 22 18 at
2049 2352 37 22 the
2097 2353 75 22 Stores
2182 2354 26 21 of
2215 2354 37 22 the
2261 2355 157 30 undersigned,

2134 2387 36 22 W.
2185 2388 27 22 B.
2227 2389 94 22 Rhodes
2337 2390 20 21 &
2372 2391 46 28 Co.,
2434 2399 26 16 or

2133 2414 106 23 Johnson
2254 2416 20 21 &
2288 2416 94 23 Moore.

1933 2439 56 26 May
1998 2440 34 27 27,
2045 2441 60 22 1843.

1906 2488 132 22 Valuable
2076 2491 132 21 Freehold
2245 2493 55 20 and
2337 2494 149 22 Leasehold

1959 2516 141 26 Property,
2126 2517 68 21 with
2222 2519 142 22 extensive
2395 2521 92 22 Water

1959 2542 159 28 Frontages,
2132 2544 29 20 in
2176 2545 178 28 Wellington.

1907 2576 65 47 TO
1988 2576 39 22 BE
2042 2577 64 27 LET,
2118 2585 24 14 or
2151 2578 102 28 disposed
2261 2580 25 21 of
2293 2580 30 27 by
2330 2581 87 22 Private
2427 2582 59 28 Sale,

1978 2603 38 22 the
2027 2604 120 28 unexpired
2163 2609 54 18 term
2229 2606 26 21 of
2267 2606 36 23 the
2323 2608 69 21 Lease
2403 2609 24 21 of
2439 2609 51 23 half

1906 2630 25 20 of
1937 2629 68 22 Town
2015 2631 59 20 Acre
2088 2632 43 21 No.
2140 2633 49 26 208,
2199 2632 54 22 with
2268 2633 37 22 the
2321 2634 100 28 splendid
2436 2643 50 20 pro-

1904 2659 62 24 perty
1989 2658 87 21 erected
2107 2658 98 27 thereon,
2229 2660 82 26 having
2340 2661 55 28 deep
2418 2666 68 19 water

1904 2683 100 27 frontage
2023 2687 22 18 to
2064 2684 32 21 Te
2115 2686 46 21 Aro
2181 2686 83 22 Beach.
2292 2687 54 22 This
2364 2689 121 27 important

1905 2710 66 21 Town
1983 2711 124 22 water-side
2123 2716 108 24 property,
2243 2716 22 19 to
2274 2714 45 21 suit
2328 2714 38 22 the
2381 2717 105 21 conveni-

1905 2744 55 13 ence
1970 2737 25 21 of
2001 2738 89 26 parties,
2101 2738 44 22 will
2154 2739 28 22 be
2192 2739 89 22 divided
2290 2748 24 14 as
2323 2741 97 23 follows:
2422 2754 29 5 —

1933 2764 37 21 Ist.
1986 2764 48 21 The
2046 2764 101 28 building
2161 2766 79 22 known
2256 2774 23 14 as
2295 2768 37 21 the
2346 2768 71 28 Bank,
2432 2770 54 22 with

1904 2790 28 21 its
1941 2790 118 23 inclosure.

1930 2818 51 21 2nd.
1998 2817 47 22 The
2054 2818 60 27 large
2124 2819 154 29 substantially
2286 2820 58 23 built
2350 2822 134 29 warehouse,

1904 2843 90 28 capable
2010 2845 25 21 of
2049 2846 93 26 stowing
2156 2848 41 20 600
2212 2850 50 19 tons
2272 2848 27 21 of
2304 2848 75 28 goods,
2390 2850 44 21 and
2444 2851 40 21 ad-

1905 2871 93 27 mirably
2007 2871 97 27 adapted
2117 2872 34 21 for
2168 2873 29 22 its
2215 2875 158 27 commanding
2388 2877 95 27 position

1902 2897 35 21 for
1952 2905 13 13 a
1979 2898 60 26 large
2056 2899 126 22 mercantile
2198 2900 172 28 establishment,
2380 2902 45 22 and
2434 2911 50 20 par-

1902 2923 103 28 ticularly
2015 2925 33 20 for
2058 2925 37 21 the
2105 2926 84 26 storing
2198 2926 45 22 and
2252 2928 97 26 packing
2359 2929 26 21 of
2390 2929 53 23 flax.

1928 2950 47 21 3rd.
1991 2951 47 22 The
2045 2951 182 27 dwelling-house
2233 2954 45 21 and
2284 2954 74 22 offices
2365 2959 24 17 at
2398 2959 87 24 present

1902 2976 23 22 in
1935 2977 36 21 the
1990 2978 129 26 occupation
2130 2979 26 21 of
2170 2978 59 22 John
2240 2980 78 26 Wade,
2329 2981 60 28 Esq.,
2403 2982 48 22 who
2464 2983 21 21 is

1902 3003 71 22 under
1982 3004 73 21 notice
2065 3008 22 17 to
2097 3004 52 28 quit.
2178 3005 72 22 These
2265 3007 106 26 premises
2387 3015 37 15 are
2433 3009 52 22 well

1902 3029 94 28 adapted
2005 3031 35 20 for
2050 3038 29 14 an
2096 3032 96 21 Auction
2213 3032 73 22 Room
2304 3040 24 14 or
2346 3036 137 24 respectable

1902 3056 73 27 Hotel,
1987 3057 56 21 from
2053 3057 58 22 their
2125 3058 123 27 contiguity
2263 3062 22 18 to
2300 3060 37 21 the
2347 3060 72 28 Bank,
2436 3062 47 22 Ex-

1901 3083 91 27 change,
2000 3083 44 21 and
2049 3084 107 28 principal
2161 3085 129 22 mercantile
2295 3086 186 30 establishments,

1900 3109 37 22 the
1957 3111 156 26 thoroughfare
2135 3111 90 27 leading
2248 3116 23 18 to
2294 3113 62 22 these
2381 3115 100 22 enviable

1899 3137 105 26 premises
2013 3137 18 21 is
2041 3138 59 27 truly
2109 3138 81 23 named
2201 3138 38 22 the
2257 3138 112 24 Lombard
2379 3141 72 23 Street
2459 3142 26 23 of
2499 3146 5 3 '

1900 3170 40 15 our
1949 3163 69 28 rising
2027 3164 51 28 city.

2158 3199 63 21 ALSO,

1906 3244 7 6 t
1926 3224 47 22 The
1989 3224 78 22 House
2083 3224 45 22 and
2146 3225 116 28 Premises,
2273 3226 107 29 freehold,
2398 3229 83 23 known

1898 3257 25 15 as
1933 3251 43 21 Mr.
1987 3251 71 21 Jabez
2068 3251 86 23 Allen's
2164 3253 70 26 Store,
2246 3260 28 15 on
2290 3255 189 29 Lambton-quay.

1925 3277 51 22 Two
1992 3278 102 27 building
2111 3278 64 27 plots,
2191 3280 13 24 i
2220 3280 26 21 of
2260 3288 28 14 an
2303 3289 50 15 acre
2371 3283 61 27 each,
2450 3290 29 15 on

1898 3304 120 22 Thorndon
2024 3304 56 26 Flat,
2088 3305 101 27 together
2194 3306 54 22 with
2257 3307 66 23 about
2332 3309 27 21 50
2366 3309 113 24 suburban

1898 3330 126 22 allotments
2038 3332 23 20 in
2071 3332 90 22 Wade's
2177 3333 75 28 Town,
2264 3335 26 21 10
2299 3342 60 14 acres
2370 3338 22 18 at
2402 3335 75 28 Ohiro,

1898 3357 43 22 and
1952 3358 84 21 several
2052 3358 97 28 Country
2165 3360 101 22 Sections
2274 3361 25 21 in
2312 3361 39 22 the
2365 3362 111 28 Harbour,

1898 3384 96 26 Wainui,
2005 3384 136 29 Manawatu,
2152 3386 45 22 and
2206 3387 128 27 Wanganui
2344 3389 101 22 districts.

1925 3411 42 21 For
1975 3411 86 23 further
2074 3413 134 27 particulars,
2225 3415 68 27 apply
2309 3418 23 18 to
2346 3415 38 22 the
2398 3415 80 23 under-

1897 3437 76 27 signed

2174 3466 36 22 W.
2225 3467 27 22 B.
2267 3467 96 23 Rhodes
2377 3468 21 24 &
2411 3468 37 22 Co.

1923 3491 55 27 May
1988 3493 20 25 9,
2020 3493 61 21 1843.

2116 3538 54 21 For
2183 3539 69 20 Sale.

1895 3570 50 48 A
1973 3569 288 25 DWELLING-HOUSE
2288 3579 28 14 on
2340 3571 136 28 Wellingtoa

1972 3597 102 27 Terrace,
2086 3598 94 28 adapted
2189 3598 36 22 for
2232 3605 14 15 a
2255 3598 63 22 small
2327 3598 86 27 family.

1921 3622 44 23 For
1973 3624 138 27 particulars,
2119 3624 92 28 enquire
2220 3628 24 18 at
2252 3624 37 22 the
2300 3625 61 21 Store
2371 3626 27 20 of

2039 3657 33 22 H.
2088 3658 94 22 Taylor
2196 3658 21 21 &
2231 3657 45 28 Co.,
2288 3657 158 24 Willis-street.

1921 3690 111 28 February
2042 3692 21 26 3,
2074 3692 60 21 1843.
2471 3695 8 13 /

2038 3739 41 31 ySo
2094 3739 32 21 be
2140 3738 65 21 Sold
2224 3743 31 15 or
2268 3738 57 20 Let.

1892 3770 92 21 THWO
1997 3769 101 22 Wooden
2106 3768 95 26 Houses,
2212 3773 29 15 on
2246 3766 39 22 the
2290 3766 183 28 Tinakore-roud,

1902 3789 24 28 JL
1968 3796 37 22 the
2024 3795 82 24 second
2123 3801 52 16 acre
2192 3794 58 21 from
2270 3793 93 28 Captain
2382 3793 92 24 Smith's

1935 3823 130 26 containing
2078 3822 48 21 four
2134 3827 73 16 rooms
2216 3819 46 23 and
2276 3827 14 14 a
2302 3827 101 21 passage,
2417 3821 56 23 each

1891 3848 54 23 with
1962 3849 50 22 zinc
2029 3848 67 25 roofs,
2120 3847 45 22 and
2187 3846 24 21 in
2234 3853 68 21 every
2318 3852 89 23 respect
2423 3848 53 24 weH

1891 3875 101 23 finished.
2019 3875 105 22 Terms—
2124 3873 25 22 lf
2154 3873 55 27 sold,
2220 3873 59 22 £150
2291 3874 34 22 for
2331 3874 55 23 each
2390 3875 77 25 Itpuse,

1891 3902 20 21 if
1921 3902 39 27 let,
1969 3902 32 23 £1
2012 3908 40 21 per
2060 3900 61 22 week
2130 3900 35 22 for
2173 3899 56 22 each
2238 3900 78 23 house.
2343 3902 77 28 Apply
2427 3904 25 21 to

2276 3935 76 23 Jxuit
2367 3935 80 24 Watt.

1902 3961 143 24 Wellington,
2053 3961 59 21 Nov.
2120 3961 34 24 27,
2163 3961 61 22 1841.
