3340 4350
1112 3405 123 17 VISITORS'
1250 3405 61 17 LIST.

1133 3450 73 18 Grand
1215 3450 76 18 Hotel.

1020 3483 106 18 Mesdaru.es
1132 3482 84 21 Column,
1223 3482 52 17 child
1277 3482 39 17 and
1320 3483 39 16 two
1363 3481 66 21 maids,

997 3506 76 22 Wright
1096 3506 39 17 and
1159 3505 56 20 maid,
1241 3505 100 22 England;
1367 3505 62 20 Rudd,

997 3530 81 21 Ceylon;
1102 3529 108 22 Skrimpton
1225 3528 37 17 and
1275 3528 56 20 maid,
1348 3527 82 18 Hawkcs

997 3553 51 22 Bay;
1070 3552 75 17 Donald
1159 3551 37 18 and
1208 3552 38 16 two
1260 3551 89 19 children,
1368 3551 50 16 Auck-

997 3575 45 18 land
1053 3574 3 22 ;
1078 3575 89 20 Jackson,
1190 3574 111 18 Melbourne
1311 3574 3 22 ;
1342 3574 87 22 Jacques;

997 3599 77 22 Sydney
1086 3597 3 24 ;
1116 3598 76 21 Adams,
1218 3598 105 16 Auckland.
1365 3597 67 17 Hisses

997 3622 87 22 Jacques,
1103 3620 85 24 Sydney;
1210 3621 102 17 Duoarrow
1330 3620 33 23 (2),
1378 3620 40 22 Eng-

997 3645 57 21 land;
1080 3645 84 17 Jackson
1180 3643 33 23 (2),
1229 3643 119 22 Melbourne;
1366 3643 64 21 Blnck,

999 3668 46 20 Salt,
1055 3666 100 24 England;
1178 3666 61 21 Rudd,
1258 3666 77 24 Ceylon.
1369 3667 62 17 Ccmt

997 3692 24 16 A.
1030 3692 44 17 Von
1089 3690 76 18 Merkof
1178 3690 38 18 and
1229 3688 56 22 valet,
1302 3690 85 20 Vienna;
1405 3689 28 17 Dr

998 3715 78 19 Haines,
1098 3713 112 21 Auckland;
1230 3713 25 17 Di
1276 3713 89 20 Jackson,
1383 3713 37 16 Mel-

997 3737 73 18 bourne
1077 3734 4 24 ;
1095 3737 29 18 Dr
1129 3737 98 19 Donovan,
1234 3736 69 17 Messrs
1312 3735 82 23 Jacques
1399 3734 32 19 (2\

998 3760 65 23 Jager,
1081 3760 89 23 Sydney;
1192 3759 83 22 Wright,
1302 3759 71 17 Martin
1400 3759 32 21 (2),

999 3784 69 19 Morse,
1078 3783 80 20 Roland,
1169 3782 40 18 Salt
1219 3781 32 23 (2),
1258 3781 90 24 England
1356 3781 3 24 ;
1373 3781 59 19 West,

999 3807 85 20 Dunbar,
1107 3805 117 20 Bloomfield,
1250 3805 66 22 Upful,
1345 3804 85 21 Bowker,

999 3829 113 21 Auckland;
1131 3828 62 21 Rudd,
1211 3828 81 22 Ceylon;
1317 3826 115 23 Shrimpton,

999 3852 83 18 liawkes
1103 3853 41 20 Bay
1152 3850 4 23 ;
1176 3851 108 20 McKenzic,
1296 3850 136 23 Co'romandel;

999 3876 29 16 Dr
1037 3875 66 21 Garde,
1112 3873 125 21 Queensland.

1135 3926 43 17 The
1190 3924 110 19 Eangiiast.

1024 3958 106 17 Mosdiimes
1141 3957 96 17 Kennaru.
1252 3956 88 21 X.S.V.;
1359 3956 76 18 Gunsen

1001 3981 38 17 and
1058 3983 38 15 two
1113 3980 90 20 children,
1223 3979 108 22 Auckland;
1355 3979 77 22 Fookes,

1001 4003 69 22 Smith,
1076 4002 98 19 Taranaki.
1185 4002 65 19 Misses
1257 4002 66 21 Smith,
1331 4002 92 18 Taranala
1430 4002 3 23 ;

1001 4028 109 17 Buchanan.
1122 4026 91 23 Rodgers,
1218 4025 86 24 Parnell;
1319 4025 30 18 Gri
1359 4025 75 18 atbateh

1002 4050 34 24 (2),
1053 4050 104 21 Remuera;
1178 4049 89 17 Edwards
1286 4048 31 24 (2),
1337 4048 98 23 Hastings.

1002 4074 65 22 Judge
1074 4073 78 19 Wilson,
1163 4071 98 18 Auckland
1269 4071 3 25 :
1295 4075 69 14 Messrs
1378 4071 47 18 Tara-

1003 4097 60 20 whiti,
1073 4096 76 22 Huutly
1157 4094 3 24 ;
1175 4095 95 17 Kennar.l.
1281 4094 39 18 N.S
1329 4094 39 24 W.;
1383 4094 40 17 Gun-

1004 4125 38 15 sen,
1052 4118 99 19 Auckland
1159 4117 4 23 ;
1180 4118 64 17 Davis.
1263 4118 74 21 .Sydney
1345 4117 3 23 :
1374 4117 62 17 Fraser

982 4139 1 26 '
1004 4143 33 22 (2),
1045 4141 118 21 Queensland
1171 4139 3 26 ;
1188 4140 122 24 MicHejohn,
1319 4139 116 24 Coolgardie;

992 4158 3 23 '
1004 4167 25 14 I).
1038 4167 67 14 Bruce.
1114 4164 95 17 Wuiranffi
1218 4158 4 23 ;
1239 4164 76 17 Mcßae,
1331 4164 105 16 Hamilton.

1474 147 83 17 Geysee
1565 149 77 21 Hotel,
1654 149 209 17 Wiiaeahewaeewa.

1475 174 106 18 Mesda:nes
1597 175 82 21 Forster,
1696 176 124 22 Billiugham,
1839 173 40 24 Sj-rf-

1440 196 2 26 j
1451 196 47 26 ncy;
1513 197 75 21 Ballon,
1605 198 76 22 Cowan,
1698 199 111 21 Auckland;
1823 199 52 17 Jame-

1451 225 39 14 son,
1508 220 101 23 England;;
1632 222 66 17 Miss™
1716 222 130 21 Kempthorne
1862 222 25 24 (2)

1451 243 98 19 Duiicdiu;
1562 244 23 16 do
1599 244 89 18 Sal.-i.TnoK.
1707 244 64 22 Paris;
1787 245 99 18 Husband,

1451 266 109 24 Auckland;
1583 267 52 20 Beid,
1662 268 83 22 Sydney.
1782 267 105 19 Mesdames

1451 288 58 21 Mills,
1519 289 65 21 Black,
1593 290 83 23 Napier;
1698 291 51 19 Duff,
1768 291 118 21 Coolgardie,

1451 311 77 21 Wilson,
1537 312 121 24 Wnangarei.
1677 314 69 17 Messrs
1763 313 122 22 Richardson,

1451 335 75 21 Pagett,
1546 335 95 21 Jameson,
1666 335 102 24 England;
1790 336 95 22 Goldrick,

1439 357 2 26 i
1453 357 79 21 Forster,
1542 358 100 20 Wiseman,
1651 359 87 23 Phillips,
1745 359 70 17 Marks.
1825 359 59 24 Lang,

1439 380 2 26 i
1451 380 106 23 Benjamin,
1564 382 122 20 Billingha.n.
1696 382 110 24 Anning(2)
1815 382 69 22 Cohen,

1439 401 2 28 |
1451 403 85 22 Sydney;
1552 401 69 24 Fisfier,
1630 405 46 18 New
1684 406 102 23 Plymouth
1795 401 3 28 ;
1809 406 75 23 Dallon,

1439 428 2 27 I
1451 428 75 18 Cowan,
1537 428 99 17 Auckland
1645 428 4 27 ;
1663 430 49 19 Tait,
1730 429 71 22 Napier
1808 428 3 27 ;
1834 430 50 20 Duff,

1451 449 121 26 Coolgardie;
1673 449 124 26 Whangarei;
1818 453 66 22 Baker,

1451 472 103 21 Dobinson,
1579 474 70 21 Movie,
1667 475 38 16 and
1719 476 28 16 Dr
1763 476 121 20 Maokimiou,

1439 495 2 19 ;
1452 495 116 19 Melbourne'.

1517 542 87 18 Bkext's
1617 543 111 19 Batiksaie
1742 545 76 19 House.

1475 573 104 18 Mesdames
1588 574 54 20 Tilly,
1660 575 90 18 Reinuera
1760 573 4 22 ;
1786 577 91 17 Williams

1451 597 92 18 TeAute;
1566 597 70 20 Walsh,
1652 596 88 25 Sydney;
1754 599 71 20 Cadell,
1834 601 40 17 Hill-

1451 622 63 17 stone;
1528 620 78 18 Dobson
1614 620 37 18 and
1660 622 57 18 maid,
1726 621 89 23 England
1823 620 4 24 ;
1835 624 37 17 Mel-

1451 643 49 20 ville,
1508 643 25 16 Te
1542 644 100 17 Awamutu
1651 643 3 25 ;
1668 644 73 19 Danks,
1757 645 114 23 Wellington
1879 643 3 25 ;

1450 667 65 16 James
1520 666 61 19 Shaw,
1596 667 122 22 Coolgardie;
1734 667 91 20 Clinnick,
1842 671 31 17 Vic-

1451 690 53 19 toria;
1513 689 67 20 Smith,
1585 688 100 24 McNicoll,
1693 691 50 21 Hay,
1752 691 58 22 King,
1820 693 51 17 Auck-

1450 712 55 19 land;
1525 712 74 21 Taylor,
1618 712 102 22 England;
1744 714 96 21 Williams,
1859 716 25 17 To

1451 737 54 15 Aute.
1539 735 66 18 Misses
1621 736 66 22 Tilley,
1699 737 54 18 Rose,
1764 737 71 20 Danks,
1842 739 40 17 Mo-

1450 759 51 16 Lean
1508 758 32 22 (2).
1548 759 115 21 Wellington
1672 758 3 26 ;
1686 760 44 22 Hay
1737 759 32 25 (2),
1778 761 103 23 Auckland;

1451 782 61 19 Shaw,
1522 777 117 27 Coolgardie.
1664 782 51 23 Very
1725 784 45 16 Rev.
1783 784 22 16 A.
1818 784 64 22 Boyle,

1450 804 111 17 Melbourne
1568 804 3 27 ;
1585 805 28 18 Dr
1621 806 60 23 Barry
1688 806 20 18 T.
1717 806 79 18 Russell,
1805 806 77 25 Dublin,

1450 827 86 18 Ireland:
1555 829 54 21 Capt.
1622 829 99 20 Williams,
1736 829 81 21 Nelson;
1837 831 44 19 Rev.

1449 850 101 22 McNicoll,
1560 851 110 21 Auckland;
1686 853 54 21 Capt.
1748 853 29 16 V,'.
1788 853 21 16 B.
1823 852 58 24 Soott,

1449 873 89 24 England
1545 880 5 13 ;
1563 874 46 19 Rev,
1620 875 54 18 Dean
1688 876 89 17 Slattcrv.
1796 873 84 27 Sydney;

1448 897 70 17 Messrs
1533 897 67 21 Smith,
1615 898 83 23 Digrian,
1714 898 60 23 Eady,
1794 898 77 21 Shackle-

1449 919 48 22 ford,
1506 919 38 19 and
1552 921 58 23 party
1617 921 21 18 of
1645 923 18 19 5,
1672 919 111 25 Auckland;
1798 922 22 18 L.
1835 922 35 19 Der-

1438 944 1 25 j
1448 944 33 21 lot,
1495 944 64 19 Perth,
1566 944 64 21 W.A.;
1648 945 57 17 Shaw
1717 944 26 23 (2)
1757 945 123 24 Coolgardie;

1448 968 27 17 W.
1498 968 20 16 T.
1540 967 96 21 Williams,
1658 968 26 17 To
1708 969 61 19 Aute;
1791 968 89 23 Delivers,

1448 991 80 20 Samoa;
1542 991 71 21 Walsh,
1627 991 80 21 Abbott,
1722 991 77 19 Arnold.
1816 992 64 22 Webb,

1448 1015 71 21 Eraser,
1542 1014 88 23 Sydney;
1661 1014 65 21 Gibbs,
1757 1015 122 21 Melbourne;

1447 1038 89 20 McLean,
1555 1032 123 25 'Queensland
1686 1032 3 29 ;
1714 1039 22 16 O.
1754 1038 25 17 H.
1806 1039 74 22 Ayliffe,

1447 1061 110 24 Snodgrass,
1580 1061 76 21 Martin,
1681 1062 101 21 Adelaide;
1809 1063 70 22 Arrow,

1447 1084 107 23 Waipawa;
1568 1084 91 21 Clinnick,
1674 1085 89 18 Victoria.

1580 1132 82 19 Mokoia
1677 1133 62 18 View.

1470 1163 68 17 Messrs
1559 1164 96 18 Caldwell.
1677 1165 54 19 Parr,
1750 1163 129 25 Canterbury;

1446 1186 87 20 Costello,
1550 1187 54 19 Paul,
1620 1187 125 20 Melbourne;
1764 1187 115 23 Hanimond,

1448 1210 74 17 Powell,
1534 1210 100 21 Marshcllji
1646 1211 109 20 Auckland;
1776 1210 97 22 Mclntyre

1446 1232 55 22 Grey,
1508 1232 88 22 Thames;
1608 1233 77 24 Rogers,
1691 1234 89 21 London;
1792 1234 86 23 Mackavj

1446 1256 85 23 Sydney;
1547 1256 59 23 Mays,
1618 1257 104 17 Blenheim.

1543 1302 58 19 Lake
1618 1303 71 18 House
1705 1304 74 17 Hotei,.

1469 1334 31 17 Mr
1508 1334 37 17 and
1561 1335 40 17 Mrs
1619 1335 69 22 Lyons,
1707 1335 127 22 Wellington;
1849 1335 32 19 Mr

1445 1357 36 18 and
1491 1356 38 19 Mrs
1535 1357 102 22 Crowtlior,
1649 1358 98 18 Ateimuri.
1754 1358 47 19 Miss
1811 1359 69 23 Duddy

1444 1380 64 21 Judge
1517 1380 43 22 Gill,
1571 1381 97 24 Tauranga
1677 1380 4 25 ;
1707 1382 41 18 Ltev.
1761 1382 29 17 Mr
1804 1382 73 23 Bcatty,

1446 1403 68 22 Messrs
1522 1403 65 19 Oliver
1594 1402 71 25 Maye3,
1686 1405 89 23 Moscley,
1795 1403 82 23 Nbrdort,

1445 1427 72 21 Angus,
1541 1427 98 22 Murdoch,
1667 1427 76 24 Cableyi
1773 1427 104 21 Redworth,

1445 1450 98 20 Saunders,
1554 1450 115 21 Horneman,
1681 1452 93 21 Gatcnby,
1782 1453 33 16 Am
1823 1452 56 18 kland

1444 1473 77 19 Lambe,
1532 1474 124 23 Papatootoo;
1672 1474 63 21 Boult,
1748 1475 70 17 .Tames.
1829 1475 37 18 Ade-

1444 1496 59 22 laide;
1518 1497 68 19 Fidler,
1597 1497 76 23 Sydney
1680 1496 3 25 ;
1704 1498 68 18 Sloano
1780 1497 26 24 (2}
1824 1499 44 17 Glas-

1444 1525 53 16 gow;
1512 1520 53 18 Rose,
1576 1521 65 20 Tirau;
1656 1521 91 20 Rioketts,
1755 1521 122 20 Wellington.

1445 1579 58 22 THE
1522 1579 58 22 HOT
1599 1579 97 22 LAKES
1715 1579 174 22 CHRONICLE

1441 1625 448 12 AND

1441 1659 224 21 Tourists'
1690 1659 199 21 Journal.

1455 1719 170 18 WEDNESDAY,
1642 1720 124 18 JANUARY
1775 1720 27 21 22,
1817 1719 72 22 1896.

1443 1777 102 23 LOCAL
1559 1778 96 23 NEWS
1679 1778 70 23 AND
1764 1778 110 23 NOTES.

1566 1822 39 2 _—
1648 1817 17 12 .»

1466 1837 39 18 The
1514 1838 130 23 appointment
1659 1840 20 15 of
1696 1838 77 19 Charles
1790 1838 51 19 Birss
1857 1845 20 10 as

1442 1860 133 24 poundkeepcr
1583 1862 21 17 at
1609 1861 85 19 Rotorua
1703 1862 15 17 is
1728 1862 92 23 gazetted.

1465 1892 59 17 There
1534 1893 47 16 have
1589 1894 48 16 been
1646 1894 35 17 five
1689 1894 66 19 births,
1776 1899 24 12 no
1809 1894 55 17 marri-

1442 1921 45 17 ages
1496 1916 37 16 and
1542 1922 24 10 no
1573 1916 66 17 deaths
1649 1916 102 21 registered
1758 1918 18 16 in
1787 1917 36 17 this
1838 1916 28 18 dis-

1442 1939 44 17 trict
1496 1939 70 23 during
1573 1939 33 18 the
1609 1940 78 22 quarter
1690 1939 62 18 ended
1761 1945 24 12 on
1791 1941 38 16 31st
1841 1941 33 15 ult.

1467 1970 30 18 Mr
1508 1970 92 21 Knowles,
1611 1972 33 17 chii
1655 1972 5 16 i'
1677 1974 115 15 accountant
1808 1972 20 16 of
1844 1972 32 17 the

1442 1994 122 22 Department
1576 1994 20 18 of
1602 1994 63 18 Lands
1675 1995 72 17 arrived
1757 1996 19 16 in
1792 1995 84 17 Rotorua

1442 2017 37 18 last
1488 2017 50 17 week
1548 2023 23 12 on
1581 2025 9 10 a
1601 2018 52 18 short
1661 2019 51 16 visit.

1465 2049 39 17 The
1513 2048 68 19 Native
1590 2050 52 16 Land
1653 2050 59 17 Court
1721 2050 15 17 is
1741 2056 41 11 now
1790 2050 86 23 engaged

1442 2073 18 17 in
1475 2072 118 22 considering
1602 2073 32 17 the
1642 2073 93 22 partition
1752 2074 21 16 of
1785 2073 79 18 Rotonia-

1442 2096 50 17 hana
1501 2095 127 24 Parekarangi
1639 2097 58 16 Block
1707 2097 54 20 N0.3,
1773 2097 60 16 which
1846 2097 20 16 in-

1442 2119 63 17 cludes
1515 2118 93 24 Wiotapu.

1466 2151 100 17 Attention
1569 2151 17 17 is
1592 2151 83 18 directed
1689 2153 19 15 to
1724 2157 11 11 a
1750 2151 73 23 private
1839 2151 37 17 sale

1442 2176 20 15 at
1470 2174 33 17 the
1512 2174 113 24 Parronage,
1636 2181 24 10 on
1669 2175 85 21 Monday
1770 2175 104 20 afternoon,

1442 2198 20 16 of
1475 2197 61 17 useful
1548 2198 105 17 household
1667 2198 81 18 articles,
1763 2198 39 16 also
1815 2197 61 23 lady's

1442 2220 70 22 saddle,
1522 2226 50 17 pony
1581 2221 37 17 and
1629 2228 10 10 a
1648 2221 81 17 number
1737 2221 20 17 of
1769 2221 59 17 fowls.

1465 2250 104 20 Intending
1578 2249 134 19 advertisersin
1718 2250 32 18 the
1760 2250 44 17 card
1813 2250 20 16 of
1845 2250 31 17 the

1442 2274 59 16 Races
1510 2278 31 12 are
1546 2273 96 18 reminded
1651 2274 42 16 that
1703 2273 49 17 their
1768 2278 96 12 announce-

1442 2297 61 17 ments
1512 2298 51 15 must
1571 2297 23 16 be
1602 2297 20 16 in
1631 2297 32 17 tin;
1672 2295 61 18 hands
1741 2297 20 16 of
1769 2297 32 16 the
1806 2297 71 22 printer

1442 2320 25 22 by
1477 2319 94 22 Saturday
1580 2321 52 16 next.

1465 2351 39 17 The
1517 2352 84 22 meeting
1614 2352 20 17 of
1647 2351 32 18 the
1693 2352 58 16 Town
1766 2351 63 18 Board
1845 2349 31 20 did

1442 2377 34 15 not
1485 2375 43 16 take
1539 2375 53 22 place
1607 2381 23 10 on
1646 2374 98 23 Thursday
1758 2375 36 16 last
1809 2381 20 10 as
1842 2381 22 11 an-

1442 2398 92 18 nounced.
1559 2398 49 18 Such
1618 2405 38 11 was
1664 2399 33 17 the
1706 2399 76 20 regular
1794 2398 36 22 day
1844 2398 29 18 but

1442 2422 32 17 the
1484 2422 82 21 meeting
1572 2422 34 16 has
1618 2421 46 19 boon
1679 2422 59 18 called
1752 2422 29 17 for
1795 2424 71 15 to-mor-

1442 2451 39 11 row
1491 2442 79 20 instead.

1466 2476 39 18 The
1514 2476 40 18 Rev
1566 2477 31 16 Mr
1615 2472 93 25 McNiool,
1721 2474 131 25 ex-president
1858 2477 19 18 of

1443 2500 32 16 the
1484 2499 97 22 Wesleyau
1591 2501 114 16 Conference
1717 2500 104 17 conducted
1839 2506 28 11 ser-

1443 2524 40 16 vice
1490 2523 20 16 in
1519 2523 32 16 the
1561 2522 126 19 Sehoolho'use
1697 2530 24 10 on
1731 2523 77 22 Sunday
1813 2530 50 10 morn-

1442 2546 35 21 ing
1485 2546 37 16 and
1531 2546 80 23 evening
1620 2546 42 17 last.
1689 2548 32 15 Mr
1735 2546 87 17 McNiool
1838 2546 39 17 will

1444 2569 79 18 officiate
1533 2569 56 21 again
1599 2574 45 12 next
1655 2570 84 22 Sunday.

1467 2600 39 17 The
1524 2600 165 24 Kennedy-Lucas
1706 2602 98 16 Dramatic
1821 2601 42 18 Com-

1444 2629 51 17 pany
1505 2624 41 16 who
1554 2624 48 17 have
1611 2624 46 17 been
1674 2624 118 23 performing
1811 2625 17 16 in
1846 2626 31 15 the

1444 2647 87 17 Pukoroa
1537 2647 46 17 Hall
1590 2647 30 17 for
1628 2648 32 16 the
1668 2648 38 16 last
1715 2649 37 15 two
1769 2648 66 22 nights
1844 2654 22 16 ap-

1444 2676 45 17 pear
1496 2671 28 16 for
1533 2670 32 17 the
1573 2671 37 16 last
1618 2671 45 17 time
1675 2671 38 16 this
1722 2671 81 21 evening
1818 2671 19 16 in
1846 2671 32 18 the

1444 2694 118 17 sorio-oomic
1576 2694 65 17 drama
1650 2694 20 17 of
1680 2694 83 22 "'Milky
1773 2694 81 17 White.'"

1468 2726 17 16 A
1494 2725 67 22 sitting
1569 2725 20 18 of
1597 2725 35 19 Ithe
1642 2725 68 18 Native
1714 2725 55 17 Land
1773 2725 58 18 Court
1841 2725 36 18 will

1445 2749 44 16 take
1498 2748 52 22 place
1559 2750 20 15 at
1583 2748 70 22 Taupo,
1662 2748 132 24 commencing
1798 2754 24 12 on
1829 2749 37 16 Feb-

1446 2777 56 16 ruary
1512 2772 28 16 20.
1566 2772 38 16 The
1613 2772 125 23 applications
1747 2774 28 15 set
1784 2770 55 19 down
1849 2772 30 17 for

1445 2795 79 22 heaving
1533 2801 71 16 occupy
1611 2801 44 11 over
1663 2796 30 16 six
1700 2801 57 16 pages
1766 2795 19 17 of
1794 2795 32 17 the
1839 2794 26 18 Go-

1446 2819 97 17 vernment
1553 2819 82 16 Gazette.

1470 2850 38 16 The
1524 2850 54 17 usual
1600 2850 88 22 monthly
1708 2850 77 21 sittings
1805 2850 20 16 of
1846 2849 31 17 the

1446 2873 129 22 Magistrate's
1585 2873 58 17 Court
1652 2873 53 17 takes
1714 2873 52 22 place
1776 2879 23 10 on
1808 2873 70 21 Friday

1446 2897 64 16 before
1519 2896 114 18 Lieut.-Col.
1651 2897 86 16 Roberts.
1771 2896 58 17 There
1846 2901 31 12 are

1448 2919 44 22 only
1501 2921 37 15 two
1548 2925 49 12 cases
1607 2925 20 12 so
1637 2920 29 17 far
1676 2921 29 16 sot
1714 2920 56 16 down
1779 2919 30 17 for
1822 2919 44 17 hear-

1447 2943 39 21 ing,
1497 2948 35 12 ono
1545 2943 21 17 of
1585 2943 52 17 these
1651 2943 58 22 being
1729 2943 33 17 the
1778 2942 101 17 inevitable

1449 2966 61 17 Maori
1519 2965 57 18 horse
1582 2966 81 22 dispute.

1471 2997 29 17 Dr
1508 2997 79 17 Cinders
1592 2999 73 20 reports
1674 2998 43 16 that
1726 2998 92 16 the-town
1827 2998 15 16 is
1851 3004 21 10 re-

1449 3021 97 21 markably
1551 3021 38 16 free
1596 3021 50 17 from
1655 3021 81 17 sickness
1740 3021 21 17 at
1764 3021 32 17 the
1805 3022 76 21 present

1448 3044 52 17 time.
1514 3044 57 17 There
1580 3044 15 17 is
1604 3045 34 17 not
1649 3051 10 10 a
1668 3044 62 22 single
1739 3049 40 12 case
1794 3044 20 17 of
1829 3050 39 15 zym-

1449 3067 39 18 otic
1493 3072 21 13 or
1522 3067 91 22 epidemic
1621 3068 72 16 disease
1702 3068 19 16 of
1730 3073 37 16 any
1776 3068 45 16 sort.
1838 3068 44 16 This

1450 3091 92 17 contrasts
1552 3092 48 15 most
1609 3090 113 22 favourably
1731 3090 47 18 with
1785 3091 33 17 the
1834 3091 48 16 state

1450 3115 19 16 of
1479 3113 32 17 the
1521 3114 51 17 town
1581 3115 20 16 at
1609 3114 38 17 this
1655 3114 46 17 time
1710 3114 38 17 last
1756 3120 50 16 year.

1474 3145 31 17 Mr
1513 3145 23 17 li.
1545 3144 19 18 J.
1580 3145 43 20 Gill,
1641 3145 69 17 Native
1727 3145 46 17 land
1792 3145 90 22 purchase

1450 3169 58 21 agent
1517 3168 14 16 is
1541 3169 54 21 again
1604 3169 19 16 in
1639 3168 92 18 Rotorua.
1764 3168 75 20 During
1855 3169 28 16 his

1451 3191 43 18 visit
1503 3192 19 16 to
1532 3191 33 17 the
1571 3193 51 16 coast
1631 3191 65 23 Judge
1704 3191 38 18 Gill
1751 3190 100 19 succeeded
1865 3191 18 17 in

1451 3214 115 23 purchasing
1575 3221 23 10 on
1604 3215 64 16 behalf
1679 3215 20 16 of
1707 3215 33 16 the
1749 3214 67 17 Crown
1825 3214 59 17 about

1451 3238 66 21 52,000
1524 3237 20 17 in
1553 3238 51 16 what
1613 3244 31 10 are
1653 3238 70 17 known
1731 3244 20 11 as
1757 3238 33 16 the
1801 3237 82 17 Oamavu

1451 3261 64 17 blocks
1529 3261 54 21 lying
1599 3261 85 17 between
1702 3261 78 22 Opotiki
1794 3260 38 17 and
1850 3261 32 16 the

1452 3284 56 17 Motu
1524 3285 55 16 river.
1603 3284 39 17 The
1656 3284 46 17 hind
1715 3284 16 17 is
1754 3284 57 22 fairly
1827 3284 55 22 good,

1452 3306 62 23 partly
1523 3307 48 17 bush
1580 3307 37 17 and
1627 3308 63 21 partly
1699 3313 48 16 open
1754 3308 85 21 country,
1848 3307 36 17 and

1451 3330 67 21 highly
1528 3331 82 16 suitable
1617 3331 29 16 for
1654 3331 56 22 sheep
1719 3330 38 17 and
1766 3331 57 16 cattle
1839 3330 36 17 rais-

1451 3353 35 23 ing
1494 3359 98 16 purposes.

1475 3386 39 16 The
1522 3385 122 22 preliminary
1652 3386 152 16 announcement
1818 3385 20 17 of
1853 3385 33 16 the

1452 3410 65 16 return
1526 3408 44 17 visit
1579 3409 20 16 of
1608 3409 30 16 Mr
1647 3408 28 18 W.
1694 3407 131 19 MacKenzio's
1835 3407 38 18 Con-

1453 3433 38 16 cert
1501 3432 102 21 Company,
1614 3432 60 16 which
1684 3432 39 16 had
1733 3437 19 11 so
1757 3431 109 17 favourable
1875 3437 11 10 a

1453 3455 94 22 reception
1566 3455 52 16 when
1636 3454 44 18 here
1696 3460 51 12 some
1765 3454 60 17 weeks
1842 3459 43 16 ago,

1453 3484 78 17 appeal's
1546 3477 105 18 elsewhere.
1676 3478 39 16 The
1739 3478 98 21 Company
1853 3477 33 16 has

1441 3497 2 25 !
1453 3502 47 16 been
1508 3501 79 21 touring
1602 3501 33 16 the
1651 3500 91 18 northern
1759 3501 43 21 part
1819 3500 20 17 of
1855 3500 32 17 the

1441 3520 2 27 !
1453 3524 87 23 province
1550 3524 37 17 and
1595 3524 35 17 has
1645 3524 47 17 been
1710 3523 76 22 greeted
1796 3523 45 16 with
1856 3523 31 16 the

1441 3544 2 22 I
1454 3549 71 15 utmost
1533 3545 115 20 enthusiasm
1657 3547 38 17 and
1702 3547 32 17 the
1744 3548 49 16 most
1801 3546 76 17 satisfac-

1442 3569 2 23 i
1454 3573 42 19 tory
1505 3571 85 21 support.
1603 3571 38 16 The
1649 3570 53 17 dates
1710 3570 44 16 here
1763 3575 31 11 are
1803 3569 50 17 fixed
1859 3569 29 17 for

1454 3593 97 23 February
1560 3593 33 17 7th
1601 3593 38 17 and
1648 3593 38 17 Bth.

1477 3625 30 21 By
1510 3625 90 21 reducing
1604 3625 31 16 the
1641 3626 58 15 water
1702 3624 48 17 level
1754 3625 20 15 of
1780 3624 32 16 the
1818 3623 70 17 Priests

1455 3647 49 18 Biith
1514 3649 19 15 to
1542 3648 32 16 the
1583 3648 61 17 actual
1654 3647 47 18 level
1711 3647 20 17 of
1744 3647 32 17 the
1790 3647 52 17 Lake
1856 3647 32 16 the

1455 3671 125 22 temperature
1588 3671 35 16 has
1628 3670 130 22 considerably
1765 3670 95 17 increased
1869 3670 19 16 of

1454 3693 93 22 late,-and
1559 3694 33 16 has
1606 3693 102 22 registered
1717 3699 21 11 as
1754 3693 47 22 high
1817 3698 20 12 as
1855 3693 33 16 122

1455 3717 83 22 degrees.
1563 3713 45 20 This
1620 3722 36 12 was
1665 3717 21 17 of
1702 3722 71 14 course,
1790 3717 32 16 too
1839 3715 46 23 high

1456 3741 29 16 for
1493 3739 81 23 bathing
1581 3745 91 17 purposes
1681 3739 38 17 and
1728 3745 63 11 means
1804 3744 48 11 wore
1869 3739 20 16 at

1456 3768 45 12 once
1509 3762 57 17 taken
1575 3764 19 15 to
1604 3763 66 17 reduce
1676 3764 39 15 itto
1721 3762 32 17 the
1759 3762 71 17 normal
1840 3762 36 17 tem-

1456 3786 86 23 perature
1551 3786 20 16 of
1579 3786 58 16 about
1648 3787 38 15 102.
1712 3786 44 16 This
1766 3791 37 11 was
1812 3785 75 16 effected

1456 3809 59 16 under
1524 3809 31 16 Mr
1571 3809 99 22 Malfroy's
1688 3809 100 16 directions
1804 3808 82 16 without

1456 3832 33 17 the
1497 3829 103 25 properties
1609 3833 20 16 of
1638 3832 32 17 the
1680 3833 58 16 water
1747 3831 57 22 being
1813 3831 18 16 in
1849 3836 37 17 any

1457 3861 41 16 way
1507 3851 76 21 altered;

1480 3886 39 17 TTie
1526 3886 76 23 biggest
1611 3886 35 17 fish
1659 3887 32 21 yet
1700 3886 58 17 taken
1773 3887 33 16 out
1822 3885 20 16 of
1858 3885 31 17 the

1458 3905 127 27 Ngongotahn
1595 3915 37 11 was
1642 3915 23 12 on
1672 3910 48 16 view
1728 3911 20 15 at
1757 3908 51 18 Lake
1826 3908 63 16 House

1458 3933 31 17 the
1500 3931 1 24 i
1512 3932 41 18 ther
1561 3933 43 22 day.
1630 3933 19 17 It
1656 3931 123 24 weighodl7j
1791 3931 34 17 lb;,
1839 3937 38 11 mea-

1458 3955 54 18 sured
1517 3956 28 16 lift
1552 3955 30 17 Sin
1591 3956 18 16 in
1619 3955 67 21 length
1693 3955 38 17 and
1740 3954 50 23 girth
1797 3953 91 18 2oinches.

1458 3978 84 17 As.there
1550 3979 16 16 is
1575 3979 38 16 still
1621 3978 57 18 much
1687 3978 60 17 doubt
1757 3983 20 12 as
1786 3978 92 20 tothepre-

1458 4002 35 18 cise
1503 4006 59 17 genus
1571 4002 19 16 of
1599 4002 52 16 these
1659 4001 35 18 fish
1704 4007 11 11 a
1721 4001 94 22 specimen
1818 3999 60 23 weigh-

1458 4025 33 22 ing
1503 4025 29 21 lo]
1542 4024 29 17 lbs
1581 4026 49 16 from
1644 4024 31 18 the
1691 4020 129 27 Ngougotaha
1838 4022 52 20 creek

1459 4053 37 13 was
1506 4049 41 14 sent
1557 4047 37 17 this
1603 4047 89 22 morning
1702 4049 20 14 to
1731 4046 31 18 Mr
1778 4046 112 18 Cheeseman

1458 4071 21 16 of
1487 4070 32 17 the
1528 4070 99 17 Auckland
1635 4071 87 16 Museum
1733 4070 28 16 for
1768 4070 28 16 his
1802 4068 87 18 decision.

1458 4093 82 22 Though
1547 4093 91 22 plentiful
1644 4093 21 18 in
1673 4087 34 23 tie
1719 4093 43 17 lake
1779 4098 49 11 uouo
1844 4091 46 17 have

1438 4115 1 25 •
1459 4117 32 23 yet
1496 4116 46 17 been
1553 4116 124 22 eaughtinit,
1689 4117 33 16 but
1731 4116 71 22 aparty
1811 4115 14 16 is
1834 4115 56 22 being

1460 4139 53 17 made
1522 4145 25 14 up
1556 4141 20 15 to
1585 4145 30 11 see
1623 4140 52 16 what
1684 4145 35 12 can
1729 4139 22 16 he
1761 4138 48 17 done
1820 4138 20 16 in
1849 4138 41 16 that

1447 4159 2 20 I
1459 4162 97 17 direction.

1934 147 39 18 The
1982 149 71 15 Bazaar
2061 148 20 16 hi
2089 147 30 17 ai<l
2131 147 19 18 of
2165 148 32 16 the
2210 147 133 23 Presbyterian

1899 170 2 24 !
1910 170 52 18 Chur
1973 171 12 16 h
1995 171 91 22 Building
2095 170 54 18 Fund
2159 170 14 17 is
2182 170 68 24 taking
2258 171 53 21 place
2324 171 19 17 in

1910 194 32 15 the
1951 194 127 17 Se'ioolhouse
2092 195 38 16 this
2144 193 100 18 afternoon
2257 193 38 18 and
2312 195 32 16 the

1910 217 51 17 atten
1971 216 51 19 lance
2030 218 20 17 at
2059 217 33 17 the
2100 217 49 17 hour
2157 217 19 17 of
2185 216 84 23 opening
2273 223 70 16 augurs

1910 239 40 18 well
1961 239 29 18 for
1999 241 24 16 it-;
2032 246 77 12 Bucoess.
2135 240 39 17 The
2189 246 52 11 rooiu
2253 241 17 16 is
2285 241 49 16 taste-

1910 263 47 21 fully
1972 263 98 18 decorated
2086 264 37 16 and
2138 270 9 10 a
2163 263 97 23 profusion
2276 263 21 18 of
2310 263 33 17 the

1909 288 49 15 most
1978 287 53 22 bijou
2052 287 38 16 and
2106 286 98 18 attractive
2223 286 119 21 nick-nacks,

1908 309 46 17 both
1973 311 59 16 useful
2054 310 37 16 and
2112 309 117 19 ornamental
2246 309 45 17 load
2310 310 34 16 the

1909 333 66 16 tables.
2000 333 44 17 This
2053 333 80 23 evening
2149 338 8 12 a
2175 336 73 13 concert
2265 333 37 16 w'.ll
2319 332 23 18 be

1909 355 55 23 given
1974 356 49 16 after
2032 356 61 17 which
2102 356 32 17 the
2148 356 30 17 Art
2198 355 62 18 Union
2274 356 55 17 Draw-

1908 379 34 21 ing
1950 379 52 17 talcs
2011 379 60 22 place.

1931 407 91 23 Training
2043 413 27 17 op
2079 408 70 16 rations
2166 408 17 16 in
2201 408 47 16 view
2270 408 20 17 of
2309 407 34 18 the

1908 430 129 23 forthcoming
2057 430 83 21 meeting
2159 430 49 17 have
2223 430 47 17 been
2294 433 46 15 most

1908 453 60 17 active
1977 453 69 23 during
2055 453 32 17 the
2095 453 36 17 last
2141 453 36 17 few
2186 453 51 23 days.
2248 454 90 23 Amongst

1909 476 30 21 the
1968 482 29 17 igs
2003 476 45 17 that
2055 476 48 17 have
2118 476 47 16 done
2183 476 49 23 good
2248 477 51 16 work
2317 483 23 12 on

1907 499 33 18 the
1947 499 55 18 track
2009 505 32 12 arc
2056 500 62 16 Wh.'ti.
2136 497 50 23 Hiki,
2203 499 54 21 Kino,
2276 500 54 17 Vorti-

1907 528 52 15 gern,
1970 523 25 17 Te
2004 522 61 21 Kaha,
2076 521 102 22 Catch'em,
2190 522 100 22 Dynamite
2303 524 37 16 and

1897 545 1 23 |
1907 545 111 23 Rotorangi.
2044 545 91 17 Trainers,
2145 545 118 23 apparently,
2274 546 23 18 do
2306 548 32 15 not

1907 568 3 22 (
1922 574 26 12 ire
1957 570 19 17 to
1987 574 31 12 use
2027 568 31 18 the
2073 568 34 17 trai
2124 574 33 16 ::ig
2171 568 52 17 track
2237 568 37 18 and
2291 571 49 16 most

1897 587 1 25 !
1906 592 20 16 of
1935 593 33 16 the
1976 592 52 16 work
2036 592 34 16 has
2079 592 46 16 been
2135 591 47 17 done
2191 597 24 11 on
2230 591 33 17 the
2275 598 65 11 course

1897 613 1 26 j
1906 620 74 17 proper.
2005 615 44 17 This
2058 615 34 16 has
2101 616 32 15 cut
2142 620 26 16 up
2176 614 32 17 the
2214 615 74 21 ground
2294 622 33 10 con-

1897 637 1 23 :
1906 638 94 22 siderably
2009 638 37 17 and
2055 638 15 17 if
2078 643 51 11 more
2144 637 40 16 rain
2199 638 43 15 falls
2255 637 83 19 between

1897 660 1 23 ;
1906 661 37 16 this
1952 662 38 16 and
1999 667 41 11 race
2049 661 36 22 day
2095 660 31 17 the
2135 665 64 12 course
2209 660 38 17 will
2262 660 24 18 be
2294 666 45 17 very

1905 684 67 22 heavy.

1929 712 54 16 Some
1993 712 20 16 of
2021 718 34 10 our
2063 710 75 19 readers
2145 711 48 16 have
2201 711 47 16 been
2262 711 77 22 puzzled

1897 733 1 23 j
1905 740 21 11 as
1934 737 20 14 to
1961 735 51 17 what
2022 742 10 9 a
2051 734 155 17 "lead-oculist"'
2216 734 21 18 is,
2248 734 29 17 for
2293 735 46 16 such

1905 758 28 16 Dr
1938 758 89 18 Jackson,
2034 758 20 17 of
2061 757 117 21 Melbourne,
2185 763 38 10 was
2228 756 111 24 designated

1904 780 20 17 in
1931 787 35 11 our
1974 781 37 17 last
2019 781 54 17 issue.
2099 780 57 19 Lead,
2166 780 14 17 it
2189 780 16 17 is
2218 782 48 18 true,
2276 780 15 17 is
2300 780 29 18 fre-

1905 803 78 24 quently
1992 804 46 17 used
2048 805 18 15 in
2076 810 33 15 eye
2117 803 75 20 lotions,
2203 803 34 18 but
2255 803 38 17 this
2301 804 37 16 had

1904 832 25 11 no
1937 827 80 23 bearing
2027 833 23 11 on
2059 827 33 17 the
2100 827 113 21 expression.
2227 827 34 16 We
2270 827 68 23 simply

1904 851 64 16 meant,
1976 851 20 16 to
2006 852 48 15 state
2063 850 41 17 that
2117 850 27 17 Dr
2152 850 82 16 Jackson
2253 855 38 12 was
2306 850 32 17 the

2126 872 19 19 of
2168 873 117 20 Melbourne,
2303 873 36 17 but

1904 896 83 21 through
1997 902 35 11 one
2041 897 20 16 of
2070 897 52 16 these
2131 896 82 22 peculiar
2222 895 105 24 idiosyncra-

1904 918 34 18 sies
1949 919 59 17 which
2018 921 19 15 at
2048 920 54 16 times
2111 919 53 17 aiiect
2174 919 32 17 the
2220 919 45 17 staff
2277 920 20 17 of
2305 919 33 18 the

1903 942 42 17 best
1954 942 98 23 regulated
2061 942 149 23 printing-office
2220 943 15 16 it
2244 942 93 23 appeared

1903 971 21 11 as
1932 965 65 17 above.

1927 992 16 17 A
1952 992 61 18 notice
2022 999 20 10 re
2055 992 111 18 dissolution
2183 993 20 17 of
2217 992 120 24 partnership

1903 1015 85 17 between
2008 1017 70 15 Messrs
2095 1016 93 16 Morrison
2204 1016 38 16 and
2259 1016 79 18 Corbett

1903 1043 79 18 appears
1987 1038 105 19 elsewhere.
2117 1039 49 16 Both
2177 1039 92 18 members
2276 1039 21 19 of
2303 1040 34 18 the

1903 1062 37 16 late
1961 1062 42 17 firm
2023 1062 66 17 intend
2105 1062 88 23 carrying
2208 1069 24 10 on
2253 1062 84 19 business

1903 1085 110 17 henceforth
2022 1086 45 16 each
2076 1091 24 11 on
2110 1085 28 17 his
2147 1091 41 11 own
2195 1088 85 15 account.
2305 1087 33 17 Mr

1903 1107 99 22 Morrison,
2022 1108 118 20 blacksmith,
2159 1108 14 16 is
2190 1109 83 22 erecting
2293 1115 33 16 pre-

1903 1131 54 17 mises
1978 1132 19 16 in
2018 1132 174 16 Tutanekai-sfreot
2211 1132 85 22 opposite
2313 1133 22 17 E.

1903 1154 121 18 Robertson's
2033 1154 37 17 and
2079 1154 49 18 Co.'s
2135 1154 74 18 stables.
2234 1154 32 18 Mr
2272 1156 51 22 Chap-

1903 1184 43 10 man
1967 1178 15 16 is
2002 1178 32 16 the
2055 1178 112 17 contractor.
2200 1178 31 16 Mr
2251 1178 84 21 Corbett,

1903 1201 135 22 wheelwright,
2049 1201 14 16 is
2073 1201 39 16 also
2121 1201 71 21 having
2199 1208 10 9 a
2218 1201 52 22 place
2287 1202 46 17 built

1904 1223 27 18 for
1940 1224 38 17 him
1989 1224 24 22 by
2022 1224 31 17 Mr
2062 1224 17 16 J.
2095 1224 17 17 J.
2131 1224 53 21 Keys,
2197 1224 65 22 nearly
2276 1230 59 18 Oppo-
2343 1223 1 27 j

1902 1247 35 17 site
1953 1247 32 17 the
2006 1248 88 21 premise.,
2115 1248 20 15 of
2151 1247 27 16 his
2196 1246 36 18 late
2252 1250 82 19 partner.

1902 1270 50 17 Both
1973 1271 103 17 structures
2096 1276 32 10 arc;
2149 1271 36 15 fast
2206 1271 129 22 approaching

1902 1293 120 23 completion.

1926 1325 32 17 We
1968 1326 59 21 regret
2039 1326 19 15 to
2075 1324 51 18 learn
2143 1325 42 17 that
2202 1325 28 17 Wi
2248 1325 58 18 Maihi
2317 1328 18 15 te

1902 1347 142 24 Rangihahckc,
2055 1353 35 12 one
2098 1347 21 18 of
2126 1347 33 18 the
2165 1347 36 19 last
2218 1349 19 16 <>f
2255 1349 31 16 the
2303 1349 32 17 old

1902 1372 57 16 chiefs
1969 1372 20 16 of
1998 1372 32 15 the
2041 1371 136 23 Rangiwowehi
2188 1371 14 18 is
2211 1372 54 21 lying
2273 1373 20 16 at
2302 1373 33 16 the
2343 1371 1 23 '

1902 1395 54 21 point
1964 1395 20 16 of
1993 1394 56 17 death
2058 1395 21 17 at
2088 1394 90 17 Awahou.
2204 1394 28 17 Wi
2250 1391 59 22 Maihi
2320 1396 14 16 is
2343 1391 1 25 ;

1901 1424 9 10 a
1921 1424 44 10 loan
1974 1418 20 16 of
2002 1418 56 16 much
2067 1423 52 11 more,
2135 1417 45 17 than
2200 1417 88 23 ordinary
2304 1419 20 17 in-

1902 1441 103 23 telligence,
2015 1440 73 23 though
2098 1441 19 16 of
2126 1441 37 16 late
2173 1440 30 18 old
2212 1446 35 16 ago
2256 1441 34 17 has
2298 1442 24 17 im-

1900 1464 66 22 paired
1975 1464 27 17 his
2018 1464 70 17 mental
2105 1463 91 18 faculties.
2222 1464 29 17 He
2269 1470 37 11 was
2315 1466 20 15 of

1900 1487 33 17 the
1950 1489 84 20 greatest
2056 1487 101 17 assistance
2174 1488 18 15 to
2216 1487 28 17 Sir
2261 1488 73 19 George

1901 1510 51 23 Grey
1959 1511 20 17 in
1987 1510 34 18 the
2035 1509 110 23 production
2164 1509 19 19 of
2199 1510 28 17 his
2246 1511 50 17 work
2310 1517 24 11 on

1901 1534 43 16 PoU
1951 1540 22 9 ne
1984 1533 30 18 ian
2024 1533 117 23 mythology,
2152 1532 37 17 and
2204 1539 42 17 may
2255 1533 22 18 bo
2295 1534 38 17 said

1901 1558 20 16 to
1928 1556 49 18 have
1985 1556 99 18 subedited
2093 1555 39 18 that
2145 1556 49 21 truly
2210 1556 80 18 classical
2302 1558 24 16 lit-

1900 1586 54 15 erary
1964 1580 59 21 effort,
2049 1579 39 17 The
2097 1579 31 17 old
2138 1579 48 17 chiof
2196 1580 13 15 is
2218 1584 35 18 ago
2263 1579 1 23 I
2276 1579 57 19 about

1900 1604 28 18 80,
1938 1602 39 18 and
1984 1603 34 18 has
2032 1607 38 12 two
2088 1602 102 22 daughters
2207 1603 65 20 living.
2298 1603 35 18 His

1900 1626 45 22 only
1953 1631 34 13 son
1996 1631 39 12 was
2043 1626 59 17 killed
2109 1625 20 18 iu
2138 1631 35 12 one
2190 1627 19 15 of
2218 1626 24 15 Te
2262 1626 71 18 Kooti's

1901 1650 48 17 raids
1959 1656 22 10 on
1992 1648 136 21 Omarumuku,
2141 1655 44 10 near
2194 1648 83 23 Opotiki.

1922 1681 40 17 The
1979 1680 74 18 further
2071 1680 102 18 formation
2192 1681 20 16 of
2232 1680 99 19 Pukuatua

1900 1705 52 20 steot,
1964 1704 60 16 which
2038 1703 51 18 loads
2103 1703 18 18 to
2135 1703 31 17 the
2184 1704 50 16 rural
2253 1704 80 18 section's

1899 1730 19 14 at
1928 1728 74 16 Tarewa
2009 1728 14 16 is
2028 1727 77 22 making
2112 1727 49 20 good
2171 1728 162 20 progress.Means

1899 1751 20 17 of
1928 1757 61 11 access
1995 1753 19 14 to
2023 1751 32 16 the
2064 1750 104 22 gravel-pit
2178 1750 55 20 lately
2253 1750 79 24 granted

1900 1779 43 14 near
1954 1774 31 16 the
1994 1774 75 21 railway
2079 1773 37 18 line
2129 1773 37 16 will
2176 1772 24 19 bo
2206 1773 84 18 afforded
2307 1774 25 22 by

1899 1798 31 16 the
1939 1796 83 24 opening
2030 1802 26 17 up
2065 1797 20 17 of
2090 1796 37 17 this
2136 1798 59 15 route.
2210 1796 38 18 The
2256 1797 65 23 gravel-

1899 1821 37 22 pits
1947 1821 36 15 will
1994 1821 22 15 be
2027 1820 58 16 under
2095 1819 31 17 the
2133 1820 72 16 control
2215 1820 117 17 oftheTown

1898 1843 69 19 Board,
1973 1842 36 19 and
2017 1848 93 13 assoonas
2117 1842 33 18 the
2153 1842 46 18 road
2208 1842 124 24 iscomploted
2342 1842 2 24 I

1898 1866 91 18 residents
1999 1866 38 17 will
2046 1866 23 17 bo
2082 1866 79 17 allowed
2170 1867 19 16 to
2199 1872 31 11 use
2244 1866 51 17 them
2313 1869 20 14 at

1898 1895 9 13 a
1919 1895 42 13 men
1970 1890 18 22 ly
1997 1889 84 18 nominal
2091 1888 74 24 charge.
2192 1889 21 18 In
2224 1890 31 16 the
2268 1895 64 12 course

1898 1913 20 17 of
1927 1913 84 21 clearing
2018 1920 11 10 a,
2038 1912 50 22 good
2097 1911 41 19 deal
2148 1913 20 16 of
2171 1913 83 21 burning
2266 1913 65 17 offhad

1898 1937 19 16 to
1926 1936 24 17 be
1964 1937 47 16 done
2026 1936 37 17 and
2076 1935 32 17 the
2125 1935 46 21 high
2189 1935 59 18 winds
2265 1936 68 17 caused

1898 1960 32 16 the
1939 1960 33 16 tire
1982 1963 19 12 to
2009 1959 67 22 spread
2086 1965 19 10 so
2121 1958 73 23 rapidly
2203 1964 34 13 ono
2250 1959 37 22 day
2296 1960 36 15 last

1899 1983 51 17 week
1959 1982 42 18 that
2009 1982 65 17 before
2084 1982 32 17 the
2124 1981 65 19 flames
2199 1982 54 17 could
2263 1982 22 18 bo
2300 1989 20 10 ar-

1899 2007 33 16 rest
1944 2005 13 18 i!
1969 2005 70 18 several
2049 2007 20 15 of
2078 2006 32 16 the
2119 2006 57 16 street
2178 2006 49 16 trees
2231 2011 46 12 woro
2287 2011 33 12 con-

1898 2029 71 18 suiaod.
1996 2029 57 16 These
2063 2035 47 10 wore
2116 2028 65 22 chiefly
2191 2029 81 21 poplars,
2279 2029 39 16 how-

1898 2059 48 13 ever,
1956 2052 38 17 and
2002 2058 35 11 can
2046 2052 23 17 be
2078 2052 58 22 easily
2145 2052 91 22 replaced.

1922 2084 39 17 The
1970 2083 81 22 Library
2060 2083 37 17 and
2108 2082 86 24 Reading
2206 2083 55 18 Boom
2280 2089 38 12 com-

1898 2106 64 18 mittee
1973 2108 37 15 met
2028 2106 19 17 in
2063 2106 33 17 the
2114 2106 89 17 Institute
2220 2113 24 10 on
2263 2106 67 23 Friday

1898 2130 55 22 night
1964 2130 52 16 when
2028 2130 52 16 there
2089 2135 38 11 was
2136 2135 11 11 a
2156 2130 49 21 good
2219 2130 112 16 attendance

1897 2153 32 17 Mr
1936 2153 20 17 C.
1966 2153 83 22 Malfroy
2058 2152 58 23 being
2124 2152 19 17 in
2161 2153 32 17 the
2210 2153 57 17 chair.
2293 2153 38 17 The

1898 2176 108 17 treasurer's
2022 2177 101 16 statement
2143 2175 75 18 showed
2232 2176 42 17 that
2299 2177 32 16 the

1897 2200 79 16 balance
1989 2199 19 18 in
2023 2199 52 16 hand
2091 2198 38 17 and
2145 2198 18 17 in
2184 2199 50 16 bank
2252 2205 66 12 amoun-

1898 2222 31 18 ted
1938 2223 20 17 to
1968 2222 26 17 £3
2004 2223 30 17 18s
2045 2222 27 16 Id.
2083 2222 38 16 The
2130 2228 78 10 manner
2218 2222 20 18 of
2254 2222 78 22 visiting

1898 2246 31 16 the
1939 2246 90 22 property
2038 2246 19 16 of
2077 2245 32 17 the
2131 2245 112 18 subscribers
2264 2246 19 16 in
2300 2247 31 15 the

1898 2269 58 18 Town
1965 2269 62 16 Board
2037 2275 37 10 was
2083 2268 94 17 discussed
2189 2270 18 15 at
2216 2269 66 20 length
2295 2269 36 16 and

1898 2293 16 16 if
1922 2299 37 10 was
1969 2291 77 18 decided
2055 2294 19 14 to
2084 2291 64 17 follow
2162 2292 32 16 the
2210 2291 122 18 instructions

1898 2314 100 19 contained
2016 2315 18 17 in
2052 2322 10 9 a
2076 2315 56 17 letter
2142 2315 48 16 from
2208 2314 30 18 Mr
2255 2316 76 21 Battley

1898 2338 91 18 solicitor;
2015 2338 39 17 The
2063 2339 39 16 vice
2116 2337 100 23 president,
2236 2339 92 23 secretary

1898 2362 37 16 ami
1949 2364 94 14 treasurer
2049 2367 48 11 were
2108 2361 93 17 therefore
2212 2362 120 21 empowered

1898 2388 19 14 to
1928 2384 87 23 formally
2030 2384 50 18 hand
2097 2390 44 11 over
2157 2390 24 11 an
2197 2385 99 22 inventory
2314 2386 19 16 of

1898 2409 33 16 the
1939 2409 90 21 property
2039 2409 19 15 to
2067 2408 32 16 the
2108 2407 63 17 Board
2187 2408 67 22 taking
2270 2408 24 17 its
2302 2414 20 12 re-

1898 2431 50 23 ceipt
1957 2431 29 17 for
1995 2431 32 17 the
2036 2437 56 11 same.
2117 2431 94 17 Accounts
2220 2431 113 23 amounting

1899 2457 19 14 to
1928 2456 27 15 X'2
1973 2456 29 15 12s
2020 2454 24 17 (id
2060 2459 48 12 were
2116 2454 67 21 passed
2197 2455 29 16 for
2242 2457 90 19 payment

1900 2478 37 16 and
1948 2478 32 16 the
1989 2478 84 21 meeting
2080 2477 111 22 adjourned.

1922 2509 32 18 Mr
1961 2507 39 19 and
2008 2509 41 17 Mrs
2057 2508 20 19 C.
2093 2508 96 18 Crowther
2204 2509 19 17 of
2239 2509 93 18 Atiamuii

1899 2532 67 18 looked
1975 2532 20 17 in
2003 2538 24 11 on
2037 2538 21 11 us
2067 2532 70 21 during
2145 2532 32 16 the
2186 2532 51 17 week
2250 2532 42 17 bent
2309 2539 23 12 on

1898 2556 73 21 having
1991 2562 11 10 a
2018 2555 44 17 look
2078 2556 21 16 at
2116 2555 83 18 Rotorua
2215 2556 70 21 during
2301 2556 32 17 the
2343 2555 1 22 '

1899 2579 67 21 height
1975 2579 20 17 of
2003 2579 33 16 the
2045 2584 64 11 season
2120 2579 66 17 which,
2196 2578 92 23 however,
2300 2580 33 16 has

1898 2603 35 16 not
1949 2603 33 21 yet
1997 2602 48 17 been
2061 2600 85 19 reached.
2185 2602 38 17 The
2240 2602 93 18 Atiamuri

1900 2626 64 19 Hotel,
1975 2631 44 11 over
2028 2624 60 18 which
2098 2625 31 16 Mr
2138 2625 37 17 and
2183 2624 40 19 Mrs
2236 2625 99 18 Crowther

1899 2649 79 22 preside,
1988 2649 16 16 is
2013 2648 98 22 -favorably
2121 2648 82 17 situated
2211 2649 30 16 for
2253 2650 78 16 tourists

1900 2671 56 24 being
1973 2672 59 17 about
2046 2671 83 22 halfway
2143 2671 84 18 between
2242 2672 43 17 here
2297 2672 38 17 and

1900 2695 65 23 Taupo
1974 2695 37 16 and
2018 2694 66 17 within
2094 2700 44 17 easy
2146 2701 60 10 access
2216 2696 20 15 of
2244 2701 56 16 many
2316 2696 19 17 of

1900 2718 32 18 the
1953 2720 49 15 most
2018 2718 113 22 interesting
2147 2718 76 17 natural
2242 2719 91 17 wonders.

1901 2741 109 23 Sportsmen
2020 2741 54 17 could
2083 2743 34 14 not
2126 2741 59 17 desire
2194 2748 10 10 a
2213 2741 61 18 better
2281 2743 42 22 stop-

1900 2764 111 24 ping-place
2029 2770 19 11 as
2065 2764 52 17 there
2134 2764 15 17 is
2165 2764 66 22 plenty
2248 2765 21 17 of
2285 2765 50 22 good

1901 2788 70 21 fishing
1980 2788 38 16 and
2027 2788 89 21 shooting
2121 2788 19 15 in
2146 2788 32 16 the
2185 2788 149 22 neighborhood.

1901 2811 73 17 Parties
1987 2811 76 22 leaving
2077 2811 84 16 Rotorua
2174 2810 25 23 by
2213 2812 122 17 Robertson's

1902 2835 54 16 coach
1968 2840 22 10 on
2000 2834 118 21 Wednesday
2127 2840 34 10 can
2167 2835 41 21 stay
2215 2840 43 11 over
2265 2835 59 17 Thurs-

1901 2857 36 23 day
1947 2857 38 17 and
1994 2857 69 22 Friday
2070 2858 20 16 at
2099 2857 93 17 Atiamuri
2205 2858 60 22 going
2277 2864 25 11 on
2316 2859 20 16 to

1901 2881 65 22 Taupo
1983 2887 25 10 on
2025 2880 99 22 Saturday,
2143 2880 37 17 and
2197 2881 19 16 in
2236 2881 33 16 the
2286 2887 51 11 same

1902 2910 78 11 manner
1989 2904 53 16 those
2050 2904 76 21 leaving
2132 2904 64 21 Taupo
2203 2904 25 22 by
2236 2904 101 22 Monday's

1902 2927 55 17 coach
1968 2933 33 11 can
2011 2927 47 17 have
2067 2928 38 15 two
2119 2927 49 17 clear
2181 2927 46 22 days
2238 2928 53 16 there
2299 2927 38 17 and

1902 2950 80 22 proceed
1990 2951 20 16 to
2020 2951 84 16 Rotorua
2113 2955 24 12 on
2145 2950 105 23 Thursday.

1926 2982 38 16 The
1974 2986 67 19 geyser
2049 2981 61 17 action
2120 2981 108 19 observable
2236 2982 20 16 in
2265 2983 32 16 the
2303 2983 35 16 hot

1903 3005 75 23 springs
1996 3010 23 11 on
2032 3005 33 16 the
2081 3005 77 16 Tarewa
2175 3005 50 20 road,
2244 3011 46 11 near
2305 3006 33 17 the

1903 3028 80 21 Kuirau,
1993 3028 15 17 is
2018 3028 38 17 still
2065 3034 11 10 a
2085 3033 65 12 source
2159 3028 19 16 of
2187 3028 83 19 interest,
2281 3034 57 17 many

1903 3057 77 16 persons
1989 3051 71 22 having
2069 3051 67 17 visited
2144 3051 32 17 the
2182 3051 52 22 place
2248 3052 89 22 recently.

1903 3075 40 16 The
1950 3075 73 21 largest
2032 3074 42 22 pool
2085 3080 37 11 was
2133 3074 52 22 quiet
2201 3075 29 16 for
2243 3081 11 10 a
2268 3075 36 21 day
2319 3081 21 11 or

1905 3099 37 15 two
1951 3097 49 17 until
2009 3097 98 23 Thursday
2116 3097 37 17 last
2162 3097 54 18 when
2224 3097 16 18 it
2246 3097 92 23 suddenly

1905 3126 73 17 sprang
1983 3120 42 18 into
2033 3120 79 23 activity
2120 3120 39 17 and
2167 3122 42 16 sent
2216 3126 27 17 up
2251 3127 11 11 a
2276 3122 28 22 jet
2320 3122 20 16 of

1905 3146 64 18 water,
1979 3145 22 15 to,
2008 3144 59 16 about
2080 3143 46 18 30ft.
2160 3144 38 16 Tin;
2213 3150 125 16 appearances

1906 3172 44 12 near
1957 3167 82 17 indicate
2048 3167 43 16 that
2100 3173 10 10 a
2116 3167 127 17 considerable
2251 3168 89 22 quantity

1905 3191 20 16 of
1934 3190 45 17 mud
1989 3196 37 11 was
2036 3190 78 22 ejected.
2147 3190 53 17 Since
2213 3191 46 16 then
2274 3191 16 17 ib
2305 3191 35 17 has

1905 3214 47 16 been
1961 3213 57 22 again
2030 3214 65 21 pretty
2110 3213 52 22 quiet
2175 3213 35 17 but
2225 3213 70 24 during
2309 3214 31 17 the

1906 3237 55 22 night
1975 3237 16 16 it
2004 3237 64 16 makes
2081 3237 24 16 its
2123 3242 86 16 presence
2225 3237 65 17 heard.
2324 3238 16 16 A

1905 3260 52 22 largo
1967 3259 88 22 quantity
2065 3260 19 16 of
2093 3260 59 17 water
2160 3260 97 17 continues
2269 3261 19 16 to
2298 3260 42 17 flow

1897 3282 1 23 I
1906 3284 58 21 along
1973 3283 31 16 the
2013 3284 77 15 Tarewa
2099 3282 45 17 road
2154 3283 37 16 and
2200 3289 11 10 a
2220 3283 52 17 drain
2282 3284 15 16 is
2306 3284 22 16 be-

1906 3306 34 21 ing
1949 3308 34 20 put
1992 3306 19 16 in
2020 3308 20 15 to
2049 3306 72 17 confine
2130 3306 16 16 it
2154 3307 20 15 to
2183 3313 11 10 a
2202 3312 68 16 proper
2279 3306 48 18 chan-

1906 3328 37 18 nel.
1969 3329 39 17 The
2016 3335 51 11 same
2072 3329 48 21 high
2126 3330 125 21 temperature
2257 3330 15 16 is
2279 3330 49 16 main-

1907 3351 64 18 tained
1979 3352 18 17 in
2004 3353 33 16 the
2043 3352 59 22 pools,
2109 3351 38 18 and
2156 3353 42 16 that
2204 3353 19 16 of
2230 3353 32 16 the
2269 3353 72 16 Kuirau

1907 3375 65 17 stands
1981 3376 20 15 at
2011 3376 38 16 ll(i.
2063 3376 39 16 The
2112 3376 58 16 water
2175 3375 73 23 ejected
2252 3376 17 17 is
2273 3375 69 18 loaded

1909 3398 45 17 with
1960 3405 11 10 a
1980 3398 126 18 sedimentary
2115 3397 79 24 deposit,
2204 3398 35 17 but
2247 3405 20 11 as
2276 3400 32 21 yet
2316 3404 25 12 no

1908 3421 82 17 analysis
1999 3421 33 17 has
2041 3421 47 18 been
2098 3421 59 17 made.
2183 3421 19 17 It
2216 3422 21 20 is,
2248 3422 92 20 however,

1907 3444 98 22 decidedly
2014 3444 82 17 alkaline
2104 3444 38 17 like
2150 3444 33 17 the
2198 3445 73 16 Kuirau
2284 3445 57 17 itself.

1931 3472 32 16 Mr
1970 3472 28 16 W.
2008 3472 26 16 H.
2045 3472 67 17 Knock
2121 3472 21 17 of
2156 3472 31 17 the
2204 3472 41 17 Hot
2263 3472 79 22 Springs

1909 3495 64 20 Hotel,
1985 3495 24 17 Te
2024 3495 69 20 Aroha,
2103 3495 44 22 paid
2157 3501 11 11 a
2176 3496 43 16 visit
2228 3497 20 16 to
2257 3495 85 18 Rotorua

1909 3518 69 21 during
1987 3518 32 16 the
2034 3519 42 20 past
2090 3518 51 17 week
2157 3518 29 17 his
2203 3518 62 22 object
2283 3518 57 23 being

1909 3542 19 15 to
1938 3541 44 22 gain
1997 3547 51 11 some
2064 3541 86 22 personal
2167 3538 112 26 knowledge
2295 3543 21 16 of
2331 3548 12 10 a

1909 3564 52 22 place
1970 3565 20 16 to
1999 3564 62 17 which
2070 3570 56 16 many
2135 3565 18 16 of
2161 3564 29 17 his
2199 3566 64 21 guests
2272 3570 31 11 are
2320 3570 23 11 on

1909 3588 60 16 route.
1994 3588 40 16 The
2043 3593 65 11 season
2116 3589 20 15 at
2145 3588 25 16 Te
2179 3588 65 16 Aroha
2250 3588 24 16 ho
2286 3589 57 16 states

1909 3610 34 17 has
1961 3611 47 16 been
2029 3610 48 23 good
2104 3616 20 10 so
2150 3611 29 15 far
2199 3611 38 17 and
2258 3611 52 17 then;
2328 3611 15 16 is

1909 3639 56 15 every
1979 3634 87 22 prospect
2083 3633 20 17 of
2119 3633 24 17 its
2161 3633 117 22 continuing.
2312 3634 32 17 Mr

1910 3656 67 17 Knock
1986 3656 67 17 visited
2063 3656 32 17 the
2103 3656 56 17 baths
2169 3657 37 16 and
2220 3657 120 16 Sanatorium

1910 3679 84 22 grounds
2002 3680 39 16 and
2049 3685 49 16 gavo
2106 3686 11 10 a
2125 3684 45 17 very
2183 3680 68 17 honest
2267 3680 76 22 opinion

1910 3700 42 19 how
1961 3703 19 16 in
1990 3703 70 16 certain
2074 3702 66 17 details
2157 3703 46 22 they
2219 3709 49 11 wore
2284 3703 59 17 above

1910 3726 38 16 and
1956 3726 20 15 in
1985 3726 63 16 others
2056 3726 61 16 below
2128 3726 33 15 the
2170 3726 24 17 Te
2211 3726 63 17 Aroha
2291 3727 42 16 stan-

1910 3748 54 17 dard.
1989 3748 40 18 One
2038 3748 69 18 matter
2116 3748 61 17 which
2186 3749 23 17 he
2218 3749 77 22 pointed
2311 3750 32 16 out

1912 3777 37 11 was
1966 3771 32 17 the
2015 3772 79 16 absence
2111 3771 20 17 of
2147 3777 35 16 any
2202 3772 98 22 appliance
2317 3772 25 21 by

1910 3794 61 17 which
1980 3795 80 16 invalids
2070 3794 54 17 could
2133 3794 23 17 be
2165 3795 55 16 lifted
2228 3795 65 23 bodily
2302 3795 41 17 into

1910 3817 33 17 the
1956 3818 53 17 bath.
2036 3817 99 22 Swinging
2144 3818 60 16 chairs
2213 3823 31 12 arc
2253 3818 20 16 in
2283 3824 61 15 vogue

1910 3841 21 16 at
1939 3840 25 18 Te
1973 3840 64 18 Aroha
2046 3840 37 17 and
2092 3840 49 17 their
2155 3840 128 18 introduction
2299 3841 45 17 here

1911 3863 64 17 would
1987 3864 23 16 bo
2028 3865 49 15 most
2094 3863 100 17 advisable.
2221 3863 53 24 Sugg
2296 3864 48 18 lions

1910 3886 54 19 have,
1975 3893 27 10 we
2008 3886 116 17 understand
2129 3886 47 17 been
2182 3887 54 16 made
2245 3887 18 17 in
2274 3887 68 21 regard

1911 3910 20 16 to
1940 3910 43 19 this,
1994 3910 40 21 but,
2045 3915 20 12 so
2074 3910 35 20 far,
2125 3909 81 18 without
2221 3910 65 17 result.
2312 3910 32 17 Mr

1912 3932 83 18 Knock's
2004 3932 44 18 visit
2056 3934 20 16 to
2085 3932 173 18 Whakarewarewa
2267 3933 38 17 will
2320 3933 23 17 be

1912 3955 126 19 remembered
2049 3956 26 22 by
2084 3956 32 16 the
2127 3955 72 18 native's
2208 3955 52 18 there
2276 3957 23 21 qj)
2314 3962 20 11 ac-

1912 3980 57 15 count,
1985 3979 20 16 of
2013 3979 33 16 the
2055 3978 64 17 liberal
2129 3978 81 23 largesso
2219 3979 23 16 he
2250 3978 39 19 best
2300 3978 44 18 wed

1912 4006 23 12 on
1952 4002 33 16 the
1996 4002 74 17 urchins
2080 4001 41 17 who
2130 4001 42 17 dive
2181 4002 30 16 for
2221 4002 51 16 coins
2281 4002 19 16 in
2314 4002 30 16 the

1911 4024 54 22 pools
1974 4025 20 16 of
2002 4023 129 19 Parekohuru.

1996 4056 100 17 PEOPLE
2112 4055 61 17 WHO
2186 4055 79 18 KNOW

1912 4091 39 17 The
1959 4092 65 16 merits
2033 4093 20 15 of
2070 4092 77 16 Wolfe's
2160 4091 96 23 Schnapps
2272 4098 30 10 are
2317 4097 18 13 re-

1912 4113 79 23 quested
2013 4117 19 14 to
2050 4115 55 17 assist
2121 4113 42 23 the.
2173 4115 116 21 proprietors
2309 4115 35 17 and

1913 4138 63 16 others
1985 4138 19 16 to
2022 4139 62 20 stamp
2098 4139 34 15 out
2145 4137 25 17 its
2182 4138 36 17 vile
2235 4138 109 18 imitations.

1913 4160 82 20 Destroy
2003 4161 65 19 empty
2077 4160 75 18 bottle-.

2389 150 38 17 The
2436 152 62 16 native
2506 157 74 14 owners
2587 154 21 16 of
2615 153 32 18 Lin
2648 153 13 18 J
2677 155 20 16 at
2714 155 33 16 the-
2763 154 25 17 To-

2366 172 62 18 kaanu
2438 174 78 23 Springs
2525 182 31 10 are
2565 177 104 23 arranging
2685 177 50 18 their
2751 177 39 18 divi-

2366 196 58 17 sional
2441 197 113 19 boundaries
2574 201 89 21 amongst
2681 199 118 19 themselves.

2366 218 38 18 The
2422 219 116 24 Wellington
2562 222 146 22 correspondent
2725 224 20 16 of
2768 223 32 18 the

2366 241 72 18 Herald
2446 244 57 16 states
2518 244 42 17 that
2570 251 11 10 a
2589 250 23 12 m<
2620 245 35 18 mb(
2664 251 7 12 r
2681 246 19 18 of
2716 246 32 18 the
2761 247 26 17 Go-

2366 268 103 16 vcinmeiii,
2479 272 21 11 or
2510 266 31 16 tii-
2553 266 190 25 Surveyor-General,
2763 270 36 17 will

2365 287 44 17 visit
2417 287 89 19 Tokaann
2514 291 47 15 next
2567 291 66 17 mouth
2643 293 20 16 to
2669 292 92 23 complete
2768 293 31 17 the

2365 312 141 21 arrangements
2515 312 30 17 for
2553 313 124 25 establishing
2685 320 12 12 a
2705 315 94 23 township

2366 334 58 16 nnder
2434 334 31 18 the
2477 334 69 19 Native
2554 335 101 24 Township
2672 338 37 17 Act
2725 339 20 16 of
2761 339 37 17 last

2365 357 76 17 session.

2352 384 2 22 J
2387 384 31 18 Mr
2427 384 51 18 John
2488 384 63 19 Fuller
2559 385 37 17 and
2606 386 116 19 histalented
2732 388 65 18 family

2364 407 78 18 assisted
2457 408 25 22 l>y
2495 408 47 17 Miss
2557 407 21 18 F.
2595 408 22 18 L.
2635 409 77 23 Featon,
2729 417 9 11 a
2753 418 34 10 con-

2351 430 3 26 i
2363 430 58 19 tralto
2431 431 20 16 of
2459 431 119 23 exceptional
2587 432 59 21 merit,
2657 433 39 17 will
2707 434 43 22 give
2764 441 34 11 one

2364 454 20 17 of
2403 454 50 17 their
2465 454 82 23 popular
2559 456 155 17 entertainments
2732 458 19 15 in
2766 458 32 16 the

2365 477 83 17 l'ukeroa
2467 477 45 17 Hall
2526 483 25 11 on
2568 477 70 22 Friday
2652 479 37 16 and
2704 479 93 24 Saturday

2351 500 2 26 '
2363 500 89 23 evenings
2464 500 20 18 of
2497 502 47 15 next
2561 501 58 16 week.
2652 501 38 17 The
2705 508 93 18 company

2364 523 32 18 lias
2406 523 45 18 been
2461 524 104 22 appearing
2573 524 18 17 in
2602 524 32 17 the
2648 525 75 16 various
2737 526 48 17 town-

2363 546 51 23 ships
2429 546 118 24 throughout
2561 546 31 18 the
2605 546 92 23 Waikato,
2716 548 82 25 meeting

2364 569 46 17 with
2417 569 88 18 deserved
2516 575 72 13 success
2595 575 25 13 on
2636 576 54 17 every
2705 571 91 21 occasion,

2363 598 36 11 .in.:
2409 599 23 12 no
2442 592 58 19 doubt
2510 593 34 17 the-
2551 599 50 11 same
2611 593 49 22 good
2670 593 75 19 fortune
2759 595 39 17 will

2361 615 67 18 attend
2438 616 48 17 their
2495 616 42 17 visit
2547 617 19 16 to
2583 616 89 18 Eotorua.
2698 617 38 18 The
2752 623 36 16 j>ro-

2362 640 84 20 grainme
2467 639 102 18 submitted
2590 639 15 16 is
2626 641 48 17 most
2698 640 99 18 attractive

2362 662 114 23 comprising
2501 661 79 23 ballads,
2606 662 61 22 duets,
2695 663 102 19 humorous

2436 685 131 20 instrumental
2581 686 50 17 solos
2645 686 37 17 and
2699 686 31 18 the
2744 692 42 12 ever-

2362 713 56 16 green
2428 708 90 23 operetta,
2593 708 48 19 Eose
2649 710 19 17 of

2363 731 42 16 Jtis
2417 731 31 17 Mr
2463 732 79 16 Fuller's
2556 731 39 19 first
2610 733 42 16 visit
2670 734 20 16 to
2707 733 32 17 the
2759 733 36 18 Eot

2364 754 14 15 I.
2384 753 38 17 dees
2431 753 70 18 district
2512 755 73 23 though
2595 755 29 17 his
2633 756 51 17 voice
2693 757 14 16 is
2715 756 81 17 familiar

2361 777 20 16 to
2391 782 55 15 many
2455 784 23 10 on
2485 780 78 15 account
2573 778 19 17 of
2601 778 28 17 his
2638 780 73 16 famous
2720 785 48 15 song
2777 780 19 17 of

2507 800 70 23 having
2586 801 45 18 been
2642 802 111 17 record.-din
2765 802 31 18 the

2361 823 124 22 phonograph
2495 824 17 16 in
2524 825 97 16 Auckland
2631 825 38 17 and
2681 826 115 21 reproduced

2362 846 48 18 here.
2436 846 46 18 Miss
2491 846 58 23 Lydia
2560 847 65 18 Fuller
2632 848 73 18 besides
2711 848 59 24 being
2784 855 10 12 u

2361 868 98 24 charming
2480 875 80 17 soprano
2582 871 16 16 is
2617 877 10 11 a
2649 872 44 17 natosi
2718 871 77 23 capable

2361 894 68 15 actress
2439 893 36 16 and
2485 893 37 17 will
2532 893 22 17 bo
2563 893 57 17 heard
2629 896 20 14 to
2660 894 106 24 advantage
2777 896 17 16 in

2361 915 31 18 the
2408 917 82 21 operetta
2509 916 60 17 which
2587 917 99 17 concludes
2701 918 34 17 the
2750 924 33 16 pro-

2360 944 85 17 gramme
2452 938 46 19 each
2506 939 86 23 evening.
2618 940 121 19 MissHettie
2751 941 32 18 Ful-

2359 962 29 18 ler
2394 962 39 18 and
2442 962 31 18 Mr
2483 962 37 18 Ben
2531 962 63 17 Fuller
2604 968 30 12 are
2644 964 32 17 the
2688 965 106 16 cornelians

2360 985 20 19 of
2387 985 34 18 the
2429 991 92 17 company
2537 985 36 17 and
2587 986 18 16 in
2624 987 48 16 their
2687 993 57 15 songs
2757 987 37 18 and

2359 1007 102 20 humorous
2470 1009 82 21 medleys
2569 1009 67 22 imparl
2655 1016 24 10 an
2697 1010 97 22 agreeable

2359 1032 73 22 variety
2441 1033 19 16 to
2470 1032 32 17 the
2510 1032 135 22 performance.
2679 1032 31 18 Mr
2724 1033 70 18 Walter

2362 1055 61 17 Fuller
2432 1054 15 19 is
2451 1055 34 18 the
2491 1055 156 18 instrumentalist
2657 1056 37 16 and
2702 1056 53 22 plays
2763 1056 31 18 the

2351 1077 1 24 '
2358 1077 171 24 accomptoifinents
2539 1078 125 23 throughout.

2418 1127 118 20 ROTORUA
2547 1129 101 18 JOCKEY
2659 1129 66 19 CLUB.

2382 1175 14 17 A
2412 1175 83 22 meeting
2509 1175 19 18 of
2542 1175 90 18 stewards
2649 1176 20 18 of
2685 1176 32 18 the
2734 1176 58 18 above

2358 1199 49 17 (Jlub
2415 1204 38 11 wns
2462 1199 43 17 held
2514 1204 23 11 on
2548 1199 97 22 Thursday
2657 1199 37 18 last
2707 1200 18 16 at
2744 1199 48 18 Luke

2351 1219 1 26 i
2357 1219 67 21 House
2431 1220 64 22 Hotel,
2514 1222 30 17 Mr
2560 1222 22 17 R.
2598 1223 21 16 !).
2634 1222 75 23 Dansey
2726 1222 19 18 in
2761 1223 31 18 the

2358 1246 57 16 chair.
2441 1244 38 18 The
2496 1245 158 22 correspondence
2667 1245 94 18 consisted
2773 1246 19 18 of

2358 1275 8 9 a
2384 1267 50 24 reply
2451 1269 47 16 from
2514 1268 32 18 the
2563 1268 85 23 Railway
2665 1269 126 22 Department
2799 1267 1 26 j

2358 1291 304 23 •rtatingthattherequesttohavQ
2670 1293 31 16 (he
2709 1293 83 22 meeting

2358 1314 109 17 announced
2476 1321 24 10 on
2509 1315 73 22 posters
2587 1315 21 18 to
2613 1314 23 19 be
2646 1314 61 19 issued
2712 1315 77 23 regard-
2799 1314 1 24 ;

2358 1337 32 23 ing
2400 1337 97 19 excursion
2506 1338 59 16 trains
2574 1343 24 12 on
2608 1338 126 22 Anniversary
2749 1338 40 24 Day
2799 1337 1 25 ;

2358 1360 61 18 would
2429 1360 22 18 bo
2460 1360 91 23 complied
2561 1361 52 17 with.

2381 1383 37 18 The
2428 1384 97 22 secretary,
2536 1383 31 18 Mr
2578 1383 98 24 Urquhart
2691 1385 100 21 explained

2356 1407 43 16 that
2408 1413 20 11 as
2440 1408 15 15 it
2469 1413 38 10 was
2520 1406 108 23 impossible
2642 1409 20 16 to
2676 1408 65 17 obtain
2758 1408 33 17 the

2357 1430 77 18 services
2443 1431 20 16 of
2469 1436 23 10 an
2502 1430 107 18 auctioneer
2617 1432 19 16 to
2646 1431 33 17 well
2688 1431 32 17 the
2732 1431 57 22 privi-

2357 1453 50 22 Icges
2416 1453 74 17 tenders
2498 1453 37 17 had
2545 1453 46 17 been
2605 1454 90 20 solicited,
2705 1454 46 17 both
2765 1455 25 22 by

2356 1476 144 18 advertisement
2512 1477 20 16 in
2541 1477 32 16 the
2582 1477 48 17 local
2638 1483 59 17 paper
2713 1477 38 17 and
2765 1477 26 23 by

2356 1499 31 17 the
2396 1498 82 23 delivery
2488 1500 19 17 of
2516 1499 94 22 circulate,
2622 1502 19 15 to
2650 1500 26 18 all
2689 1500 43 17 who
2742 1507 47 11 were

2356 1522 57 23 likely
2431 1523 18 17 to
2467 1523 22 17 bo
2505 1522 87 23 disposed
2610 1525 19 15 to
2641 1523 70 17 tender.
2746 1524 43 17 This

2355 1545 62 18 action
2438 1546 71 21 having
2530 1545 47 18 been
2595 1546 95 23 approved
2715 1546 75 18 tenders

2357 1574 46 11 were
2413 1568 76 23 opened.
2516 1569 36 16 For
2566 1569 33 18 the
2612 1572 53 17 -rates
2679 1570 32 17 the
2725 1570 65 18 tender

2356 1592 19 17 of
2386 1592 29 16 Mr
2424 1592 19 18 C.
2454 1592 66 18 Clarke
2529 1593 20 17 at
2558 1592 34 17 .£'2l
2606 1599 36 11 was
2652 1593 93 22 accepted,
2761 1594 28 16 his

2357 1614 55 23 being
2420 1615 32 18 the
2461 1616 75 20 highest,
2545 1616 51 16 offer.

2382 1638 33 17 For
2424 1639 32 16 the
2465 1639 104 21 publican's
2582 1639 57 17 booth
2650 1640 31 16 the
2690 1639 99 23 following

2355 1661 74 18 tenders
2446 1667 47 12 wero
2510 1661 103 18 submitted
2619 1662 59 18 r—W.
2699 1662 88 22 Bennett,

2356 1683 24 19 £7
2391 1685 29 20 7s;
2434 1684 19 17 .T.
2464 1684 108 21 McArthur,
2584 1684 37 18 £lO
2632 1687 40 18 10s;
2687 1685 19 18 C.
2719 1686 68 21 Huott,

2356 1707 36 17 £lO
2417 1709 38 19 los;
2482 1709 20 17 C.
2520 1709 23 15 A.
2561 1708 72 22 Clarke,
2654 1707 37 19 £lO
2711 1710 31 19 .Is;
2766 1709 21 17 E.

2358 1730 72 21 Reeves,
2442 1731 33 17 £ll
2490 1732 35 17 lis.

2379 1754 27 17 An
2417 1754 94 23 objection
2520 1760 37 11 was
2568 1754 60 19 raised
2638 1756 20 16 to
2671 1755 31 18 Mr
2709 1755 77 21 Reoves,

2354 1778 66 16 dnder
2433 1783 23 11 on
2471 1777 31 17 (he
2517 1777 74 24 ground
2605 1778 42 16 that;
2661 1778 32 18 the
2709 1782 76 14 amount

2354 1800 85 18 enclosed
2449 1806 37 11 was
2495 1808 8 9 a
2514 1806 62 16 penny
2585 1801 37 17 and
2629 1808 10 9 a
2650 1801 80 18 fraction
2735 1801 52 19 short

2355 1823 20 17 of
2383 1823 32 18 tho
2429 1822 69 24 doposit
2516 1823 89 23 required.
2631 1825 44 16 This
2693 1824 93 24 objection

2357 1852 13 12 vv
2379 1852 13 12 is
2409 1846 74 18 deemed
2498 1847 89 17 frivolous
2599 1847 26 23 by
2639 1848 32 16 the
2686 1848 100 17 Chairman

2355 1870 36 16 and
2401 1870 112 17 disallowed,
2525 1870 31 16 the
2565 1872 45 15 next
2619 1870 78 25 highest
2701 1870 87 19 tenderer

2357 1893 28 16 r!:-
2394 1893 59 17 Huett
2464 1893 104 23 dissenting
2578 1894 46 16 from
2634 1893 32 18 the
2676 1894 69 21 ruling.

2381 1914 28 19 Mr
2420 1916 93 18 Henshaw
2531 1916 44 19 then
2590 1917 92 22 proposed
2695 1917 43 17 that
2755 1918 32 17 the

2355 1939 65 18 tender
2429 1940 19 17 of
2457 1940 30 17 Mr
2502 1940 57 17 Euett
2574 1940 22 16 lie
2612 1940 88 23 accepted
2713 1946 25 11 on
2754 1941 33 16 the

2354 1962 74 23 ground
2438 1963 38 17 thai
2488 1963 22 16 he
2521 1969 36 10 was
2566 1970 8 9 a
2590 1963 45 17 local
2647 1970 41 10 man
2699 1964 36 16 and
2746 1963 40 18 that

2354 1987 14 15 ir
2380 1992 36 11 was
2423 1993 9 10 a
2443 1986 39 22 pity
2493 1990 18 12 lo
2521 1992 28 10 see
2559 1992 65 16 money
2639 1992 24 17 go
2677 1988 32 15 nut
2724 1987 20 16 of
2755 1987 32 17 the

2356 2009 56 23 place.
2439 2009 30 18 Mr
2479 2009 92 23 Orquharl
2584 2009 95 18 seconded.

2378 2032 31 17 Mr
2420 2032 68 22 Rogers
2501 2032 64 18 moved
2575 2032 17 18 in
2608 2032 120 18 amendment
2745 2033 42 17 that

2355 2056 30 17 the
2396 2055 72 23 highest
2479 2055 70 21 tender,
2561 2055 38 18 that
2609 2056 19 17 of
2639 2057 30 15 -Mr
2679 2057 75 19 Reeves,
2764 2057 24 16 be

2354 2078 94 23 accepted.
2481 2079 59 16 There
2557 2085 37 10 was
2611 2085 25 10 no
2652 2079 54 16 other
2723 2086 64 10 course

2355 2102 81 22 possible
2446 2101 58 18 under
2512 2102 82 21 existing
2604 2102 148 18 circumstances.
2770 2104 13 15 It

2355 2125 60 17 would
2425 2125 23 15 he
2457 2129 43 13 an-;
2521 2124 129 19 discreditable
2665 2129 18 13 to
2699 2126 23 16 all
2741 2131 33 12 con-

2354 2147 64 19 cerned
2430 2149 14 15 if
2458 2149 11 15 it
2488 2154 46 10 were
2549 2149 52 16 made
2619 2149 63 22 public
2700 2149 38 16 that
2755 2150 31 15 the

2354 2171 89 17 stewards
2453 2171 36 17 hail
2495 2171 64 22 passed
2570 2178 43 9 over
2622 2171 33 18 the
2659 2171 76 23 highest
2744 2173 32 16 ten-

2354 2195 16 16 d(
2379 2201 7 10 r
2395 2196 18 15 in
2424 2194 53 17 order
2486 2196 19 15 to
2523 2196 64 21 accept
2601 2194 42 17 that
2660 2195 19 16 of
2688 2201 11 10 a
2714 2195 62 16 fellow-

2354 2218 85 16 steward.
2467 2218 29 16 Mr
2505 2217 81 18 Boulton
2597 2217 89 18 seconded
2701 2218 37 16 and
2754 2218 33 17 the

2354 2241 119 17 amendment
2483 2247 36 10 was
2529 2242 33 22 put
2578 2241 36 16 and
2629 2241 70 17 carried
2713 2241 26 23 by
2748 2243 10 14 <!
2768 2243 18 15 to

2354 2267 16 14 :>.
2403 2264 30 17 Mr
2454 2264 59 17 Huett
2535 2264 96 22 protested
2648 2264 109 27 vigorously
2765 2270 10 11 a-

2354 2287 64 23 gainst
2425 2287 35 18 the
2465 2287 63 18 action
2537 2287 20 18 of
2571 2287 32 17 the
2621 2288 82 23 meeting
2719 2288 19 16 in
2755 2293 21 12 ac-

2354 2311 77 22 cepting
2441 2318 9 9 a
2460 2310 65 17 tender
2540 2310 61 17 which
2618 2310 32 18 did
2662 2312 31 15 not
2712 2311 74 22 comply

2356 2334 43 17 with
2410 2334 31 17 the
2456 2333 109 19 conditions,
2584 2333 31 17 hut
2636 2334 31 16 the
2685 2333 99 19 Chairman
2798 2333 1 19 t

2356 2358 42 16 held
2404 2358 41 15 that
2455 2355 40 19 that
2505 2358 53 20 point
2568 2356 35 17 had
2613 2357 77 21 already
2699 2356 46 18 been
2754 2357 32 17 de-
2798 2355 1 23 j

2355 2380 95 18 cidedand
2460 2380 52 17 ruled
2517 2379 32 18 the
2559 2380 70 16 motion
2639 2382 32 14 out
2687 2380 20 16 of
2723 2379 61 19 order.

2379 2403 77 18 Genoral
2474 2403 84 16 business
2575 2403 57 21 being
2648 2403 91 19 resumed,
2756 2403 32 17 Mr

2358 2427 58 17 duett
2427 2425 86 19 tendered
2525 2425 27 18 his
2563 2425 114 24 resignation
2691 2432 19 11 as
2719 2427 69 17 starter

2355 2450 36 17 and
2401 2450 79 17 steward
2505 2450 25 15 As
2539 2449 32 17 the
2580 2450 48 16 Club
2641 2450 38 15 had
2695 2450 45 15 been
2752 2455 23 11 un-

2355 2473 42 18 able
2405 2474 20 16 to
2434 2471 64 22 obtain
2507 2479 10 10 a
2535 2472 98 18 otaligator
2641 2472 64 22 permit
2718 2472 24 17 he
2750 2472 38 18 had

2355 2497 55 17 made
2427 2502 24 16 up
2469 2496 27 16 his
2513 2495 57 19 mind,
2587 2495 18 17 in
2620 2496 31 16 the
2665 2496 87 16 interests
2768 2497 19 15 of

2356 2521 57 21 sport,
2433 2521 19 14 to
2472 2519 23 16 do
2512 2526 8 9 a
2537 2519 48 17 little
2605 2519 75 21 betting
2696 2525 43 10 over
2756 2519 31 16 the

2358 2542 87 23 mooting.
2471 2543 28 16 lie
2509 2541 89 24 proposed
2617 2542 31 17 Mr
2664 2542 65 21 Mayes
2746 2548 20 10 as
2775 2549 10 10 a

2356 2566 107 17 substitute.
2488 2566 38 16 The
2540 2565 99 18 Chairman
2657 2565 83 22 thought
2756 2565 32 17 the

2356 2589 115 23 resignation
2486 2590 47 16 most
2548 2588 130 23 inopportune,
2688 2589 31 16 but
2731 2589 16 16 if
2755 2588 31 17 Mr

2359 2613 58 17 Huett
2428 2612 34 17 had
2473 2612 76 16 decided
2559 2613 19 14 to
2592 2612 28 16 bet
2632 2618 23 10 on
2665 2612 32 16 the
2706 2612 83 21 meeting

2357 2636 31 17 the
2398 2635 47 18 Club
2453 2635 38 17 had
2507 2641 25 11 no
2549 2634 110 18 alternative!
2673 2634 34 17 bid.
2724 2636 20 16 to
2756 2640 21 12 ac-

2358 2660 43 21 cept
2410 2659 20 17 it.
2444 2659 51 21 They
2504 2664 48 10 were
2561 2658 85 16 however
2652 2659 17 15 in
2676 2664 9 10 a
2693 2657 94 21 dilemma,

2358 2682 77 17 because
2444 2682 15 16 if
2475 2682 31 16 the
2523 2681 82 22 position
2622 2687 47 10 were
2683 2680 68 19 offered
2768 2683 19 14 to

2357 2706 30 16 Mr
2405 2704 102 22 Warbrick;
2526 2704 44 17 who
2585 2704 36 17 had
2639 2704 44 22 only
2696 2704 46 16 been
2759 2708 19 13 re-

2356 2728 61 23 jected
2434 2728 25 21 by
2468 2735 10 9 a
2488 2733 73 12 narrow
2577 2728 95 21 majority,
2690 2728 23 16 he
2727 2727 62 21 might,

2357 2758 44 15 very
2410 2751 96 21 naturally
2513 2751 68 17 refuse.
2608 2751 17 17 It
2636 2757 36 10 was
2682 2751 107 21 eventually

2357 2774 69 23 agreed
2431 2775 20 17 to
2460 2775 91 21 postpone
2561 2774 134 16 consideration
2705 2774 28 16 till
2744 2775 43 15 next

2359 2798 82 21 meeting
2452 2801 19 13 to
2480 2797 56 16 allow
2545 2797 20 16 of
2573 2797 32 16 Mr
2620 2796 96 17 Warbrick
2733 2797 57 22 being
2799 2793 1 26 |

2359 2827 41 11 seen
2411 2827 23 11 on
2443 2820 32 18 the
2485 2822 73 15 matter.

2381 2845 44 15 This
2434 2843 102 17 concluded
2545 2843 32 17 the
2585 2843 84 17 business
2679 2843 20 17 of
2707 2843 31 17 the
2747 2850 32 9 eve-

2358 2867 53 23 uing,
2429 2867 34 17 but
2476 2867 54 16 those
2539 2872 51 11 more
2601 2866 121 22 particularly
2733 2866 47 16 inter-

2358 2890 52 17 ested
2417 2890 94 16 remained
2521 2890 29 16 till
2559 2896 11 10 a
2575 2890 48 16 later
2632 2890 47 16 hour
2688 2890 103 21 discussing
2799 2890 1 21 |

2359 2913 70 17 certain
2439 2914 77 16 matters
2525 2913 20 17 of
2554 2913 61 17 detail
2632 2913 60 17 which
2706 2912 85 23 required
2799 2912 1 23 j

2351 2937 1 22 :
2359 2937 122 22 adjustment.

2384 2984 23 16 At
2417 2990 10 9 a
2438 2983 81 20 meeting
2527 2982 37 17 last
2572 2982 60 21 night,
2643 2983 31 16 Mr
2693 2982 70 23 Rogers
2772 2982 19 17 in

2361 3007 31 16 tic
2408 3006 56 18 chair,
2483 3012 10 10 a
2510 3005 56 18 letter
2581 3012 37 11 was
2635 3005 44 18 read
2697 3006 48 16 front
2761 3005 31 17 the

2351 3029 1 23 i
2360 3031 91 19 secretary
2461 3029 20 17 of
2495 3029 31 16 the
2544 3029 55 16 Brass
2617 3029 53 17 Rand
2688 3029 105 23 regretting

2351 3052 1 19 ,
2361 3053 38 16 that
2411 3052 32 17 the
2451 3052 75 17 hurdles
2535 3052 38 16 had
2583 3052 44 16 been
2643 3052 57 17 taken
2714 3052 79 16 without

2362 3076 51 17 leave
2418 3074 38 18 and
2460 3074 121 23 apologising
2585 3074 31 18 for
2619 3074 35 18 not
2661 3075 120 20 acknowledg-

2351 3098 1 22 .
2363 3099 31 18 in<r
2404 3099 31 16 the
2443 3098 62 16 Club's
2514 3099 46 15 offer
2566 3099 21 15 of
2594 3104 33 10 use
2636 3099 20 16 of
2670 3098 81 22 ground.
2765 3098 30 16 Mr

2364 3121 95 23 Urquhart
2476 3120 62 19 stated
2554 3121 43 17 that
2613 3121 24 17 he
2651 3121 92 18 -believed
2759 3121 33 17 the

2351 3144 1 22 ■
2364 3145 52 16 Band
2425 3144 62 17 would
2495 3144 44 22 play
2549 3144 14 16 if
2572 3144 71 17 invited
2659 3146 17 15 io
2686 3144 23 17 do
2719 3151 25 10 so.
2771 3145 24 16 As

2362 3168 15 18 it
2387 3174 36 10 was
2433 3165 106 19 considered
2549 3167 42 17 that
2599 3167 33 17 the
2641 3174 87 15 presence
2737 3167 20 17 of
2763 3167 32 17 the

2351 3190 1 21 ■
2362 3191 54 17 Rand
2425 3191 61 16 would
2495 3190 23 17 be
2526 3190 80 21 entirely
2615 3190 19 17 in
2643 3190 32 18 the
2684 3191 86 16 interests
2778 3190 2 21 i
2789 3191 7 16 f

2363 3214 30 17 the
2405 3214 55 17 lessee
2470 3214 19 17 of
2498 3213 30 18 the
2538 3217 53 17 gates
2600 3213 14 17 it
2633 3219 36 11 was
2683 3214 77 16 decided
2777 3214 19 17 to

2363 3238 45 16 offer
2417 3237 31 17 the
2457 3236 98 18 invitation
2565 3236 15 17 if
2589 3236 38 17 free
2638 3237 102 17 admission
2750 3243 46 11 were

2351 3259 1 22 ;
2363 3260 85 21 granted.
2474 3259 30 17 Mr
2513 3261 21 15 A.
2545 3259 98 18 Warbrick
2648 3266 38 12 was
2694 3260 102 21 appointed

2363 3283 80 17 steward
2459 3283 36 16 and
2512 3283 73 17 starter.
2618 3283 39 17 The
2671 3283 127 16 nominations

2364 3307 27 17 for
2407 3306 31 17 the
2447 3306 82 21 meeting
2546 3311 47 10 were
2610 3306 45 16 then
2672 3306 73 22 opened
2761 3306 37 17 and

2363 3328 115 19 satisfaction
2488 3328 98 23 expressed
2594 3329 21 17 at
2624 3329 48 17 their
2688 3328 85 18 number.

2351 3364 3 32 i
2386 3373 182 19 NOMINATIONS
2579 3374 53 16 AND
2646 3374 125 17 WEIGHTS.

2387 3421 70 17 Messrs
2472 3419 84 22 McHroy
2576 3419 43 17 and-
2631 3419 83 23 Stanley,
2730 3420 57 17 handi-

2352 3439 1 27 !
2364 3450 83 16 cajipers,
2463 3442 95 19 furnished
2575 3448 21 11 us
2610 3443 46 16 with
2669 3443 33 17 the
2718 3443 81 23 weights

2352 3466 1 22 ',
2364 3468 52 20 early
2425 3467 37 16 this
2472 3466 93 21 morning.

2395 3499 108 17 Handicap
2516 3497 89 17 Ilriuuj-:
2613 3497 60 19 Race,
2686 3497 19 17 I.'.
2716 3497 50 18 mile.

2352 3514 2 26 i
2703 3514 2 26 '
2735 3521 24 16 si.
2772 3520 26 18 lb.

2364 3545 29 18 W.
2403 3544 78 24 Roger's
2490 3543 102 19 Catch'eni,
2605 3548 11 12 a
2628 3543 16 25 ..
2744 3545 55 15 Hi)

2365 3568 75 18 Henare
2450 3567 114 17 Werahiko's
2573 3566 52 21 Hiki,
2636 3572 9 10 a
2674 3566 37 27 ___..
2742 3567 21 16 10
2789 3568 7 16 7

2352 3584 2 27 '
2364 3591 40 17 .Tas.
2419 3589 235 21 Clements'Rimsworth,
2671 3588 29 23 £yi
2702 3584 3 27 -
2705 3595 9 11 3
2741 3591 19 14 It)
2787 3591 9 16 5

2366 3614 39 18 Mrs
2413 3614 22 17 P.
2445 3614 28 17 W.
2483 3612 79 23 Tonges'
2570 3612 71 19 Victor,
2652 3618 11 11 a
2707 3612 2 23 .
2751 3614 10 14 '.)
2777 3614 19 15 12

2413 3646 45 16 Hot
2466 3645 68 16 Lak.es
2542 3643 74 19 Hanmi
2624 3648 31 12 At'.
2665 3644 18 17 I.',
2693 3643 58 18 miles.

2353 3661 2 28 !
2365 3669 40 16 Mrs
2414 3669 21 16 F.
2445 3668 28 17 W.
2483 3666 78 23 Tonges'
2573 3666 63 20 Rebel,
2651 3673 50 15 oyrs.
2710 3661 2 28 .
2754 3668 10 15 9
2789 3668 10 16 0

2353 3690 2 26 |
2367 3692 39 16 Mrs
2415 3692 21 16 F.
2446 3691 28 18 W.
2483 3690 79 22 Tonges'
2572 3690 86 20 Trevata,
2673 3690 42 22 syrs
2752 3690 13 17 S
2778 3690 20 17 12

2353 3716 8 13 i-
2365 3715 19 17 J.
2394 3714 99 18 Clements'
2501 3713 107 20 Jeannetto,
2615 3718 12 12 a
2754 3713 10 17 8
2779 3715 20 14 12

2366 3738 25 16 11.
2400 3737 22 18 R.
2432 3735 179 23 Benn'sMagnolia,
2625 3737 39 20 lyrs
2711 3735 3 23 .
2754 3735 11 18 8
2779 3736 20 17 12

2354 3758 2 27 j
2366 3760 75 18 Henare
2450 3759 115 20 Werahiko's
2573 3758 65 19 Whiti,
2648 3765 10 10 a
2753 3760 10 15 8
2779 3760 20 15 10

2369 3784 23 16 If.
2402 3784 22 16 E.
2434 3783 68 17 Benn's
2511 3782 90 20 Heather,
2613 3788 30 10 a..
2754 3783 10 14 ,S
2790 3784 9 14 4

2368 3807 45 16 Man
2420 3805 101 19 Timiuha's
2530 3804 69 21 Nikau,
2609 3807 43 15 4vrs
2699 3804 13 21 ..
2753 3806 12 16 8
2787 3807 11 15 0

2398 3829 64 18 Rose's
2471 3828 93 18 Barmaid,
2573 3829 42 21 Oyrs
2629 3828 2 22 .
2639 3828 3 22 .
2699 3828 2 22 .
2710 3828 2 22 .
2753 3829 45 15 SO

2354 3851 2 24 '
2368 3852 28 18 W.
2406 3852 75 23 Rogers'
2492 3851 101 19 Catch'em,
2604 3856 11 12 a
2630 3851 14 24 ..
2700 3851 3 24 .
2712 3851 2 24 .
2754 3852 11 16 8
2790 3852 10 16 0

2354 3873 3 25 j
2368 3876 24 16 11.
2403 3875 97 18 Fortune's
2509 3873 107 23 Vortigerh,
2629 3879 42 16 oyrs
2700 3873 3 25 .
2712 3873 2 25 .
2756 3875 9 16 7
2791 3876 8 15 7

2355 3892 3 26 I
2367 3899 19 17 S.
2394 3898 113 20 Robinson's
2512 3897 96 20 Blueskin,
2616 3897 44 21 4yrs
2756 3898 9 16 7
2791 3899 9 14 0

2421 3930 107 17 Handicap
2538 3929 55 16 Roxy
2604 3928 60 20 Race,
2676 3929 9 21 ;,'
2696 3928 49 18 mile.

2355 3951 2 23 ;
2369 3953 39 17 Mrs
2417 3953 21 17 F.
2450 3953 28 16 W.
2487 3951 79 23 Tonge's
2575 3951 70 20 Victor,
2656 3956 11 12 a
2700 3951 15 23 ..
2756 3952 10 17 9
2791 3953 9 16 0

2356 3974 1 22 !
2368 3976 21 17 F.
2399 3976 64 17 Rose's
2472 3976 56 16 Barm
2535 3974 30 21 lid,
2576 3976 42 20 (iyrs
2630 3974 2 22 .
2641 3974 3 22 .
2701 3974 1 22 .
2711 3974 3 22 .
2755 3976 45 20 9.0

2356 3997 2 29 j
2368 3998 80 18 Atutahi
2455 3999 26 17 Te
2489 3998 58 18 Kiri's
2553 3997 104 23 Dynamite
2662 4003 10 11 a
2756 3998 44 17 8-12

2369 4022 96 21 KanapuV.
2474 4022 56 18 Kare,
2540 4028 11 9 a
2561 4022 2 21 .
2572 4022 3 21 .
2631 4022 3 21 .
2642 4022 3 21 .
2756 4023 10 13 IS
2782 4023 18 15 10

2368 4045 50 16 John
2429 4045 82 16 Levett's
2520 4043 62 23 Kitty,
2595 4049 43 16 oyrs
2702 4043 2 23 .
2712 4043 4 23 .
2756 4045 44 16 Si)

2368 4068 17 15 •T.
2396 4067 95 23 LopdolTs
2500 4067 57 18 Belle,
2568 4071 42 18 oyrs
2632 4067 13 23 ..
2756 4068 11 16 8
2791 4068 9 17 9

2356 4091 38 17 ■!■:..
2401 4090 97 17 Wiekliff's
2507 4089 95 18 Haiikiwi.
2613 4092 42 18 -Iyrs
2756 4091 11 15 8
2792 4091 8 16 7

2369 4114 74 22 George
2450 4113 66 22 Grey's
2523 4113 73 22 Nancy,
2606 4113 44 22 3yrs
2756 4113 11 17 8
2792 4113 8 17 7

2371 4137 35 16 Km
2417 4136 92 22 P&napa's
2518 4135 127 23 Tahgiheihei,
2656 4141 11 11 a
2703 4135 13 23 ..
2757 4138 43 14 So

2368 4159 63 17 Tata's
2439 4158 116 23 Taringairo,
2566 4164 42 17 oyis
2633 4158 14 23 ..
2703 4158 2 23 .
2714 4158 3 23 .
2758 4160 10 16 8
2792 4160 8 16 !5

2893 154 79 19 Fltixg
2982 155 84 23 Stakes,
3076 158 10 16 7
3096 157 92 22 furlongs.

2822 181 42 18 Mrs
2871 181 22 19 F.
2902 182 30 18 W.
2940 183 82 23 Tonga's
3029 183 58 19 Babel
3106 185 65 22 6yrs..
3212 186 10 18 0
3247 188 6 15 :

2823 205 39 18 Mrs
2874 205 18 18 F.
2903 205 28 19 W.
2944 207 80 18 Tonne's
3033 207 78 18 Trevai?
3133 209 42 19 Syrs
3211 210 11 17 9

2811 228 1 20 1
2822 228 17 17 J.
2850 228 25 17 Oh
2885 229 66 18 meats'
2959 229 107 18 Jeaiinetto.
3082 237 10 11 a
3157 228 2 20 .
3168 228 2 20 .
3210 234 12 14 '.)

2810 252 37 23 ]H.
2858 252 21 16 R.
2890 252 69 18 Benn's
2968 253 104 23 Magnolia,
3088 256 39 20 Iyrs
3156 252 2 24 .
3167 252 2 24 .
3210 258 10 13 U

2810 274 2 25 I
2822 274 45 18 Man
2877 276 102 16 Timiuha's
2987 276 69 21 Nikan,
3070 279 39 15 iyrs
3156 274 2 25 .
3167 274 3 25 .
3210 279 11 17 8
3245 280 6 17 'i

2822 298 20 17 F.
2853 298 64 17 Hose's
2926 298 95 22 Barmaid,
3031 296 52 26 (iyrs*
3098 296 2 26 .
3210 304 11 12 s
3248 304 5 15 ;

2810 317 33 29 jE.
2853 322 28 16 W.
2891 321 112 19 Robinson's
3012 323 81 19 Gazelle,
3107 324 42 22 syrs
3166 317 3 29 .
3210 326 10 16 8
3245 326 7 16 7

2810 339 3 32 [
2820 344 75 18 Russell
2901 345 100 19 Graham's
3018 346 98 24 Starlight,
3129 348 44 23 -tyrs
3210 349 10 17 8
3245 351 8 13 u

2820 369 25 16 H.
2858 368 98 18 Fortune's
2965 369 108 24 Vorrigerri,
3081 370 44 23 3yrs
3154 385 14 2 ..
3208 373 45 13 So

2809 390 4 25 [
2819 390 56 19 Heke
2882 391 75 18 Maru's
2963 392 58 21 Kino,
3031 399 43 16 oyrs
3083 390 16 25 ..
3155 407 13 4 ..
3209 395 10 16 8
3243 397 10 13 (.

2819 446 53 17 THE
2885 445 250 20 WHAKAREWAREWA
3147 447 96 17 BLOCKS.

2843 491 35 18 His
2895 493 68 16 Honor
2982 492 64 21 Judge
3064 491 70 19 Wilson!
3158 499 47 15 gave
3224 494 28 16 his

2819 515 62 17 award
2895 522 21 10 as
2930 517 19 15 fo
2962 515 32 17 (he
3010 515 108 22 disposition
3135 516 19 17 of
3170 516 65 17 Whuka-

2821 543 10 12 n
2840 542 76 14 warewa
2930 536 55 20 Block
3003 538 36 18 No.
3054 541 10 14 •'>
3078 538 104 24 yesterday.
3213 539 37 18 The

2819 562 71 16 natives
2900 562 47 16 have
2956 562 45 16 been
3012 562 86 16 awarded
3107 560 23 19 58
3135 567 52 13 acres
3191 562 21 18 in
3220 563 26 16 tin

2819 585 63 17 centre
2888 585 22 17 of
2919 585 34 17 the
2968 585 59 15 Block
3041 584 47 18 from
3106 585 32 17 the
3153 585 97 24 Puarenga

2819 607 48 17 river
2874 608 21 17 to
2900 607 35 18 the
2942 607 95 18 Southern
3054 607 99 23 boundary
3166 609 73 16 contain-

2819 630 33 21 ing
2859 630 34 17 the
2900 629 32 19 Oil
3004 630 36 18 the
3045 630 32 18 old
3093 631 63 16 native
3170 631 79 23 burying

2819 653 73 20 ground
2902 659 23 12 on
2935 653 31 18 the
2980 654 33 22 top
3027 654 19 16 of
3060 654 32 17 the
3108 654 39 20 hill,
3165 654 38 17 and
3220 655 31 17 the

2819 676 80 21 cooking
2907 676 37 17 and
2958 677 87 23 washing
3058 677 96 23 pools—in
3168 679 37 15 fact
3220 678 31 18 the

2819 698 60 19 whole
2887 699 21 18 of
2914 699 34 18 the
2956 705 41 12 area
3008 705 23 12 on
3042 700 60 17 which
3115 700 49 17 their
3180 700 71 19 whares

2819 722 60 17 stand.
2905 722 39 18 The
2951 722 69 24 bridge
3027 722 40 19 also
3073 728 71 13 crosses
3150 723 33 18 the
3198 724 51 17 creek

2818 745 39 17 into
2867 746 49 16 their
2925 746 73 21 ground
3008 746 33 16 but
3052 747 50 20 right
3112 747 20 16 of
3140 752 42 16 way
3191 750 19 14 to
3219 747 31 18 the

2818 769 66 16 Crown
2893 768 86 24 portions
2988 774 23 13 on
3021 769 59 17 either
3089 769 38 17 side
3136 770 15 16 is
3160 770 88 18 reserved.

2818 791 37 18 The
2865 792 74 22 portion
2949 792 87 17 awarded
3045 796 19 12 to
3073 793 32 16 the
3118 793 68 16 frown
3200 798 36 13 com-

2817 814 58 23 prises
2886 815 30 18 137
2926 821 52 11 acres
2984 815 38 17 and
3031 815 85 18 contains
3125 815 33 18 the
3163 815 61 19 whole
3230 820 17 14 ol

2817 837 32 18 the
2858 844 75 16 geysers
2942 838 37 16 and
2988 839 55 16 other
3051 839 74 16 natural
3135 839 84 17 wonders
3227 845 25 11 on

2817 860 32 18 the
2859 861 78 18 western
2947 861 37 16 side
2995 861 20 17 of
3023 861 32 17 the
3064 861 63 18 native
3133 861 74 23 ground
3212 863 36 17 and

2817 890 24 11 on
2850 884 32 17 the
2888 888 73 13 eastern
2971 884 39 17 side
3019 884 95 17 Turikore.
3121 891 21 11 or
3151 885 31 16 the
3190 887 56 16 Soon;

2818 907 54 21 Bath,
2883 907 36 18 arid
2929 908 55 16 other
2989 907 80 22 springs.
3095 907 153 23 Theawardmay

2817 930 22 17 be
2848 930 91 21 regarded
2949 937 19 10 as
2978 931 119 21 satisfactory
3111 937 21 10 as
3144 931 13 16 it
3174 936 74 13 ensures

2819 954 29 17 the
2858 954 100 16 continued
2968 959 86 16 presence
3064 954 19 17 of
3096 954 31 17 the
3140 954 72 19 natives
3226 961 22 12 on

2816 977 32 17 the
2857 976 80 22 ground.
2963 976 45 18 This
3022 976 18 18 in
3055 976 52 18 itself
3114 976 16 19 is
3138 983 11 11 a
3158 982 64 13 source
3230 979 20 16 of

2816 1000 32 16 the
2855 1001 80 20 greatest
2946 1001 75 15 interest
3033 1000 19 17 to
3062 1001 77 15 tourists
3149 1000 40 18 who
3201 1006 47 12 seem

2816 1028 55 13 never
2881 1023 47 18 tired
2937 1023 19 18 of
2966 1023 96 22 watching
3071 1023 54 23 thep
3133 1023 59 18 ouliar
3195 1030 39 12 man-

2816 1051 42 12 ners
2878 1047 36 16 and
2935 1047 83 17 customs
3040 1046 19 18 of
3079 1046 32 17 the
3229 1049 16 16 at

2923 1070 38 16 The
2975 1070 91 16 abolition
3080 1070 20 16 of
3113 1070 31 16 the
3160 1070 34 16 toll
3212 1070 36 18 will

2817 1091 63 18 follow
2887 1092 20 17 in
2916 1092 38 18 due
2961 1098 72 15 course,
3042 1092 34 18 but
3091 1093 14 16 it
3118 1093 15 15 is
3142 1094 33 16 not
3193 1093 52 18 lifeeh

2816 1115 41 18 that
2867 1115 37 18 this
2914 1115 38 17 will
2965 1115 23 18 be
3005 1115 99 18 interfered
3118 1115 43 18 with
3180 1115 68 23 during

2816 1138 33 17 the
2855 1139 78 22 present
2940 1144 72 12 season.
3039 1138 50 17 Even
3105 1139 48 17 after
3170 1139 30 18 the
3215 1140 32 17 toll

2815 1161 15 17 is
2839 1161 96 17 abolished
2944 1162 33 16 the
2990 1162 89 21 majority
3088 1162 19 16 of
3113 1162 76 17 tourists
3196 1163 43 17 visit-

2816 1185 32 20 ing
2858 1185 32 17 the
2899 1185 52 22 place
2959 1185 37 16 will
3005 1186 34 16 not
3046 1184 97 24 begrudge
3147 1185 33 17 the
3187 1186 61 16 native

2817 1208 40 17 who
2867 1208 65 23 guides
2941 1208 52 17 them
3003 1208 60 17 romrd
3072 1213 10 12 a
3092 1204 72 27 trifling
3178 1209 28 16 fee
3220 1209 29 17 for

2816 1232 27 15 tiis
2853 1231 82 18 trouble*

2825 1284 53 17 THE
2890 1284 108 17 ARAWAS
3015 1283 53 19 AND
3081 1284 52 17 THE
3149 1283 79 19 BOERS.

2836 1331 100 17 Whatever
2946 1338 41 14 nicy
2996 1331 23 16 bo
3029 1331 38 16 sail
3082 1331 19 18 to
3115 1331 31 16 tic-
3161 1331 85 23 contrary

2813 1353 31 18 the
2853 1354 73 17 natives
2935 1354 44 18 here
2993 1360 31 11 are
3039 1354 51 22 quite
3106 1354 20 16 in
3140 1357 72 14 earnest
3229 1354 18 16 in

2812 1376 49 18 their
2870 1377 45 17 offer
2925 1377 19 18 of
2960 1377 101 18 assistance
3075 1377 18 17 in
3112 1376 30 18 the
3158 1381 50 13 event
3229 1377 19 17 of

2813 1399 31 18 the
3022 1401 19 15 of
3052 1401 32 17 the
3192 1400 56 23 being

2813 1428 94 18 necessary
2924 1424 18 17 to
2958 1423 54 18 settle
3027 1423 30 18 tho
3074 1422 140 24 complications
3230 1423 17 17 in

2812 1446 32 16 the
2853 1446 108 17 Transvaal.
2988 1447 29 16 On
3029 1446 98 23 Thursday
3140 1447 43 17 last,
3198 1446 49 18 after

2812 1473 23 13 an
2845 1469 122 19 enthusiastic
2978 1469 83 23 meeting
3070 1475 10 12 a
3090 1469 90 23 telegram
3189 1470 21 16 to
3215 1469 32 18 the

2812 1492 99 22 following
2920 1493 53 16 effect
2986 1499 37 10 was
3043 1495 39 14 sent
3098 1493 18 17 to
3130 1493 32 16 the
3177 1492 58 21 Gover-

2812 1519 85 14 nor:—•'
2908 1516 15 17 It
2935 1516 33 16 has
2979 1515 45 18 bee.i
3036 1515 81 18 resolved
3128 1516 38 17 thai
3181 1516 65 17 should

2812 1538 62 17 affairs
2893 1539 18 17 in
2926 1538 33 19 the
2972 1539 103 17 Transvaal
3092 1539 73 22 require
3180 1538 21 21 it,
3220 1544 27 12 wo

2812 1560 143 24 (certainchiefs
2963 1562 21 17 of
2999 1563 32 17 the
3046 1560 74 25 Arawa)
3135 1562 65 16 should
3213 1568 22 10 ex-

2812 1590 50 17 press
2874 1592 34 11 our
2925 1585 94 18 readiness
3038 1587 19 14 to
3076 1583 47 20 form
3139 1592 10 10 a.
3167 1585 80 23 guerilla

2812 1608 92 23 regiment
2923 1608 28 18 for
2973 1608 69 18 Bervice
3064 1608 18 17 in
3106 1608 36 18 thai
3160 1612 84 18 country.

2812 1631 71 22 Kindly
2900 1637 72 16 convey
2987 1637 34 11 our
3038 1632 84 16 renewed
3139 1637 107 13 assurances

2811 1655 20 17 of
2838 1654 88 19 affection
2934 1655 39 17 and
2990 1653 72 23 loyally
3080 1655 64 17 to'tho

2834 1677 134 24 Commenting
2978 1684 23 11 on
3012 1678 31 16 the
3057 1678 57 16 above
3129 1678 31 17 the
3174 1677 70 18 Herald

2811 1702 133 16 stales:—Our
2964 1702 59 15 Maori
3039 1702 70 15 friends
3126 1702 18 17 at
3162 1701 83 18 Rotoruu

2810 1731 31 9 are
2850 1722 112 25 apparently
2972 1724 52 23 quite
3034 1724 97 18 inoarncst
3141 1724 58 16 about
3210 1730 24 17 go-

2810 1747 33 26 ing
2855 1750 17 14 to
2883 1747 3 26 I
2892 1749 23 15 be
2920 1748 100 16 Transvaal
3028 1748 37 16 and
3072 1747 77 24 settling
3157 1749 75 17 accounf
3240 1747 4 26 -

2811 1770 44 18 with
2866 1770 31 18 the
2904 1771 64 18 Boers.
2994 1771 39 18 The
3043 1771 83 23 meeting
3139 1770 58 22 which
3209 1771 28 18 <hi

2810 1794 76 17 Arawas
2897 1795 47 16 have
2953 1795 46 16 been
3009 1794 80 23 holding
3103 1795 46 16 lane
3164 1798 18 13 re
3183 1804 22 11 gu
3205 1795 38 21 ltcd

2809 1817 18 16 in
2838 1824 8 10 a
2860 1817 90 23 telegram
2961 1819 19 16 to
2998 1818 31 16 tin-
3040 1815 100 23 Governor,
3151 1818 19 16 in
3184 1818 59 20 which

2810 1841 31 16 (hi'
2855 1841 73 17 natives
2935 1846 35 17 say
2977 1841 47 23 they
3032 1840 112 24 are'willing
3160 1843 19 14 io
3194 1844 47 16 foi-m

2810 1869 10 11 a
2829 1864 79 22 guerilla
2923 1865 92 20 regiment
3030 1864 29 16 for
3073 1864 68 17 service
3153 1864 19 17 in
3184 1865 58 20 South

2810 1886 68 18 Africa.
2921 1887 95 23 Probably
3042 1888 31 16 the
3099 1887 70 18 Maoris
3196 1890 46 18 have

2810 1910 71 16 noticed
2893 1911 40 16 (hat
2944 1910 31 18 Mr
2984 1910 75 17 Seddon
3068 1910 31 17 did
3108 1913 33 15 not
3151 1910 38 23 join
3198 1914 43 17 with

2810 1933 31 16 die
2859 1933 107 18 Australian
2985 1935 136 15 Governments
3135 1935 18 15 in
3168 1940 65 19 expres-

2809 1956 43 21 sing
2860 1956 73 22 loyalty
2942 1958 19 15 to
2979 1957 33 16 the
3022 1957 82 21 Empire,
3121 1957 37 17 and
3172 1966 8 11 a
3198 1960 38 22 liopi

2809 1979 41 17 that
2871 1980 24 16 its
2912 1980 75 21 dignity
3006 1980 61 17 would
3084 1980 23 17 be
3120 1980 96 21 maintain!
3225 1984 9 15 ;i

2809 2003 36 16 and
2855 2003 45 22 they
2909 2009 30 11 are
2949 2004 79 16 anxious
3038 2004 19 16 to
3067 2003 51 19 show
3127 2004 47 21 that,
3190 2008 16 15 af
3219 2006 23 17 all

2809 2027 70 19 events,
2889 2027 32 16 the
2931 2027 70 16 Maoris
3008 2032 32 11 are
3049 2028 43 15 true
3099 2028 19 16 to
3130 2027 54 19 Great
3205 2029 26 17 Bri
3240 2027 2 19 -

2810 2050 44 17 lain,
2871 2049 173 22 notwithstanding
3060 2050 32 17 the
3107 2056 54 15 many
3177 2053 53 16 tussle-

2809 2072 44 21 they
2863 2072 46 17 have
2919 2073 37 17 had
2965 2073 45 17 with
3022 2072 39 18 Her
3069 2073 16 17 M
3092 2072 75 25 ajesty's
3172 2078 69 20 troops.

2809 2095 16 17 A
2845 2096 101 17 sentiment
2963 2097 21 15 of
3000 2096 97 23 gratitude
3113 2099 81 17 towards
3212 2100 31 16 tin-

2809 2119 69 16 Maoris
2889 2119 37 17 will
2935 2119 23 16 be
2968 2119 35 18 folt
3006 2119 120 24 throughout
3132 2121 35 18 the
3171 2122 71 23 Colony

2809 2142 36 16 and
2855 2142 48 17 their
2912 2143 72 21 loyalty
2994 2143 38 16 will
3046 2144 25 16 ho
3083 2145 119 21 appreciate!!
3218 2145 23 23 by

2809 2164 39 17 Her
2871 2166 84 21 Majesty
2984 2166 36 16 and
3045 2166 116 24 throughout
3186 2168 53 18 Groal

2811 2187 76 18 Britain.

2832 2211 38 16 The
2892 2211 86 18 Waikato
2996 2213 96 16 Advocate
3116 2215 63 16 thinks
3201 2215 39 17 that

2809 2234 72 21 though
2892 2241 34 10 one
2937 2240 61 16 •'may
3008 2236 53 17 smile
3073 2239 20 14 at
3103 2238 36 15 tin',
3149 2238 48 17 little
3214 2239 18 16 in-

2809 2257 61 17 cident
2879 2258 14 16 it
2903 2258 15 16 is
2927 2260 32 15 not
2970 2259 81 17 without,
3066 2260 125 22 significance,
3206 2268 35 10 am:

2809 2280 66 17 should
2885 2281 22 17 be
2917 2282 56 16 taken
2989 2284 20 14 to
3024 2283 54 17 heart,
3092 2283 24 22 by
3130 2290 36 16 any
3179 2290 58 17 powoi

2809 2304 42 16 who
2869 2310 42 16 may
2926 2305 97 22 wantonly
3040 2307 81 22 attempt
3134 2309 20 15 to
3169 2308 72 17 meddle

2809 2326 45 18 with
2876 2328 70 16 British
2963 2329 90 22 Imperial
3074 2330 67 17 affairs.
3179 2331 18 16 If
3212 2331 31 17 the

2809 2350 70 17 Maoris
2888 2356 31 12 are
2930 2358 19 9 so
2958 2351 68 18 stirred
3036 2350 24 25 by
3071 2352 78 24 feelings
3158 2355 20 15 of
3183 2354 50 21 loyal-

2809 2374 27 20 ty,
2844 2373 50 18 what
2900 2375 51 17 must
2958 2375 22 16 be
2985 2375 31 16 the
3022 2382 41 10 ease
3069 2376 19 16 of
3096 2377 30 16 the
3134 2376 112 18 colonists:-'"

2899 2425 238 34 TELEGRAPHIC.

3009 2474 86 22 London,
3105 2475 85 25 January
3199 2478 19 16 '2l

2834 2497 80 17 Monson
2923 2496 122 24 acquittedin
3060 2498 32 17 the
3102 2499 73 18 famous
3183 2500 45 19 Ham-

2810 2518 73 24 brough
2893 2525 42 12 case
2942 2521 36 17 lias
2985 2521 47 17 been
3050 2521 81 24 charged
3147 2523 44 17 with
3203 2529 30 17 per-

2810 2545 50 19 jury;
2869 2543 34 17 the
2911 2544 88 17 outcome
3008 2544 20 18 of
3041 2545 33 17 the
3091 2545 82 24 burning
3190 2546 53 18 down

2811 2565 19 17 of
2838 2565 30 18 his
2876 2566 59 18 house
2944 2573 44 12 over
3006 2568 59 17 which
3084 2568 21 18 ho
3128 2569 78 18 claimed
3213 2570 20 18 in-

2811 2593 84 13 surance.

2834 2611 39 18 The
2881 2613 119 18 Venezuelan
3015 2614 111 18 authorities
3133 2615 48 19 have
3189 2616 37 18 aslci
3243 2611 2 23 i

2811 2635 72 17 Britain
2899 2636 20 18 to
2935 2636 81 22 produce
3039 2637 87 19 evidence
3140 2640 106 22 respecting

2811 2658 32 17 the
2855 2658 79 19 frontier
2938 2659 82 23 dispute.

2834 2681 38 18 The
2890 2682 102 18 Transvaal
3013 2684 110 18 authorities
3140 2689 48 13 state
3206 2686 38 18 thai

2814 2704 46 22 they
2869 2705 47 18 have
2930 2706 87 18 evidence
3027 2707 20 17 of
3055 2714 10 11 a
3074 2707 42 23 plot
3129 2708 29 18 for
3166 2715 11 11 a
3185 2710 62 17 native

2812 2727 58 23 rising
2883 2729 17 16 in
2914 2729 40 17 IB9J
2967 2729 83 18 fostered
3057 2731 25 21 by
3093 2731 31 17 the
3131 2731 65 19 native
3203 2738 32 17 par-

2811 2756 43 12 sons
2864 2752 36 16 and
2910 2752 32 17 the
2951 2752 103 19 Chattered
3064 2754 32 17 Co.

2835 2774 38 18 The
2883 2775 91 23 majority
2978 2776 21 18 of
3008 2776 31 18 the
3045 2777 101 18 Transvaal
3156 2778 79 23 prisonci

2811 2797 48 16 have
2868 2797 46 18 been
2926 2799 88 18 released.

2836 2820 32 17 Six
2877 2821 148 19 Beehuanaland
3035 2823 70 19 officers
3114 2824 38 18 will
3162 2825 42 20 jrivc
3210 2826 29 17 evi-

2813 2842 57 19 dence
2879 2845 76 22 against
2957 2845 107 19 Jameson's
3069 2848 57 21 party
3130 2848 20 17 in
3153 2848 75 21 Englan
3238 2848 13 20 ',

2836 2896 52 17 THE
2898 2896 166 20 ROTORUA-TE
3073 2899 67 18 TEKO
3148 2900 70 17 ROAD.

2837 2942 39 16 The
2890 2943 129 19 construction
3033 2945 20 17 of
3069 2945 38 17 this
3124 2946 46 16 road
3187 2947 59 17 which

2815 2964 37 18 will
2862 2969 47 18 open
2917 2969 33 14 out
2959 2973 37 11 one
3004 2968 20 17 of
3032 2968 32 17 the
3074 2971 47 14 most
3132 2971 111 22 picturesqui

2814 2988 91 18 localities
2921 2989 19 17 in
2952 2990 48 17 Xow
3015 2991 83 17 Zealand
3112 2992 32 16 has
3160 2992 44 18 been
3222 2999 18 12 re-

2815 3011 65 18 sumed
2889 3013 49 16 since
2948 3013 32 17 the
2989 3014 92 22 holidays.
3107 3015 57 17 Wort
3181 3016 15 16 is
3207 3022 33 12 now-

2815 3034 57 23 being
2882 3036 70 17 carried
2962 3037 33 17 out
3004 3043 25 11 on
3037 3037 33 18 the
3084 3037 81 19 Eotorua
3181 3039 67 18 section

2816 3063 24 11 on
2848 3058 33 17 the
2890 3058 51 18 bank
2950 3059 20 18 of
2977 3060 60 17 which
3047 3060 43 18 lake
3103 3061 32 18 the
3150 3062 99 22 European

2809 3079 1 32 J
2817 3082 127 21 co-operative
2953 3082 71 23 parties
3032 3089 32 11 are
3073 3084 84 23 camped,
3168 3081 83 25 forinina:

2817 3104 52 22 quite
2877 3104 69 18 alittlo
2960 3111 69 12 canvas
3043 3108 52 16 town
3107 3109 20 15 of
3140 3108 49 17 their
3202 3115 47 10 own.

2809 3127 1 26 I
2817 3128 26 16 As
2851 3127 53 18 there
2912 3128 16 17 is
2937 3134 50 11 some
2996 3129 61 23 heavy
3066 3131 45 16 rock
3118 3131 84 22 cuttings
3214 3132 36 17 and

2809 3150 1 23 ,
2818 3156 11 12 a
2844 3150 128 19 considerable
2987 3155 80 15 amount
3083 3154 20 17 of
3119 3154 129 19 emhankmenl

2809 3173 1 28 J
2818 3173 51 17 work
2878 3175 20 15 to
2907 3174 23 17 be
2938 3175 49 17 done
2997 3176 32 16 the
3042 3181 55 18 camp
3111 3177 38 17 will
3161 3178 90 22 probably

2809 3196 1 24 |
2818 3197 23 16 be
2857 3196 50 17 fixed
2924 3203 25 12 en
2961 3198 26 17 its
3001 3201 76 19 present
3091 3200 80 17 location
3188 3201 29 17 for
3233 3204 22 13 .■■'.

2818 3220 47 17 least
2874 3220 52 17 three
2935 3222 82 16 months.
3044 3222 38 17 The
3100 3224 50 16 work
3165 3224 15 15 is
3195 3224 22 18 lei
3236 3225 15 16 in

2818 3243 92 17 alternate
2928 3244 80 18 sections
3020 3246 20 16 to
3052 3246 73 17 natives
3140 3247 37 16 and
3192 3247 49 18 Euro-

2819 3272 63 17 peans.
2907 3267 31 16 All
2956 3269 59 15 stores
3032 3269 86 22 required
3135 3276 31 10 are
3183 3270 68 23 packed

2820 3290 47 17 from
2876 3290 153 22 Tapuachsruru,
3040 3291 59 18 about
3115 3293 20 16 10
3149 3293 52 17 miles
3217 3293 27 17 dis-

2820 3313 47 19 tant,
2890 3314 19 15 at
2926 3312 31 18 the
2975 3314 49 17 head
3039 3315 20 16 of
3075 3314 77 22 Rotoiti,
3175 3314 25 22 by
3225 3317 25 17 Mi

2821 3336 65 17 Grant.

2844 3359 28 17 On
2882 3359 84 22 Monday
2975 3360 21 16 of
3009 3360 37 17 last
3062 3361 52 17 week
3131 3361 32 18 Mr
3179 3361 74 24 Eeaney

2820 3382 38 17 had
2867 3388 10 11 a
2884 3383 85 21 meeting
2976 3383 46 17 with
3031 3383 32 18 the
3072 3385 72 17 natives
3154 3386 19 17 at
3181 3386 62 22 Tapua-

2820 3405 71 17 karuru
2898 3405 19 17 in
2932 3406 69 21 regard
3015 3407 19 16 to
3047 3407 32 16 the
3094 3409 51 15 route
3161 3408 31 17 the
3209 3409 45 18 road

2810 3429 1 22 ■
2822 3429 66 16 should
2895 3429 43 17 take
2948 3429 58 22 along
3016 3429 30 17 the
3056 3429 72 19 Rotoiti
3138 3431 55 17 shore
3206 3432 49 17 from

2810 3451 1 24 |
2822 3451 98 23 Hauparu.
2945 3451 45 18 This
3004 3453 54 21 point
3071 3453 36 17 had
3123 3454 46 17 been
3185 3455 18 16 in
3218 3455 27 18 dis-

2810 3475 1 27 |
2822 3475 44 20 pute
2875 3475 30 17 for
2913 3481 50 11 some
2973 3475 45 18 time
3027 3476 37 17 and
3071 3477 50 16 work
3133 3483 37 10 was
3177 3482 59 18 slop]..
3251 3475 4 27 I

2810 3493 31 29 ]in
2858 3503 133 18 consequence.
3022 3499 59 17 There
3096 3506 48 11 were
3158 3500 46 23 fully
3225 3502 32 17 100

2810 3521 1 27 |
2821 3521 73 17 natives
2914 3523 77 21 present
3007 3523 37 15 and
3059 3523 49 17 after
3128 3530 8 10 a
3154 3524 66 18 kororo
3237 3526 20 16 of

2810 3543 1 26 |
2822 3544 52 17 three
2890 3545 58 16 hours
2961 3545 89 17 duration
3064 3546 19 17 in
3097 3553 10 10 a
3120 3547 105 22 downpour
3238 3547 19 18 of

2810 3567 2 25 i
2822 3567 41 18 rain
2880 3573 24 12 an
2921 3568 153 24 understanding
3088 3575 38 11 was
3140 3570 73 17 arrived
3236 3572 16 16 til

2810 3589 1 24 i
2822 3591 99 22 agreeable
2930 3592 20 16 to
2959 3591 25 17 all
2993 3592 76 21 parties.
3095 3592 37 18 The
3145 3598 63 13 course
3224 3594 32 17 the

2822 3613 46 17 road
2888 3614 68 17 should
2977 3614 44 18 take
3038 3620 62 12 across
3121 3615 31 18 the
3177 3617 80 17 isthmus

2810 3637 2 24 I
2822 3637 109 24 .separating
2952 3637 72 18 Rotoiti
3046 3637 51 19 from
3116 3639 87 17 Rotoehu
3219 3646 38 11 was

2810 3658 2 28 j
2823 3660 111 17 afterwards
2943 3660 101 17 discussed.
3076 3661 54 18 Some
3144 3662 19 17 of
3177 3662 32 17 the
3222 3669 22 10 na-

2823 3683 51 17 tives,
2887 3683 44 17 with
2941 3689 24 11 an
2970 3684 106 18 astuteuess
3081 3684 61 18 which
3152 3685 43 17 does
3205 3686 49 17 them

2822 3705 65 20 credit,
2897 3706 71 18 wished
2977 3713 9 10 a
2997 3707 82 23 straight
3088 3714 64 11 course
3161 3709 19 17 to
3191 3709 23 17 be
3221 3709 26 17 fol-

2823 3728 60 17 lowed
2891 3734 21 12 as
2921 3729 38 18 this
2973 3730 63 17 would
3050 3731 57 16 entail
3121 3731 31 17 the
3167 3732 79 22 expendi-

2811 3751 1 29 j
2823 3751 42 17 tare
2873 3752 20 16 of
2902 3752 32 17 the
2943 3754 50 16 most
3002 3759 73 16 money.
3090 3754 18 17 It
3117 3759 38 12 was
3164 3757 18 14 at
3191 3754 64 24 length

2823 3773 77 18 decided
2924 3775 40 18 that
2983 3774 81 25 Hc-ngi's
3083 3777 52 17 track
3152 3777 66 18 should
3236 3778 21 18 be

2824 3797 43 16 used
2875 3804 20 9 as
2904 3798 102 23 originally
3015 3799 94 18 intended.
3135 3801 43 16 This
3188 3806 34 12 can
3236 3801 21 18 be

2823 3819 48 17 done
2880 3821 20 17 at
2907 3822 148 22 comparatively
3065 3822 47 19 little
3122 3824 44 17 cost.

2846 3843 29 16 On
2884 3843 85 24 Tuesday
2980 3845 69 17 Messrs
3058 3845 75 23 Reauey
3143 3846 36 18 and
3198 3847 59 18 Webb

2824 3865 101 23 prdceedod
2935 3873 23 11 on
2966 3867 40 18 foot
3016 3874 43 10 over
3068 3869 32 16 the
3106 3870 90 19 surveyed
3204 3875 47 12 rout.

2823 3890 20 15 to
2851 3888 25 18 its
2884 3890 123 18 termination
3016 3892 20 17 at
3044 3891 86 18 TeTcfco;
3156 3892 97 19 Here-thin

2824 3918 47 9 were
2883 3918 37 12 met
2934 3913 26 22 by
2975 3914 73 18 natives
3066 3915 43 17 with
3127 3913 78 24 houses;

2827 3934 72 24 Keanoy
2915 3937 115 23 proceeding
3043 3938 85 18 onwards
3142 3939 19 17 to
3177 3939 66 18 Whaka-

2825 3956 42 19 tan'e
2876 3959 36 16 and
2923 3959 31 18 Mr
2963 3959 59 19 Webb
3031 3961 99 23 returning
3144 3963 19 16 to
3171 3961 74 24 Tapuao-

2823 3981 72 17 haruru
2903 3982 20 17 to
2932 3982 31 23 lay
2978 3984 27 16 o(F
3017 3984 32 16 the
3065 3984 45 17 road
3124 3985 101 24 according
3239 3981 4 28 I

2824 4004 33 16 the
2866 4004 109 19 alterations
2985 4006 77 17 decided
3071 4013 30 10 or.

1227 76 59 20 THE
1314 77 57 21 HOT
1398 77 93 22 LAKES
1519 79 172 27 CHRONICLE,
1720 83 189 24 WEDNESDAY,
1938 84 138 21 JANUARY
2103 86 32 21 22,
2153 86 48 17 1896

247 188 67 17 Cyras
316 188 58 14 v£>-^r>

84 244 104 17 TTMON
201 243 138 16 STEAMSHIP
354 241 116 17 COMPANY
490 241 28 16 OF

92 259 26 24 U
170 265 54 17 riEW
238 264 115 16 ZEALAND
362 263 81 16 Limited.

151 300 121 16 I'KOl'u-jED
284 299 92 16 DEI'ABI
384 299 67 16 lki:s.

220 330 47 16 TOR
279 330 96 15 SYDNEY

160 404 49 15 FOR
219 402 132 17 SUUI'HKkN
360 402 79 15 fUKia.

82 439 99 17 Xaxapuna
189 444 51 17 every
251 438 49 16 Mond
307 444 17 15 iy

82 460 112 16 MibixAi'VA
202 466 49 16 every
261 461 7 14 'J
283 460 42 15 iured
339 463 9 15 y

83 482 54 22 Moa,
146 483 91 21 Monday,
244 482 15 17 Ji
270 487 16 10 a.
297 481 9 16 2
316 482 8 18 i,
337 481 8 15 5
357 485 46 17 p.m.

83 506 115 19 Dixuadki:,
210 503 102 22 Thursday,
324 502 42 18 Jim.
375 504 27 16 2;;.
412 503 61 21 sp.in.

148 547 79 18 Reduced
236 547 79 16 fareiaro
325 551 36 11 uow
372 546 16 14 in
398 549 5 11 i
412 550 37 11 dee.

87 567 86 21 Auckland
181 568 65 16 Brunch
299 567 106 16 Palnterdtun
418 566 97 18 Building*.

80 705 163 45 HEDDART,
268 703 111 18 I'AKKF.I!,
402 702 54 16 AXD
477 701 38 17 CO.

244 725 107 25 (LIMITED),

103 775 96 23 Splendid,
209 771 162 25 Weß-appointed
378 771 93 19 Steamers
477 770 38 18 will

79 800 23 17 be
111 798 114 23 despatched
233 798 48 16 from
292 798 119 15 ArcKr..\xi>,
421 801 20 10 us
456 794 60 16 under

80 823 90 18 (weather
186 821 37 17 and
242 819 54 18 otliur
312 819 144 18 circumstances
472 823 33 16 per-

79 844 86 22 mitting!
173 854 17 9 r
197 844 4 22 -

80 870 40 17 Pon
127 867 136 19 GJSBORXE.
270 866 104 17 NAPIER.
383 863 115 18 WELLING-

101 892 57 19 TON,
170 889 157 21 LYTTELTON,
338 889 14 17 &
365 886 125 20 DUNEDIN,

80 917 14 16 T
101 920 87 12 \s.\ianja
235 915 102 17 Tuesday,
344 911 43 19 Jan.
395 911 28 23 28,
436 911 20 16 12
464 915 51 12 noon

81 934 102 25 AngLUS,
192 939 102 17 Tuesday,
306 936 45 18 Feb.
362 936 25 16 IK
400 934 20 17 10
429 939 43 11 a.m.

207 984 50 17 FOR
273 981 111 20 SYDNEY,

125 1007 115 25 (Returning
252 1008 20 17 to
280 1004 99 20 Auckland
388 1002 79 23 Diieot.)

78 1032 94 22 Carrying
192 1031 112 21 Passengers
326 1029 29 17 for
378 1028 133 17 aleusouexk,

90 1055 54 18 other
149 1055 131 17 Australian
287 1053 71 17 Pours,
365 1050 134 20 andHoBAKT,

79 1084 102 17 ANGLIAN.
191 1081 103 19 .MONDAY,
304 1080 44 16 Jan.
357 1079 27 19 27,
395 1080 10 14 IS
414 1084 45 15 p.m.

79 1108 106 15 Ta.-jaxu
233 1104 98 19 alo.nuay,
348 1101 44 19 Fell.
405 1103 25 19 10,
445 1103 6 14 1
465 1106 46 16 p.m.

98 1134 74 16 Return
179 1132 75 17 Tickets
260 1130 92 18 available
358 1129 30 18 for
402 1130 10 15 3
430 1128 80 18 months.

177 1162 21 15 L.
212 1161 24 16 I).
367 1158 15 18 &
395 1157 45 20 CO.,

408 1182 80 21 Agents.

214 1224 94 21 nrwos.
331 1225 69 17 COOK
422 1224 15 18 &
463 1224 48 18 SON

219 1235 25 33 1

253 1277 50 12 HOOK
320 1275 95 14 PASSAGES
428 1275 42 14 AXD

197 1298 2 15 i
280 1299 75 14 SECtTKE
367 1298 78 14 BERTHS

240 1320 31 17 AT
284 1318 103 18 LOWEST
401 1318 80 17 HATES

75 1350 26 14 BY
116 1350 16 12 i'.
144 1345 13 18 &
168 1350 17 12 <>.
197 1349 34 13 CO..
242 1346 74 14 ORIENT
325 1346 35 16 CO.,
371 1345 73 14 DIRECT
452 1345 59 13 LINES

169 1371 89 15 OCEANIC,
273 1369 142 16 MF.SSAUERIES,

177 1397 26 15 Or
210 1400 36 17 any
254 1394 37 17 line
300 1400 20 10 as
329 1393 78 17 desired.

97 1442 86 22 Enquiry
191 1440 77 19 invited.
284 1439 125 17 Iniovuyilimi
419 1439 65 22 gratis.

75 1488 203 20 Intendingpßssenpers
291 1485 60 17 smmld
365 1485 53 21 apply
434 1485 26 15 fa-
478 1491 30 9 eur

94 1510 36 15 free
138 1510 29 15 list
176 1510 17 14 uf
202 1511 72 13 steamer
287 1507 72 20 sailings
371 1506 33 16 Bud
412 1506 46 17 farea
469 1510 17 12 at

120 1536 89 17 COOK'S
222 1533 124 19 SHIPPING
360 1534 99 18 OFFICE,

149 1566 21 16 7G
180 1569 41 12 AND
231 1564 21 17 7S
266 1565 163 17 QI'KKX-STKEET.

103 1593 83 18 llotorua
205 1592 86 23 Agency:
305 1591 95 21 Hinemqa
409 1590 67 18 Street.

95 1623 131 19 N.B.s-=H>rafi»
234 1624 33 15 and
276 1623 77 16 Circular
361 1623 55 15 Noics
423 1622 56 15 issued
489 1624 17 13 at

73 1687 99 45 Ehr
176 1685 190 46 enMed
382 1685 123 46 Bros

216 1742 143 23 EIIEWEKS.,

151 1774 109 19 ALBERT
277 1774 148 23 BdEWERY,

96 1807 95 21 QUEEN
197 1805 2 23 ■
205 1806 107 20 3TBEET.
326 1805 160 20 AUCKLAND

94 1859 67 17 WINE
174 1859 49 15 AND
236 1858 79 15 SPIRIT
327 1858 156 19 MERCHANTS,

115 1886 122 16 BOTTLEIW
249 1886 50 15 AND
317 1886 144 19 IMPORTERS,

158 1909 27 18 •13,
200 1912 132 12 ttUJiEN-tTIiKI.T
348 1911 70 11 'WiIAIir.

72 1982 25 16 At
106 1982 28 16 the
148 1980 89 19 followinfc
254 1979 111 18 ExhibUlouu
381 1980 26 15 for
416 1985 32 10 our
457 1977 37 19 well-

167 2004 62 15 known
242 2002 45 16 Bulk
296 2002 32 15 and
339 2001 68 18 Bottled

184 2023 48 17 ALE
244 2023 50 16 AND
306 2023 85 16 STOUT:

72 2051 69 22 Sydney
150 2051 123 15 International
284 2050 106 18 Exhibition,
402 2051 48 15 1870.

72 2073 100 16 Melbourne.
181 2072 126 16 International
314 2072 109 18 Exhibition,
434 2072 68 15 18S0-81

72 2094 43 16 New
122 2094 73 16 Zealand
204 2094 92 15 industrial
301 2093 108 19 Exhibition,
415 2089 77 24 Welling-

115 2118 36 16 ton,
162 2116 47 15 18S5.

72 2137 43 16 New
134 2136 75 16 Zealand
223 2136 33 16 and
264 2137 59 15 'South
337 2136 41 16 Seas
395 2135 109 16 Exhibition.

115 2157 87 17 Dunedin.
214 2159 78 14 188').90.

72 2180 21 15 In
102 2180 77 15 addition
188 2180 17 15 to
215 2179 52 15 above
276 2179 42 14 have
337 2178 42 15 been
394 2178 80 15 awarded
489 2179 17 14 at

115 2200 104 16 Tasiuanian
251 2200 108 19 Exhibition,
387 2199 117 19 Liuuceston,

117 2223 78 15 1831-02.

158 2253 58 15 FIVE
227 2253 70 15 FIRST
314 2253 105 15 AWARDS

273 2279 32 10 FOR

81 2296 68 17 BULK
160 2295 109 17 BOTTLED
283 2295 58 16 ALES
360 2294 51 17 AND
430 2294 76 17 STOUT

160 2338 251 33 CHAMPIONSHIP

102 2377 65 24 Gold
180 2377 86 22 Medal
276 2376 27 23 of
314 2375 166 24 Australasia

180 2411 72 12 AGAINST
263 2411 97 12 AIXCOIIEBS
371 2411 32 12 l'ur.

75 2435 90 23 BULK
179 2434 69 23 AND
268 2434 145 23 BOTTLED
428 2434 65 22 ALE

168 2486 72 20 Having
249 2492 8 9 a
267 2486 57 20 Largo
332 2486 52 16 Stock
393 2486 18 15 of

188 2512 47 16 ALE
247 2512 145 19 AMDSTOUT,

75 2539 69 16 Bottled
154 2538 16 16 in
179 2540 51 19 quart
239 2538 34 16 and
288 2538 38 21 pint
339 2538 69 19 bottles,
424 2537 83 22 specially

74 2560 68 16 brewed
151 2559 26 17 for
186 2559 28 17 ihe
223 2564 73 12 Hammer
305 2559 54 19 trade,
370 2559 56 15 which
434 2564 28 10 are
470 2564 38 10 now

75 2581 105 20 thoroughly
190 2581 83 18 matured,
285 2586 32 10 can
331 2580 43 16 with
388 2586 51 15 every
453 2580 53 15 confi-

165 2671 247 45 NOTICE.

80 2762 195 33 FIrIANKTON
300 2762 208 32 JUNCTION

242 2796 113 32 HOTEL.

77 2857 20 44 1
99 2854 183 27 PASSENGERS
297 2855 27 24 by
339 2855 54 18 train
409 2856 20 16 to
444 2853 65 20 Auck'

269 2881 53 19 land.

75 2932 74 20 Trains
171 2933 44 23 stop
235 2933 76 22 twenty
330 2931 88 18 minutes
437 2931 21 18 at
477 2929 34 19 the

124 2957 106 20 Eranktdn
239 2956 96 19 Junction
345 2957 32 18 for
387 2956 78 18 dinuer.

103 2984 44 18 The
170 2982 136 24 undersigned
334 2982 38 19 lias
403 2981 109 20 first-class

77 3010 66 19 Meals
156 3009 62 25 ready
228 3009 40 18 and
278 3008 70 19 served
358 3015 26 11 on
399 3008 74 19 arrival
491 3008 21 18 of

77 3037 27 18 all
116 3037 69 18 trains.

77 3067 219 46 William
310 3065 200 56 Geateii,

136 3129 318 23 PROPRIETOR

82 3181 148 23 llr.neo-jk's
238 3180 97 23 XZXX
341 3180 63 23 Ales
413 3180 100 28 always

213 3213 33 16 on
256 3206 125 29 Draught.

85 3256 118 32 UNITED
224 3255 185 31 INSURANCE
430 3255 83 36 COY.,

143 3346 150 28 •CAPITAL,
310 3345 143 29 £500,000.

99 3399 75 21 "7*l'!E
184 3399 51 18 risks
244 3399 52 18 of-all
306 3397 209 20 classesundoitaken

94 3509 47 16 New
150 3508 83 17 Zealand
243 3508 54 17 Head
306 3508 63 17 OrP.ee.
380 3508 123 21 Wellington.

118 3536 90 16 Resident
217 3535 46 21 Sec,
272 3535 67 18 James
349 3536 18 17 S.
381 3535 99 18 Jameson.

207 3564 99 17 Auckland
315 3564 75 22 Agent:

145 3592 22 17 A.
181 3592 73 16 Heath
258 3596 30 15 eh,
299 3592 77 17 Custom
384 3592 68 17 Street.

215 3623 84 18 Rotorua
308 3623 75 23 Agent:

130 3651 22 18 F.
166 3652 20 17 F,
197 3653 66 17 Watt,
277 3652 118 17 Chronicle
406 3651 64 18 Office.

106 3700 42 45 e).
177 3700 47 45 R.
258 3699 238 50 LUNDOJi

219 3761 164 23 SOLICITOR,

109 3791 28 18 20.,
150 3789 214 21 Shobtland-stiieet,
374 3790 120 16 Acckxaxd.

85 3834 155 19 N.R.—Attends
248 3836 79 22 country
336 3836 68 17 Courts
412 3836 26 21 by
450 3835 68 23 special

85 3857 141 24 arrangement.

179 3905 26 23 M
220 3905 24 23 A
262 3905 16 23 S
295 3905 15 23 S
324 3906 24 22 A
364 3906 21 23 G
398 3907 26 22 E.

94 3959 11 9 ;t
120 3955 2 22 ;
124 3955 3 22 -
157 3955 3 22 •
169 3955 1 22 ■
193 3955 105 18 ERASER,
314 3956 89 21 qualified
419 3955 99 18 American

174 3982 89 19 iasseunej
273 3978 83 22 recently
369 3978 49 17 from
431 3978 87 21 London,

85 4004 14 16 is
113 3998 92 26 prepared
217 4003 20 15 to
252 4001 66 17 attend
334 4001 82 22 patients
433 4007 23 11 on
477 4006 42 18 very

87 4032 8 11 D
106 4026 2 17 I
125 4031 8 8 '■
142 4026 3 17 t
157 4026 22 16 itu
191 4031 61 10 i.TillS.

108 4048 37 17 Shu
154 4048 33 17 lias
197 4048 36 17 had
242 4053 57 17 many
307 4047 59 22 years'
378 4046 109 23 experience
501 4048 18 16 in

87 4072 24 16 tin
134 4067 107 25 tr»?ftfcmerit,
259 4070 38 18 and
316 4070 16 17 is
349 4069 117 24 thoroughly
489 4076 20 12 ac-

85 4100 23 17 qn
172 4093 2 24 :
186 4094 45 17 with
240 4094 31 17 the
281 4094 74 21 System
364 4093 20 16 of
394 4093 28 16 Dr
437 4093 18 17 S.
470 4093 49 17 Weir

85 4118 92 17 Mitchell,
188 4117 20 16 of
217 4116 136 23 Philadelphia,
364 4116 29 17 for
404 4115 32 18 the
445 4121 42 12 cure
502 4117 17 15 of

86 4140 31 18 Gei
134 4149 8 7 •.
153 4142 10 14 il
176 4139 4 23 J
187 4140 77 22 lebility,
271 4140 135 19 Nervousness,
417 4139 102 19 Insomnia,

87 4163 23 15 L-,
117 4169 43 9 sr>en
172 4164 23 14 i-..
205 4163 39 15 ecu.',
256 4164 30 14 fee.

564 294 208 43 Rotorua
822 290 132 46 JUaek

578 350 122 45 Raee
722 348 219 54 .Meeting.

541 416 84 19 (Under
634 415 39 19 the
684 414 110 28 auspices
809 414 22 20 of
847 413 38 19 ibe
903 412 55 23 Roto-

644 448 39 13 rua
693 442 87 26 Jockey
790 441 73 22 Clcb..

706 497 107 20 January
825 493 63 21 20th,
905 492 65 19 1396.

651 540 201 20 PROGRAMME.

632 571 78 23 (Passed
717 571 26 22 by
751 570 32 17 the
797 568 80 23 A.R.C.)

608 600 50 18 First
675 600 49 17 Race
744 598 20 18 at
783 597 53 18 11.30
856 602 44 11 a.m.

540 625 14 16 l.
557 624 131 16 —Haxdicav
697 623 88 16 Hvhiii.k
794 620 55 18 Race
858 619 19 18 of
893 619 76 20 lOsovs.,

562 647 67 17 second
643 647 54 16 horse
707 647 21 15 to
740 644 71 17 receive
826 644 60 15 2sovs.
903 644 34 15 out
950 643 21 16 of

561 670 33 17 the
602 669 67 18 stakes.
679 669 49 16 Over
742 668 29 16 .six
784 666 65 23 flights
858 666 19 16 of
888 665 81 22 hurdles,

562 692 124 23 3ft6inhigh.
708 690 129 20 Nomination,
848 694 27 14 os;
890 689 69 22 Accept-

561 722 52 14 ance,
628 722 26 10 os.
685 715 95 18 Distance,
793 718 36 12 one
845 712 43 17 mile
905 711 38 18 and
959 718 11 11 a

561 739 46 17 half.

538 764 27 15 2.-
574 762 81 17 -Maiden
665 760 54 18 Plato
725 760 20 18 of
750 761 11 16 8
768 758 55 21 sovs..
831 758 68 18 second
916 758 54 18 horse

561 787 19 15 to
589 785 69 17 receive
667 785 10 16 2
687 790 48 11 sovs.
743 784 34 16 out.
785 783 20 16 of
810 783 32 16 the
848 781 68 17 stakes.
933 781 38 17 For

561 809 24 16 all
592 808 63 17 horses
661 807 41 18 that
709 807 47 16 have
762 812 56 10 never
823 811 42 11 won
872 811 24 10 an
903 804 55 17 adver-

561 832 47 15 tised
617 837 41 10 race
667 828 4 25 ;
686 830 71 23 weight
765 829 30 17 for
809 835 40 15 age.
875 828 95 17 Entrance

560 856 27 16 Bs.
608 854 94 19 Distance,
712 859 36 11 one
757 852 49 17 milt*.

537 877 103 18 3.—Maori
656 877 95 17 Women's
764 875 56 17 Hack
837 875 49 17 Race
900 875 20 16 of
936 875 32 21 £3,

561 900 67 18 second
635 900 55 17 horse
699 901 20 16 to
728 899 70 20 receive
815 898 24 18 i'l
855 899 34 16 out
905 898 20 17 of
938 898 32 17 the

560 923 67 18 stakes.
654 923 30 17 All
693 924 64 16 horses
766 924 19 15 to
798 921 24 18 be
836 922 32 16 the
880 924 90 20 property

560 947 20 16 (if
588 947 75 16 Maoris.
689 946 60 18 Catch
755 946 86 21 weights.
855 945 45 17 Post
907 946 61 21 entry,

559 971 26 16 3s.
610 970 95 20 Distance,
715 976 35 11 one
759 969 50 17 mile.
834 968 51 17 Four
893 969 21 16 to
922 969 49 16 start

559 999 21 11 or
588 999 25 10 no
621 999 47 12 race.

535 1017 17 16 4.
554 1016 62 17 —The
622 1016 40 17 Hot
672 1016 60 17 Lakes
741 1014 101 23 Handicap
851 1014 20 18 of
880 1015 20 15 10
912 1020 56 14 sovs.,

559 1039 67 17 second
639 1039 54 17 horse
708 1040 20 16 to
737 1039 71 17 receive
816 1039 11 16 3
836 1044 48 10 sovs.
902 1039 34 15 out
950 1039 19 15 of

558 1063 32 16 the
605 1062 68 18 stakes.
698 1062 130 19 Nomination,
843 1061 20 18 7s
876 1061 35 21 Gd;
931 1061 25 17 Ac-

558 1086 93 22 ceptance,
705 1086 29 16 (id.
760 1086 95 18 Distance,
874 1090 35 11 one
925 1084 44 17 mile

557 1109 38 17 and
604 1115 11 11 a
623 1109 45 17 half.

535 1132 102 17 o.—Maori
647 1133 55 17 Hack
714 1133 50 17 Race
777 1132 20 17 of
810 1133 60 15 4soVs.
896 1131 72 17 Second

557 1156 54 16 horse
622 1157 6 15 1
644 1162 38 11 sov.
698 1157 49 15 from
764 1155 33 17 the
811 1154 67 17 stakes.
909 1153 59 18 Catch

558 1179 85 21 weights.
674 1179 46 18 Post
736 1180 61 20 entry,
815 1179 27 16 4s.
872 1177 94 20 Distance,

557 1208 35 11 one
601 1202 50 18 mile.

534 1226 16 16 G.
554 1225 122 23 —Handicap
693 1226 53 22 Pony
766 1226 50 16 Race
841 1224 19 16 of
881 1230 9 9 o
911 1228 54 18 soys.,

557 1248 72 17 Second
637 1249 55 17 horse
704 1250 20 16 to
738 1248 70 17 receive
823 1248 7 16 1
845 1252 38 11 sov.
902 1247 33 15 out
947 1247 20 16 of

556 1272 32 17 the
606 1272 67 17 stakes.
706 1272 37 17 For
760 1271 64 23 ponies
844 1271 19 15 14
881 1269 60 17 hands
956 1270 10 16 2

556 1296 63 16 inches
628 1296 37 16 and
674 1292 64 20 tinder.
764 1293 128 18 Nomination,
903 1293 19 17 2s
931 1292 23 17 6d
961 1292 4 20 ;

556 1319 116 22 acceptance,
682 1320 20 15 2s
711 1319 30 15 Gd.
768 1317 93 19 Distance,
880 1315 29 17 six
926 1316 30 16 fur-

555 1342 62 21 longs.

532 1365 112 21 7.—Flying
666 1364 66 19 Stakes
749 1364 20 17 of
791 1366 11 14 8
822 1368 55 13 sovs.,
898 1363 68 16 second

555 1388 54 17 horse
618 1388 19 18 to
643 1384 70 22 receive
721 1388 5 16 1
742 1393 38 10 sov.
790 1388 34 15 out
830 1386 20 17 of
856 1385 32 17 the
897 1385 67 17 stakes.

554 1411 128 21 Nomination,
691 1413 28 15 -Is:
742 1411 117 21 acceptance,
872 1410 24 15 Is.
921 1409 33 16 Dis-

555 1436 59 16 tance,
625 1440 54 11 seven
689 1434 93 22 furlongs.
801 1436 5 4 '

530 1459 25 15 .S.-
566 1457 78 17 -Forced
653 1456 101 23 Handicap
762 1457 20 16 of
792 1456 9 17 7
811 1461 55 14 sovs.,
881 1454 84 23 optional

553 1481 31 17 for
603 1480 62 18 losers.
697 1480 100 20 Entrance,
818 1480 24 16 7s.
876 1478 89 18 Distance

664 1544 165 18 CONDITIONS.

531 1592 57 16 Dates
597 1591 20 17 of
630 1590 138 19 Nominations,
783 1590 133 23 Acceptances,
927 1591 37 16 and

700 1613 110 18 Entrances.

531 1646 89 22 Tuesday,
634 1645 85 22 January
735 1646 46 20 21st,
798 1647 44 15 180G
857 1649 20 13 at
889 1646 20 17 10
917 1651 46 16 p.m.

552 1677 268 23 Nominations-—Handicap
830 1677 87 17 Hurdle,-,,

531 1701 39 16 Hot
579 1700 60 17 Lakes
652 1700 105 22 Handicap,
774 1701 19 16 7s
809 1700 28 17 Gd.
865 1700 98 22 Handicap

531 1724 52 22 Pony
592 1724 54 19 Pace,
657 1724 20 17 2s
684 1724 30 16 (id.
740 1723 70 23 Flying
820 1723 71 18 Slakes.
905 1725 23 15 Is.

531 1747 97 22 Saturday,
639 1747 84 22 January
734 1747 50 20 23th,
797 1747 49 20 189G,
858 1748 18 15 at
889 1748 19 14 10
917 1752 45 16 p.m.

552 1776 94 18 Entrance
649 1776 98 18 —Maiden
757 1776 60 21 Plato,
831 1777 25 15 Bs.

531 1806 89 21 Tuesday,
630 1805 84 22 January
724 1804 51 21 28th,
788 1805 49 20 1896,
848 1806 19 15 at:
882 1806 20 14 10
917 1810 45 17 p.m.

552 1830 136 20 Acceptances-
698 1828 3 22 -
709 1828 100 22 Handicap
829 1828 88 20 Hurdles,
936 1835 25 10 os.

531 1853 37 15 1-lot
581 1852 58 16 Lakes
648 1851 105 23 Handicap,
769 1853 20 15 7s
803 1851 29 17 (id.
863 1851 100 22 Handicap

531 1875 52 23 Pony
592 1875 54 20 Pace,
657 1876 20 15 2s
686 1874 29 19 Gd.
742 1875 70 21 Flying
819 1874 72 20 Stakes,
901 1875 25 17 4s.

559 1905 59 16 Dales
627 1909 24 12 on
660 1903 61 18 which
730 1903 110 23 Handicaps
849 1903 81 23 Appear.

577 1931 121 22 Wednesday,
707 1931 85 23 January
800 1931 54 21 22nd,
865 1931 29 17 189
894 1931 20 17 G.

552 1955 70 17 Posted
634 1955 19 18 to
662 1955 26 16 all
698 1955 122 18 nominators.

575 1997 83 18 RULES
672 1997 53 17 AND
733 1996 182 18 REGULATIONS

530 2043 32 24 (To
571 2043 60 18 which
642 2044 32 16 the
682 2044 94 16 attention
785 2044 21 16 of
814 2049 76 16 persons
900 2044 51 16 enter-

552 2067 33 22 ing
594 2067 71 17 Horses
672 2067 15 16 is
693 2067 124 22 particularly
826 2067 112 21 requested.)

551 2091 31 17 No
590 2089 132 19 Nominations
731 2096 21 11 or
761 2091 125 21 Acceptances
893 2090 38 17 will
940 2090 22 17 be

530 2113 80 19 received
620 2119 24 12 on
653 2119 37 16 any
706 2115 88 21 pretence
811 2113 94 17 whatever
914 2114 49 16 after

530 2138 30 16 the
569 2137 48 17 hour
625 2136 75 21 named,
709 2143 21 11 or
736 2136 81 17 without
823 2136 57 22 being
888 2143 61 11 accom-

530 2160 67 23 panied
613 2159 46 18 with
675 2160 34 16 the
724 2164 98 18 necessary
844 2161 78 15 amount
943 2160 18 16 in

529 2183 49 19 cash,
590 2183 75 17 marked
673 2182 76 23 cheque,
757 2183 69 22 orpost
835 2188 21 11 or
864 2182 97 23 telegraph

530 2212 65 17 money
605 2206 58 17 order.
690 2206 100 17 Attention
799 2206 20 17 of
827 2206 55 17 horse
891 2211 72 12 owners

530 2230 13 16 is
552 2229 122 23 particularly
684 2229 59 17 called
760 2230 20 16 to
797 2229 39 17 this
849 2229 112 22 regulation.

552 2254 46 21 Age,
609 2253 96 22 Pedigree,
721 2253 147 18 Performances,
877 2252 38 17 and
924 2253 30 16 col-

530 2282 41 11 ours
579 2276 20 17 of
607 2275 66 18 Riders
681 2277 21 16 to
710 2276 23 17 be
742 2275 41 18 sent
795 2275 46 17 'with
851 2275 25 17 all
888 2275 73 18 entries.

552 2300 43 21 Any
603 2298 72 25 Jockey
684 2298 63 24 riding
761 2300 68 21 except
842 2298 21 17 in
877 2298 32 17 the
924 2299 29 16 col-

530 2329 41 10 ours
581 2322 75 17 entered
665 2322 38 17 will
710 2322 23 16 be
742 2322 50 16 fined
802 2323 9 15 2
821 2327 49 12 sovs.

552 2346 31 16 All
592 2347 81 20 protests
682 2347 51 15 must
747 2345 22 17 be
785 2345 54 17 made
852 2345 20 17 in
888 2345 75 22 writing

530 2371 18 15 to
557 2369 32 17 the
599 2368 98 22 Secretary
705 2369 67 16 within
790 2369 21 16 15
825 2368 80 17 minutes
915 2369 48 16 after

530 2392 31 17 the
570 2398 46 13 race,
627 2392 133 22 accompanied
769 2392 25 21 by
812 2393 9 15 2
837 2397 54 13 sovs.,
902 2392 61 16 which

530 2415 37 17 will
576 2415 23 17 be
608 2415 88 22 forfeited
708 2416 20 16 to
742 2415 32 17 the
788 2415 49 17 Club
850 2415 68 17 should
932 2415 31 17 the

530 2440 71 21 protest
613 2438 24 17 bo
649 2438 103 18 dismissed.

553 2462 72 17 Should
635 2467 37 16 any
689 2462 75 22 dispute
776 2462 47 17 arise
837 2461 20 16 in
869 2467 37 16 any
922 2467 42 16 way

530 2484 102 18 connected
641 2484 44 18 with
696 2484 51 18 these
756 2484 65 21 Races,
836 2484 33 17 the
883 2484 80 18 decision

530 2509 20 16 of
559 2509 31 15 the
600 2508 93 16 Stewards
702 2509 48 15 shall
759 2508 22 16 be
793 2507 88 22 accepted
891 2513 19 11 as
919 2508 45 17 final

531 2531 37 17 and
583 2531 110 17 conclusive.

620 2554 20 17 T.
651 2555 20 16 C.
679 2554 149 21 URQUHART,
839 2554 50 17 Hon.
900 2554 40 17 Sec.

533 2597 217 46 Rotorua
792 2597 168 45 Tours.

533 2680 186 43 I)ASSENGERS
729 2682 20 15 to
757 2680 85 16 Rotorua
851 2685 31 11 are
889 2679 74 17 advised

596 2703 42 17 that
647 2709 11 10 a
672 2703 75 23 regular
758 2703 51 22 daily
823 2703 58 17 coach
897 2703 69 18 service

531 2727 85 17 between
625 2726 90 17 Okoroiro
724 2726 38 17 and
772 2726 85 17 Rotorua
872 2726 37 16 and
926 2726 40 17 vice

533 2756 51 10 versa
592 2750 16 16 is
616 2755 43 11 now
668 2750 89 21 running.

555 2773 39 16 The
603 2772 116 22 advantages
725 2774 20 16 of
751 2773 38 17 this
794 2773 54 17 route
854 2778 99 12 arenumer-

533 2802 39 15 ous,
582 2802 12 11 a
602 2796 101 18 somewhat
718 2796 73 17 tedious
801 2796 76 21 railway
886 2795 80 23 journey

532 2820 16 16 is
556 2819 77 20 broken,
643 2818 38 18 and
689 2819 32 17 the
738 2822 54 14 route
809 2820 91 16 traverses
917 2825 50 11 some

533 2843 20 16 of
571 2843 32 16 the
619 2842 84 17 loveliest
721 2843 52 16 Bush
790 2842 80 22 Scenery
886 2842 21 16 in
921 2843 45 16 New

534 2865 88 19 Zealand.

573 2888 104 22 PARES,
694 2888 41 19 10s
745 2888 83 18 EACH
841 2888 81 18 WAY.

535 2916 90 23 Special
642 2916 166 23 Conveyances
825 2921 44 13 can
889 2916 28 17 be
934 2921 23 13 ar-

680 2939 88 24 ranged
776 2939 42 18 for.

535 2986 87 18 Leave-
635 2985 112 19 Okoroire
755 2986 37 17 for
806 2986 103 18 Rotorua
923 2986 46 18 and

604 3009 220 18 Whakarewarewa
855 3009 61 23 daily
944 3011 25 16 at

606 3032 29 18 10

536 3056 82 18 Leave-
627 3055 113 19 -Rotorua
749 3055 46 18 and
804 3055 149 19 Whakarewa-

605 3084 62 13 rewa
683 3079 36 18 for
733 3079 117 21 Okoroire,
867 3078 62 24 daily
945 3080 26 17 at

608 3102 29 18 10
645 3107 51 14 a.m.

559 3130 32 17 All
611 3136 110 16 passengers
742 3136 31 11 are
789 3130 78 17 advised
887 3131 19 15 to
921 3131 50 16 avail

536 3153 111 17 themselves
656 3154 19 16 of
684 3153 38 17 this
738 3154 63 16 Route
815 3159 21 11 as
851 3153 89 17 Okoroire
956 3154 14 16 is

536 3182 35 11 one
587 3177 19 15 of
617 3177 32 15 the
658 3176 51 17 show
718 3177 62 21 places
798 3176 20 18 of
834 3176 33 17 the
883 3176 88 18 Thermal

537 3199 84 20 District,
642 3199 38 17 and
695 3205 24 12 no
736 3199 44 17 visit
794 3200 21 17 to
832 3199 31 17 the
878 3199 61 18 Lakes
956 3200 15 17 is

537 3222 91 23 complete
637 3222 81 17 without
724 3222 24 17 its
754 3222 99 17 inclusion.

561 3246 71 21 Special
642 3246 93 16 attention
748 3245 15 17 is
776 3245 61 17 called
849 3246 21 16 to
884 3246 32 16 the
933 3246 38 17 fact

537 3269 42 16 that
588 3274 11 11 a
608 3269 56 16 coach
673 3269 61 16 leaves
748 3268 85 18 Rotorua
842 3268 37 17 and
889 3268 68 18 Whaka-

537 3297 99 12 rewarewa
645 3297 24 12 on
679 3291 77 23 Sunday
765 3293 20 15 at
795 3292 21 16 10
825 3297 44 11 a.m.

672 3338 164 17 KGENTS!

538 3359 71 18 THOS.
624 3359 69 18 COOK
710 3360 14 17 &
745 3359 54 20 SON,
818 3359 98 17 Auckland
935 3359 38 17 and

710 3383 90 16 Rotorua.

695 3629 64 21 ASlv.
766 3629 56 19 FOR

543 3680 417 46 HANCOCKS

665 3753 186 20 CELEBRATED

721 3805 91 32 xxxx

653 3863 212 51 A.LES,

672 3924 58 13 MADE
738 3925 56 14 vv.ou
804 3925 41 12 Tin:

547 3952 114 33 FINEST
689 3953 88 32 KALI
799 3953 64 31 Mm
881 3953 96 39 HOPS;

648 4036 53 13 from
715 4037 38 12 all
768 4037 128 13 AXTTsr.rnes
910 4038 25 12 on

548 4116 138 33 CAPTAIN
710 4118 84 32 COOK
812 4119 168 38 BREWERIT,

654 4161 195 19 NEWMARKET.

1028 144 47 45 R.
1097 142 302 52 GRIFFITHS,

1107 207 211 33 ROTORUA,

995 255 434 27 GENERRLCRRTERSGARRIER.

1022 317 67 18 Goods
1099 317 102 18 delivered
1211 319 21 15 to
1240 316 27 18 all
1283 321 57 20 parts
1356 319 22 17 of
1395 319 34 18 the

994 343 79 18 district
1080 345 22 16 at
1109 343 38 18 low
1157 345 59 16 rates.

1076 373 62 18 ALL
1150 373 112 19 TRAINS
1276 373 69 20 MET.

1020 431 138 19 N.B.—Good
1164 431 181 25 paddock;ngfora
1350 433 77 19 limited

983 454 1 30 j
994 457 87 18 number
1090 458 21 18 of
1121 458 75 17 horses.
1213 458 59 24 Spei.;
1280 458 39 19 er's
1330 458 97 26 paddock,

983 478 1 28 I
995 483 145 19 woli-watered
1166 484 40 17 and
1237 489 58 15 every
1329 485 99 21 attention

994 509 54 25 paid.

1052 556 113 46 FOR
1204 557 163 47 SALE.

994 690 234 35 npOTABA'HOTJSE
1233 692 114 20 BLOCKS.
1352 686 77 26 Stiain-

1000 714 25 20 JL
1060 724 31 12 ers
1093 736 5 7 t
1111 718 40 18 and
1161 718 136 19 Government
1309 719 40 18 size
1363 719 64 22 Posts,

993 742 21 20 ill
1025 750 40 18 any
1076 744 102 25 quantity,
1190 745 101 18 delivered
1302 748 21 15 to
1333 751 39 18 any
1383 748 45 21 part

993 769 22 18 of
1023 769 35 19 the
1074 770 175 25 listrict.—Apply
1263 773 21 16 at
1295 771 35 18 the
1341 771 88 19 Auction

993 795 55 19 Mart

1177 822 20 19 J.
1215 822 28 19 n.
1256 821 119 21 TAYLOE.

1133 875 152 17 DENTISTRY.

1009 921 6 16 i
1026 921 35 17 Til
1082 921 120 21 GINDERS,
1219 921 173 22 Surgeon-dentist,
1408 922 19 18 of

1068 942 112 23 Masterton,
1190 943 39 18 will
1237 950 38 16 pay
1283 950 11 12 a
1302 945 124 22 professional

991 968 37 17 vist
1037 969 20 15 to
1067 968 83 16 Rotorua
1159 966 50 22 early
1219 969 45 15 next
1274 968 71 17 month.

1016 1017 66 17 ItACE
1096 1017 73 18 CARD.

1246 1018 67 17 RACE
1326 1019 75 17 CAM).

992 1063 78 43 ALL
1082 1063 160 19 Advertisements
1255 1065 29 16 for
1296 1064 92 19 insertion
1406 1065 19 17 in

1060 1087 32 16 the
1101 1086 49 19 Eace
1159 1087 49 17 Card
1216 1088 51 17 must
1275 1088 23 16 lie
1311 1088 35 17 left
1360 1089 19 17 at
1394 1089 31 16 (lie

991 1110 118 17 Ciihoxict/e
1117 1110 58 18 Office
1184 1116 24 12 on
1217 1117 20 10 or
1249 1111 63 17 before
1330 1111 95 24 Saturday

990 1136 52 14 next.

1131 1199 150 19 NOTICE.

989 1244 130 43 HORSES
1131 1245 59 18 found
1199 1246 116 23 trespassing
1330 1247 60 17 inside
1405 1248 20 17 of

1064 1269 64 17 fenced
1143 1268 86 23 paddock
1246 1276 23 10 on
1285 1270 77 18 Galatea
1382 1277 40 12 nr.i.

989 1292 38 16 will
1036 1292 23 16 be
1066 1291 98 23 pounded:
1178 1291 37 18 and
1222 1293 15 16 if
1243 1294 34 15 not
1284 1293 79 18 claimed
1368 1294 44 16 with-

989 1315 17 16 in
1016 1315 86 18 fourteen
1111 1316 46 17 days
1167 1316 36 16 will
1214 1316 22 15 be
1246 1316 45 17 sold.

1163 1338 83 18 JAMES
1260 1338 91 23 GRANT,

1300 1362 99 21 Manager.

1119 1410 174 19 PANUITANGA.

1067 1456 55 19 NGA
1133 1457 58 18 hoiho
1206 1457 63 18 Katoa
1282 1458 6 16 i
1303 1458 40 18 roto
1361 1458 5 16 i
1384 1463 39 18 nga

989 1475 45 24 J\_
1060 1481 59 22 taupa
1131 1481 6 16 i
1152 1481 78 16 Karatia
1246 1480 25 18 ka
1288 1481 62 17 whiua
1367 1481 56 17 kite

987 1503 66 18 Pauna
1062 1503 96 19 mehemea
1166 1503 56 19 kaore
1231 1504 6 16 i
1244 1503 74 24 tikinga
1324 1504 37 19 mal
1368 1505 6 16 i
1381 1505 41 18 roto

987 1527 5 16 i
1001 1532 39 18 nga
1049 1532 21 12 ra
1079 1526 71 19 Kotahi
1157 1528 18 17 te
1184 1526 36 18 kau
1231 1533 29 12 ma
1269 1528 46 17 wha.

1222 1550 35 18 NA
1271 1550 103 18 KARATI.

1034 1598 124 18 PUKEROA
1167 1598 72 17 HALL
1246 1599 127 18 ROTORUA.

987 1645 81 17 FitiDAY
1077 1650 42 12 Axi)
1128 1644 116 23 Saturday,
1252 1646 46 17 Fkh.
1307 1646 38 17 7th
1352 1647 14 16 &
1376 1649 44 15 htii.

989 1722 53 44 W.
1070 1721 349 50 .MACKENZIE.

985 1784 44 16 The
1046 1783 84 18 Famous
1152 1783 122 18 SCOTTISH
1296 1783 125 18 VOCALIST

1100 1807 53 17 AND
1164 1806 141 19 HUMORIST.

1127 1838 114 13 SUTI'ORTED
1254 1838 25 14 BY

986 1860 50 44 M
1038 1859 38 20 ISS
1102 1860 31 45 J
1140 1860 96 19 ESSIE
1262 1860 43 45 G
1312 1860 110 19 LOTEE

1044 1908 104 23 Charming
1157 1908 101 18 Character
1271 1909 89 19 Vocalist,

1032 1935 71 19 MISS
1117 1935 112 19 LOUISE
1246 1936 125 22 AYLETT,

1090 1960 33 17 the
1132 1959 83 23 Popular
1223 1959 91 23 Soprano,

1008 1983 54 17 AND
1077 1984 15 15 A
1107 1982 143 19 POWERFUL
1263 1983 133 18 COMPANY.

985 2013 111 44 MUSIC
1126 2014 101 18 DANCES
1244 2015 14 16 &
1287 2014 100 24 CJTONG
1405 2015 14 17 &

1037 2038 65 17 IRTH
1126 2038 124 17 RECITALS
1286 2038 101 19 OTORY

1087 2069 121 17 POPUIAR
1222 2069 98 18 PRICES.

1076 2117 149 19 PUKEROA
1239 2117 89 20 HALL.

1044 2165 105 19 FRIDAY,
1166 2164 128 21 JANUARY,
1309 2165 52 17 31st.

1020 2192 143 21 SATURDAY,
1184 2192 147 22 FEBRUARY,
1351 2194 33 17 Ist.

1021 2239 70 18 Great
1105 2238 97 19 Musical
1211 2239 136 19 Attraction
1356 2238 15 20 !!
1385 2238 3 20 !

1032 2271 51 17 First
1091 2276 116 18 appearance
1222 2271 19 16 in
1258 2271 84 19 Rotorua
1354 2272 20 16 of

986 2295 434 31 MrJOHNFULLER,

1056 2328 115 18 Auckland's
1183 2328 86 23 Leading
1282 2329 67 20 Tenor,

985 2359 61 18 MISS
1058 2359 23 18 E.
1095 2360 22 17 L.
1131 2359 103 18 FEATON
1243 2360 15 17 &

1124 2383 99 17 STRONG
1236 2383 117 18 CONCERT
1363 2384 56 20 COY,

987 2450 44 22 J~\_
1056 2453 80 22 evening
1145 2453 19 17 to
1173 2452 62 18 which
1243 2453 75 17 holders
1327 2454 20 17 of
1356 2455 20 16 lis
1384 2453 38 18 and

987 2477 19 16 2s
1014 2476 67 17 tickets
1091 2482 31 11 are
1131 2476 78 17 invited.

1057 2499 125 18 Admission:
1198 2500 25 19 ;Js,
1239 2500 20 16 2s
1272 2500 38 16 and
1326 2500 23 16 Is.

1198 2531 22 17 E.
1235 2531 114 20 NORDON,

1140 2554 87 18 Business
1237 2554 162 23 Representative.

989 2600 90 42 TOST.
1084 2600 51 18 —On
1142 2600 56 22 night
1203 2600 19 17 of
1226 2600 74 17 Church
1308 2601 20 16 of
1333 2601 90 21 England

1013 2627 13 16 J
1051 2624 87 19 Concert,
1155 2629 11 11 a
1183 2623 49 18 Gold
1253 2624 169 22 Brooch.—Apply

988 2647 118 17 CnnoxicLE
1115 2646 63 18 Office.

988 2693 34 16 RE
1025 2692 174 18 DISSOLUTION
1205 2692 32 17 OF
1241 2692 182 17 PARTNERSHIP

1036 2716 32 17 OF
1081 2715 135 18 MORRISON
1226 2716 15 16 &
1255 2716 120 17 CORBETT.

994 2762 123 43 UNLESS
1123 2762 64 17 claims
1194 2762 75 22 against
1275 2762 32 17 the
1316 2763 59 17 above
1382 2763 42 16 firm

1061 2792 30 10 are
1101 2784 89 19 rendered
1199 2785 25 22 by
1233 2783 98 25 Thursday
1336 2786 33 17 the
1379 2786 45 17 23rd

988 2809 44 17 inst.
1044 2810 18 16 to
1071 2809 32 17 the
1112 2808 111 23 liquidators
1239 2808 47 23 they
1298 2809 40 17 will
1353 2810 34 16 not
1401 2809 23 17 be

989 2832 116 23 recognised.

1013 2855 95 18 Accounts
1115 2855 63 21 owing
1187 2856 19 15 to
1215 2855 32 16 the
1256 2855 42 17 firm
1307 2855 63 18 unless
1380 2855 45 23 paid

990 2879 99 16 forthwith
1098 2878 39 17 will
1145 2878 23 17 bo
1182 2878 45 17 sued
1242 2878 30 17 for
1286 2879 81 16 without
1385 2878 30 17 fur-

990 2902 42 18 ther
1041 2902 67 17 notice.

1107 2921 120 21 WILLIAM
1236 2925 137 20 HENSHAAV,

1109 2947 129 18 PERCIVAL
1250 2948 81 17 TH.OM.

1047 3027 199 18 PRESBYTERIAN
1258 3027 115 18 CHURCH.

1079 3074 46 17 Rev.
1143 3074 24 17 D.
1184 3074 93 20 McNicol,
1294 3074 134 17 ex-President

1056 3098 20 16 of
1097 3097 32 18 the
1146 3097 98 22 Wesleyan
1253 3097 116 17 Conference
1382 3097 45 21 will,

992 3120 69 23 preach
1070 3121 19 16 in
1098 3117 32 21 the
1140 3120 126 21 Schoolroom,
1277 3120 77 22 Sunday
1363 3126 52 12 morn-

1019 3150 8 11 r
1035 3144 38 17 and
1082 3143 87 24 evening.
1179 3143 3 24 ■

1123 3191 175 19 NOTICE.

995 3255 112 28 rpHERE
1127 3254 39 17 will
1182 3253 23 19 be
1227 3261 11 10 a
1258 3254 73 22 private
1352 3254 38 17 sale
1411 3254 19 17 of

1006 3272 20 26 J_
1065 3278 112 17 Household
1186 3278 85 19 Articles,
1281 3278 99 22 including
1392 3278 25 16 La-

995 3302 41 21 dy's
1046 3301 73 20 Saddle,
1129 3301 53 22 quiet
1190 3301 60 22 Pony,
1269 3301 67 20 Fowls,
1352 3302 38 19 &c,
1406 3306 24 12 on

1048 3325 5 6 1
1062 3331 24 16 ly,
1096 3325 32 17 the
1136 3323 44 19 27th
1197 3323 91 23 January,
1305 3325 49 16 from
1366 3325 10 16 2
1390 3325 21 16 to
1420 3330 10 11 o

995 3354 53 16 p.m.,
1057 3349 20 16 at
1086 3348 33 17 the
1128 3348 113 22 Parsonage.

1284 4264 59 28 an
1354 4253 154 40 cock'e
1538 4251 191 40 Celebra

1871 4250 89 38 XX

2096 4249 104 30 AT&ca

2231 4252 95 36 and
2352 4250 148 38 Stout.

2848 4052 38 18 The
2895 4054 127 18 nominations
3032 4056 37 17 and
3078 4061 19 12 w<
3105 4056 50 22 Lghto
3165 4057 29 17 for
3203 4057 39 18 W&d-

2813 4075 1 26 ---:
2825 4075 86 24 nesday's
2937 4078 83 23 meeting
3041 4083 70 18 appear
3137 4080 18 16 in
3180 4081 74 17 anothor

2825 4097 81 19 column.
2931 4101 76 16 Entries
3022 4102 29 15 for
3067 4101 32 17 the
3114 4102 76 18 Maiden
3206 4103 47 18 Plati

2822 4123 54 16 ■must
2883 4122 48 18 bein
2939 4123 34 18 the
2981 4123 61 19 hands
3051 4125 20 18 of
3088 4125 30 18 the
3140 4127 78 23 eereiarj
3236 4133 18 11 on

2813 4142 2 27 i
2826 4142 99 27 Saturday.
2952 4146 126 23 Acceptances
3083 4153 32 12 are
3124 4148 35 18 due
3169 4155 23 12 on
3202 4146 37 20 'i'u.-

2813 4165 2 18 \
2825 4166 43 17 duv.
