3300 4270
58 121 40 50 IN
118 121 140 50 ANCIENT
278 121 200 50 MAORILAND.

60 246 60 14 W;■•...,
140 242 108 16 COLLECTED
267 240 53 14 FMOSI
338 240 40 13 THE
395 239 86 14 DESCENT

58 259 7 5 *
78 265 142 19 jUNTSOFTHE
234 263 125 14 ABOHIGrNAL
369 261 74 14 PEOPLE
458 261 24 14 OF

98 279 11 27 ['
110 293 5 12 E
125 288 10 16 g
144 287 101 16 ingitaiki
246 283 86 19 Valley
335 286 41 13 and
382 280 84 18 theUke-

87 316 44 12 .;;i:a
141 309 101 18 Country,
252 310 41 13 and
303 303 177 19 fkojttheMata-

78 338 50 15 A.TUA
136 333 77 16 TIIIBES.

164 372 29 16 By
203 368 103 19 ELSDON
317 367 69 18 BEST.

77 451 54 17 Riven
140 447 24 21 by
174 444 90 18 members
273 442 19 18 of
300 442 34 18 the
339 440 127 24 Ngati-Mana-

58 483 7 6 „
73 461 16 32 ~''
106 468 141 25 STgati-Wharc,
267 465 69 21 Tuhoe,
359 461 118 25 Ngati-Apa,

58 487 17 28 vl
96 487 73 26 ti-Awa,
192 489 146 23 Ngati-llamua
361 487 38 17 and
418 487 48 17 Patu-

56 513 66 27 neiiliou
130 516 68 17 Tribes.

54 595 11 7 ■■•
74 590 113 17 KoIIIKOIIIA
199 588 40 14 NGA
252 585 116 15 MARAITAEA
380 586 12 12 O
406 581 57 16 MATA-

174 652 118 19 CHAPTER
302 651 46 17 VII.

54 707 54 15 WVKS
123 706 22 14 OF
157 704 40 14 THE
215 699 116 16 MATAATUA
345 701 42 13 ASD
400 696 76 17 AItAWA

219 722 79 17 TitruES.

80 757 69 21 Friend
157 751 4 27 !
183 754 40 19 We
234 752 41 19 will
286 758 43 12 own
338 758 26 18 go
371 751 56 18 forth
437 751 40 18 and

58 785 40 21 look
119 788 52 18 upon
187 780 13 19 t'
203 785 18 12 lo
237 778 58 19 lands
314 778 21 17 of
343 777 34 18 the
397 777 80 18 ancient

58 812 159 20 Alarangaranga,
230 804 38 19 and
279 804 11 18 I
308 803 40 19 will
367 803 57 24 point
442 805 35 16 out

57 843 17 15 to
84 842 35 17 you
127 834 33 19 the
178 828 163 26 battle-grounds
358 828 65 20 where
441 835 36 13 our

57 861 111 23 forefathers
178 856 92 20 defeated
282 856 33 18 the
327 854 119 20 multitudes
455 855 22 19 of

56 891 78 17 Haeaua
144 884 39 20 and
191 881 127 26 Kaepohatu.
347 881 42 19 But
406 881 24 18 do
441 883 34 16 not

56 922 37 14 carr
94 921 10 19 y
123 912 42 19 that
184 909 40 24 bag
234 908 20 18 of
269 913 73 18 money
361 906 50 20 with
427 913 47 18 you,

56 950 21 12 nu
79 948 8 12 r
95 941 32 24 yet
134 942 49 20 your
193 935 53 25 pipe,
256 939 37 13 nor
312 936 33 21 yet
364 939 38 12 anv
421 933 53 18 food.

59 968 36 19 \„(1
105 966 23 17 do
138 965 35 16 not
183 961 35 19 tell
229 966 51 18 your
298 959 82 24 pakeha
397 959 78 18 friends

55 995 38 19 'hat
102 992 10 19 I
122 991 47 18 have
179 987 68 19 shown
258 988 19 16 to
296 991 40 17 you
355 985 35 18 the
409 985 65 18 inauri

56 1021 17 18 of
213 1018 21 12 or
247 1011 47 24 they
313 1017 46 18 may
369 1016 54 12 come
434 1011 39 18 and

55 1044 85 22 interfere
150 1039 45 21 with
204 1039 16 17 it
230 1037 38 19 and
277 1037 80 24 destroy
364 1037 26 18 its
398 1037 76 18 virtues

55 1071 32 20 nnd
98 1070 43 18 then
154 1072 27 13 we
192 1063 50 19 shall
253 1070 24 11 no
287 1063 73 24 longer
367 1063 56 18 catch
434 1069 38 17 any

54 1098 32 20 iish
96 1096 19 18 in
125 1094 42 19 that
177 1091 57 18 river.
262 1089 55 18 Then
335 1088 12 19 I
357 1088 41 20 will
416 1088 57 25 point

54 1126 30 17 out
121 1127 10 16 J'
133 1125 24 13 ou
168 1117 64 19 where
243 1121 28 12 we
279 1114 75 24 fought
361 1114 34 19 the
403 1114 69 19 Tuhoe

54 1153 17 16 „t
82 1148 84 22 Oputara
179 1142 39 19 and
229 1148 27 12 we
267 1140 42 19 will
320 1140 46 19 look
375 1147 52 18 upon
438 1140 34 19 the

54 1176 83 19 defences
147 1170 19 19 of
176 1169 43 19 that
225 1166 81 20 ancient
319 1166 46 19 fort.

80 1200 37 19 •Vml
127 1198 18 18 in
157 1195 33 19 the
200 1196 43 22 spot
253 1193 65 18 where
323 1192 34 19 the
362 1199 37 12 sun
404 1193 68 18 shines

54 1236 18 9 mi
82 1222 81 24 brightly
176 1227 51 18 upon
243 1225 29 17 us,
285 1218 39 19 and
334 1221 21 16 in
371 1219 35 18 the
416 1219 55 23 sight

54 1255 18 17 of
82 1247 95 24 Putaunki
185 1246 38 19 and
232 1245 105 19 Tarawera
345 1244 112 20 andTawki-

54 1285 33 13 uau
98 1276 36 20 and
144 1271 105 26 Pekepeke
260 1271 40 18 and
319 1270 151 20 Kakarahunui

53 1305 73 19 _those
136 1300 55 24 great
200 1298 115 19 mountains
334 1296 44 20 that
388 1303 40 13 saw
437 1297 34 19 the

54 1331 52 21 deeds
115 1328 18 19 of
144 1332 34 13 our
188 1326 99 17 ancestors
289 1322 38 19 —I
335 1322 41 20 will
386 1323 35 19 tell
430 1329 40 18 you

54 1359 18 19 of
80 1357 30 18 the
120 1359 47 14 wars
178 1351 19 18 of
204 1350 38 20 old,
254 1349 39 19 and
303 1349 35 18 the
353 1351 88 17 customs
450 1350 22 18 of

54 1390 31 13 our
93 1378 120 23 forefathers.
220 1375 103 19 YoushnJl
331 1375 139 19 seetheabode

53 1411 17 18 of
79 1403 172 27 Ngarangibangu,
258 1401 112 19 thatdread
381 1401 88 19 taniwha

54 1437 17 18 of
79 1434 29 19 old
117 1427 3 29 ;
134 1430 39 19 find
187 1429 20 19 of
229 1431 21 15 le
269 1427 189 25 Turi-o-llino-nga-

53 1461 47 20 wari,
110 1459 32 18 the
159 1458 63 23 tupua
237 1454 21 18 of
279 1453 134 28 Wai-irohia;
430 1454 40 18 and

54 1489 16 17 ~f
80 1482 171 23 ]line-i-wharona
261 1481 21 17 at
291 1479 28 19 Te
334 1479 136 19 Puta-kotare

54 1521 10 11 u
70 1514 21 17 ho
101 1512 15 18 is
126 1505 31 28 iho
167 1510 70 23 patron
247 1506 72 18 demon
328 1505 21 19 of
359 1505 40 19 eels
406 1505 4 28 ;
429 1506 40 18 and

54 1540 47 19 those
112 1534 62 20 which
185 1533 48 19 bear
242 1532 36 18 her
291 1531 64 23 mark,
377 1531 65 19 which
453 1532 17 18 is

53 1573 8 11 a
72 1564 54 19 stripe
136 1568 21 12 or
166 1559 59 23 baud,
237 1564 33 12 are
286 1557 69 19 sacred
371 1557 46 23 eels,
430 1558 39 18 and

54 1594 42 16 must
152 1587 23 18 be
185 1584 75 20 cooked
276 1583 40 20 and
336 1586 58 17 eaten
413 1584 20 18 in
444 1591 24 11 an

54 1617 82 19 ordinary
148 1618 80 13 manner
246 1617 22 12 or
287 1610 39 19 evil
345 1610 41 20 will
402 1610 67 24 surely

54 1649 45 13 come
110 1646 49 19 upon
171 1638 33 18 the
222 1636 77 26 people.

75 1666 66 21 Friend
150 1662 3 25 !
168 1665 57 18 Some
244 1669 45 12 men
317 1662 21 19 in
348 1662 40 19 this
407 1662 62 19 world

54 1700 67 17 possess
148 1690 79 20 wisdom
246 1688 40 19 nnd
306 1695 54 12 some
383 1688 25 19 do
427 1692 41 15 not.

53 1721 54 19 There
119 1724 31 13 are
159 1723 65 17 many,
236 1721 48 18 very
299 1721 62 17 many
371 1712 96 27 pakehas,

53 1747 38 18 who
100 1745 74 25 despise
184 1742 38 19 and
233 1741 63 24 laugh
307 1743 20 17 at
338 1747 36 12 our
390 1741 79 18 ancient

53 1771 112 25 knowledge,
180 1768 39 19 nnd
237 1767 54 24 truly
300 1767 17 18 is
336 1766 45 19 that
399 1766 56 19 know-

53 1798 49 24 ledge
112 1804 10 12 a
131 1796 72 19 hidden
214 1794 59 24 thing
287 1794 51 17 from
358 1793 48 18 such
416 1799 52 12 men.

53 1825 34 18 lint
96 1830 35 16 you
141 1822 43 19 who
194 1826 78 19 possess
279 1820 34 18 the
322 1818 117 20 kura'huna
448 1819 22 18 of

53 1844 61 25 Tain'ui
124 1848 36 19 and
172 1848 20 17 of
206 1845 109 24 Takitimr,
336 1845 39 19 and
394 1845 11 19 I
425 1845 43 19 who

53 1876 48 19 know
118 1875 32 19 the
174 1873 74 24 history
267 1872 20 19 of
307 1871 162 19 Mntaatua—we

53 1902 32 19 will
95 1901 39 18 talk
144 1899 91 25 together
244 1898 22 19 of
281 1898 34 18 the
326 1897 49 25 days
389 1898 20 18 of
428 1897 39 22 old,

53 1928 31 18 mid
95 1934 36 17 you
141 1925 51 19 shall
201 1925 48 19 hear
262 1924 20 19 of
301 1930 37 12 our
357 1923 72 19 arrival
448 1924 20 17 in

53 1954 33 19 this
95 1952 42 20 land
148 1954 73 21 twenty
229 1951 48 24 long
287 1950 128 24 generations
423 1955 38 19 ago

53 1980 37 18 And
100 1979 19 18 of
134 1978 33 19 the
185 1977 71 25 people
276 1977 66 17 whom
362 1983 29 11 wo
406 1975 62 19 found

54 2005 99 19 line-and
171 2004 20 18 of
210 2003 57 19 those
286 2002 69 24 things
374 2002 44 18 that
435 2008 33 12 are

54 2031 91 25 troubling
152 2028 250 27 you—therua-kohuund
412 2034 45 12 uniu-

54 2058 44 18 kulia
117 2057 35 18 and
188 2055 126 24 whakapavu
326 2054 78 19 wahine
429 2053 39 19 aud

53 2090 49 18 many
113 2083 69 19 others.
212 2081 46 19 And
267 2087 40 18 you
317 2079 52 19 shall
388 2080 58 18 make
458 2086 10 12 a

54 2110 49 21 hook,
108 2115 45 13 even
159 2115 12 12 a
179 2108 56 23 large
242 2107 52 18 book
300 2107 20 17 of
329 2106 55 18 these
393 2106 74 24 things.

54 2135 37 19 And
100 2135 40 19 that
150 2133 50 19 book
218 2133 51 18 shall
288 2133 77 18 remain
384 2131 31 20 for
433 2138 36 12 our

53 2161 117 19 descendants
176 2158 19 26 to
203 2159 71 25 gather
282 2158 119 25 knowledge
410 2159 57 20 from,

53 2194 39 12 oven
103 2188 16 17 in
131 2187 31 18 the
173 2186 48 24 days
232 2187 19 16 to
265 2191 60 12 come.

75 2213 45 19 Such
131 2220 49 10 were
197 2211 33 20 the
249 2210 65 20 words
333 2210 21 19 of
373 2217 24 12 an
417 2210 50 23 aged

54 2239 54 19 friend
115 2239 20 19 of
143 2239 52 18 mine
206 2245 24 12 on
245 2237 34 19 the
298 2236 90 19 occasion
408 2236 20 19 of
438 2236 31 19 his

55 2265 27 19 last
94 2265 39 19 visit
151 2267 18 16 to
190 2271 35 12 me.
246 2264 57 18 when
323 2262 25 19 he
367 2269 51 18 gave
438 2268 30 13 me

54 2297 49 18 many
114 2290 89 19 valuable
223 2289 129 25 genealogies
371 2288 40 19 and
430 2291 31 16 t.r.i-

54 2316 63 20 ditions
127 2317 19 18 of
155 2317 33 18 the
197 2323 44 12 men
252 2316 20 19 of
282 2315 112 19 Mataatua.
423 2314 21 19 It
453 2314 17 18 is

54 2345 17 17 to
79 2343 27 18 his
124 2343 49 18 keen
192 2343 82 18 interest
293 2342 20 17 in
333 2341 47 18 such
401 2341 69 23 things

54 2369 34 18 that
102 2366 3 21 1
117 2376 38 11 owe
166 2368 57 19 much
235 2368 19 19 of
265 2368 33 18 the
307 2370 74 15 matter
401 2366 67 19 herein

54 2394 56 26 given,
122 2395 31 18 but
167 2395 7 17 I
185 2396 68 22 regret
271 2396 20 16 to
302 2399 34 18 say
347 2393 44 19 that
399 2393 25 19 he
434 2393 36 18 has

55 2421 28 18 left
94 2421 31 18 the
134 2420 70 19 World
214 2421 21 18 of
244 2419 64 26 Light
321 2419 40 19 and
371 2419 37 19 has
418 2425 52 18 gone

55 2451 16 14 to
79 2446 38 26 join
136 2448 31 16 the
185 2453 43 12 men
245 2446 20 19 of
281 2446 31 19 old
331 2446 20 18 of
369 2445 66 19 whom
446 2445 24 17 he

54 2472 49 20 Joved
113 2475 19 17 to
141 2472 47 20 talk.
220 2473 45 23 .May
277 2472 33 18 his
327 2471 52 19 lines
396 2471 24 19 be
429 2472 42 17 cast

56 2499 14 17 in
80 2499 82 24 pleasant
180 2499 64 24 places
263 2499 19 17 in
303 2498 34 18 the
359 2497 111 19 Concealed

56 2525 47 18 Lund
113 2525 20 19 of
142 2526 60 17 Tank.
232 2525 44 17 And
287 2525 31 17 his
327 2523 39 20 last
376 2523 65 19 words
451 2525 20 16 to

55 2556 25 13 me
89 2558 45 11 wire
145 2551 54 19 these
207 2551 4 19 :

78 2577 12 18 0
101 2577 35 19 Son
147 2575 3 26 !
164 2577 28 19 Bo
201 2579 70 22 strong
278 2579 20 16 to
306 2576 81 19 endure.
404 2575 67 18 Think

56 2605 26 16 not
94 2603 18 18 of
122 2603 31 19 the
165 2603 59 18 world
235 2604 20 16 of
265 2602 70 25 to-day
343 2602 32 19 for
383 2602 16 18 it
409 2601 16 19 is
434 2601 38 18 full

56 2628 17 18 of
79 2629 41 19 evil.
143 2629 74 19 Rather
225 2629 28 19 let
261 2636 51 17 your
319 2628 99 24 thoughts
425 2630 47 15 turn

56 2657 16 15 to
80 2655 31 17 the
120 2661 65 13 rescue
204 2655 20 19 of
242 2661 34 13 oui
300 2657 101 15 ancestors
420 2653 52 19 from

56 2679 84 25 oblivion,
156 2681 43 19 that
218 2681 27 19 all
254 2687 46 12 men
319 2686 45 18 may
382 2680 60 18 know
453 2679 21 18 of

56 2706 44 19 their
110 2710 52 19 great
178 2707 63 22 deeds,
270 2707 70 18 Listen
348 2705 4 24 !
381 2706 21 19 It
413 2712 40 13 was
462 2705 12 19 I

56 2732 37 19 who
102 2733 70 25 taught
180 2740 40 18 you
228 2733 35 20 the
272 2733 34 20 old
322 2732 99 25 proverb:
442 2732 31 19 Ka

56 2764 10 12 n
75 2761 20 16 nti
110 2758 21 19 bo
139 2759 135 24 tetedcura,ka
282 2759 67 18 orahe
357 2757 116 20 tete-kura.'

57 2782 14 19 E
85 2784 61 19 rama!
160 2785 54 20 Who
223 2785 71 20 indeed
308 2785 16 18 is
341 2785 56 18 there
414 2786 21 17 to
445 2784 29 18 fill

58 2810 4 26 ]
122 2811 38 18 ice?
181 2811 44 20 No!
241 2812 57 24 They
313 2811 51 19 have
380 2810 28 19 all
422 2816 52 18 gone

58 2834 5 19 1
135 2838 38 18 and
181 2843 45 14 now
235 2837 11 20 I
263 2840 33 16 too
314 2843 31 12 am
364 2836 68 25 going.
458 2836 17 18 E

58 2862 26 18 noi
109 2862 3 24 '
132 2863 77 19 Remain
219 2864 21 18 in
249 2863 42 20 this
307 2862 67 24 world,
395 2862 16 19 0
422 2862 40 19 Son
470 2862 4 24 !

57 2886 74 21 Remain
143 2890 17 17 in
172 2895 64 19 peace.

80 2915 8 13 s
89 2916 13 15 'o
120 2916 37 17 this
177 2916 32 18 old
229 2916 83 18 warrior
329 2914 73 26 passed
419 2921 56 18 away

58 2939 19 18 f:i
86 2947 14 12 m
108 2941 26 17 thi
150 2939 3 22 i
160 2942 50 19 Ireat
219 2942 70 19 White
301 2941 72 19 World
380 2941 32 19 for
423 2947 52 13 ever.

59 2970 6 21 J
157 2973 13 19 R
183 2973 49 20 koro
244 2970 28 25 E!
296 2973 50 19 Mou
361 2975 19 16 te
397 2973 28 19 tai
435 2975 39 20 ata,

153 3000 58 19 uioku
221 3002 19 17 te
251 3000 27 18 tai
287 3006 27 19 po
322 2999 5 19 !

87 3047 39 18 Tin:
141 3048 55 18 First
207 3049 80 17 Taking
305 3053 24 13 of
337 3048 103 18 OruxAitA.

80 3078 44 19 This
134 3080 42 19 teds
185 3081 21 18 oE
215 3080 33 19 the
260 3080 31 19 old
311 3080 166 24 battle-grounds

60 3106 15 15 (i
90 3104 58 20 Inline
158 3106 39 19 and
205 3106 122 25 Ngati-Apa
336 3106 21 18 in
373 3106 34 18 the
427 3106 50 24 days

61 3130 17 18 of
87 3130 35 19 old.
147 3132 40 19 The
205 3139 59 12 cause
282 3133 21 18 of
320 3132 35 19 the
375 3138 41 13 war
437 3138 40 13 was

60 3155 27 19 the
97 3156 67 27 killing
176 3159 19 18 of
204 3158 162 19 Tahaki-a-niua
379 3158 21 18 of
406 3158 70 18 Tuhoe

60 3179 22 26 by
89 3182 149 26 Ngatimanawa
249 3186 21 17 at
277 3184 131 19 Ruatahuna.
421 3184 56 19 Grief

61 3207 26 19 off«
95 3206 1 28 i
105 3214 10 8 ••
124 3206 351 28 dWhakarotu,thewifeofTahaki,

62 3234 32 18 aiid
103 3234 32 20 she
145 3241 39 13 suit
196 3236 31 19 for
237 3236 28 18 To
281 3236 95 19 Arohana
388 3236 39 18 and
438 3236 28 18 Tu-

62 3260 26 18 ton
98 3260 14 27 :n
125 3261 18 19 of
153 3262 67 19 Tuhoe
232 3264 19 17 to
270 3269 78 18 avenge
367 3262 34 18 the
418 3262 61 18 death

63 3285 17 18 of
86 3285 32 20 her
136 3287 96 20 husband.
267 3288 56 25 They
339 3288 81 25 agreed,
440 3288 39 18 and

63 3310 38 20 then
112 3319 52 13 arose
174 3314 68 19 Tuhoe
251 3314 40 20 and
303 3321 54 12 came
365 3316 20 16 to
393 3314 27 19 To
428 3314 41 18 I'ae-

63 3336 149 23 whakataratara
226 3340 27 25 by
270 3341 34 17 the
319 3340 34 19 old
367 3347 40 12 war
423 3340 57 19 track

64 3361 42 21 from
115 3364 120 21 Ruatahuna
245 3368 20 17 to
280 3366 125 20 Whirinaki.
434 3367 45 17 And

65 3387 71 28 looking
146 3391 54 19 down
211 3392 51 19 from
272 3392 46 20 that
324 3394 59 23 great
388 3392 35 19 hill
433 3392 48 25 they

66 3412 60 23 boheld
137 3417 32 19 the
178 3417 62 19 broad
250 3418 67 25 valley
329 3419 20 17 of
359 3417 120 26 Rangitaiki

66 3441 32 18 and
108 3442 31 19 the
148 3443 66 19 Bmuke
221 3445 77 23 arising
310 3445 51 17 from
368 3444 33 18 the
408 3445 45 17 fires
460 3444 21 18 of

65 3465 28 20 the
102 3474 71 19 enemy,
185 3470 33 18 the;
225 3470 132 19 descendants
362 3470 21 18 of
389 3470 81 18 Toi-kai-

65 3492 55 21 rakau
129 3495 35 18 and
177 3495 20 19 of
208 3495 151 25 Manawa-uha,
369 3496 21 19 of
396 3495 83 20 Where

66 3518 62 25 pakau,
140 3521 38 18 and
187 3522 111 24 Apa-koki.
322 3522 45 19 And
378 3522 21 18 of
409 3519 70 28 Tahgi.

65 3542 63 22 haruru
140 3547 19 18 of
169 3547 38 24 old,
220 3548 50 23 wdio,
283 3548 48 19 with
347 3548 34 19 the
392 3551 90 16 ancestor

65 3569 36 26 Apa
113 3572 40 19 slew
164 3573 33 20 the
213 3574 87 24 original
317 3574 71 24 people
407 3574 21 19 of
447 3574 35 18 the

67 3595 43 20 loud.
144 3598 53 20 Then
224 3600 69 19 Tuhoe
316 3600 72 24 passed
407 3600 75 24 swiftly

66 3619 47 23 down
125 3624 31 19 the
166 3632 76 12 narrow
253 3626 59 24 ridgo
332 3626 44 19 that
395 3626 56 18 leads
462 3629 20 15 to

68 3645 79 24 Tauaroa
155 3652 39 18 and
204 3651 111 25 Kokotahi,
324 3652 66 18 which
398 3652 57 24 ridge
465 3652 17 18 is

66 3671 62 23 known
138 3678 19 17 to
165 3683 23 12 us
197 3678 56 18 asTe
261 3678 208 19 Pewn-a-To-Winire-

67 3699 24 18 lio.
116 3701 37 19 For
162 3703 57 19 when
230 3703 35 19 the
275 3704 54 19 chief
338 3704 28 18 Te
376 3703 106 20 Winirehe

67 3729 29 13 stl%v
107 3727 30 19 the
146 3729 55 19 fierce
209 3732 110 23 war-party
328 3729 86 25 rushing
423 3730 56 18 down

68 3748 18 21 ho
104 3755 74 18 uttered
195 3755 41 19 this
255 3755 156 26 saying:—Kia
423 3756 59 24 penei

66 3775 41 21 taku
117 3785 58 20 pewa,
186 3782 65 18 waiho
262 3784 49 17 tonu
320 3781 35 20 iho
371 3781 31 19 hei
422 3781 61 26 ingoa

66 3807 5 11 ■
73 3807 4 24 r
78 3808 14 23 'f;
112 3807 44 17 laua
182 3807 52 19 wahi
266 3807 26 19 ko
310 3807 28 19 To
364 3807 118 20 Pewa-a-Te

89 3854 89 24 Iliusthe
192 3861 48 17 taua
259 3859 112 19 descended
390 3859 38 19 nnd
449 3866 23 12 nr-

68 3881 46 19 >>vtd
124 3885 19 17 at
153 3883 94 26 Oputara,
268 3886 35 18 the
323 3892 26 19 pa
369 3886 21 18 of
409 3885 62 26 Ngati-

68 3909 81 19 "'nnawa
167 3911 38 18 and
225 3911 128 26 Ngati-Apa.
381 3911 58 20 Then
449 3911 34 19 the

68 3934 39 19 iißnt
122 3934 15 19 hi
145 3942 44 18 gan,
199 3944 21 11 as
227 3937 69 19 Tuhoe
305 3937 85 19 assailed
397 3938 34 18 the
438 3944 45 12 men

68 3963 9 10 (,
79 3966 5 9 t
101 3960 116 26 Whirinaki,
243 3963 123 20 entrenched
392 3963 20 19 in
432 3963 53 19 their

68 3984 59 26 strong
138 3987 42 25 fort,
192 3989 19 19 in
223 3989 96 25 Oputara.
335 3989 39 19 For
385 3990 39 19 two
434 3989 50 25 days

68 4009 28 32 J-ne
103 4010 60 22 battle
172 4014 62 26 raged
244 4015 40 20 and
291 4015 49 21 then
354 4015 34 19 the
398 4022 27 18 pa
441 4015 41 23 fell,

69 4034 58 22 ■luljoe
141 4038 39 21 had
189 4041 74 24 gained
272 4042 36 19 tho
316 4042 76 24 victory
402 4041 40 19 nnd
449 4042 35 18 the

66 4061 47 20 Otnef
122 4064 56 21 taken
192 4073 40 12 was
240 4067 214 25 Hape-boromarania
463 4067 21 18 of

66 4089 14 17 A
86 4089 144 26 gfiti-Manawa,
240 4093 53 20 from
310 4092 64 21 which
393 4094 92 18 ancestor

506 126 65 12 conies
582 119 32 19 l.be
630 118 139 25 Ngatbllapo.
790 119 34 18 Ho
842 125 42 14 was
903 119 35 19 tbo

505 145 54 19 chief
568 145 21 18 of
599 145 56 18 those
665 145 71 24 people
743 145 39 18 and
788 145 27 18 lie
825 152 41 12 was
874 145 64 19 killed

507 170 25 25 by
542 171 69 17 Tuhoe
623 170 40 18 and
674 169 31 20 his
721 170 50 23 body
792 170 78 20 thrown
890 178 48 12 over

505 197 34 17 the
550 196 47 22 cliff,
609 195 45 19 that
664 197 56 24 steep
729 195 42 20 cliff
780 196 82 25 yondor,
874 203 51 18 oppo-

505 222 36 18 site
552 222 27 18 Te
589 221 150 23 Puta-Kotare,
768 223 46 18 Aud
821 223 70 18 Tuhoe
901 230 22 11 re-

504 247 72 19 turned
587 249 20 17 to
620 247 130 19 Bualahuna.

623 280 33 21 [To
668 285 22 11 BE
703 281 113 22 CONTIKOKD.]

1180 58 59 19 THE
1267 59 56 19 HOT
1350 60 91 19 LAKES
1470 60 171 24 CHEONIOLE,
1669 62 189 22 WEDNESDAY..
1887 60 136 20 JANUARY
2051 63 31 21 22,
2099 64 48 17 1896

611 326 36 17 DO
660 326 54 17 YOU
728 326 99 18 SUPPER

694 353 48 17 from

595 380 80 19 LIVER
685 380 155 22 COMPLAINT,

630 404 175 20 INDIGESTION,

623 426 193 22 CONSTIPATION,

635 449 165 21 HEARTBURN,

629 473 175 20 FLATULENCE,

501 494 27 18 Or
536 501 37 16 any
582 496 105 22 symptoms
695 496 20 17 of
724 501 11 12 a
750 496 108 17 disordered
872 496 52 23 diges-

501 518 37 16 tive
547 519 103 22 apparatus
660 518 7 18 ?
691 519 20 17 If
720 525 25 14 so,
755 519 53 17 there
816 519 16 17 is
842 526 25 10 no
882 526 39 12 rem-

500 541 36 22 edy
544 541 20 17 in
573 541 33 18 the
614 542 60 17 world
683 548 19 11 so
712 542 38 17 safe
757 542 38 17 and
804 548 41 11 sure
855 544 19 16 to
892 544 43 22 give

500 564 53 17 relief
569 571 21 10 as
610 564 103 18 Fletcher's
729 565 46 17 Pills
784 566 38 16 and
839 566 95 18 Clements

500 587 63 17 Tonic.
588 588 60 16 Don't
663 588 23 16 lie
708 588 65 17 misled
789 588 41 18 into
852 590 82 23 wasting

500 610 45 17 time
558 610 38 17 and
612 616 69 17 money
696 616 25 12 on
737 617 38 16 any
783 612 21 16 of
819 612 33 16 the
892 613 31 17 All-

500 634 68 21 failing
595 635 94 16 nostrums
693 639 20 12 so
717 634 105 22 speciously
827 635 106 18 advertised

499 656 25 21 by
530 656 102 23 designing
637 656 71 23 quacks
711 656 36 18 and
754 657 96 18 dishonest
858 664 73 17 rogues.

500 679 116 22 Remember,
625 680 52 16 these
683 681 37 15 two
728 681 88 17 remedies
823 681 48 17 have
878 682 55 18 stood

491 702 1 24 ;
500 702 31 17 the
540 703 38 17 test
587 703 19 16 of
618 703 51 19 time,
680 703 42 17 that
728 703 48 17 their
780 704 64 17 merits
853 710 31 11 arc
888 711 33 15 pro-

499 725 41 20 ved,
550 726 38 16 and
597 726 42 17 that
649 732 10 10 a
668 726 36 17 few
713 726 86 22 shillings
811 727 85 18 invested
907 734 24 11 on

498 748 52 18 them
560 754 44 16 may
612 754 43 12 save
672 755 38 16 you
726 750 61 17 weeks
809 750 38 17 and
855 752 76 16 months

500 771 19 16 of
528 771 95 23 suffering,
634 772 43 20 and,
687 773 86 21 perhaps,
786 773 74 22 pounds
869 774 20 17 of
898 780 22 11 ex-

498 800 63 16 pense,
571 795 30 16 for
609 795 45 21 they
662 795 48 16 have
719 795 48 18 done
780 802 21 11 so
808 796 19 17 in
835 796 96 18 hundreds

499 818 20 16 of
526 823 57 15 cases,
593 818 38 16 and
640 824 27 11 we
676 818 39 17 will
729 818 46 17 send
790 825 38 16 you
843 820 88 17 evidence

498 841 20 16 to
526 846 58 16 prove
593 846 35 12 our
635 841 100 17 assertions
741 848 24 10 on
773 842 69 23 receipt
853 843 19 17 of
883 849 48 16 your

498 868 54 12 name
562 863 36 17 and
612 863 82 18 address.
721 864 115 22 Remember,
851 865 56 23 delay
915 867 15 16 is

497 886 112 22 dangerous,
620 887 37 16 and
666 888 42 16 that
717 893 55 17 every
783 889 49 16 hour
839 894 38 16 j'ou
882 895 36 17 neg-

497 909 36 17 lect
542 915 48 16 your
599 915 41 12 case
649 910 32 17 the
690 911 132 21 complication
837 912 92 18 increases

497 933 37 16 and
543 939 12 10 a-
564 938 43 12 cure
613 933 86 17 becomes
705 940 50 11 more
764 934 85 18 difficult.
876 935 53 17 Shun

496 955 33 18 the
535 955 59 23 cheap
604 956 61 22 quack
684 956 74 18 doctors
774 957 38 18 and
828 958 101 22 designing

496 980 85 15 nostrum
593 980 141 21 compounders;
745 980 47 17 stick
798 981 19 16 to
827 981 32 16 the
868 987 48 11 reme-

497 1001 39 17 dies
545 1002 94 16 Clements
648 1002 57 18 Tonic
710 1003 38 17 and
764 1004 103 17 Fletcher's
875 1004 53 17 Fills.

496 1024 52 23 They
558 1030 31 12 are
605 1025 106 23 absolutely
725 1027 86 22 genuine,
830 1027 37 17 and
882 1027 47 17 have

496 1048 71 21 proved
579 1048 50 17 their
637 1048 76 24 efficacy
719 1049 19 16 in
748 1049 95 18 hundreds
853 1051 19 16 of
879 1056 50 11 cases

496 1070 37 17 and
542 1071 38 17 will
590 1071 23 17 do
623 1077 19 11 so
652 1077 55 17 every
713 1072 51 17 time.
790 1073 51 22 They
851 1079 31 12 are
888 1073 40 18 sold

496 1094 118 21 everywhere
632 1095 36 16 and
686 1095 54 17 made
757 1096 45 21 only
817 1096 26 23 by
860 1097 21 17 F.
900 1097 26 16 M.

496 1117 99 20 Clements,
604 1117 106 21 Newtown,
719 1119 80 21 Sydney.

519 1169 38 17 The
566 1169 43 17 date
625 1184 16 2 _.
655 1169 1 22 .
671 1169 1 22 .
700 1184 14 1 ...
724 1169 2 22 ,

495 1192 39 17 riao
542 1192 72 20 Estate,
633 1199 45 10 near
691 1193 123 22 Whokatane,
832 1194 33 17 has
882 1195 46 16 been

495 1215 71 17 altered
575 1216 47 16 from
632 1216 32 17 the
674 1216 40 17 19th
720 1216 96 23 February
820 1218 19 16 to
846 1218 32 16 the
886 1218 42 16 12th

495 1238 101 23 February.
615 1239 38 17 The
660 1239 59 17 ballot
726 1239 107 24 takesplaco
842 1241 19 16 in
865 1241 51 17 Auck-

494 1261 45 17 land
547 1266 24 13 on
581 1261 32 18 the
622 1261 49 18 14th.
696 1263 26 16 As
731 1263 32 16 the
771 1263 45 17 land
829 1264 15 16 is
859 1264 20 17 of
895 1270 22 11 ex-

495 1285 67 16 cellent
569 1285 73 22 quality
651 1286 31 15 the
689 1286 128 17 Government
825 1286 103 23 anticipate

495 1307 41 17 that
545 1308 53 16 there
608 1308 38 17 will
655 1308 23 17 be
689 1315 11 10 a
710 1309 49 17 srood
771 1309 80 17 demand
865 1310 30 16 for
907 1310 21 16 it.

494 1331 44 17 This
546 1331 16 17 is
570 1331 33 17 the
615 1331 2 17 :

495 1353 128 18 Government
629 1362 19 9 111
658 1362 31 9 me
698 1362 99 10 .aaicKiana
809 1362 74 12 district
899 1362 30 11 lor

494 1377 81 22 disposal
585 1377 59 18 under
653 1378 32 17 the
697 1378 55 17 Land
766 1379 30 16 for
805 1379 121 17 Settlements

493 1399 42 18 Act.

519 1456 155 21 FIREWOOD
684 1456 3 21 !
736 1456 164 21 FIKEWOOD!

590 1508 77 20 RATA
680 1515 42 13 and
736 1509 90 20 TAWA.

493 1543 109 20 Delivered
621 1545 29 24 \>y
669 1545 84 19 Kusabs
772 1545 58 19 Bros,
848 1547 20 19 to
887 1553 39 16 any

493 1573 46 22 part
551 1571 21 18 of
584 1571 34 19 the
630 1571 99 25 township
739 1575 20 15 at

565 1596 86 20 Lowest
664 1596 99 20 Current
775 1597 76 19 Rates.

519 1622 74 19 Orders
604 1623 92 19 received
708 1627 20 15 at
738 1623 34 20 the
782 1625 67 23 yards,
859 1624 53 19 Hine-

493 1655 44 13 mou
548 1648 71 19 Street.

619 1701 19 19 N
658 1701 100 20 OTIC
772 1702 23 18 E.

505 1775 15 22 JL
560 1779 48 24 paid
618 1783 20 14 to
653 1779 88 20 Kctorua
750 1787 33 11 :

493 1810 79 20 Double
585 1811 92 19 Wooden
689 1811 106 24 Bedstead,
812 1812 35 18 22s

532 1852 11 8 „
581 1837 50 18 Iron
729 1852 12 9 ~
812 1839 35 17 40s

532 1878 11 8 ~
553 1863 188 24 Brass-mounted,,
758 1865 42 21 48s,
812 1865 40 21 68s,
865 1865 35 16 SOs

492 1889 48 19 Best
551 1890 76 18 double
638 1890 47 18 wire
694 1890 124 23 Mattresses,
832 1891 34 16 2:is

554 1930 11 9 „
631 1916 40 17 ilax
738 1930 11 8 ~
832 1917 34 17 24s

555 1956 10 8 ~
632 1940 74 26 Kapok
718 1942 43 18 Bed
771 1944 35 16 40s

597 1968 55 19 Cash
672 1974 55 12 with
741 1968 78 19 Order.

518 1994 177 25 Paperhangings,
708 2001 10 11 a
729 1994 56 24 large
797 1994 62 18 stock,
877 2000 50 19 very

492 2020 69 25 cheap.
591 2020 53 19 Send
656 2020 30 19 for
696 2024 97 20 patterns.

510 2055 41 32 T,
575 2054 57 34 Wx
654 2055 254 36 MAUNLJSB,

603 2097 20 17 II
634 2097 17 17 A
663 2096 19 19 M
695 2097 10 17 I
717 2096 15 20 L
742 2097 15 18 T
767 2098 16 17 O
794 2097 25 18 N.

494 2150 228 41 HINEMOA
754 2150 170 42 STORE.

494 2219 162 19 AXriLLIAM
682 2218 106 21 ROGERS
805 2220 74 18 directs
896 2222 20 17 at-

511 2252 5 8 »
526 2241 10 9 *
571 2245 77 19 tention
659 2248 20 16 to
688 2246 34 18 the
732 2246 105 25 following
845 2246 50 18 lines
906 2247 21 18 of

494 2277 169 42 eiiiif
666 2278 92 41 mm
772 2278 154 42 mm®

496 2325 98 25 Bycroft's
605 2326 110 19 Snowdrift
726 2326 51 19 N.Z-
786 2326 63 19 Flour

494 2352 101 20 Sultanas,
607 2352 101 19 Muscatel
715 2352 41 19 and
764 2352 97 19 Valencia
877 2352 50 19 Rai-

494 2404 48 23 Figs
551 2404 39 18 and
602 2404 110 20 Preserved
724 2404 82 26 Ginger,
819 2405 70 24 Spie.'s

494 2431 75 17 Lemon
580 2431 39 17 and
631 2431 81 24 Orange
724 2431 48 18 Peel

550 2456 69 19 White
631 2457 112 22 Sugar—A
759 2457 116 24 Speciality.

497 2483 47 18 New
557 2483 90 18 Zealand
655 2483 7 17 I
670 2483 48 24 >airy
725 2483 145 18 Association's
878 2483 39 18 But-

600 2511 35 16 ter.

520 2535 61 17 TEA.
641 2535 112 18 COFFEE.
809 2535 94 19 COCOA.

496 2584 87 19 General
596 2584 38 18 As.^

670 2588 54 15 inent
741 2584 21 19 of
779 2584 152 24 Storekeeper's

675 2610 73 19 Goods.

556 2662 161 42 HINEMOA
745 2662 125 42 STORE.

496 2734 46 42 TO
557 2734 27 42 &
598 2734 95 42 FROM
712 2734 70 42 THE
809 2734 122 42 BATHS.

572 2857 79 20 BIRSS
668 2866 49 12 runs
736 2866 11 12 a
765 2861 114 23 wagonette
898 2859 36 19 be-

522 2888 15 17 J
543 2895 8 8 %
583 2888 66 16 tween
663 2886 35 18 the
715 2885 39 19 Old
769 2886 110 25 Township
895 2886 39 18 and

499 2912 34 18 the
543 2911 66 19 Baths
619 2911 126 25 throughout
755 2912 35 18 the
800 2911 45 25 day.

500 2973 50 20 Also
572 2973 200 23 Whakarewarewa,
797 2973 74 19 Sodom
895 2973 41 19 and

537 3000 114 19 Gomoriah
661 3000 39 18 and
712 3000 57 18 other
779 3000 66 24 sights
854 3005 49 13 near

664 3026 35 18 the
710 3027 60 17 town.

600 3078 81 22 Fares
695 3077 140 23 Moderate.

502 3133 76 24 Sixth
592 3133 74 23 Year.
715 3133 73 23 Price
798 3133 137 29 Sixpence.

754 3160 86 18 Postage
852 3160 31 18 2d.

548 3318 345 32 ILLUSTRATED

504 3376 165 41 ALMANAC
694 3376 71 42 AMD
797 3376 139 47 DIARY,

645 3448 65 23 FOR
724 3448 68 24 1896.

506 3480 89 19 nPHIS
611 3480 67 19 useful
688 3480 82 19 Annual
781 3480 37 19 has
832 3487 45 12 now
894 3487 34 18 per-

574 3506 103 26 manently
694 3506 63 19 taken
772 3507 27 18 its
816 3506 57 25 place
889 3513 22 12 as
928 3513 12 12 a

505 3532 119 19 Handbook
635 3533 22 18 of
673 3532 56 24 daily
744 3532 102 19 reference
865 3532 21 19 in
905 3532 34 19 the

505 3558 104 24 Counting
619 3558 71 19 House
700 3560 39 17 and
750 3558 73 19 Home.
853 3558 20 19 It
881 3558 17 18 is
905 3558 34 19 the

504 3584 98 19 standard
614 3584 54 19 book
681 3584 20 19 of
711 3584 101 19 reference
828 3584 31 18 for
879 3584 49 19 Busi-

504 3617 47 12 ness
563 3610 55 23 Men,
631 3610 100 23 Farmers,
743 3610 106 22 Mariners,
858 3610 69 19 House-

505 3636 90 25 keepers,
607 3636 40 19 and
659 3636 35 19 the
705 3636 87 20 General
802 3636 78 18 Public.

532 3662 28 19 To
571 3662 25 19 bo
607 3662 40 19 had
666 3662 21 19 of
704 3662 27 19 all
750 3662 130 19 Booksellers
899 3661 42 19 and

506 3688 149 25 Storekeepers.

506 3820 115 20 BARBER
642 3821 60 19 AND
732 3821 70 19 HAIR
807 3821 69 18 DKEs
881 3821 57 23 (SEE,

506 3855 92 43 I)EGS
609 3857 21 18 to
640 3862 105 12 anneunco
755 3855 44 20 that
807 3855 25 19 ho
843 3855 84 20 hnscom-

528 3882 16 15 -'
574 3882 83 19 menced
669 3882 92 24 business
771 3882 21 18 in
804 3882 33 18 the
854 3882 51 24 shop
920 3881 19 18 in

507 3910 33 19 the
557 3908 32 18 old
606 3909 59 21 town,
687 3907 95 25 formerly
802 3907 95 25 occupied
914 3907 27 25 by

507 3935 32 19 Mr
549 3934 124 23 McFadyen,
684 3933 85 23 saddler,
786 3933 42 18 and
842 3933 64 25 hopes
920 3935 21 16 to

508 3961 57 19 merit
577 3967 12 12 a
599 3960 59 20 share
670 3960 21 17 of
701 3959 34 19 the
745 3958 69 26 public
825 3961 88 23 support.

589 3993 159 20 RAZORS
776 3993 76 19 SET.

529 4052 21 19 A
560 4052 84 19 Choice
655 4050 151 19 Assortment
819 4050 27 18 of
857 4050 70 19 Tobac-

506 4081 45 17 cos,
563 4075 86 26 Cigars,
659 4075 131 24 Cigarettes
797 4074 20 18 &
825 4073 116 19 Smoker's

506 4099 139 24 Requisites.

1888 125 28 9 <m
1936 123 40 12 raa
1998 123 32 14 s»a
2051 124 12 12 fi
2088 125 30 11 /s*.
2140 125 39 12 &ma

1195 203 91 19 Tourists
1295 203 41 19 and
1348 203 91 19 Invalids
1449 205 85 24 visiting
1588 203 138 21 Wonderland
1738 205 21 18 of
1769 205 49 19 New
1829 204 92 19 Zealand
1930 203 41 19 will
1978 203 42 19 find
2031 205 34 18 tlio

960 398 79 42 THE
1053 402 51 16 most
1115 400 87 24 elegant,
1214 399 131 20 comfortable
1354 399 40 18 and
1404 400 44 18 best
1458 400 110 24 appointed
1580 398 153 21 establishment
1743 400 21 19 in
1784 400 51 19 Now
1852 400 97 23 Zealand,
1968 400 16 18 it
2003 400 62 25 being
2081 401 76 25 replote
2175 402 125 24 throughout

1428 426 49 18 with
1488 426 34 18 the
1533 428 52 16 most
1599 426 82 17 modern
1696 426 148 19 conveniences.

984 450 57 18 THE
1054 451 93 19 HOTEL
1165 450 18 20 is
1201 451 20 19 in
1242 451 33 19 the
1295 450 115 20 immediate
1425 451 170 25 neighbourhood
1614 452 22 18 of
1654 451 34 19 the
1707 451 71 23 Priest,
1799 451 84 23 Rachel,
1903 451 125 19 Postmaster
2051 452 40 19 and
2107 452 57 19 other
2180 452 67 24 baths,
2266 453 34 18 the

957 476 90 19 curative
1057 477 112 24 properties
1180 477 21 18 of
1211 477 64 19 which
1292 483 34 12 are
1343 476 148 21 workUiamed.
1519 476 54 19 Bath
1585 477 65 18 chairs
1662 477 39 18 and
1712 477 117 19 attendants
1840 483 34 13 are
1884 476 98 25 provided
1992 480 21 15 to
2025 483 77 19 convey
2116 478 88 19 invalids
2220 480 21 17 to
2260 478 40 19 and

957 501 51 19 from
1020 501 34 20 the
1065 503 80 18 various
1157 503 141 19 bath-houses.
1326 502 43 18 The
1380 503 107 18 bedrooms
1498 503 40 18 and
1557 503 86 24 retiring
1665 509 66 12 rooms
1750 510 35 11 are
1804 503 58 19 fitted
1881 502 48 19 with
1958 503 76 24 special
2047 503 74 25 regard
2135 506 21 16 to
2170 504 34 19 the
2220 504 80 23 require

957 532 65 14 ments
1032 529 21 17 of
1061 531 70 22 guests
1141 529 21 17 in
1172 529 69 18 search
1251 529 22 18 of
1282 528 91 19 renewed
1383 529 99 24 strength.

983 553 42 19 The
1039 554 62 18 Baths
1111 557 21 16 at
1143 554 35 18 tho
1187 554 128 19 Sanatorium
1327 554 52 18 have
1391 554 98 18 attracted
1499 561 61 18 many
1569 554 82 19 visitors
1670 555 21 18 of
1710 555 40 18 late
1771 561 9 18 j
1780 561 5 7 r
1786 560 44 13 ears
1838 553 4 26 ;
1869 555 95 24 amongst
1980 554 59 19 those
2053 555 43 19 who
2105 555 52 19 have
2168 555 65 19 found
2242 555 58 19 relief

957 578 32 19 bei
999 579 34 19 tho
1043 579 144 24 convalescent,
1199 586 92 17 nervous,
1302 580 118 22 rheumatic,
1432 580 40 18 and
1482 580 101 25 sleepless.

983 604 91 20 Rotorua
1083 605 17 19 is
1110 605 33 19 the
1162 609 68 15 centre
1248 606 52 18 from
1320 605 63 19 which
1404 605 27 19 all
1451 606 70 24 points
1530 606 22 18 of
1561 606 84 18 interest
1655 606 21 18 in
1693 606 34 18 the
1737 606 95 18 Thermal
1843 606 87 25 Springs
1946 606 86 19 District
2048 612 47 19 may
2109 606 26 19 be
2150 607 93 24 reached,
2260 607 40 19 and

955 631 75 25 special
1039 631 94 19 facilities
1144 638 33 12 are
1187 631 97 25 provided
1294 632 31 18 for
1333 631 57 18 those
1398 631 20 18 in
1429 631 69 19 search
1509 632 21 18 of
1538 631 33 19 the
1583 631 101 19 beautiful
1695 631 41 19 and
1750 631 129 19 marvelious.

1048 663 182 17 MAGNIFICENT
1242 662 177 18 APARTMENTS.
1550 663 85 17 LOFTY
1646 663 146 17 BEDROOMS.
1912 664 116 18 PERFECT
2044 663 162 18 SANITATION.

1099 687 25 17 Jn
1136 686 56 18 short
1201 693 14 11 a
1224 692 124 12 iukst-cxass
1362 685 173 19 Establishment
1545 686 88 25 offering
1641 686 59 25 equal
1711 687 95 18 comforts
1815 688 21 17 to
1846 686 35 19 the
1890 687 45 19 beat
1950 687 65 19 hotels
2025 688 21 17 in
2056 687 87 24 Europe.

1622 718 12 12 o

1194 737 87 23 Suites
1298 737 28 23 of
1338 737 170 29 Apartments
1517 737 68 23 with
1595 738 98 29 special
1707 738 156 23 attendance
1878 738 39 23 for
1933 738 130 24 Families-

955 772 99 25 Spacious
1065 772 127 19 Promenade
1202 772 112 23 Balconies,
1324 772 58 25 Snug
1395 772 90 23 Alcoves,
1497 772 40 18 and
1554 772 127 24 luxuriously
1697 772 110 25 appointed
1817 772 105 25 Prawing,
1942 772 70 24 Music,
2030 773 151 24 Conversation,
2198 772 100 26 Reading,

1406 797 100 26 Smoking
1516 798 38 18 and
1566 798 86 18 Billiard
1662 798 82 19 Rooms.
1772 798 71 19 Baths.

1246 832 116 19 SPECIAL
1376 831 161 20 ATTENTION
1550 833 69 18 PAID
1633 833 33 19 TO
1681 833 118 19 CUISINE
1813 833 59 19 AND
1887 833 126 20 SERVICE,
2028 835 35 22 .gfl

981 864 35 19 All
1026 864 179 20 communications
1218 864 27 25 by
1254 864 61 18 letter
1324 870 22 12 or
1358 864 96 23 telegram
1465 864 42 18 will
1517 864 76 20 receive
1604 866 80 24 prompt
1693 865 106 18 attention.

1079 950 9 8 .
1115 917 58 41 A.
1201 915 208 43 BOULT

1425 974 59 24 (Late
1494 975 21 18 of
1524 974 115 18 Grosvonor
1649 973 68 24 Hotel,
1730 973 97 25 Sydney.)

1986 918 253 54 Manager.

1152 1070 487 60 STREWS

1867 1041 163 42 ROTOROA
2053 1042 92 40 BOOT
2166 1042 26 41 &
2209 1042 91 42 SHOE

2018 1101 125 40 DEPOT,

1055 1430 18 7 **.
1094 1418 118 20 jL-'irst-class
1228 1419 38 19 and
1285 1419 45 19 well
1340 1419 109 26 appointed
1456 1419 72 19 House
1541 1419 120 19 convenient
1670 1421 21 16 to
1701 1419 34 18 tho

952 1470 95 31 HOT
1062 1471 204 33 SPRINGS
1289 1472 33 32 &
1340 1472 236 33 NATUBAL
1593 1470 247 34 WONBKHS,

978 1529 55 18 HOT
1059 1528 91 20 BATHS
1173 1536 26 12 on
1215 1530 34 19 tho
1270 1531 103 24 premises.
1409 1531 42 19 The
1462 1531 97 26 stopping
1568 1531 72 19 House
1649 1531 33 18 for

1063 1559 67 23 THE
1155 1559 62 24 SPA
1240 1561 107 24 HOTEL
1373 1561 168 24 COACHING
1564 1561 164 24 COMPANY.

979 1611 88 19 Coaches
1082 1612 65 19 arrive
1158 1613 53 19 from
1221 1613 70 26 Taupo
1302 1613 117 26 Thursdays
1428 1614 40 19 and
1486 1614 99 25 Sundays,
1596 1614 41 19 and
1650 1613 58 19 leave
1723 1612 32 19 for
1769 1612 71 25 Taupo

952 1638 85 24 Fridays
1047 1638 40 18 and
1097 1637 106 27 Mondays.

1197 1691 195 20 MODERATE
1415 1691 175 21 CHARGES.

1206 1788 111 19 BEFORE
1331 1790 148 19 ORDERING
1491 1790 61 20 ELSE-

1170 1846 107 20 WHERE
1289 1848 58 18 THE
1367 1849 103 19 PUBLIC
1484 1849 56 19 ARE
1559 1849 29 19 IN-

1208 1906 87 20 VITED
1312 1907 33 20 TO
1359 1907 69 20 CALL
1440 1908 60 19 AND
1513 1908 51 19 SEE

1249 1966 68 19 NEW
1331 1967 146 19 MATERIAL
1495 1967 32 19 IN

1250 2075 169 29 COATINGS,

1317 2125 170 29 VESTINGS,

1369 2234 237 29 TROUSERINGS,

1201 2351 31 40 H.
1266 2351 39 39 W.
1343 2350 240 41 NEIGHBOUR'S,

979 2646 40 17 One
1029 2645 36 17 and
1075 2651 11 12 a
1094 2645 41 17 half
1143 2645 54 17 miles
1206 2645 48 17 from
1264 2644 31 17 the
1304 2644 46 17 Post
1360 2644 62 18 Office.
1447 2644 32 18 All
1487 2644 80 19 Coaches
1575 2646 49 16 from
1631 2646 94 20 Tokaanu,
1733 2646 71 22 Napier
1808 2646 37 17 and

955 2668 84 18 Rotorua
1049 2675 31 11 are
1089 2669 38 16 met
1136 2668 26 22 by
1171 2668 33 17 the
1297 2668 87 20 Coaches,
1395 2667 37 17 and
1440 2668 75 17 visitors
1524 2668 95 23 convoyed
1632 2670 19 16 to
1665 2668 32 18 the
1808 2670 38 16 free

1346 2691 20 17 of
1375 2690 74 24 charge.

981 2720 42 19 The
1164 2721 17 17 is
1194 2720 34 18 tho
1240 2719 66 19 Home
1317 2719 20 19 of
1348 2719 33 19 the
1392 2719 87 19 Famous
1495 2720 93 23 Crow's
1604 2720 64 23 Nest
1686 2721 106 27 Geyser,
1810 2721 35 19 the

956 2746 83 18 Witches
1047 2745 101 22 Cauldron,
1163 2745 124 23 Champagne
1300 2745 74 23 Geyser,
1393 2745 60 23 Milky
1468 2746 75 22 Geyser,
1563 2746 106 23 Flesh-pot,
1686 2747 90 23 Porridge
1793 2748 51 20 Pots,

956 2769 122 21 Blow-holes,
1087 2769 86 18 Hannah
1181 2768 76 23 Geyser,
1267 2769 33 17 the
1307 2768 67 18 Lessor
1387 2769 69 17 Crow's
1470 2769 54 20 Nest,
1538 2769 64 18 Venus
1619 2769 56 20 Bath,
1690 2769 74 20 Satan's
1781 2771 64 22 Glory,

957 2792 40 17 Suit
1006 2792 75 23 Spring,
1092 2792 148 21 Paddle-wheel,
1250 2792 37 16 and
1297 2792 70 16 several
1376 2792 53 16 other
1437 2792 61 22 sights
1506 2792 20 17 of
1533 2792 83 17 interest.
1643 2793 76 16 Guide's
1727 2794 28 17 fee
1766 2795 19 16 12s
1802 2794 45 17 each

956 2821 74 16 person.

980 2839 39 17 The
1029 2839 75 17 lITJK.Y
1117 2838 87 18 FALLS.
1229 2837 80 18 Visitors
1319 2839 19 16 to
1346 2838 33 17 the
1470 2838 94 22 conveyed
1573 2839 38 17 free
1620 2839 21 17 of
1648 2839 74 23 charge.

1105 2884 83 18 todation
1197 2885 20 16 at,
1225 2884 32 17 the
1286 2884 38 22 Spa
1373 2884 26 17 all
1406 2884 43 17 that
1464 2890 35 11 can
1515 2885 23 17 be
1556 2885 78 17 desired.
1667 2885 62 23 Every
1745 2886 104 18 Bed-room

958 2908 107 17 over-looks
1074 2908 32 17 the
1115 2908 91 16 Gardens.
1232 2908 76 16 Private
1317 2908 61 16 Suites
1387 2908 20 16 of
1415 2907 129 22 Apartments.
1575 2908 62 23 Large
1651 2909 156 23 Drawing-room
1820 2910 29 17 for

957 2931 74 18 Ladies.
1057 2931 127 19 Comfortable
1193 2931 162 21 Smoking-room.

982 2954 52 17 THE
1047 2952 84 20 MAORI
1145 2954 103 17 CARVED
1262 2954 95 17 PINING
1370 2954 71 16 HALL
1449 2954 50 17 seats
1512 2960 34 11 one
1560 2954 86 17 hundred
1661 2957 76 20 persons
1752 2956 37 17 and
1804 2962 33 12 con-

959 2978 49 16 tains
1017 2977 25 17 all
1052 2978 84 21 separate
1146 2976 60 18 tables
1215 2977 30 17 for
1253 2976 73 23 private
1334 2977 69 21 parties
1412 2982 21 12 or
1444 2977 76 17 friends.

983 3001 52 16 THE
1045 3000 85 18 LARGE
1139 2999 59 22 HOT,
1209 3000 66 17 COLD
1286 3000 14 17 &
1310 2999 77 18 TEPID
1395 2999 139 19 SWIMMING
1539 3001 70 17 BATH
1618 2996 73 27 adjoins
1700 3001 32 18 the
1741 3002 84 18 Bedroon

983 3022 38 19 The
1032 3023 121 18 SULPHUR
1162 3023 70 17 BATH
1241 3023 15 16 is
1265 3023 75 22 equally
1350 3022 102 19 efficacious
1461 3029 20 12 as
1489 3023 32 18 the
1526 3023 74 18 famous
1607 3024 58 17 Priest
1677 3025 45 17 Bath
1731 3025 19 18 of
1758 3025 91 19 Rotorw

983 3046 38 17 The
1031 3046 77 18 TEPID
1122 3046 69 17 BLUE
1204 3046 69 17 BATH
1282 3046 15 16 is
1306 3052 45 16 very
1359 3046 111 23 refreshing.

1171 3070 51 16 ALL
1231 3069 83 17 BATHS
1324 3070 37 16 free
1371 3070 18 16 to
1398 3069 80 18 Visitors
1487 3070 20 17 to
1516 3070 32 16 (he

1013 3092 44 19 The
1068 3093 93 18 Grounds
1171 3099 34 11 are
1218 3092 41 18 laid
1270 3095 35 15 out
1320 3092 20 18 in
1358 3092 66 19 choice
1446 3092 120 25 Rose-beds,
1588 3093 139 23 Shrubberies,
1745 3094 104 20 Beautiful

961 3119 95 23 Flowers,
1067 3118 51 19 Pine
1129 3118 134 24 Plantations,
1275 3118 51 18 Turf
1335 3118 74 18 Tennis
1428 3119 69 23 Lawn,
1514 3119 125 19 Promenade
1660 3120 40 19 and
1720 3119 129 22 Ornamental

961 3145 79 19 Lawns.

1014 3170 58 19 Good
1082 3170 61 19 Grass
1153 3170 113 23 Paddocks,
1278 3170 100 25 Stabling,
1391 3170 66 20 Horse
1468 3171 60 23 Feed,
1540 3172 31 18 &o.

962 3219 117 24 Visitors
1092 3220 136 28 conveyed
1237 3220 54 21 free
1302 3220 27 21 of
1338 3219 94 29 charge
1442 3222 27 21 to
1478 3222 70 21 meet
1559 3220 35 23 all
1611 3221 108 23 coaches
1732 3223 105 28 proceed-

1246 3245 47 29 ing
1306 3247 27 20 to
1349 3246 119 23 different
1484 3248 78 27 parts.

1094 3294 127 23 TARIFF
1232 3294 4 23 :
1255 3295 35 19 10s
1302 3294 56 19 PER
1374 3295 63 19 DAY.
1467 3295 29 19 £2
1514 3297 33 17 10s
1558 3296 55 18 PER
1626 3296 93 20 WEEK.

988 3343 80 25 Special
1075 3343 125 20 concessions
1207 3345 20 16 to
1235 3343 96 19 Families
1338 3343 38 19 and
1385 3343 55 26 large
1449 3345 76 24 parties
1531 3345 86 25 making
1624 3351 12 13 a
1643 3345 125 25 lengthened
1774 3349 51 23 stay.

1395 3375 27 12 -

962 3392 87 20 Visitors
1061 3398 45 19 may
1117 3392 123 24 confidently
1251 3394 61 17 count
1321 3399 54 18 upon
1385 3399 59 19 every
1454 3400 46 13 care
1510 3394 40 19 and
1560 3394 99 19 attention
1670 3397 19 16 to
1700 3396 53 19 their
1759 3396 92 24 comfort,

1265 3418 40 19 and
1315 3419 75 24 civility
1399 3420 50 18 from
1459 3420 35 18 tho
1505 3420 54 19 staff.

1067 3444 117 19 First-class
1193 3444 71 18 Table.
1397 3445 127 20 Abundanco
1534 3446 21 19 of
1564 3446 59 19 Fruit
1633 3446 20 20 in
1664 3447 81 20 Season.

962 3470 42 19 Tea
1014 3470 40 19 and
1065 3470 68 20 Coffee
1143 3470 71 18 served
1226 3470 20 18 in
1263 3470 34 19 the
1314 3470 78 25 Dining
1407 3471 49 19 Hall
1476 3472 105 25 mornings
1600 3473 40 19 and
1657 3474 122 19 afternoons.
1816 3474 33 19 No

1333 3499 57 17 extra
1400 3497 81 26 charge.

1096 3548 104 32 the
1254 3534 106 48 s^l:
1364 3534 26 28 r
1390 3535 242 48 c6lußma
1655 3552 63 32 co.

1141 3589 45 17 Run
1195 3590 82 18 Coaches
1286 3591 19 16 to
1315 3590 31 17 the
1355 3590 98 23 following
1460 3591 64 22 places
1533 3592 20 16 of
1560 3589 87 24 interest:
1650 3603 24 1 —

964 3620 134 27 Tokaami,
1108 3620 117 26 Thursdays
1235 3621 40 18 and
1291 3621 98 24 Sundays.
1418 3622 51 19 Fare
1480 3624 28 18 ss.

967 3646 136 23 Wairakei
1117 3646 121 30 Geysers,
1249 3647 61 25 daily,
1322 3647 92 25 Sundays
1425 3648 100 19 included.
1554 3649 52 19 Fare
1616 3651 22 17 2s
1647 3650 33 19 6d.

963 3678 151 17 ARATEATEA
1124 3678 99 21 RAPIDS;
1234 3679 57 21 daily.
1317 3679 47 16 Fare
1376 3680 19 15 3s
1404 3679 29 18 6d.

964 3700 144 21 ROTOKAWA
1120 3700 124 19 SULPHUR
1255 3702 76 16 LAKE.
1357 3702 47 17 Fare
1413 3703 19 16 7s
1440 3702 30 20 (id,
1481 3708 37 14 any
1527 3703 51 17 time.

1863 1429 19 19 A
1903 1430 66 26 Largo
1989 1432 61 20 Stock
2070 1435 21 17 of
2108 1434 94 24 German,
2220 1433 77 19 French

1932 1458 41 19 and
1983 1458 92 20 Colonial
2085 1459 62 20 Boots
2157 1460 76 24 always

2027 1486 22 18 in
2066 1486 67 19 Stock.

1863 1520 68 20 BEST
1940 1520 151 22 MATERIAL.
2128 1523 69 20 BEST
2206 1524 90 19 WORK.

1942 1558 159 20 AUCKLAND
2111 1560 107 19 PRICES.

1865 1606 164 25 Hand-sewn
2039 1608 78 24 Boots
2127 1616 15 16 a
2157 1609 138 30 Specialty.

1891 1669 115 24 Visitors
2016 1672 27 21 to
2056 1671 46 22 the
2116 1672 54 22 Hot
2178 1672 91 23 Lakes.

1892 1748 176 47 Palace
2104 1750 161 55 Hotel,

1945 1806 11 18 d
1981 1806 18 19 in
2027 1807 33 19 the
2084 1807 49 18 New
2158 1808 137 19 Government

1863 1832 106 24 Township
1987 1839 19 12 in
2023 1840 53 12 ciOse
2096 1840 26 19 pre
2133 1835 70 18 ximitv
2223 1837 21 16 to
2263 1834 34 20 the

1863 1857 70 24 Baths,
1952 1858 63 19 Sanat
2031 1859 56 21 tium.
2108 1860 45 19 Post
2179 1856 61 24 Office
2258 1861 38 19 and

1889 1936 42 19 The
1942 1937 60 18 Hotel
2015 1938 17 19 is
2050 1938 125 26 luxuriously
2191 1939 105 19 furnished

1863 1963 38 18 and
1914 1970 27 12 rei
1952 1963 39 19 lete
2003 1966 46 17 with
2056 1971 58 18 every
2124 1965 135 23 convenience
2268 1966 30 18 for

1864 1989 85 18 touiists
1960 1990 37 18 aid
2009 1990 75 19 others,
2114 1992 17 18 p
2155 1998 15 13 <ji
2182 1992 90 19 tninands
2288 1998 9 12 a

1863 2015 92 25 splendid
1967 2023 44 12 view
2026 2018 21 18 of
2058 2017 33 18 the
2100 2017 56 19 Lake
2167 2018 37 19 and
2215 2018 16 19 is
2241 2018 45 19 with-

1863 2041 20 19 in
1895 2049 44 17 easy
1952 2049 66 12 access
2032 2042 21 20 of
2070 2043 33 19 the
2120 2045 78 24 G<-yser
2214 2044 83 26 Springs

1863 2067 220 22 of.Wnaknrewarewa
2092 2076 10 12 a
2120 2071 12 18 d
2144 2071 24 18 ..II
2183 2070 33 20 the
2235 2070 63 25 sights

1896 2093 33 20 the
1940 2094 85 20 district.

1878 2120 32 19 All
1922 2120 105 25 telegrams
2041 2120 1 25 •
2055 2120 1 25 ■
2077 2129 31 16 tup
2124 2126 16 15 [i
2153 2123 96 20 attended
2257 2126 27 17 to.

1999 2213 170 18 PROPRIETOR.

1896 2263 183 45 Robert
2113 2263 157 45 Wake

1914 2325 50 18 EGS
1973 2327 20 17 to
2002 2326 93 17 intimate
2103 2325 46 18 that
2159 2326 25 17 lie
2201 2326 38 18 has
2255 2333 44 12 now

1866 2376 96 26 premises
1978 2377 21 18 in
2017 2377 77 19 Fenton
2112 2377 72 24 Street,
2201 2378 99 26 (opposite

1866 2404 35 17 the
1910 2403 70 19 Grand
1990 2402 80 26 Hotel,)
2081 2401 39 22 arid
2131 2404 37 18 has
2177 2411 12 11 a.
2195 2404 56 24 large
2262 2404 38 19 and

1867 2429 44 19 well
1922 2429 90 19 assorted
2023 2429 55 19 stock
2089 2430 21 19 of
2124 2429 34 20 the
2178 2430 109 19 undermen-

1867 2455 68 19 tioned
1946 2455 68 24 goods,

1868 2490 67 41 FOR
1957 2490 87 41 CASH
2060 2491 25 40 &
2096 2490 88 41 CASH
2199 2490 101 42 ONLY,

1894 2545 49 19 This
1954 2545 52 19 Rule
2018 2545 41 19 will
2077 2547 22 17 he
2116 2545 78 25 strictly
2213 2546 89 19 adhered

1868 2574 20 16 to
1900 2578 21 12 so
1932 2578 25 12 uo
1968 2578 38 12 oue
2016 2571 51 19 need
2080 2571 2 20 I
2091 2578 11 12 e
2112 2572 95 18 offended
2215 2573 15 17 if
2240 2573 63 18 credit

1868 2598 17 18 is
1898 2597 86 19 refused.

1868 2632 84 23 Men's
1964 2632 126 29 Mercery,
2100 2632 75 28 Hats,
2188 2633 42 23 &c.

1872 2663 83 22 Men's
1971 2663 52 22 and
2037 2663 77 29 Eoys'
2131 2663 122 30 Clothing

1975 2712 13 10 ~
2101 2695 79 22 Boots
2191 2695 22 22 &
2224 2695 79 24 Shoes

1870 2725 137 27 Blankets,
2022 2725 80 29 Bugs,
2114 2725 97 29 Prints,
2227 2726 61 23 Flan-

1924 2757 122 27 nelettes,
2058 2759 47 21 etc.

1872 2789 115 27 Saddles,
1999 2789 109 27 Bridles,
2124 2790 47 22 etc.

1984 2859 104 25 Complete
2098 2860 61 19 Stock
2170 2861 21 18 of

1873 2889 91 30 Fancy
1978 2889 91 28 Goods,
2088 2889 151 32 Stationery
2255 2892 51 23 and

1925 2921 86 23 Books

1874 2953 194 23 Tobacconist's
2084 2953 92 29 Goods,
2188 2956 47 21 etc-

1875 2985 113 23 Musical
2004 2985 178 23 Instruments

1874 3015 111 29 Wishing
2000 3015 95 23 Tackle

1860 3040 1 37 i
2002 3047 71 29 glass
2082 3047 21 23 &
2110 3048 80 29 Lamp
2199 3048 107 29 glasses.

1860 3086 106 45 (LARGE
1982 3099 60 19 AND
2073 3099 234 22 WELL-ASSORTED

2020 3131 88 19 STOCK
2122 3131 35 19 OF

1889 3163 185 26 BIRTHBAY,
2105 3163 93 24 XMAS
2225 3163 70 24 ANB

1928 3194 80 23 NEW
2028 3194 93 23 YEAR
2142 3195 111 24 CARBS.

1915 3246 66 19 Maori
1995 3246 71 19 Curios
2077 3246 21 21 in
2109 3248 62 18 Great
2180 3248 91 25 Variety.

1940 3298 119 19 First-class
2076 3299 86 19 Billiard
2172 3300 70 19 Table.

1875 3345 149 26 Prescriptions
2035 3347 108 24 dispensed
2154 3348 25 23 by
2187 3354 12 12 a
2209 3347 100 21 Qualified

2034 3372 90 19 Chemist
2135 3375 20 17 at

1954 3404 127 32 ROBERT
2098 3404 136 32 WAKE'S.

2012 3457 161 24 ROTORUA.

990 3783 145 42 JECKLIN
1169 3784 25 39 &
1227 3784 146 43 COTTER,
1409 3774 1 53 i
1464 3774 95 41 **■
1592 3775 205 50 iMfgfi

1018 3917 80 18 AiiAWA
1122 3916 91 24 StIVEET,
1237 3916 107 19 ROTOHTJA.

993 3966 58 19 Have
1060 3966 22 18 to
1092 3963 64 21 tbauk
1170 3964 34 20 the
1213 3963 75 21 Public
1304 3963 21 21 of
1339 3964 44 20 Goto-

967 3999 34 13 rua
1016 3992 29 18 lot
1060 3993 45 22 past
1113 3991 85 19 f'avcura
1208 3989 37 21 arid
1260 3990 36 25 beg
1307 3993 20 16 to
1345 3994 53 16 state

967 4019 47 24 they
1028 4017 38 19 will
1085 4024 27 10 er«i
1123 4018 58 18 tiuue
1200 4019 21 16 to
1239 4016 57 20 merit
1315 4018 84 24 support

967 4046 23 25 by
1004 4043 105 27 providing
1121 4043 34 19 the
1167 4042 44 20 best
1219 4041 110 28 qualityjjof
1346 4046 52 16 ineut

1039 4093 34 19 AT
1088 4091 118 22 LOWEST
1221 4092 105 20 PRICES.

1550 3841 171 24 FRUITERER.

1446 3876 57 19 Next
1514 3876 99 20 Saddler's
1627 3877 55 25 shop,
1693 3879 133 21 Oltinemutu.

1423 3908 42 19 Has
1477 3909 74 24 always
1566 3916 11 11 a
1593 3909 51 24 geed
1659 3911 72 24 supply
1748 3912 21 18 of
1789 3912 63 20 Fresh

1495 3935 65 23 Fruit,
1571 3935 49 19 both
1635 3935 49 19 local
1694 3938 38 18 and
1744 3937 22 20 im-

1547 3960 70 26 ported
1630 3968 23 12 on
1666 3961 58 21 hand.

1590 3987 89 24 Also,

1545 4013 17 18 A
1585 4013 42 18 well
1639 4015 89 19 assorted

1475 4038 56 19 stock
1543 4039 21 18 of
1575 4038 85 25 Biscuit,
1673 4041 117 19 Confection-

1421 4071 34 19 ery
1467 4065 39 19 and
1517 4066 92 18 Summer
1623 4065 76 21 Drinks
1712 4069 21 17 at
1748 4068 106 20 Moderate

1599 4092 75 20 Priceo.

2064 3517 13 11 J.
2081 3517 9 11 J.
2094 3517 26 11 Li'j

1875 3535 430 88 Langham.

1898 3631 49 23 (One
1953 3632 88 18 minute's
2050 3633 50 17 walk
2108 3634 49 17 from
2164 3634 33 17 the
2203 3633 72 20 Govern-

2027 3656 52 18 ment
2088 3657 74 22 Baths.)

1903 3742 45 23 35s
1956 3750 45 22 per
2020 3744 88 27 v/eek;
2128 3745 29 23 6s
2171 3752 47 22 per
2225 3745 57 30 day.

1905 3773 60 23 Two
1976 3774 90 23 weeks
2076 3782 27 15 or
2112 3775 99 28 loneer,
2229 3776 54 23 30s.

1911 3822 28 31 G.
1973 3822 135 34 HAWKER
2133 3824 144 40 WILSON,

2002 3865 186 21 PROPRIETOR.

1938 3944 130 19 Baiuustkrs
2076 3951 42 13 and
2129 3946 122 25 Solicitors,

1879 3982 80 19 B.N.Z.
1968 3983 118 24 Chnmhers,
2095 3983 69 21 Queen
2169 3985 28 24 St,
2205 3985 106 20 Auckland

1897 4066 29 21 '*
1969 4077 54 18 gage
2033 4071 21 19 of
2069 4071 100 19 Freehold
2185 4072 40 19 and
2240 4072 60 20 Lease-

1879 4095 49 19 hold
1938 4099 96 22 prpperty
2044 4098 21 18 at
2075 4101 80 15 current
2164 4100 60 17 rates.

961 4185 103 41 Ask
1090 4185 71 38 for
1191 4184 264 40 Hancock's
1484 4184 280 41 Celebrated
1816 4186 189 40 XXXX
2032 4187 114 41 Ales
2174 4192 94 37 and
2296 4191 146 38 Stout.

2478 304 18 24 I
2515 304 73 26 IV

2357 353 64 25 The
2440 354 215 33 undersigned
2675 363 53 19 are
2746 364 74 19 now
2835 360 139 31 running
2989 361 139 33 Buggies
3145 364 62 25 and

2324 386 140 25 Coaches
2486 387 33 25 to
2540 387 53 25 the
2606 388 163 33 following
2781 391 106 31 places
2901 392 35 25 of
2950 393 132 27 interest
3100 395 33 27 in
3154 396 53 26 the

2322 418 241 31 neighborhood
2581 421 32 24 at
2631 422 128 32 greatly
2782 424 137 26 reduced
2943 427 92 23 rates.
3084 428 124 30 Special

2322 451 184 25 reductions
2515 452 48 25 for
2576 452 88 32 large
2672 455 126 30 parties.

2322 491 329 25 WHAKAREWAEEY'A;
2687 494 166 21 WAIRAKEI
2872 497 20 19 &
2914 498 100 18 TAUFO
3023 491 4 29 •
3053 500 142 20 TIKITERE
3204 491 3 29 •

2463 515 144 19 TIKITERE
2620 516 20 18 &
2653 516 104 20 OKBRB
2771 519 108 24 PALLS;
2892 521 169 19 WAIOTAPU

2335 561 93 27 Special
2439 563 170 26 Conveyances
2620 564 47 19 and
2677 565 87 20 Saddle
2775 567 83 22 Horses
2867 572 22 16 to
2901 570 28 18 all
2941 572 61 24 parts
3018 576 22 13 01
3053 569 39 20 the
3108 570 86 20 district

2646 594 24 16 at
2680 592 115 22 Moderate
2807 595 77 22 T^ates.

2346 651 11 11 ■-
2369 635 19 19 B
2388 636 45 31 u£|
2434 642 22 13 ea
2457 642 44 25 ,ves
2508 638 65 18 Lake
2578 638 85 23 House,
2672 640 85 23 calling
2762 642 26 17 at
2794 642 31 17 aU
2830 642 84 19 Hotels
2919 644 46 18 and
2971 644 117 23 Boarding
3094 644 93 18 Houses

2345 661 37 16 lor
2394 661 221 23 wnakarewarewa,
2625 662 68 19 twice
2702 662 117 25 forenoon,
2829 666 67 18 twice
2905 667 122 18 afternoon

2512 694 46 45 J.
2592 694 308 49 FALLOONA
2921 699 47 45 &
2991 700 98 55 Co.,

2337 822 131 27 BOOKING
2483 823 105 26 OFFICE
2600 823 60 27 AND
2673 824 134 27 STBBLES
2820 826 146 28 OPPOSITE
2974 830 102 25 GRAND
3091 822 106 33 HOTI!.

2327 876 239 47 KUSABS
2599 878 153 45 BROS
2836 879 39 41 W.
2903 880 31 40 A,
2963 880 185 43 WILLIAMS'

2430 943 218 33 MAMAKU
2781 951 219 24 PIONEER
3042 955 166 26 STORE,

2327 982 68 41 JAW
2411 983 24 40 &
2463 983 153 41 PLANING
2637 983 117 40 MILLS,
2858 976 101 38 *W
2973 978 73 32 *»•
3062 976 67 36 hj&.

2327 1052 268 23 WOUNTHIN
2618 1054 137 23 RI*W.
2971 1073 110 26 STORES,

2483 1097 41 13 THE
2538 1096 21 14 O>
2560 1096 2 32 '
2564 1096 26 13 LY
2860 1102 217 26 IRONMONGERY,

2327 1129 131 21 3ENUINE
2472 1130 61 18 DRY
2548 1129 80 20 LAND
2645 1129 112 19 TIMBER
2912 1134 249 26 CROCKERYWARE,

2427 1165 29 17 IN
2470 1165 52 16 THE
2536 1164 114 18 MARKET.
2964 1169 141 25 DRAPERY,
3122 1172 42 22 Ac,
3175 1172 16 19 &
3193 1177 9 14 C
3204 1164 4 30 :

2327 1211 16 12 *»
2353 1211 98 12 ttjkriih
2471 1202 100 21 TTTTHATiH
2588 1211 65 12 Tinns
2673 1211 37 12 k„„
2727 1216 29 7 ,-,._
2808 1202 15 13 A
2840 1197 148 22 wi-11-assbrfed
3006 1200 55 19 stock
3080 1207 19 12 in
3116 1202 27 18 all
3159 1201 52 20 lines

2324 1211 127 22 IXJESSRS
2471 1211 100 17 KUSABS
2588 1211 70 17 BROS.
2673 1211 37 21 beg
2727 1208 42 20 re-.l
2842 1208 146 11 "'"-""soriea
3006 1208 44 11 m.c.

2323 1224 47 30 IYI
2399 1235 127 22 spcetfnllyto
2535 1235 69 16 inform
2613 1234 32 17 the
2658 1234 66 17 Public
2738 1234 19 17 of
2767 1224 11 25 l
2778 1224 22 25 oi
2811 1224 34 18 the
2854 1230 61 13 iIOOVO
2926 1228 21 16 at
2956 1225 19 19 Io
3039 1233 9 16 p

2324 1257 78 17 Uoturua
2410 1258 33 15 and
2453 1257 73 21 vicinity
2538 1257 38 16 tliat
2585 1257 40 21 they
2639 1257 43 15 have
2698 1258 47 15 estab-

2322 1278 54 17 lished
2387 1285 10 9 a
2406 1278 43 21 yai,d
2458 1278 17 16 in
2489 1278 125 20 Hiuempa-st.,
2625 1279 31 15 and
2673 1284 30 9 can
2718 1283 37 10 now

2322 1301 62 20 supply
2394 1300 28 16 the
2430 1301 52 14 finest
2491 1301 43 14 uliifs
2548 1300 18 15 of
2581 1300 82 19 Bu.ldinfr
2675 1299 79 16 Material

2322 1322 16 14 in
2349 1322 27 15 the
2386 1319 74 22 Mjiljtet.
2478 1322 15 15 It
2503 1322 14 14 i.-
2524 1327 28 9 i.in
2559 1321 68 20 quailed
2635 1322 16 14 in
2661 1320 93 21 durability

2322 1343 34 15 und
2364 1343 106 21 impervious
2479 1345 18 13 to
2506 1343 30 15 the
2543 1343 68 15 attacks
2626 1342 18 15 of
2657 1342 49 15 borer
2720 1342 34 15 and

2321 1364 32 20 dry
2365 1367 32 13 rot.
2421 1364 53 15 Their
2482 1364 83 15 sawmills
2573 1369 28 10 are
2609 1363 49 16 fitted
2667 1363 41 16 with
2724 1363 21 15 tin-

2321 1388 45 13 most
2374 1384 69 17 modern
2453 1385 99 20 appliances
2562 1385 33 15 and
2605 1385 28 15 the
2641 1385 37 15 firm
2692 1385 14 15 is
2715 1384 37 16 able

2321 1410 17 12 to
2355 1407 61 20 fUjii'ly
2433 1412 34 15 tiny
2484 1407 81 20 quantity
2581 1407 18 15 of
2614 1405 37 22 Dry
2670 1405 80 21 Building

2320 1428 80 16 Material
2410 1433 20 10 on
2442 1428 28 15 the
2479 1429 74 17 shortest

2321 1471 140 28 Skirtings,
2470 1470 178 28 Architraves,
2654 1470 82 23 Mould-

2357 1502 66 28 ings,
2435 1502 53 22 and
2498 1501 111 23 Dressed
2619 1501 101 23 Timber

2387 1532 27 23 of
2423 1539 81 23 every
2519 1532 182 29 description,-.;

2413 1562 109 30 Always
2534 1569 33 16 on
2577 1562 83 23 Hand.

2348 1598 120 22 HENAU
2480 1598 108 22 HOUSE
2598 1597 128 23 BLOCKS.

2320 1676 226 32 KUSABS
2583 1675 169 37 BROS,,

2395 1717 118 18 MAMAKU
2526 1722 26 12 or
2564 1717 113 18 OHAUPO.

2448 1746 27 18 Or
2484 1747 20 17 at
2512 1746 32 18 the
2557 1746 68 21 Yards;

2343 1774 125 18 HINEMOA
2482 1774 101 19 STREET,
2603 1773 126 18 ROTORUA.

2321 1847 34 19 TO
2370 1846 58 20 THE
2442 1840 106 26 PUBIJO
2563 1846 35 19 OF
2615 1845 137 20 ROTORUA.

2327 1900 13 18 T
2360 1899 55 19 BEG
2428 1901 19 17 to
2458 1899 64 19 thank
2533 1898 34 20 the
2581 1898 72 19 Public
2664 1898 20 19 of
2692 1898 62 18 Roto-

2322 1919 23 23 JL
2374 1932 25 12 in
2404 1932 10 11 a
2433 1926 32 19 for
2480 1925 54 20 their
2540 1925 82 19 favours
2634 1924 74 24 during
2720 1923 34 19 tlio

2320 1955 46 22 past
2377 1952 69 18 fifteen
2456 1957 64 19 years,
2534 1951 40 18 and
2588 1953 20 16 to
2625 1950 64 25 notify
2710 1949 44 20 that

2320 1979 32 18 for
2362 1978 35 19 tilt)
2407 1978 134 18 convenience
2552 1977 21 18 of
2582 1976 98 19 residents
2690 1976 21 18 in
2719 1976 33 18 the

2321 2004 50 20 New
2383 2004 115 24 Township,
2512 2003 40 19 and
2562 2009 32 19 my
2607 2002 57 19 trade
2682 2008 59 19 goner-

2321 2030 47 25 ally,
2379 2030 12 18 I
2402 2030 51 18 have
2463 2030 54 18 built

2348 2065 53 18 New
2410 2064 104 20 Pkesiises
2522 2070 21 13 en
2551 2063 84 20 Fenton
2642 2063 85 23 Street,

2322 2101 64 20 which
2400 2107 32 12 aio
2442 2107 46 12 now
2500 2107 50 18 opi'ii
2560 2100 32 19 for
2602 2100 98 22 business,
2717 2098 39 19 and

2320 2127 11 19 I
2343 2134 33 12 am
2395 2127 100 25 prepared
2517 2129 21 16 to
2551 2126 73 26 supply

2463 2161 70 19 Pujiie
2553 2161 62 18 Meat

2322 2199 20 19 in
2355 2199 48 19 both
2415 2199 50 19 New
2479 2199 39 18 and
2529 2198 38 19 Old
2578 2197 124 25 Townships.

2357 2266 42 22 An
2412 2266 153 29 Inspection
2580 2265 22 22 is
2616 2264 108 23 invited.

2534 2305 58 20 BEN
2595 2305 40 19 BY
2648 2304 82 20 KIRK.

2369 2370 30 39 A.
2428 2369 72 39 AND
2524 2367 31 42 G.
2583 2366 126 47 BROOK,

2323 2421 83 24 BOOT
2419 2420 72 24 AND
2507 2420 83 22 SHOE
2610 2417 147 29 MAKERS,

2383 2454 85 19 Benton
2486 2455 88 21 Street,
2599 2453 104 18 Kotortta.

2717 1258 37 15 tab-
2780 1258 48 19 New
2841 1257 86 21 Zealand
2938 1259 61 26 Dairy
3010 1261 145 19 Association's
3162 1262 37 19 Fac-

2715 1299 39 16 eriail
2815 1285 45 24 torj
2891 1287 56 17 uttor
2956 1285 55 19 f,-esn
3022 1286 34 20 twi
3058 1293 21 17 P0
3089 1287 84 26 weekly,

2717 1321 37 20 ility
2856 1320 47 18 New
2915 1320 50 19 Laid
2975 1320 60 25 Eggs,
3048 1322 41 22 &c,
3102 1323 34 18 &c.

2794 1369 154 29 GOVERNMENT
2971 1372 57 27 LIFE
3052 1374 133 27 INSURANCE.

2792 1438 80 15 Growth
2881 1440 22 14 of
2911 1441 64 14 Funds
2981 1446 21 9 :

2548 2458 26 17 ST,
2599 2453 104 17 Kotoktja.
2767 2452 11 23 I
2778 2452 11 23 c
2790 2444 2 31 ,
2846 2451 13 12 £r
2860 2446 5 27 !
2868 2444 11 17 1)

2570 2468 4 17 '
2781 2468 79 16 Saddler
2867 2472 8 13 s

2550 2484 40 19 art!
2619 2484 136 21 Newmarket,
2780 2490 69 18 tended
2861 2491 19 17 to

2990 1465 162 17 *no,ooo

2953 1484 198 19 *1,102,000

2934 1504 217 19 iea,aoo,ooo

2929 1536 16 13 J.
2954 1536 18 14 H.
2981 1536 136 17 BICHABDSON,

2783 1631 42 21 lit
2828 1631 28 21 IJ
2862 1631 48 20 Ml
2916 1631 22 21 M
2944 1631 10 20 I
2960 1631 25 20 K
2991 1631 29 20 M
3027 1631 63 21 »>sl
3096 1631 59 21 !€ii
3161 1631 48 21 SVI

2778 1740 56 52 T.
2859 1741 48 52 S.
2931 1743 280 63 SAMSON,

2792 1810 105 32 BAKER
2907 1811 27 31 &
2944 1811 254 33 CONFECTIONER.

2831 1889 85 24 Bread
2929 1891 132 23 delivered
3077 1892 78 30 daily.

2831 1958 164 26 GBOCEKIES,

2973 1995 144 22 DRAPERY,

2969 2033 44 13 AND

2778 2060 123 17 GENERAL
2908 2061 206 19 STOREKEEPER'S
3121 2063 90 19 GOODS,

2827 2113 136 41 HORACE
2985 2105 179 55 SfEWART,

2780 2173 107 20 SADDLE,
2902 2173 124 20 HARNESS,
3041 2174 53 17 AND
3111 2174 100 18 COLLAR

2948 2209 98 21 MAKER,

2823 2241 179 23 FENTON-ST.,
3017 2242 152 21 ROTORUA.

2780 2273 41 17 Has
2829 2273 39 22 just
2878 2273 72 23 opened
2954 2279 12 12 a
2971 2273 68 19 Choice
3044 2274 118 19 Assortment
3170 2277 20 17 of

2781 2304 143 22 SADDLES,
2933 2305 135 22 BRIDLES,
3074 2305 139 21 COLLARS

2804 2327 120 21 CHAINS,
2929 2328 70 22 BITS,
3006 2329 101 23 SPURS,
3115 2330 57 18 HAR-

2881 2351 76 18 NESS
2971 2352 82 22 SOAP,
3069 2352 39 19 &o.

2805 2398 71 17 Collars
2884 2398 55 17 made
2952 2399 20 16 to
2986 2404 83 12 measure
3082 2406 25 10 on
3123 2400 32 17 the
3169 2406 33 17 pro-

2780 2421 55 17 mises
2844 2427 12 11 a
2864 2421 102 23 speciality.

2804 2444 123 23 Lengthened
2937 2445 107 22 experience
3053 2445 20 18 in
3081 2446 26 17 all
3115 2447 68 17 classes
3195 2447 19 18 of

2781 2467 94 17 Saddler's
2883 2468 58 16 work.
2966 2468 31 16 All
3006 2468 63 18 orders
3078 2470 97 23 promptly
3183 2472 30 15 at-

2350 2540 66 21 Larce
2426 2538 38 19 and
2478 2538 66 19 vaiieH
2561 2536 62 21 Strck
2634 2536 21 19 of
2667 2535 88 25 English,

2325 2566 86 23 Foreign
2425 2566 37 17 and
2578 2564 60 18 Hoots
2649 2564 37 17 and
2696 2562 61 19 Shoos

2386 2593 21 17 t'i
2419 2591 72 19 ch'ose
2503 2591 49 18 from
2564 2592 23 17 at
2597 2590 35 18 the
2642 2591 51 17 most

2360 2623 216 32 REASONABLE
2598 2621 126 32 PRICES.

2393 2665 95 20 GRfiAT
2502 2663 191 21 REDUCTIONS:

2353 2696 94 24 Clearing
2467 2700 35 15 rut
2523 2694 61 21 Sloik
2604 2694 31 20 fcr
2659 2694 74 25 Spring

2327 2756 34 20 All
2377 2755 70 20 orders
2464 2754 39 20 and
2520 2754 75 25 repairs
2612 2751 124 27 exf-editiouE

2491 2782 102 18 executed.

2329 2910 432 37 CARPENTER,

2433 2955 106 18 FENTON
2555 2954 101 20 STREET,

2422 2989 100 17 OITOSITE
2572 2988 78 17 GRAND.

2353 3019 66 17 Sashes
2428 3018 55 17 made
2492 3019 20 16 to
2521 3018 60 17 order.

2439 3079 14 39 ',
2497 3076 173 47 COODSON,

2473 3129 151 33 ROTORUA

2496 3183 16 15 II
2526 3183 59 15 IaVI
2612 3183 17 15 ll
2635 3183 98 15 lßl'lli

2355 3303 63 17 Goods
2427 3302 94 17 delivered
2530 3302 50 16 after
2592 3300 68 17 arrival
2675 3300 19 18 of
2707 3300 59 17 trains

2331 3328 21 15 to
2360 3326 25 17 all
2395 3327 52 22 parts
2456 3326 20 16 of
2485 3325 32 17 the
2525 3326 53 16 town
2586 3323 46 18 with
2640 3324 125 22 promptness.

2332 3359 62 22 Large
2403 3358 56 18 Stock
2474 3358 20 17 of
2511 3357 45 18 Coal
2573 3357 37 17 and
2627 3355 97 18 Firewood
2738 3355 19 17 al-

2402 3387 51 17 ways
2463 3387 25 10 on
2496 3380 51 17 hand
2558 3380 37 17 nnd
2604 3379 93 17 delivered

2472 3405 21 16 at
2501 3404 33 16 the
2546 3404 82 16 shortest

2515 3427 68 17 notice.

2355 3456 68 18 RATA
2428 3460 42 13 and
2475 3456 56 17 TAW
2533 3456 15 16 A
2556 3460 25 12 at
2587 3458 79 14 lowest
2674 3458 69 13 rates.

2334 3498 203 45 AUCKLAND
2550 3497 216 18 ADVERTISING

2490 3521 112 20 AGENCY,

2355 3547 99 16 Victoria
2466 3545 90 19 Arcade,
2571 3544 71 19 Queen
2660 3543 83 17 Street.

2387 3568 123 22 Advertising
2516 3568 19 16 in
2545 3568 25 17 all
2583 3568 23 16 ius
2615 3566 96 19 branches.

2332 3592 54 21 New,
2401 3592 76 22 Unique
2494 3591 38 17 and
2545 3590 83 18 Tasteful
2646 3589 120 22 Advertising

2506 3614 91 17 Medium.

2356 3637 69 18 Orders
2433 3638 51 17 from
2493 3637 26 17 all
2526 3638 54 21 parts
2588 3635 90 18 attended
2686 3636 20 17 to
2720 3635 47 17 with

2333 3668 41 11 cure
2385 3661 37 17 and
2430 3660 115 23 expedition.

3000 2580 33 40 M,
3071 2581 118 48 SIMON,

2977 2632 61 24 (Late
3045 2633 21 19 of
3075 2634 138 26 Melbourne.)

2977 2754 104 24 Clothes
3094 2757 75 21 made
3188 2757 27 23 to

3003 2781 74 23 order
3095 2788 34 16 on
3144 2782 45 22 the

3030 2807 134 23 shortest

3048 2834 93 22 notice.

2990 2928 54 26 Style
3054 2929 39 19 and
3105 2929 35 19 Fit
3151 2931 35 17 not
3197 2932 20 17 to

2913 2964 40 16 jss.
2981 2957 23 16 be
3014 2955 93 26 equalled
3124 2957 19 17 in
3161 2958 55 17 town

2913 2992 45 18 BSF
2978 2992 110 18 Address:
3107 2992 111 19 ArawaSt.

2787 3104 135 22 BARBER
2938 3105 21 21 &
2974 3104 224 25 HAIRDRESSER-

2902 3179 245 55 jUj&'JJ;

2788 3269 62 17 HAS
2867 3269 109 18 removed
2991 3269 25 17 to
3032 3269 36 17 his
3083 3269 76 19 NEW
3175 3270 31 18 SA-

2812 3300 82 19 LOON
2902 3300 179 23 Fenton-street,
3091 3302 107 22 opposite

2913 3329 65 23 Kirk,
2994 3329 102 20 butcher.

2830 3396 88 18 Setting
2931 3396 82 18 Razors
3026 3402 12 12 a
3053 3396 122 19 Specialty.

2813 3444 108 18 Choicest
2935 3444 88 18 Brands
3037 3444 86 24 Cigars,
3138 3445 70 18 Tobac-

2788 3472 46 17 cos,
2845 3467 39 18 &c.

2791 3513 36 22 T)
2885 3512 26 25 Q
2976 3512 175 34 pOELB
3169 3514 51 21 11,

2895 3568 221 25 ARCHITECT,

2868 3603 98 25 Building
2980 3604 108 25 Surveyor,
3107 3605 35 19 <&e.

2790 3641 70 24 Agent
2881 3641 32 18 for
2933 3640 33 20 the
2990 3641 98 19 National
3111 3642 47 20 Fire
3181 3641 39 20 and

2882 3667 80 19 Maiine
2969 3667 113 20 Insurance
3094 3668 35 19 Co.

2777 3716 2 23 ,
2797 3716 42 19 IT
2856 3717 16 18 0
2890 3716 19 19 K
2924 3717 18 20 O
2957 3717 11 19 I
2985 3718 17 19 A
3135 3717 10 20 I
3161 3718 17 19 E
3194 3717 26 19 AT

2350 3773 115 33 H.W.
2482 3772 267 36 MITCHELL,

2480 3884 143 24 ROTORUA.

2359 3932 41 45 G
2414 3932 47 18 EO
2463 3917 160 58 'M~A
2634 3932 104 17 ULEY
2740 3917 3 60 '

2335 4003 123 22 Plumher
2475 4002 22 22 &
2507 4001 111 23 General
2631 4001 136 23 Mechanic

2427 4051 132 20 Tutanekai
2578 4051 90 22 Street,

2790 3801 243 32 BOARDING
3051 3801 166 32 HOUSE,

2790 3860 111 27 Opposite
2916 3860 39 19 the
2971 3861 53 18 Post
3035 3860 47 20 and
3093 3860 125 26 Telegraph

2967 3886 77 20 Office.

2794 3918 41 17 And
2858 3924 47 12 Pa.,-
2926 3918 33 19 the
2979 3918 117 20 Celebrated
3122 3916 95 21 PRIBST

2830 3943 117 20 BACIIEL
2964 3944 38 19 and
3015 3944 55 19 other
3081 3943 96 22 BATHS,

2934 3969 141 22 ROTORUA.

2789 4019 111 26 TERMS:
2910 4021 42 18 25s
2959 4027 40 18 per
3006 4022 71 21 week,
3088 4021 26 18 4s
3120 4025 40 18 per
3166 4019 50 24 day,

2823 4052 114 39 MRS
2981 4051 202 48 YOUNG,

2922 4100 169 20 PUOI'HIETJIESS.
