2559 4039
1918 3904 75 19 Printed
2007 3904 36 16 and
2056 3904 98 21 published
2171 3908 53 17 every
2240 3902 114 21 Wednesday
2370 3900 36 18 and
2416 3897 82 19 Saturday

1939 3925 90 21 morning,
2042 3925 23 19 by
2084 3925 86 17 Samuel
2185 3925 87 18 Rbtaks,
2288 3925 20 15 at
2320 3924 35 16 the
2369 3920 54 19 Office
2438 3919 19 17 of
2468 3920 30 14 tn»

1940 3948 48 17 NSW
2003 3946 97 18 ZBA.IASD
2112 3947 92 16 GaEIITE
2214 3949 42 13 AKD
2270 3944 134 18 WaiMMBTOK
2420 3942 71 27 »«J*

1939 3973 44 13 tor.
1995 3967 155 19 Manners-street,
2162 3967 113 20 Wellington,
2288 3965 43 18 Port
2458 3961 40 16 ««*

1941 3990 85 16 Zealand.

91 1687 88 24 India.
182 1700 32 4 —
216 1687 36 31 By
261 1688 67 24 India
339 1697 82 23 papers
433 1691 102 23 received
547 1691 23 22 in
583 1690 61 31 Syd-

57 1727 45 24 ney
114 1726 23 18 to
150 1721 38 23 the
198 1721 85 24 middle
294 1723 26 22 of
337 1722 67 29 June,
417 1731 33 15 we
466 1725 63 24 learn
541 1724 49 24 that
607 1724 38 23 Sir

59 1754 28 23 C.
107 1754 87 31 Napier
212 1755 41 23 has
271 1756 57 22 been
344 1758 121 29 appointed
485 1758 119 24 Governor
622 1758 24 22 of

58 1787 107 24 Sciende.
201 1788 24 23 It
235 1796 44 16 was
287 1789 135 24 understood
431 1791 49 23 that
490 1792 62 23 Lord
563 1791 81 23 Ellen-

55 1821 108 31 borough
183 1822 73 23 would
280 1827 76 19 return
382 1828 21 18 to
431 1825 106 31 England
560 1826 22 22 in
607 1824 38 23 the

57 1855 103 28 aritumn,
172 1855 43 23 and
235 1855 27 24 be
273 1857 125 24 succeeded
410 1858 30 30 by
453 1858 37 23 (he
503 1859 107 31 Marquis
622 1859 24 23 of

57 1888 137 23 Tweeddale
217 1897 25 15 as
267 1889 129 25 Governor-
401 1892 108 29 General,
531 1893 44 23 and
596 1893 50 23 that

57 1921 38 23 Sir
108 1921 92 31 George
210 1922 89 24 Arthur
311 1925 74 23 would
401 1925 28 24 be
448 1926 65 23 made
526 1926 119 23 Governor

57 1955 25 23 of
91 1954 96 25 Madras
199 1956 44 24 and
251 1956 38 24 Sir
303 1956 83 34 Henry
396 1958 121 31 Pottinger
526 1959 119 25 Governor

55 1989 26 22 of
93 1988 112 30 Bombay.

91 2025 76 25 Lord
186 2027 102 24 Clivr's
301 2029 103 24 Sword.
406 2043 35 3 —
442 2030 51 23 The
506 2031 73 22 sword
591 2031 54 22 with

57 2059 75 24 which
145 2060 63 23 Lord
222 2060 63 24 Clive
298 2069 45 16 was
355 2062 79 31 girded
445 2071 28 15 on
482 2063 69 33 being
558 2064 87 23 elected

56 2100 43 16 one
111 2093 26 23 of
153 2093 37 24 the
202 2093 94 32 knights
307 2095 24 23 of
347 2095 38 23 the
396 2095 120 24 Northern
535 2096 108 24 Division

56 2126 28 24 of
99 2126 145 32 Shropshire*
258 2135 44 16 was
315 2128 24 23 of
355 2129 38 23 the
405 2134 60 18 most
483 2130 86 31 supurb
591 2130 53 24 des-

56 2161 105 30 cription.
205 2161 50 24 The
273 2161 92 30 handle,
386 2163 73 23 which
476 2163 117 31 displayed
607 2165 38 22 the

55 2194 59 23 head
138 2194 43 23 and
205 2194 59 24 neck
284 2196 26 21 of
332 2203 13 15 a
367 2196 73 28 horse,
461 2205 45 15 was
527 2198 117 31 profusely

56 2227 98 24 studded
165 2227 54 24 with
235 2228 126 24 diamonds.
409 2229 51 24 The
476 2231 67 22 blade
563 2238 46 16 was
622 2231 24 23 of

57 2261 112 31 exquisite
186 2261 169 32 workmanship
374 2264 43 22 and
437 2264 94 31 slightly
552 2264 91 24 curved.

56 2294 25 24 It
91 2295 20 22 is
124 2294 38 24 the
174 2303 62 15 same
257 2296 72 22 sword
352 2304 58 15 worn
433 2297 31 31 by
483 2297 75 32 Tippo
580 2298 63 28 Saib,

57 2328 43 23 and
121 2335 46 16 was
184 2328 69 23 taken
271 2330 57 22 from
346 2330 50 23 that
414 2330 128 24 chieftain's
561 2339 83 24 person

57 2361 57 25 after
133 2361 37 24 the
193 2363 111 30 storming
324 2363 24 23 of
371 2363 183 33 Seringapatam.
609 2365 34 24 Its

56 2395 67 24 value
135 2396 21 22 is
167 2396 120 23 estimated
299 2401 22 18 at
337 2398 75 27 2,500
433 2398 105 29 guineas.
541 2410 32 5 —
576 2396 67 25 Solo-

54 2428 58 30 pian
123 2427 106 25 Journal.

90 2467 116 24 Danger
229 2474 30 17 of
285 2468 141 24 Congreve
448 2469 136 24 Matches.
588 2482 31 4 —
621 2469 24 24 A

57 2500 177 32 correspondent
246 2500 25 24 of
288 2501 37 24 the
337 2501 75 24 Times
423 2502 55 26 palls
498 2504 110 23 attention
622 2509 22 18 to

58 2534 38 23 ihe
108 2534 85 31 danger
211 2535 25 23 of
256 2534 119 32 Congreve
395 2535 109 30 matches,
517 2537 45 23 and
581 2537 63 31 gives

57 2567 46 24 this
115 2572 95 19 account
222 2567 25 24 of
263 2568 57 23 their
338 2568 157 25 manufacture
513 2582 31 4 —
575 2571 69 23 Some

56 2608 67 23 years
136 2601 62 23 since
210 2609 14 15 a
235 2602 75 23 match
320 2609 46 17 was
377 2602 133 25 introduced
523 2603 71 24 called
606 2604 38 23 the

55 2634 83 25 lucifer
153 2634 83 25 match.
274 2635 24 24 It
309 2636 19 23 is
341 2644 14 15 a
367 2637 127 31 compound
506 2637 24 23 of
540 2637 103 32 sulphur,

57 2669 143 30 oxymuriate
220 2669 25 23 of
261 2669 88 32 potash,
363 2670 44 24 and
424 2671 125 30 antimony,
562 2671 45 23 and
624 2671 21 23 is

57 2701 78 24 drawn
146 2702 99 31 through
262 2702 76 24 folded
350 2704 57 23 sand
424 2711 70 24 paper
506 2705 24 22 in
542 2704 65 23 order
620 2709 23 18 to

57 2735 79 25 obtain
147 2744 14 14 a
178 2735 67 32 light.
282 2735 25 25 It
325 2737 102 31 requires
445 2736 200 33 (comparatively)

57 2768 156 25 considerable
224 2769 61 24 force
298 2774 22 18 to
339 2770 78 30 ignite,
430 2770 110 31 although
558 2772 19 22 it
595 2772 19 22 is
632 2780 14 14 a

58 2809 55 23 very
125 2810 53 22 easy
190 2801 92 25 method
294 2802 25 23 of
328 2803 119 31 obtaining
457 2804 49 29 fire,
526 2805 120 31 compared

58 2835 57 24 with
126 2834 39 25 tire
177 2835 36 23 old
226 2836 141 24 tinder-box.
402 2837 37 23 As
457 2837 30 23 all
499 2838 89 23 trouble
600 2839 20 22 is
631 2847 16 15 a

58 2868 68 31 thing
137 2871 23 21 to
170 2869 28 23 be
216 2869 116 23 eschewed
353 2870 24 22 in
389 2869 63 25 these
469 2871 80 23 march
561 2871 26 24 of
600 2873 45 22 im-

57 2907 134 27 provement
203 2902 62 32 days,
278 2902 95 25 another
384 2904 83 29 match,
480 2904 48 24 still
539 2906 73 22 easier
623 2902 26 26 of

57 2935 107 32 ignition,
176 2936 45 23 and
238 2936 121 32 composed
377 2938 137 32 principally
534 2939 25 23 of
574 2939 71 31 phos-

59 2970 94 30 phorus,
165 2977 45 16 was
222 2970 133 26 introduced
367 2970 78 25 within
458 2971 38 24 the
508 2972 46 24 last
565 2977 44 19 two
621 2980 26 16 or

59 3003 64 23 three
142 3010 74 23 years.
253 3004 59 23 This
330 3004 144 32 phosphorus
497 3006 20 23 is
535 3006 110 24 defended

58 3036 60 24 ffbrn
130 3036 38 24 the
189 3036 73 25 action
281 3038 27 23 of
324 3038 39 23 the
382 3039 33 23 air
433 3039 30 31 by
475 3038 97 33 nothing
584 3048 62 16 more

60 3070 54 23 than
137 3078 13 15 a
169 3078 93 23 gummy
282 3071 99 24 solution
399 3073 116 30 generally
528 3073 25 22 of
562 3082 13 15 a
587 3073 58 24 dark

59 3103 54 23 blue
125 3103 83 29 coltiur,
231 3104 43 23 and
298 3104 70 31 lights
391 3105 31 30 by
442 3106 85 30 merely
547 3106 100 32 rubbing

61 3137 97 30 against,
170 3142 40 18 not
230 3137 104 32 through,
348 3139 61 30 glass
431 3147 25 15 or
478 3140 57 23 sand
559 3148 69 23 paper
637 3150 7 19 ;

59 3170 90 28 indeed,
161 3169 110 31 itigiites
283 3171 30 31 by
325 3172 98 31 rubbing
435 3181 24 14 or
471 3172 83 24 almost
565 3174 81 23 touch-

59 3204 42 30 ing
113 3203 110 31 anything
235 3212 12 14 a
266 3204 58 24 little
340 3205 83 31 rough.
461 3206 58 23 This
539 3202 21 27 is
575 3207 72 23 called

61 3236 39 24 the
413 3247 26 15 or
461 3247 46 16 was
528 3248 25 15 so
572 3240 73 24 called

60 3269 67 25 when
138 3269 51 24 first
208 3270 140 31 introduced,
356 3276 32 19 •to
408 3273 140 31 distinguish
558 3274 19 23 it
587 3273 60 24 from

61 3303 40 24 the
113 3302 38 24 old
161 3303 80 24 lucifer
251 3304 84 30 match,
343 3305 74 24 which
429 3306 18 23 it
457 3306 42 24 has
512 3306 83 26 almost
606 3315 41 16 en-

61 3336 67 33 tirely
141 3336 142 32 superseded,
297 3338 44 23 and
353 3338 75 25 whose
440 3348 67 17 name
518 3340 19 23 it
548 3341 41 23 has
598 3342 24 23 in
633 3349 15 16 a

60 3377 106 17 measure
172 3377 52 16 now
233 3371 109 31 usurped,;
377 3372 57 24 This
442 3374 120 31 Congreve
570 3375 77 23 match

60 3405 21 23 is
94 3403 117 25 doubtless
222 3411 14 16 a
251 3410 55 24 very
318 3404 74 24 clever
410 3407 124 29 invention,
548 3409 41 23 bUt
599 3405 48 26 like

61 3445 69 24 many
158 3437 64 24 other
250 3434 75 27 clever
349 3438 138 31 inventions,
514 3441 65 23 much'
610 3447 38 18 too

61 3471 128 31 dangerous
212 3471 35 24 for
269 3471 93 31 general
384 3480 41 15 use
427 3490 15 17 n
453 3473 44 23 and
521 3473 20 24 r
557 3475 92 24 wonder

61 3505 51 23 that
130 3504 49 24 half
201 3504 96 25 London
316 3505 40 23 has
370 3510 38 19 not
430 3506 57 23 been
503 3507 69 24 burnt
583 3508 66 24 down

62 3539 30 30 by
104 3539 32 23 its
158 3546 50 22 use,
228 3539 35 23 for
284 3538 14 24 I
319 3539 58 23 have
398 3545 48 17 met
468 3540 55 23 with
546 3546 43 18 two
612 3543 36 22 in-

63 3576 91 19 stances
172 3572 74 24 where
267 3579 63 17 some
349 3572 25 23 of
395 3572 62 24 them
474 3574 88 30 ignited
579 3583 70 23 spon-

62 3605 119 31 taneously
188 3606 24 23 in
220 3606 39 24 the
265 3606 94 32 pocket.
382 3606 13 24 I
406 3614 37 16 am
454 3606 52 24 also,
513 3609 135 30 acquainted

62 3638 56 25 with
130 3647 14 15 a
156 3644 51 19 case
219 3640 22 23 in
253 3639 74 24 which
339 3648 29 15 an
380 3640 126 23 individual
515 3648 45 16 was
572 3642 77 23 awak-

62 3673 65 23 ened,
132 3673 24 23 in
168 3674 38 22 the
224 3673 76 32 night,
308 3674 29 31 by
342 3674 46 23 'the
407 3673 118 32 explosion
537 3674 26 23 of
581 3682 14 15 a
605 3675 45 24 box

62 3714 30 15 on
104 3706 40 23 the
156 3706 61 24 table
227 3708 23 22 in
262 3707 36 23 his
311 3707 118 24 bed-room
442 3717 6 19 ;
469 3706 46 25 and
525 3708 54 31 only
588 3716 61 23 -yes-

63 3739 88 31 terday,
165 3740 65 23 while
245 3740 103 32 walking
368 3749 14 14 a
398 3741 64 23 short
480 3741 102 24 distance
592 3742 59 23 from

63 3781 39 22 my
114 3773 79 29 house,
206 3774 13 24 I
231 3781 45 17 saw
295 3782 14 15 a
320 3775 96 23 number
428 3774 26 24 of
468 3774 65 24 these
549 3775 102 24 matches

64 3807 97 23 strewed
172 3807 76 30 about;
262 3808 86 23 several
360 3809 65 30 lying
435 3808 72 23 under
527 3808 52 27 and.
584 3808 67 33 along

64 3839 39 23 the
121 3839 117 25 threshold
261 3841 24 23 of
303 3841 39 24 the
363 3842 71 23 house
445 3850 6 21 ;
476 3841 117 25 doubtless
610 3842 41 24 left

64 3872 65 24 there
141 3873 29 31 by
182 3882 62 15 some
257 3874 101 24 children
371 3875 48 23 who
430 3875 45 24 had
490 3875 57 24 been
558 3875 93 32 playing

64 3905 61 30 with.
132 3905 71 25 them.
238 3907 12 23 I
263 3908 70 23 doubt
344 3913 41 19 not
403 3908 63 24 there
478 3917 38 15 are
537 3908 114 25 hundreds

65 3939 26 24 of
100 3946 95 25 persons
207 3940 48 24 who
268 3941 67 24 could
353 3949 63 16 come
426 3941 98 26 forward
542 3942 43 24 and-

64 3978 50 19 rate
125 3972 39 24 the
175 3977 60 20 most
255 3974 113 30 alarming
380 3983 167 21 consequences
566 3974 85 27 rSialtfc

661 136 61 31 tting
732 136 59 23 from
803 136 39 23 the
852 143 42 16 use
911 135 24 23 of
951 134 39 24 the
1000 133 108 28 matches,
1121 133 44 23 and
1178 132 13 23 I
1210 131 46 24 will

671 172 94 20 Venture
774 174 22 18 to
814 173 73 19 assert
899 167 48 24 that
957 167 109 23 numbers
1078 166 25 23 of
1119 166 137 23 destructive

669 202 63 28 fires,
744 201 45 24 and
799 201 116 24 hundreds
930 207 64 17 more
1006 199 25 24 of
1049 197 158 26 hair-breadth
1219 206 37 15 es-

671 242 67 24 capes
749 235 58 24 from
819 234 42 24 fire
882 233 66 25 could
958 233 30 23 be
998 230 109 26 unfolded
1125 231 32 31 by

671 267 51 24 The
741 267 92 31 remedy
844 267 29 23 he
890 273 108 25 proposes
1010 266 21 23 is
1047 273 14 15 a
1071 264 127 31 legislative
1210 271 42 16 en-

670 305 107 24 actment,
790 300 123 31 forbiding,
931 300 22 22 it
973 299 113 23 imitation
1099 297 26 24 of
1143 298 45 22 the-
1200 296 56 24 Sar-

670 334 78 23 dinian
771 333 166 29 Government,
962 332 38 23 the
1020 338 43 17 use
1085 330 26 24 of
1138 328 118 32 Cbngreve

671 367 110 28 matches,
803 366 44 24 and
866 366 115 30 confining
1000 364 38 24 the
1058 363 163 24 manufacture^
1233 367 23 19 to

671 400 101 22 lucifers.

704 439 63 24 Thn
778 439 88 24 Army.
868 451 35 4 —
904 437 49 25 The
967 437 58 24 11th
1043 437 49 23 foot
1111 436 44 23 and
1167 435 38 24 the
1221 437 36 22 Ist

670 472 109 24 batallion
792 472 25 23 of
831 472 39 23 the
883 471 58 25 60th
960 470 83 28 Rifles,
1056 470 54 23 with
1121 477 14 16 a
1146 477 111 23 company

671 505 25 23 of
711 505 77 31 Royal
805 505 120 30 Artillery,
936 504 59 23 have
1012 502 104 25 received
1134 502 84 26 orders,
1233 507 23 18 to

670 538 97 31 proceed
779 538 29 31 by
819 538 92 30 railway
922 537 56 24 from
1000 536 102 23 Weedon
1121 535 46 24 and
1185 535 71 23 Man-

671 570 91 25 chester
770 576 23 18 to
805 570 129 32 Liverpool,
947 575 23 19 to
982 571 28 23 be
1023 569 123 23 embarked
1157 568 35 24 for
1205 568 50 23 Ire-

670 604 62 24 land.
777 604 51 23 The
849 603 85 24 United
951 602 95 25 Service
1066 600 110 30 Gazette^'
1186 606 70 19 states

672 637 49 23 that
732 637 46 24 this
790 642 129 20 movement
930 637 124 30 originates
1073 636 24 22 in
1116 634 84 24 official
1220 635 35 23 in-

671 670 120 31 telligence
801 670 73 24 which
885 670 42 23 has
939 670 59 23 been
1008 668 103 25 received
1124 668 24 23 of
1157 668 39 23 the
1208 667 48 24 dis-

671 711 81 23 covery
766 704 24 23 of
805 712 13 15 a
829 704 133 31 conspiracy
974 707 23 19 to
1010 706 72 20 arrest
1100 702 38 23 the
1149 709 107 23 progress

670 736 26 23 of
711 736 38 24 the
763 736 74 32 Royal
850 736 79 29 Mails,
943 736 71 23 which
1028 743 37 16 are
1078 740 23 19 to
1111 735 64 23 leave
1187 734 69 24 Dub-

669 769 33 24 lin
715 778 28 15 on
758 770 36 24 the
807 771 57 23 29th
877 769 64 32 May,
955 769 71 24 under
1045 769 37 23 the
1095 768 127 24 conditions
1234 768 25 22 of

670 803 39 23 the
721 811 49 16 new
782 808 101 19 contract
894 804 35 23 for
941 803 59 22 their
1011 809 149 23 conveyance,
1175 808 80 16 recen-

671 836 33 31 tly
715 837 93 23 entered
828 837 48 23 into
895 836 30 30 by
937 836 48 22 Mr.
1009 835 75 23 Croal.
1121 834 51 23 The
1193 834 63 24 Irish

669 870 89 30 people,
783 870 17 23 it
822 877 103 23 appears,
950 873 82 19 cannot
1057 867 110 24 reconcile
1197 867 59 24 their

669 903 77 23 minds
765 907 23 19 to
810 902 39 24 the
869 903 164 22 circumstance
1059 901 24 23 of
1099 901 48 23 Mr.
1168 900 88 24 Croal's

670 936 127 23 successful
809 936 145 31 competition
966 935 54 23 with
1038 934 47 24 Mr.
1101 934 101 29 Purcell,
1215 934 40 23 be-

670 976 68 16 cause
750 969 38 23 the
800 969 84 23 former
896 969 20 23 is
927 976 13 15 a
951 969 75 22 native
1039 968 25 23 of
1073 967 75 24 North
1159 968 96 28 Britain,

670 1002 45 23 and
736 1002 39 24 the
793 1003 67 22 latter
881 1009 13 15 a
914 1006 149 26 countryman
1079 1001 29 23 of'
1119 1001 59 23 their
1197 1008 58 16 own.

669 1034 24 24 A
706 1035 76 24 threat
792 1036 41 23 has
844 1035 60 24 been
916 1034 51 24 held
976 1039 45 24 out,
1059 1035 48 23 that
1113 1039 40 18 not
1160 1042 14 15 a
1183 1034 73 31 single

669 1069 55 22 mall
736 1069 73 23 which
819 1069 77 23 leaves
918 1068 88 24 Dublin
1027 1076 30 16 on
1068 1068 38 23 the
1118 1068 58 24 29th
1190 1067 65 31 May,

669 1101 60 24 shall
741 1110 52 16 ever
805 1102 66 24 reach
883 1103 30 22 its

703 1142 68 24 After
784 1150 14 15 a
808 1143 66 29 burn,
888 1150 28 16 uo
929 1142 137 31 application
1078 1143 19 22 is
1115 1142 73 23 better
1202 1141 55 23 than

670 1184 14 14 a
693 1176 105 30 plentiful
810 1175 132 32 sprinkling
953 1176 26 23 of
987 1176 67 24 flour.

697 1218 148 20 Temporary
855 1218 126 21 Insanity.
983 1229 27 5 —
1010 1218 40 20 We
1066 1218 51 20 have
1127 1220 58 24 great
1199 1218 57 26 plea-

669 1257 49 14 sure
727 1251 23 20 in
760 1251 101 26 referring
868 1257 40 14 our
917 1251 83 21 readers
1009 1253 22 18 to
1042 1257 57 14 some
1110 1257 48 20 very
1167 1250 90 21 sensible

670 1284 93 20 remarks
774 1284 59 20 made
843 1284 28 26 by
882 1284 41 20 Mr.
936 1284 96 26 Wakley,
1044 1285 22 19 at
1074 1290 27 13 an
1113 1284 86 26 inquest
1208 1283 50 20 held

669 1316 28 26 by
711 1316 45 21 him
770 1323 28 14 on
812 1316 98 27 Monday
923 1317 112 20 afternoon
1049 1323 28 14 on
1090 1316 37 20 the
1137 1316 56 26 body
1209 1316 24 19 of
1245 1322 13 14 a

669 1356 72 19 young
755 1356 80 14 woman
845 1350 47 20 who
906 1350 40 20 had
961 1349 121 21 committed
1096 1349 87 20 suicide.
1212 1349 45 21 The

671 1377 95 20 Coroner
772 1378 107 23 observed,
887 1378 45 19 that
937 1378 26 19 he
995 1377 89 26 thought
1090 1378 63 19 much
1161 1377 99 20 mischief

670 1416 41 13 was
722 1410 123 20 occasioned
854 1410 29 26 by
894 1410 112 20 Coroners'
1022 1410 66 25 juries
1097 1410 117 26 habitually
1224 1416 33 13 re-

669 1442 89 27 turning
771 1443 90 20 verdicts
872 1443 24 19 of
908 1443 92 25 insanity
1013 1443 23 19 in
1051 1443 52 19 such
1120 1449 57 13 cases
1184 1450 6 17 ;
1215 1443 42 19 fre-

670 1475 90 27 quently
766 1481 57 20 upon
829 1475 114 25 testimony
949 1476 68 19 which
1028 1481 40 14 was
1074 1475 22 20 in
1108 1481 61 19 every
1176 1477 83 24 respect

669 1509 60 19 loose
738 1508 43 20 and
789 1507 110 24 frivolous,
917 1507 41 20 and
967 1507 104 20 therefore
1084 1507 110 21 valueless.
1224 1507 35 21 He

671 1541 52 20 then
732 1540 118 27 proceeded
860 1542 23 18 to
896 1542 39 24 put
944 1540 36 20 the
990 1540 143 26 hypothetical
1143 1546 53 18 case,
1212 1541 47 20 that

671 1573 70 21 which
756 1573 67 21 drives
845 1573 75 26 people
934 1577 22 16 to
976 1573 87 25 commit
1078 1573 181 21 self-destruction

672 1606 67 26 might
748 1606 43 21 also
802 1612 49 20 urge
862 1606 58 20 them
930 1608 21 18 to
969 1608 118 24 perpetrate
1096 1606 85 20 murder
1190 1613 5 18 ;
1221 1607 38 20 but

671 1639 70 20 would
761 1640 50 19 such
835 1639 106 20 criminals
960 1639 27 20 be
1006 1639 125 20 exonerated
1154 1639 56 20 from
1231 1640 28 20 all

671 1671 157 27 responsibility
835 1672 88 19 because
931 1672 50 25 they
988 1672 41 19 haid
1037 1678 57 14 some
1102 1672 49 20 time
1159 1673 100 25 previous

671 1707 23 17 to
715 1704 37 20 the
772 1704 51 21 deed
842 1704 54 21 been
916 1705 120 20 considered
1056 1707 20 18 to
1096 1705 25 20 be
1138 1706 67 20 under
1223 1707 36 21 the

671 1737 105 20 influence
794 1737 23 20 of
835 1737 43 20 this
891 1737 92 26 insanity
992 1738 8 19 ?
1030 1737 22 21 If
1064 1738 51 20 such
1129 1745 13 13 a
1155 1738 104 28 principle

671 1776 54 13 were
736 1770 109 23 admitted,
856 1770 80 26 society
946 1772 22 18 at
976 1771 56 25 large
1042 1771 68 20 would
1120 1771 24 20 be
1156 1771 74 27 placed
1237 1772 22 20 in

672 1804 36 20 the
718 1805 64 19 worst
791 1804 41 19 and
843 1806 57 18 most
910 1803 115 26 dangerous
1035 1804 109 20 condition
1157 1805 101 26 possible.

673 1836 34 20 No
722 1836 93 26 example
829 1836 62 20 could
904 1836 25 20 be
943 1836 105 26 proposed
1062 1843 57 14 more
1133 1838 125 26 dangerous,

672 1869 52 21 than
734 1871 22 19 to
767 1869 49 20 hold
825 1871 38 18 out
871 1872 22 17 to
904 1875 86 20 persons
1001 1876 11 14 a
1023 1870 124 25 temptation
1153 1872 23 18 to
1186 1871 73 24 crime,

672 1902 29 26 by
708 1902 115 26 promising
831 1902 58 20 them
896 1908 26 13 an
929 1904 123 24 excusatory
1060 1902 46 26 plea
1111 1903 25 19 of
1141 1904 100 25 insanity.
1245 1905 4 10 '
1254 1905 5 10 '

672 1934 40 21 We
722 1941 61 19 agree
792 1935 51 20 with
852 1935 45 19 Mr.
908 1935 95 25 Wakley,
1014 1936 47 19 that
1071 1935 111 21 Coroners'
1193 1937 67 24 juries

673 1968 67 25 ought
746 1970 23 17 to
779 1968 134 20 discontinue
921 1968 53 19 their
983 1968 100 26 inquiries
1091 1968 46 20 into
1148 1969 35 20 the
1190 1970 71 27 sanity

672 2001 25 19 of
709 2001 61 19 those
780 2007 61 19 upon-
846 2001 37 19 the
892 2003 73 17 nature
975 2001 25 19 of
1010 2001 70 21 who(e
1089 2002 61 19 death
1160 2003 56 24 -they
1225 2010 34 13 are

673 2032 22 20 to
705 2032 73 20 decide
787 2039 5 16 ;
810 2032 112 25 especially
931 2038 22 13 as
964 2032 50 26 they
1023 2038 55 14 seem
1086 2035 24 17 to
1120 2039 58 14 come
1189 2037 21 16 at
1219 2040 40 14 one

673 2064 113 21 invariable
807 2064 123 21 conclusion
931 2075 25 3 —
958 2064 46 20 that
1024 2071 27 13 no
1070 2070 48 14 man
1139 2071 22 14 or
1162 2070 3 4 1
1178 2072 81 14 woman

672 2103 49 13 ever
735 2097 62 20 could
809 2097 26 19 be
846 2103 23 13 so
884 2097 102 26 wickedly
995 2097 90 20 reckless
1101 2104 21 13 as
1133 2101 22 16 to
1174 2099 87 20 commit

672 2129 188 23 self-destruction,
875 2129 40 20 but
929 2130 45 19 that
989 2129 16 20 it
1018 2132 58 17 must
1091 2131 128 25 necessarily
1234 2132 26 19 be

671 2163 37 19 the
725 2163 67 19 result
810 2163 24 19 of
878 2165 120 24 temporary
1216 2164 45 20 The

672 2195 90 20 motives
771 2195 34 20 for
811 2195 43 20 this
860 2195 87 25 lenient,
956 2195 39 20 but
1005 2197 37 18 not
1050 2202 49 19 very
1105 2196 156 27 philosophical

671 2228 89 23 verdict,
774 2234 34 14 are
824 2228 108 20 doubtless
944 2229 91 19 humane
1055 2229 91 26 enough.
1175 2230 36 20 All
1225 2231 36 20 the

673 2268 137 20 unnecessary
826 2262 122 25 indignities
963 2262 101 26 formerly
1071 2262 95 21 inflicted
1179 2269 29 14 on
1226 2264 35 20 the

672 2294 74 20 bodies
756 2295 23 19 of
791 2294 91 20 suicides
891 2300 53 14 were
958 2296 36 18 too
1005 2295 105 25 wantonly
1120 2295 104 26 revolting
1238 2299 23 17 to

672 2330 91 16 warrant
781 2333 40 20 any
838 2333 49 14 men
904 2327 22 20 in
943 2327 102 26 exposing
1059 2328 36 19 the
1107 2330 82 24 'corpse
1206 2328 24 20 of
1249 2335 13 14 a

671 2359 176 20 fellow.creature
853 2361 23 18 to
887 2360 64 19 them.
983 2360 81 23 Hence,
1072 2360 38 20 the
1118 2362 57 18 most
1183 2361 79 26 trifling

672 2393 116 26 testimony
796 2398 40 14 was
843 2393 110 25 anxiously
962 2393 78 26 caught
1046 2394 22 18 at
1077 2397 22 16 to
1108 2399 47 14 save
1165 2399 52 14 even
1226 2394 35 20 the

671 2427 57 18 most
738 2425 129 20 determined
877 2425 79 20 suicide
967 2425 55 20 from
1031 2433 13 12 a
1050 2427 49 25 post
1109 2428 87 19 mortem
1209 2434 52 14 con-

672 2457 128 21 demnation.
830 2457 43 20 But
883 2457 37 21 the
928 2458 72 20 effects
1009 2458 25 20 of
1044 2459 41 19 this
1103 2459 96 27 leniency
1209 2460 52 21 have

671 2490 54 20 been
743 2496 57 15 more
816 2490 120 26 pernicious
951 2491 52 20 than
1013 2492 63 19 could
1092 2492 52 20 have
1155 2492 52 21 been
1226 2499 35 14 ex-

673 2523 83 26 pected.
799 2523 62 20 From
878 2523 91 21 suicides
986 2525 51 25 they
1052 2525 51 19 have
1120 2525 103 21 extended
1238 2528 24 18 to

671 2555 126 20 murderers.
827 2555 22 20 If
863 2562 62 20 every
936 2563 47 14 man
994 2557 46 20 who
1050 2556 65 21 killed
1124 2557 86 21 himself
1220 2565 42 14 was

671 2589 56 25 mad,
746 2589 47 26 why
809 2589 78 20 should
902 2593 37 17 not
956 2596 62 19 every
1036 2596 46 14 man
1098 2591 46 19 who
1162 2591 50 20 kills
1228 2591 35 21 his

672 2620 117 27 neighbour
806 2621 25 20 be
848 2622 49 19 mad
909 2622 44 20 also
961 2622 8 20 ?
999 2622 57 21 Such
1071 2623 18 20 is
1100 2623 36 20 the
1152 2626 111 24 argument

671 2654 53 19 used
731 2654 29 26 by
767 2654 85 20 modern
859 2654 174 24 humanitarians,
1041 2657 22 19 to
1070 2655 36 20 the
1113 2658 59 23 great
1176 2657 87 20 scandal

672 2687 24 20 of
706 2687 79 26 justice
795 2687 41 20 and
847 2694 97 14 common
953 2695 70 18 sense,
1032 2695 24 14 as
1070 2689 47 20 well
1126 2696 23 13 as
1158 2690 37 20 the
1204 2693 60 23 great

673 2720 56 26 peril
741 2720 25 21 of
776 2721 78 20 human
864 2721 46 20 life.
937 2721 43 20 But
990 2721 36 20 the
1035 2722 104 27 necessity
1150 2722 35 21 for
1195 2723 68 21 Coro-

673 2754 55 19 ners'
737 2753 66 25 juries
812 2754 121 26 expressing
942 2760 27 14 an
980 2754 88 27 opinion
1077 2761 24 14 as
1111 2758 22 17 to
1144 2756 36 19 the
1193 2756 71 27 sanity

673 2786 24 21 of
709 2786 54 20 dead
772 2792 87 20 persons
877 2786 78 26 having
963 2787 82 24 ceased,
1060 2787 17 20 it
1085 2787 20 21 is
1118 2789 24 19 to
1151 2787 26 21 be
1193 2789 71 26 hoped

673 2819 47 20 that
729 2819 38 19 the
777 2821 81 18 custom
868 2819 45 21 will
921 2826 58 14 cease
987 2821 44 19 also
1038 2828 6 17 ;
1061 2821 42 19 and
1112 2821 46 20 that
1165 2828 99 14 common

671 2852 66 25 juries
747 2852 42 19 will
798 2852 83 20 discard
889 2853 55 20 their
955 2853 105 20 ambition
1075 2855 23 19 to
1110 2854 81 27 display
1209 2855 55 21 their

673 2884 150 26 metaphysical
838 2885 92 21 theories
947 2886 29 26 by
992 2886 118 27 acquitting
1121 2887 36 20 the
1172 2890 92 23 greatest

673 2916 107 21 criminals
789 2924 22 13 as
821 2918 36 20 the
867 2920 91 24 greatest
968 2919 103 20 madness.
1073 2930 28 4 —
1104 2920 75 21 Times.

702 2951 121 22 Hurdles.
824 2963 27 4 —
852 2953 31 20 As
905 2953 41 21 fast
965 2959 23 14 as
1005 2953 116 22 inclosures
1140 2961 36 14 are
1194 2958 68 24 made,

673 2985 87 21 hurdles
768 2986 42 19 will
823 2986 26 19 be
859 2986 23 19 in
899 2989 57 23 great
966 2987 89 20 demand
1071 2993 23 15 as
1104 2990 119 24 protectors
1240 2993 24 17 to

673 3017 37 21 the
733 3024 72 20 young
822 3018 60 21 furze
901 3019 41 20 and
961 3019 82 27 quicks.
1071 3020 46 20 The
1127 3023 2 7 '
1136 3021 87 26 making
1241 3023 25 20 of

674 3051 86 20 hurdles
766 3051 48 25 will,
824 3051 35 20 for
865 3058 63 20 many
935 3059 60 19 years
1003 3054 22 19 to
1037 3059 65 18 come,
1110 3054 26 20 be
1145 3061 12 13 a
1164 3057 100 19 constant

674 3083 143 27 employment
826 3084 23 20 in
859 3084 37 20 the
906 3085 70 20 woods
986 3085 41 21 and
1037 3085 83 21 forests.
1149 3087 60 26 They
1216 3094 48 21 may

673 3117 27 20 be
708 3116 92 26 brought
810 3118 22 19 to
843 3117 36 20 the
890 3120 48 24 spot
947 3118 69 20 where
1025 3118 50 26 they
1085 3125 35 14 are
1135 3120 89 24 wanted,
1235 3127 32 16 on,

675 3149 38 20 the
729 3149 65 21 backs
810 3149 25 20 of
851 3155 65 19 asses,
936 3149 40 21 but
990 3153 39 17 not
1047 3151 23 19 in
1085 3151 56 21 their
1160 3153 104 26 complete

673 3181 67 21 forms
742 3192 26 4 —
769 3182 36 20 the
819 3182 66 20 heads
894 3182 24 20 in
932 3182 89 21 bundles
1022 3193 25 5 —
1050 3184 35 19 the
1099 3184 48 21 bars
1157 3185 26 20 of
1193 3192 14 13 a
1223 3186 41 20 dif-

673 3214 70 20 ferent
751 3214 73 26 length
833 3214 24 20 in
873 3214 97 25 bundles,
981 3215 42 20 and
1032 3217 36 19 the
1085 3217 118 21 cross-bars
1214 3219 24 19 of
1252 3226 13 13 a

673 3243 37 25 yet
720 3241 96 21 different
825 3242 74 26 length
916 3242 23 20 in
949 3249 13 13 a
971 3243 58 20 third
1037 3250 5 18 ;
1067 3244 36 20 the
1113 3245 64 21 heads
1188 3247 77 19 should

674 3274 26 20 be
709 3274 89 20 charred
807 3276 21 19 at
838 3275 36 20 the
885 3275 42 20 feet
928 3286 25 4 —
955 3275 43 20 this
1008 3282 49 20 may
1066 3277 66 26 easily
1138 3278 26 19 he
1175 3278 55 21 done
1235 3279 30 27 by

673 3306 37 21 the
720 3306 100 21 forrester
829 3308 51 20 with
890 3308 36 20 the
936 3309 64 20 waste
1007 3308 59 21 wood
1073 3309 23 20 in
1106 3310 86 27 making
1197 3311 67 22 them.

673 3339 72 20 When
751 3339 82 21 arrived
838 3339 69 21 where
913 3341 57 24 used,
978 3341 51 26 they
1036 3348 47 19 may
1089 3341 26 20 be
1120 3344 40 24 put
1167 3344 98 25 together

674 3372 51 20 with
742 3377 51 21 pegs
809 3379 24 14 or
843 3373 53 21 with
912 3374 74 20 hurdle
1000 3374 62 20 nails.
1089 3374 47 21 The
1151 3375 76 21 Weald
1243 3377 25 21 of

676 3404 86 26 Sussex,
778 3406 69 20 where
863 3406 43 20 the'
910 3406 111 27 labouring
1040 3412 52 22 poor
1102 3414 35 14 are
1153 3409 113 27 miserably

675 3438 57 26 paid,
752 3439 19 20 is
788 3445 13 14 a
816 3438 118 21 celebrated
951 3439 59 27 place
1030 3439 34 20 for
1082 3440 36 21 the
1137 3441 93 27 making;
1243 3443 25 21 of

676 3471 86 21 hurdles
778 3472 23 21 in
817 3473 36 20 the
870 3473 72 21 woods
952 3473 25 20 of
990 3473 46 21 that
1052 3473 91 22 district.
1170 3475 21 20 A
1207 3479 59 22 great

675 3510 64 21 many
749 3511 87 21 persons
846 3506 54 20 have
910 3507 113 25 emigrated
1032 3507 55 20 from
1093 3508 36 20 the
1141 3508 45 27 Rye
1192 3508 74 22 Union

676 3539 23 18 to
716 3537 114 21 Australia.
860 3538 22 21 It
899 3539 69 20 would
983 3539 26 21 be
1026 3539 47 21 well
1083 3539 20 21 if
1116 3546 58 15 some
1191 3542 76 21 hurdle

676 3570 84 21 makers
769 3571 47 20 who
833 3577 60 15 come
903 3572 74 21 within
993 3572 36 21 the
1039 3572 128 28 Company's
1184 3576 82 25 regula-

677 3603 58 21 tions
751 3604 26 20 of
795 3610 45 20 age,
856 3605 80 25 health,
954 3605 43 21 and
1014 3605 115 26 character,
1146 3606 51 21 with
1211 3608 57 21 their

677 3642 72 20 yaung
767 3636 69 25 wives,
850 3637 72 20 (would
940 3644 27 20 go
980 3640 25 19 to
1023 3638 53 21 New
1091 3638 101 21 Zealand.
1221 3640 47 21 The

678 3675 76 14 season
763 3669 34 20 for
806 3669 126 20 theirusual
941 3670 59 20 work
1009 3671 20 19 is
1038 3671 98 25 finished,
1146 3672 42 20 and
1197 3667 23 25 if'
1224 3673 44 21 this

678 3708 42 14 was
729 3702 60 20 made
800 3702 76 20 known
887 3704 24 18 to
921 3701 65 27 them,
997 3710 70 20 many,
1074 3710 29 13 no
1113 3704 75 25 doubt,
1198 3706 70 20 would

678 3734 26 21 be
713 3734 55 26 glad-
772 3736 22 19 to
803 3735 54 20 avail
866 3734 126 21 themselves
1002 3736 24 19 of
1040 3737 36 20 the
1094 3737 146 27 opportunity,
1251 3739 20 19 if

679 3768 18 20 it
706 3774 54 15 were
769 3767 59 21 made
838 3767 79 21 known
925 3770 23 18 to
958 3768 66 21 them.
1204 3770 36 21 W.

706 3812 99 21 Barrel
812 3812 100 21 Staves.
913 3823 27 4 —
940 3812 69 21 There
1015 3819 35 14 are
1057 3819 49 21 very
1115 3814 63 21 much
1186 3816 83 20 wanted

678 3846 140 21 ■woodcutters
827 3847 48 20 wkd
892 3847 129 20 understand
1030 3847 55 21 what
1102 3854 48 21 may
1160 3848 27 21 be
1203 3850 67 21 called

679 3880 37 20 the
731 3880 74 28 rough^
815 3879 146 21 manufacture
978 3880 25 20 of
1020 3880 60 20 wood
1099 3880 25 26 in,
1142 3881 35 20 the
1193 3881 75 22 forest.

680 3913 75 24 Much,
770 3912 25 20 of
807 3918 82 20 course,
904 3915 57 18 must
979 3913 82 26 depend
1073 3919 59 21 upon
1144 3914 36 20 the
1194 3917 76 18 nature

680 3944 31 21 of.
715 3944 38 21 the
762 3945 61 21 wood
829 3945 53 20 with
890 3945 71 20 -which
970 3945 37 20 the
1017 3946 49 19 bills
1075 3946 23 19 in
1109 3946 52 21 New
1176 3946 94 21 Zealand

679 3976 140 25 ar*clothed4
834 3977 112 21 buo^a'the
955 3977 90 27 vicinity
1049 3977 29 20 'of
1087 3972 134 32 Wlmnfcttfh
1228 3978 42 22 and

571 48 97 46 «BtW
676 47 141 48 ..KHn
836 46 208 43 &mUmt>
1070 45 189 45 &mmt
1284 44 95 42 aim
1400 42 300 45 WLtUuWon
1724 38 254 48 £*ttctatat\

183 138 66 22 VAN
264 137 151 23 DIEMEN'S
431 136 93 22 LAND.

88 192 41 22 We
141 192 55 22 have
206 192 102 22 received
317 191 48 22 files
375 192 25 24 of
413 190 88 23 Hobart
515 190 68 22 Town
600 190 43 22 and

61 219 140 23 Launceaton
210 225 77 21 papers
299 223 21 16 to
330 217 38 22 the
378 217 51 23 29th
438 217 139 30 September,
586 215 57 23 from

62 244 73 24 which
155 253 32 14 we
208 246 57 21 have
288 244 109 23 collected
416 244 37 21 the
471 242 115 28 following
604 249 39 16 ex-

57 275 81 19 tracts.:
140 283 27 4 —

88 472 48 22 The
148 472 153 21 Government
309 470 85 27 garden
404 477 44 15 was
463 470 92 22 ordered
570 470 30 26 by
609 469 34 22 his

63 496 135 29 Excellency
208 501 23 18 to
241 498 27 21 be
278 497 78 27 placed
367 496 71 23 under
448 496 37 23 the
502 503 51 16 care
568 497 27 20 of
607 496 36 21 the

58 524 163 23 Horticultural
238 524 94 28 Society,
349 529 23 17 to
389 524 104 21 cultivate
509 524 17 21 it
542 530 27 15 on
586 522 57 23 their

57 558 49 13 own
117 554 100 17 account.

81 319 4 3 •
87 305 46 25 Wi»
147 305 147 27 Exceellency
313 305 36 22 the
368 305 117 21 Governor
500 303 44 22 had
560 303 51 28 paid
629 310 13 15 a

59 332 53 25 visit
132 336 22 17 to
175 333 148 25 Launceston,
344 331 63 22 when
426 338 14 14 a
464 330 178 27 congratulatory

62 358 96 23 address-
165 366 28 14 on
204 358 36 26 his,
248 359 87 26 arrival,
347 357 72 22 which
428 357 45 21 had
489 357 67 21 been'
561 355 81 28 agreed

59 388 26 21 to.
92 389 23 19 at
126 393 13 13 a
148 385 74 29 public
233 385 102 26 meeting,
353 390 44 18 wag
412 383 118 32 presented
548 386 23 18 to
587 382 55 22 him.

58 412 35 22 Sir
111 412 98 25 Eardley
228 411 117 28 expressed
362 409 36 23 his
417 411 110 21 intention
548 413 22 18 to
588 409 51 22 visit

57 438 141 22 Launceston
210 438 62 22 twice
286 444 84 19 a-y.ear.

85 582 77 23 About
172 582 68 27 thirty
248 582 75 27 public
339 582 87 22 officers
443 582 44 22 and
505 582 138 26 magistrates

55 608 87 22 invited
156 609 35 21 the
202 616 48 14 new
261 609 116 21 Governor
383 613 20 17 to
410 616 14 14 a
431 611 131 25 sumptuous
570 610 73 20 enter-

56 635 112 20 tainment
176 639 24 16 at
210 635 36 20 the
257 635 110 20 Cornwall
378 635 73 20 Hotel.

85 669 66 22 After
160 669 33 21 his
204 668 136 28 Excellency
349 668 46 22 had
404 669 80 21 visited
495 669 37 22 the
549 668 93 27 factory,

58 695 29 22 he
98 696 44 21 had
153 695 92 22 ordered
255 695 30 22 all
296 696 37 21 the
348 696 122 27 refractory
487 703 87 14 women
591 702 52 15 con-

59 722 61 21 fined
128 722 23 21 in
164 722 37 21 the
211 723 148 27 penitentiary
373 726 22 17 to
404 723 28 21 be
440 722 99 22 restored
549 726 22 18 to
586 722 57 21 their

56 749 119 27 husbands,
197 749 44 22 and
264 749 94 27 granted
384 749 129 27 permission
538 753 22 17 to
584 749 59 26 forty

61 783 93 19 women,
174 776 50 21 who
243 783 57 15 were
320 776 105 26 formerly
442 775 96 27 refused,
564 780 22 17 to
605 780 38 22 get

55 802 97 21 married
171 802 100 28 directly.
307 802 47 22 The
374 802 80 21 arrival
469 802 26 21 of
513 809 13 14 a
543 802 100 22 Catholic

57 829 84 26 Bishop
151 829 44 21 and
206 836 27 14 an
244 829 122 22 additional
377 829 94 21 number
478 829 25 21 of
509 829 79 27 priests
598 836 45 14 was

56 855 83 20 looked
148 855 40 20 for.

179 910 174 21 FALKLAND
370 910 140 21 ISLANDS.

1284 131 87 25 Nelson,
1381 130 20 20 if
1412 130 37 24 the
1457 129 61 21 wood
1527 129 60 21 itself
1599 129 76 20 admits
1685 129 24 25 it,
1720 129 18 20 it
1747 129 19 20 is
1783 129 88 21 obvious

1284 164 43 20 the'
1336 162 61 21 wood
1412 162 67 25 might
1492 162 27 19 be
1534 161 113 20 converted
1666 161 46 21 into
1720 167 14 14 a
1750 161 83 26 variety,
1849 160 22 21 of

1284 195 83 21 articles
1376 194 59 20 fitted
1444 195 34 19 for
1492 197 82 23 export,
1584 192 69 22 whicK
1671 194 67 26 might
1748 200 26 20 go
1785 200 14 14 a'
1812 197 59 23 great

1284 235 45 20 way
1343 228 88 21 towards
1447 228 110 26 defraying
1568 227 37 20 the
1624 233 101 20 expenses
1742 227 23 20 of
1781 228 90 26 clearing,

1284 261 36 21 the
1332 261 58 20 land;
1419 260 27 21 la
1455 260 37 21 the
1511 260 53 21 New
1574 260 94 20 Zealand
1682 260 96 26 Journal,
1791 260 41 22 No.
1849 261 22 23 4,

1284 294 34 20 for
1327 293 77 21 March
1418 293 35 23 21,
1464 293 62 24 1840,
1542 298 23 21 p.
1575 293 36 23 45,
1621 293 21 19 is
1655 293 39 20 the
1701 294 114 18 statement
1824 293 25 20 of
1860 298 11 14 a

1285 326 84 26 Sydney
1384 325 117 24 merchant,
1520 324 46 21 that
1581 325 23 19 in
1621 324 37 20 the
1670 324 78 21 'season
1762 324 61 20 when
1839 324 32 21 his

1284 364 49 15 men
1342 364 53 14 were
1405 359 39 19 not
1452 357 111 26 employed
1572 357 24 20 in
1608 354 100 29 whaling,
1719 357 50 26 they
1779 356 57 20 work
1851 359 20 17 at

1284 390 86 26 making
1378 394 76 17 staves.
1482 389 79 20 Would
1572 390 38 20 not
1621 390 42 19 the'
1667 389 73 26 supple
1752 388 50 26 jack
1812 388 59 21 make

1285 422 101 22 excellent
1404 422 66 26 hoops
1480 422 8 19 ?
1524 421 74 25 Laths,
1618 421 34 20 for
1666 427 12 14 a
1691 421 80 26 variety
1785 420 25 21 of
1821 427 50 20 pur-

1284 461 69 21 poses,
1360 454 52 20 both
1419 455 23 19 in
1449 457 68 17 towns
1524 453 42 20 and
1571 453 34 21 for
1612 453 140 27 exportation,
1759 453 19 20 is
1785 453 86 20 another

1286 487 74 19 article
1368 486 67 20 worth
1444 486 113 20 attention.

83 959 48 22 The
148 959 135 23 Lieutenant
299 960 117 21 Governor
431 960 26 21 of
475 959 37 22 the
532 959 110 22 Falkland

57 986 92 26 Islands,
166 986 44 22 had
220 986 119 22 addressed
353 987 38 22 the
407 985 115 28 following
537 985 65 23 letter
620 990 22 18 to

57 1013 60 22 Lord
136 1013 96 28 Stanley,
250 1013 98 22 October
365 1015 18 20 ].
401 1015 88 20 1842.—
491 1013 41 27 My
545 1013 69 26 Lord,
631 1013 11 21 I

56 1039 57 23 have
127 1040 36 21 the
173 1039 86 22 honour
268 1043 22 19 to
300 1043 75 19 renort
385 1040 46 22 that
445 1040 11 22 I
468 1041 57 20 have
542 1039 45 22 laid
603 1043 40 18 out

55 1074 12 14 a
78 1066 62 27 large
152 1070 57 18 town
224 1070 23 18 at
260 1067 51 21 Port
328 1067 74 26 Louis,
419 1067 81 28 chiefly
517 1066 71 22 round
606 1063 36 25 ttie

54 1093 67 21 inner
134 1096 55 25 port,
211 1093 70 21 called
302 1094 37 21 the
360 1095 111 26 Carenage
481 1102 4 18 ;
502 1093 44 22 and
568 1093 11 22 I
599 1093 45 27 beg

54 1120 144 27 respectfully
209 1124 22 17 to
241 1120 82 22 submit
330 1121 36 21 for
372 1128 56 19 your
433 1120 118 26 lordship's
561 1127 80 20 appro-

54 1146 85 27 bation,
150 1147 48 21 that
208 1147 36 22 the
254 1147 48 22 said
313 1151 60 17 town
382 1147 26 22 be
419 1147 82 22 named

54 1173 23 22 in
95 1173 71 22 honor
184 1173 26 22 of
227 1173 39 22 the
280 1173 127 24 celebrated
431 1173 209 28 circumnavigator,

55 1200 40 22 the'
103 1200 48 22 first
161 1207 86 20 person,
261 1201 10 22 I
281 1201 94 26 belie\*e,
388 1201 48 21 who
452 1201 96 27 brought
565 1201 77 21 before

55 1227 37 22 the
102 1228 74 23 notice
186 1230 22 18 ot
224 1227 36 22 the
272 1228 154 22 Government
441 1227 37 22 the
494 1231 62 24 great
575 1227 65 23 value

55 1254 26 21 of
92 1253 44 23 this
153 1254 86 28 portion
259 1255 25 21 of
303 1254 36 22 the
356 1254 82 22 British
455 1254 134 22 dominions.
628 1255 12 21 I

55 1281 46 21 also
111 1281 44 26 beg
164 1281 62 22 leave
236 1284 23 18 to
269 1281 51 27 add,
333 1281 47 22 that
391 1281 9 22 I
412 1281 56 22 have
480 1281 48 22 sold
537 1282 34 21 six
577 1281 65 22 allot-

54 1312 81 22 ments,
148 1308 25 22 of
183 1307 51 23 half
238 1316 27 14 an
276 1316 50 14 acre
334 1308 63 27 each,
414 1309 22 21 in
454 1308 37 22 the
508 1309 47 21 said
575 1313 65 23 town,

57 1338 24 18 at
89 1335 49 23 £50
148 1334 36 22 the
205 1335 123 26 allotment,
348 1335 44 22 and
408 1342 43 14 one
467 1338 94 25 country
577 1335 66 22 allot-

57 1365 64 18 ment
131 1368 29 15 on
178 1361 53 23 Port
248 1363 44 21 San
313 1362 112 27 Salvador,
443 1362 103 22 bounded
562 1363 27 26 by
605 1362 38 22 the

56 1388 110 27 irregular
175 1388 65 22 shore
250 1389 122 26 consisting
382 1389 24 21 of
417 1390 41 21 389
475 1396 68 19 acres,
560 1393 22 17 at
599 1390 43 21 12s.

57 1415 38 21 the
108 1422 57 14 acre.
207 1415 10 21 I
227 1415 64 26 have,
304 1415 34 21 for
348 1415 38 21 the
395 1420 88 23 present
494 1416 101 21 credited
605 1417 37 20 the

57 1441 103 22 Colonial
170 1441 108 28 Treasury
290 1441 51 22 with
358 1442 38 22 the
412 1450 48 14 sum
478 1443 109 25 received,
603 1443 41 21 but

59 1468 10 22 I
80 1476 103 19 presume
193 1468 18 22 it
221 1469 17 21 is
247 1476 57 19 your
312 1469 128 27 Lordship's
450 1469 110 21 intention
572 1469 49 22 that
632 1470 10 20 I

58 1495 80 22 should
149 1495 101 22 consider
262 1502 40 15 one
313 1495 50 22 half
375 1496 25 21 of
412 1495 49 22 that
472 1503 49 14 sum
537 1504 23 13 as
577 1503 66 14 even-

57 1522 71 27 tually
146 1526 21 17 to
184 1522 28 22 be
222 1523 155 27 appiopriated
389 1526 21 18 to
421 1523 37 21 the
469 1530 141 21 conveyance
621 1523 24 21 of

57 1549 119 27 emigrants
186 1552 23 18 to
220 1549 70 22 Great
300 1549 93 22 Britain.
395 1563 27 3 —
426 1549 8 21 1
446 1549 63 27 have,
522 1550 47 25 &c.,
582 1549 58 22 R.C.

57 1576 95 24 Moody,
165 1575 266 25 Lieutenanl-Governor,

114 1632 196 25 ENGLISH
341 1633 248 24 EXTRACTS.

1312 521 120 20 Rivulets
1433 531 26 4 —
1461 521 154 20 Irrigation.
1617 531 27 4 —
1645 520 23 20 It
1677 521 17 19 is
1705 519 107 29 probable,
1827 520 45 20 that

1285 560 56 15 some
1356 554 24 19 of
1391 554 36 20 the
1440 553 88 21 rivulets
1542 559 49 20 may
1600 552 26 21 be
1642 552 76 21 turned
1734 552 45 21 into
1797 552 74 24 rivers,

1285 586 40 21 and
1339 586 70 20 others
1419 586 89 26 stopped
1522 585 35 20 for
1565 585 37 20 the
1614 590 93 21 puipose
1718 584 23 21 of
1753 584 119 26 irrigation,

1284 625 24 14 or
1314 620 64 19 water
1383 618 75 20 turned
1466 623 51 15 over
1522 623 13 14 a
1541 617 45 21 fall.
1616 617 22 20 It
1644 616 120 28 frequently
1769 617 94 26 happens
1867 630 5 11 ,

1284 652 46 20 that
1339 651 161 19 circumstances
1508 651 60 19 when
1576 652 39 24 put
1622 650 47 20 into
1677 649 110 21 execution
1797 656 76 20 appear

1284 690 23 14 so
1318 682 81 27 simple,
1411 689 22 14 as
1444 685 22 18 to
1477 685 69 18 create
1557 682 155 21 astonishment
1718 682 46 20 that
1774 682 51 26 they
1832 682 42 20 had

1284 718 38 19 not
1332 716 52 20 been
1394 716 75 26 always
1479 715 115 27 practised.
1623 715 28 25 If,
1659 715 103 24 however,
1772 715 60 20 there
1839 720 34 15 are

1284 750 59 19 those
1353 749 22 19 in
1390 748 52 20 New
1452 748 92 20 Zealand
1558 749 46 19 who
1614 754 37 14 are
1663 754 68 14 aware
1739 747 25 21 of
1777 747 37 21 the
1822 747 50 26 fact,

1284 782 43 20 still
1343 787 28 14 no
1384 782 59 19 harm
1460 787 39 14 can
1515 781 56 20 arise
1586 780 56 21 from
1655 780 132 26 mentioning
1801 780 48 19 that
1862 786 12 13 a

1284 813 91 26 running
1390 815 64 18 water
1472 813 78 20 should
1568 818 64 15 never
1645 813 28 20 bo
1689 812 90 27 stopped
1792 811 55 20 with
1862 817 12 14 a

1284 846 88 26 straight
1380 846 48 20 wall
1519 853 5 17 ;
1540 846 83 20 neither
1631 846 77 20 should
1717 846 35 19 the
1762 848 62 17 stone
1829 844 45 27 pier

1277 879 31 24 ,of
1319 886 13 13 a
1342 879 72 26 bridge
1424 885 47 14 ever
1483 881 87 24 present
1579 885 13 13 a
1600 879 38 19 flat
1651 879 47 19 face
1708 880 23 18 to
1743 877 35 21 the
1788 879 85 23 stream,

1283 912 40 20 but
1330 912 36 19 the
1376 912 47 19 dam
1432 910 77 21 should
1518 911 49 20 take
1577 911 36 19 the
1623 910 115 25 advantage
1748 909 23 20 of
1779 910 37 19 the
1825 909 48 20 bow

1284 944 24 20 of
1320 950 27 14 an
1357 944 57 20 arch.
1442 944 20 19 A
1474 943 49 21 wall
1531 943 56 20 built
1601 943 24 20 in
1633 943 44 20 this
1690 942 56 21 form
1755 943 44 20 will
1811 942 62 21 resist

1284 983 12 14 a
1304 977 76 26 weight
1390 976 24 20 of
1425 978 64 19 water
1498 976 69 20 which
1575 976 69 20 would
1652 976 25 19 in
1685 982 14 14 a
1708 976 94 20 moment
1807 974 69 21 break

1284 1010 60 20 down
1358 1009 36 20 the
1408 1009 90 25 straight
1514 1008 55 21 wall.
1600 1008 21 21 It
1635 1008 77 21 should
1724 1008 27 20 be
1766 1008 36 20 the
1817 1013 57 14 same

1284 1042 50 20 with
1343 1042 36 20 the
1389 1042 44 26 pier
1444 1041 24 21 of
1480 1047 14 14 a
1502 1041 81 26 bridge,
1591 1041 69 20 which
1670 1041 77 19 should
1753 1040 26 20 be
1788 1039 56 21 built
1852 1039 22 20 in

1284 1081 13 14 a
1304 1075 57 20 form
1377 1077 22 18 to
1416 1074 75 26 always
1508 1074 53 20 have
1570 1074 37 19 the
1624 1073 96 25 strength
1736 1072 24 21 of
1772 1079 27 14 an
1816 1072 57 22 arch.

1286 1107 21 21 If
1319 1108 19 20 it
1350 1107 19 21 is
1377 1107 82 20 wanted
1468 1107 24 19 in
1508 1107 111 25 irrigation
1628 1108 23 18 to
1666 1106 68 20 throw
1742 1111 50 14 over
1801 1111 13 13 a
1827 1105 48 20 dam

1285 1147 12 13 a
1306 1142 83 24 greater
1398 1139 100 27 quantity
1507 1140 25 19 of
1543 1141 64 18 water
1617 1139 52 20 than
1685 1138 41 20 will
1736 1143 52 21 pour
1799 1143 50 15 over
1863 1144 12 13 a

1285 1173 89 26 straight
1383 1173 43 19 line
1515 1179 6 17 ;
1536 1171 28 26 by
1571 1171 92 26 forming
1672 1171 34 20 the
1716 1171 30 26 lip
1753 1170 24 20 of
1785 1172 36 18 the
1828 1170 47 20 dam

1285 1206 22 20 in
1317 1206 36 19 the
1362 1205 108 25 following
1484 1204 55 21 form
1549 1211 100 17 vvvvvvv,
1666 1204 75 19 double
1752 1204 36 19 the
1802 1203 73 26 length

1286 1238 24 20 of
1324 1238 31 26 lip
1364 1237 43 20 will
1416 1237 26 20 be
1452 1237 100 24 attained,
1563 1237 41 20 and
1614 1236 77 21 double
1701 1236 35 20 the
1748 1236 99 26 quantity
1854 1236 24 19 of

1285 1273 63 19 water
1358 1270 80 27 poured
1447 1270 23 20 in
1482 1270 36 20 the
1528 1276 58 14 same
1597 1270 57 20 time.
1812 1267 35 21 W.

1496 1333 170 24 POSTAGE.

1312 1387 35 22 To
1362 1388 163 25 Subscribers,
1543 1394 78 14 other
1636 1387 147 21 Newspaper
1803 1385 72 22 Esta-

1287 1421 151 20 blishments,
1451 1422 46 14 and
1514 1414 161 21 Commanders
1692 1420 27 14 of
1736 1411 111 23 Vessels.
1851 1423 25 4 —

1287 1441 29 22 In
1326 1448 40 14 our
1376 1448 68 20 paper
1453 1441 25 21 of
1491 1439 132 27 September
1638 1441 36 23 30,
1685 1447 33 13 we
1728 1439 100 21 inserted
1839 1439 36 21 the

1287 1468 65 22 latest
1362 1467 137 27 regulations
1510 1467 69 21 about
1589 1466 102 27 Postage.
1721 1466 43 22 For
1775 1466 37 21 the
1823 1473 53 15 con-

1287 1495 106 21 venience
1411 1495 25 21 of
1454 1501 41 15 our
1512 1493 132 22 mercantile
1661 1492 92 28 friends,
1769 1500 34 14 we
1818 1493 57 21 have

1287 1521 87 28 printed
1384 1521 62 22 them
1461 1528 61 20 upon
1539 1528 14 14 a
1568 1520 51 22 half
1630 1520 64 22 sheet
1708 1520 26 21 of
1745 1527 75 20 paper,
1832 1519 43 23 and

1287 1548 52 28 they
1346 1556 41 14 can
1396 1556 51 14 now
1456 1548 27 22 be
1494 1547 158 28 conveniently
1660 1547 77 28 posted
1746 1548 23 20 in
1776 1554 29 14 an
1812 1547 63 22 office

1287 1575 35 23 for
1330 1575 91 28 general
1431 1575 124 22 reference.

1315 1611 41 21 We
1367 1613 83 18 cannot
1459 1609 116 22 ourselves
1584 1608 80 27 gather
1674 1608 56 22 from
1741 1608 38 22 the
1788 1608 87 26 regula-

1289 1638 59 21 tions
1357 1637 36 21 the
1402 1640 93 24 postage
1506 1636 134 26 chargeable
1651 1643 61 20 upon
1730 1635 97 22 colonial
1837 1642 39 21 pa-

1287 1672 50 17 pers
1348 1664 75 26 posted
1440 1667 23 17 at
1481 1663 147 26 Wellington,
1640 1663 40 21 but
1696 1670 31 14 we
1745 1662 57 22 have
1819 1662 57 22 been

1287 1690 113 23 mfarmed
1409 1690 49 22 that
1466 1690 39 22 the
1516 1697 48 14 sum
1578 1690 132 26 chargeable
1720 1690 19 21 is
1750 1696 43 15 one
1802 1696 74 20 penny

1289 1726 38 20 per
1335 1725 76 20 paper.
1438 1717 55 22 This
1503 1718 19 20 is
1532 1725 14 13 a
1557 1716 71 27 heavy
1640 1720 44 22 tax,
1696 1716 45 22 and
1752 1716 81 22 indeed
1844 1723 31 15 we

1289 1749 87 24 suspect
1384 1745 37 21 the
1432 1744 137 27 regulations
1580 1744 45 21 will
1639 1744 28 21 be
1684 1744 68 21 found
1762 1744 115 26 generally

1289 1776 21 18 to
1322 1773 53 21 bear
1384 1772 100 26 severely
1497 1778 60 20 upon
1567 1771 38 21 the
1617 1770 114 22 colonists.

1317 1805 48 20 One
1374 1811 75 20 penny
1465 1803 55 21 each
1536 1803 46 21 will
1598 1806 93 18 amount
1706 1806 23 18 to
1746 1801 61 28 eight
1824 1801 53 22 shil-

1289 1831 57 27 lings
1355 1831 43 22 arid
1411 1830 60 27 eight
1480 1837 70 20 pence
1568 1837 37 20 per
1623 1837 83 14 annum
1718 1836 60 20 upon
1789 1836 41 14 our
1839 1836 38 21 pa-

1289 1865 46 21 per.
1364 1858 54 21 This
1428 1865 49 14 sum
1492 1864 33 14 we
1540 1856 58 22 shall
1614 1857 28 21 be
1657 1857 89 26 obliged
1762 1860 23 17 to
1796 1856 81 26 charge

1289 1885 113 28 quarterly
1412 1885 23 21 in
1452 1884 101 21 advance
1569 1884 33 21 for
1611 1891 80 20 papers
1708 1883 96 22 ordered
1816 1888 23 16 to
1850 1883 27 22 be

1290 1916 48 18 sent
1346 1916 38 17 out
1394 1912 25 21 of
1427 1912 36 21 the
1473 1911 89 26 colony,
1570 1911 30 27 by
1605 1918 94 20 persons
1708 1911 98 21 resident
1816 1911 60 21 here.

1291 1940 62 21 More
1364 1939 53 22 than
1433 1945 43 15 one
1491 1945 55 20 year
1560 1938 62 21 since
1634 1945 32 14 we
1682 1937 134 22 announced
1830 1938 48 21 that

1287 1961 35 30 \ve
1331 1966 74 23 would
1414 1970 40 17 not
1463 1965 80 27 supply
1555 1972 78 20 papers
1651 1969 22 16 to
1687 1965 82 27 parties
1780 1965 98 26 residing

1278 1986 51 29 L/jUt
1346 1993 25 20 of
1383 1993 36 20 the
1435 1999 86 17 cojor./,
1532 1992 76 20 unles3
1625 1991 55 20 aufib
1695 1991 137 20 subscribers
1841 1998 36 12 ar-

1284 2016 90 34 ranged
1384 2019 34 20 fur
1432 2017 37 21 the
1484 2020 109 23 payment
1606 2017 36 21 for
1654 2016 63 22 them
1733 2016 97 25 through
1849 2023 27 13 an

1288 2051 3 21 j
1299 2049 57 22 tgeuj
1366 2045 58 21 here.
1454 2044 61 26 Only
1524 2047 42 17 two
1577 2043 87 27 foreign
1674 2043 137 21 subscribers
1821 2042 56 21 have

1297 2071 98 22 ittended
1405 2078 23 14 to
1438 2070 43 22 this
1491 2070 83 25 notice,
1586 2070 45 21 and
1642 2070 38 20 the
1694 2069 73 26 heavy
1779 2076 98 19 expence

1284 2099 30 20 ■of
1326 2101 90 24 postage
1427 2101 22 17 to
1458 2096 74 22 which
1541 2103 35 15 we
1591 2096 56 22 shall
1657 2097 28 20 be
1696 2096 93 26 subject,
1801 2095 77 21 makes

1289 2125 18 22 it
1317 2124 123 27 absolutely
1451 2130 119 19 necessary
1580 2123 35 21 for
1625 2130 26 15 us
1660 2130 48 14 now
1725 2126 23 18 to
1763 2130 64 14 carry
1838 2130 40 14 our

1289 2152 73 23 notice
1372 2152 45 21 into
1428 2151 71 21 effect.
1521 2150 28 22 In
1559 2151 74 21 future
1642 2150 92 27 English
1741 2149 136 22 subscribers

1291 2179 49 22 who
1358 2179 56 21 have
1429 2181 39 18 not
1483 2177 53 28 paid
1548 2177 57 22 their
1621 2177 162 27 subscriptions
1800 2176 23 21 in
1842 2184 35 14 ac-

1291 2206 107 22 cordance
1424 2205 53 21 with
1500 2210 41 16 our
1558 2205 83 26 notice,
1664 2205 44 21 and
1732 2203 49 22 who
1806 2203 73 22 desire

1290 2238 21 17 to
1341 2233 57 22 have
1422 2239 41 14 our
1488 2233 89 19 Gazette
1600 2235 59 18 mu3t
1688 2231 66 28 apply
1785 2233 22 19 to
1840 2238 40 14 our

1291 2260 93 23 London
1409 2259 83 27 Agent,
1519 2260 45 21 Mr.
1590 2259 95 26 Bowler,
1715 2262 23 17 at
1761 2257 38 22 the
1823 2257 56 22 New

1291 2287 99 22 Zealand
1407 2287 135 27 Company's
1560 2286 80 26 Office,
1651 2285 104 26 .uondon,
1772 2290 22 16 to
1805 2285 74 22 whom

1287 2322 35 14 ■v/e
1338 2314 56 21 have
1411 2313 56 22 been
1478 2313 138 27 forwarding
1633 2313 35 22 for
1682 2319 61 15 some
1759 2313 55 21 lime
1830 2315 50 24 past

1290 2341 44 22 and
1343 2344 22 18 to
1375 2340 72 23 whom
1456 2347 31 15 we
1499 2340 58 22 shall
1572 2340 106 22 continue
1686 2344 26 17 to
1722 2339 96 22 forward
1829 2339 50 27 fifty

1290 2368 74 26 copies
1381 2368 26 21 of
1426 2367 38 22 the
1485 2368 96 21 Gazette.
1619 2367 49 23 The
1687 2366 52 29 only
1759 2366 120 22 difference

1292 2395 42 22 will
1344 2395 28 22 be
1381 2394 51 27 this,
1443 2394 49 23 that
1500 2395 128 22 heretofore
1639 2401 33 16 we
1687 2394 58 21 have
1757 2397 51 18 sent
1818 2393 61 22 them

1283 2422 103 27 •through
1397 2422 36 21 the
1444 2425 56 25 post,
1512 2422 46 22 and
1572 2429 52 15 now
1635 2429 33 15 we
1685 2424 58 19 must
1753 2420 56 22 send
1818 2420 61 22 them

1291 2450 28 26 by
1327 2450 86 28 private
1422 2449 151 27 opportunity,
1582 2457 23 14 as
1615 2449 18 21 it
1643 2456 51 20 may
1703 2447 61 27 offer,
1774 2447 26 22 of
1806 2447 74 22 which

1291 2476 36 23 the
1338 2476 93 26 Postage
1442 2476 148 27 Regulations
1600 2476 95 27 permit;
1707 2474 52 27 they
1770 2474 46 22 will
1826 2482 54 14 con-

1290 2503 117 29 sequently
1416 2507 40 18 not
1464 2503 29 22 be
1503 2503 108 22 obtained
1621 2510 23 14 so
1654 2501 135 28 frequently.

1317 2537 34 21 As
1358 2543 32 15 we
1400 2535 57 22 shall
1465 2535 59 22 have
1534 2539 23 18 to
1566 2542 44 21 pay
1619 2539 93 24 postage
1722 2541 30 15 on
1762 2533 30 23 all
1802 2541 78 20 papers

1291 2571 31 15 we
1339 2563 55 22 send
1410 2565 22 19 to
1449 2570 23 14 or
1487 2563 89 21 receive
1590 2563 58 21 from
1672 2562 36 25 the
1724 2561 107 27 colonies,
1849 2568 32 14 we

1291 2593 59 20 must
1359 2589 88 23 decline
1458 2589 38 22 the
1506 2593 89 23 greater
1610 2592 52 25 part
1675 2589 26 21 of
1713 2596 40 14 our
1763 2587 117 28 exchange

1291 2624 84 22 papers,
1385 2624 26 14 as
1420 2616 38 22 the
1468 2620 44 23 tax,
1518 2617 76 21 would
1602 2616 40 22 fall
1653 2624 54 19 very
1713 2616 101 26 severely
1820 2623 60 20 upon

1291 2652 41 15 our
1346 2643 64 23 small
1430 2643 176 23 establishment.
1645 2643 74 22 Those
1738 2642 50 22 who
1809 2650 70 19 cease,

1291 2673 57 21 after
1358 2671 42 22 this
1409 2673 22 19 to
1441 2671 88 22 receive
1539 2678 41 15 our
1586 2678 75 21 paper,
1670 2670 43 22 will
1724 2669 75 28 please
1808 2669 73 23 there-

1291 2700 46 21 fore
1346 2701 23 19 to
1379 2697 141 23 understand
1529 2706 42 14 our
1580 2705 80 15 reason
1672 2705 23 14 as
1705 2704 50 15 now
1764 2697 76 26 given.

1319 2730 41 23 We
1373 2730 57 22 have
1446 2730 56 22 been
1520 2730 25 23 in
1564 2730 38 23 the
1621 2730 64 22 habit
1699 2730 26 21 of
1743 2729 79 28 giving
1842 2737 40 14 our

1291 2765 67 22 paper
1371 2760 22 19 to
1412 2757 38 22 the
1464 2761 96 19 masters
1578 2758 24 22 of
1614 2758 31 21 all
1661 2757 61 28 ships
1736 2756 25 23 in
1775 2757 105 21 harbour.

1292 2786 54 22 This
1354 2785 40 22 has
1403 2784 58 22 been
1471 2792 13 15 a
1494 2785 93 22 heavier
1602 2788 41 19 tax
1658 2784 55 22 than
1729 2791 70 19 many
1808 2784 75 22 would

1292 2819 100 21 suppose,
1403 2812 46 21 and
1458 2812 39 21 the
1507 2815 40 18 tax
1555 2812 42 22 has
1605 2812 59 22 been
1683 2812 37 21 the
1731 2818 59 16 more
1807 2810 43 23 felt
1859 2818 24 15 as
1890 2808 2 27 |

1292 2841 37 21 the
1339 2843 92 18 masters
1449 2839 24 22 of
1484 2839 63 27 ships
1564 2839 57 22 have
1637 2839 75 27 rarely
1720 2838 127 22 forwarded
1857 2845 26 14 us
1890 2836 2 27 |

1292 2873 78 22 papers
1378 2866 23 22 in
1411 2869 85 25 return,
1508 2873 26 15 or
1543 2866 101 22 afforded
1658 2874 26 14 us
1699 2865 145 22 information
1861 2866 26 21 of

1292 2901 45 20 any
1347 2893 142 27 description.
1517 2894 34 21 To
1560 2894 57 21 such
1626 2892 159 23 commanders
1794 2899 24 14 as
1828 2892 57 22 send

1292 2928 26 15 us
1326 2927 86 22 papers,
1423 2928 26 14 or
1458 2920 83 22 render
1557 2928 26 14 us
1598 2920 75 22 useful
1687 2919 151 27 information,
1851 2927 33 14 we

1292 2948 57 22 shall
1360 2949 24 20 be
1394 2947 75 28 happy
1480 2948 45 22 still
1534 2951 23 19 to
1567 2948 51 26 give
1628 2948 40 21 the
1680 2948 99 24 Gazette;
1795 2947 41 21 but
1845 2946 46 22 the'

1291 2975 73 27 heavy
1374 2981 95 21 expense
1480 2975 26 21 of
1512 2978 92 24 postage
1608 2978 25 18 to
1639 2974 75 22 which
1724 2981 33 15 we
1765 2973 60 22 shall
1833 2981 51 14 now

1293 3003 27 22 be
1329 3001 104 28 exposed,
1445 3001 78 23 makes
1532 3003 18 21 it
1560 3009 119 19 necessary
1688 3001 34 22 for
1732 3008 26 14 us
1768 3004 22 18 to
1801 3007 82 15 econo-

1285 3029 62 23 .mise
1357 3029 29 21 all
1401 3028 37 22 the
1455 3036 78 14 means
1547 3029 24 21 in
1587 3036 40 15 our
1643 3036 80 21 power.
1753 3028 41 21 We
1810 3028 74 20 there-

1291 3057 48 22 fore
1354 3063 116 15 announce
1485 3056 51 22 that
1551 3054 171 24 henceforward
1738 3055 44 22 this
1797 3059 87 17 custom

1293 3083 137 18 terminates.
1566 3097 3 4 >

2456 99 2 17 ;

1901 126 218 26 WHOLESALE
2149 126 125 25 PRICES
2308 126 172 27 CURRENT.

2000 164 132 16 CORRECTED
2148 164 30 14 OTP
2190 165 28 15 TO
2232 164 56 16 LAST
2305 163 81 17 NIQHT.

2239 191 17 17 £
2279 194 14 13 «.
2319 190 19 17 A.
2391 190 16 19 &
2465 197 11 13 a

1902 221 64 20 Ale:
1981 227 40 20 per
2030 218 48 23 hhd
2243 221 14 20 6
2284 221 14 20 0
2326 221 82 20 0.10
2434 223 12 18 0
2473 226 12 18 0

2077 253 39 21 per
2120 246 100 22 barrel..
2239 247 55 20 410
2324 247 82 20 0.-6
2433 249 13 19 0
2472 253 13 17 o

2077 273 89 27 perdoz
2243 274 51 20 01]
2327 274 14 19 0
2358 286 18 6 ..
2395 274 51 21 013
2472 278 13 20 0

1901 301 113 21 Arrack:
2031 300 41 21 Per
2080 300 46 26 gal.
2135 300 25 21 in
2169 298 60 23 bond
2243 301 15 20 0
2286 300 10 19 1
2326 300 14 19 6
2357 312 19 7 ..
2393 300 14 20 0
2433 301 15 21 %
2472 307 12 19 q

1901 326 80 22 Bread
1990 334 4 14 :
2012 326 41 22 Per
2061 326 45 22 21b.
2117 326 51 22 loaf
2245 328 14 19 0
2286 328 13 19 0
2326 326 14 20 5
2358 340 5 5 .
2371 339 5 6 .
2394 327 14 20 0
2434 329 12 18 0
2472 331 12 19 6

1902 354 73 20 Beef:
1991 353 76 27 Fresh,
2086 360 91 15 carcase
2193 359 39 21 per

2018 380 24 21 lb
2240 381 15 20 0
2283 380 11 19 0
2324 380 14 19 8
2357 392 18 6 ..
2394 380 13 20 0
2433 381 12 19 0
2461 382 20 22 H

2010 406 53 26 Salt,
2073 413 40 21 per
2126 407 68 21 tierce
2206 420 19 7 ..
2243 407 14 20 3
2272 407 26 20 10
2326 407 14 20 0
2357 419 17 6 ..
2394 408 13 19 6
2433 408 13 19 0
2470 411 12 18 0

1902 434 108 22 Butter:
2027 433 64 27 Irish,
2101 433 80 28 perlb.
2205 434 53 20 ..0
2284 434 14 20 0
2326 433 14 20 9
2357 445 18 7 ..
2394 434 13 19 0
2435 434 9 21 1
2470 436 13 20 j

2024 460 67 24 Fresh
2245 461 15 20 0
2286 461 15 20 2
2327 460 14 20 0
2360 472 18 7 ..
2397 461 13 19 0
2435 460 12 21 2
2472 464 13 19 6

1902 486 83 23 Brand
1989 495 12 14 y
2007 495 6 13 :
2030 487 57 21 First
2093 486 93 29 quality,
2195 493 38 21 per

2051 514 75 27 gallon
2136 514 25 24 in
2169 513 61 22 bond
2243 514 14 21 0
2284 514 15 20 4
2326 514 15 19 0
2358 526 18 7 ..
2394 514 14 19 0
2434 512 12 22 7
2471 517 13 19 6

1903 541 85 22 Brown
2009 541 73 21 Stout
2088 548 6 14 :
2118 547 41 21 per
2171 539 54 22 hhd.
2239 540 15 21 5
2282 541 13 20 0
2322 541 15 20 0
2354 552 5 7 .
2366 553 6 6 .
2393 539 14 22 7
2431 540 12 19 5
2468 543 13 19 o

1902 568 101 22 Cigars:
2015 567 103 27 Manilla,
2126 574 40 20 per
2171 568 61 26 1000,

2051 594 24 22 in
2083 594 61 21 bond
2244 594 14 21 2
2285 594 14 20 0
2326 594 14 19 0
2357 606 19 6 ..
2394 593 15 20 2
2423 593 23 21 10
2472 597 12 19 0

2014 620 247 26 ChinsurahperlOOOl
2289 621 14 20 0
2331 621 14 19 0
2361 632 19 7 ..
2398 620 13 20 0
2436 621 12 20 0
2473 624 11 19 0

1903 649 88 21 Coffee
1997 656 7 14 :
2015 648 63 26 Java,
2089 655 41 23 per
2137 648 23 21 lb
2245 649 14 19 0
2286 648 15 19 0
2327 647 14 20 3
2359 660 5 6 .
2371 660 6 6 .
2395 647 14 20 0
2435 648 12 19 0
2472 649 12 21 7

1903 676 103 22 Cheese:
2023 674 104 22 Cheshire
2245 675 14 20 0
2286 674 11 19 1
2327 674 82 20 6..0
2435 675 12 19 0
2472 677 12 19 0

2021 702 55 22 Pine
2086 701 74 28 Apple
2181 703 78 19 ....0
2287 702 11 19 1
2327 701 82 20 2..0
2435 702 12 19 0
2472 703 12 20 0

2021 728 75 23 Dutch
2246 729 14 20 0
2287 729 13 20 0
2328 728 13 20 8
2359 740 19 7 ..
2396 728 14 20 0
2435 728 12 19 0
2462 729 22 20 10

1903 757 107 21 Candles
2018 764 5 13 :
2030 755 94 27 English
2132 762 57 20 wax,
2195 762 40 20 per

2046 782 22 22 lb
2244 783 14 19 0
2285 782 14 20 2
2326 782 14 20 3
2358 794 19 7 ..
2395 782 16 19 0
2435 782 12 20 3
2473 785 11 17 0

2014 810 76 27 Sperm
2246 809 15 21 0
2289 809 9 21 1
2317 809 26 20 10
2360 821 19 6 ..
2397 808 14 20 0
2437 809 13 19 0
2474 812 11 18 o

2012 836 79 22 Mould
2244 837 14 19 0
2285 837 14 19 0
2327 836 14 20 6
2359 848 18 7 ..
2395 835 14 20 0
2437 836 12 19 0
2474 837 11 19 8

2014 863 55 27 Dips
2245 863 14 20 0
2286 863 14 19 0
2327 862 51 19 5..
2395 862 14 19 0
2437 862 12 19 0
2474 865 11 17 o

1904 890 94 22 Flour:
2008 889 131 28 lstquality,
2150 891 83 25 perton

2026 916 134 22 of2ooOlbs
2228 916 28 20 20
2283 916 15 20 0
2325 916 15 19 0
2359 915 51 20 ..22
2437 916 12 19 0
2474 919 11 18 0

2003 943 46 22 2nd
2058 943 55 22 ditto
2245 943 15 20 0
2287 943 14 20 0
2329 943 13 19 0
2360 956 18 5 ..
2396 943 15 19 0
2436 943 12 19 0
2474 945 11 19 0

1903 971 76 21 Flax:
1995 970 30 22 N.
2035 970 26 22 Z.
2072 977 38 20 per
2120 973 39 18 ton
2183 969 75 22 ....15
2286 970 14 20 0
2328 969 13 20 0
2360 982 18 7 ..
2396 969 13 20 0
2436 969 13 20 0
2474 972 11 19 0

1929 997 75 22 Do.—
2006 996 130 22 onboard—
2138 996 117 30 pressedl7
2283 997 13 19 0
2325 996 14 20 0
2357 1009 19 7 ..
2394 996 13 19 0
2434 996 12 19 0
2471 998 12 20 0

1904 1025 61 21 Gin:
1986 1024 53 22 Pale
2055 1025 24 20 in
2089 1024 61 21 bond
2245 1024 15 20 0
2286 1023 13 21 3
2327 1023 14 20 6
2358 1036 20 7 ..
2395 1023 14 20 0
2435 1022 12 20 5
2472 1026 12 19 6

1954 1052 62 25 Case,
2025 1053 14 19 4
2045 1051 36 26 gal
2089 1052 38 20 4-5
2136 1051 25 21 in
2170 1050 60 22 bond
2246 1051 10 19 1
2285 1050 15 20 4
2327 1051 14 19 0
2359 1063 17 6 ..
2396 1049 11 20 I
2436 1049 11 21 8
2473 1053 11 19 0

1904 1078 83 22 Hams:
2003 1077 128 28 Yorkshire,
2146 1077 84 28 perlb.
2246 1079 14 19 0
2287 1077 14 20 0
2327 1076 13 21 7
2360 1090 18 6 ..
2397 1078 13 19 0
2437 1077 12 19 0
2463 1077 22 21 10

1905 1105 127 22 Mustard:
2048 1105 42 21 Per
2099 1105 72 21 dozen
2246 1106 14 20 0
2275 1104 26 20 16
2329 1105 14 19 0
2360 1117 18 6 ..
2397 1105 13 19 0
2425 1103 24 21 18
2474 1107 11 19 0

1904 1132 115 22 Mutton:
2041 1132 93 22 Carcase
2143 1138 41 21 per
2193 1131 21 21 lb
2226 1147 5 5 .
2247 1133 13 19 0
2287 1132 14 19 0
2329 1131 13 21 7
2360 1144 18 6 ..
2396 1131 13 19 0
2437 1131 12 19 0
2474 1133 10 19 9
2513 1130 4 9 '

1905 1159 111 22 Muskets
2023 1167 5 15 ;
2044 1159 92 21 Walnut
2142 1157 91 23 stocked
2247 1157 53 22 015
2329 1159 13 19 0
2359 1171 5 6 .
2372 1171 6 7 .
2398 1158 11 20 1
2437 1157 12 20 0
2475 1161 11 17 0

1904 1187 79 21 Milk.
1999 1186 43 22 Per
2048 1186 50 27 pint
2246 1187 14 19 0
2287 1186 13 20 0
2328 1185 13 19 2
2359 1197 18 7 ..
2396 1185 14 19 0
2436 1185 13 19 0
2473 1186 11 20 3

1905 1214 80 22 Maize
1993 1222 4 13 :
2014 1220 39 20 per
2062 1212 78 23 bushel
2245 1213 14 20 0
2286 1213 14 19 4
2327 1213 14 18 O
2360 1225 6 6 
2396 1212 13 20 0
2435 1211 12 20 5
2473 1213 12 19 0

1905 1241 56 21 Oil:
1978 1239 102 26 Linseed,
2091 1246 40 21 per
2139 1239 75 27 gallon
2225 1255 5 5 .
2246 1241 14 19 0
2286 1239 14 20 6
2328 1239 14 20 6
2360 1252 18 6 ..
2397 1239 13 19 0
2437 1238 12 20 8
2474 1241 12 18 0

1979 1265 282 28 Black,incask,pertonlß
2289 1267 14 19 0
2331 1266 12 18 0
2361 1266 49 19 ..20
2437 1265 12 19 0
2475 1268 11 17 0

2014 1295 77 25 Sperm
2228 1293 28 20 50
2284 1292 12 19 0
2326 1292 12 18 0
2357 1292 49 21 ..75
2433 1292 11 19 0
2474 1293 10 18 0

1905 1321 64 22 Pork
1977 1329 5 13 :
1998 1320 76 27 Fresh,
2091 1326 90 15 carcase
2196 1326 39 21 per

2017 1347 28 22 lb
2246 1347 14 20 0
2287 1347 13 20 0
2327 1347 14 19 3
2360 1359 18 7 ..
2395 1348 14 18 0
2435 1347 13 19 0
2475 1348 10 19 8

1905 1375 77 22 Pork:
1999 1374 71 27 Irish,.
2074 1381 41 20 per
2123 1373 74 23 barrel
2209 1388 18 6 ..
2246 1374 55 20 310
2330 1374 81 20 0..4
2425 1374 24 21 10
2475 1375 12 19 0

1905 1402 131 22 Potatoes:
2056 1400 57 22 New
2127 1400 106 26 Zealand,

2082 1435 38 20 per
2129 1431 39 18 ton
2245 1428 15 20 4
2287 1429 14 19 0
2329 1429 13 19 0
2359 1441 5 6 .
2372 1441 6 6 .
2395 1428 14 19 6
2436 1429 13 18 0
2476 1429 10 19 0

1905 1457 95 20 Porter
2009 1463 5 14 :
2043 1455 102 26 Dunbar,
2156 1455 24 21 in
2188 1455 45 21 hot.

2072 1489 39 21 per
2121 1482 42 22 doz
2246 1483 13 19 0
2275 1482 24 20 12
2327 1483 13 19 0
2359 1495 3 6 .
2371 1495 5 6 .
2395 1483 13 19 0
2425 1481 22 21 13
2476 1484 11 18 fi

2013 1509 85 28 Bryant
2108 1509 44 22 and
2162 1509 69 22 Davis
2245 1510 13 20 0
2274 1509 26 21 12
2327 1510 14 19 0
2358 1523 6 5 .
2371 1522 5 7 .
2395 1510 14 19 0
2425 1509 23 20 13
2475 1511 11 18 0

1905 1537 99 22 Pickles
2016 1544 4 14 :
2052 1535 115 28 Asso^ed,
2197 1543 38 20 per

2076 1563 58 26 doz.,
2158 1566 75 24 quarts
2247 1565 14 19 0
2277 1563 24 21 15
2330 1564 13 19 0
2360 1577 19 6 ..
2399 1564 12 19 0
2428 1562 23 22 17
2477 1564 10 18 0

1905 1591 74 22 Pitch
1992 1599 5 13 :
2030 1590 137 28 Stockholm,
2197 1598 39 19 per

2053 1617 176 26 barrel,.,..---.
2249 1618 11 19 1
2289 1618 13 20 0
2331 1618 12 20 0
2360 1630 20 7 ..
2397 1618 14 20 0
2437 1618 12 20 0
2475 1620 12 17 0

1905 1644 95 23 Plank:
2030 1644 52 25 Port
2104 1643 131 28 Nicholson,

2054 1679 39 20 per
2101 1673 41 23 100
2152 1672 46 21 feet
2210 1673 51 20 ..0
2288 1672 15 21 6
2331 1672 13 19 0
2361 1684 19 7 ..
2397 1672 14 19 0
2425 1671 24 20 10
2475 1673 11 18 0

1905 1699 70 22 Rice:
1988 1699 109 24 Common
2106 1706 40 20 per
2152 1702 49 19 cwt.
2211 1713 19 6 ..
2249 1698 54 21 015
2333 1700 48 19 0..
2399 1700 13 19 0
2438 1700 12 18 0
2475 1700 11 18 0

1989 1726 65 22 Good
2249 1728 12 19 0
2277 1725 25 22 17
2333 1726 12 20 0
2362 1739 18 6 ..
2399 1725 11 20 I
2437 1726 12 19 0
2475 1728 11 17 0

1906 1753 54 22 Rum
1968 1761 5 14 :
1990 1754 25 21 P.
2026 1754 26 21 B.
2063 1754 33 24 P.,
2105 1761 46 19 .per
2160 1752 75 27 gallon

2027 1780 24 21 in
2064 1780 62 25 b.0ni
2130 1794 98 11 ...........
2247 1782 14 19 0
2288 1781 13 20 2
2330 1780 13 20 9
2360 1792 18 6 ..
2397 1780 13 20 0
2436 1779 11 19 3
2474 1782 11 17 0

1906 1808 88 21 Sugar:
2013 1807 118 24 Mauritius
2141 1815 40 19 per
2188 1811 47 18 cwt.
2251 1809 13 19 0
2292 1808 89 23 0.0..
2414 1812 53 15 none

2015 1834 79 22 Brown
2110 1834 55 22 ditto
2246 1836 13 19 0
2275 1835 24 20 15
2328 1835 13 18 0
2359 1847 18 6 ..
2396 1834 11 18 1
2436 1834 12 19 0
2474 1836 10 16 o

2017 1861 94 23 Refined
2127 1862 54 26 loaf,
2200 1869 37 19 per

1895 1892 2 27 ;
2041 1888 53 23 1b...
2249 1890 14 19 0
2290 1890 13 20 0
2331 1888 49 24 6J..
2398 1889 13 18 0
2437 1888 11 21 0
2474 1889 10 19 S

1895 1910 2 30 !
1905 1928 3 5 •
2018 1915 94 25 Manilla
2119 1937 3 3 .
2131 1922 40 21 per
2185 1919 47 18 cwt.
2248 1918 13 19 0
2277 1916 25 21 18
2331 1916 12 20 0
2360 1929 6 6 .
2373 1928 6 6 .
2397 1915 12 20 2
2435 1915 12 19 0
2472 1917 11 18 0

1906 1944 73 21 Salt:
1997 1943 124 27 Liverpool,
2133 1950 40 22 per
2182 1946 36 20 toe
2228 1959 5 5 .
2249 1943 13 22 5
2290 1942 13 21 5
2332 1944 13 22 0
2362 1942 47 22 »»U
2436 1943 12 19 0
2473 1944 12 18 0

1895 1966 2 27 !
1906 1970 60 21 Soap
1974 1978 7 13 :
2009 1970 101 25 Hawes.'q
2134 1970 110 26 London,.

1906 2008 4 7 .
2033 1999 83 21 perton
2232 1997 31 18 20
2289 1999 16 16 O
2331 1998 15 15 O
2360 1997 48 16 .>B4
2434 1997 13 15 O
2473 1999 13 13 a

1896 2013 16 28 \
2025 2020 117 26 Liverpool
2235 2020 26 20 22
2290 2020 13 20 0
2332 2020 13 19 0
2362 2019 47 19 ..28
2435 2019 12 19 0
2475 2019 11 19 0

1903 2050 108 18 Starch:
2028 2046 72 21 Perlb
2251 2048 14 19 0
2292 2048 14 19 0
2334 2046 13 20 7
2364 2058 17 7 ..
2399 2046 13 19 0
2439 2045 8 20 1
2474 2046 12 18 9

1906 2074 145 21 Scantling:
2066 2072 43 22 Per
2117 2074 40 21 100
2166 2072 67 23 feet..
2252 2074 14 19 0
2293 2074 14 19 6
2335 2074 12 19 0
2365 2086 17 6 ..
2400 2073 14 19 0
2439 2072 12 20 8
2477 2074 10 18 0

1907 2100 129 22 Shingles:
2053 2100 41 21 Per
2102 2101 62 25 1000,
2173 2099 62 23 N.Z.
2251 2101 14 20 0
2293 2101 14 20 6
2334 2100 13 20 0
2365 2112 17 7 ..
2400 2100 13 19 0
2428 2099 24 20 10
2477 2103 9 16 v

2039 2127 69 27 Ditto,
2131 2126 28 22 V.
2171 2127 29 22 D.
2211 2127 25 22 L.
2251 2128 14 19 0
2293 2128 14 20 0
2335 2128 12 19 0
2365 2140 4 6 .
2377 2140 5 6 .
2400 2127 13 19 0
2428 2126 23 25 1?
2475 2128 12 18 0

1906 2155 64 22 Tau:
1987 2154 54 22 Coal
2252 2154 10 20 1
2291 2156 14 19 0
2334 2155 13 19 C
2365 2167 17 6 ..
2402 2153 10 20 1
2440 2152 11 21 5
2478 2155 10 18 0

1990 2181 129 23 Stockholm
2254 2182 11 20 I
2281 2182 26 21 10
2334 2182 80 19 0..0
2440 2181 12 19 0
2478 2181 10 19 0

1907 2209 48 22 Tea
1965 2217 5 14 :
1980 2209 80 28 Hyson
2065 2208 56 27 skin,
2127 2215 40 21 per
2178 2208 61 22 chest
2253 2210 14 20 4
2293 2210 14 20 0
2335 2209 13 19 0
2366 2221 17 6 ..
2401 2208 13 20 6
2440 2208 12 19 6
2479 2209 9 17 0

1984 2236 93 26 Congou
2253 2237 13 20 8
2293 2237 15 20 0
2336 2234 78 21 0..16
2440 2236 13 18 0
2478 2236 10 17 0

1906 2263 107 22 Tobacco
2023 2271 4 14 :
2041 2262 143 27 Negrohead,
2202 2270 38 21 per

2066 2290 31 21 lb.
2110 2290 24 21 in
2151 2288 59 23 bond
2252 2292 13 19 0
2293 2292 14 19 0
2335 2290 35 20 9.
2378 2304 5 5 .
2401 2292 13 17 0
2443 2289 8 20 I
2479 2291 10 18 4

1907 2317 164 22 Turpentine:
2087 2316 146 28 Pergallon..
2253 2319 14 20 0
2294 2316 14 23 7
2366 2330 17 5 ••
2402 2318 13 19 0
2441 2316 13 19 9
2479 2318 11 17 0

1908 2344 161 22 Whalebone:
2087 2344 91 21 Perton
2190 2345 92 21 ....100
2295 2346 13 19 0
2336 2344 92 21 0..120
2442 2344 13 19 0
2480 2345 11 18 0

1908 2371 84 22 Wine:
2008 2371 88 27 Sherry,
2106 2378 41 20 per
2155 2371 50 27 pipe
2215 2373 53 20 ..20
2294 2373 14 20 0
2336 2373 14 19 0
2366 2372 50 19 ..40
2442 2372 13 18 0
2479 2371 12 18 0

2019 2399 70 26 Ditto,
2105 2397 44 29 per'
2155 2398 84 22 'dozen.
2254 2400 14 20 0
2283 2400 25 19 16
2337 2400 13 19 0
2367 2412 18 5 ..
2404 2399 12 19 2
2442 2398 14 19 0
2481 2399 11 17 0

2019 2426 60 27 Port,
2089 2433 40 20 per
2138 2425 52 30 pipe
2214 2427 51 21 ..25
2292 2427 14 20 0
2333 2427 14 19 0
2364 2426 50 19 ..40
2440 2426 13 19 0
2478 2426 12 17 0

2086 2453 99 27 perdoz.
2214 2455 49 19 ..1
2293 2455 13 19 0
2334 2454 13 19 0
2364 2466 18 7 ..
2400 2453 14 20 2
2440 2452 13 19 0
2479 2452 11 19 0

2019 2480 151 28 Champagne,
2185 2479 54 22 ditto
2254 2482 14 20 0
2294 2481 14 20 0
2335 2481 13 19 0
2366 2493 17 6 ..
2402 2480 13 20 0
2442 2480 12 19 C
2481 2479 12 19 0

2020 2507 74 22 Claret
2254 2508 55 20 010
2336 2508 14 20 0
2367 2521 5 5 .
2380 2521 4 4 .
2404 2508 13 19 0
2443 2507 13 19 0
2482 2507 11 17 0

1910 2535 122 21 Poultry:
2048 2534 79 27 Fowls,
2133 2541 41 20 per
2180 2534 48 27 pair
2233 2550 6 6 .
2255 2536 14 19 0
2296 2535 13 21 3
2338 2535 12 19 6
2367 2547 18 6 ..
2404 2535 13 19 0
2443 2533 13 20 5
2484 2535 10 17 0

2046 2561 84 27 Ducks,
2140 2561 57 21 ditto
2216 2563 51 19 ..0
2294 2561 13 20 5
2336 2562 13 19 0
2366 2574 18 6 ..
2402 2561 14 19 0
2443 2561 13 19 8
2484 2561 11 18 0

2047 2588 79 27 Geese,
2137 2588 55 21 each
2214 2603 5 4 .
2228 2603 4 5 .
2252 2589 53 20 010
2334 2589 13 19 0
2364 2601 5 6 .
2377 2601 5 6 .
2400 2589 14 18 0
2430 2587 24 21 12
2484 2587 11 20 0

2046 2615 107 27 Turkeys,
2165 2615 52 22 each
2255 2616 9 20 1
2294 2616 14 20 0
2336 2615 37 20 0.
2380 2628 5 5 .
2407 2615 7 19 1
2443 2614 13 20 5
2485 2614 11 19 0

2048 2642 102 27 Pigeons,
2161 2642 78 27 (wild,)

2072 2677 41 20 per
2122 2669 49 28 pair
2254 2671 14 19 0
2295 2671 13 19 0
2337 2669 81 21 0..0
2444 2669 14 20 0
2484 2669 12 19 0

2048 2696 83 27 Ducks,
2140 2696 36 22 do.
2186 2696 51 22 do..
2256 2697 14 20 0
2296 2697 13 20 5
2338 2697 81 20 0..0
2444 2697 14 19 0
2484 2695 12 20 0

1910 2725 75 22 Egos:
2004 2725 42 21 Per
2056 2723 71 23 dozen
2257 2725 13 19 0
2297 2724 15 20 2
2339 2724 13 20 0
2369 2736 18 6 ..
2406 2724 14 18 0
2444 2723 14 21 3
2485 2723 12 19 0

1910 2753 79 21 Cows:
2005 2751 70 23 Milch
2244 2751 26 21 12
2297 2752 14 18 0
2338 2751 14 20 0
2369 2750 51 21 ..30
2444 2751 14 19 0
2485 2750 12 19 0

1911 2780 98 21 Mares:
2026 2779 73 22 Brood
2242 2779 28 20 20
2297 2779 13 19 0
2339 2779 13 18 0
2369 2777 51 21 ..70
2444 2778 15 18 O
2485 2777 13 19 0

1912 2807 117 21 Working
2047 2806 119 22 Bullocks
2174 2812 6 14 :
2202 2805 43 21 Per

1938 2834 50 27 pair
2244 2833 28 21 30
2299 2833 13 19 0
2340 2833 13 18 0
2371 2831 50 21 ..40
2446 2831 14 19 0
2486 2831 12 19 0

1912 2861 65 21 Hire
1988 2868 26 13 of
2026 2868 65 13 ditto
2099 2867 6 14 :
2121 2859 44 22 Per
2172 2859 49 28 day,
2231 2865 13 15 a
2277 2866 3 3 •

1939 2890 61 19 team
2010 2887 46 22 and
2062 2887 74 21 driver
2260 2887 8 20 1
2299 2887 14 19 0
2340 2887 13 19 0
2371 2899 18 5 ..
2408 2887 13 19 0
2447 2886 15 20 0
2486 2885 13 19 0

1912 2914 89 22 Sheep:
2017 2913 61 22 Each
2256 2914 14 21 0
2284 2913 26 20 15
2339 2914 14 20 0
2369 2925 19 7 ..
2409 2912 49 21 15
2486 2912 12 20 0

1912 2941 64 22 Boat
1988 2941 71 22 Hire:
2076 2941 43 21 Per
2124 2940 51 30 day,
2181 2939 63 22 with-

2103 2970 40 19 out
2152 2967 72 23 hands
2234 2968 36 20 .0
2284 2967 28 21 10
2338 2968 14 19 0
2369 2980 5 6 .
2382 2980 6 6 .
2408 2967 9 20 1
2446 2968 14 20 0
2486 2965 13 21 6

1912 2995 87 22 Wages
2006 3001 5 14 :
2040 2995 140 26 Mechanics,
2205 3001 40 21 per

2073 3022 43 26 day
2257 3022 14 20 0
2298 3021 14 20 6
2340 3022 48 20 0..
2408 3022 13 20 0
2447 3021 13 20 8
2486 3020 13 20 0

2049 3048 126 23 Labourers
2193 3049 77 20 ....0
2296 3048 14 21 3
2338 3048 82 21 0..0
2446 3047 12 22 5
2485 3047 12 20 0

2150 3075 121 23 DUTIES.

1913 3104 100 22 British
2025 3104 90 21 Si-irits
2329 3104 33 20 4s.
2371 3109 40 21 per
2419 3101 79 27 gallon.

1912 3131 107 22 Foreign
2032 3130 54 22 ditto
2330 3130 32 21 ss.
2373 3136 38 20 per
2418 3127 82 28 gallonv

1912 3158 107 22 Tobacco
2029 3157 177 27 manufactured,
2334 3158 28 20 Is.
2371 3163 40 20 per
2419 3155 29 22 lb.

2028 3184 206 23 Unmanufactured
2329 3182 37 23 *>d.
2377 3189 39 21 per
2423 3181 29 22 lb.

1913 3213 77 22 Snuff
2331 3212 30 20 2s.
2371 3209 76 30 perlb.

1914 3240 88 21 Cigars
2331 3238 31 21 2s.
2371 3236 78 28 perlb.

1914 3267 84 22 Wines
2322 3264 25 21 15
2360 3269 39 21 per
2408 3265 56 19 cent.

1914 3294 57 27 Tea,
1986 3295 84 27 Sugar,
2086 3294 87 26 Flour,
2192 3293 95 25 Wheat,
2296 3293 9 20 1

1932 3321 47 22 and
1988 3322 65 21 other
2062 3322 86 26 Grain,
2159 3322 13 19 5
2181 3326 39 21 per
2230 3322 57 19 cent.
2300 3316 5 23 I
2345 3330 14 21 d
2369 3330 98 23 valorem

1915 3348 39 22 All
1964 3348 63 22 other
2036 3348 104 22 Foreign
2146 3346 141 28 productions
2298 3340 13 42 f
2330 3340 29 12 au
2366 3355 4 3 .
2369 3340 13 13 v
2384 3340 90 13 »»»«»».

1928 3376 44 22 and
1978 3375 165 22 manufactures
2151 3374 26 20 10
2183 3379 38 21 per
2228 3376 58 18 cent.
2292 3370 13 28 J

2115 3399 185 23 EXCHANGE.

1915 3444 18 10 t>
1992 3442 38 12 u-n
2090 3442 11 12 t
2122 3448 14 6 ~
2140 3440 43 14 a^
2218 3426 49 24 /30
2276 3427 20 22 &
2308 3429 28 20 60
2348 3427 55 27 days
2413 3427 62 27 sight,
2485 3427 13 20 2

1915 3444 68 22 Bank
1992 3442 50 22 bills
2052 3449 27 15 on
2089 3440 96 24 London
2265 3462 16 20 p
2282 3462 23 14 er
2316 3458 52 18 cent
2369 3443 129 39 /premium.

1915 3484 36 22 On
1960 3483 89 28 Sydney
2334 3482 73 21 Ditto.

1915 3511 90 22 Private
2014 3510 49 22 bills
2266 3516 2 4 •
2311 3508 112 23 Nominal.

1935 3565 41 17 Tie
1986 3564 48 17 Nemt
2044 3563 98 16 ZsAfcAMD
2153 3563 93 16 Gazettjb
2251 3563 37 16 and
2298 3563 135 16 Wellington
2444 3562 54 15 Sjpxc-

1913 3590 66 13 tatob
1985 3585 16 17 is
2007 3584 95 22 published
2108 3588 56 17 every
2169 3584 114 21 Wednesday
2293 3583 38 18 and
2341 3583 92 20 Saturday.
2453 3581 43 17 Sub-

1912 3607 64 21 joined
1982 3610 31 13 are
2019 3606 31 16 the
2056 3606 88 15 terms:-r-

1936 3628 64 16 Phice
2007 3631 24 12 op
2037 3630 40 13 the
2084 3626 76 16 Papjer.
2160 3634 22 4 —
2182 3626 54 21 Forty
2240 3625 86 22 shillings
2333 3627 32 19 fer
2374 3628 73 15 annum,
2456 3626 41 18 pay-

1914 3649 42 17 able
1962 3649 19 16 in
1988 3649 79 15 advance
2072 3652 4 14 ;
2086 3651 22 13 or
2113 3647 88 21 sixpence
2206 3647 31 17 foe
2240 3646 60 22 single
2312 3647 92 16 numbers.

1936 3669 155 18 Advertisements
2098 3668 38 17 will
2142 3670 35 15 not
2182 3673 66 16 appear
2256 3668 23 17 in
2287 3668 33 17 the
2330 3667 79 20 ensuing
2418 3665 73 18 number

1915 3691 17 17 if
1940 3690 83 18 received
2029 3690 46 16 later
2080 3689 47 17 than
2138 3690 21 16 10
2166 3689 73 19 o'clock,
2247 3694 48 14 a.m.,
2302 3693 24 12 on
2334 3689 30 16 the
2371 3687 89 21 mornings
2467 3686 29 16 be-

1915 3713 38 16 fore
1967 3711 117 21 publication.
2106 3710 159 17 Advertisements
2279 3710 36 16 will
2326 3710 22 16 be
2359 3708 95 17 continued
2461 3706 33 17 and

1915 3732 78 21 charged
2004 3732 50 16 until
2061 3728 168 23 counter-ordered;
2240 3731 46 17 such
2292 3730 53 18 order
2350 3730 50 16 must
2407 3730 21 16 be
2435 3729 39 16 sent
2480 3728 17 13 to

1915 3755 32 15 the
1957 3753 55 17 OflSce
2024 3754 35 15 two
2077 3753 52 19 days,
2141 3753 62 17 before
2211 3752 120 21 publication,
2341 3751 37 16 and
2388 3751 49 17 must
2445 3750 22 15 be
2477 3748 19 15 in

1915 3774 80 21 writing.
2018 3773 158 18 Advertisements
2189 3774 82 17 received
2289 3772 52 23 after
2358 3772 21 17 10
2394 3770 65 17 o'clock
2474 3771 28 13 on.

1916 3796 84 20 Tuesday
2013 3795 36 15 and
2059 3794 67 22 Friday
2136 3795 94 21 mornings
2240 3791 39 21 -will
2288 3795 22 18 be
2321 3792 78 21 charged
2409 3791 50 18 twice
2467 3790 30 15 the
2512 3797 5 5 %

1917 3816 54 18 usual
1976 3817 54 16 rates.

1938 3837 31 17 All
1975 3837 66 18 orders,
2052 3836 159 20 advertisements,
2220 3836 38 16 and
2268 3833 162 19 communications
2440 3834 18 15 to
2468 3831 30 16 the

1918 3859 70 18 Editor,
1993 3862 32 13 are
2030 3857 97 20 requested
2133 3859 19 15 to
2159 3859 22 15 be
2187 3856 98 19 addressed
2290 3857 19 15 to
2315 3855 38 16 this
2359 3855 62 16 Office.

1407 3144 79 19 Nelson
1510 3144 118 19 Examiner
1651 3143 43 20 and
1716 3143 53 20 New
1793 3142 93 21 Zealand

1300 3163 29 29 JL
1367 3169 110 22 Chronicle
1492 3170 129 27 (published
1630 3172 24 19 at
1664 3169 101 28 Nelson,)
1782 3169 19 22 is
1819 3177 67 20 regu-

1293 3197 55 28 larly
1367 3198 140 21 transmitted
1524 3201 24 18 to
1564 3197 147 27 Wellington,
1731 3196 45 23 and
1790 3205 53 19 may
1857 3197 28 22 be

1293 3225 43 22 had
1346 3227 24 19 at
1378 3224 38 22 the
1426 3224 63 23 office
1499 3225 26 21 of
1537 3224 45 22 this
1591 3232 76 20 paper.

1319 3252 48 24 The
1376 3252 80 20 Nelson
1463 3253 119 20 Examiner
1597 3252 47 22 will
1651 3252 29 21 be
1691 3251 69 22 found
1771 3259 29 14 an
1811 3252 75 21 excel-

1293 3280 48 22 lent
1348 3279 100 22 medium
1457 3279 35 22 for
1503 3279 141 23 advertisers.

1319 3307 77 22 Terms
1407 3306 34 22 for
1450 3306 37 23 the
1498 3314 74 20 paper,
1583 3309 39 20 ten
1631 3306 102 27 shillings
1746 3311 40 22 per
1795 3308 92 25 quarter

1293 3332 93 31 payable
1394 3333 25 22 in
1430 3333 108 22 advance.
1645 3339 2 7 '

1321 3360 81 22 Orders
1424 3360 35 24 fpr
1478 3360 39 22 the
1539 3367 70 22 paper
1632 3360 46 22 and
1700 3360 187 22 advertisements

1295 3386 100 24 received
1405 3389 24 19 at
1437 3387 38 22 the
1486 3387 73 24 Office
1570 3388 26 21 of
1607 3386 45 22 this
1661 3394 77 20 paper.

1466 3438 79 21 Meat
1560 3438 153 26 Company,

1296 3473 73 50 AN
1397 3471 203 23 APPRENTICE
1628 3475 23 15 to
1678 3471 39 23 the
1740 3472 105 22 business
1867 3473 20 21 is

1374 3498 95 24 wanted.
1499 3499 44 22 For
1561 3499 142 28 particulars,
1719 3500 68 27 apply
1804 3507 28 15 on
1849 3499 38 23 the

1293 3527 116 29 premises.

1567 3553 37 23 W.
1619 3553 105 28 Flttger,
1739 3553 120 28 Manager.

1323 3581 131 28 September
1461 3581 36 26 29,
1509 3582 62 21 1843.

1458 3631 79 22 Meat
1569 3632 153 27 Company.

1530 3665 126 23 BUTTER
1832 3661 31 33 J*

1297 3697 161 51 ALWAYS
1471 3704 31 16 on
1512 3697 71 26 hand,
1599 3697 53 25 and.
1659 3701 24 18 to
1696 3697 29 23 be
1740 3697 53 28 had,
1805 3697 84 23 whole-

1376 3725 45 23 sale
1440 3725 44 21 and
1504 3724 74 27 retail,
1598 3728 23 18 at
1640 3723 38 24 the
1701 3725 81 23 lowest
1800 3723 89 24 market

1296 3754 68 27 price,
1379 3760 14 15 a
1410 3752 61 27 large
1491 3751 82 28 supply
1588 3751 26 22 of
1628 3751 39 23 the
1682 3752 129 22 celebrated
1825 3753 64 21 Cow-

1298 3785 88 24 pasture
1395 3779 46 23 and
1450 3779 121 22 Terawitte
1584 3779 70 27 Dairy
1666 3779 86 22 Butter.

1571 3812 35 22 W.
1621 3813 106 26 Flyger,
1743 3812 118 28 Manager.

1325 3841 98 22 October
1432 3840 34 28 27,
1478 3841 62 21 1843.

1288 3896 2 11 !
1431 3904 11 11 _
1489 3887 87 21 Fresh
1591 3885 105 26 Butter,

1289 3920 2 28 |
1315 3923 18 21 A
1351 3921 110 23 LWAYS
1478 3929 30 14 on
1523 3920 51 23 Sale
1590 3923 24 19 at
1630 3920 38 22 the
1679 3920 65 22 Meat
1755 3921 136 28 Company's

1299 3943 51 28 -£lv
1363 3957 4 12 :
1378 3948 117 28 premises.

1289 3980 2 15 i
1306 3988 2 3 •
1325 3982 18 14 '.'
1353 3983 11 14 t
1449 3984 3 10 '
1559 3998 8 11 N
1573 3973 36 25 W.
1626 3974 103 28 Fmtcer,
1745 3974 118 28 Manager.
