3360 6190
703 91 139 46 THE
913 87 213 47 i.YKLL
1192 84 219 51 TIMES,
1479 78 362 52 SATURDAY,
1913 77 353 48 FE3RJARY
2335 82 75 53 28,
2490 83 119 60 18S5.

75 235 223 34 HAMPDEN
325 230 245 36 LICENSING
605 226 222 35 DISTRICT.

176 337 178 34 COUNTY
374 337 55 32 OF
446 332 285 36 INANGAHUA.

83 432 129 53 rpHE
231 431 164 38 following
416 433 24 29 j*
464 432 54 29 the
539 429 172 30 RESUI/r
728 428 34 30 of
783 426 54 32 the

203 487 112 35 POLL
339 487 95 35 taken
461 497 42 23 oil
531 485 54 34 the
610 480 3 44 %
614 486 67 31 2lst
711 482 63 42 day
806 480 34 35 of

82 546 176 42 February,
292 548 90 35 1885,
409 546 47 32 for
489 544 52 33 the
573 550 112 25 return
712 542 31 31 ot
776 539 61 33 five

87 603 163 34 Members
266 604 34 33 of
313 617 18 20 a
347 603 209 34 Committee,
576 602 46 31 for
640 600 53 33 the
711 599 107 32 Licens-

85 663 55 40 ing
157 661 135 33 District
308 661 33 31 of
356 658 176 45 Hampden

252 718 130 33 Names.
603 715 60 31 No.
682 713 37 32 of
732 712 105 33 Votes.

174 775 156 34 LYNCH,
349 778 99 29 Owen
717 773 34 29 21

172 830 240 35 M'GREGOR,
434 828 125 34 Donald
638 854 32 6 ...
717 827 39 31 20

170 887 131 33 DOWN
309 887 57 35 lE,
384 887 133 32 Charles
715 886 41 29 20

170 945 202 40 HUNTER,
393 942 139 36 William
721 942 35 31 19

172 1001 131 36 KERR,
320 1000 143 33 Thomas
720 999 36 31 10

170 1056 253 38 BEAMSLKY,
442 1058 143 33 William
638 1081 33 7 ...
723 1056 32 32 15

171 1117 229 38 KEOGHAN,
419 1115 128 35 Patrick
737 1116 18 31 9

133 1176 35 33 In
186 1174 193 35 accordance
396 1174 77 33 with
492 1173 118 33 section
629 1173 37 31 35
684 1171 36 33 of
734 1174 17 14 44
767 1169 68 34 The

88 1232 194 43 Regulation
299 1233 34 32 of
348 1231 97 33 Local
462 1231 164 32 Election!
640 1232 68 29 Aet,

88 1289 15 33 I
120 1289 120 44 hereby
256 1288 127 34 declare
400 1286 111 45 Lynch
530 1288 111 34 Owin,
663 1286 174 39 M'Gregor

87 1345 139 35 Donald,
240 1342 132 36 Downie
384 1343 141 35 Charles,
541 1343 130 31 Hunter
682 1341 154 32 William,

84 1404 64 33 jtiid
165 1404 82 32 Kerr
263 1402 153 34 Thomas,
435 1401 77 42 duly
536 1399 120 34 elected
674 1399 162 33 members

85 1461 35 33 of
157 1459 53 35 the
247 1459 174 42 Licensing
450 1457 206 34 Committee,
695 1456 48 31 for
780 1454 55 32 the

85 1517 171 37 Licensing
272 1515 133 32 District
422 1514 35 31 of
471 1511 188 42 Hampden.

126 1571 70 35 And
214 1573 31 33 in
263 1581 179 35 pursuance
460 1571 30 32 ol
506 1566 216 36 sub-sections
738 1568 17 32 8
772 1566 63 34 and

86 1633 27 32 5,
132 1630 34 32 of
185 1630 128 32 Section
338 1630 28 33 5,
384 1627 35 32 of
439 1631 18 12 44
475 1625 68 32 The
566 1625 175 39 Licensing
765 1625 70 37 Act,

86 1686 219 35 Amendment
313 1686 70 36 Act,
396 1684 112 35 1882/'
547 1682 16 33 I
573 1679 119 44 hereby
704 1681 133 43 apuoint

84 1745 55 33 the
156 1745 101 32 Court
273 1743 122 33 House.
414 1741 189 44 Hampden,
618 1750 34 21 as
663 1738 54 33 the
734 1738 101 44 place,

85 1802 63 33 and
165 1802 150 41 Tuesday
330 1802 54 32 the
398 1801 73 32 10th
486 1799 62 41 day
562 1799 34 31 ef
607 1797 125 36 March,
746 1799 89 35 1885,

85 1865 33 29 at
137 1861 33 32 11
189 1858 122 35 o'clock
329 1869 88 27 a.m.,
435 1869 35 22 as
485 1855 54 35 the
553 1856 77 33 time
645 1855 45 33 for
703 1853 134 44 holding

85 1916 54 32 the
164 1916 86 31 First
268 1914 144 37 Meeting
429 1918 34 26 to
485 1913 94 30 Elect
602 1922 17 21 a
644 1911 192 32 Chairman:

85 1973 63 33 and
169 1973 14 33 I
202 1973 66 34 also
285 1971 134 44 appoint
436 1969 55 35 the
510 1968 163 38 following
689 1967 80 44 days
791 1967 47 34 for

85 2029 54 32 the
158 2029 161 41 Meetings
335 2028 35 31 of
383 2027 53 31 the
454 2027 172 37 Licensing
642 2025 195 31 Committee

85 2088 47 32 for
147 2086 55 33 the
219 2086 68 33 said
306 2086 125 32 district
447 2087 49 30 tor
512 2084 55 33 the
584 2082 139 41 ensuing
738 2093 78 31 year
831 2091 6 23 :

81 2143 119 34 —loth
218 2142 63 44 day
297 2143 33 33 of
341 2141 123 39 March,
479 2140 55 35 9th
548 2141 61 41 day
624 2140 35 33 of
667 2139 99 37 June,
781 2138 54 35 Bth

84 2202 62 44 day
163 2201 35 33 of
212 2200 201 44 September,
430 2199 64 33 and
510 2198 57 33 Bth
581 2198 62 43 day
655 2197 35 33 of
701 2197 113 32 Decem-

82 2260 66 37 ber,
179 2260 89 30 1885.
313 2257 69 32 The
407 2257 161 38 meetings
592 2261 32 27 to
642 2255 38 31 be
703 2253 74 33 held
807 2259 32 27 at

83 2314 53 33 the
154 2314 100 33 Court
271 2312 122 38 House,
410 2311 188 45 Hampden,
610 2315 34 28 at
658 2309 180 37 12o'clock,

84 2383 95 25 noon,
198 2384 41 20 on
257 2370 54 34 the
329 2370 101 33 above
448 2371 100 32 dates.

125 2427 105 35 Dated
248 2426 64 34 this
329 2424 3 41 4
333 2425 34 33 25
367 2425 38 33 th
424 2425 63 39 day
504 2424 36 33 of
555 2425 176 40 February,
748 2425 90 31 1885.

359 2483 116 32 JOHN
503 2484 39 30 G.
567 2481 189 36 HESLOP,

466 2538 183 41 Returning
665 2537 128 34 Officer.

101 2629 275 38 INANGAHUA
403 2627 179 36 COUNTY
610 2626 209 36 COUNCIL.

102 2746 28 30 A
156 2745 59 34 NY
228 2743 172 36 PERSON
415 2742 101 34 found
530 2741 77 34 with
624 2739 189 36 UNKEGIS-

196 2803 153 32 TERED
387 2801 89 33 DOG
508 2802 67 32 will
606 2801 37 33 be
683 2799 130 33 PROSE-

80 2861 151 34 CUTED
247 2860 136 33 without
398 2859 127 33 further
539 2858 118 34 notice.

124 2954 50 32 All
191 2953 78 40 dog*
287 2952 139 32 without
442 2952 114 31 collars
574 2950 67 32 will
654 2950 37 31 be
706 2949 136 31 deemed

83 3009 232 44 unregistered.

450 3064 32 32 J.
506 3064 40 32 G.
570 3062 189 35 HESLOP,

626 3119 176 40 Registrar.

129 3180 147 34 Reefton,
294 3179 56 33 4th
370 3177 177 42 Tebruary,
565 3177 90 31 1885.

162 3268 47 33 To
225 3267 37 33 be
354 3263 260 56 PRnnn
678 3261 47 33 To
739 3260 38 33 1)0

88 3313 213 36 Distributed.
646 3308 199 32 Distributed

407 3377 41 25 ON
464 3377 66 24 THE

93 3426 462 50 CHAMPION
629 3424 216 42 RACE

188 3494 17 33 1
219 3506 17 21 o
252 3493 38 33 be
308 3504 59 21 run
384 3491 34 33 in
436 3489 192 34 Melbourne
643 3500 42 22 on
700 3488 57 34 7tk

353 3535 127 37 March,
498 3537 89 30 188*.

94 3629 367 54 MEMBERS
513 3627 55 65 £i
623 3625 222 48 EACH.

178 3697 88 32 ALL
278 3694 183 34 PRIZES!
494 3694 56 31 NO
568 3692 176 32 BLANKS
761 3692 6 31 !

153 3791 86 47 The
389 3789 155 63 Sydney
742 3786 103 66 Jocke

96 3858 74 72 IN
191 3856 162 41 thanking
369 3864 175 23 numerous
564 3852 123 33 Client*
702 3850 49 34 for
766 3849 79 34 their

185 3906 134 40 support
335 3901 34 33 in
384 3899 151 44 previous
548 3897 244 34 Consultations
809 3907 36 21 on

98 3952 126 39 Racing
236 3951 136 38 Kvents,
385 3947 62 40 beg
457 3954 32 27 to
502 3946 118 35 inform
631 3944 55 35 the
699 3942 146 42 Snorting

100 3998 110 33 Public
227 4001 31 28 ot
277 3998 77 30 New
367 3995 102 33 South
487 3993 180 33 Walosand
685 3992 160 41 adjoining

99 4044 160 36 Colonies,
287 4043 70 32 that
379 4041 77 42 they
479 4040 83 33 have
584 4038 98 34 made
705 4047 123 29 arrange-

100 4095 106 30 ments
222 4089 47 31 for
284 4086 135 38 holding
435 4097 19 23 &

174 4132 165 48 £5,000
362 4120 415 51 CONSULTATION

254 4178 52 33 All
322 4175 107 34 Prizes
448 4175 8 32 !
480 4175 52 31 No
542 4166 128 40 blanks
682 4173 6 31 !

100 4226 70 33 ON
203 4222 122 35 THE
360 4218 301 36 CHAMPION
698 4217 147 32 RACE

156 4272 47 33 To
219 4271 38 32 be
274 4280 59 22 run
349 4269 33 31 in
403 4266 188 34 Melbourne
608 4276 41 22 on
667 4264 55 33 the
737 4263 56 34 7th

286 4315 63 44 day
365 4315 34 33 ol
416 4311 122 42 March,
558 4312 78 34 1885

142 4367 107 31 When
273 4365 54 30 the
344 4363 165 32 following
532 4361 108 30 Prizes
663 4358 63 32 will
752 4358 45 31 dis-

371 4404 142 38 tributed
617 4415 6 11 '

144 4461 87 31 First
250 4456 105 32 Horse
515 4473 19 19 *
710 4451 108 33 £ISOO

145 4502 126 37 Second
289 4501 106 33 Horso
757 4497 60 32 800

144 4551 102 35 Third
268 4550 106 33 Horse
755 4544 63 33 400

145 4598 104 35 Other
263 4596 140 33 Starters
421 4592 132 37 (divide)
627 4616 33 7 ...
757 4591 60 30 SOD

144 4646 27 32 N
177 4645 200 33 on-Starters
396 4638 131 45 (divide)
759 4637 61 32 500

478 4731 94 31 Total

700 4730 121 35 £3,500

106 4783 132 71 TIIFi
254 4779 184 37 remaining
457 4777 106 33 £ISOO
579 4776 65 33 will
659 4775 40 33 be
713 4776 132 31 investor

214 4830 42 40 by
279 4828 53 32 the
350 4825 82 32 Club
449 4826 30 30 in
506 4823 134 37 making
663 4835 17 19 a
706 4820 89 34 Book
819 4833 26 20 or

106 4875 55 36 the
205 4875 147 33 Autumn
391 4868 155 43 Meeting,
592 4868 100 33 1885:
716 4866 71 34 that
823 4866 22 32 is

108 4925 109 40 laying
247 4920 63 34 and
341 4918 114 39 taking
485 4917 54 33 the
570 4915 80 32 odds
675 4915 40 40 by
743 4926 19 21 a
791 4925 54 21 nev

109 4974 134 38 system,
274 4965 57 34 the
356 4973 125 24 success
504 4960 37 33 of
558 4960 106 33 which
692 4960 60 32 has
781 4959 64 32 beei

108 5012 191 49 practically
313 5009 132 47 proved.
489 5007 69 33 The
577 5006 163 34 Members
761 5005 36 33 of
807 5005 38 34 th<

109 5061 106 35 S.J.T.
233 5059 83 35 Club
329 5057 97 42 being
440 5056 74 32 well
531 5053 169 34 informed,
714 5052 61 33 and
790 5064 55 22 eon

109 5099 115 42 nectect
249 5105 80 34 with
354 5104 55 32 the
440 5099 155 45 principal
623 5099 151 33 Trainers
799 5110 46 21 an<

113 5154 244 34 Performances
379 5148 31 33 of
437 5148 86 33 their
548 5146 133 36 Horsot,
706 5156 52 21 are
790 5144 33 33 in
844 5144 1 44 i

111 5200 140 46 position
282 5203 33 27 to
352 5199 83 29 state
464 5193 71 33 that
565 5192 55 32 the
656 5192 116 35 £1,500
800 5190 45 33 wil

113 5246 113 35 realise
249 5257 19 20 a
292 5241 179 34 handsome
494 5237 106 43 profit,
627 5237 57 33 the
707 5237 103 32 whole
834 5249 11 20 o

113 5292 106 36 which
249 5289 67 34 will
345 5287 41 35 be
421 5284 131 36 divided
586 5287 151 35 amongst
774 5282 71 34 thos

114 5338 203 37 Subscribers
348 5334 75 33 who
457 5343 85 21 were
575 5329 221 35 unsuccessful
832 5341 13 21 11

111 5386 148 37 drawing
282 5396 19 20 a
325 5383 91 32 Prize
433 5379 30 33 in
482 5378 54 33 the
562 5378 119 35 £3,500
704 5375 141 33 DUtribu

113 5436 79 34 tion.
237 5430 104 35 There
355 5426 64 35 will
436 5425 38 33 be
491 5435 41 21 no
555 5422 116 34 blanks
694 5421 151 33 whatevei

114 5481 53 34 All
186 5475 203 36 Subscribers
405 5484 53 22 are
476 5482 71 21 sure
565 5476 32 26 to
613 5469 110 32 obtain
735 5480 17 19 a
765 5467 80 32 Prize

114 5528 55 35 the
201 5522 129 44 highest
359 5519 97 40 being
494 5517 127 34 £1.500.
680 5514 47 33 1©
758 5513 86 33 obtai

113 5575 105 32 better
242 5570 138 34 chances
413 5566 50 34 for
488 5562 166 42 investing
680 5560 128 43 surplus
838 5571 7 21 c

116 5620 130 37 £1,500,
263 5616 87 42 early
367 5611 198 46 application
582 5618 182 32 necessary.

158 5711 69 35 Add
257 5707 167 39 exchange
454 5710 32 29 to
523 5702 152 45 cheques,
708 5698 63 36 and
807 5703 38 29 tw

111 5766 128 36 gtamps
254 5757 49 31 for
318 5754 91 42 reply
421 5752 63 31 and
497 5750 109 31 result.
655 5748 124 30 Letters
797 5757 47 19 cot

111 5806 128 38 taininjr
255 5800 77 37 cash
349 5798 115 35 should
482 5797 37 34 be
536 5791 187 42 registered.
758 5790 87 36 Drafl

112 5865 36 22 •r
162 5853 34 31 P.
211 5851 37 31 O.
261 5847 117 34 Orders
394 5844 96 32 made
508 5842 135 35 payable
661 5846 31 24 to
695 5858 39 4 —

305 5890 144 38 JAMES
483 5885 224 39 WALLACE,

455 5937 168 33 Secretary
641 5932 147 34 S.J.T.C.

424 5984 70 34 Box
510 5982 70 34 784,
600 5978 133 37 G.P.0.,

534 6025 144 46 Sydney,
697 6024 133 34 N.S.W.

891 220 424 49 WELCOME
1403 217 220 53 INN,

1181 292 123 34 Lyell.

983 421 162 36 Ellen
1219 418 291 42 Williams,

851 479 4 54 ;
873 482 70 51 J.N
1170 479 117 34 tliitliivS
1312 485 47 24 tui'
1484 479 138 27 i;.t\ollls,

854 534 1 49 !
960 545 74 38 begs
1056 552 31 24 tu
1115 543 115 32 inform
1253 540 58 33 her
1333 538 121 33 friend*
1479 536 64 33 and
1571 534 52 33 the

854 598 2 57 j
872 607 106 43 public
1004 607 70 34 that
1101 606 56 33 she
1187 606 58 31 lias
1272 604 67 42 just
1365 598 182 44 com[)leted
1573 608 33 21 ex-

854 654 2 49 i
873 670 120 33 tensive
1018 668 161 33 additions
1208 666 64 33 and
1296 662 188 35 alterations
1512 667 32 25 to
1568 658 57 32 her

854 722 3 61 J
873 732 165 44 premises,
1063 731 63 33 and
1152 730 52 33 the
1232 726 245 35 accomodation
1501 722 26 33 is
1551 732 68 22 now

1132 790 226 43 unsurpassed.

854 858 2 29 I
1212 874 79 3 ___

853 905 3 54 I
872 920 86 39 Ales,
991 917 119 40 Wines,
1138 917 64 33 and
1230 915 115 44 Spirits
1376 912 34 34 of
1438 908 188 35 First-class

1078 982 132 41 Quality
1226 980 78 40 only.
1319 979 86 41 kept.

852 1070 3 42 '■
1106 1072 89 35 Good
1219 1070 159 42 Stabling.

853 1161 3 39 :
1078 1164 148 36 ELLEN'
1257 1161 245 36 WILLIAMS,

1325 1228 260 29 I'IIOPRIETUKSS.

873 1333 468 43 COMMERCIAL
1370 1328 253 43 HOTEL,

1014 1402 117 32 Cliff
1162 1401 155 35 Strkkt,
1349 1392 134 37 LYKLL.

873 1497 128 69 The
1019 1491 227 44 undersigned,
1265 1490 121 39 having
1402 1488 131 33 become
1550 1486 55 33 Pro-

978 1542 120 43 prietor
1128 1542 30 29 ot
1188 1539 56 31 the
1283 1537 100 31 above
1413 1534 211 31 well-known

871 1589 111 38 Hotel,
999 1588 100 42 hopes
1115 1585 42 34 bv
1174 1585 89 33 strict
1280 1581 158 35 attention
1458 1587 31 26 to
1507 1579 53 34 the
1579 1590 28 21 re-

870 1637 199 41 quirements
1082 1623 94 41 oftiie
1186 1637 132 35 patrons
1335 1630 30 28 ot
1379 1628 54 31 the
1447 1627 101 30 house
1560 1625 62 31 and

870 1684 54 32 the
936 1680 106 45 public
1052 1677 162 46 generally
1225 1682 33 28 to
1269 1674 95 34 merit
1375 1686 17 21 a
1409 1671 214 35 continuance

871 1730 34 31 of
924 1729 54 31 the
1004 1726 112 33 liberal
1141 1729 133 38 support
1298 1721 143 31 hitherto
1466 1718 157 33 accorded

1087 1772 54 35 the
1157 1767 259 39 establishment.

911 1869 68 33 The
1010 1866 157 45 premises
1194 1864 82 33 have
1296 1862 69 43 just
1391 1858 187 42 undergone
1607 1869 16 21 a

871 1914 161 40 thorough
1075 1910 205 35 renovation,
1325 1907 63 31 and
1433 1905 190 33 Travellers,

870 1960 149 38 Visitors,
1051 1957 64 35 and
1146 1956 110 35 others
1283 1952 64 35 will
1372 1962 72 23 now
1472 1949 69 35 find
1571 1948 52 34 the

872 2006 214 33 Commercial
1117 2016 60 19 one
1204 2009 31 23 ot
1261 2002 54 30 the
1343 2000 69 30 best
1440 1998 91 30 fitted
1562 1996 61 31 and

872 2057 85 29 most
986 2048 225 37 commodious
1235 2045 115 34 Hotels
1381 2055 40 21 on
1454 2042 52 34 the
1539 2041 86 32 West

872 2101 107 32 Coast.

914 2194 72 31 One
1023 2200 40 25 of
1096 2189 162 33 Alcock's
1295 2187 88 30 Best
1423 2184 163 31 Billiard

1178 2235 140 32 Tables.

876 2331 110 34 Wines
1002 2328 63 35 and
1085 2326 117 46 Spirits
1219 2326 32 32 of
1266 2325 54 33 the
1331 2324 70 33 best
1412 2320 126 46 quality
1551 2319 75 44 only

1213 2373 86 41 kept.

915 2466 188 36 First-class
1126 2464 119 42 Livery
1268 2462 64 34 and
1351 2463 9 30 1
1370 2462 54 31 >nit
1449 2459 138 38 Stables,

1122 2511 71 32 well
1211 2509 158 37 supplied.

1101 2603 106 36 JAM
1218 2603 57 33 as
1305 2601 249 42 ORMOND,

1084 2646 91 38 (Late
1193 2645 35 34 of
1244 2645 172 43 Westport)

1354 2692 193 41 Proprietor,

987 3135 60 42 To
1074 3134 131 42 Stand
1228 3133 83 42 this
1342 3134 168 40 Season.

1203 3196 69 33 The

1035 3254 191 34 Clvdesdale
1244 3253 115 33 Entire
1376 3254 102 33 Horse

1162 3450 172 31 Pedigree
1350 3459 6 22 :

885 3518 239 70 NUGGET
1169 3518 24 30 is
1237 3529 17 19 a
1298 3518 154 40 powerful
1498 3518 130 38 draugbl

1011 3563 139 33 Stallion
1176 3562 76 33 with
1279 3574 17 20 a
1327 3563 149 42 splendid
1503 3572 125 34 temper

885 3621 61 33 His
975 3621 68 33 Sir#
1070 3632 66 22 was
1159 3620 151 38 Glancer,
1333 3621 163 45 imported
1521 3621 43 43 by
1590 3621 38 34 Mi

885 3679 86 32 Wrn.
1011 3678 177 32 Robinson.
1255 3678 95 33 Dam.
1399 3681 162 31 Diamond
1600 3680 28 32 I>\

886 3735 163 32 Farmer's
1073 3734 99 43 Glory
1198 3733 161 43 imported
1383 3734 42 45 by
1449 3736 53 32 Mr
1528 3735 100 34 Henn

889 3792 174 39 Redwood,
1080 3793 195 41 grand-dam
1293 3793 41 42 by
1353 3793 85 34 Lord
1454 3794 113 42 Clyde,
1582 3795 44 30 iin

887 3850 111 44 ported
1014 3850 42 43 by
1074 3850 51 34 Mr
1144 3850 47 34 \V.
1213 3851 92 38 Paul,
1329 3857 90 36 great
1442 3851 185 41 grand-dan

888 3908 41 43 by
944 3907 99 34 CU'tL)
1061 3908 47 33 Cii
1121 3921 9 19 i
1145 3920 20 21 n
1183 3908 18 32 >i
1216 3918 42 25 m,
1276 3909 44 33 i.a
1463 3909 41 43 by
1533 3908 52 33 Mr
1608 3908 20 33 13

888 3967 177 35 Redwood.

1196 4024 138 33 Terms:

930 4080 122 33 Season
1070 4081 106 32 Mares
1193 4082 56 38 &>,
1265 4082 138 42 payable
1422 4084 48 31 Ist
1480 4083 148 41 January

891 4139 89 33 1885.

1151 4197 96 31 GUAR
1252 4207 104 22 antes
1374 4207 5 21 :

873 4254 2 57 I
935 4254 38 33 £1
1010 4255 51 31 10s
1091 4265 42 21 on
1164 4255 71 33 first
1270 4256 145 35 service;
1449 4255 134 34 balance
1616 4266 12 21 o

873 4309 2 49 !
892 4310 44 34 .£2
954 4311 53 33 10s
1024 4309 135 46 pabable
1174 4321 42 24 on
1235 4311 48 35 Ist
1297 4311 159 47 January,
1473 4314 89 33 1885.

1266 4371 39 29 R.
1332 4372 35 29 T.
1396 4372 170 35 WOLFF,

1410 4427 197 46 Proprietor.

976 4484 175 33 Left-hand
1171 4485 144 40 Branch,

934 4543 49 34 Ist
999 4544 100 41 Sept.,
1118 4544 90 34 18S4.

898 4640 115 49 W0
1046 4642 38 45 L
1115 4642 37 45 F
1230 4643 179 47 AND
1499 4644 122 46 CO.

1052 4754 215 32 Wholesale
1281 4765 65 21 and
1367 4756 127 31 Retail

1019 4817 41 46 U
1116 4816 42 45 T
1212 4818 37 46 C
1298 4819 73 54 H,
1399 4821 38 43 E
1487 4821 38 43 R
1576 4819 33 45 S

1020 4973 133 34 Dealers
1171 4973 33 34 in
1220 4974 44 34 all
1280 4975 214 44 descriptions
1512 4975 37 32 of

918 5032 123 33 FARM
1086 5033 93 32 AND
1225 5033 139 33 DAIRY
1410 5033 218 33 PRODUCE.

901 5124 117 33 Hotels
1027 5124 64 33 and
1108 5126 158 33 Families
1275 5126 118 33 waited
1409 5137 42 21 on
1468 5125 49 32 for
1527 5124 101 33 Order

940 5216 119 33 Orders
1083 5217 164 34 delivered
1270 5223 35 26 to
1331 5218 42 31 all
1400 5223 89 36 parts
1506 5228 20 21 o
1563 5216 53 33 the

1209 5264 146 32 District-

1107 5356 84 33 Note
1211 5356 55 32 the
1285 5356 145 32 Address

925 5403 127 34 tS-\M
1077 5403 27 31 0
1129 5403 28 31 L
1180 5402 25 31 F
1295 5403 135 32 AND
1530 5404 97 33 CO.

965 5459 86 32 Next
1080 5458 56 33 the
1167 5458 226 33 Government
1416 5460 185 43 Buildings,

1080 5515 101 33 Cliff
1205 5514 142 40 Street,
1371 5515 125 35 Lyell.

1688 212 135 45 SOLD
1851 212 128 45 OFF!
2054 211 136 47 SOLD
2219 214 154 47 OFF!!

1845 285 65 23 AND
1928 285 145 23 STARTED
2092 287 112 23 AGAIN.

1661 369 227 47 QELLING
1918 369 158 34 Cheaper
2106 371 94 33 Than
2232 372 180 36 Ever—2o

1698 427 8 14 *
1780 418 53 31 Pti
1875 419 80 31 Cent
1994 418 60 32 le.-'s
2098 419 35 32 t.h
2138 434 16 17 a.
2159 432 19 20 n
2218 433 63 28 any
2319 422 92 32 other

1966 463 120 32 House.

1847 555 107 33 JUST
1979 557 225 33 AURIVKD:

1712 611 99 45 Five
1854 612 124 44 Cases
2020 614 139 54 Fancy
2201 615 149 50 Goods,

1698 675 183 38 Consisting
1900 677 34 31 of
1952 676 121 33 Ladies'
2100 678 97 32 Hand
2218 679 85 37 bags,
2326 680 66 32 Reti-

1658 720 94 39 cules,
1770 722 130 40 Combs,
1919 723 151 36 Brushes,
2094 724 103 33 Toilet
2218 724 191 43 Requisites,

1660 768 120 32 Scents.
1801 770 185 39 Stationary
2011 773 123 31 Scents,
2160 772 125 31 (!.]>.!).
2309 772 99 40 Pipes,

1658 814 151 31 Assorted
1827 814 92 32 Jiriar
1947 815 101 42 Pipes.
2069 816 208 32 Meerchaum
2304 817 104 42 Pipes,

1660 858 131 33 Amber-;
1822 860 62 32 arid
1917 861 157 37 Ferrules,
2108 862 42 32 all
2182 862 93 32 kinds
2315 863 93 38 Pens,

1627 904 1 49 ;
1641 904 3 49 j
1661 904 133 35 Pencils,
1823 905 117 32 Pocket
1971 906 134 35 Knives,
2146 907 90 32 Table
2265 908 143 38 Cutlery,

1641 947 3 45 i
1658 950 50 33 Jet
1747 952 154 40 Earrings
1938 953 64 32 and
2047 953 173 37 Brooches,
2265 954 144 34 Tobacco

1640 993 4 49 I
1661 997 153 39 Pouches,
1850 999 121 35 Purses,
2011 999 125 32 Ladies'
2176 1000 232 42 Companions.

1642 1042 2 48 I
1661 1042 106 44 Fancy
1816 1043 205 40 Workboxes,
2068 1044 91 33 Pearl
2204 1046 63 31 and
2316 1046 93 33 Glass

1663 1089 110 36 Beads,
1799 1090 136 44 Playing
1959 1091 109 38 Cards,
2093 1091 156 41 Cribbage
2275 1093 133 39 Boards,

1754 1139 114 33 Slates,
1887 1139 115 32 School
2020 1140 85 40 Bags
2122 1140 62 31 and
2202 1140 117 31 Books.

1903 1231 97 31 TWO
2028 1232 134 31 CASKS

1659 1286 194 41 Containing
1892 1286 103 33 Music
2034 1287 104 32 Boxes
2185 1287 59 36 (six
2289 1289 119 38 tunes),

1627 1332 1 37 i
1659 1332 124 32 Violins
1820 1333 32 31 in
1898 1344 81 24 case,
2026 1333 206 36 Accordians,
2274 1334 135 32 Musical

1658 1377 145 37 Albums,
1854 1378 246 35 Tambourines,
2143 1379 131 43 Banjos,
2328 1380 60 32 Con-

1696 1427 150 37 certinas,
1863 1427 118 31 Tutors
1997 1427 49 31 for
2068 1425 44 32 all
2140 1426 226 33 Instruments.

1919 1518 89 32 ONE
2033 1520 108 31 CASE

1659 1573 194 35 Invincible
1874 1574 109 34 Music
2004 1574 178 35 Machines
2204 1575 63 35 and
2294 1575 114 34 Music.

1656 1622 25 29 A
1697 1621 86 31 child
1799 1624 17 28 5
1841 1633 77 29 year
1935 1622 52 31 old
2003 1634 60 20 eau
2081 1623 74 41 play
2181 1623 102 32 them.
2333 1623 75 31 Five

1660 1665 154 35 Hundred
1851 1667 139 34 selected
2028 1668 107 44 pieces
2164 1674 30 29 ot
2236 1665 104 37 Music
2378 1677 31 25 to

1975 1716 112 31 arrive.

1921 1809 27 30 A
1966 1809 26 30 L
2011 1811 19 29 3
2049 1812 80 35 o,

1659 1852 216 35 Harmonium
1906 1853 76 34 with
2015 1855 47 33 six
2094 1860 88 30 stops
2200 1865 6 27 ;
2239 1866 61 22 owe
2330 1854 78 34 with

1656 1900 195 31 kue«-sw®ll.
1900 1902 115 31 Pianos
2032 1903 69 30 sold
2118 1903 102 39 cheap
2244 1903 51 30 for
2311 1903 97 35 Cash,

1724 1944 65 35 ami
1806 1956 39 22 on
1865 1944 54 35 the
1936 1945 77 35 time
2031 1957 62 33 pay
2096 1957 52 24 me
2154 1953 33 27 at
2204 1952 135 31 system.

1639 1990 1 22 i

1627 2011 1 32 '
1638 2011 3 32 |
1992 2011 4 32 '

1639 2037 3 60 ;
1888 2037 238 59 Jewellery:

1639 2101 3 37 !
1658 2101 26 30 A
1719 2102 102 36 grand
1852 2102 153 32 selection
2037 2103 36 32 of
2100 2103 83 32 Gold
2215 2103 63 32 awd
2310 2103 103 32 Silver

1640 2147 3 43 i
1658 2147 180 43 Jewellery,
1870 2149 42 33 all
1943 2161 71 21 new
2052 2149 152 40 designs;
2243 2149 168 33 Waltham

1640 2194 4 43 1
1661 2194 159 32 Watches.
1926 2197 50 31 15s
1995 2206 7 27 ;
2044 2196 132 41 English
2210 2197 132 33 Levers,
2368 2197 44 30 Mb

1640 2241 3 44 i
1660 2241 150 42 upward*
1828 2253 5 21 :
1879 2242 41 33 all
1961 2243 129 33 makers
2126 2242 77 43 kept
2240 2242 34 32 in
2312 2241 100 33 stack.

1641 2281 3 57 |
1660 2286 297 37 Clocks—Alarms,
1978 2289 134 35 Marble,
2130 2288 126 32 Freneh
2278 2289 19 30 B
2314 2287 101 41 Might

1999 2335 72 43 day.

1757 2382 191 31 Wertjikim
1968 2383 134 30 Sewing
2120 2382 190 31 Machines.

1642 2425 2 19 i

1642 2449 3 14 i

1642 2468 3 55 i
1928 2473 205 43 Books.

1642 2527 4 56 |
1661 2535 233 45 Shakespeare,
1926 2536 120 40 Burns,
2078 2535 208 41 Longfellow,
2320 2533 76 34 Gold-

1642 2581 4 43 j
1661 2584 111 34 smith,
1795 2584 148 31 Dickens,
1965 2584 83 30 Lord
2068 2584 131 40 Lyttou,
2220 2582 79 30 Miss
2316 2581 80 31 Brad-

1643 2627 92 44 jdon.
1759 2628 117 43 Payne,
1898 2627 176 44 Hayward,
2093 2627 139 39 Hatton,
2252 2625 164 35 Mavkew,

1644 2674 2 40 j
1889 2676 112 34 Noble,
2033 2676 64 31 and
2128 2675 94 32 other
2259 2674 135 32 authors
2411 2684 7 27 ;

1644 2719 3 48 |
1706 2721 119 43 Moody
1856 2722 63 31 ai*d
1948 2721 158 42 Sankey's
2129 2721 117 42 Hymn
2269 2719 109 32 Books

1983 2769 54 31 &*.
2054 2769 53 30 &e.

1825 2860 149 45 Patent
1999 2858 254 46 Medicines:

1665 2925 83 33 Irish
1789 2926 98 33 Mow,
1934 2926 112 31 Avar's
2092 2923 125 41 Cherry
2263 2923 156 37 Pectoral,

1665 2970 125 33 Clark'*
1828 2970 103 31 Blood
1965 2970 151 35 Mixture,
2155 2968 182 42 Hepaticus
2375 2968 44 31 for

1648 3013 3 44 j
1668 3015 93 33 Liver
1777 3015 199 42 Complaint,
1994 3014 83 32 Hair
2096 3014 95 42 Dye*,
2211 3014 101 32 Eno's
2331 3013 88 33 Fruit

1649 3059 2 44 |
1667 3062 81 35 Suit,
1771 3061 228 42 Trieopherus,
2023 3060 204 42 Holloway's
2255 3059 78 31 Pills
2358 3060 61 31 and

1648 3105 4 40 j
1667 3108 180 36 Ointment,
1900 3106 144 34 Cockle's
2090 3105 64 34 and
2208 3106 44 33 Dr
2277 3105 3 40 '
2303 3105 116 34 book's

1649 3151 2 42 |
1667 3154 145 30 Oriental
1846 3153 76 30 Pills
1954 3154 63 30 and
2056 3153 115 36 Elixir,
2211 3153 95 30 Head
2344 3153 75 30 ache

1649 3196 3 46 |
1672 3198 84 34 Pills,
1776 3197 176 40 Neuralgia
1972 3198 86 34 Pills;
2077 3196 146 35 Powell's
2239 3196 135 35 Balsam
2393 3198 26 31 of

1651 3245 2 39 I
1670 3245 146 36 Aniseed,
1835 3245 66 30 Cod
1923 3245 93 31 Liver
2039 3245 61 36 Oil,
2127 3245 130 31 Mother
2281 3245 138 39 Seagle's

1651 3289 3 46 i
1669 3295 105 40 Syrup
1790 3290 64 34 and
1875 3290 86 36 Pills,
1981 3292 45 31 Si.
2048 3290 132 34 Jaeob's
2195 3290 51 34 Oil
2264 3290 94 42 (good
2376 3289 43 34 for

1627 3359 7 8 .
1652 3336 2 43 j
1668 3337 218 42 everything),
1913 3337 58 30 Bin
1977 3344 60 23 iter
2066 3337 152 36 Nervine,
2248 3337 171 41 Eucalypti

1651 3374 3 54 J
1674 3387 173 39 Lozenges,
1865 3383 184 44 Glycerine,
2072 3382 72 46 Hop
2161 3383 132 35 Bitten.
2309 3382 92 35 Eucal-

1652 3424 3 50 j
1668 3434 80 40 ypti.
1774 3432 136 30 Scented
1930 3433 112 38 Soaps,
2062 3432 121 36 Agents
2206 3431 49 30 for
2277 3432 142 29 Baxter's

1653 3475 3 44 j
1674 3480 92 39 Lunjy
1798 3478 179 36 Prsserver,
2008 3475 160 44 Soothing
2199 3476 117 43 Syrup,
2347 3476 54 32 Aro-

1654 3523 2 49 |
1672 3526 97 30 matie
1797 3525 138 29 Mixture
1958 3523 63 31 and
2044 3523 179 31 Alterative
2251 3523 114 35 Elixir,
2390 3523 29 30 T.

1627 3573 12 20 '•
1654 3566 2 45 i
1674 3571 42 31 M.
1736 3568 197 43 Shepherd's
1950 3567 207 41 Queensland
2171 3566 139 33 Asthma
2325 3566 94 32 Herb,

1627 3616 31 50 rj
1676 3617 236 40 Bennington's
1943 3613 84 34 Irish
2063 3613 98 36 Mass,
2201 3613 101 33 Neil's
2336 3612 83 33 Herli

1627 3691 14 20 v
1655 3660 2 51 ;
1671 3665 157 35 Tobacco,
1870 3661 181 34 Dandelion
2091 3661 104 33 Coffee
2234 3660 63 33 and
2337 3660 82 33 Pills.

1627 3706 1 44 '
1656 3706 2 44 ;
1675 3711 109 30 Worm
1804 3711 104 39 Syrup
1926 3707 62 30 and
2013 3706 225 41 Composition
2262 3706 157 31 Powders,

1627 3737 3 62 -
1655 3737 3 62 j
1920 3751 119 38 Herbs,
2127 3751 52 34 &c.

1815 3848 86 45 Ten
1928 3846 122 46 Cases
2075 3846 196 56 Drapery,

1627 3907 13 33 I
1676 3913 114 35 Which
1823 3918 88 28 must
1941 3911 37 32 be
2010 3910 70 33 sold
2115 3910 121 43 Cheap,
2269 3915 32 27 to
2335 3909 84 33 make

1676 3975 86 21 room
1781 3962 49 33 for
1849 3961 76 32 Mew
1951 3961 150 32 Sanson's
2125 3957 109 34 Goods
2259 3965 32 26 to
2316 3957 102 34 arrive

1674 4010 179 40 consisting
1875 4007 34 33 of
1929 4008 81 30 500'.)
2033 4005 98 42 yards
2161 4005 142 31 assorted
2332 4005 87 31 Dress

1678 4055 105 32 Piccor
1804 4054 108 36 (Silks.
1930 4052 131 37 Satin'*,
2075 4050 64 33 and
2150 4050 85 33 Irish
2249 4050 141 42 Poplins,
2401 4062 17 20 o

1627 4092 3 47 ,r
1637 4105 6 11 '
1676 4101 43 31 all
1736 4099 150 40 Shade*),
1904 4097 171 33 Dolman's
2091 4096 138 32 Lister's
2241 4095 63 33 and
2317 4095 100 32 Cloak

1660 4141 1 47 :
1678 4148 66 40 (the
1786 4146 110 32 Latent
1929 4143 179 41 Fashions),
2152 4142 115 33 Ladies
2309 4141 110 34 Under

1660 4189 3 55 j
1677 4191 156 38 elothing,
1852 4191 114 34 Skirts,
1989 4191 111 38 Fancy
2124 4189 182 32 Costumes.
2331 4189 88 39 Bugli

1679 4249 82 22 Jjace
1778 4238 64 32 and
1860 4237 210 41 Trimmings,
2192 4240 199 28 assortment
2404 4247 15 20 o

1821 4286 208 31 Ornaments,
2071 4282 105 31 White
2216 4282 63 31 and
2319 4282 100 31 Crean

1683 4332 91 34 Lies.
1794 4330 164 39 Button's,
1976 4328 92 44 Baby
2089 4327 113 37 Robes,
2230 4326 117 36 Cloaks
2372 4339 47 23 ani

1662 4375 3 41 I
1681 4382 130 28 (iovrns,
1827 4381 94 35 Boys'
1935 4378 97 34 Suits,
2056 4377 92 34 Hats,
2169 4375 147 35 Flannel,
2339 4375 80 30 Mole

1663 4419 3 45 j
1681 4422 71 35 skin
1783 4421 63 35 and
1876 4422 128 42 Carpet,
2044 4421 254 43 Counterpanes,
2335 4419 84 34 Toil©

1664 4483 5 18 f
1682 4473 129 32 Covers,
1839 4469 162 35 Curtains,
2037 4469 103 30 M»n's
2171 4468 63 31 and
2270 4466 148 33 Women'

1664 4502 2 10 i

1665 4512 2 53 |
1682 4516 63 34 and
1783 4515 183 34 Children's
2006 4513 99 35 Socks
2146 4513 62 33 and
2256 4512 163 45 Stocking!

1838 4563 105 32 Shirts
1959 4562 43 33 all
2018 4562 115 36 eolors,
2150 4563 52 31 &c.
2222 4562 51 31 &e.

1640 4679 7 18 ,
1667 4652 1 46 ;
1684 4657 68 32 The
1769 4656 103 33 Trade
1890 4655 147 43 supplied
2062 4656 30 31 in
2118 4666 65 30 any
2207 4654 35 33 of
2262 4652 157 37 the.abov

1667 4701 3 33 !
2011 4701 108 33 Lines.

1668 4740 2 56 i

1668 4791 4 46 !
1689 4796 105 33 Motto
1796 4793 109 35 —The
1928 4793 127 35 Nimble
2082 4793 184 44 Ninepence
2283 4793 90 33 beats
2392 4791 27 34 tli

1642 4855 10 6 •
1669 4854 5 35 |
1937 4842 84 30 Slow
2048 4841 148 37 Shilling.

1688 4936 94 72 E.
1815 4936 89 69 E.
1931 4932 233 71 Issell
2205 4933 64 70 &
2314 4932 105 70 Co

1628 5058 6 6 •
1671 5029 3 44 I
1807 5039 221 32 Palmerston
2048 5038 64 32 St.,
2133 5037 194 33 Westport.

1783 5154 110 53 JOB,
1910 5153 118 44 AND
2046 5151 111 45 ALL
2177 5151 178 45 KINDS

1693 5256 78 47 OF
1802 5251 291 49 PRINTING
2125 5251 294 48 EXECUTE]

1940 5364 97 33 —AT
2060 5362 137 35 THE—

1627 5605 36 34 JS
1736 5610 26 32 A
1780 5605 221 35 CARD.—To
2018 5614 61 23 ALL
2097 5613 76 22 WHO
2187 5613 62 22 ARK
2267 5612 152 24 suffers

1627 5662 33 20 mi
1695 5664 88 23 from
1800 5663 65 22 the
1878 5663 103 21 errors
1994 5651 64 32 and
2074 5650 208 31 iadiscrefcion
2296 5649 55 41 of3
2352 5661 6 8 r
2361 5650 58 30 outi

1627 5696 34 35 ed
1696 5711 139 24 nervous
1866 5697 177 40 weakness,
2072 5695 88 44 early
2187 5694 111 44 doeay,
2329 5694 63 34 loss

1630 5746 31 30 in
1696 5747 178 36 manhood,
1891 5746 66 35 &c.,
1982 5745 15 30 I
2021 5744 67 30 will
2111 5743 80 30 send
2208 5754 18 19 a
2249 5743 105 40 recipe
2382 5743 36 31 th

1627 5801 35 27 W-
1698 5793 64 36 will
1778 5804 74 23 cure
1865 5802 75 33 you,
1954 5788 118 37 FEES
2088 5787 54 35 OF
2156 5786 196 36 CHARGE.
2376 5786 43 36 Th

1627 5843 36 24 »ts
1698 5847 90 31 great
1804 5839 133 39 remedy
1951 5849 65 19 was
2026 5835 185 31 discovered
2224 5835 42 38 by
2275 5846 19 19 a
2305 5835 114 30 missio:

1698 5897 57 32 ary
1780 5886 31 33 in
1835 5882 102 36 South
1962 5880 161 35 America.
2171 5877 85 36 Send
2282 5890 20 22 a
2325 5879 94 34 self-a

1627 5939 36 21 nd
1699 5932 130 32 dressed
1847 5931 155 40 envelope
2020 5928 62 32 and
2105 5927 149 42 sixpence
2279 5933 32 26 to
2335 5938 84 31 prepj

1627 5974 36 33 id.
1698 5984 132 38 postage
1861 5984 32 23 to
1924 5974 54 33 the
2004 5974 76 32 Rev.
2108 5972 129 33 Joseph
2265 5971 35 33 T.
2333 5971 86 35 Inma

1701 6023 125 33 Station
1849 6022 37 31 D.
1907 6021 77 30 New
2004 6018 85 32 York
2107 6019 84 42 City,
2212 6018 117 32 U.S.A.

2662 221 329 50 LINES'

2530 345 25 31 o
2570 345 106 39 ya;l,

2757 347 88 72 M

2864 348 23 31 A
2903 348 14 31 T
2932 348 26 33 L

3106 350 102 35 IMB

2692 466 56 32 OF
2784 465 216 37 'COACHES

2427 553 7 48 j.
2448 545 73 32 Kiui
2542 548 94 44 Daily
2653 550 143 34 between
2823 553 89 42 Lyell
2930 555 64 32 and
3014 556 192 41 [nangahnA

2427 597 4 59 !
2445 602 167 39 Junction,
2640 607 112 43 taking
2780 620 188 33 passtmgers
3000 614 64 32 and
3081 616 123 40 parcel*

2447 659 39 30 foi
2511 659 135 34 iwnelton
2663 675 41 19 on
2733 665 154 41 Monday,
2909 668 214 45 Wednesday,

2427 719 150 44 ■Friday,
2609 724 60 31 and
2711 725 47 33 for
2784 727 160 44 Westport
2975 743 40 19 on
3041 732 164 46 Tuesday,

2426 783 3 50 i
2454 783 8 30 I
2473 783 154 42 hiusday,
2645 788 61 30 and
2727 790 172 43 Saturbay,
2917 794 64 30 and
3007 795 66 32 vie®
3100 807 103 23 versa.

2426 866 3 56 I
2444 875 76 30 Also
2546 880 193 38 connecting
2766 882 77 31 with
2867 885 187 32 Newman's
3084 889 121 33 Nelse*

2471 920 64 32 line
2554 921 35 32 of
2598 923 142 34 Coaches
2754 932 32 27 at
2807 927 87 43 Lyell
2913 941 95 25 every
3026 933 149 47 Tuesday

2712 984 63 30 and
2806 986 129 33 Friday.

2426 1021 3 26 I

2426 1070 2 50 I
2445 1070 235 35 Commissions
2706 1077 166 33 entrusted
2900 1087 31 25 to
2949 1091 36 21 vis
3001 1082 65 33 will
3083 1095 122 25 receive

2426 1133 3 45 I
2670 1133 119 33 earef'ul
2807 1139 171 32 attention.

2426 1183 3 31 j

2426 1227 3 63 |
2445 1237 148 39 Caniage
2610 1250 40 20 on
2669 1240 41 30 all
2744 1242 125 33 Parcels
2887 1257 35 20 or
2950 1248 149 42 Luggage
3116 1257 89 28 must

2426 1293 3 54 j
2486 1293 36 32 be
2540 1294 75 42 paid
2632 1296 107 33 before
2756 1298 143 45 delivery
2917 1305 64 31 will
2998 1306 37 32 be
3054 1319 106 22 <*ive*.

2671 1389 146 36 Coaches
2847 1394 107 36 Leave
2969 1406 6 23 :

2426 1442 3 58 |
2473 1452 36 22 or
2527 1442 164 46 Westport
3038 1458 29 30 fl.

2426 1487 3 55 j
2447 1488 60 34 For
2532 1490 132 35 Ueefton
3039 1506 19 31 3
3127 1518 18 21 a

2426 1581 3 68 I
2446 1581 148 45 Booking
2610 1585 97 35 Office
2790 1616 32 6 ...
2869 1592 218 38 Commercial
3104 1599 103 36 Hotel

2427 1686 2 52 I
2488 1686 38 33 N.
2534 1688 148 36 15.-—The
2711 1694 181 42 proprietor
2917 1698 64 33 will
3012 1707 56 27 not
3101 1702 37 34 be
3155 1715 32 23 re-

2426 1732 4 60 |
2446 1735 161 40 sponsible
2636 1737 47 31 for
2714 1740 207 45 miscarriage
2938 1745 36 31 of
2984 1757 65 25 any
3067 1748 139 44 lugga**#

2427 1778 3 52 |
2445 1778 174 47 belonging
2636 1790 31 27 to
2684 1797 203 33 passengers.

2427 1837 2 70 j
2869 1846 80 35 JOB
2974 1849 147 44 LINES,

2427 1898 3 51 j
2991 1898 193 35 Proorieter.

2600 1996 251 48 NEWM
2884 2006 27 39 A
2934 2006 38 40 N
2997 2009 6 14 '
3025 2008 32 41 S

2537 2131 70 33 0Y
2625 2135 27 31 A
2669 2135 26 32 L

2752 2138 88 71 M

2859 2142 24 31 A
2900 2142 12 31 I
2932 2142 26 34 L

3101 2148 14 34 I
3134 2149 27 33 N
3180 2150 28 35 B

2690 2257 56 32 OF
2770 2260 211 38 COACHES

2496 2367 16 32 I
2520 2370 254 36 WICK-WEEKLY
2813 2376 144 35 SERVICE
2999 2383 168 37 RetWESN

2646 2427 112 33 Lyell
2781 2440 65 23 a\d
2864 2433 148 37 Nelson.

2452 2514 108 33 Leave
2578 2516 96 44 Lyell
2690 2519 49 33 for
2755 2521 121 37 Nelson
2894 2538 97 36 every
3010 2531 207 50 Wednesday

2454 2574 64 31 and
2539 2575 119 42 Friday
2676 2584 31 26 at
2725 2581 18 30 7
2760 2593 92 26 a.m.,
2869 2587 148 42 arriving
3033 2597 33 25 at
3095 2593 108 31 Foxhi

2418 2630 1 58 .
2453 2638 101 36 every
2570 2630 175 49 Thursday
2768 2637 65 34 and
2852 2639 163 49 Saturday
3033 2644 33 35 in
3084 2652 77 31 time
3181 2655 33 29 to

2418 2693 1 48 '
2609 2693 94 31 catch
2721 2695 55 31 the
2793 2698 149 43 mdi-day
2958 2704 96 30 train.

2455 2747 108 37 Leave
2597 2752 125 35 boxhill
2751 2758 49 32 tor
2827 2759 94 39 Lyell
2954 2775 98 32 every
3073 2767 146 45 Monday

2456 2807 64 32 and
2542 2808 204 47 Wednesday
2769 2822 34 25 at
2831 2818 35 31 11
2902 2830 91 28 a.m.,
3019 2823 144 44 arriving

2538 2865 94 43 Lyell
2647 2879 41 21 on
2707 2869 148 47 Tuesday
2874 2876 65 32 and
2956 2878 181 47 Thursday.

2418 2980 6 18 r
2460 2967 195 41 Passengers
2686 2972 123 33 booked
2850 2977 50 31 for
2937 2979 179 45 Hampden
3156 2987 66 32 and

2418 3024 6 66 |
2603 3026 96 33 other
2714 3029 230 38 intermediate
2963 3036 120 42 places.

2418 3118 6 20 5
2439 3109 4 54 !
2666 3121 156 36 Booking
2850 3126 144 36 Offices
3008 3142 7 21 :

2418 3165 6 18 i
2439 3163 3 32 j

2418 3183 24 52 f|
2587 3234 6 12 ,
2889 3194 217 41 Commercial
3127 3202 102 37 Hotel

2418 3255 6 19 8
2439 3243 4 47 1
2895 3243 216 47 Moonlight's
3125 3252 102 33 Hotel

2418 3301 8 22 r
2460 3277 132 37 Foxhill
2680 3311 20 9 ..
2805 3313 35 8 ...
2867 3288 244 49 Gaukrodger's
3125 3296 103 38 Hotel

2418 3347 6 62 J
2852 3354 45 36 H.
2923 3357 220 49 NEWMAN,

2418 3442 9 19 s
2989 3410 185 42 Proprietor

2485 3516 153 45 POST
2691 3523 231 47 OFFICE
2977 3532 214 47 HOTEL

2418 3612 11 32 b
2516 3643 5 5 .
2714 3586 264 86 f'YE^L.

2525 3707 153 50 PEX
2695 3711 96 46 ER
2831 3715 103 47 MA
2954 3720 213 54 NCOS

2474 3780 164 85 I)E(iS
2663 3794 32 25 to
2713 3787 120 36 inform
2857 3793 52 33 his
2934 3796 120 36 triends
3080 3803 66 33 and
3174 3805 55 35 tho

2510 3839 34 27 _J
2592 3832 108 44 public
2728 3834 72 37 that
2830 3838 50 35 his
2905 3852 72 24 new
3002 3851 227 36 coinmodievis

2418 3921 13 21 e
2673 3892 101 33 Hotel
2791 3895 26 30 is
2834 3907 74 22 now
2924 3911 95 31 open.

2419 4017 13 19 %
2471 3982 177 35 Travellers
2671 3988 64 31 and
2760 3991 128 33 visitors
2912 4000 34 26 to
2970 3996 65 33 this
3057 4001 157 35 establish

2418 4050 18 31 »f
2509 4059 91 25 ment
2618 4054 62 31 will
2699 4055 67 33 lind
2783 4058 84 32 their
2880 4063 141 34 comfort
3031 4068 64 31 and
3111 4081 56 21 eea-

2553 4118 154 36 venienee
2721 4122 200 50 thoroughly
2933 4132 153 36 attended
3105 4143 42 27 to.

2420 4202 14 17 ©
2470 4212 5 6 r
2488 4212 6 7 ■>

2418 4217 18 49 )[
2479 4212 7 30 l
2556 4211 174 36 bedrooms
2756 4229 56 21 are
2824 4220 92 42 lofty,
2934 4224 64 32 and
3019 4228 71 32 well
3108 4229 126 44 lighted

2418 4294 16 18 n
2713 4275 65 31 and
2805 4280 189 33 ventilated.

2418 4327 18 34 d

2513 4386 246 33 Comfortable
2796 4392 151 33 Parlors
2981 4408 65 20 ani>
3074 4402 99 32 First-

2418 4470 20 28 <s
2733 4457 100 25 class
2855 4450 122 37 Table.

2418 4525 21 26 *'
2457 4525 2 69 j
2482 4533 63 35 Die
2565 4535 62 34 Bar
2642 4537 27 33 is
2686 4539 133 36 stocked
2833 4542 78 35 with
2930 4546 85 42 Ales,
3031 4549 122 45 Wines,
3171 4558 67 34 and

2539 4600 117 43 Spirits
2671 4604 31 30 ot
2725 4608 200 38 guaranteed
2948 4609 121 38 brands
3085 4617 88 44 only.

2518 4692 28 32 A
2570 4692 169 37 first-class
2765 4698 216 39 sixteen-stall
2998 4706 104 35 stable
3119 4710 86 37 iscea-

2478 4751 116 31 neeted
2611 4754 79 30 with
2709 4755 64 31 this
2791 4757 102 32 hotel.

2780 4825 148 35 PETISK
2958 4831 196 40 MANGOS.

3001 4887 184 45 Proprieor.

2418 4956 30 49 L
2506 4975 135 46 NEW
2691 4979 164 47 CHUM
2898 4984 323 68 BUTCHERY,

2737 5088 256 43 LYELL.

2600 5224 139 46 J-AM
2756 5225 37 46 E
2814 5228 29 47 S
2904 5230 97 47 EJ)
3017 5235 38 43 G
3071 5237 38 47 E

3092 5275 15 8 J
3116 5277 8 15 y

2418 5568 35 4 ~
2469 5556 3 76 !
2487 5570 118 33 Hotels
2622 5572 63 31 and
2704 5573 155 34 Families
2884 5578 118 34 waited
3031 5594 42 22 m
3094 5586 94 46 Daily
3203 5592 55 35 for

2421 5649 18 22 i,
2806 5632 132 34 Orders.

2418 5661 21 21 'U
2446 5673 9 13 T
2470 5661 3 31 ,

2424 5695 34 34 of
2469 5695 5 58 |

2418 5749 36 24 tat
2553 5745 89 31 Meat
2659 5746 173 33 Delivered
2856 5754 32 27 to
2906 5751 41 31 all
2973 5761 90 34 parts
3078 5760 33 30 of
3137 5761 54 33 the

2800 5804 151 41 District.

2418 5847 24 18 >n-

2418 5879 36 34 id-

2418 5939 39 28 ay
2492 5929 141 36 NEW
2688 5932 185 37 CHUM
2922 5935 276 45 BUTCHER
3215 5946 30 35 T

2418 5982 38 31 ln,
3243 5978 15 18 •

2473 6006 4 60 j
2573 6006 154 41 Opposite
2740 6006 181 36 Alhambra
2935 6010 112 41 Hotel,
3066 6015 106 45 Lyell.
3235 6025 19 41 J
