3360 6190
123 1912 174 36 MINING
349 1914 322 43 REGULATIONS
721 1923 156 37 UNDER

383 1962 145 38 MINES
551 1969 94 38 ACT,

163 2033 75 43 Any
253 2044 118 33 person
388 2035 207 46 distorting
604 2052 71 23 new
691 2044 74 42 gold
776 2045 82 34 work-

212 2079 65 34 and
302 2079 96 45 bting
419 2082 147 37 desirous
590 2087 36 33 of
644 2089 171 45 obtaining
838 2103 41 23 an

121 2126 168 33 intreased
312 2138 75 23 area
409 2129 136 35 thereon
575 2133 85 35 shall
684 2136 90 35 mark
797 2138 45 33 off
862 2151 18 21 a

121 2173 209 43 prospecting
345 2174 109 40 claim,
471 2187 35 23 as
522 2179 156 43 provided
695 2182 33 34 in
743 2184 135 42 Kegula-

122 2225 68 26 Hon
207 2218 49 41 11,
272 2220 65 33 and
349 2220 84 34 shall
443 2222 227 49 immediately
677 2238 111 35 report
800 2233 78 32 suoh

122 2263 168 46 jfcseovery
327 2266 78 34 with
436 2268 60 34 full
525 2272 193 41 particulars
755 2284 33 26 to
826 2279 54 33 the

127 2310 149 42 Cardan,
299 2312 66 34 and
391 2312 56 36 the
470 2318 127 40 ground
621 2332 35 21 so
679 2323 135 34 rnarksd
837 2325 44 34 off

123 2355 82 35 shall
221 2356 38 35 be
275 2360 166 41 proteoted
456 2363 84 32 until
558 2364 56 34 the
640 2367 140 34 Warden
797 2370 83 34 shall

118 2400 86 37 liave
219 2403 115 44 finally
349 2406 128 34 refused
493 2418 37 23 or
544 2411 137 41 granted
692 2413 56 34 the
760 2415 98 34 claim
872 2426 8 32 ;

122 2447 57 35 bat
209 2450 55 34 the
294 2450 142 36 Warden
463 2464 87 34 may,
581 2456 28 33 if
634 2459 41 32 he
706 2460 95 34 think
832 2463 48 38 fit,

121 2494 117 35 refrain
268 2496 83 34 from
376 2499 154 42 granting
559 2512 38 22 or
624 2503 148 44 refusing
802 2508 78 33 such

120 2540 97 37 claim
244 2542 86 36 until
353 2543 55 36 the
431 2545 127 44 ground
581 2548 86 36 shall
689 2550 84 36 hare
799 2553 82 35 been

122 2588 114 33 visited
253 2589 42 43 by
311 2590 135 32 himself
457 2602 37 21 or
504 2593 42 42 by
558 2605 129 32 anyone
703 2600 177 40 appointed

120 2629 43 50 by
178 2632 82 37 him.

165 2681 130 35 Notices
305 2684 36 32 of
348 2683 42 34 all
401 2686 208 43 prospecting
618 2688 116 34 claims
744 2691 137 43 granted

123 2726 79 35 with
226 2727 59 35 full
308 2730 194 43 particulars
517 2733 36 34 of
573 2734 142 46 •ocality,
737 2736 89 45 yield
850 2740 31 33 of

124 2773 86 44 jold,
226 2775 64 34 and
301 2773 196 48 description
510 2781 36 32 of
557 2781 175 46 workings,
746 2784 84 34 shall
842 2784 39 36 be

123 2820 114 43 posted
259 2820 43 43 by
325 2821 55 36 the
402 2823 137 36 Warden
555 2838 42 22 on
619 2828 56 35 the
697 2831 128 34 outside
849 2834 32 32 of

125 2867 51 32 his
191 2866 91 34 office
298 2868 50 34 for
363 2867 107 47 public
492 2873 222 35 information.

169 2908 33 39 It
217 2913 82 35 shall
315 2922 58 28 not
388 2915 38 35 be
442 2917 111 35 lawful
562 2921 50 33 for
623 2921 55 34 the
693 2921 142 36 Warden
849 2930 32 28 to

127 2965 95 35 grant
249 2971 20 21 a
293 2963 204 42 projecting
518 2964 98 35 claim
642 2966 49 36 for
715 2980 64 33 any
810 2980 70 23 new

128 3004 165 44 discovery
324 3013 33 27 at
386 3019 19 22 a
435 3008 62 34 las*
532 3010 145 34 distance
707 3015 80 31 than
818 3021 63 27 two

127 3048 95 33 miles
236 3051 83 31 from
336 3061 64 34 amy
416 3055 185 43 previously
624 3058 140 43 existing
778 3059 82 35 work-

127 3091 73 45 ings
228 3095 31 34 in
287 3095 133 37 alluvial
443 3100 137 41 ground,
597 3114 60 22 nor
678 3108 31 30 tc
739 3112 94 35 grant
864 3120 17 20 a

128 3142 204 40 prospecting
354 3143 96 33 claim
467 3146 49 31 for
537 3157 66 33 any
618 3159 72 21 new
717 3150 164 46 Jiscovery

127 3184 31 35 of
184 3197 19 23 a
226 3193 114 38 quarts
364 3190 70 34 reef
447 3195 33 30 at
503 3202 19 24 a
544 3191 61 36 less
630 3194 146 36 distance
802 3197 79 36 than

125 3232 72 34 half
215 3243 18 22 a
254 3235 76 32 mile
346 3242 83 27 from
446 3248 64 33 any
533 3239 186 46 previously
742 3244 139 43 existing

125 3286 113 36 quarts
254 3278 174 46 workings.

168 3324 110 46 ]trery
307 3331 206 40 prospecting
541 3331 96 35 claim
667 3333 96 43 shr.ll,
800 3336 81 35 after

248 3373 146 39 marked,
420 3376 37 35 be
480 3376 75 36 held
579 3378 42 45 by
643 3393 61 22 one
727 3394 78 23 man
833 3397 30 22 re-

125 3416 151 46 maining
298 3431 42 22 on
364 3422 55 32 the
445 3425 124 40 ground
592 3426 119 43 during
736 3429 145 45 working

125 3463 100 35 hours
247 3465 83 35 until
347 3465 53 37 the
423 3469 196 45 application
635 3473 28 34 is
678 3473 87 36 dealt
788 3476 79 34 with

127 3509 75 40 and,
218 3510 28 33 if
256 3513 147 40 granted,
419 3516 56 32 the
490 3517 96 32 elaim
603 3525 100 33 must,
715 3521 109 33 unless
837 3523 42 43 by

126 3555 119 44 special
259 3558 193 44 permission
469 3560 35 35 of
516 3561 54 35 the
584 3562 32 35 W
617 3563 6 15 T
626 3565 111 41 arden,
750 3566 36 35 be
799 3568 80 42 fully

125 3604 155 43 oecupied
294 3605 116 35 within
426 3617 94 25 seven
537 3609 80 46 days
633 3611 84 36 from
732 3613 56 36 the
804 3614 75 36 date

125 3648 36 34 of
172 3656 104 35 grant.

165 3693 69 33 The
254 3695 136 34 Warden
406 3708 89 34 may,
511 3700 28 33 if
550 3701 41 33 he
606 3702 95 35 think
717 3703 48 42 At,
783 3711 97 39 grant

125 3750 17 23 a
153 3740 205 46 prospecting
365 3743 97 37 claim
475 3754 33 28 to
517 3747 55 36 the
579 3750 106 35 actual
697 3750 183 38 discoverer

123 3786 35 33 of
181 3797 71 25 new
282 3790 75 41 gold
387 3792 163 44 workings
578 3797 183 46 conjointly
798 3800 79 34 with

123 3843 136 34 persons'
280 3835 73 37 who
375 3836 84 38 have
475 3841 137 36 assisted
635 3844 90 35 them
749 3847 34 33 in
805 3858 54 33 pro-

123 3882 145 41 specting
304 3884 104 33 either
443 3886 79 34 with
560 3890 239 35 eontributions
843 3905 36 21 or

120 3924 183 47 otherwise,
318 3940 38 25 or
370 3930 79 38 with
462 3933 94 38 other
567 3947 135 35 persons
715 3938 73 37 who
802 3951 76 35 may

120 3975 36 33 be
182 3978 189 35 nominated
395 3980 42 44 by
454 3982 55 34 the
532 3985 109 33 actual
665 3985 212 42 discoverers,

118 4020 156 46 although
298 4022 56 36 the
370 4025 69 34 said
463 4037 133 35 persous
613 4041 76 34 may
712 4038 59 28 not
793 4032 84 35 have

118 4067 78 34 been
220 4078 42 25 on
278 4067 56 37 the
349 4082 127 32 ground
492 4076 87 42 prior
595 4082 34 27 to
645 4077 56 34 the
724 4082 153 38 granting

118 4111 134 36 thereof.

164 4158 64 36 The
249 4158 140 38 Warden
406 4176 90 33 may,
511 4178 89 33 upon
611 4168 55 35 the
677 4170 196 43 application

116 4206 32 32 ol
164 4215 64 36 any
243 4217 134 34 persons
392 4210 144 47 forming
555 4225 19 23 a
591 4221 94 39 party
701 4218 33 33 of
745 4222 57 29 not
812 4217 64 35 less

116 4252 80 34 than
218 4252 83 42 four,
323 4265 96 34 grant
435 4263 181 39 protection
633 4263 49 34 for
704 4270 60 27 not
783 4276 92 22 more

119 4298 79 34 than
214 4298 90 37 three
328 4304 134 34 months
477 4305 48 35 for
542 4319 18 22 a
576 4309 210 46 prospeeting
800 4323 75 22 area

116 4352 33 27 at
172 4356 19 23 a
212 4344 145 38 distance
380 4357 31 27 ol
426 4358 59 28 not
503 4354 62 33 less
589 4356 80 33 than
693 4362 64 28 two
780 4358 95 33 miles

115 4391 84 33 from
226 4402 66 35 any
316 4396 139 43 existing
481 4398 163 47 workings
674 4400 35 35 in
739 4402 134 36 alluvial

116 4436 136 45 ground,
269 4451 36 22 or
320 4440 35 35 in
371 4442 55 36 the
442 4457 72 22 case
530 4446 36 34 of
578 4452 114 40 quarts
710 4450 163 44 workings

115 4485 34 32 of
176 4492 58 29 not
264 4484 64 37 less
351 4489 80 35 than
456 4491 73 35 half
547 4504 18 23 a
590 4494 79 35 mile
693 4495 83 35 from
807 4509 66 31 any

115 4530 141 45 existing
269 4540 115 37 quarts
401 4537 162 47 workings
576 4549 8 24 :
609 4540 161 35 Provided
784 4542 33 33 in
831 4555 42 22 no

115 4587 73 23 case
209 4579 85 33 shall
318 4592 65 33 any
399 4584 79 33 such
506 4587 205 43 prospecting
736 4599 76 23 area
835 4591 38 32 be

114 4624 136 42 granted
272 4626 116 34 within
412 4629 67 34 hall
495 4643 20 21 a
537 4632 76 34 mile
637 4634 36 33 of
691 4645 66 31 any
780 4636 94 33 other

116 4669 80 34 sueli
212 4673 207 43 prospecting
440 4687 85 23 area.
571 4678 161 36 Provided
748 4679 126 37 further

116 4713 71 36 that
209 4718 78 34 such
313 4723 180 40 protection
510 4723 84 35 shall
617 4726 78 42 only
718 4728 155 33 continue

116 4761 33 32 in
166 4762 84 34 force
266 4766 83 33 until
365 4767 74 41 gold
456 4768 26 33 is
497 4774 47 29 str
548 4780 15 13 M
569 4769 50 41 ck,
631 4772 33 33 in
682 4772 106 34 which
799 4784 73 24 case

118 4806 54 35 the
195 4807 168 47 discovery
388 4813 83 35 shall
489 4814 38 36 be
551 4819 162 42 reported,
730 4831 36 22 or
788 4820 83 33 until

116 4852 54 34 the
187 4853 127 36 holders
330 4869 53 23 are
400 4862 148 42 required
565 4862 42 44 by
619 4864 55 33 the
685 4864 142 35 Warden
840 4874 32 27 to

116 4899 93 35 murk
241 4914 18 21 a
285 4907 206 44 prospecting
513 4909 110 40 claim,
646 4911 32 33 in
708 4913 104 34 either
840 4914 37 34 of

115 4944 105 36 which
237 4960 89 22 cases
343 4963 18 20 a
476 4956 108 44 acting
607 4956 98 35 claim
726 4958 85 35 shall
834 4960 37 34 be

115 4991 135 38 marked
276 4996 64 35 and
365 5000 127 45 applied
517 5002 48 35 for
591 5015 36 24 as
654 5006 156 43 provided
837 5008 34 34 in

115 5040 194 41 Regulation
341 5045 47 34 11.
419 5049 64 33 and
510 5050 52 40 V.,
592 5052 66 34 and
690 5055 181 42 protection

115 5085 83 34 shall
214 5088 178 46 thereupon
409 5104 91 24 cease
517 5107 35 22 as
568 5102 33 28 to
617 5098 56 34 the
685 5100 188 35 remainder

113 5130 38 35 •f
162 5132 78 36 such
257 5140 206 42 prospecting
478 5153 85 24 area.

156 5178 32 34 It
213 5180 83 34 shall
323 5183 37 33 be
385 5185 109 35 lawful
516 5188 48 34 for
586 5190 55 35 the
668 5191 141 35 Warden
837 5198 34 31 to

113 5233 106 26 letiew
243 5227 84 35 from
353 5236 78 29 time
452 5240 33 27 to
509 5237 79 33 time
610 5238 56 34 the
688 5243 180 38 protection

114 5270 49 31 for
193 5283 17 20 a
241 5278 207 41 prospecting
482 5290 84 24 area.
612 5283 156 35 Prrvided
798 5285 72 34 that

115 5316 78 34 such
231 5320 148 36 renewed
412 5331 179 36 protection
622 5329 84 36 shall
738 5338 57 28 not
831 5331 39 36 be

115 5364 135 39 granted
276 5367 48 33 for
347 5379 89 24 more
452 5371 82 35 than
558 5375 91 35 three
676 5379 136 33 months
837 5388 33 25 to

113 5417 64 35 any
193 5409 89 36 time.

724 65 136 49 the
933 68 213 55 i.yell
1215 79 214 54 times,
1460 100 5 6 •
1499 87 361 57 Saturday,
1930 95 344 52 February
2358 106 73 51 28.

2489 5915 136 36 Printed
2640 5920 64 33 and
2723 5924 176 40 pnbli»hed
2921 5929 51 33 for
2990 5930 55 37 the
3071 5934 190 45 Proprietor

2532 5969 40 38 by
2587 5969 32 29 J.
2636 5969 37 30 i*.
2691 5969 111 40 Clark,
2819 5978 35 27 at
2870 5972 57 35 the
2945 5975 194 47 Registered
3157 5983 101 38 Cilice

2530 6015 33 29 ot
2570 6019 55 26 me
2642 6016 20 15 '•
2672 6012 97 46 Lyell
2932 6021 80 40 Cliff
3023 6025 118 47 Street,
3151 6031 107 46 Lyell,

2531 6057 133 47 County
2682 6066 29 29 ot
2729 6062 123 44 Buller,
2870 6067 128 50 Colony
3016 6073 37 36 of
3063 6070 80 43 N.2.

111 195 429 57 alhambra
590 204 278 63 hotel,

392 286 210 53 Lyell.

114 388 135 42 tTiHE
265 397 217 46 tttldersigned
499 402 120 42 having
636 404 133 35 become
795 409 57 33 Pro-

225 444 121 42 prietor
361 448 35 31 of
409 449 64 31 this
490 449 208 34 well-known
714 452 64 33 and
795 454 78 40 Jong

115 483 198 42 festublishid
332 491 110 42 Hotel,
459 494 105 35 would
662 504 33 28 to
711 497 88 35 draw
817 501 55 33 the

114 529 166 40 attention
303 538 35 33 of
362 539 194 38 Travellers,
581 543 53 32 Pei
635 555 83 23 'sons
744 552 130 31 viß'tmrj

116 577 56 36 the
189 576 136 44 district,
342 585 63 33 and
431 586 55 34 the
510 588 107 43 public
639 591 178 42 generally,
842 597 32 28 to

118 633 57 27 *D6
188 628 109 43 ample
313 631 65 33 and
395 633 195 34 convenient
600 635 167 35 character
780 640 94 30 afbhe

118 668 248 40 Accomodation
398 679 106 32 which
542 680 53 33 the
626 684 249 34 esiabiisiiiiiafU

430 724 129 37 affords.

117 804 139 85 Board
270 813 83 36 and
367 814 165 49 lodging
558 845 18 9 ..
600 818 54 38 £1
668 828 75 38 per
762 820 114 38 week

155 851 185 41 [sals—at
355 856 53 37 all
424 860 169 36 hours—
765 863 39 36 Is
820 863 55 36 6d

118 893 110 38 Beds
837 904 39 38 Is

121 973 71 35 The
206 973 114 36 Tablk
338 978 65 33 will
419 980 38 33 be
473 981 105 34 under
589 981 55 35 the
653 982 104 36 direct
767 996 107 32 super*

120 1018 106 38 vision
243 1022 35 34 of
292 1024 68 34 Mrs
376 1027 37 33 A.

123 1111 171 39 NiXtdoor
306 1122 33 29 to
356 1118 54 36 the
428 1119 97 37 Hotel
538 1122 89 35 there
640 1124 26 33 is
679 1136 15 21 a
715 1126 85 41 large
813 1126 64 34 and

204 1165 226 34 commodious
459 1167 103 34 Room
586 1168 138 36 suitable
748 1173 48 32 for

268 1208 171 46 Meetings,
465 1214 112 34 Dance
602 1218 131 40 parties,

351 1255 293 45 Entertainments,

471 1307 53 33 &C.

122 1388 116 36 Winks
254 1400 65 25 amd
338 1394 128 36 Spirits
482 1406 40 25 of
538 1407 66 26 thi
621 1408 81 26 bkst
726 1411 149 30 quality.

161 1481 159 36 Marshall
345 1486 64 34 and
433 1488 196 45 Copland's
647 1491 124 37 XXXX
795 1507 41 21 on

466 1542 66 37 tap.

362 1624 92 34 Good
478 1628 159 44 Stubiing.

298 1714 52 33 All
367 1716 134 43 charges
517 1721 178 37 moderate.

337 1772 201 39 ANTONIO
560 1779 235 42 ACCOLINO,

644 1826 193 46 Proprietor.

152 5492 19 15 M
186 5489 70 35 FOR
285 5501 66 29 TH#
381 5494 115 38 Blood
526 5509 31 24 IS
587 5511 65 26 THE

110 5536 212 72 inXTORE
353 5540 162 38 WOKLD
520 5564 7 6 '
533 5546 19 33 f
553 5548 36 60 l
594 5550 98 33 Mii:i)
717 5553 150 34 BLOOU
880 5536 1 72 i

110 5584 30 61 fi
195 5628 9 17 i
223 5628 14 17 r
345 5596 28 23 1R
395 5596 103 28 waiTa
500 5601 20 24 *
526 5597 12 28 t
539 5591 40 35 *d
606 5600 33 28 to
662 5596 128 37 cleans#
812 5599 55 34 the
880 5584 1 61 !

113 5631 92 30 blood
222 5631 82 32 fiorn
328 5632 43 34 all
394 5635 183 43 impurities
595 5641 84 35 from
702 5645 165 34 whateyer
880 5631 1 48 i

108 5682 96 24 cauw
214 5676 131 42 arißißf.
394 5680 60 34 Kor
464 5682 157 46 Scrofula,
634 5688 135 42 Scmvr,
785 5690 78 37 Skin
880 5673 1 59 j

108 5723 63 31 and
184 5723 103 33 BJood
299 5723 162 44 Dueases,
471 5731 65 32 and
550 5732 94 35 Sores
657 5738 36 32 of
701 5727 46 42 all
757 5737 108 37 kinds,
880 5723 1 51 !

106 5773 44 27 Ha
164 5767 109 34 effect*
288 5779 54 24 art
360 5774 207 36 marvelloui.
614 5780 195 39 Thouiands
832 5767 49 52 of:

106 5815 231 35 testimonial*.
383 5819 76 33 Sold
482 5822 31 32 iu
534 5823 127 41 bottles,
679 5831 35 29 2«
736 5831 41 30 Gd
800 5832 64 31 and

106 5860 54 32 111
176 5861 78 31 «aeh
272 5862 40 42 bjr
323 5861 370 45 ChemistsandPatent
704 5860 177 52 Medicine!

101 5902 150 40 Vendors
273 5909 218 44 ererywhere.
547 5917 72 34 Sole
651 5919 212 46 Proprietor*,
879 5902 2 63 |

100 5962 74 26 vhe
206 5954 151 34 Lincoln
386 5967 67 22 avd
494 5960 161 36 Midland
693 5968 170 34 Counths
879 5951 2 51 '

101 6002 99 33 PAta
218 5999 69 44 Co.,
305 6000 140 37 Lincoln
464 6004 164 46 England.

912 1708 35 16 „
959 1709 40 15 „
1060 1657 228 52 SANDER
1310 1666 35 44 &
1371 1665 149 47 SONS'

910 1707 404 54 EUCALYPTI
1361 1717 304 49 EXTRACT.

947 1817 156 50 Sander
1136 1823 83 49 and
1255 1823 116 50 Son's
1409 1827 218 60 Eucalypti

1202 1877 186 48 Extract.

954 1924 116 43 Lister,
1094 1926 104 44 M.D.,
1222 1931 175 43 Professor,
1430 1937 66 38 &c.,
1519 1936 144 39 London,

912 1972 56 33 the
987 1973 146 40 Leading
1155 1987 139 33 surgeon
1312 1981 35 32 of
1361 1982 54 33 the
1431 1988 130 37 present
1576 1986 87 33 time,

913 2019 105 33 stated
1035 2025 32 28 at
1082 2020 56 35 the
1154 2021 63 36 last
1239 2027 145 39 meetift£
1399 2028 35 33 of
1452 2027 55 34 the
1530 2029 134 34 Clinical

914 2064 138 35 Society.
1062 2065 150 43 London,
1221 2081 34 21 as
1270 2070 171 44 published
1450 2075 32 32 in
1495 2075 169 34 Gaillard's

914 2109 139 36 Medical
1075 2112 150 39 Journal,
1241 2117 75 35 that
1329 2119 55 33 the
1404 2120 178 45 Eucalypti
1604 2123 40 33 Ex-

914 2162 81 30 tract
1011 2158 27 34 is
1053 2158 55 35 the
1124 2159 71 37 best
1209 2161 120 37 known
1354 2168 171 43 antiseptic
1543 2171 122 40 (means

912 2204 35 33 of
959 2208 193 43 presenting
1166 2211 243 41 putrefaction).

1197 2265 181 49 Extract.

955 2317 186 41 (American
1159 2319 140 36 Medical
1311 2323 148 40 Journal,
1476 2327 189 34 November.

915 2363 99 41 1881).
1065 2364 40 32 In
1121 2364 141 35 diseases
1278 2370 31 30 of
1332 2369 55 33 the
1410 2370 132 42 kidney,
1566 2373 101 33 either

914 2407 104 34 active
1034 2411 189 40 congestion
1235 2424 37 22 or
1282 2418 207 40 suppression
1509 2419 156 42 (unemia)

914 2453 43 33 all
972 2453 230 44 albuminuria,
1219 2458 130 44 dropsy,
1366 2461 150 38 lithiasis,
1535 2466 130 37 nothing

914 2498 65 34 will
995 2501 96 41 equal
1107 2501 33 33 in
1157 2503 42 33 its
1211 2505 107 34 action
1336 2506 175 48 Eucalypti
1525 2510 140 36 Extract.

916 2544 114 39 Doses,
1060 2548 64 33 live
1154 2554 32 28 to
1217 2551 89 39 eight
1340 2553 96 43 drops
1464 2558 33 31 in
1534 2571 18 19 a
1589 2559 78 32 little

914 2592 183 32 sweetened
1126 2599 102 29 water
1257 2599 92 32 twice
1383 2609 35 22 or
1446 2601 91 35 three
1575 2602 93 36 timts

913 2634 100 46 daily.

938 2691 158 48 Sander
1135 2696 83 46 and
1272 2699 117 48 Son's
1429 2702 219 56 Eucalypti

1202 2751 183 48 Extract.

957 2799 111 43 (From
1082 2801 172 38 American
1270 2806 139 37 Medical
1418 2809 149 41 Journtl,
1582 2813 84 36 Jan..

915 2846 269 44 1882).—Pitzer,
1218 2852 104 38 M.D.,
1348 2855 164 36 Professor
1540 2860 127 43 Theory

914 2890 65 35 and
996 2891 147 39 Practice
1157 2897 36 34 of
1207 2898 169 38 Medicine,
1390 2905 174 34 American
1580 2899 64 41 Med-

914 2938 63 32 ical
993 2939 143 42 College,
1152 2953 76 27 says
1242 2946 84 33 :—lt
1342 2946 26 33 is
1382 2949 55 33 the
1452 2949 70 34 best
1536 2953 132 34 remsdv

914 2982 120 37 known
1057 2986 32 34 in
1115 2988 268 43 typhomalarial,
1408 2996 135 42 typhoid
1570 2999 97 33 feVen

914 3030 186 41 erysipelas,
1112 3033 197 43 diphtbetta,
1321 3039 115 34 scarlet
1450 3041 95 39 ferer,
1559 3045 90 33 smill-

915 3083 72 33 pox,
1004 3074 66 42 &c,{
1094 3076 26 35 it
1141 3079 186 42 effectually
1344 3085 123 35 retards
1491 3087 54 34 the
1571 3089 79 34 disin-

914 3121 160 39 tegration
1112 3124 35 31 of
1171 3126 56 32 the
1257 3130 122 31 animal
1417 3132 107 33 fluids,
1563 3136 104 32 which

915 3163 107 45 might
1036 3169 102 33 result
1152 3169 34 34 in
1206 3182 18 23 a
1247 3175 128 40 general
1399 3176 216 49 breaking»up
1639 3182 33 33 of

914 3210 55 34 the
986 3212 95 35 blood
1098 3227 64 21 anu
1178 3218 33 32 in
1229 3218 108 35 death.

937 3265 158 55 Sander
1142 3273 81 47 and
1263 3275 117 48 Son's
1429 3279 218 55 Eucalypti

1110 3377 21 14 „
1192 3326 183 53 Extract.

956 3378 112 36 (From
1110 3378 47 36 St.
1202 3382 98 35 Louis
1344 3387 140 35 Electric
1530 3391 135 33 Medical

912 3420 149 43 Journal,
1098 3423 92 42 Dec.,
1229 3429 288 42 1881).-Cancer
1546 3436 35 33 of
1615 3437 53 35 the

914 3467 318 47 Tongue—Patient,
1250 3474 78 37 Mrs.
1499 3508 6 12 ,
1523 3485 38 31 35
1575 3495 92 28 years

912 3513 64 33 old.
1035 3516 166 34 Evidence
1230 3520 35 33 of
1291 3524 179 34 scrofulous
1501 3527 165 36 diathesis.

914 3558 186 37 Prescribed
1123 3561 72 36 four
1222 3565 96 46 drops
1335 3575 32 28 to
1390 3569 39 36 be
1451 3572 98 35 taken
1577 3575 90 35 three

912 3606 97 35 times
1035 3607 90 41 daily
1143 3619 6 31 ;
1174 3610 78 42 also,
1279 3619 120 40 tongue
1430 3621 117 34 wetted
1577 3621 90 37 three

911 3654 98 32 times
1060 3655 79 33 with
1189 3659 55 32 the
1291 3662 178 44 Eucalypti
1523 3668 142 33 Extract.

912 3697 137 34 Treated
1074 3709 34 23 as
1131 3699 102 38 above
1263 3703 49 35 for
1341 3706 72 36 fonr
1442 3709 118 44 weeks,
1587 3711 79 38 then

911 3742 192 46 discharged
1118 3749 109 34 cured.

912 3848 13 14 T
955 3800 125 62 (:KH.
1119 3802 146 50 Huttley,
1312 3808 99 42 M.D.,
1458 3813 98 42 Prof.,
1601 3817 64 42 &c.,

912 3850 404 44 Philadelphia).—Since,
1333 3859 33 31 in
1390 3860 54 32 the
1464 3872 72 23 case
1559 3863 37 32 of
1615 3864 51 33 Mr

912 3894 134 40 Mercer,
1063 3895 36 34 of
1114 3897 141 47 Kerang,
1272 3901 73 36 who
1361 3903 65 36 had
1436 3904 80 38 been
1534 3908 131 38 advised

910 3940 42 36 bv
980 3941 55 37 the
1070 3943 139 38 Medical
1232 3948 123 36 officers
1381 3953 35 33 of
1434 3954 55 34 the
1520 3956 145 45 Bendigo

910 3988 152 43 Hospital
1081 3999 33 23 to
1130 3991 83 35 have
1230 3995 51 32 his
1296 4002 119 35 tongue
1427 4002 164 36 removed,
1601 4004 63 34 like

910 4033 150 45 splendid
1075 4038 118 34 results
1209 4038 83 36 have
1303 4043 142 35 attained
1455 4046 141 46 through
1609 4050 54 35 the

910 4080 196 42 application
1123 4083 36 32 of
1169 4084 56 33 the
1241 4085 176 47 Eucalypti
1435 4091 146 37 Extract.

933 4134 158 49 Sander
1129 4139 84 45 and
1261 4140 115 49 Son's
1423 4146 220 59 Eucalvpti

1190 4192 183 51 Extract.

950 4243 98 34 Fiom
1072 4245 55 34 the
1151 4246 136 37 Clinical
1312 4251 136 41 K>ecord,
1471 4257 36 32 of
1526 4259 125 34 August

908 4289 105 41 1881).
1088 4291 146 45 Surgical
1272 4296 103 36 Clinic
1420 4299 35 34 of
1498 4302 167 39 Professor

910 4335 174 44 M'lntyre.
1122 4339 128 45 College
1288 4344 34 32 of
1362 4346 194 42 Physicians
1599 4356 63 30 and

908 4382 174 42 Surgeons,
1097 4384 48 32 St.
1159 4384 294 42 Louis—Seirrhus
1463 4394 37 34 of
1508 4395 114 36 Breast

907 4428 156 35 Excision
1077 4439 6 24 :
1102 4430 174 47 Eucalypti
1292 4435 138 37 Extract
1443 4443 175 43 employed
1628 4458 35 20 as

907 4485 108 33 ■pray,
1046 4476 63 33 and
1139 4476 157 48 dressing.
1342 4483 102 41 Eight
1471 4487 80 43 days
1582 4492 81 33 after

906 4521 168 43 operation
1093 4522 180 38 Professors
1289 4529 108 35 Bauer
1413 4532 64 34 and
1498 4535 162 39 M'lntyre

906 4567 97 33 noted
1047 4567 55 34 the
1145 4570 167 46 following
1354 4577 165 37 condition
1604 4574 57 43 'No

905 4612 157 42 swelling,
1078 4614 76 35 heat
1170 4628 36 22 or
1221 4618 239 44 discoloration,
1477 4636 80 24 near
1576 4640 37 21 or
1629 4631 32 32 in

905 4658 56 34 the
983 4659 131 41 wound,
1138 4661 105 36 which
1267 4664 59 36 has
1342 4668 113 36 united
1477 4673 82 44 fully
1574 4685 7 30 ;
1606 4677 54 34 the

904 4706 126 42 patient
1044 4706 136 35 allowed
1195 4718 34 25 to
1244 4714 112 32 attend
1368 4724 31 24 to
1413 4716 58 34 her
1479 4718 180 37 household

904 4751 107 33 duties
1027 4753 106 42 kgain.

2025 243 96 34 THE

1695 329 371 79 LYELL
2112 337 340 81 TIMES

1837 470 206 35 Newspaper
2065 484 64 23 and
2155 475 162 37 General

1721 560 96 45 JOB
1874 562 280 49 PRINTING
2215 568 214 55 OFFICE,

1838 661 114 37 Cuff
1992 662 154 48 Street,
2180 666 132 39 Lykll.

1680 839 2 71 i
1704 849 437 56 letter-press
2166 858 289 50 printing

1825 1054 150 37 EVERY
2030 1061 298 39 DESCRIPTION

1699 1236 250 42 NEATEST
1972 1244 169 40 STYLE
2225 1250 232 42 NEWEST

1954 1328 252 44 DESIGNS.

1703 1504 203 38 BALANCE
1933 1510 175 39 SHEETS

1783 1599 113 35 CALL
1917 1603 256 41 CIRCULARS

1865 1695 221 39 BUSINESS
2109 1701 255 39 CIRCULARS

2075 1764 13 11 *

1946 1790 173 39 MINING
2143 1796 129 36 SCRIP

2031 1884 194 39 RECEIPT
2249 1891 145 36 BOOKS

2181 1983 276 38 BILL-HEADS

1785 2063 226 44 Prospectus®®

1866 2157 176 41 Handbiili

1980 2265 123 26 usmess
2119 2258 102 38 Cards

2157 2354 97 33 Show
2271 2355 102 36 Cards

1804 2436 73 34 And
1895 2450 95 34 every
2006 2441 93 37 other
2116 2444 198 46 description
2331 2452 34 31 of

1701 2523 168 73 JOB
1976 2530 482 76 PRINTING

2010 2657 42 24 OK
2080 2659 67 24 THB

1870 2736 232 38 SHORTEST
2127 2742 165 37 NOTICE

2010 2843 65 23 AMD
2110 2846 40 23 AT

1735 2920 367 53 WESTPORT
2180 2930 248 54 PRICES.

1917 3126 48 33 To
1992 3129 246 37 Advertisers.

1702 3203 44 31 As
1776 3215 41 21 an
1849 3207 209 44 Advertising
2084 3210 146 35 Medium
2258 3213 56 34 the
2344 3215 115 36 Lyell

1710 3264 9 32 I
1730 3274 78 25 imzs
1825 3267 24 33 is
1867 3278 61 24 one
1945 3269 35 34 of
1990 3271 57 35 the
2058 3271 70 36 best
2142 3274 32 33 in
2187 3275 54 34 the
2260 3288 198 37 up-country

1703 3325 152 46 districts,
1872 3331 42 34 its
1926 3332 193 40 circulation
2133 3335 97 49 bsing
2250 3339 85 46 large
2351 3340 35 37 in
2403 3343 55 37 the

1701 3391 164 43 following
1902 3396 106 42 places
2072 3400 179 46 Township
2283 3404 37 33 of
2352 3405 105 44 Lyell,

1701 3452 177 42 Zalatown,
1893 3456 94 44 Lyell
1999 3459 115 43 Creek,
2128 3462 81 35 New
2220 3465 112 40 Creek,
2345 3467 113 44 Upper

1705 3515 118 38 Bailer,
1841 3518 85 35 Fern
1943 3520 86 41 Flat,
2046 3523 133 35 Central
2197 3526 123 44 Buller,
2348 3528 86 47 Long-

1699 3580 81 40 lord,
1799 3580 200 44 Murchison,
2034 3586 206 43 Matakitaki,
2257 3590 199 47 laangahua

1698 3641 167 37 Junction.
1896 3646 175 43 Westport,
2100 3651 148 37 Reefton,
2277 3655 65 32 and
2364 3657 94 33 other

1698 3709 124 30 centres
1859 3706 36 35 of
1932 3709 194 46 population
2173 3726 42 24 on
2263 3716 54 37 the
2366 3718 92 38 West

2021 3774 108 36 Coast.

1918 3930 46 38 Te
1993 3934 239 40 Subscribers.

1698 4006 68 39 The
1783 4007 112 36 Lyell
1910 4012 108 37 Times
2041 4018 149 34 contains
2208 4020 54 34 the
2280 4020 95 37 latest
2390 4023 65 35 and

1737 4080 86 24 most
1852 4073 133 34 reliable
2015 4087 90 24 news
2134 4082 32 30 of
2205 4081 43 33 all
2286 4086 128 43 raining

1779 4141 136 29 matters
1936 4137 35 35 in
1988 4139 55 35 the
2069 4141 93 45 Lyell
2178 4145 64 33 and
2260 4146 112 44 Upper

1799 4196 113 38 Bailer
1929 4199 151 39 Districts
2096 4204 66 36 and
2189 4207 54 35 the
2261 4207 91 37 West

1819 4263 98 33 Coast
1924 4266 168 44 generally
2100 4269 229 41 togetherwith

1839 4324 43 34 all
1906 4329 131 40 general
2055 4341 89 27 news
2158 4333 37 34 of
2220 4346 64 21 com-

1860 4389 132 34 mercial
2007 4391 199 46 irnporanee,
2224 4396 64 35 and

1884 4452 26 33 is
1921 4452 160 38 therefore
2088 4468 19 23 a
2116 4458 150 36 valuable

1902 4527 112 24 source
2037 4518 38 35 of
2095 4530 151 27 accurate

1914 4578 213 38 information
2135 4591 33 25 to
2176 4584 56 35 the

1943 4642 130 43 mining
2082 4646 25 32 &
2120 4656 61 24 mer-

1962 4706 119 34 cantile
2097 4720 64 22 com-

1989 4753 166 35 munities.

1696 4902 68 33 The
1780 4903 107 34 Times
1902 4903 26 35 is
1952 4903 172 45 published
2148 4921 97 33 every
2275 4915 176 46 Saturday,

1994 4987 33 27 at
2041 4980 19 36 7
2075 4991 77 26 a.m.

1696 5136 118 35 Orders
1827 5138 48 34 for
1886 5137 63 35 Job
1960 5139 150 45 Printing
2122 5153 35 22 or
2170 5143 282 42 Advertisements

1694 5197 42 47 by
1751 5205 74 40 post
1839 5212 37 25 or
1890 5200 166 47 telegraph
2084 5203 65 36 will
2175 5209 124 34 receive
2321 5223 134 34 prompt

1989 5265 170 36 attention.

1699 5433 163 77 The
1905 5436 236 94 Lyell
2187 5439 264 78 Times

1733 5693 210 40 CENTRAL
1980 5698 186 36 BULLER
2203 5701 207 39 GAZETTE

1690 5912 103 49 JOP
1855 5914 288 50 PRINTING
2215 5919 232 62 OFFICE,

1854 6033 133 38 CLIFF
2019 6035 61 37 ST.
2128 6038 244 38 LYELL.'ws

2591 267 101 41 THE
2718 268 165 40 STAMP
2910 272 104 49 ACT,
3043 276 88 38 1575

2560 383 484 45 ATJTlON.—Transferors
3060 395 66 35 and
3139 402 100 30 trail#

2604 438 51 37 fep
2674 439 71 37 fees
2765 439 34 36 in
2817 439 78 45 pold
2919 442 133 48 mining
3065 449 67 35 and
3147 448 103 39 other

2489 504 74 23 com
2571 492 120 48 patios
2723 491 69 38 arid
2826 494 165 37 societies
3022 512 59 23 are
3112 504 136 36 warned

2489 552 135 32 against
2654 555 191 34 executing
2874 559 64 34 any
2981 550 212 39 instrument
3216 552 37 38 ®f

2490 596 70 34 sale
2579 608 39 22 or
2639 598 154 35 transfer
2814 610 118 23 unless
2949 599 59 37 the
3021 614 102 25 nam*
3139 609 33 31 of
3192 610 60 32 tfce

2492 646 191 46 purchaser
2718 660 38 22 or
2794 653 198 35 transferee
3033 653 28 35 is
3093 656 158 38 iuserted

2492 698 135 36 therein
2664 707 38 27 ait.
2739 713 40 24 or
2810 703 119 37 before
2963 705 62 37 the
3061 718 187 29 execution

2492 752 144 39 theieof,
2660 765 19 22 a
2700 754 188 36 maximum
2922 759 143 41 penalty
3086 764 34 31 of
3150 762 101 34 £L()U

2492 806 109 33 under
2647 805 134 37 section
2828 807 76 44 IO'J,
2949 809 102 44 being
3086 812 162 37 incurred

2492 855 157 48 thereby.
2702 858 78 49 Any
2798 861 85 34 such
2898 860 227 48 instrument,
3141 877 93 23 more

2491 922 96 28 over,
2606 923 37 20 #o
2660 910 120 43 signet!
2803 910 28 37 is
2862 915 200 46 absolutely
3085 918 74 34 v«id
3180 919 69 35 and

2493 960 228 48 inoperative,
2752 964 66 37 and
2850 965 82 37 does
2959 973 63 30 not
3041 968 117 38 divest
3191 969 59 37 the

2494 1016 193 35 transferor
2705 1020 34 32 of
2776 1017 51 36 liis
2844 1018 148 37 interest
3012 1022 151 44 therein,
3181 1024 67 35 and

2493 1065 40 40 he
2553 1068 149 38 remain*
2723 1070 103 38 liable
2846 1072 146 38 thereon
3012 1088 37 22 as
3069 1074 29 37 if
3124 1077 41 35 he
3185 1076 63 38 had

2493 1133 104 23 never
2616 1121 164 48 disposed
2801 1127 33 32 ol
2869 1124 60 35 the
2949 1139 104 24 same.
3121 1127 33 37 If
3191 1129 58 36 the

2491 1175 197 36 transferor
2721 1175 41 36 be
2781 1189 19 22 a
2833 1176 153 39 licensed
3015 1180 235 38 sharebroher

2493 1224 50 36 bis
2563 1225 130 37 license
2728 1227 27 37 is
2789 1230 163 37 forfeited
2985 1244 43 24 on
3049 1233 200 37 conviction

2490 1280 65 33 and
2578 1277 188 39 thereafter
2799 1282 40 34 he
2858 1284 28 33 is
2914 1284 219 48 disqualified
3165 1286 89 36 from

2490 1329 120 46 actiug
2640 1343 38 23 as
2711 1345 19 22 a
2751 1333 127 36 broker
2897 1348 38 23 or
2966 1340 87 33 from
3092 1336 122 44 haviuj-
3238 1354 19 21 a

2493 1381 91 39 fresh
2606 1382 131 40 iicense
2749 1385 116 38 issued
2886 1396 37 27 to
2939 1389 80 37 him.

2585 1514 253 40 POSTAG
2864 1517 23 37 B
2939 1519 118 37 KAT
3075 1521 85 37 ES.

2718 1661 104 26 TOWST
2854 1661 173 28 LKTTKRS.

2538 1698 132 39 Posted
2703 1709 37 29 at
2768 1716 66 34 any
2869 1703 85 37 Post
2988 1703 111 40 Office
3135 1706 122 39 within

2491 1762 60 37 the
2570 1764 121 48 colony
2714 1770 52 30 for
2787 1766 153 50 delivery
2959 1775 36 28 at
3015 1781 37 22 or
3067 1769 89 36 from
3171 1772 88 34 such

2494 1823 84 40 Post
2599 1827 111 38 Office
2731 1843 7 21 :

2495 1892 69 40 Not
2580 1896 194 46 exceeding
2793 1897 72 37 half
2884 1911 42 24 an
2946 1912 115 25 ounce
3126 1932 37 8 ...
3222 1904 38 36 Id

2497 1949 196 45 Kxceeding
2714 1950 73 36 half
2803 1963 43 23 an
2865 1964 126 32 ounce,
3022 1957 63 33 but
3104 1965 64 25 uvt

2537 2002 194 42 exceeding
2751 2014 66 24 one
2838 2016 113 24 ounce
3126 2037 36 8 ...
3217 2011 44 33 2d

2496 2051 65 37 For
2578 2065 107 38 every
2708 2053 73 37 half
2798 2067 113 25 ounce
2930 2069 82 24 over
3031 2070 68 25 on©
3128 2091 36 7 ...
3224 2063 49 35 l»r

2688 2133 177 29 couvrmx
2883 2135 177 33 lrttkrs.

2541 2175 128 38 Posted
2690 2185 36 27 at
2744 2190 67 34 any
2844 2185 80 38 post
2941 2179 100 38 office
3060 2183 122 37 within
3204 2187 60 36 the

2492 2237 123 49 colony
2653 2243 54 33 lor
2744 2239 159 51 deliyery
2935 2249 37 30 at
3003 2257 40 23 or
3074 2244 90 39 from
3196 2261 68 37 any

2492 2303 103 36 other
2610 2310 77 41 post
2702 2302 99 38 office
2824 2304 120 39 within
2966 2306 61 38 the
3043 2311 127 48 colony
3184 2328 55 19 ?
3259 2338 7 6 .

2497 2370 71 36 Not
2586 2372 195 45 exceeding
2799 2371 75 39 half
2890 2388 42 23 an
2954 2389 114 25 ounce
3127 2410 33 12 ...
3217 2383 44 35 2d

2498 2422 197 49 Exceeding;
2716 2425 71 37 half
2805 2438 43 24 an
2867 2439 127 36 ounce,
3011 2431 63 37 but
3105 2438 65 31 sot

2538 2479 193 46 exceeding
2747 2490 68 25 one
2831 2491 116 27 eunce
3126 2517 37 9 ...
3216 2488 44 37 4d

2497 2525 67 40 For
2598 2544 104 32 every
2839 2547 114 24 ounce
2981 2549 87 23 ever
3102 2551 68 24 ene

2540 2592 21 25 ®
2564 2592 23 26 u
2592 2592 63 27 °ce
2749 2613 36 10 ...
2937 2617 38 10 ...
3127 2622 34 9 ...
3217 2594 43 38 2d

2648 2674 235 30 AUSTRALIAN
2911 2679 198 29 COLONIES.

2498 2735 72 37 Not
2588 2740 192 44 exceeding
2800 2741 74 38 half
2896 2756 43 23 an
2960 2757 116 25 ounce
3127 2779 41 8 ...
3217 2753 45 36 2d

2500 2788 196 51 Kxceeding
2714 2791 76 38 half
2815 2808 45 23 an
2878 2809 125 34 ounce,
3025 2801 64 36 but
3106 2810 64 30 net

2540 2846 193 46 exceeding
2751 2859 68 25 one
2837 2860 114 28 ounce
3126 2886 37 8 ...
3215 2859 45 36 4d

2498 2894 68 38 For
2598 2910 101 36 every
2733 2897 74 38 half
2839 2914 113 24 ounce
2987 2916 84 25 ever
3102 2919 67 25 one

2540 2961 115 27 ounce

3128 2990 33 9 ...
3214 2965 45 33 2d

2521 3036 173 28 BXGLAKD
2720 3039 77 28 A*n
2823 3039 168 32 FORIIOX
3009 3045 222 33 CQUITVBIfie.

2707 3114 69 38 Per
2793 3116 95 38 Half
2915 3118 139 41 Ounce.

2499 3163 130 41 United
2655 3165 191 51 Kingdom,
2878 3173 54 37 via
2961 3178 68 33 Sau
3056 3173 110 40 Fran-

2540 3231 94 24 Cisco
2652 3220 68 37 and
2748 3224 90 36 Suel
3126 3254 38 11 ...
3218 3236 21 33 $

2500 3270 129 39 United
2666 3276 119 36 States
2820 3276 39 37 of
2899 3278 177 49 America,
3118 3286 54 34 via

2540 3326 68 37 Nan
2631 3324 195 44 Francisco
3130 3367 36 10 ...
3220 3344 21 33 <j

2494 3380 184 35 Sandwich
2697 3380 154 47 Islands,
2879 3385 55 36 via
2968 3385 70 37 San
3057 3387 89 38 Fran-

2539 3441 95 49 c,*c?
2937 3469 34 9 ...
3126 3474 37 9 ...
3217 3450 22 33 I

2494 3481 180 38 Canadian
2720 3485 226 49 Dominions,
2988 3492 57 36 via
3100 3494 70 38 San

2542 3532 194 42 Francisco
2938 3575 21 7 ..

2497 3586 130 38 British
2648 3589 191 42 Columbia
2937 3628 36 8 ...
3232 3608 9 33 j

2497 3639 101 37 West
2618 3640 122 38 indies
2935 3679 35 7 ...
3229 3660 11 32 I

2476 3689 1 54 !
2495 3689 151 48 Mexico,
2665 3691 55 40 via
2735 3695 70 40 San
2824 3695 198 47 Franeisee
3231 3713 7 30 i

2476 3745 1 55 j
2493 3745 146 37 Central
2662 3748 167 40 America
3227 3766 14 34 }

2493 3797 110 45 South
2624 3797 175 52 America,
2814 3802 57 41 via
2885 3806 70 39 San
2972 3807 193 45 Francisoe
3227 3820 14 34 \

2748 3880 262 36 NEWSPAPERS.

2496 3937 126 39 Posted
2656 3951 21 26 a
2724 3953 68 33 any
2824 3944 102 39 office
2958 3949 124 39 within
3110 3953 61 38 the

2536 3991 124 49 colony
2681 3998 55 31 for
2754 3993 157 54 delivery
2929 4005 38 33 at
2993 4000 62 40 the
3072 4017 96 28 same

2536 4042 100 37 office
2935 4082 21 7 _
3217 4065 19 42 |

2493 4091 129 39 Polled
2652 4104 37 28 «t
2719 4108 68 40 any
2820 4096 101 45 ofic*
2951 4102 127 42 within
3104 4109 64 40 th«

2534 4149 126 47 colony
2679 4151 56 35 for
2754 4151 155 51 delirery
2926 4162 40 31 at
2979 4169 68 39 aay
3064 4161 105 41 other

2535 4196 99 41 office
2652 4200 121 40 within
2793 4203 61 39 th*
2871 4207 130 49 colony
3219 4222 19 23 v

2492 4252 204 39 Australian
2714 4256 169 39 Colonies
3224 4276 6 32 j

2493 4302 130 41 United
2649 4304 181 50 Kingdom
3221 4330 20 30 j,

2678 4384 67 42 Yi*
2765 4390 67 36 San
2863 4388 198 47 Franeiseo

2490 4447 133 51 United
2646 4452 119 38 States
2784 4457 34 33 ol
2838 4457 166 39 America
3216 4471 25 34 i,

2488 4501 185 38 Sandwich
2693 4503 142 40 Islands

2489 4555 178 36 Canadian
2692 4555 211 43 Dominions
3212 4575 29 35 2,

2494 4605 130 38 Briiish
2646 4608 188 41 Columbia
3121 4600 36 62 '[[
3212 4627 29 35 2<

2493 4657 98 39 West
2612 4658 123 41 ludies
3135 4654 22 8 '*
3209 4680 32 35 2<

2488 4709 144 38 Mexico

2488 4762 145 39 Central
2656 4768 162 39 America
3211 4785 30 26 %

2725 4901 99 29 book
2853 4906 166 30 packets

2493 4960 124 41 Poated
2650 4974 35 28 at
2714 4979 67 40 any
2814 4971 98 38 office
2946 4973 124 41 within
3100 4979 64 39 the

2534 5018 124 49 colony
2679 5019 55 37 for
2752 5023 154 46 delivery
2925 5036 37 27 at
2980 5027 62 39 the
3055 5043 108 35 same,

2536 5069 120 38 within
2695 5071 61 38 the
2791 5075 137 51 colony,
2964 5078 62 40 the
3068 5083 70 40 Aus-

2533 5123 128 57 tralian
2683 5124 165 48 -olonie%
2865 5143 40 22 or
2935 5131 63 40 the
3026 5132 137 45 United

2537 5173 181 45 Kingdom
2818 5214 35 7 ...
2958 5186 62 38 loz

2580 5228 58 36 Do
2817 5262 36 9 ...
2953 5239 66 37 2oz

2582 5279 56 40 Do
2817 5317 35 7 ...
2956 5290 61 46 jib

2582 5332 56 38 Do
2818 5369 35 9 ...
2959 5343 58 39 Hb

2492 5383 111 52 Bvery
2637 5387 195 42 additional
2862 5396 133 44 pound,
3011 5411 40 24 or
3071 5400 76 40 frac-

2533 5437 113 38 tional
2660 5449 80 42 part
2759 5446 35 34 of
2813 5458 19 23 a
2853 5448 122 46 pouud

2688 5521 68 37 Via
2775 5525 68 36 San
2865 5526 204 43 Francisco.

2489 5589 133 42 United
2659 5593 131 46 Stutes,
2820 5613 106 35 every
2965 5603 58 43 Jib

2488 5645 183 39 Sandwich
2693 5649 136 40 Islands

2489 5698 177 40 Canadian
2691 5704 209 40 Dominions

2491 5748 131 42 Brifrsh
2645 5755 189 42 Columbia

2494 5804 101 36 West
2613 5806 127 38 Indies
