3310 4300
90 116 38 57 IN
147 116 132 57 ANCIENT
298 116 189 57 MAORILAND.

95 221 3 27 .
108 235 26 13 tF3
148 226 106 18 collected
276 226 55 12 froii
347 221 45 17 The
405 224 74 14 descen-

109 247 2 24 ,
121 257 31 14 XTS
167 253 22 13 OF
198 250 39 14 THE
246 248 125 14 ABORIGINAL
380 247 75 14 PEOPLE
467 247 24 12 OF

103 262 283 31 '■MEEASUITAIKIYALLEYand
392 266 85 17 theURE-

101 304 45 14 v'KK.V
152 296 98 18 CoU.VrjtY,
257 295 42 13 AND
306 295 56 13 FROM
369 294 42 14 TIIF.
420 289 70 17 MaTA-

105 327 36 15 Vll-.Y
148 320 74 16 TiULES.

166 349 28 17 By
202 346 103 18 ELSDON
315 345 70 17 PEST.

101 431 44 16 riven
152 426 24 21 by
183 422 92 19 irembars
283 422 20 17 of
311 421 34 17 the
351 421 32 21 Ng
388 419 102 18 -ti-Mana-

277 444 71 20 Tuiioe,
370 443 111 23 Ngati-Ap.-

106 469 75 24 '■ti-Aw.t,
202 468 142 24 Ng-iti-HamUi
345 466 2 27 1
348 466 4 27 ,
373 466 38 17 and
430 466 48 17 P;uu-

87 495 51 27 jjliheu
144 496 13 17 T
167 494 44 17 -bes.

126 552 109 23 CHAPTER
250 552 25 17 X.
277 549 153 23 —(Continued.)

204 599 134 17 Conclusion.

102 638 31 19 Xlie
141 631 103 25 foregoing
255 633 57 16 notes
319 629 50 19 have
378 629 51 18 been
436 628 43 19 writ-

87 663 42 22 ten,in
136 667 10 12 a
157 657 108 20 somewhat
279 655 109 25 disjointed
407 661 83 12 manner

87 680 2 30 .
95 690 16 20 ,„1
119 686 33 20 will
162 687 38 19 not,
213 683 9 18 1
233 683 43 18 fear
286 688 38 16 me,
336 687 78 19 possess
430 680 59 19 much

87 715 58 24 interest
159 711 29 18 for
204 708 34 19 the
256 707 84 26 general
356 707 76 23 reader,
452 706 37 19 but

87 750 12 13 (U
101 742 16 19 ch
125 745 18 13 as
152 737 45 22 they
209 741 33 12 are
251 734 41 19 will
307 733 47 25 help
374 737 21 15 to
410 732 79 19 further

87 771 19 18 tile
114 763 45 21 work
169 762 21 19 of
203 760 107 24 collecting
326 759 34 19 the
377 759 112 24 fragments

85 798 13 17 „[
111 791 100 21 Jlataatua.
240 786 11 19 I
268 786 52 18 have
337 788 36 16 not
391 785 98 19 sufficient

86 816 91 25 knowledge
183 814 21 18 of
210 812 34 19 the
253 812 75 24 history
336 812 40 18 and
383 811 106 19 traditions

86 849 13 17 of
104 845 25 19 the
138 840 57 20 tribes
206 839 20 18 of
240 838 40 18 this
291 837 78 19 district
379 840 20 16 to
406 840 37 22 put
457 839 20 17 to-

90 873 44 18 retlier
151 872 37 18 any
209 864 110 19 connected
342 866 89 21 account,
451 862 38 20 but

85 896 39 22 think
132 894 13 18 it
155 890 42 21 well
206 893 20 16 to
236 890 57 25 place
302 896 27 12 on
345 889 69 19 record
431 889 57 19 these

85 928 6 16 [
91 930 11 13 e(
102 929 6 12 p
120 923 49 16 notes
186 917 32 19 for
234 916 36 18 the
289 915 74 19 benefit
381 915 21 19 of
420 915 68 19 others

85 947 68 23 laboring
162 944 19 18 in
190 943 35 18 the
236 941 55 19 field.

101 972 52 21 When
171 969 71 24 noting
261 969 33 17 the
312 967 113 19 wonderful
451 967 24 19 ad-

84 1006 40 15 min*
126 998 49 19 went
183 996 22 18 of
214 995 84 18 Human
315 993 4 28 :
328 993 70 19 'ulture
417 993 70 19 within

85 1028 20 20 llie
112 1026 37 24 past
157 1023 88 22 century,
258 1019 34 19 the
301 1019 59 25 rapid
378 1019 110 26 spreading

84 1056 12 17 ol
103 1052 24 18 the
136 1047 93 21 Teutonic
242 1052 54 13 races
312 1045 21 19 in
347 1045 29 18 all
394 1048 93 22 quarters

84 1088 7 11 o
92 1078 34 20 ftlie
141 1073 61 20 earth,
221 1073 36 18 the
272 1070 108 21 wholet-ale
399 1071 77 20 annihil-

84 1105 36 20 ation
127 1102 19 18 of
153 1099 88 19 Inferior
250 1097 124 20 Man—thea
391 1097 17 19 is
425 1097 62 20 borne

84 1133 12 18 in
102 1136 18 12 on
129 1134 20 12 us
157 1125 33 19 the
200 1124 121 24 knowledge
340 1123 45 19 that
395 1124 33 19 the
439 1124 48 19 time

84 1149 3 29 j
89 1149 4 29 s
105 1157 26 17 nut
146 1153 32 18 far
196 1151 76 18 distant
291 1149 59 20 when
375 1149 41 19 this
434 1153 53 16 most

85 1182 53 22 ancient
147 1177 62 20 Earth
217 1176 53 19 shall
281 1182 32 13 see
323 1176 35 17 the
370 1175 38 19 last
418 1176 21 19 of
450 1176 37 19 her

84 1211 26 19 first
116 1207 42 18 born
169 1204 90 19 children
270 1202 46 25 give
332 1201 56 25 place
398 1205 20 16 to
432 1202 41 19 Teu-

84 1240 19 16 ton
110 1240 18 12 or
144 1233 18 16 to
181 1230 52 22 Slav,
254 1228 40 19 and
312 1227 106 20 Primitive
436 1228 50 19 Man

83 1260 32 22 shall
123 1259 21 18 be
152 1264 25 13 no
185 1262 62 12 more.

98 1285 53 21 When
160 1284 44 18 that
212 1283 49 17 time
276 1280 53 19 shall
346 1287 62 16 come,
427 1280 60 20 when

83 1315 20 19 the
107 1310 78 26 legends,
192 1308 39 19 and
235 1307 83 24 history,
327 1306 40 19 and
372 1313 66 19 songs,
446 1307 40 18 and

83 1336 110 24 vocabularies
200 1334 22 19 of
233 1332 120 21 uncultured
369 1339 46 13 man
433 1333 53 19 shall

83 1373 15 12 no
104 1365 58 23 longer
174 1362 24 19 be
217 1359 118 20 obtainable
352 1365 47 13 save
409 1360 20 18 in
446 1358 29 20 lib-

83 1392 46 20 raries,
139 1388 46 19 then
197 1386 42 21 also
249 1386 40 19 will
301 1385 15 19 it
327 1386 66 25 surely
404 1391 55 14 come
465 1388 21 17 to

82 1424 30 14 nass
119 1415 39 19 that
167 1414 56 19 these
239 1416 83 15 matters
333 1412 41 19 will
385 1413 24 18 bo
425 1412 49 19 view-

82 1440 14 24 id
103 1444 14 18 iu
126 1440 48 20 their
183 1438 57 27 right
250 1438 53 25 light
312 1444 23 13 as
346 1441 20 16 to
376 1438 34 19 the
420 1438 65 19 lesson

82 1470 27 19 that
127 1468 44 23 they
190 1465 87 20 contain.
305 1464 47 19 And
368 1471 46 12 men
433 1464 53 19 shall

81 1504 11 11 gs
92 1492 82 27 y—Why
183 1492 17 18 is
210 1492 16 19 it
236 1491 44 19 that
298 1496 38 13 our
354 1494 93 16 accounts
465 1492 22 18 of

80 1520 86 22 I'iimative
175 1518 48 19 Man
234 1524 34 12 are
284 1523 22 12 so
322 1517 162 24 meagre—Why

80 1548 21 19 did
108 1553 30 13 our
146 1546 18 18 fa
167 1544 55 19 tilers
237 1545 35 17 not
280 1542 74 20 labour
361 1549 53 13 more
423 1543 63 24 fully?

95 1573 36 20 And
140 1571 108 19 wherefore
258 1575 29 13 we
298 1569 25 18 do
334 1569 44 18 well
391 1571 20 17 to
430 1569 56 25 place

80 1608 14 12 on
107 1598 60 20 record
182 1597 28 18 all
228 1595 118 20 obtainable
364 1597 73 17 matter
456 1602 20 12 re-

80 1621 3 28 <
88 1626 55 23 aiding
161 1623 34 19 the
212 1621 67 25 origin
298 1621 41 19 and
356 1621 130 19 di.-tribution

80 1655 11 17 4
98 1658 49 16 races,
160 1649 51 19 their
230 1649 119 23 languages,
369 1647 114 24 traditions,

79 1679 24 20 and
109 1677 76 24 history.

95 1703 68 24 Strictly
171 1701 50 19 local
230 1707 23 12 as
263 1705 61 19 many
331 1701 21 18 of
359 1700 56 19 tLese
424 1701 62 19 crude

79 1730 83 20 traditions
171 1734 40 16 are,
226 1730 35 22 yet
277 1726 50 19 shall
347 1726 49 25 they
413 1727 42 19 find
473 1734 13 12 a

79 1759 37 24 place
124 1756 18 19 in
152 1755 33 18 the
195 1753 82 24 History
290 1753 21 18 of
322 1752 33 19 the
363 1752 70 24 Maori,
446 1753 39 19 and

79 1790 38 12 seive
124 1786 18 15 to
149 1781 98 19 illustrate
258 1779 34 19 the
301 1782 88 16 customs
401 1780 22 19 of
440 1779 46 19 that

78 1808 68 26 singular
155 1813 44 13 race
209 1806 66 19 which
286 1805 32 18 for
327 1811 21 12 so
364 1812 60 19 many
438 1812 36 13 cen-

79 1836 43 19 turies
131 1834 34 19 has
175 1833 51 18 been
236 1831 145 25 wandering—

164 1859 51 19 from
226 1858 65 19 island
299 1861 50 15 unto
355 1858 65 19 island

113 1887 23 18 At
142 1886 32 19 the
185 1887 104 23 gateways
298 1884 22 19 of
329 1884 35 19 the

94 1914 21 19 As
123 1913 28 19 for
160 1912 57 18 those
225 1917 45 12 men
280 1910 21 19 of
312 1909 118 27 knowledge
441 1910 43 19 who

77 1941 35 19 have
120 1938 55 26 given
185 1944 32 12 me
223 1936 35 19 the
268 1936 134 25 traditionary
411 1940 73 15 matter

77 1964 82 22 contained
169 1964 20 18 in
200 1964 56 18 these
273 1962 100 19 articles—
380 1959 41 22 this
436 1963 18 18 is
473 1969 11 12 a

77 1992 37 19 word
127 1994 18 15 to
153 1990 55 19 them
216 1990 52 18 from
275 1995 39 12 one
321 1988 50 23 who,
385 1988 98 25 although
490 1987 1 26 i

77 2020 73 24 ignorant
156 2017 19 18 ot
183 2016 53 19 their
246 2015 80 19 ancient
333 2014 76 25 history
420 2015 65 18 andof

78 2046 21 18 the
106 2043 47 23 truly
162 2041 112 20 wonderful
286 2041 106 25 teachings
401 2042 21 18 of
431 2041 53 19 their

77 2068 120 26 mythological
226 2071 75 22 system
346 2068 100 24 although
473 2074 11 13 a

77 2096 66 20 member
151 2096 20 17 of
181 2102 25 12 an
225 2094 98 19 intrusive
342 2093 40 19 and
400 2100 72 19 aggres-

77 2123 27 18 sive
112 2129 44 14 race,
169 2121 36 19 has
223 2123 34 22 yet
275 2120 50 18 been
345 2126 47 12 ever
405 2120 77 18 treated

77 2148 31 19 with
124 2147 94 20 kindness
237 2147 26 24 by
282 2146 56 20 these
355 2146 126 23 kaumatuas,

75 2181 33 13 even
117 2174 44 19 with
171 2181 11 11 a
192 2172 98 26 dignified
299 2174 93 23 courtesy
406 2171 27 26 by
449 2172 33 20 the

75 2200 110 20 de-cendants
195 2200 21 18 <>f
225 2199 36 19 Toi
276 2199 41 18 and
333 2198 147 24 Tiwakawaka,

74 2227 148 24 of'l'angihaiuru
230 2225 40 19 and
277 2224 151 26 Wharepakau.
444 2225 39 19 For

75 2254 33 24 long
116 2253 57 18 houis
183 2252 40 19 and
242 2258 60 17 many
322 2251 96 25 evenings
431 2252 51 19 have

74 2279 33 24 they
114 2278 106 20 instructed
230 2284 31 12 me
270 2278 22 18 in
306 2277 35 19 the
353 2277 79 19 ancient
441 2277 41 20 lore

74 2306 13 18 of
94 2305 44 19 their
143 2311 43 13 race
197 2304 40 19 and
254 2304 33 18 the
303 2303 92 19 old-time
411 2303 71 19 chants

73 2331 14 19 of
93 2331 118 19 Maori-land.
239 2330 54 19 Over
303 2329 38 19 and
355 2329 60 25 again
431 2330 51 19 have

74 2357 32 24 they
115 2357 91 26 repeated
215 2357 48 24 long
282 2355 129 26 genealogies
432 2357 49 18 froni

73 2384 23 18 the
104 2383 62 25 period
175 2383 58 19 when
243 2383 34 19 the
284 2382 52 25 gods
345 2381 52 20 lived
412 2388 25 13 on
447 2382 35 19 the

74 2411 41 17 earth
124 2413 19 15 to
159 2410 33 18 the
207 2409 81 25 coming
306 2409 22 18 of
343 2407 34 20 the
395 2407 86 26 pakelia.

73 2435 42 19 With
124 2435 76 19 endless
209 2435 120 19 corrections
340 2434 39 19 and
386 2434 84 25 explana-

73 2462 37 19 tions
119 2461 48 20 have
176 2462 48 24 they
230 2460 73 20 drilled
322 2461 42 18 into
374 2460 33 19 the
417 2460 57 20 defec

73 2488 27 19 tive
108 2494 84 18 memory
202 2489 21 18 of
232 2488 53 18 their
299 2486 111 19 hearer—a
420 2493 48 13 mem-

74 2520 23 18 ory
100 2514 90 19 rendered
195 2513 148 20 non-retentive
351 2512 27 25 by
383 2514 100 18 centuries

73 2540 12 19 of
92 2541 52 18 racial
153 2540 127 26 dependence
296 2546 26 12 on
341 2539 79 19 written
439 2539 33 19 lan-

73 2567 110 25 guage-the
199 2566 83 24 legends
298 2566 22 17 of
335 2565 34 18 the
381 2564 101 23 Creation,

73 2592 23 19 the
104 2593 65 25 (Jrigin
175 2593 21 19 of
209 2592 54 23 Man,
284 2592 35 18 the
337 2590 64 20 Cause
419 2591 21 18 of
449 2592 35 18 the

73 2618 89 24 Elements,
176 2619 35 19 the
226 2618 91 19 Whence
327 2618 21 19 of
364 2617 33 19 the
417 2617 66 20 Maori

73 2645 26 18 and
108 2646 31 18 the
149 2652 50 12 wars
209 2644 40 19 and
259 2644 54 19 loves
324 2644 21 19 of
353 2643 40 18 old.

89 2671 57 25 Right
155 2670 45 21 well
209 2671 26 19 do
244 2670 9 19 I
261 2670 115 25 appreciate
393 2670 33 18 the
439 2676 45 13 care

73 2698 27 18 and
107 2698 85 25 patience
202 2696 101 20 bestowed
313 2703 55 18 upon
384 2702 33 19 my
435 2696 37 19 edu-

72 2724 48 18 cation
127 2724 21 19 in
166 2724 57 19 these
240 2726 85 16 matters
344 2722 26 25 by
388 2722 57 19 those
463 2722 21 19 in

73 2750 48 18 whom
128 2750 10 18 I
146 2750 103 25 recognise
256 2749 35 19 the
301 2748 54 25 truly
361 2748 124 20 intellectual

73 2776 45 22 mind,
129 2776 63 19 which
202 2783 47 12 ever
267 2775 59 19 takes
344 2782 11 12 a
369 2775 51 19 keen
430 2774 44 26 plea-

73 2807 33 13 sure
115 2802 17 19 in
143 2803 77 25 tracing
230 2803 35 19 the
275 2801 77 24 history
362 2801 21 19 of
389 2801 34 19 the
432 2803 51 22 past,,

72 2827 28 19 and
108 2828 65 19 dwells
192 2829 48 19 with
258 2827 124 27 quickening
402 2827 84 19 interest

73 2859 40 20 upon
122 2854 33 20 the
164 2856 149 18 achievements
324 2853 21 19 of
362 2849 56 23 those
435 2853 40 19 stal-

73 2882 37 16 wart
126 2884 106 21 ancestors,
252 2881 52 21 who,
325 2879 20 19 in
371 2879 52 19 their
437 2879 47 19 frail

73 2912 38 19 open
127 2907 63 24 boats,
209 2905 94 28 explored
324 2905 44 19 half
386 2911 11 12 a
423 2905 61 19 world

73 2930 36 27 long
116 2935 98 18 centuries
223 2933 71 19 before
303 2938 38 12 our
356 2931 127 25 progenitors

73 2957 34 19 dare
113 2965 44 18 pass
166 2961 52 18 from
228 2959 35 19 the
273 2958 83 24 sifjhtof
366 2957 52 19 land.

90 2983 36 21 The
136 2986 85 19 Genesis
230 2985 41 19 and
289 2983 121 25 Mythology
420 2983 21 19 of
451 2983 34 19 the

73 3010 102 25 Polynesian
183 3012 62 19 world
254 3012 53 18 form
319 3017 12 12 a
340 3009 54 25 truly
404 3012 81 22 strange

74 3037 27 18 and
108 3037 117 26 interesting
234 3037 93 25 example
338 3036 21 19 of
368 3036 34 18 the
408 3036 76 19 mental

73 3067 51 19 power
133 3065 20 18 of
162 3071 12 12 a
183 3064 104 19 Neolithic
296 3062 71 26 people
384 3062 40 18 and
443 3062 42 19 also

73 3088 14 18 of
94 3089 28 20 the
132 3089 103 27 longevity
244 3090 22 19 of
275 3089 54 20 their
344 3095 51 12 race.
423 3087 62 20 Little

73 3114 66 21 inferior
147 3117 17 18 is
172 3117 18 18 it
199 3117 20 18 in
230 3115 75 20 mental
315 3121 61 19 grasp
392 3116 40 17 and
448 3121 24 12 no-

73 3139 44 27 bility
122 3143 20 18 of
157 3143 117 25 expression
290 3145 20 15 to
320 3141 45 18 that
374 3139 111 20 wonderful

75 3168 44 24 Story
136 3169 43 19 that
197 3169 37 19 has
251 3174 57 13 come
333 3167 57 18 down
414 3168 21 17 to
460 3173 25 11 us

73 3193 72 27 through
155 3196 34 18 the
207 3194 105 26 changing
326 3199 49 19 ages
389 3192 53 19 from
452 3192 34 19 the

73 3220 21 18 far
103 3227 51 19 away
160 3221 74 25 Valley
244 3220 67 19 where
320 3218 61 20 dwelt
395 3218 35 19 the
440 3225 46 18 pre-

73 3245 65 21 Semitic
148 3247 117 22 Accadians,
276 3246 67 18 where
351 3244 80 23 Darius,
444 3244 40 19 and

73 3272 103 24 Alexander,
187 3274 40 19 and
237 3272 116 25 Cambyses,
368 3270 50 19 with
426 3270 59 19 other

74 3298 74 20 old-time
156 3300 72 19 heroes
237 3297 95 21 marched
341 3296 40 20 and
399 3296 86 23 fought;

75 3325 26 18 and
110 3325 59 25 hoary
278 3326 21 18 of
316 3323 102 25 antiquity
433 3322 54 20 lived

73 3356 23 15 out
104 3352 49 20 their
161 3352 129 26 long-drawn
300 3351 57 22 lives,
374 3349 20 19 in
409 3356 13 11 a
440 3348 47 20 land

73 3378 32 19 that
118 3386 39 13 was
175 3385 51 14 even
242 3378 49 19 then
310 3377 79 19 ancient
407 3375 79 24 beyond

73 3406 123 24 computation.

89 3431 24 19 To
122 3432 56 19 those
188 3431 45 19 who
241 3430 53 20 have
304 3429 79 19 studied
399 3429 35 19 the
450 3436 25 12 an-

75 3456 36 20 cient
120 3458 40 19 lore
167 3458 22 18 of
196 3458 36 18 the
239 3456 88 22 Semitic,
335 3455 104 19 Turanian
447 3456 40 19 and

75 3483 26 19 and
109 3484 91 19 Hellenic
209 3490 61 16 races,
282 3489 26 12 no
317 3482 53 18 word
380 3482 50 18 need
439 3482 48 20 here

75 3507 16 20 he
98 3510 37 19 said
148 3517 21 12 as
178 3513 21 16 to
209 3510 35 18 the
254 3512 82 19 strange
350 3507 137 20 resemblance

75 3533 30 22 that
122 3537 61 18 exists
201 3536 91 19 between
312 3534 34 18 the
364 3533 123 24 Polynesian

74 3559 79 22 folk-lore
162 3562 42 19 and
218 3561 135 24 Cosmogony,
371 3559 40 19 nnd
430 3560 57 19 those

75 3587 12 17 of
94 3587 29 20 the
132 3588 71 27 people
212 3587 46 19 who
273 3592 52 19 gave
334 3592 25 12 U6
367 3585 34 19 the
417 3585 59 25 singu-

74 3610 20 21 lar
111 3614 81 25 legends
211 3612 98 20 disclosed
331 3611 28 25 by
376 3611 35 19 the
431 3611 57 20 older

75 3641 92 19 cuneiform
191 3639 129 25 inscriptions
342 3638 22 18 cf
388 3636 89 21 Clialdea

75 3662 26 22 Far
109 3673 54 19 away
174 3666 65 20 i--the
249 3665 42 19 dim
308 3666 51 24 pa-t,
376 3670 57 18 away
451 3664 24 19 be-

74 3692 37 20 yond
120 3688 35 24 the'
162 3691 116 21 birth-time
287 3692 23 17 of
318 3690 35 19 the
361 3689 70 20 Vedas
446 3691 41 19 a..d

75 3715 21 20 'he
104 3721 53 22 great
168 3719 70 24 Aryan
256 3716 179 25 separation—the
450 3723 25 12 an-

75 3747 46 16 cestor
129 3745 20 19 of
159 3745 35 19 the
204 3744 66 19 Maori
280 3742 54 19 lived
343 3742 21 19 in
371 3742 35 19 the
414 3741 73 20 Crad.e

74 3768 12 18 '•f
103 3770 30 19 the
155 3770 73 21 World
229 3769 68 19 —and
314 3768 59 19 knew
400 3770 37 17 not
454 3768 33 19 his

74 3792 67 29 destiny.
167 3797 42 19 Far
218 3795 41 20 and
268 3794 52 19 wide
329 3801 47 12 over
391 3794 35 19 the
442 3801 34 12 sur-

74 3818 28 21 face
110 3824 19 17 of
138 3824 34 18 the
183 3822 57 19 earth
249 3821 38 19 has
296 3820 27 19 he
333 3820 106 19 wandered
446 3820 40 19 and

74 3850 43 22 tony
135 3849 58 19 lands
211 3848 52 19 have
281 3846 74 19 known
373 3845 43 20 him
434 3846 52 19 from

73 3871 51 22 Africa
132 3882 9 12 s
150 3878 79 16 eastern
240 3873 37 19 isle
291 3878 66 13 across
374 3871 35 19 the
428 3875 58 22 great

74 3896 47 23 Ocean
131 3902 21 18 of
160 3901 63 19 Kiwa
231 3903 22 16 to
259 3898 36 20 the
303 3898 68 18 shores
378 3898 21 18 of
407 3898 66 19 Ameri-

106 3933 43 14 ever
157 3926 66 25 urged
232 3932 26 13 on
269 3925 27 24 by
308 3923 45 19 love
372 3923 20 19 of
409 3923 64 20 adven-

73 3952 30 18 t,jre
110 3954 36 18 and
153 3953 101 19 maritime
261 3951 80 22 daring,
350 3949 27 24 by
384 3951 54 17 want
445 3950 41 19 nnd

113 3982 19 16 to
141 3978 54 20 fulfil
206 3978 33 20 bis
247 3976 86 20 allotted
341 3975 46 19 task
397 3975 21 19 in
428 3975 44 19 mak-

101 4003 80 28 history.

88 4027 31 21 Let
134 4034 34 16 not
186 4031 37 19 the
241 4029 73 19 reader
330 4027 22 19 of
369 4027 58 19 these
444 4027 40 18 few

73 4056 46 24 rough
129 4060 56 16 notes
195 4056 40 20 and
249 4054 131 20 translations
395 4052 90 26 imagine

72 4078 29 22 'hat
113 4083 32 19 the
160 4084 113 24 fragments
289 4081 22 19 of
326 4080 107 20 Mataatua
452 4085 33 13 are

72 4108 20 18 Jet
99 4108 96 20 collected.
223 4108 21 19 It
254 4108 18 19 is
280 4109 36 17 not
324 4112 29 13 so.
381 4105 44 19 The
432 4105 52 19 fore-

72 4132 44 27 E'jing
124 4135 64 24 items,
199 4134 66 21 which
272 4133 52 20 have
332 4132 51 20 been
390 4131 94 20 hurrieu-
490 4126 1 33 I

515 113 20 25 ly
544 115 37 24 put
591 112 99 26 together,
707 117 34 13 are
757 110 37 19 but
810 117 21 12 as
849 117 13 12 a
881 111 65 25 single

515 140 102 20 fragment
627 138 21 18 of
657 137 45 19 that
711 135 70 20 sacred
790 136 129 19 vessel—but
924 143 22 12 as

515 172 11 12 a
535 165 41 18 few
585 164 58 25 chips
656 163 22 18 of
693 163 36 18 the
744 165 98 16 taumaau
858 168 23 13 or
896 164 49 17 tata.

514 190 46 19 And
570 190 35 18 the
614 195 88 16 rauawa,
714 188 40 19 and
763 188 34 19 the
807 188 36 19 ihu
853 188 41 19 and
911 188 36 19 the

514 217 32 18 riu
555 215 40 20 and
602 215 35 18 the
646 214 101 24 towering
756 213 103 20 whakarei
868 220 34 13 are
912 216 35 23 yet

514 240 163 26 unrepresented.
705 240 41 18 Por
755 239 58 19 abler
828 246 50 18 pens
894 240 52 19 than

513 268 54 18 mine
581 266 90 19 remains
687 265 35 19 the
737 264 47 19 task
799 265 21 18 of
837 266 110 24 gathering

514 293 21 18 in
545 292 35 19 the
595 291 99 20 scattered
711 291 58 18 relics
782 291 22 18 of
818 291 36 19 the
873 292 74 24 daring

513 318 123 25 Polynesian
642 318 119 23 Argonauts
767 316 44 19 who
820 317 126 19 adventured

513 344 57 19 these
590 343 67 26 rough
675 349 45 13 seas
739 342 40 20 and
796 343 97 24 explored
911 343 35 19 the

514 370 62 19 Great
593 370 73 19 White
689 369 73 19 World
780 368 59 19 while
858 371 35 22 yet
910 369 36 19 th~

514 396 102 19 Americas
622 402 52 12 were
681 395 104 18 unknown
790 396 21 16 to
817 400 37 13 our
860 395 85 19 fathers.

539 421 41 19 But
590 422 35 19 the
635 421 108 24 collecting
752 420 21 18 of
785 420 57 18 these
852 424 51 15 most
913 421 22 18 in-

513 447 98 26 teresting
621 447 41 19 and
671 446 118 20 instructive
800 446 83 25 legends
891 449 54 16 must

513 473 25 19 be
548 473 52 19 done
609 472 90 27 quickly,
708 473 32 18 for
747 472 34 18 the
787 472 38 18 few
834 471 112 20 kaumatua

513 499 45 19 who
573 502 36 22 yet
624 504 80 20 possess
719 498 33 18 the
772 497 118 19 kura-huna
910 504 35 13 are

513 525 40 19 fast
576 526 84 24 passing
678 525 53 18 from
752 523 116 25 us—verily
891 524 55 19 their

513 551 67 19 feeble
589 551 66 19 hands
665 549 82 25 already
757 555 61 19 grasp
828 549 35 19 the
875 550 70 19 sacred

512 577 138 25 pohutukawa
661 576 27 24 by
698 575 65 20 which
773 575 34 19 the
814 576 59 24 spirit
880 576 21 18 of
910 576 35 19 the

513 603 67 19 Maori
590 602 97 20 descends
696 604 21 17 to
726 602 34 18 the
768 600 73 21 World
849 601 21 19 of
877 602 54 19 Dark-

512 635 53 12 ness.
593 628 22 19 It
629 631 55 16 must
699 628 25 19 be
741 627 51 19 done
807 627 79 24 tO'-day,
905 628 38 23 for,

512 654 75 20 behold
595 654 5 19 !
612 654 43 19 The
665 654 60 18 dawn
735 654 21 18 of
766 653 35 19 the
808 653 82 25 coming
905 654 39 24 day

512 680 21 19 of
542 680 53 19 their
606 680 135 19 annihilation
751 679 16 18 is
777 679 84 25 already
870 679 63 19 break-

512 706 36 25 ing
557 713 66 12 across
632 706 36 19 the
678 709 80 16 eastern
773 705 59 24 skies,
850 705 40 19 and
910 705 34 20 the

511 732 39 21 old,
562 732 34 19 old
606 732 47 19 trail
663 734 21 17 to
698 731 29 19 Te
745 731 78 25 Jieinga
838 731 41 19 will
895 737 49 13 soon

512 757 25 20 be
547 758 102 19 traversed
660 758 26 25 by
703 757 35 20 the
754 757 48 19 Last
818 757 22 19 of
854 758 35 18 the
907 757 24 19 To-

511 784 88 25 hungas.
627 784 46 19 And
683 790 50 13 even
748 783 69 19 before
834 783 34 19 the
886 790 58 18 grass

511 816 67 19 grows
593 817 49 13 over
657 810 46 19 that
720 809 69 19 sacred
807 809 63 23 Trail,
890 814 54 14 must

510 836 58 19 those
578 837 43 19 whc
634 842 79 19 possess
722 835 35 19 the
774 835 45 19 love
837 836 21 18 of
874 835 57 19 know-

510 861 66 26 ledge,
588 863 35 18 the
632 862 66 19 desire
709 864 20 16 to
739 867 68 13 rescue
825 861 34 19 the
874 861 69 19 sacred

510 888 42 19 lore
562 889 21 18 of
602 889 41 19 this
663 889 41 18 fust
717 887 110 24 vanishing
842 887 102 19 Neolithic

510 920 45 13 race
565 915 53 19 from
634 913 90 20 oblivion
727 913 97 19 —labour
841 913 39 19 full
899 913 44 19 well

510 941 19 18 in
540 941 34 19 the
585 941 54 19 field.
667 939 41 20 Yet
717 946 13 12 a
739 939 53 19 little
801 939 60 19 while
870 939 40 19 and
928 939 16 19 it

510 967 41 19 will
562 967 23 19 be
595 970 33 16 too
638 966 48 19 late.
719 965 90 19 Another
824 965 119 25 generation

510 993 40 19 will
566 993 47 19 look
630 993 21 18 in
665 991 48 20 Vi.in
732 992 31 18 for
781 991 58 19 these
857 997 46 13 men
922 991 22 19 of

510 1019 125 25 knowledge.
664 1018 21 19 It
694 1019 17 18 is
729 1024 28 12 we
774 1017 21 19 of
810 1016 72 26 to-day
898 1017 45 19 who

509 1050 55 14 must
574 1045 61 19 work.
663 1044 49 20 And
721 1044 54 20 then,
789 1043 58 18 when
857 1049 37 13 our
909 1043 34 19 old

508 1071 78 20 friends
597 1071 52 19 have
658 1077 54 19 gone
722 1077 25 12 on
754 1069 53 19 their
816 1068 67 25 lonely
891 1076 50 18 way,

509 1097 71 20 adown
590 1097 45 19 that
646 1096 116 24 narrowing
772 1094 62 23 Trail,
850 1095 40 19 and
908 1096 34 18 the

532 1126 94 17 tarutaru
644 1123 22 19 of
775 1122 36 18 has
830 1120 113 20 descended

508 1156 56 18 upon
574 1155 81 13 us—we
665 1155 47 19 may
722 1148 46 19 look
778 1146 53 19 back
839 1153 54 19 upon
901 1148 42 18 this

508 1176 73 18 labour
591 1175 40 19 and
642 1174 84 25 say—lt
736 1180 40 13 was
787 1172 44 19 well
842 1173 58 19 done.

535 1202 21 19 If
566 1202 59 19 those
636 1201 44 19 who
700 1207 37 13 can
756 1199 48 19 read
822 1199 35 19 the
876 1199 67 19 lesson

509 1228 65 19 which
583 1228 17 18 is
611 1228 45 19 writ
666 1228 32 18 for
714 1226 33 23 all,
759 1224 73 20 should
847 1225 37 19 fall
900 1226 42 18 into

508 1254 40 19 lino
558 1254 40 18 and
608 1254 60 18 assist
682 1253 21 19 in
720 1252 41 19 this
775 1251 133 19 work—then
926 1252 17 18 it

508 1286 45 19 may
564 1286 56 13 come
629 1282 21 17 to
663 1285 47 20 pass
728 1279 44 19 that
790 1277 35 19 the
844 1277 99 26 long-lost

508 1309 104 16 remnants
623 1306 21 18 of
653 1306 107 18 Mataatua
769 1303 52 20 shall
837 1303 25 19 be
874 1310 58 12 recov-

508 1332 53 23 ered,
573 1332 46 19 that
628 1331 34 19 the
672 1337 80 13 rauawa
764 1329 53 20 shall
828 1330 25 19 be
871 1329 72 19 lashed

508 1365 25 13 on
541 1358 39 20 and
587 1358 34 19 the
628 1357 68 20 sacred
703 1356 129 27 figure-head
839 1355 102 23 attached,

508 1384 45 20 that
562 1385 35 18 the
607 1386 52 17 mast
670 1383 25 19 be
707 1383 78 19 erected
794 1382 41 19 and
853 1383 35 18 the
904 1381 39 19 sail

508 1411 79 25 spread,
611 1410 40 20 and
674 1409 50 19 with
741 1408 104 25 strangely
863 1407 80 19 formed

509 1437 84 24 paddles
604 1436 40 19 and
653 1435 73 19 carved
737 1435 72 23 balers,
820 1435 36 18 the
865 1440 47 12 men
921 1434 22 18 of

508 1463 33 19 old
552 1463 54 19 shall
623 1462 57 25 place
698 1461 122 19 themselves
836 1466 55 19 upon
907 1461 35 17 the

508 1492 105 21 taumanu,
630 1488 40 20 and
687 1487 48 20 then
751 1487 54 19 amid
820 1487 34 18 the
870 1486 61 19 death-

508 1515 41 19 like
569 1515 73 19 silence
661 1514 23 19 of
701 1513 35 19 the
755 1512 72 26 people
847 1512 40 19 and
907 1512 36 19 the

509 1541 62 19 weird
578 1541 87 19 karakia
672 1541 21 19 of
700 1540 33 19 the
740 1538 188 26 tohungas—Mata-

508 1573 54 13 atua
574 1567 54 19 shall
637 1567 61 25 again
708 1566 48 19 float
763 1572 54 19 upon
828 1566 33 18 the
869 1567 74 16 waters

508 1600 23 12 as
547 1593 22 19 of
585 1592 116 26 yore—and
718 1599 25 19 go
760 1591 55 20 forth
834 1597 55 19 upon
908 1591 34 18 the

508 1619 63 19 Great
581 1621 68 18 Ocean
660 1619 22 19 of
693 1619 59 19 Kiwa
762 1625 25 12 on
806 1621 35 21 yet
857 1617 86 19 another

508 1652 79 18 voyage
598 1645 22 19 of
630 1644 126 26 exploration
766 1644 21 19 in
797 1646 70 17 seaioli
876 1644 22 18 of
908 1643 34 18 the

508 1671 84 20 Hidden
602 1671 59 19 Land
670 1671 22 19 of
701 1671 54 18 Tane

534 1698 48 19 And
592 1704 50 13 even
652 1704 23 12 as
687 1697 46 19 that
749 1696 83 19 Hidden
849 1696 58 19 Land
925 1696 17 19 is

508 1727 36 16 not
553 1731 46 12 seen
611 1724 21 18 of
642 1724 77 18 human
729 1729 52 19 eyes,
800 1729 22 12 so
838 1722 53 19 shall
908 1722 34 19 tli6

509 1757 43 12 new
562 1756 78 18 voyage
651 1750 21 18 of
682 1749 106 19 Mataatua
799 1748 25 19 be
839 1749 103 18 unknown

508 1779 19 16 to
538 1783 29 12 us.
589 1776 32 19 No
632 1776 57 19 chart
697 1775 53 19 shall
757 1775 57 19 mark
821 1775 37 18 her
865 1781 75 16 course,

508 1809 25 12 no
543 1808 89 19 vo3'ager
641 1808 67 13 across
718 1801 34 20 the
762 1801 57 18 Dark
832 1801 40 19 Sea
888 1801 54 18 shall

508 1828 42 19 hail
564 1828 36 19 her
617 1835 22 12 or
658 1828 45 19 look
722 1833 54 20 upon
795 1827 46 19 that
859 1831 83 21 strange

508 1854 58 19 bark.
595 1854 26 19 In
632 1854 34 19 the
677 1854 49 25 days
736 1854 21 18 of
774 1853 32 19 old
823 1854 36 18 she
878 1853 64 19 sailed

508 1880 84 25 bravely
602 1880 54 19 forth
668 1880 51 19 from
731 1879 96 20 Hawaiki
841 1882 20 16 to
871 1886 71 17 escape

509 1906 50 20 War
569 1906 40 20 and
620 1910 20 15 to
651 1906 42 19 find
703 1913 11 12 a
725 1913 42 12 new
787 1905 48 19 laud
853 1906 89 19 wherein

508 1933 36 19 her
553 1933 72 25 people
635 1932 67 25 might
712 1931 59 19 dwell
780 1932 21 18 in
818 1938 66 19 peace.
901 1931 41 19 But

507 1965 26 13 on
545 1959 37 19 her
592 1966 43 12 new
646 1958 85 25 Voyage
741 1957 53 19 shall
802 1957 35 19 she
844 1957 38 20 sail
890 1958 51 18 from

507 1984 35 20 the
552 1985 72 19 World
634 1985 22 19 of
738 1987 21 16 to
774 1990 12 12 a
796 1983 57 19 Land
863 1984 45 18 that
925 1984 16 19 is

508 2013 35 17 not
560 2011 75 19 known
652 2013 21 16 to
689 2017 37 13 our
742 2010 138 25 geographers
901 2010 41 19 and

508 2037 65 19 which
584 2037 18 19 is
611 2039 36 16 not
656 2036 96 20 bounded
767 2036 26 25 by
809 2036 96 25 parallels
921 2037 22 18 of

508 2063 91 19 latitude.
629 2063 40 19 She
680 2062 40 19 will
730 2061 38 19 sail
778 2069 48 12 over
841 2063 34 18 the
891 2062 50 19 dark

507 2093 71 15 waters
588 2089 22 19 of
623 2089 29 19 Te
667 2089 80 24 Keinga
763 2090 19 17 to
799 2094 70 19 escape
890 2089 51 18 from

506 2115 34 19 the
559 2117 59 23 great
636 2114 49 19 Law
701 2115 21 18 of
738 2114 84 19 Human
837 2114 104 26 Progress.

507 2141 39 19 For
555 2141 37 19 her
602 2140 73 26 people
684 2140 58 20 know
752 2140 40 19 full
801 2140 45 19 well
855 2140 45 19 that
907 2140 34 19 the

506 2167 63 19 Great
578 2167 71 19 White
664 2166 73 20 World
753 2166 18 19 is
788 2166 82 25 passing
888 2166 53 19 from

506 2194 54 18 them
582 2193 41 19 and
644 2192 41 19 will
702 2192 73 26 paddle
800 2192 81 25 silently
901 2192 41 19 and

506 2219 81 25 wearily
594 2218 83 20 onward
687 2219 21 18 in
719 2218 69 19 search
798 2219 22 18 of
827 2218 34 19 the
893 2218 36 19 Liv-

505 2246 36 25 ing
552 2246 81 18 Waters
642 2246 22 17 of

531 2272 47 19 And
587 2271 113 19 %vherefore
710 2277 45 17 may
772 2270 27 19 all
818 2277 45 12 men
881 2270 59 19 know

505 2298 45 19 that
559 2297 71 20 herein
646 2297 50 19 lieth
714 2303 12 12 a
743 2297 63 19 Great
821 2296 121 19 Lest-on—if

506 2330 28 13 we
545 2323 41 20 will
598 2323 36 19 but
644 2326 69 22 accept
722 2323 22 19 it.

531 2350 47 19 And
588 2350 36 18 the
634 2349 48 25 only
694 2348 54 19 word
759 2350 44 17 that
820 2349 18 18 is
854 2348 38 19 left
911 2349 31 18 for

505 2383 31 12 ine
547 2381 21 14 to
578 2376 41 18 add
628 2379 21 15 to
659 2376 35 18 the
703 2375 109 26 foregoing
822 2375 43 19 is—

687 2409 45 19 Tex
734 2409 22 19 a!

661 2446 42 13 NGA
715 2446 116 13 MARA.MARA
843 2446 11 12 0
869 2442 58 17 MATA-

686 2465 67 17 ATUA.'

679 2514 88 17 NOTES.

508 2563 147 18 Agriculture
676 2566 111 14 practised
804 2566 26 13 by
844 2566 42 13 the
900 2560 28 19 An-

541 2594 60 12 cient
613 2587 82 19 People
705 2592 24 14 of
740 2587 52 19 New
802 2587 107 19 Zealand.

533 2623 24 18 In
566 2622 90 25 Chapter
662 2621 23 19 II
710 2622 8 19 I
727 2621 60 19 made
793 2621 34 18 the
833 2623 110 16 statement

507 2649 45 19 that
561 2648 34 19 the
606 2648 118 24 aborigines
734 2648 21 19 of
765 2648 42 18 this
823 2647 49 18 land
889 2653 51 13 wore

509 2675 95 25 ignorant
613 2674 22 19 of
645 2674 34 19 the
689 2677 32 16 art
732 2674 22 18 of
762 2673 131 25 agriculture.
922 2673 21 19 It

507 2702 17 18 is
533 2708 13 12 a
555 2701 47 23 fact,
614 2700 98 23 however,
725 2700 44 19 that
780 2700 34 18 the
825 2699 116 25 pre-Maori

507 2727 72 26 people
597 2726 111 19 cultivated
724 2726 34 19 the
877 2725 65 25 gourd

508 2753 56 19 wliic'
584 2759 41 12 was
634 2752 82 19 utilised
726 2759 23 12 as
755 2758 25 13 an
787 2751 71 19 article
865 2752 22 18 of
894 2751 47 19 food

507 2780 41 19 and
557 2779 43 19 also
610 2779 32 18 for
652 2781 62 16 water
723 2777 82 24 ves.-els,
816 2779 34 18 &c.

508 2829 59 19 Maui
583 2834 41 13 the
640 2827 131 19 Discoverer
789 2833 25 13 of
823 2827 118 19 Aotearoa.

533 2863 43 19 The
595 2862 127 26 Ngati-Awa
744 2861 53 20 tribe
821 2863 52 18 state
898 2862 45 19 that

508 2889 57 19 Maui
580 2895 40 12 was
636 2889 34 18 the
686 2888 43 19 first
745 2890 92 17 ancestor
856 2890 20 16 to
895 2888 48 19 visit

507 2915 102 20 Aotearoa
619 2914 60 25 (New
689 2914 100 24 Zealand)
802 2914 40 19 and
853 2914 45 18 that
918 2914 25 19 he

507 2944 21 16 at
538 2948 50 12 once
595 2940 96 20 returned
701 2943 21 16 to
740 2940 98 19 Hawaiki
855 2943 21 15 to
895 2940 48 19 take

529 2973 77 14 maawe
635 2967 23 18 of
667 2967 100 18 Aotearoa
779 2969 21 16 to
816 2966 45 19 that
879 2966 63 25 place.

507 2993 52 20 Now
569 2993 35 19 the
614 2992 54 19 word
702 2999 76 13 maawe
813 2992 37 19 has
865 2992 78 19 seveial

508 3019 112 25 meanings,
630 3025 38 12 one
674 3019 22 18 of
703 3018 65 19 which
773 3018 17 19 is
797 3025 22 12 as
827 3018 116 19 follows:

508 3046 67 18 When
587 3052 12 11 a
610 3044 64 19 battle
684 3045 16 18 is
712 3051 50 17 won,
774 3050 12 13 a
801 3044 55 25 piece
871 3044 22 19 of
909 3044 34 19 the

507 3072 92 24 clothing
608 3077 23 12 or
640 3071 47 18 hair
700 3072 22 17 of
738 3077 12 12 a
769 3070 52 19 dead
838 3076 73 19 enemy
927 3071 16 17 is

508 3098 61 19 taken
588 3100 21 16 to
625 3097 35 19 the
675 3096 63 26 priest
754 3096 22 20 of
786 3096 34 19 the
834 3096 110 19 victorious

508 3124 53 19 tribe
570 3123 44 19 who
626 3123 96 25 proceeds
730 3126 20 16 to
896 3128 48 13 over

508 3150 22 22 it,
554 3150 22 18 in
597 3150 59 18 order
679 3152 21 16 to
722 3148 73 20 render
813 3149 34 19 the
871 3154 73 18 enemy

508 3175 171 26 powerless—kia
699 3175 48 18 kore
772 3181 11 12 e
806 3179 40 15 toa.
893 3174 50 19 This

508 3203 70 19 article
588 3201 18 20 is
615 3201 65 19 called
691 3208 11 12 a

613 3250 31 19 Te
656 3250 181 19 Marangaranga.

534 3285 44 19 The
601 3284 106 25 following
722 3284 18 19 is
755 3291 13 12 a
785 3283 115 26 genealogy
921 3284 22 18 of

509 3312 41 19 this
569 3311 81 19 ancient
664 3309 149 27 people:—Toi
828 3310 35 18 kai
879 3309 66 19 rakau

510 3337 86 20 married
607 3337 96 19 Mokotea
718 3336 40 19 and
774 3336 40 19 had
829 3336 29 18 Te
877 3336 54 19 Mara-

509 3370 108 19 ngaranga
627 3363 40 19 and
681 3362 86 25 Tauuga
785 3362 39 19 and
841 3361 103 20 Kawerau

510 3389 118 20 Panenehu.
670 3388 166 25 Marangaranga
858 3387 41 19 had
915 3387 28 19 Te

510 3415 146 23 Uira-i-waho,
665 3414 45 19 who
717 3413 174 23 hadTu-rere-ao,
900 3413 45 19 who

510 3442 41 18 had
574 3440 176 24 Mai-ki-te-kura,
778 3440 44 18 who
850 3435 42 23 had
916 3439 29 19 Te

510 3468 100 25 Eupe-tu,
631 3467 45 18 who
703 3466 39 18 had
771 3465 104 26 Hatonga,
900 3465 45 19 who

511 3494 41 18 had
559 3492 138 24 Mabu-nuku,
708 3491 235 25 whohadMahu-rangi,

511 3520 45 18 who
573 3519 41 19 had
632 3518 189 25 Mahu-tapoa-nui,
839 3517 46 19 who
904 3516 40 19 had

509 3545 29 19 Te
549 3545 163 25 Rangi-taupiri.
729 3544 44 19 who
789 3544 41 19 had
846 3542 97 22 Tamaka,

510 3571 45 20 who
565 3571 41 20 had
617 3571 28 19 To
658 3571 31 18 Ao
699 3570 134 23 whakahaha,
848 3570 46 18 who
904 3568 41 19 had

509 3597 124 25 Kuiarangi,
645 3597 44 18 who
700 3596 39 19 had
748 3596 77 22 Tihori,
837 3595 45 19 who
889 3601 40 12 mar-

509 3624 43 19 ried
562 3622 132 26 Kopura-kai
705 3622 56 19 whiti
776 3622 40 19 and
832 3621 42 19 had
889 3620 38 19 Pau-

510 3650 96 25 mapuku,
618 3648 45 20 who
674 3648 40 19 had
721 3648 114 23 Hine-tara,
847 3647 46 19 who
904 3646 40 19 had

509 3675 154 22 Tama-ka-uru,
675 3674 44 19 who
733 3674 41 19 had
787 3673 29 19 Te
834 3672 109 23 Wherutu,

510 3702 44 18 who
565 3701 40 19 had
620 3700 160 23 Tu-wliakarau,
797 3699 46 19 who
860 3698 41 20 had
916 3698 29 19 Te

510 3728 83 23 Whina,
605 3727 45 18 who
661 3726 40 19 had
710 3726 28 19 Te
752 3724 191 27 Eangi-pakakina,

509 3754 45 18 who
573 3753 40 19 had
635 3752 121 19 Kurukuru.
800 3751 65 25 (Four
889 3757 56 13 more

509 3779 131 25 generations
649 3780 21 17 to
679 3780 82 23 present
770 3777 66 24 time.)

634 3827 31 19 Te
678 3827 16 19 A
699 3832 119 14 !iataWHAO.

630 3861 94 24 (Another
731 3860 89 23 version.)

534 3890 95 19 Taukatc.
639 3887 103 21 remained
752 3888 22 17 in
787 3887 41 19 this
843 3886 50 19 land
907 3886 38 19 buo

508 3916 76 19 Hoake
593 3914 98 21 returned
700 3917 20 16 to
731 3913 97 18 Hawaiki
837 3919 27 12 on.
878 3911 65 20 board

508 3943 35 18 the
554 3941 130 23 Aratawhao,
696 3947 23 12 as
729 3945 12 13 a
750 3938 63 26 guide
820 3940 21 17 to
850 3938 46 19 that
913 3938 32 18 far

508 3968 55 19 land.
592 3967 66 20 These
668 3971 40 14 two
717 3971 53 14 were
780 3964 100 22 brothers,
891 3963 54 19 their

508 3994 70 19 sisters
587 3999 52 14 were
644 3991 148 20 Tuturi-whati
799 3989 144 20 andKanioro.

507 4020 44 19 The
569 4019 63 20 latter
647 4017 88 21 married
750 4015 154 26 Pourangahua
922 4015 23 19 of

507 4046 182 24 Whangaparaoa.
718 4043 40 19 She
769 4048 41 14 was
820 4041 36 20 the
868 4041 75 19 'ariki'

507 4072 22 19 of
539 4072 35 19 the
585 4069 4 26 '
597 4069 118 26 pounamu.'

533 4095 199 26 Tamakihikurangi
748 4095 36 19 did
799 4096 36 18 not
856 4093 38 20 sail
917 4100 26 12 on

507 4123 35 20 the
552 4123 129 20 Aratawhao.
705 4122 53 20 That
766 4127 41 15 was
815 4120 51 25 long
874 4119 70 20 before

963 110 1 30 |
969 110 32 19 liis
1025 111 54 19 time.
1108 111 197 25 Awa-nui-a-rangi,
1328 110 43 20 son'
1383 113 21 18 of

969 136 43 22 Toi,
1023 143 41 13 was
1074 137 128 19 commander
1222 137 21 19 of
1261 137 45 19 that
1324 137 80 19 ancient

969 162 72 20 vessel.
1055 163 40 19 She
1105 163 40 19 and
1155 163 35 19 her
1200 163 72 25 people
1282 162 40 19 and
1330 163 74 19 Hoake

969 188 103 19 remained
1082 191 21 16 at
1111 189 102 19 Hawaiki.
1227 188 36 20 Six
1271 189 130 24 generations

968 214 55 19 lived
1033 214 41 19 and
1086 214 47 19 died
1147 217 21 16 at
1185 214 103 20 Hawaiki.
1326 214 26 20 In
1368 215 35 19 the

968 240 49 19 time
1027 240 21 19 of
1057 240 71 23 Toroa,
1143 241 54 18 sixth
1213 240 21 19 in
1251 240 83 19 descent
1349 240 53 20 from

969 266 196 24 Awa-nui-a-rangi,
1178 266 35 19 the
1223 266 107 19 Mataatui
1344 273 56 12 came

968 294 21 15 to
999 291 41 19 this
1051 292 54 23 land,
1117 292 99 25 bringing
1235 298 75 18 among
1326 292 75 22 others,

968 316 34 19 the
1013 317 133 19 descendants
1155 319 21 17 of
1185 318 37 18 Toi
1232 318 21 18 of
1272 318 40 18 old.
1346 318 56 18 Back

968 345 21 16 to
998 343 35 19 the
1043 342 59 20 home
1112 343 21 19 of
1142 343 53 19 thoir
1202 343 79 19 fn.thors
1289 343 49 25 they
1345 349 56 13 came

973 369 36 19 ind
1019 369 89 25 brought
1118 369 48 19 with
1175 369 57 19 them
1241 369 35 19 the
1288 370 5 10 '
1302 369 99 19 kumara.'

968 394 53 20 That
1030 401 41 13 was
1081 395 54 19 their
1145 397 96 21 treasure,
1260 395 35 19 the
1309 395 91 23 kumara,

968 421 41 18 and
1018 422 52 17 most
1079 421 99 24 carefully
1189 427 53 13 were
1259 421 36 19 the
1310 421 92 25 precious

968 446 47 19 seed
1024 446 70 19 tubers
1104 446 91 23 guarded
1209 447 77 24 during
1301 447 35 19 the
1352 447 50 24 long

968 478 84 19 voyage.
1086 472 47 18 And
1152 472 57 18 when
1228 473 35 18 the
1282 473 48 19 seed
1349 478 52 13 were

968 497 83 25 planted
1061 497 35 19 the
1105 497 55 19 skull
1168 499 20 17 of
1197 497 96 20 Taukata
1303 504 40 13 was
1357 504 34 12 car-

967 523 44 19 ried
1021 524 53 19 from
1082 523 26 19 its
1119 523 78 25 re-ting
1206 524 57 25 place
1272 524 22 19 in
1303 525 35 18 the
1353 530 48 13 cave

967 549 21 19 of
997 549 35 20 the
1042 549 53 19 dead
1103 550 41 18 and
1155 549 72 25 placed
1236 556 27 13 on
1274 550 35 19 the
1319 556 80 18 paenga

967 576 21 18 of
997 576 35 19 the
1041 575 87 19 kumara
1136 575 121 25 plantation.
1277 576 49 19 And
1335 582 12 13 a
1354 575 48 19 seed

967 601 86 19 kumara
1063 607 41 13 was
1118 601 67 19 thrust
1201 602 43 18 into
1260 602 50 19 each
1327 602 22 19 of
1366 601 35 19 the

968 633 36 18 eye
1013 626 80 20 sockets
1102 627 21 18 of
1133 626 111 20 Taukata's
1255 627 60 19 skull.
1348 627 50 19 This

967 659 106 18 ceremony
1082 659 41 12 was
1135 654 20 17 to
1168 659 93 18 preserve
1277 653 35 19 the
1328 653 74 19 seed—

988 678 33 19 hei
1032 678 144 19 whakahuahu
1186 678 8 19 i
1208 681 19 16 te
1360 678 41 19 and

967 704 42 19 also
1024 706 21 17 to
1060 707 84 22 prevent
1160 704 34 19 the
1212 704 4 25 '
1225 704 82 19 mariri'
1326 705 22 18 of
1366 704 35 19 the

967 730 86 20 kumara
1062 730 53 19 from
1133 730 108 25 returning
1256 732 21 17 to
1297 730 103 20 Hawaiki.

968 756 66 19 When
1045 756 35 19 the
1091 755 85 19 kumara
1185 762 48 19 crop
1244 763 40 13 was
1302 756 98 25 gathered

966 783 21 18 in
997 782 40 19 and
1049 782 67 18 stored
1126 782 21 18 in
1157 781 34 19 the
1202 781 4 21 '
1215 782 50 18 rua'
1276 783 49 19 then
1334 789 12 12 a
1355 782 34 19 des-

966 808 87 19 cendant
1062 808 22 18 of
1093 807 94 19 Taukata
1197 814 41 12 was
1249 808 51 19 plain
1306 815 22 12 as
1334 815 13 12 a
1357 811 33 21 'pa-

966 837 64 22 tunga
1040 836 50 22 tapu
1098 833 38 19 'or
1145 833 70 19 sacred
1228 834 93 25 offering.
1356 834 43 18 The

966 860 61 19 blood
1035 859 23 19 of
1067 859 34 19 the
1111 859 68 19 victim
1197 866 41 12 was
1255 859 105 26 sprinkled
1375 866 25 12 on

966 886 34 19 the
1023 885 105 25 doorposts
1147 885 21 19 of
1187 885 34 19 the
1240 886 117 18 storehouse
1378 885 20 19 in

966 912 64 19 which
1041 911 34 19 the
1086 911 85 19 kumara
1180 918 52 12 were
1246 911 78 25 placed.
1351 911 50 19 This

965 941 77 16 custom
1051 938 122 24 concerning
1182 937 34 19 the
1227 937 54 19 skull
1296 944 40 12 was
1350 944 37 12 con-

966 964 70 19 tinued
1046 964 52 18 until
1108 964 34 18 the
1152 964 96 25 adoption
1256 964 23 19 of
1286 963 102 20 Christian-

965 991 37 24 ity.

991 1016 180 24 Awanui-a-rangi
1187 1016 41 19 had
1245 1016 92 22 Awaroa,
1355 1015 45 19 who

965 1042 41 19 had
1021 1042 258 24 Awa-tuma-ki-te-rangi,
1298 1042 44 19 who
1359 1041 41 19 had

968 1067 160 24 Pari-nui-te-ra,
1133 1068 45 19 who
1187 1068 40 19 had
1235 1068 110 23 Ira-kewa,
1355 1068 45 18 who

965 1094 41 19 had
1014 1093 202 24 Awa-morehurehu,
1225 1094 45 19 who
1279 1093 40 20 had
1327 1094 72 18 Toroa.

965 1120 42 19 The
1017 1120 44 19 first
1070 1120 31 18 six
1112 1119 28 19 all
1150 1119 47 19 died
1206 1120 21 18 in
1238 1119 104 20 Hawaiki.
1360 1119 28 19 To-

965 1153 35 12 roa
1009 1152 41 13 was
1061 1146 82 24 captain
1159 1145 42 19 and
1215 1146 60 25 pries'
1296 1145 21 20 of
1333 1145 54 19 Mata-

966 1175 54 16 atua.
1048 1172 47 18 And
1105 1172 52 18 from
1168 1171 189 26 Awa-nuba-rangi
1366 1178 33 12 are

965 1197 111 21 descended
1086 1198 35 18 the
1131 1197 126 26 Ngati-Awa
1267 1197 53 20 tribe
1333 1198 21 18 of
1364 1198 34 19 the

964 1224 45 26 Bay
1018 1225 22 19 of
1053 1223 81 26 Plenty.

1095 1273 45 19 Tua
1150 1279 25 13 of
1188 1273 83 19 Tahiti.

990 1308 12 20 I
1009 1308 51 19 have
1071 1308 47 24 only
1128 1310 41 17 met
1179 1307 49 19 with
1235 1308 41 18 this
1284 1314 59 13 name
1351 1313 49 14 once

964 1336 21 18 in
995 1335 34 18 the
1039 1334 80 19 ancient
1129 1340 67 18 songs.
1225 1334 21 19 It
1255 1340 68 13 occurs
1333 1334 22 18 in
1365 1334 34 19 the

985 1361 45 18 Tua
1039 1367 11 12 o
1202 1359 67 19 which
1288 1362 5 9 '
1300 1359 85 20 karakia
1395 1359 4 22 '

965 1394 40 13 was
1015 1386 95 26 repeated
1129 1386 59 19 while
1202 1386 36 18 the
1256 1386 106 19 .viataatiin
1378 1393 23 12 or

964 1413 115 19 Tuamatua
1085 1419 62 13 canoe
1155 1418 40 13 was
1200 1412 65 25 being
1272 1412 100 19 launched
1380 1414 20 17 at

964 1439 78 19 Tahiti.
1070 1438 21 20 It
1101 1444 40 13 was
1151 1438 43 19 also
1204 1438 96 25 repeated
1309 1445 48 12 over
1366 1438 34 19 the

965 1466 73 18 Arawa
1047 1466 21 18 at
1078 1464 79 19 Matata
1167 1463 27 25 by
1205 1463 72 20 Toroa.

1055 1514 30 19 Te
1098 1513 46 19 Tau
1157 1520 12 12 o
1186 1513 125 19 Mataatua.

1014 1549 77 25 Kapua
1100 1548 75 19 hokaia
1191 1548 7 19 i
1213 1554 68 19 runga
1298 1554 12 13 o
1330 1547 69 20 Tahiti

1017 1575 36 19 nui
1065 1581 12 12 a
1087 1574 29 19 Te
1126 1574 44 19 Tua

990 1602 35 19 Ka
1035 1604 58 16 tatau
1103 1607 40 12 ana
1152 1600 21 19 ki
1192 1606 68 19 runga
1270 1607 12 12 o
1296 1600 104 24 Kapu-te-

990 1628 59 19 Puke
1060 1627 6 18 i
1075 1628 64 17 Aotea
1329 1625 71 27 [rangi

991 1654 33 19 Ko
1035 1654 37 19 Toi
1081 1653 20 19 te
1111 1655 86 24 tangata
1206 1659 12 13 o
1228 1654 86 22 temotu,

1096 1705 59 20 Paea
1164 1712 26 13 oa
1208 1705 60 20 Paia.

990 1741 49 19 This
1049 1747 59 13 namo
1119 1746 68 13 occurs
1206 1739 21 20 in
1246 1746 12 13 a
1277 1739 65 20 Maori
1361 1738 25 19 Li-

964 1771 55 17 ment
1029 1767 109 26 published
1148 1767 21 18 in
1185 1766 35 19 the
1237 1766 87 19 Journal
1333 1766 22 18 of
1365 1765 34 19 the

964 1793 123 25 Polynesian
1098 1793 79 24 Society
1197 1799 56 12 some
1272 1792 48 19 time
1340 1792 58 19 back.

966 1818 3 22 '
977 1821 60 19 Nana
1047 1819 6 20 i
1064 1819 67 20 homai
1141 1821 20 17 te
1171 1818 178 20 Paea-o-Tawhiti
1357 1818 41 19 &c.'

991 1870 25 19 In
1024 1877 12 12 a
1053 1868 170 21 communication
1241 1866 92 21 received
1343 1867 53 19 from

965 1897 50 19 Miss
1027 1896 28 19 Te
1067 1895 52 20 Uira
1133 1894 72 25 Henry
1223 1894 22 19 of
1264 1893 112 22 Honolulu,
1388 1900 12 12 a

964 1923 48 25 lady
1021 1922 46 19 who
1077 1922 17 18 is
1101 1920 109 25 thorougly
1219 1923 120 16 conversant
1349 1919 48 19 with

964 1949 35 19 the
1017 1948 79 19 ancient
1115 1947 77 24 history
1220 1946 41 19 and
1288 1945 111 26 legendary

964 1975 42 19 lore
1016 1975 21 18 of
1046 1974 75 23 Tahiti,
1135 1973 11 19 I
1156 1973 52 19 have
1218 1972 91 20 received
1326 1972 62 18 confir-

965 2001 76 19 mation
1052 2000 21 19 of
1083 1999 76 20 several
1171 2005 75 19 proper
1255 2004 69 13 names
1338 1998 60 24 given

966 2034 31 12 me
1007 2026 27 25 by
1044 2026 35 20 the
1093 2025 133 26 .Ngati-Awa.

990 2053 28 19 Te
1028 2051 164 27 Oropoa.—This
1202 2051 18 19 is
1235 2051 35 19 the
1287 2056 60 13 name
1357 2051 21 17 of
1387 2057 12 11 a

964 2080 57 24 large
1030 2079 129 25 department
1168 2077 22 19 of
1203 2077 76 19 Tahiti.

990 2106 28 18 Ta
1027 2103 172 20 Tana-i-Ahurai.
1205 2103 45 19 —Is
1269 2103 33 19 the
1317 2102 70 25 adjoin-

963 2132 36 24 ing
1008 2131 79 19 district
1095 2133 21 16 to
1126 2129 28 19 Te
1164 2129 87 25 Oropoa.

991 2157 110 19 Paea.—ls
1112 2163 12 12 a
1133 2156 78 19 district
1222 2155 20 19 in
1262 2155 27 19 Te
1310 2154 87 25 Oropoa.

990 2183 99 19 Tua.—ls
1100 2183 34 18 the
1145 2188 58 13 name
1212 2182 22 18 of
1242 2188 12 12 a
1263 2188 49 18 very
1318 2181 81 18 ancient

964 2209 51 26 high
1024 2209 97 19 chieftain
1131 2207 72 25 family
1213 2208 21 19 of
1242 2207 74 20 Tahiti.

1125 2242 46 20 (Thk
1183 2242 39 16 END
1231 2242 6 20 )

1421 113 1 27 !
1426 113 96 23 stomach,
1539 113 124 26 indigestion
1682 114 22 19 in
1722 121 59 18 every
1799 116 58 24 form,

1426 138 41 18 and
1476 139 121 24 dyspepsia;
1611 139 40 19 and
1663 140 16 18 it
1694 140 42 19 also
1755 142 44 18 said
1815 142 44 19 that

1426 167 52 15 most
1487 164 21 18 of
1517 165 35 18 the
1562 165 120 24 complaints
1693 172 29 12 we
1732 167 62 19 suffer
1806 168 53 18 from

1426 194 33 13 are
1468 189 73 19 caused
1552 190 26 24 by
1588 191 52 18 that.
1669 191 32 19 Ou
1708 191 84 26 looking
1808 199 48 13 over

1425 215 34 18 the
1470 217 111 23 symptoms
1590 215 106 21 described
1705 217 21 17 in
1744 218 35 18 the
1797 218 60 23 book,

1425 240 41 19 and
1475 247 76 19 compai
1556 241 36 25 ing
1602 241 56 20 them
1668 242 50 19 with
1727 249 34 18 my
1775 249 51 18 own,
1847 244 12 18 I

1425 271 41 12 saw
1488 266 78 26 plainly
1588 267 45 19 that
1657 274 34 18 my
1713 269 82 19 ailuient
1818 276 41 12 was

1425 290 113 26 dvspop^ia.

1521 320 46 17 sent
1576 318 137 25 immediately
1722 320 33 18 for
1765 326 13 12 a
1793 320 66 19 bottle

1424 342 22 18 of
1455 342 40 19 this
1506 343 105 24 medicine,
1623 344 40 19 and
1676 345 53 18 after
1738 345 73 25 talcing
1820 346 17 19 it
1847 353 12 12 a

1424 367 39 20 few
1473 368 50 25 daj'B
1533 368 12 20 I
1555 369 67 26 began
1633 372 21 17 to
1671 370 41 19 feel
1727 370 73 19 better.
1833 372 26 19 In

1424 400 13 11 a
1446 400 47 17 very
1503 394 57 20 short
1569 396 55 23 time,
1636 395 28 25 by
1673 395 90 26 keeping
1772 403 27 12 on
1809 397 50 19 with

1423 419 35 19 the
1468 419 66 26 Syrup
1543 421 108 25 according
1659 424 20 16 to
1695 422 34 18 the
1752 421 107 20 directions

1423 444 12 19 I
1444 445 59 19 could
1512 449 34 15 eat
1562 447 85 19 without
1665 447 48 25 pain
1727 454 22 12 or
1768 448 90 22 distress,

1423 470 41 18 and
1480 471 66 25 digest
1562 478 34 19 my
1615 473 54 18 food.
1707 473 11 19 I
1738 473 42 19 also
1806 474 53 25 «=lept

1423 497 86 24 soundly
1531 498 40 18 and
1593 498 110 25 naturally.
1743 499 57 19 Then
1823 506 35 18 my

1423 523 93 24 strength
1525 529 56 13 came
1590 523 52 19 back
1653 525 40 18 and
1701 524 49 19 with
1758 525 15 18 it
1783 525 34 18 the
1825 531 34 13 co»

1423 547 45 19 lour
1475 551 20 16 to
1505 555 35 18 my
1550 549 50 19 face.
1628 549 26 19 In
1665 550 62 23 short,
1738 550 51 19 after
1799 557 12 12 a
1820 551 38 19 few

1424 573 66 19 weeks
1500 580 36 13 use
1547 575 22 19 of
1579 575 81 19 Mother
1677 575 85 23 Seigel's
1780 576 73 25 Syrup,

1423 598 12 19 I
1444 605 42 13 was
1494 600 72 25 hearty
1572 601 42 19 and
1621 604 72 22 strong
1700 608 22 12 as
1730 609 53 12 ever.
1810 602 48 19 And

1423 624 12 19 I
1444 625 73 19 should
1536 626 26 19 be
1583 627 73 19 indeed
1673 628 120 24 ungrateful
1810 628 18 18 if
1847 628 11 18 I

1423 657 52 12 were
1489 654 35 16 not
1540 652 79 25 willing
1635 653 45 19 that
1696 654 68 18 others
1785 653 73 19 should

1424 676 51 19 have
1494 677 34 19 the
1551 677 75 20 benefit
1642 681 22 16 of
1682 685 33 19 my
1733 679 124 25 expeilence.

1423 702 47 20 You
1480 710 34 12 are
1524 704 102 19 therefore
1635 704 44 19 free
1688 707 20 16 to
1714 705 55 25 print
1778 711 31 18 uiy
1820 704 29 19 let-

1423 732 31 16 ter
1475 730 17 18 if
1514 736 41 18 you
1574 729 60 20 think
1653 730 17 19 it
1686 730 41 19 will
1747 731 24 18 be
1783 731 67 18 useful

1425 755 96 26 (Signed)
1532 756 64 21 (Mrs)
1616 756 29 18 M.
1661 756 87 25 Truran,
1767 757 89 23 Martou,

1423 781 89 24 Lincoln,
1524 782 60 25 April
1596 783 30 21 24,
1646 782 67 18 'S9V

1449 807 11 19 I
1470 807 75 26 simply
1555 808 65 19 desire
1630 811 21 15 to
1662 814 36 19 say
1710 811 21 16 to
1748 809 42 19 Mrs
1806 808 39 20 Tru-

1422 840 36 12 ran
1468 833 44 19 that
1523 834 36 19 her
1569 833 46 19 idea
1624 834 63 19 about
1694 834 35 19 the
1738 835 60 18 blood
1808 835 17 18 is
1844 842 14 11 a

1422 859 98 25 perfectly
1529 862 77 16 correct
1623 866 44 12 '<ne.
1704 860 34 19 All
1753 867 38 12 our
1809 861 47 18 food

1423 885 43 24 (the
1479 885 110 25 digestible
1597 889 46 22 part
1653 886 21 19 of
1684 885 24 24 it)
1719 887 17 18 is
1747 886 73 19 turned
1827 887 20 18 in-

1422 914 20 15 to
1454 911 66 23 blood,
1531 911 41 19 and
1582 912 20 18 in
1609 911 45 19 thut
1663 912 63 25 shape
1737 913 16 19 it
1759 912 57 19 feeds
1823 912 35 19 the

1421 937 64 18 entire
1496 937 60 25 body.
1592 937 68 19 Wheu
1679 937 34 19 the
1733 937 60 20 Mood
1811 943 46 19 gets

1423 962 43 19 thin
1484 963 42 19 and
1543 970 49 19 poor
1611 963 92 25 flacking
1721 964 21 19 in
1762 964 84 19 nourish-

1422 989 72 25 ment,)
1507 996 29 12 we
1547 990 43 19 lose
1600 990 50 18 flesh
1665 990 41 19 and
1722 997 55 18 grow
1790 990 68 19 feeble

1423 1015 39 18 and
1473 1016 52 24 pale.
1545 1016 46 18 And
1602 1016 35 19 the
1652 1022 60 13 cause
1722 1017 21 18 of
1752 1016 35 19 the
1796 1016 62 19 blood

1423 1042 79 24 getting
1512 1042 45 19 thin
1570 1042 40 19 and
1626 1048 49 18 poor
1692 1042 16 19 is
1726 1042 62 24 indig.
1795 1042 61 23 stion,

1422 1073 23 12 or
1454 1067 115 25 dyspepsia.
1608 1068 53 19 How
1678 1074 48 19 easy
1745 1068 41 19 this
1802 1068 18 18 is
1836 1071 21 16 to

1422 1093 125 20 understand
1558 1094 58 19 when
1626 1100 49 13 once
1684 1101 41 17 you
1735 1097 34 22 get
1779 1094 49 19 hold
1835 1094 22 19 of

1423 1119 33 18 the
1463 1119 56 25 right
1533 1120 39 19 end
1589 1120 21 19 of
1619 1120 23 19 it.
1675 1120 81 19 Mother
1771 1120 86 24 Seigel's

1422 1144 65 26 Syrup
1498 1146 38 19 has
1545 1146 35 19 the
1590 1146 90 25 peculiar
1689 1152 68 19 power
1777 1148 21 17 to
1813 1152 33 13 cor-

1421 1174 42 16 rect
1473 1171 53 20 what
1536 1172 17 19 is
1563 1179 70 18 wrong
1641 1172 62 19 about
1710 1172 35 19 the
1753 1172 103 25 digestion

1422 1197 39 19 and
1472 1197 47 20 thus
1536 1198 83 19 enables
1641 1198 35 19 the
1696 1198 99 25 digestive
1813 1204 29 13 ma-

1421 1223 83 24 chinery
1526 1226 20 17 to
1569 1224 59 19 make
1654 1224 53 24 good
1725 1224 43 19 rich
1788 1224 68 19 blood.

1424 1249 73 19 Which
1506 1249 18 19 is
1535 1250 36 19 life
1581 1250 40 20 and
1631 1250 70 19 health
1717 1250 40 19 and
1773 1250 82 24 beauty.

1233 48 59 19 THE
1320 49 58 20 HOT
1406 50 92 19 LAKES
1526 50 175 27 CHRONICLE,
1729 54 190 25 WEDNESDAY,
1948 56 63 20 MAY
2037 59 33 22 20,
2088 59 48 18 1896

964 2304 17 16 A
1009 2302 92 19 CLEAN
1135 2300 55 20 CUT
1224 2299 176 20 INDIVIDUAL

965 2328 129 23 OPINION,
1106 2326 111 20 BOLDLY
1230 2325 169 21 EXPRESSED.

991 2373 20 18 It
1023 2372 16 19 is
1049 2372 31 19 for
1091 2370 41 20 thi«
1142 2377 72 13 reason
1225 2370 46 19 that
1290 2377 25 12 an
1336 2376 45 13 asset-

965 2399 42 19 tion
1017 2398 41 19 like
1068 2397 35 19 the
1112 2396 107 26 following
1228 2397 63 18 sticks
1301 2402 27 19 up
1336 2396 63 19 abov'e

965 2425 35 19 the
1011 2424 51 19 dead
1074 2423 51 19 level
1134 2424 21 17 of
1164 2429 38 12 our
1211 2422 68 25 stupid
1291 2422 49 21 talk,
1360 2422 39 19 mid

965 2451 94 19 bacomes
1078 2448 126 24 noticeable;
1246 2448 69 19 When'
1325 2448 12 19 I
1355 2455 45 12 saw

966 2483 46 13 IIOW
1021 2481 53 14 TALE
1084 2475 10 19 I
1105 2481 43 13 HAD
1242 2474 9 19 I
1262 2481 46 13 SAID
1318 2481 25 12 TO
1360 2480 26 13 MY-

964 2509 54 17 SELF,
1027 2508 20 13 IT
1063 2507 42 14 WAS
1115 2507 89 14 BECAUSE
1219 2507 37 12 SO.V
1263 2506 75 14 r.TIII.VG
1355 2506 44 14 HAD

964 2535 53 13 GONE
1026 2535 40 12 OUT
1082 2533 26 13 OF
1118 2533 32 14 MY

991 2554 78 20 There!
1080 2554 45 19 that
1132 2554 18 18 is
1160 2560 12 12 a
1181 2556 108 17 statement
1300 2554 49 19 with
1365 2553 34 19 the

965 2581 48 19 seed
1031 2581 21 19 of
1069 2587 27 12 an
1112 2580 46 19 idea
1168 2580 21 18 in
1209 2580 22 18 it.
1261 2580 91 26 Suppose
1370 2586 29 12 we

966 2607 67 19 follow
1044 2609 16 17 it
1070 2613 28 19 up
1112 2606 28 24 by
1158 2606 88 25 rpioting
1265 2607 34 19 the
1318 2608 42 18 rest
1378 2605 21 19 of

965 2634 33 18 the
1009 2633 60 19 letter
1087 2633 66 19 which
1162 2633 93 19 contains
1270 2634 22 18 it.

991 2660 25 18 In
1026 2659 118 22 December,
1158 2660 55 18 1890,
1225 2666 46 19 says
1282 2660 33 18 the
1332 2660 67 18 writer

988 2686 12 18 I
1011 2685 35 19 fell
1056 2686 43 18 into
1109 2692 13 12 a
1131 2691 50 19 poor
1191 2688 52 16 state
1253 2687 20 18 of
1286 2685 77 20 health.
1388 2686 10 18 I

965 2718 42 12 was
1013 2712 58 23 tired,
1080 2711 91 24 languid,
1183 2711 40 19 and
1234 2718 66 19 weary
1313 2712 86 19 without

965 2745 40 17 any
1012 2740 99 23 apparent
1117 2743 67 13 cause.
1212 2737 36 26 My
1259 2739 89 24 appetite
1361 2738 38 20 left

966 2771 36 15 me,
1014 2764 40 18 and
1066 2764 27 18 all
1111 2763 54 23 food,
1185 2770 51 12 even
1255 2765 34 19 the
1314 2765 85 24 lightest

964 2791 41 19 and
1016 2789 89 26 simplest
1122 2789 66 23 kinds,
1208 2791 74 19 caused
1290 2797 32 13 me
1342 2793 57 20 great

965 2817 47 25 pain
1019 2817 21 18 in
1051 2817 34 18 the
1092 2816 56 19 chest
1155 2816 40 18 and
1209 2817 97 19 stomach.
1330 2817 68 19 When

967 2843 9 19 I
986 2850 41 12 saw
1037 2843 43 19 how
1092 2848 44 19 p-u'.i
1146 2842 9 19 I
1163 2842 41 20 had
1214 2849 70 18 grown
1294 2843 12 19 I
1318 2843 44 19 said
1378 2846 21 16 to

966 2869 74 25 myself
1050 2869 16 18 it
1075 2875 42 12 was
1125 2867 87 21 because
1232 2869 114 26 something
1359 2869 39 19 had

965 2902 53 19 gone
1028 2897 36 16 out
1073 2895 21 18 of
1104 2901 33 18 ray
1147 2894 67 20 blood.

1016 2921 57 19 Then
1087 2927 33 17 my
1131 2920 55 26 sleep
1200 2928 41 13 was
1257 2921 84 23 broken,
1360 2921 39 20 and

966 2947 60 25 night
1036 2947 52 18 after
1099 2946 60 24 night
1169 2947 10 18 I
1190 2947 87 25 scarcely
1286 2947 67 20 closed
1365 2954 34 18 my

965 2980 54 18 eyes.
1031 2973 20 18 It
1061 2972 71 20 wasn't
1142 2972 49 26 long
1211 2974 70 19 before
1290 2974 11 18 I
1318 2974 81 19 became

966 3006 22 13 so
998 2998 57 20 weak
1066 2998 39 19 and
1119 2998 93 26 dejected
1223 3000 43 19 that
1277 3000 10 19 1
1306 3000 49 19 took
1373 3007 27 12 no

967 3026 83 19 interest
1060 3024 20 19 in
1092 3024 70 26 things
1176 3026 78 19 around
1265 3033 37 12 me.
1332 3026 10 19 I
1358 3032 42 13 was

965 3059 23 12 so
998 3057 86 13 nervous
1100 3051 46 18 that
1163 3057 91 14 common
1270 3052 75 19 sounds
1363 3059 25 12 an-

967 3077 64 25 noyed
1041 3076 41 19 and
1088 3077 84 19 worried
1181 3084 42 17 trie;
1234 3085 50 12 even
1291 3078 34 19 the
1332 3078 67 19 noises

966 3104 58 19 made
1042 3102 27 25 by
1086 3109 32 18 my
1138 3109 44 13 own
1198 3104 88 19 children
1307 3104 22 19 in
1346 3104 54 19 their

966 3130 43 19 talk
1020 3129 41 19 and
1070 3131 22 17 at
1101 3128 54 20 their
1165 3129 54 26 play.

1013 3155 66 19 There
1091 3161 40 13 was
1147 3161 12 12 a
1176 3155 117 26 disgusting
1312 3158 52 17 taste
1380 3156 20 19 in

967 3188 33 13 mv
1009 3182 70 18 mouth
1089 3181 4 23 ;
1108 3182 15 18 it
1133 3181 58 19 made
1202 3188 31 12 me
1243 3182 48 21 sick,
1312 3182 39 19 and
1369 3182 21 18 of-

967 3210 33 17 ten
1012 3214 51 19 gave
1073 3214 31 12 me
1114 3214 12 12 a
1136 3207 106 25 shivering
1252 3208 100 20 sensation
1370 3208 27 19 all

966 3240 53 13 over.
1048 3233 68 19 When
1126 3233 12 19 I
1147 3240 41 12 saw
1198 3233 68 19 others
1280 3234 71 24 eating
1360 3235 40 19 and

966 3260 98 25 enjoying
1071 3259 53 19 their
1134 3259 64 19 meals
1207 3259 12 19 I
1231 3259 39 19 felt
1282 3266 21 12 as
1321 3260 79 25 though

967 3287 16 18 it
993 3292 51 13 were
1053 3292 12 12 a
1075 3288 82 22 strange
1167 3285 61 25 thing
1235 3292 5 16 ;
1260 3285 21 19 in
1298 3292 12 12 a
1326 3293 45 18 way
1388 3286 12 19 I

967 3311 107 20 wondered
1084 3311 43 19 how
1139 3311 49 24 they
1196 3311 58 19 could
1265 3311 25 19 do
1303 3312 23 19 it.
1361 3312 39 19 For

967 3337 73 25 myself
1056 3337 10 19 I
1081 3337 60 19 could
1155 3339 34 17 eat
1204 3337 73 25 hardly
1293 3338 107 24 anything.

967 3364 56 19 Food
1033 3366 52 16 went
1094 3363 82 25 against
1190 3370 38 16 me,
1244 3363 41 19 and
1300 3364 12 18 I
1328 3364 72 19 turned

967 3396 57 18 away
1035 3390 51 18 from
1096 3389 21 21 it,
1129 3395 21 13 as
1160 3396 38 12 one
1210 3392 56 17 turns
1272 3390 53 19 from
1332 3389 68 20 smells

967 3424 22 12 or
998 3416 66 25 sights
1073 3415 45 19 that
1128 3421 34 13 are
1176 3415 104 20 offensive.
1308 3415 47 20 And
1367 3418 33 22 yet

967 3443 10 18 I
988 3442 65 22 knew,
1073 3441 55 18 what
1143 3447 99 18 everyone
1260 3441 76 23 knows,
1356 3442 44 19 that

969 3468 84 19 without
1063 3467 99 19 sufficient
1171 3467 48 19 food
1235 3468 35 19 tlio
1286 3467 54 25 body
1356 3468 33 19 lan-

967 3494 84 24 guishes
1060 3493 40 18 and
1111 3492 101 20 weakens.
1242 3493 43 20 And
1297 3494 49 18 such
1360 3500 40 12 was

968 3520 34 19 the
1010 3526 46 13 case
1066 3519 49 19 with
1124 3525 32 12 rae
1163 3525 22 12 as
1192 3520 69 19 month
1271 3520 53 18 after
1331 3520 69 18 month

968 3549 52 16 went
1030 3546 33 24 by.

1014 3571 82 25 During
1104 3571 28 18 all
1150 3570 41 19 this
1211 3572 54 22 time,
1281 3578 22 11 so
1322 3571 38 19 full
1379 3572 21 18 of

967 3598 45 26 pnin
1032 3597 40 19 nnd
1087 3597 181 25 discouragement,
1286 3597 11 19 I
1313 3603 40 13 was
1370 3600 20 16 at-

967 3623 74 20 tended
1051 3623 27 19 bv
1088 3630 11 11 a
1108 3623 68 18 doctor
1190 3624 45 18 who
1250 3623 34 19 did
1302 3624 55 18 what
1374 3623 25 19 he

966 3650 60 19 could
1036 3652 20 16 to
1066 3649 74 19 relieve
1150 3655 38 13 me.
1199 3649 38 19 but
1252 3649 86 19 without
1353 3656 35 12 suc-

966 3682 48 13 cess.
1043 3675 46 19 Ido
1100 3678 34 15 not
1144 3681 36 18 say
1190 3675 26 19 he
1226 3675 35 19 ('id
1274 3678 36 16 not
1325 3675 62 19 under-

967 3702 60 19 stand
1038 3708 33 18 my
1080 3700 122 25 complaint;
1218 3701 31 19 for
1262 3707 47 18 may
1324 3701 25 19 he
1365 3703 35 16 not

967 3728 51 19 have
1029 3726 121 20 understood
1160 3726 18 18 it
1187 3727 85 19 without
1282 3727 77 24 having
1365 3727 35 18 the

966 3760 70 13 means
1047 3753 22 19 of
1077 3752 73 25 curing

991 3779 44 19 The
1045 3784 78 14 answer
1139 3781 21 15 to
1176 3779 35 18 tho
1225 3778 65 25 lady's
1306 3778 93 25 question

966 3807 18 18 is
993 3812 5 12 :
1014 3805 42 19 Yes
1064 3804 64 24 easily
1145 3804 90 26 euough.
1271 3804 35 19 All
1324 3804 67 19 intelli-

967 3833 54 24 gent,
1033 3830 92 20 studious
1138 3830 79 19 doctors
1254 3830 125 19 underetand

965 3856 147 26 consumption,
1136 3856 87 23 cholera,
1252 3862 77 17 cancer,
1355 3856 41 21 &c.,

966 3883 86 20 without
1062 3883 32 24 (as
1102 3882 43 25 yet)
1155 3881 77 26 having
1242 3882 35 19 the
1290 3887 70 14 means
1377 3882 22 18 of

965 3910 73 24 curing
1047 3909 61 18 them.
1139 3907 66 20 There
1214 3908 18 19 is
1239 3907 81 24 usually
1329 3913 12 13 a
1348 3907 51 19 wide

965 3941 40 19 gap
1015 3935 91 19 between
1117 3933 36 20 the
1162 3933 106 25 discovery
1285 3933 22 19 of
1317 3939 12 13 a
1345 3935 55 17 want

965 3963 40 18 and
1016 3961 35 18 the
1060 3966 44 18 way
1114 3961 20 17 to
1144 3959 75 25 supply
1228 3959 23 19 it.

1015 3986 11 19 I
1036 3986 41 19 will
1164 3988 105 16 continues
1282 3984 36 20 Ihe
1332 3984 65 23 letter,

987 4012 37 20 tell
1033 4012 44 19 how
1087 4011 12 20 I
1117 4017 56 13 came
1187 4013 22 17 to
1225 4010 26 20 be
1268 4010 68 20 cured.
1372 4010 27 19 In

965 4038 65 26 April,
1044 4039 54 21 1891,
1108 4037 13 20 I
1130 4037 49 19 read
1188 4037 23 18 in
1219 4035 138 21 asmsJlbook
1376 4042 23 13 or

965 4064 105 27 pamphlet
1080 4064 63 19 about
1161 4063 81 19 Mother
1360 4063 26 23 Sy-

965 4098 45 13 run.
1038 4090 43 20 The
1093 4089 53 20 book
1157 4089 46 19 said
1212 4089 35 19 the
1257 4089 66 24 Syrup
1337 4094 41 13 was
1386 4094 13 13 a

964 4117 78 19 certain
1057 4122 46 14 jure
1121 4115 32 19 for
1172 4115 28 19 all
1218 4115 89 19 diseases
1323 4114 22 19 of
1364 4114 35 19 the

1425 1322 242 47 KUSABS
1700 1322 155 46 BROS

1531 1379 218 33 MAMAKU

1421 1417 74 41 SAW
1512 1417 25 41 &
1562 1417 154 42 PLANING
1738 1417 117 42 MILLS,

1425 1488 270 24 MOUNTAIN
1719 1489 137 25 RI7^VJ,

1581 1524 42 14 THE
1636 1524 54 14 ONLY

1423 1548 134 21 GENUINE
1572 1548 60 20 DRY
1649 1548 79 20 LAND
1744 1548 113 20 TIMBER

1527 1580 29 16 IN
1569 1579 53 17 THE
1635 1579 115 18 MARKET.

1422 1625 129 44 Messes
1569 1625 101 18 kusabs
1687 1625 70 18 bros.
1771 1625 38 23 beg:
1826 1632 20 11 re-

1497 1655 44 17 cpec
1552 1655 19 11 a'
1573 1649 5 10 ;
1580 1648 21 21 '.y
1605 1650 21 17 to
1634 1649 70 17 inform
1712 1649 33 17 the
1757 1649 67 18 Public
1837 1649 20 17 of

1423 1672 77 16 Kotoruu
1508 1673 34 15 Hud
1552 1672 73 20 vicioil-y
1634 1672 40 16 tlirt
1682 1672 40 21 they
1737 1672 44 16 have
1797 1674 49 14 estab-

1421 1693 54 16 lished
1484 1699 10 10 a
1504 1693 44 21 yard
1556 1693 18 16 in
1588 1693 126 19 Hiaenion-st.,
1724 1695 32 14 and
1772 1698 30 11 can
1818 1698 39 11 now

1421 1717 62 19 supply
1492 1714 30 17 the
1530 1715 51 15 finest
1588 1714 25 16 ol?
1630 1714 3 22 >
1647 1714 19 17 of
1680 1714 82 21 Building
1775 1714 82 16 Muterial

1421 1736 17 15 in
1447 1736 29 16 the
1485 1736 75 16 Market.
1577 1736 18 15 It
1602 1736 14 15 is
1625 1736 102 20 unequalled
1735 1736 17 15 in
1761 1736 96 20 durability

1421 1757 34 16 and
1464 1757 105 21 impervious
1578 1759 17 14 io
1613 1757 22 15 he
1643 1760 23 12 p|-
1675 1759 35 14 -oka
1726 1757 18 16 of
1758 1757 50 16 borer
1822 1757 35 16 and

1421 1779 32 20 dry
1465 1782 32 13 rot.
1520 1778 54 16 Their
1582 1778 84 16 siwniil's
1674 1783 29 12 pre
1710 1778 49 17 fi.ted
1771 1778 40 16 with
1827 1778 30 16 the

1421 1803 45 13 most
1474 1800 71 16 modern
1554 1799 99 21 applinncr<
1679 1805 17 11 Hi
1705 1801 29 14 the
1741 1800 39 16 firm
1794 1799 14 16 is
1818 1799 39 17 able

1421 1825 18 11 to
1455 1822 63 20 supply
1534 1827 35 14 any
1584 1821 83 20 qupnlii.y
1682 1827 18 10 oc
1715 1821 39 21 Dry
1772 1821 85 20 Building

1421 1842 81 16 Material
1510 1848 23 10 on
1542 1842 29 16 the
1580 1844 76 14 shortest
1663 1848 22 10 no
1694 1842 31 16 ice.

1423 1886 142 28 Skirtings,
1573 1884 179 28 Architraves,
1757 1885 84 24 Mould-

1458 1916 69 29 ings,
1540 1916 51 22 and
1601 1915 111 23 Dressed
1722 1916 102 23 Timber

1488 1947 29 22 of
1525 1954 81 22 every
1622 1946 165 30 description,

1515 1978 110 27 Always
1636 1985 32 16 on
1679 1978 83 23 Hand.

1448 2004 121 23 HENAU
1579 2004 108 25 HOUSE
1700 2004 128 23 BLOCKS.

1442 2051 49 16 Price
1500 2051 48 17 Lists
1555 2058 22 11 on
1587 2053 104 21 application
1702 2054 18 13 to

1421 2079 226 33 KUSABS
1684 2077 172 38 BROS,,

1496 2120 118 18 MAMAKU
1627 2126 26 12 ou
1665 2119 114 19 OHAUPO.

1550 2149 26 17 Or
1585 2150 21 16 nt
1614 2149 32 17 the
1658 2149 68 21 Yards,

1444 2177 126 17 HINEMOA
1582 2177 102 20 STREET,
1704 2175 128 19 EOTORUA.

1425 2226 217 46 Rotorua
1683 2226 169 44 Tours.

1423 2309 188 43 PASSENGERS
1620 2310 19 16 to
1648 2309 85 18 Rotorun
1741 2314 31 12 are
1779 2309 77 17 advibod

1485 2333 44 17 that
1537 2338 11 11 a
1562 2333 76 21 regular
1649 2332 51 22 daily
1713 2331 57 18 coach
1787 2332 69 17 service

1421 2355 84 18 between
1515 2356 91 17 Okoroire
1614 2356 39 17 and
1663 2356 84 17 Rotorua
1762 2355 37 17 and
1816 2356 40 17 vice

1421 2385 52 11 versa
1481 2379 16 17 is
1506 2385 42 11 now
1558 2384 89 17 runnrng.

1444 2403 38 16 The
1491 2402 118 23 advantages
1614 2403 23 17 of
1641 2402 37 17 this
1684 2403 54 16 route
1742 2408 31 10 arc
1780 2408 63 11 numer-

1421 2431 39 14 ous,
1470 2432 11 10 a
1490 2425 105 18 somewhat
1608 2425 73 18 tedious
1690 2425 76 22 railway
1774 2425 82 23 journey

1420 2448 15 17 is
1444 2448 77 21 broken,
1531 2448 38 17 and
1578 2448 33 17 the
1627 2451 54 15 route
1697 2450 91 15 traverses
1805 2455 51 10 sonic

1421 2472 20 17 of
1459 2472 32 16 the
1508 2472 86 17 loveliest
1610 2472 52 16 Rush
1679 2472 80 21 Scenery
1775 2471 20 17 in
1809 2472 47 17 New

1421 2495 89 17 Zealand.

1460 2526 106 23 FARES,
1583 2526 40 19 10s
1633 2526 82 18 BACH
1729 2526 82 19 WAY.

1421 2554 91 23 Special
1529 2554 167 23 Conveyances
1713 2559 43 13 can
1776 2554 29 18 be
1822 2559 23 14 ar-

1567 2577 89 24 ranged
1665 2577 41 19 for.

1421 2624 214 19 Leave—Okoroire
1644 2624 35 18 for
1693 2624 104 19 Rotorua
1811 2624 46 19 and

1491 2648 221 18 Wliakarewarewa
1741 2647 63 24 daily
1832 2649 25 18 at

1493 2671 29 19 10
1531 2676 52 14 a.m.

1421 2694 207 18 Leave—Rotorua
1636 2693 46 19 and
1691 2693 150 19 Whakarewa-

1491 2723 63 13 rewa
1569 2718 37 18 lor
1620 2717 116 23 Okoroire,
1753 2717 63 24 daily
1832 2719 25 17 at

1493 2741 29 18 10
1531 2746 52 13 a.m.

1444 2768 31 17 All
1496 2774 112 17 passengers
1628 2774 32 11 itre
1676 2768 77 17 advised
1773 2769 20 16 to
1808 2769 49 17 avail

1421 2792 112 18 themselves
1542 2792 20 18 of
1571 2792 38 17 this
1626 2792 61 16 Route
1701 2798 20 10 as
1737 2792 91 17 Okoroire
1842 2792 15 18 is

1421 2821 35 11 one
1471 2816 21 16 of
1503 2815 33 17 the
1544 2815 53 17 show
1605 2815 62 22 placed
1685 2815 20 17 of
1721 2815 32 17 the
1769 2815 88 17 Thermal

1421 2838 86 20 District,
1528 2838 39 17 and
1581 2844 25 11 no
1623 2838 43 17 visit
1681 2839 20 16 to
1717 2838 33 17 the
1764 2838 21 17 L:
1793 2838 32 17 kes
1842 2838 15 18 is

1421 2862 94 22 complete
1523 2862 82 16 without
1610 2862 25 16 its
1641 2861 97 17 inclusion.

1445 2885 73 22 Special
1527 2885 95 17 attention
1634 2885 15 16 is
1663 2884 59 18 called
1736 2886 20 16 to
1769 2885 33 17 the
1819 2885 38 17 fact

1421 2907 43 18 that
1472 2914 11 11 a
1492 2908 57 17 coach
1558 2908 62 17 leaves
1634 2908 85 17 Rotorua
1728 2907 37 18 and
1774 2908 70 17 Whaka-

1420 2936 101 13 rewarewa
1529 2937 26 11 on
1564 2931 78 22 Sunday
1651 2932 21 15 at
1682 2932 20 15 10
1710 2937 44 11 a.m.

1558 2978 163 16 SCENTS:

1420 2999 74 17 THOS.
1508 2999 70 17 COOK
1595 2999 16 16 &
1630 2999 54 19 SON,
1703 2998 99 18 Auckland
1820 2999 37 17 and

1594 3022 90 17 Rotorua.

1491 3193 7 10 :•
1507 3198 6 6 ,
1527 3185 31 20 MV

1642 3114 35 41 M.
1712 3116 121 47 SIMON,

1620 3167 88 25 (Lateof
1719 3168 137 24 Melbourne.)

1629 3217 114 17 PRACTICAL
1762 3217 84 18 TAILOIU

1618 3290 105 23 Clothes
1736 3291 76 22 made
1831 3292 26 21 to

1644 3316 75 23 order
1736 3323 34 16 on
1785 3316 47 23 the

1671 3342 135 23 shortest

1689 3368 94 23 notice.

1630 3463 55 25 Style
1694 3464 40 19 ard
1745 3464 36 19 Fit
1792 3466 36 17 not
1837 3467 20 16 to

1618 3492 24 17 be
1651 3490 96 26 equalled
1764 3497 19 12 in
1802 3493 55 17 town

1617 3526 101 20 Address
1724 3526 4 20 :
1745 3527 112 19 ArawaSt.

1689 3552 101 20 lioiorua.

1425 3648 125 25 Government
1568 3647 103 25 Insurance
1689 3647 127 29 Department.

1541 3683 119 12 KsrAJij-ifiiiKD
1667 3681 37 13 1870.

1425 3714 81 14 Growth
1515 3714 22 13 of
1545 3713 119 14 Business:—

1449 3736 40 13 bum
1499 3735 75 16 Asßured,
1585 3735 42 13 1875
1644 3740 7 5 -
1676 3734 144 19 £1,837,000

1585 3756 43 12 1885
1646 3761 7 4 -
1670 3754 150 20 £6,466,000

1475 3774 4 19 ,
1527 3785 8 6 „
1585 3775 43 13 1835
1646 3780 7 5 ■
1670 3774 150 19 £9,250,000

1564 3807 16 14 J.
1588 3807 20 13 H.
1617 3805 135 15 IiICHAKDSOX.

1425 3824 14 14 2]
1690 3822 130 13 Commissioner.

1447 3869 168 20 FIREWOOD!
1664 3869 164 20 FIREWOOD!

1519 3921 76 20 RATA
1607 3927 42 14 and
1663 3921 91 20 TAWA.

1421 3956 108 20 Delivered
1549 3957 29 25 by
1595 3956 86 20 Kusabs
1700 3956 57 19 Bros,
1774 3958 22 18 to
1815 3963 41 18 any

1420 3985 47 23 part
1479 3983 21 19 of
1512 3983 35 19 the
1556 3982 102 26 townebip
1667 3985 20 16 at

1494 4009 86 19 Lowest
1592 4008 99 20 Current
1703 4008 77 19 Rates.

1420 4043 82 23 BEST
1536 4041 196 25 HOUSEHOLD
1764 4041 59 24 CO/.
1828 4041 13 12 7
1843 4055 11 10 .,

1447 4086 76 20 Orders
1532 4085 93 20 received
1636 4088 22 16 at
1667 4085 34 19 the
1710 4085 68 25 yards,
1788 4084 54 20 Hiuo-

1420 4118 47 13 moa
1475 4112 74 19 Street.

1935 3736 314 47 JIUCK,L7LND

1892 3806 173 41 COFFEE
2104 3806 195 41 PALACE.

1930 3868 144 32 QUEEN
2094 3868 168 33 STREET,

1878 3920 64 23 Also
1964 3918 106 32 opposite
2092 3919 108 24 Herald
2227 3918 82 32 Office.

1906 4028 52 46 E.
2006 4027 271 57 WATERS,

1975 4101 237 27 PROPRIETOR.

974 4208 106 41 jfesk
1108 4207 75 40 for
1209 4202 271 44 Hancock's
1507 4202 284 43 Celebrated
1821 4200 39 40 2
2035 4199 114 42 Ales
2178 4202 96 39 and
2298 4200 149 44 Stout.

1990 119 154 54 THE
2199 122 153 54 HQT
2406 126 255 54 LAKES
2714 129 325 55 OSSTRIO

2117 202 92 20 Tourists
2218 203 42 20 and
2271 204 46 19 Inv.
2327 205 36 20 -'ds
2375 207 16 18 vi
2404 206 54 26 U'sg
2491 213 12 12 e
2511 206 78 21 Woi:*<.
2599 209 52 20 -'and
2661 209 22 19 at
2691 210 51 19 N«w
2751 211 92 19 Zealand
2853 211 42 19 will
2902 212 41 19 find
2952 214 34 19 the

2072 242 437 79 GRAND
2600 250 429 76 HOTEL.

1883 393 80 40 rpHE
1976 397 54 17 most
2039 395 87 26 elegant.,
2137 398 133 20 comfortable
2277 399 42 19 and
2329 399 46 20 test
2383 401 111 24 appointed
2503 401 155 20 establishment
2668 403 22 18 in
2709 403 51 19 New
2776 404 17 19 Z
2799 405 73 23 mland,
2892 406 17 18 it
2926 406 63 26 being
3004 409 74 24 replete
3094 410 124 23 throughout

2353 425 49 19 with
2413 427 34 19 the
2456 430 53 16 most
2523 427 85 19 modem
2621 428 95 19 convenie
2723 435 46 13 .ces.
3154 428 12 9 °

1908 446 59 18 THE
1980 446 92 19 HOTEL
2089 447 18 18 is
2124 447 23 20 in
2166 448 35 19 the
2219 449 117 19 immediate
2351 451 170 24 neighbourhood
2538 453 22 19 of
2578 453 35 19 the
2632 453 72 24 Priest,
2723 454 20 19 R
2757 454 51 24 chel,
2827 456 124 20 Postma-ter
2973 459 40 18 and
3027 460 57 19 other
3099 461 60 19 baths
3184 463 34 17 the

1882 474 91 15 curative
1982 476 113 20 properties
2104 473 20 18 of
2135 474 66 19 which
2216 481 35 13 are
2443 477 55 19 Bath
2509 478 66 19 chairs
2586 479 41 19 and
2637 480 117 18 attendants
2764 487 35 12 are
2808 482 97 24 provided
2916 486 20 15 to
2948 490 75 17 convey
3037 486 86 20 invalids
3139 477 27 30 to'
3177 489 41 18 and

1882 496 53 19 from
1945 497 35 18 the
1989 503 81 13 various
2084 498 139 21 oath-houses.
2251 500 44 19 The
2305 501 107 20 bedrooms
2422 503 40 19 and
2480 504 88 25 retiring
2590 511 67 12 rooms
2676 512 35 12 are
2730 505 58 20 fitted
2806 507 48 19 with
2883 508 74 25 special
2970 511 73 22 retard
3057 514 19 17 to
3089 512 34 20 the
3138 515 80 18 reouiro

1882 526 66 15 ments
1958 522 22 19 of
1988 526 70 21 guests
2068 529 21 12 m
2098 525 70 18 search
2178 526 22 18 of
2209 526 93 19 renewed
2311 527 99 25 strength.
3138 520 80 19 requne

1908 547 43 19 The
1964 548 63 19 Baths
2037 551 22 16 at
2069 549 33 18 the
2111 549 131 22 Sanatorium
2253 552 52 19 have
2317 554 98 18 attracted
2424 560 61 18 many
2495 555 81 19 visitors
2596 556 22 18 of
2636 556 41 19 late
2697 563 71 18 years;
2794 560 95 23 amongst
2904 559 58 21 those
2974 561 43 19 who
3025 562 52 20 have
3088 564 63 20 found
3161 566 57 19 relief

1882 573 33 19 bei
1924 573 35 19 the
1969 574 145 24 convalescent,
2125 581 93 19 nervous,
2229 576 120 24 rheumatic,
2360 578 39 19 and
2410 579 74 25 sleeple
2497 587 14 12 i.
3211 573 7 12 1

1908 598 93 20 Rotorua
2010 599 17 19 is
2036 600 35 19 the
2089 604 68 16 centre
2175 602 53 19 from
2246 602 66 19 which
2332 603 27 18 all
2380 604 68 24 point?
2457 606 22 18 of
2488 606 85 19 interest
2582 607 22 19 in
2665 607 92 20 Thermal
2770 609 85 26 Spilngs
2871 610 85 20 District
2971 619 46 17 may
3031 614 26 18 be
3071 616 83 19 reached
3178 617 40 18 and

1881 625 75 24 special
1966 625 95 19 facilities
2072 632 33 13 are
2114 633 45 19 p*o\
2172 634 8 12 c
2187 628 25 18 ed
2222 628 32 19 for
2261 628 58 19 those
2327 635 21 12 in
2357 635 55 14 tcarc
2420 637 7 12 i
2436 631 22 18 cf
2465 634 5 11 (
2481 637 19 13 ,'e
2510 632 102 19 beauiiful
2623 639 41 14 oru
2677 640 19 12 in
2704 634 101 19 irveUous.
3157 625 4 28 '

1976 656 182 19 MAGNIFICENT
2171 659 45 17 AP;»
2239 660 110 17 TMFNTS.
2477 662 84 19 LOFTY
2574 664 145 18 BEDROOMS.
2838 667 114 19 PERFECT
2968 669 151 20 SANITATION

2027 682 26 18 In
2063 682 57 18 short
2129 687 14 13 a
2152 687 126 14 first-class
2291 682 172 21 Establishment
2472 686 88 25 offering
2568 687 61 25 equal
2638 688 95 19 comfo?'i
2742 690 21 17 to
2772 689 35 19 the
2816 689 30 19 be.
2854 693 8 16 i,
2876 691 64 19 ho.els
2949 692 21 18 in
2980 693 84 25 Europe.

2549 719 12 11 o

2122 733 88 23 Suites
2227 734 28 23 of
2267 733 170 30 Apartments
2446 736 67 23 with
2523 738 99 28 special
2634 740 156 23 attendance
2804 741 39 23 for
2858 743 129 23 -amilies-

1881 766 100 26 Spacious
1992 766 127 20 Promenade
2128 767 114 25 EJcoires,
2252 768 59 25 Snug
2322 768 91 24 Alcoves,
2423 769 41 19 and
2480 770 128 26 luxuriously
2625 773 109 25 appointed
2743 774 104 27 Drawing,
2867 776 71 25 Mude,
2954 777 141 22 Conversation
3118 780 93 21 Reading

2336 794 100 26 Smoking
2445 796 39 18 and
2496 796 86 20 Billiard
2592 797 81 21 Booms.
2702 799 70 20 Baths.
3198 794 12 13 b
3212 795 5 10 '

2121 829 12 22 C
2133 829 24 22 -
2174 827 118 20 SPECIAL
2306 828 160 21 ATTENTION
2479 830 70 19 PAID
2561 832 35 19 TO
2610 832 118 20 CUISINE
2740 834 61 19 AND
2814 835 51 19 SEP
2867 835 71 20 VICE.

1908 858 35 19 All
1954 858 180 20 communications
2145 859 28 25 by
2182 859 60 19 letter
2252 866 23 12 or
2286 859 99 24 telegram
2394 860 42 19 will
2444 861 77 20 receive
2531 865 81 23 prompt
2622 864 104 19 attention.

1943 909 75 45 W.
2049 912 53 42 A.
2134 910 310 54 BOULTON,
2591 940 18 8 -

2356 970 59 25 (Late
2424 972 22 18 of
2455 970 114 20 Grosvenor
2578 971 70 24 Hotel,
2660 972 96 26 Sydney.)

2914 919 245 57 Manager.

2907 1082 208 63 ■aasafflf

2795 1454 19 19 A
2833 1455 67 26 Large
2919 1457 60 21 Stock
2999 1460 21 18 of
3036 1460 93 24 German,
3146 1460 77 20 French

2863 1483 41 19 and
2912 1484 92 20 Colonial
3013 1486 61 19 Boots
3084 1486 75 26 always

2957 1511 21 19 iu
2994 1512 67 19 Stock.

2795 1544 68 20 BEST
2871 1546 76 20 MATE
2951 1548 69 19 RIAL.
3057 1549 15 19 B
3077 1549 46 20 EST
3132 1550 91 20 WORK.

2873 1583 156 21 AUCKLAND
3039 1585 105 21 PRICES.

2795 1630 163 25 Hand-sewn
2966 1633 78 24 Soots
3053 1642 16 16 a
3083 1636 139 30 Specialty.

2824 1702 181 47 Robert
3039 1705 155 48 Wake

2795 1764 98 47 BEGS
2902 1768 18 17 to
2930 1766 92 20 intimate
3029 1767 45 19 that
3083 1768 26 19 he
3125 1769 38 18 has
3179 1776 44 13 now

2867 1791 110 20 concluded
2987 1793 33 19 the
3032 1794 118 20 alterations
3161 1797 21 18 to
3192 1796 31 20 hig

2793 1817 98 26 premises
2905 1818 21 19 in
2944 1818 77 19 Feuton
3036 1820 73 23 Street,
3123 1821 100 25 (opposite

2793 1843 35 19 the
2837 1843 71 19 Grand
2918 1844 78 25 Hotel,)
3005 1845 40 19 and
3055 1846 36 19 has
3100 1853 12 12 a
3119 1846 56 26 large
3183 1848 40 19 and

2794 1869 44 19 well
2848 1870 91 19 assorted
2949 1871 55 19 stock
3013 1872 21 18 of
3048 1872 34 19 the
3100 1873 110 20 undermen-

2793 1895 69 19 tioned
2872 1896 68 24 goods,

2794 1930 68 41 FOR
2881 1930 87 41 CASH
2984 1931 24 40 &
3020 1932 87 41 CASH
3119 1933 102 42 ONLY,

2818 1985 51 19 This
2878 1985 53 19 Rule
2942 1986 40 19 will
2998 1987 24 18 be
3038 1987 77 25 strictly
3134 1988 89 20 adhered

2792 2013 21 17 to
2823 2018 22 12 so
2857 2018 26 12 no
2893 2018 38 12 one
2940 2012 50 19 need
3001 2013 23 19 be
3034 2013 94 20 offended
3134 2015 17 19 if
3159 2015 64 20 credit

2792 2037 18 19 is
2821 2037 89 20 refused.

2794 2072 83 23 Men's
2888 2072 125 30 Mercery,
3022 2073 75 29 Hats,
3109 2075 42 23 &c.

2796 2102 83 22 Men's
2895 2103 51 22 and
2959 2103 77 30 Boys'
3051 2104 122 31 Clothing

2898 2150 15 11 „
3022 2135 78 24 Boots
3111 2137 22 22 &
3143 2137 79 24 Shoes

2794 2164 136 28 Blankets,
2944 2164 78 30 Rugs,
3034 2166 96 29 Prints,
3146 2168 61 24 Flan-

2847 2196 119 28 nelettes,
2978 2199 47 21 etc.

2795 2228 113 28 Saddles,
2919 2228 107 29 Bridles,
3043 2231 46 22 etc.

2905 2298 103 26 Complete
3017 2300 60 19 Stock
3086 2302 22 18 of

2796 2329 90 29 Fancy
2898 2328 90 29 Goods,
3006 2330 148 33 Stationery
3170 2334 52 23 and

2846 2361 84 23 Books

2795 2392 191 24 Tobacconist's
3002 2393 89 29 Goods,
3103 2397 48 21 etc-

2797 2424 112 23 Musical
2924 2424 173 25 Instruments

2795 2454 110 29 Fi-bing
2919 2454 94 24 Tackle

2794 2486 121 23 Window
2921 2486 70 29 glass
2999 2487 21 22 &
3027 2487 78 31 Lamp
3114 2489 106 29 glasses.

2794 2538 93 20 LARGE
2902 2538 58 19 AND
2991 2539 231 22 WELL-ASSORTED

2938 2570 87 21 STOCK
3038 2571 35 20 OF

2808 2601 182 28 BIRTHDAY,
3020 2603 92 24 XMAS
3139 2605 70 23 AND

2848 2633 78 23 NEW
2946 2633 90 24 YEAR
3057 2635 111 25 CARDS.

2834 2685 65 19 Maori
2912 2685 70 20 Curios
2993 2686 20 19 in
3024 2687 61 18 Great
3095 2688 89 25 Variety.

2859 2738 116 19 First-class
2991 2738 85 20 Billiard
3086 2739 68 20 Table.

2794 2785 148 25 Prescriptions
2951 2785 106 25 dispensed
3067 2787 25 24 by
3100 2794 13 12 a
3121 2787 102 21 Qualified

2950 2811 89 20 Chemist
3048 2815 21 16 at

2872 2843 124 32 f.OEERT
3013 2844 132 33 WAKE'S.

2822 2916 172 24 WYNYARD
3006 2918 22 22 &
3035 2917 160 30 PURCHAS,

2857 2952 125 19 Barristers
2989 2958 42 12 and
3041 2952 122 25 Solicitors,

2795 2990 78 19 B.N.Z.
2881 2989 117 24 Chambers,
3006 2990 68 21 Queen
3079 2991 28 24 St,
3115 2991 107 20 Auckland

2888 3052 51 19 have
2949 3059 71 18 money
3029 3055 19 16 to
3059 3052 47 19 lend
3117 3060 25 12 on
3159 3053 50 20 Mort-

2812 3084 6 9 '
2832 3085 6 9 '
2884 3084 53 19 gage
2945 3079 22 18 of
2982 3078 97 20 Freehold
3095 3079 40 19 and
3150 3079 60 20 Lease-

2794 3104 48 19 hold
2852 3108 93 21 property
2956 3107 20 16 at
2985 3109 80 15 current
3074 3108 59 16 rates.

2888 3175 28 40 F,
2959 3174 170 49 GOODSON,

2937 3227 146 31 KOiORUA

2796 3271 82 31 COAL
2895 3271 26 30 &
2940 3271 165 31 FIREWOOD
3125 3271 96 36 YARD,

2879 3316 141 17 PUKUATUA
3032 3315 101 22 STREET,

2959 3350 101 17 TtoI'ORUA.

2817 3396 64 18 Goods
2889 3396 93 18 delivered
3001 3398 37 15 tier
3050 3396 68 18 arrival
3131 3397 20 17 of
3163 3396 59 18 trains

2794 3421 19 15 to
2822 3419 26 17 all
2856 3420 52 22 parts
2916 3420 21 16 of
2944 3419 32 17 the
2984 3420 51 16 town
3043 3419 47 17 with
3097 3420 125 21 promptness.

2794 3455 61 22 Large
2864 3455 56 17 Stock
2933 3455 20 17 of
2968 3455 45 17 Coal
3029 3455 37 17 and
3082 3455 98 18 Firewood
3194 3455 19 18 al-

2864 3484 50 16 ways
2923 3484 24 11 on
2955 3478 50 17 hand
3015 3478 37 17 and
3060 3478 93 18 delivered

2917 3502 20 16 !',t
2946 3501 30 17 the
2989 3501 81 17 shortest
3079 3503 20 15 at

2794 3540 153 23 GREATLY
2951 3540 150 23 REDUCED
3106 3541 95 23 RATES-

2780 3565 2 11 i

2793 3622 34 20 TO
2841 3622 58 19 TEE
2913 3622 104 19 PUBLIC
3031 3622 34 20 OF
3082 3622 136 21 ROTORUA.

2794 3674 23 43 I
2831 3673 55 19 BEG
2897 3676 20 17 to
2926 3674 65 19 thank
2999 3674 35 19 the
3047 3674 15 18 T
3067 3674 52 19 üblie
3130 3675 21 19 of
3158 3674 48 20 Roto-

2845 3706 39 12 rua
2902 3701 32 17 for
2948 3700 52 18 their
3006 3700 82 19 favours
3099 3701 75 24 during
3185 3701 33 18 the

2793 3728 43 23 past
2846 3726 70 18 fifteen
2924 3732 64 19 years,
3000 3725 39 19 and
3053 3730 21 14 to
3091 3727 65 24 notify
3175 3727 43 17 that

2792 3753 31 17 for
2832 3751 35 19 the
2877 3751 131 19 convenience
3018 3752 21 18 of
3048 3752 99 19 residents
3156 3753 21 18 in
3185 3751 32 19 the

2792 3778 50 18 New
2853 3777 113 24 Township,
2979 3777 40 19 and
3029 3784 31 18 my
3074 3778 56 19 trade
3147 3784 59 19 gener-

2791 3803 46 25 ally,
2849 3803 11 18 I
2870 3802 51 19 have
2931 3802 53 19 built

2817 3841 52 19 New
2877 3841 103 20 Premises
2987 3848 22 13 in
3016 3841 45 20 Fen
3064 3848 36 14 ton
3106 3841 83 23 Street,

2790 3885 65 19 which
2865 3892 34 12 aie
2909 3892 44 12 now
2963 3892 52 19 open
3023 3886 31 19 for
3064 3885 97 23 business,
3176 3883 38 20 and

2789 3912 55 18 lam
2862 3911 98 26 prepared
2982 3914 20 17 to
3014 3911 73 26 supply

2928 3953 70 20 Prime
3017 3954 62 19 Meat

2788 3993 22 19 in
2820 3993 51 19 both
2880 3993 51 20 New
2942 3993 40 19 and
2992 3993 38 19 Old
3039 3992 122 25 Townships.

2820 4075 43 24 An
2876 4075 149 30 Inspection
3039 4075 22 22 is
3075 4073 105 24 invited.

2994 4114 99 20 HENRY
3106 4113 79 19 KIRK.

2151 1198 351 37 ROTORUK.

2015 1349 38 50 H
2078 1349 99 50 ni\
2202 1349 46 39 a>
2274 1349 40 50 4
2365 1348 209 51 po§
2601 1348 40 42 e.

2149 1420 129 24 (Formerly
2295 1420 40 19 the
2355 1420 148 23 Parsonage.)

2020 1549 134 19 PRIVATE
2167 1548 105 20 BOARD
2285 1548 66 19 AND
2365 1549 179 21 RESIDENCE.

2239 1603 166 19 SITUATION
2420 1604 209 19 UNRIVALLED.

2149 1758 62 24 Mrs
2229 1759 34 23 D.
2285 1759 215 24 GRIFFITHS.

2097 2100 66 46 IN
2194 2099 119 47 THE
2340 2099 205 48 PRESS.

2293 2289 69 35 IN

1882 2353 353 56 ANCIENT
2279 2353 486 55 MAORILAND.

2141 2436 52 33 By
2211 2434 164 28 ELSDON
2398 2434 113 28 BEST.

1879 2609 110 65 THE
2009 2609 123 32 Papers
2145 2615 74 20 now
2232 2608 175 33 appearing
2419 2608 35 26 in
2468 2609 55 25 the
2536 2609 84 26 HOT
2633 2609 138 27 LAKES

1931 2642 244 27 CHRONICLE
2188 2642 103 26 under
2302 2641 54 26 the
2370 2643 103 24 above
2485 2642 72 25 title
2570 2642 68 27 will
2645 2643 126 33 shortly

1879 2684 39 26 be
1933 2684 169 33 published
2114 2683 35 26 in
2161 2683 164 33 pamphlet
2337 2683 90 26 form.

2085 2750 132 46 Price
2241 2749 96 47 One
2370 2749 200 57 Shilling.

1915 2886 189 32 Advertising
2116 2886 108 26 Terms
2238 2891 38 19 on
2292 2885 187 32 application
2500 2892 33 20 ac
2554 2886 215 26 CHRONICLE

1881 2919 104 26 Office.

1961 3152 478 56 CLEARANCE
2471 3152 218 56 SALE.

1881 3264 134 24 DURING
2029 3264 46 24 the
2085 3264 93 24 month
2187 3264 29 24 of
2224 3264 63 29 May
2297 3264 44 24 the
2355 3264 179 29 undersigned
2544 3264 57 24 will
2617 3265 97 23 submit
2726 3264 45 24 the

1882 3306 86 24 whole
2018 3306 42 24 his
2072 3307 73 30 large
2159 3307 52 23 and
2222 3306 191 24 well-assorted
2429 3307 79 23 Stock
2523 3307 28 23 of

1883 3359 185 18 DRHPE-RY,

2012 3390 6 15 I
2025 3389 274 18 RONmONCe-RV.

2271 3419 217 17 FURNITURE

2403 3450 24 15 St
2440 3449 180 17 CENeRKL
2643 3449 128 18 GOODS.

2038 3477 45 23 AT
2109 3477 277 23 PHENOMENALLY
2399 3478 74 22 LOW
2488 3478 122 22 PRICES.

1947 3511 56 26 NO
2030 3511 279 27 REASONABLE
2336 3511 138 27 OFFER
2498 3511 204 28 REFUSED.

2219 3561 426 48 TAYLOR,

1959 3614 145 19 GENERAL
2118 3614 193 19 COMMISSION
2324 3615 65 18 AND
2403 3615 171 18 IMPORTING
2586 3615 109 18 AGENT.

2369 3737 47 46 R.
2438 3736 301 51 GRIFFITHS,

2448 3802 212 31 ROTORUA,

2335 3840 140 26 GENERAL
2483 3840 284 26 CARTER&CARRIER.

2359 3906 70 20 Goods
2438 3907 105 20 delivered
2552 3909 21 17 to
2580 3907 29 19 all
2624 3909 57 23 parts
2696 3908 22 19 of
2733 3908 34 19 the

2333 3932 79 20 district
2419 3935 22 17 at
2448 3933 38 19 low
2497 3936 61 16 rates.

2414 3971 63 19 ALL
2489 3972 113 19 TRAINS
2615 3972 69 19 MET.

2357 4034 409 27 N.B.—Goodpaddockingforaliraited

2331 4060 87 20 number
2427 4061 22 19 of
2458 4061 77 19 horses.
2551 4061 106 25 Spencer's
2665 4062 100 25 paddock,

2331 4086 148 20 well-watered
2503 4087 41 20 and
2575 4094 61 19 every
2665 4089 100 19 attention

2331 4112 55 24 paid.
