3270 4260
1224 95 58 20 THE
1296 95 56 21 HOT
1366 96 93 19 LAKES
1473 94 166 21 CHRONICLE
1652 96 190 23 WiSDiS'-ESUAx",
1858 96 59 20 MA*
1933 98 32 21 20,
1983 98 50 18 1896.

3249 4040 17 36 I

2803 4073 80 19 Printed
2901 4076 38 17 and
2956 4078 103 22 published
3070 4079 27 22 1-y
3105 4080 21 17 F.
3137 4080 20 16 F.
3170 4078 47 16 Watt
3229 4073 37 21 SB

2827 4099 21 16 at
2855 4098 34 17 the
2897 4100 106 22 registered
3016 4102 89 23 printing
3115 4102 54 18 oflice,
3229 4095 21 32 jp

2827 4127 43 11 niou
2878 4123 65 21 street,
2953 4124 91 18 Rotoiua.

2840 4160 42 19 Wit.
2885 4148 2 35 1
2893 4162 119 21 )NESDAT,
3027 4165 59 18 MAY
3102 4167 28 16 20,
3146 4165 49 18 1596,.
3228 4148 38 35 gS

205 322 46 19 One
266 322 22 19 of
305 322 33 19 the
348 321 118 19 necessities
475 320 22 20 of
507 321 34 19 the
551 321 79 25 coming
640 321 76 19 Season
727 321 40 19 will
778 321 24 19 be

63 379 24 22 A
126 378 115 24 COOL
280 377 96 24 AND
417 376 330 25 REFRESHING
787 377 160 24 DRINK

87 433 141 20 L'ntinctured
241 433 23 24 by
273 438 37 16 any
322 430 127 21 Deleterious
465 431 101 19 Chemical
576 430 137 25 Compounds.
741 430 19 19 A
771 430 58 19 drink
840 432 21 17 at
872 437 48 12 once

283 485 184 29 Exhilarating
488 485 52 23 and
557 484 164 29 Refreshing,

61 541 39 19 and
114 540 63 19 which
194 540 36 19 jrill
242 547 61 18 prove
312 547 12 12 a
334 540 119 22 preventive
463 540 22 18 of
493 540 116 23 Dyspepsia
625 539 38 18 and
681 539 27 19 all
725 540 93 19 Internal
838 539 108 21 Disorders

89 566 87 20 Aerated
281 566 39 19 and
331 566 98 22 Cordials,
449 565 122 25 comprising
586 564 35 20 the
630 564 74 20 Furest
714 566 122 23 Lemonade,
854 566 35 20 the
899 566 47 21 Mos

60 594 104 19 Delicious
176 593 77 24 Ginger
263 592 45 21 Ale.
322 592 175 25 Highly-charged
517 591 52 19 Soda
579 591 78 23 AVater,

318 642 376 37 ZOLAKOKE,

59 708 12 13 a
81 708 42 13 new
132 701 150 25 Invigorating,
292 701 148 19 non-alcoholic
450 701 103 24 Beverage
562 700 4 26 ;
581 700 57 19 Lime
646 700 60 19 Juice
723 701 88 23 Cordial,
822 700 124 26 Raspberry,

59 728 140 26 Peppermint,
212 727 77 23 Cloves,
299 726 51 20 Pine
360 727 72 25 Apple,
444 727 40 18 and
494 727 77 18 Ltmon
581 726 75 26 Syrups
667 727 38 19 and
725 727 136 25 Sarsaparilla
877 734 34 13 are
920 727 26 19 all

329 752 154 20 manufactured
494 760 25 11 on
529 752 35 19 the
571 753 103 23 premises.

249 779 116 20 Lemonade
374 779 40 18 and
424 779 78 25 Ginger
511 778 45 24 Ale,
567 781 70 23 quarts
647 778 41 19 and
694 779 62 25 piuts.

144 943 14 13 »
209 945 19 11 -r-

87 1122 376 68 LAKE
513 1119 407 87 VIEW,

179 1213 139 25 Overlooking
332 1213 35 19 tlio
383 1213 38 21 Pa,
431 1213 84 24 Boiling
525 1213 85 24 Springs
620 1213 39 19 and
670 1213 91 19 Rotorua
771 1213 58 19 Lake

161 1330 154 26 TERMS:
334 1329 62 27 30s
409 1336 56 26 per
477 1329 100 32 week,
591 1335 33 19 or
640 1329 36 26 5s
694 1335 57 27 per
772 1329 72 33 day.

61 1379 125 32 Special
200 1379 252 32 Arrangements
465 1378 48 26 for
534 1384 17 19 a
572 1378 192 32 lengthened
784 1378 161 26 residence

393 1413 61 24 and
468 1411 145 26 families.

327 1487 162 19 CUISINE—A
503 1486 171 19 SPECIALITY.

97 1521 122 19 References
230 1521 125 25 throughout
365 1523 51 17 JNew
428 1521 91 19 Zealand
529 1521 40 19 and
578 1521 36 19 the
623 1521 119 19 Australian
753 1521 93 20 Colonies
855 1523 53 18 from

398 1547 95 26 previous
512 1547 93 19 Visitors.

207 1612 151 19 NOTE.—Ask
367 1613 30 17 for
405 1612 112 19 Seddon's
526 1612 38 18 and
572 1618 29 12 sec
609 1618 37 17 you
654 1618 32 13 are
694 1614 35 17 left
738 1614 60 17 there.

203 1653 78 31 Pony
304 1653 143 30 Phaeton,
468 1653 47 25 for
539 1659 54 19 use
618 1653 32 25 of
666 1653 133 25 Visitors.

82 1985 45 43 A

441 1935 119 26 FROM

541 1984 154 43 PvTED
724 1985 198 44 STOCK

521 2107 175 44 Cruets

300 2163 217 45 Brashes
762 2164 182 45 Knives

543 2233 163 34 >OOOIIB

562 2347 104 36 ?avs

719 2293 12 16 H
741 2291 44 22 At
786 2292 11 12 3
811 2291 48 22 JR

316 2411 20 26 1
347 2404 171 44 eapOXS
755 2411 171 27 L/imril!

90 2466 100 25 Lawn
214 2464 144 31 Mowers,
382 2466 94 31 Hoes,
501 2466 117 31 Rakes,
647 2466 129 31 Spades,
801 2466 111 31 Forks,

169 2515 55 25 AT
238 2514 197 26 GREATLY
454 2514 201 27 REDUCED
675 2515 161 27 PRICES.

135 2598 55 35 cr.
245 2597 59 36 &
356 2597 56 36 j\

80 2650 81 24 (Fourth
170 2648 47 25 shop
226 2650 49 17 from
286 2650 100 23 Welleslcy
399 2650 77 24 Street.)
532 2650 45 18 304
591 2650 20 18 &
623 2651 47 18 306
683 2651 105 22 QUEEN
802 2652 119 18 STREET.

59 2765 437 59 GEYSER

88 2858 339 56 Hydropathic
449 2858 161 56 Hotel,
643 2858 269 48 Wairakei.

252 2923 37 18 Six
298 2923 58 19 miles
364 2923 53 19 from
428 2923 56 19 Lake
494 2923 71 26 Taupo
576 2923 101 26 (Rotorua
685 2925 61 25 side.)

233 2981 179 25 SUPERIOR
433 2982 335 27 ACCOMMODATION.

256 3036 50 18 ALL
318 3037 52 17 THE
384 3037 134 18 COMFORTS
531 3038 33 17 OF
576 3039 17 16 A
604 3038 77 18 HOME
694 3040 51 17 FOR

301 3072 147 19 TOURISTS
464 3073 66 18 AND
543 3073 154 20 INVALIDS.

56 3148 66 26 Hot
146 3149 188 32 Swimming
356 3150 109 26 Baths.
492 3151 185 27 Kiri-o-Kai
698 3159 35 19 or
760 3154 79 25 New
864 3155 79 25 Skin

132 3190 93 31 Bath,
238 3191 65 24 Hot
316 3191 129 26 Douche
459 3192 111 30 Baths,
592 3193 110 26 Grand
724 3195 147 27 Climate.

174 3231 171 26 Elevation
366 3233 91 31 1,350
477 3233 62 25 feet
553 3234 100 25 above
667 3242 54 19 sea
734 3236 92 26 level.

59 3280 196 23 COMPETENT
271 3280 119 24 GUIDES
402 3289 126 19 .accompany
543 3283 83 19 tourists
642 3287 21 16 to
680 3285 34 19 the
736 3287 81 18 various
839 3287 67 24 places
924 3288 21 18 of

188 3308 90 21 interest,
287 3308 65 18 which
365 3308 59 19 baffle
434 3309 35 18 the
479 3311 52 17 most
541 3309 59 20 facile
610 3316 46 19 pen,
668 3311 40 19 and
725 3318 37 12 can
781 3313 48 24 only
849 3313 24 19 be
891 3314 43 18 real-

188 3333 43 18 ized
242 3333 58 19 when
309 3340 53 12 seen.

60 3397 195 24 CeYSOR
275 3399 196 23 yHLLSY
486 3401 90 18 contains
593 3402 34 18 the
645 3402 105 26 following
768 3404 123 25 unequalled
901 3405 30 20 Na-

137 3425 54 17 tural
211 3424 91 19 wonders
323 3424 4 30 :
330 3426 150 21 —Tuhuatahi,
501 3433 23 12 or
547 3426 62 20 Great
633 3427 132 27 Champagne
783 3424 112 30 Cauldron;
910 3432 35 18 the

137 3450 63 19 Great
210 3450 107 19 Wairakei
325 3450 77 26 Geyser
410 3450 4 32 ;
427 3452 34 19 the
472 3452 86 25 Donkey
567 3453 92 25 Engine;
674 3454 35 19 the
720 3456 53 18 Bath
785 3457 20 18 of
814 3457 36 18 the
859 3457 85 25 Fairies;

135 3476 35 18 the
190 3475 114 26 Lightning
320 3477 63 23 Pool;
396 3478 35 19 the
448 3478 89 19 Cascade
553 3478 81 24 Geyser,
652 3487 23 11 or
692 3480 103 26 Dragon's
812 3482 84 24 Mouth;
910 3485 35 18 the

136 3501 64 19 Black
210 3502 76 24 Geyser
295 3501 3 31 ;
314 3503 35 19 the
361 3503 51 19 Mud
424 3504 76 25 Geyser
508 3501 3 31 ;
527 3504 34 19 the
580 3505 52 19 Blue
649 3506 57 19 Lake
714 3501 4 31 ;
729 3504 35 21 the
781 3508 32 19 Oil
832 3508 53 19 Bath
892 3516 9 16 ;,
911 3511 34 18 the

136 3527 82 25 Eagle's
226 3528 63 23 Nest;
302 3529 34 18 the
344 3529 77 19 Devil's
428 3530 71 19 Punch
508 3527 69 33 Bowl;
593 3532 35 18 the
636 3531 73 21 Prince
717 3534 21 18 of
746 3534 77 19 Wales'
832 3535 99 20 Feathers
939 3527 4 33 ;

136 3553 35 19 the
191 3553 87 24 Mirror;
292 3555 33 18 the
344 3555 58 19 Twin
423 3556 87 24 Geyser:
525 3556 35 19 the
577 3557 58 20 Coral
652 3558 89 25 Geyser;
757 3560 34 19 the
802 3560 66 19 Green
884 3562 60 24 Pool;

139 3579 127 19 Terekerehe
277 3587 22 11 or
317 3580 48 19 Hell
386 3581 87 25 Geyser;
495 3583 36 18 the
550 3583 68 19 Steam
637 3583 106 22 Hammer.
772 3586 84 19 Guide's
873 3588 33 19 fee
925 3591 20 16 to

137 3604 76 25 Geyser
223 3606 78 25 Valley,
313 3609 21 16 .5s
343 3614 5 16 ;
363 3607 89 19 distance
462 3609 52 18 from
522 3609 35 18 the
567 3609 64 24 .hotel,
645 3613 5 15 1
664 3610 54 20 mile.

63 3664 98 22 THO
180 3664 334 26 KReHTSKTSK
527 3674 22 12 or
565 3667 81 20 Ladder
664 3669 85 25 Rapids.
786 3670 43 20 The
845 3671 100 21 Grandest

137 3690 78 25 Rapids
226 3697 21 12 iu
257 3692 35 18 the
301 3692 101 19 Southern
412 3692 148 26 Hemisphere;
574 3694 75 25 falling
665 3696 20 17 in
703 3696 31 19 six
753 3697 82 19 distinct
853 3699 92 19 cascades

139 3718 94 23 amongst
242 3717 62 19 weird
314 3718 40 19 and
363 3719 79 25 rugged
460 3726 83 18 scenery
570 3720 96 19 Distance
684 3722 52 19 from
755 3723 35 19 the
807 3723 62 25 hotel,
888 3725 57 19 three

138 3741 64 19 miles.
230 3742 73 20 Saddle
313 3744 69 19 horses
392 3748 20 15 to
421 3745 48 18 visit
483 3746 34 18 the
532 3745 79 26 Rapids
625 3748 22 17 7s
657 3748 26 18 Cd
693 3749 55 18 each.

61 3802 232 22 K6RRPITI
310 3809 22 12 or
341 3803 35 19 the
386 3803 77 20 Devil's
473 3804 97 26 Trumpet
588 3805 17 19 is
624 3807 43 18 said
687 3809 21 16 to
727 3808 49 18 emit
795 3815 10 11 n
821 3815 95 18 pressure
925 3811 21 19 of

141 3827 69 18 180lbs
221 3828 21 18 of
252 3831 63 15 steam
326 3831 21 16 to
356 3830 34 18 the
400 3830 54 23 inch,
465 3831 53 18 from
529 3837 26 12 an
571 3835 94 21 apeits.re
675 3833 22 19 of
715 3834 64 18 about
796 3835 73 19 twelve
877 3836 69 20 inches

137 3854 23 17 in
170 3852 105 20 diameter.
303 3854 95 19 Distance
417 3856 20 18 fr
450 3863 20 12 m
491 3856 54 20 hotel
565 3857 56 20 three
640 3859 40 18 and
701 3866 12 12 a
732 3860 45 18 half
794 3861 69 24 miles;
877 3863 68 19 saddle

136 3880 72 18 horses
217 3882 21 16 to
245 3880 48 18 visit
302 3880 35 18 the
346 3880 70 23 above,
428 3884 22 17 '2s
460 3882 25 19 6d
495 3882 57 21 each.

63 3939 101 23 THG
183 3939 140 23 HUKH
522 3941 35 19 the
575 3942 100 20 Grandest
692 3944 56 20 Falls
758 3946 20 18 in
798 3946 34 18 the
850 3947 96 20 southern

139 3965 138 25 hemisphere.
305 3965 43 19 The
358 3965 55 19 Falls
423 3974 45 17 may
481 3969 23 17 be
513 3968 75 19 visited
597 3975 25 12 on
632 3969 34 19 the
678 3977 56 13 same
752 3972 117 25 expedition
879 3979 22 13 as
912 3975 34 19 the

138 3991 81 19 Devil's
229 3991 104 25 Trumpet.
362 3991 97 20 Distance
468 3994 53 19 from
531 3994 54 19 hotel
596 3995 56 19 three
664 3997 39 18 and
713 4004 12 12 a
742 3997 44 20 half
795 3998 68 25 miles;
877 4000 69 20 saddle

136 4017 59 19 horse
205 4024 23 11 or
239 4016 70 26 buggy
319 4019 22 17 2s
352 4017 26 20 Cd
391 4019 56 18 each.

324 4077 121 54 ■EM

469 4078 110 54 Ml.
615 4082 328 56 Proprietress.

1335 313 151 34 THE

1206 415 205 107 Lakes

973 673 241 54 Published
1239 684 143 45 every
1401 670 282 56 Wednesday
1700 670 139 47 Jlfter-

1352 740 134 38 noon,

1177 907 114 43 RATES
1317 910 44 40 OF
1387 910 276 40 SUBSCRIPTION:

1133 980 62 19 PAID
1209 981 30 18 IN
1251 981 129 18 ADVANCE.
1570 981 113 18 BOOKED.

1157 1013 45 22 Six:
1213 1013 106 22 Months
1330 1014 28 22 5s
1369 1021 6 20 ;
1613 1013 36 22 6s.

1156 1039 53 22 One
1225 1039 68 22 Year
1303 1039 44 22 10s
1357 1046 5 21 ;
1601 1039 50 23 12s.

1152 1160 336 32 ADVERTISING
1508 1160 176 32 BATES;

997 1216 65 19 Three
1073 1216 100 24 Shillings
1183 1221 37 20 per
1230 1215 45 19 inch
1282 1222 37 18 per
1329 1216 60 23 issue,
1399 1223 27 18 up
1434 1218 20 17 to
1463 1218 11 16 3
1483 1216 114 19 insertions.
1614 1216 129 25 Subsequent
1752 1216 113 19 Insertions

969 1242 45 19 half
1024 1246 60 15 rates.
1115 1242 81 25 Special
1206 1244 61 17 terms
1278 1242 32 18 for
1320 1242 72 25 longer
1404 1242 87 25 periods.

995 1296 179 19 Announcements
1185 1295 21 18 of
1217 1295 70 19 Births
1298 1295 40 18 and
1348 1295 79 19 Deaths
1437 1301 35 13 aro
1483 1295 88 23 charged
1587 1297 21 16 2s
1624 1295 55 24 each,
1700 1298 36 16 not
1755 1296 110 25 exceeding

969 1324 24 16 30
1004 1321 71 20 words.
1105 1321 104 25 Marriage
1218 1323 173 17 announcements
1407 1323 28 17 3s-
1463 1321 92 22 NOTE.
1559 1321 110 23 —These
1686 1322 111 23 chareres
1821 1329 42 16 are

971 1348 39 23 for
1020 1347 177 31 Prepayment
1207 1346 67 30 Only

1077 1495 242 47 JOBBING
1354 1496 398 49 DEPJIRT.ME.NT.

971 1583 157 32 Invoices,

1021 1625 174 30 Billheads,

1070 1667 104 24 Memo
1188 1667 121 32 Forms,

1122 1707 83 26 Bills
1218 1708 34 25 of
1261 1709 90 29 Fare,

1172 1749 155 26 Business
1351 1751 109 31 Gards,

1223 1790 140 33 Visiting
1385 1793 108 31 Cards,

1304 1832 95 26 Menu
1419 1834 109 31 Cards,

1358 1875 152 32 Luggage
1522 1876 124 31 Labels,

1401 1917 74 25 Ball
1493 1917 236 33 Programmes,

1453 1961 173 32 Circulars,

1525 2003 138 31 Posters,

1575 2044 184 33 Handbills,

1668 2086 198 33 Pamphlets,

1138 2124 67 32 &c.,
1305 2126 68 31 &c.,
1475 2126 66 32 &c.,
1644 2127 57 26 &e.

1033 2208 124 45 Done
1192 2214 50 39 at
1279 2209 80 53 the
1381 2209 224 55 Shortest
1628 2211 180 47 .Notice.

974 2396 541 58 STATIONERY!
1550 2441 8 8 -

1285 2486 577 58 STATIONERY!!

1218 2598 71 44 On
1313 2598 113 45 Sale
1459 2603 52 42 at
1547 2600 86 45 the

1037 2702 437 66 etißONiete
1510 2702 284 68 oppiee.

967 2801 66 19 Plain
1042 2801 45 19 and
1097 2801 81 24 Fancy
1187 2801 66 23 Note,
1269 2803 132 23 Envelopes
1410 2804 30 18 all
1449 2803 65 23 sizes,

966 2824 127 24 Mourning
1102 2825 75 23 Paper
1186 2825 46 18 and
1240 2826 138 24 Envelopes,
1393 2827 152 19 Commercial
1554 2827 143 25 Stationery,

968 2848 114 23 Foolscap
1092 2848 75 23 Paper
1175 2849 47 18 and
1232 2849 88 18 Official
1329 2850 138 23 Envelopes,

967 2871 117 24 Drawing,
1094 2871 115 23 Exerciss,
1218 2872 179 20 Memorandum
1406 2874 46 18 and
1461 2874 110 18 Account
1580 2874 83 24 Books,

967 2894 107 23 Ledgers,
1086 2895 118 22 Journals,
1215 2896 51 23 Day
1275 2897 46 17 and
1331 2897 61 17 Cash
1399 2897 84 22 Books,

967 2918 80 18 Letter
1057 2918 84 22 Books,
1152 2918 107 23 Brushes,
1270 2919 83 19 Water
1362 2920 80 23 Wells,
1453 2920 48 23 &c.,

967 2940 124 24 Stephen's
1100 2941 106 24 Writing
1213 2942 47 18 and
1268 2942 107 28 Copying
1383 2944 63 22 Inks,

967 2964 105 23 Blotting
1080 2965 81 22 Paper,
1171 2965 112 19 Business
1292 2966 47 18 and
1369 2967 82 23 isiting
1460 2967 78 22 Cards,

967 2987 56 18 Blue
1032 2988 99 22 Pencils,
1141 2988 63 18 Lead
1212 2989 46 17 and
1267 2989 64 19 Slate
1341 2990 98 23 Pencils,
1449 2991 47 17 and
1505 2991 83 22 Slates,

966 3010 109 24 Marking
1084 3011 50 22 Ink,
1145 3011 66 18 India
1220 3012 94 19 Rubber
1322 3013 87 23 Bands,
1418 3014 61 18 Gum
1487 3014 46 18 and
1543 3014 115 19 G-ummed
1667 3015 83 23 Paper,

966 3034 104 18 Indexed
1079 3034 68 22 Files,
1161 3034 46 18 and
1216 3035 74 23 Paper
1299 3036 69 23 Clips,

966 3057 135 23 Inkstands,
1112 3057 47 19 and
1167 3057 99 21 Bottles,

1366 3113 97 16 HLSO

1000 3158 21 25 A
1042 3158 139 26 CHOICE
1198 3159 208 26 SELECTION
1427 3161 46 25 OF
1490 3161 185 26 BIRTHDAY
1696 3162 131 26 CARDS.

971 3306 345 61 NEWS
1381 3308 475 62 AGENCY.

1030 3412 195 56 English
1251 3414 205 55 Foreign,
1485 3415 90 45 and
1599 3415 202 48 Colonial

1122 3478 179 55 Papers,
1322 3478 282 56 .Magazines,
1627 3481 88 47 &e.

969 3553 187 42 SYDNEY
1197 3556 236 42 BULLETIN
1472 3558 31 41 &
1542 3560 318 43 CANTERBURY

1220 3613 144 41 TIMES
1394 3615 59 40 ON
1484 3615 130 41 SALE.

1165 3791 91 70 To
1307 3792 348 72 Tourists.

968 3902 193 59 Jlgeney
1185 3906 75 47 for
1280 3909 218 48 .Martin's
1524 3913 168 53 Photos
1712 3914 56 47 of
1781 3919 80 52 tl?e

1315 3966 207 48 District.

1916 287 340 57 Hydropathic
2300 288 162 48 Hotel,
2513 287 234 48 Rotorua.

2171 369 226 33 ESTABLISHED
2417 372 78 32 1881.

1885 430 73 20 Under
1971 430 35 19 the
2016 431 113 24 patronage
2139 429 22 18 of
2171 429 33 20 Sir
2214 429 36 19 W.
2270 429 88 24 Jervnie,
2374 430 49 19 Earl
2441 431 37 18 and
2497 430 103 19 Countess
2619 430 22 20 of
2662 431 55 25 Hop<
2723 432 58 23 toun,

2057 456 35 19 the
2104 456 55 19 Hoe.
2170 456 89 19 Premier
2269 456 40 19 and
2323 456 104 20 Members
2443 458 22 18 of
2476 458 131 19 Parliament.

1912 561 42 18 The
1965 560 64 20 Hotel
2042 561 15 18 is
2068 560 89 19 situated
2168 566 25 12 on
2203 566 26 13 an
2239 559 94 20 elevated
2344 560 89 25 position
2443 568 26 12 on
2479 561 35 20 the
2523 562 70 20 shores
2610 562 22 19 of
2647 562 57 19 Lake
2719 562 52 19 Soto-

1886 593 44 18 rua,
1940 588 124 19 convenient
2074 591 21 15 to
2106 587 26 19 all
2142 586 35 20 ihc
2189 586 63 25 sights
2263 586 20 20 in
2294 587 36 19 the
2340 587 89 20 district.

1958 639 114 30 Sulphur
2086 639 51 24 and
2150 638 113 24 Mineral
2277 639 83 23 Baths
2375 640 21 19 in
2406 640 36 19 the
2453 640 97 20 Grounds
2561 640 22 20 of
2593 641 35 20 the
2640 640 71 20 Hotel.

2019 745 20 19 A
2056 744 107 20 reduction
2179 744 17 19 is
2214 744 59 19 made
2288 746 22 17 to
2321 744 78 26 weekly
2409 752 23 12 or
2443 745 90 26 monthly
2544 746 106 20 hoarders.

1888 797 69 19 Guide
1967 795 69 21 Books
2047 797 39 19 and
2095 797 134 19 information
2241 797 63 22 pratis
2315 799 22 17 at
2347 797 55 19 Cook
2419 797 38 19 and
2476 798 58 20 Sons'
2551 799 52 25 (sole
2619 799 82 26 agent-)
2718 799 66 19 offices

2201 822 128 26 throughout
2340 823 35 19 the
2386 824 85 25 Colony.

1923 1050 276 69 NOTICe
2233 1053 104 66 TO
2365 1050 383 71 TOURISTS.

1922 1143 64 24 The
2006 1142 217 32 undersigned
2244 1148 53 19 are
2316 1149 74 19 now
2405 1143 141 32 running
2561 1144 143 32 Buggies
2721 1145 63 25 and

1890 1176 140 25 Coaches
2053 1177 32 24 to
2106 1176 54 24 the
2173 1175 167 32 following
2352 1176 108 32 places
2473 1176 35 26 of
2521 1177 136 26 interest
2675 1176 36 27 in
2731 1178 53 24 the

1888 1209 242 31 neighborhood
2148 1212 33 22 at
2199 1209 129 32 greatly
2352 1209 138 26 reduced
2515 1211 93 25 rates.
2659 1211 125 32 Special

1889 1242 183 25 reductions
2081 1242 49 25 for
2143 1242 89 31 large
2241 1242 129 32 parties'.

1887 1282 319 19 WHAKAREWAREWA
2214 1287 5 18 ;
2255 1282 168 20 WAIRAKEI
2444 1283 20 19 &
2485 1284 101 19 TAUPO
2595 1282 4 25 ;
2625 1285 159 22 TIKITERE;

2029 1306 145 18 TIKITERE
2188 1306 20 18 &
2221 1306 105 18 OKERE
2341 1306 110 23 FALLS;
2465 1307 175 20 WAIOTAPU.

1900 1354 95 27 Special
2006 1353 171 28 Conveyances
2189 1354 45 24 ar?d
2245 1354 88 20 Saddle
2345 1355 84 23 {Worses
2440 1358 22 16 to
2474 1355 28 19 all
2513 1359 61 24 parts
2591 1357 21 19 oS
2626 1356 40 20 the
2683 1355 86 21 district

2215 1384 23 15 at
2250 1382 116 22 JVloderate
2378 1383 79 23 F^ates.

1935 1430 47 18 Bus
1987 1430 79 18 leaves
2074 1430 64 18 Lake
2144 1430 86 21 House,
2239 1429 83 24 calling
2323 1429 2 26 -
2331 1431 25 17 at
2363 1430 31 18 all
2401 1430 84 19 Hotels
2490 1431 45 18 and
2543 1431 117 24 Boarding'
2667 1432 94 18 Houses

1911 1453 36 18 for
1955 1453 227 22 Whakarewarewa,
2193 1453 68 18 twice
2271 1453 118 23 forenoon,
2400 1454 69 18 twice-,
2477 1454 129 20 afternoon.

2080 1491 45 44 J.
2160 1489 311 47 FALLOONA
2565 1492 99 55 Co.,

2394 1557 327 56 Proprietors.

1902 1633 131 25 BOOKING
2047 1632 107 26 OFFICE
2165 1632 60 26 AND
2239 1632 134 26 STABLES
2389 1633 146 27 OPPOSITE
2545 1634 103 27 GRAND
2664 1634 106 27 HOTEL.

2273 2006 25 19 o;-

2220 2055 33 15 Sift

2341 2138 32 28 i.3

2316 2173 37 21 WM

2236 2524 32 28 I'J

1987 2543 33 21 lis

2566 2609 28 36 0

1931 3128 30 39 A.
1989 3128 73 40 AMD
2087 3129 30 41 G,
2147 3130 125 47 BROOK,

1884 3186 82 24 BOOT
1980 3189 71 23 AND
2068 3189 82 24 SHOE
2172 3190 147 29 MAKERS,

1943 3226 89 22 Fenton
2048 3230 88 24 Street,
2159 3231 108 20 Kotokua.

1885 3268 45 19 And
1953 3271 22 17 at
2004 3270 84 19 Parnell
2112 3271 39 19 and
2180 3271 139 21 Newmarket.

1910 3337 67 24 Large
1987 3339 40 18 and
2038 3339 67 19 varied
2122 3340 64 20 Stock
2196 3341 22 18 of
2228 3341 91 25 Eng]inh,

1885 3363 86 26 Foreign
1984 3365 39 19 and
2036 3366 92 19 Colonial
2139 3367 61 19 Boots
2211 3368 37 18 and
2257 3368 63 20 Shoes

1945 3392 22 17 to
1978 3391 31 19 ch<
2013 3399 38 13 iose
2064 3393 50 19 from
2124 3394 23 18 at
2158 3394 34 18 the
2203 3396 52 17 most

1921 3428 216 34 REASONABLE
2159 3430 126 33 PRICES.

1977 3469 92 21 I'UESII
2087 3472 90 19 STOCK
2190 3472 37 19 OF

1885 3502 170 26 FOOTBALL
2070 3506 98 24 BOOTS
2179 3506 43 26 just
2235 3508 86 20 arrived.

1886 3544 33 19 All
1935 3545 70 20 orders
2022 3546 40 19 and
2079 3548 76 24 repairs
2171 3548 150 27 expeditiously

2050 3574 102 18 executed.

1884 3603 23 19 S.
1921 3604 25 19 E.
1960 3605 150 24 FORDYCE,
2136 3617 8 4 -
2168 3617 9 4 -
2201 3607 118 25 Manager.

1943 3682 39 40 W,
2011 3682 32 40 A,
2074 3683 187 42 WILLIAMS'

1888 3755 222 23 PIONEER
2153 3758 168 26 STORE,

1964 3802 103 24 Opposite
2083 3802 73 19 Palaco
2172 3803 68 21 Hotel.

1885 3851 138 25 GROCERY,

1925 3883 140 21 OILMEN'S
2079 3885 111 24 STORTS,

1966 3914 221 25 IRONMONGERY,

2018 3945 157 21 CROCKERY
2180 3947 91 25 WARE,

2071 3981 144 24 DRAPERY,
2232 3984 42 23 &c.,
2284 3985 35 19 &c-

1913 4013 16 15 A
1946 4009 151 21 well-assorted
2114 4013 56 18 st.K-k
2189 4014 20 17 in
2225 4014 27 19 all
2269 4014 51 21 lines

1885 4035 21 19 of
1916 4036 34 18 the
1959 4036 63 20 above
2032 4041 21 15 at
2063 4037 71 20 lowest
2145 4045 72 17 prices.

1886 4070 15 19 >.
1907 4076 28 13 ew
1946 4070 89 20 Zealand
2043 4073 65 25 Dairy
2116 4073 148 21 Association's
2270 4075 37 21 Fac-

1920 4098 46 22 tory
1977 4097 76 20 Putter
2062 4099 56 19 fresh
2129 4100 58 19 twice
2197 4101 83 26 weekly.

1959 4140 52 21 New
2020 4141 52 21 Laid
2083 4143 61 25 Eggs,
2155 4143 42 25 &c.,
2210 4145 33 18 &c.

2394 3141 134 42 HORACE
2551 3144 179 42 STEWART,

2345 3204 108 22 SADDLE,
2467 3206 126 22 HARNESS,
2606 3208 56 18 AND
2679 3208 102 19 COLLAR

2514 3239 100 21 MAKER,

2388 3273 182 24 FENTON-ST.,
2584 3275 154 20 ROTORUA.

2344 3340 106 23 Saddles,
2466 3341 95 24 Bridles,
2577 3343 95 24 Collars,
2688 3345 92 22 Chains,

2368 3372 56 23 Bits,
2432 3372 80 24 Spurs,
2521 3374 104 19 Harness
2639 3376 68 23 Soap,
2716 3377 40 19 &c.

2368 3433 118 22 Coachaline,
2497 3441 10 10 a
2523 3436 116 22 waterproof
2654 3437 127 22 preservative

2345 3455 30 18 for
2383 3456 26 17 all
2417 3457 55 18 kinds
2481 3457 21 18 of
2512 3458 79 18 leather.

2368 3488 86 21 Axleine,
2472 3495 12 11 :v
2497 3490 71 21 perfect
2584 3490 97 18 lubricant
2695 3492 30 17 for
2740 3499 30 10 car-

2344 3516 68 17 nages,
2422 3517 98 18 waggons,
2530 3514 31 16 &e.

2368 3542 73 18 Collars
2449 3542 55 19 made
2517 3546 20 15 to
2551 3550 84 12 measure
2649 3551 24 11 on
2690 3546 33 17 the
2737 3553 33 16 pre-

2344 3565 55 17 mises
2408 3572 12 10 a
2427 3567 104 23 speciality.
2568 3567 127 23 Lengthened
2706 3571 64 21 experi-

2344 3594 45 11 ence
2396 3589 21 16 in
2425 3589 27 17 all
2460 3590 67 17 classes
2536 3591 20 16 of
2561 3590 96 19 Saddler's
2665 3593 59 17 work.
2749 3594 32 17 All

2344 3612 64 17 orders
2418 3613 98 22 promptly
2524 3614 91 17 attended
2627 3616 26 16 to.

2495 3751 127 21 LIMITED.

2406 3810 151 31 CAPITAL,
2573 3814 145 29 £500,000.

2345 3879 92 46 FIRE
2445 3881 54 20 risks
2507 3882 21 19 of
2535 3883 27 19 all
2570 3884 75 20 classes
2650 3885 130 21 undertaken

2415 3910 20 16 at
2444 3907 71 21 lowest
2525 3913 80 16 current
2617 3914 60 16 rates.

2344 3941 76 20 Claims
2429 3943 73 19 settled
2511 3945 103 25 promptly
2623 3946 41 19 and
2677 3946 102 26 liberally.

2354 3990 49 17 New
2411 3991 84 18 Zealand
2505 3993 56 17 Head
2570 3994 63 21 Office,

2378 4018 91 18 Resident
2478 4019 47 21 See.,
2533 4020 68 19 James
2610 4023 19 17 S.
2643 4022 101 20 Jameson.

2469 4054 100 18 Auckland
2577 4054 76 24 Agent:

2404 4080 24 17 A.
2441 4080 110 23 Heatjiek,
2561 4084 78 17 Custom
2647 4084 69 19 Street.

2477 4119 84 18 Rotorua
2570 4121 75 22 Agent:

2390 4150 21 18 P.
2425 4151 22 18 F.
2457 4151 68 23 Watt,
2539 4153 118 20 Chronicle
2668 4156 64 18 Office.

2804 155 117 22 MyMp
2938 155 24 15 *I
2979 155 17 16 A
3017 155 10 17 *
3064 156 118 16 omAn
3196 164 13 9 „

2803 169 22 26 n
2839 170 11 25 i
2866 170 19 25 in
2902 171 20 24 h
2938 171 23 24 m
2977 171 21 24 v
3012 173 21 22 a
3065 174 18 22 o
3103 173 9 23 i
3131 173 51 27 uit
3196 164 20 42 E,

2802 223 169 19 -WILLIAM:
2991 224 109 20 SOGERS
3115 226 67 22 directs
3196 236 16 16 at-

2820 255 8 10 »
2837 250 11 16 ▼
2880 250 79 18 tention
2970 252 21 16 to
2998 251 35 18 the
3042 251 104 25 following
3152 254 13 19 li
3167 262 30 13 Des
3215 250 4 26 .

2798 283 212 36 mmmm

2803 329 101 24 Byeroft's
2914 329 113 20 Snowdrift
3036 330 51 19 N.Z.
3096 331 60 20 Flour

2803 354 103 23 Sultanas,
2918 355 101 19 Muscatel
3027 356 40 18 and
3075 356 94 23 Valencia
3181 361 38 22 Raj.

2855 381 48 20 sins,
2916 381 40 19 and
2965 381 99 19 Currants

2803 406 50 23 Figs
2860 407 41 18 and
2911 407 113 19 Preserved
3034 408 83 25 Ginger,
3128 409 63 26 Spices

2803 432 76 19 Lemon
2890 433 40 19 and
2940 433 82 25 Orange
3033 434 49 19 Peel

2859 459 70 18 White
2940 459 113 24 Sugar—A
3069 461 110 26 Speciality.

2806 484 49 19 New
2866 484 92 20 Zealand
2965 485 64 25 Dairy
3035 486 140 22 Association's
3181 490 29 23 But-

2909 515 37 15 ter.

2831 536 60 19 TEA.
2951 537 113 19 COFFEE.
3118 539 83 24 COCOA.

2805 584 88 20 General
2905 586 129 20 Assortment
3050 587 22 19 of
3089 588 131 26 Storekeeper's

2984 612 75 20 Goods.

2865 650 309 58 hinemoTstore,

2806 730 46 41 TO
2867 730 25 41 &
2907 732 96 40 FROM
3023 733 69 41 THE
3119 734 100 47 BATHS,

2807 823 152 49 CBIRSS
2976 833 49 12 runs
3043 833 13 13 a
3073 832 109 20 wagonette
3197 833 16 21 be-

2852 858 8 12 *
2892 854 65 17 tween
2971 852 35 19 the
3024 853 38 20 Old
3078 854 103 28 Township
3194 861 26 19 and

2806 878 35 19 the
2851 877 66 20 Baths
2927 879 126 24 throughout
3063 880 35 19 the
3108 880 44 25 day.

2806 939 50 19 Also
3105 942 68 21 Sodom
3194 949 26 20 and

2843 966 114 20 Gomorrah
2967 968 40 18 and
3018 968 59 19 other
3085 968 66 25 sights
3158 977 41 14 near

2971 994 35 19 the
3017 997 61 17 town.

2907 1045 80 24 Fares
3002 1047 140 23 Moderate.

2807 1100 53 44 B.
2902 1101 45 43 S.
2995 1103 34 43 C

3050 1103 16 17 O
3085 1103 17 17 R
3121 1103 98 24 LETT,

2913 1157 223 26 ARCHITECT,

2886 1192 99 26 Building
2999 1195 110 24 Surveyor,
3126 1195 34 19 &e.

2808 1231 71 23 Agent
2898 1230 33 19 for
2950 1230 34 20 the
3008 1231 99 20 National
3131 1232 44 21 Firo
3194 1237 25 19 and

2898 1256 82 21 Marine
2987 1258 116 19 Insurance
3114 1259 34 19 Co.

2872 1315 19 19 O
2907 1315 20 19 K
2943 1316 18 19 O
2977 1316 44 20 IA
3154 1318 11 19 1
3178 1320 14 19 E
3203 1321 17 20 v

2961 1368 125 20 PRIVATE

2806 1399 247 35 BOAHDIHG
3071 1402 149 37 HOUSE

2807 1459 112 28 Opposite
2933 1460 41 21 the
2989 1461 55 20 Post
3055 1462 47 20 and
3113 1465 108 24 Teleoraph

2985 1488 79 20 Office.

2808 1518 44 19 And
2872 1525 49 12 renr
2942 1519 35 20 the
2996 1520 123 20 Celebrated
3142 1522 78 23 PlifJiST

2846 1545 118 19 RACHEL
2980 1547 40 18 and
3033 1547 58 19 other
3102 1547 53 20 BAT
3160 1550 27 19 US

2951 1571 146 22 ROTORUA.

2806 1623 111 31 TERMS:
2926 1623 44 20 25s
2978 1630 41 18 per
3025 1626 73 23 week,
3109 1627 26 18 4s
3142 1632 38 18 per
3186 1629 32 25 day

2839 1655 115 41 MRS
2998 1654 200 51 YOUNG,

2938 1706 174 21 PnOi'RTET*KSB.

2807 1773 218 48 Rotorua
3043 1777 177 60 Bakery

2816 1975 105 33 BAKER
2933 1976 26 32 &
2970 1978 242 34 CONFECTiCtER.

2855 2054 85 25 Bread
2954 2057 134 23 delivered
3106 2058 74 30 daily.

2855 2123 167 26 GROCERIES,

2999 2160 147 24 DRAPERY.

2994 2200 45 13 AND

2799 2225 126 19 GENERAL
2930 2227 210 20 STOREKEEPER'S
3146 2230 72 17 GOODS.

2820 2279 42 45 <J.
2893 2280 47 46 R.
2977 2281 229 52 LUJMDOtN,

2934 2351 167 23 SOLICITOR,

2823 2386 28 20 26,
2863 2385 218 25 SIIORTLAND-STREET,
3092 2389 111 18 AUCKLAND.

2798 2432 155 19 N.B.—Attends
2962 2436 81 22 country
3052 2436 69 17 Courts
3130 2436 25 22 by
3166 2437 54 22 special
3235 2427 18 26 E

2798 2458 140 21 arrangement.

2803 2505 211 48 Rotorua
3042 2508 177 58 Library

2800 2602 104 49 OPEN
2914 2605 54 20 from
2980 2608 23 17 10
3015 2613 47 13 a.m.
3074 2610 21 16 to
3106 2610 10 16 5
3128 2615 45 18 p.m.
3191 2608 28 19 and

2860 2632 45 17 6.30
2916 2634 21 16 to
2947 2634 24 17 10
2978 2639 49 19 p.m.
3032 2634 95 26 Sundays
3133 2632 31 28 till
3172 2632 7 28 9
3187 2632 7 28 p
3201 2642 17 11 ui.

2819 2668 164 25 Subscription
2992 2667 4 27 :
3009 2672 43 17 20s
3061 2672 44 18 Per
3114 2672 92 19 Annum.
3234 2667 7 27 |

2824 2705 90 21 Visitors
2929 2714 49 19 may
2995 2715 86 18 procure
3096 2709 69 20 Books
3181 2711 38 18 from

2799 2733 35 18 the
2843 2732 89 27 Library
2942 2740 26 13 on
2985 2735 89 26 making
3090 2743 12 11 a
3121 2736 73 26 deposit
3206 2736 14 19 of

2799 2762 35 15 not
2844 2759 41 19 less
2894 2760 50 18 than
2965 2762 28 22 ss,
3012 2762 39 18 and
3070 2762 121 26 purchasing
3206 2764 13 17 Is

2799 2791 79 18 coupon
2888 2785 33 19 for
2930 2792 62 20 every
3003 2788 55 19 Four
3067 2789 72 18 books.

2826 2819 43 18 The
2888 2820 87 26 Library
2998 2822 17 19 is
3034 2829 53 19 open
3109 2823 73 26 during
3196 2823 23 19 the

2801 2846 93 25 evening.

2912 2905 73 45 w.
3027 2909 44 43 j.

2801 2959 174 21 BARRISTER
2987 2963 66 18 AND
3071 2963 148 20 SOLICITOR.

2802 2991 147 19 Commissioner
2964 2994 20 17 of
2996 2995 34 18 the
3044 2995 91 23 Supreme
3149 2997 52 16 Court
3208 2995 14 17 of

2998 3018 44 23 Fiji.

2803 3046 87 17 Solicitor
2899 3049 20 16 to
2928 3048 33 17 the
2973 3049 48 18 \.'/>.
3036 3050 128 18 Government
3179 3049 41 19 under

2869 3070 38 18 The
2916 3071 99 19 Advances
3024 3074 20 17 to
3050 3074 79 17 Settlers

2801 3100 100 19 ViCTOitiA
2910 3103 90 22 Arcade,
3012 3105 111 21 Queex-st,
3135 3103 85 20 Auckland.

2826 3132 72 24 Money
2906 3135 20 16 to
2933 3134 54 18 Lend
2996 3142 24 11 on
3030 3136 86 18 freehold
3131 3137 73 22 security
3210 3140 10 12 at

2803 3155 37 17 low
2856 3157 50 17 rates
2923 3158 21 16 of
2956 3158 87 18 interest.
3071 3160 71 23 Money
3155 3156 67 21 invested

2803 3179 30 17 for
2842 3179 66 18 clients
2917 3180 38 18 free
2965 3182 20 17 of
2992 3182 77 24 charge.

2854 3228 28 26 J.
2904 3229 49 26 w.

2827 3268 379 26 architect,

2933 3304 184 18 RGTGRUK.

2831 3330 69 26 Agent
2909 3332 32 18 for
2956 3333 36 18 the
3010 3333 64 20 South
3097 3335 74 19 British
3191 3334 29 18 lire

2804 3356 41 19 and
2855 3357 80 20 Marine
2944 3359 113 20 Insrranoe
3067 3361 109 26 Company.

2803 3407 78 14 WUU&t*
2957 3407 52 18 3335.,
3065 3407 2 18 •
3083 3407 2 18 •
3179 3422 7 3 ..
3196 3410 23 15 J3

2803 3432 9 28 I
2867 3426 79 20 When
2954 3429 25 17 in
2987 3430 127 19 Auckland
3122 3431 54 19 visit

2804 3451 6 53 J
2879 3460 33 26 E.
2940 3462 224 28 SPENCER'S

2849 3502 152 25 CURIO
3028 3507 164 23 DEPOT,

2883 3537 38 23 (On
2930 3538 66 19 Queen
3005 3540 61 17 Street
3079 3540 83 23 Wharf.)

2838 3576 41 20 For
2897 3577 27 20 all
2940 3578 63 19 kinds
3020 3580 21 19 of
3054 3581 50 18 New
3114 3578 86 21 Zealand

2872 3603 73 20 Curios
2965 3606 41 18 and
3024 3606 142 19 Greenstones.

2829 3695 75 33 w.
2946 3695 14 32 n

2806 3745 269 30 MONUMENTAL
3101 3746 120 35 MASON,

2855 3796 124 19 VICTORIA
2999 3798 98 19 STREET
3117 3799 66 20 EAST,

2912 3838 219 19 SUCKLKMD,

2825 3872 87 20 Orders
2926 3874 25 19 in
2967 3876 96 22 Marble,
3083 3877 95 19 Granite
3190 3872 30 21 and

2802 3903 79 23 Stone,
2904 3908 121 23 promptly
3050 3909 48 18 and
3122 3904 99 23 faithfully

2803 3937 120 19 executed.

2850 3973 102 25 Designs
2961 3977 48 18 and
3018 3977 77 23 prices
3107 3978 47 18 free
3163 3982 26 13 on

2945 4008 152 23 application.
