4146 5868
126 207 70 41 The
221 206 120 41 Teviot
366 202 182 45 Orchards.

87 286 126 29 TALKS
232 287 108 28 WITH
360 285 75 29 THE
456 281 108 31 FRUIT-

242 337 198 33 GROWERS.

62 418 58 29 MR
150 417 190 32 MALCOLM
375 408 235 37 CAMPBELL'S

251 468 165 32 GARDEN.

215 546 100 22 (Special
333 539 132 24 Reporter.)

101 586 14 29 I
129 585 87 30 found
229 584 46 29 Mr
289 579 139 40 Campbell
444 575 117 37 literally
576 584 35 28 up

64 630 29 26 to
106 628 42 28 his
158 636 62 28 eyes
230 625 28 27 in
268 623 141 29 bluestone
420 617 54 29 and
484 616 124 37 sulphur.

63 668 16 28 I
101 678 49 18 use
163 667 45 28 the
223 664 73 28 word
305 659 141 37 advisedly
458 668 30 17 as
496 657 34 27 he
546 664 63 25 was,

63 708 71 28 after
154 718 15 17 a
198 704 77 39 day's
300 701 66 29 hard
392 697 141 40 spraying,
545 694 66 30 with

63 760 16 16 a
92 751 98 33 strong
202 747 96 27 breeze
312 741 130 36 blowing,
457 738 46 28 the
524 735 86 29 result

64 788 84 36 being
173 787 60 27 that
257 785 34 27 he
315 785 49 35 got
388 790 16 18 a
432 788 66 26 very
522 777 88 34 heavy

65 827 156 39 sprinkling
246 824 28 28 of
294 823 46 28 the
367 820 126 28 mixture.
533 816 28 28 It
586 825 22 19 is

64 871 49 26 not
136 852 142 54 injurious,
300 863 45 29 Mr
369 857 141 41 Campbell
524 860 85 27 states

63 909 106 36 though
183 908 22 26 it
225 907 22 26 is
262 905 35 36 by
319 913 35 18 no
368 911 92 18 means
474 899 135 37 pleasnat.

65 948 28 28 It
114 948 24 27 is
152 956 50 19 one
227 942 139 31 continual
402 940 77 37 fight
504 937 108 35 against

64 992 86 34 pests,
160 987 36 27 he
209 984 150 34 continues,
373 991 50 20 one
432 979 29 30 of
470 979 47 28 the
528 981 83 24 worst

66 1028 28 29 of
112 1028 75 28 them
202 1025 84 35 being
302 1024 48 27 the
372 1021 48 29 red
432 1019 109 39 spider;
556 1018 55 27 and

66 1066 136 32 universal
215 1064 132 40 spraying
359 1063 24 29 is
396 1062 47 29 the
457 1059 64 37 only
542 1058 56 29 anti-

69 1110 72 28 dote.
180 1108 45 27 Mr
239 1104 141 39 Campbell
394 1114 55 17 was
472 1101 81 37 using
567 1099 46 28 the

69 1149 145 30 Bordeaux
227 1147 128 32 mixture,
368 1143 88 29 which
466 1142 23 28 is
498 1138 117 41 sprayed

68 1192 30 27 in
112 1190 96 28 winter
220 1188 45 28 for
277 1186 35 28 all
326 1185 80 37 fungi
418 1184 128 33 diseases,
559 1179 56 29 and

70 1231 43 28 his
133 1228 117 31 formula
269 1237 55 18 was
345 1226 61 28 61bs
432 1224 142 28 bluestone
587 1225 28 24 to

72 1271 82 39 22gal
176 1273 92 25 water.
307 1267 34 29 In
364 1275 119 21 summer
496 1264 34 28 he
553 1261 62 37 only

72 1316 64 34 puts
158 1310 60 28 21bs
238 1312 28 24 to
289 1308 45 27 the
357 1315 72 19 same
443 1303 126 39 quantity
587 1301 28 27 of

72 1354 92 25 water.
203 1348 89 37 Being
311 1358 15 16 a
339 1345 138 34 thorough
497 1341 118 30 believer

72 1392 26 28 in
110 1391 47 28 the
178 1388 110 33 efficacy
301 1386 30 29 of
352 1384 139 39 spraying,
506 1382 33 27 he
553 1380 58 33 has,

71 1442 30 19 as
128 1430 90 37 might
248 1429 33 27 be
313 1424 141 39 expected,
477 1433 16 17 a
515 1420 98 38 capital

72 1472 76 37 plant
173 1470 42 26 for
248 1468 47 27 the
324 1474 125 29 purpose.
489 1463 43 26 He
565 1461 48 26 has

70 1510 71 30 built
174 1509 57 28 into
268 1517 16 18 a
320 1509 77 25 stone
432 1502 104 37 setting
576 1510 34 17 an

70 1551 127 36 ordinary
218 1548 52 28 200
296 1545 92 39 gallon
408 1543 78 31 tank,
507 1541 55 28 and
583 1540 26 27 in

70 1592 55 27 this
144 1590 34 27 he
197 1588 24 28 is
246 1585 115 30 enabled
384 1590 28 22 to
435 1583 54 28 boil
503 1582 37 32 in,
555 1592 57 25 say,

70 1643 17 18 a
99 1629 95 41 couple
207 1628 28 30 of
255 1628 92 34 hours,
370 1623 135 31 sufficient
518 1621 29 30 of
566 1621 47 29 the

70 1673 118 27 mixture
197 1675 28 23 to
234 1670 34 26 do
278 1679 15 16 a
300 1667 85 27 whole
390 1665 75 35 day's
472 1664 141 36 spraying.

70 1712 44 29 He
136 1720 62 19 uses
222 1718 51 20 one
286 1706 28 29 of
338 1706 46 28 the
399 1703 93 30 Burt's
522 1700 92 31 Pulval

69 1762 109 29 pumps,
202 1749 54 29 and
268 1754 28 23 at
309 1747 46 29 the
369 1745 52 29 end
445 1745 29 28 of
486 1744 43 28 his
548 1743 65 28 hose

69 1794 24 29 is
105 1804 16 17 a
141 1790 99 30 double
253 1788 120 38 cyclone,
386 1786 46 28 the
446 1785 62 35 only
523 1793 60 25 one,
600 1783 8 27 I

70 1833 114 35 believe,
196 1832 28 28 in
234 1840 47 19 use
293 1829 28 28 in
335 1828 46 28 the
394 1826 116 28 district.

107 1875 46 29 Mr
186 1870 139 40 Campbell
362 1870 23 28 is
409 1866 156 37 essentially
598 1877 15 16 a

61 1913 137 41 •practical
226 1912 136 37 gardiner,
387 1909 102 36 having
515 1907 96 27 served

72 1967 35 18 an
129 1952 218 41 apprenticeship
368 1957 27 21 to
409 1949 46 29 the
480 1947 133 33 business,

72 1997 53 29 and
143 1995 42 29 his
200 1992 114 31 orchard
336 1992 23 28 is
380 1988 166 39 thoroughly
560 1987 53 29 and

73 2035 209 42 systematically
291 2032 119 29 worked.
449 2030 58 28 Not
514 2040 17 18 a
539 2028 73 29 weed

71 2079 23 28 is
114 2082 29 25 to
157 2077 32 30 be
212 2086 72 24 seen,
296 2084 67 18 even
378 2072 71 29 after
471 2070 45 28 the
530 2073 85 24 stress

71 2120 29 28 of
119 2119 47 29 the
190 2117 70 36 busy
284 2124 106 24 season,
411 2112 79 28 when
503 2122 16 17 a
543 2110 72 27 little

68 2161 110 36 neglect
190 2156 28 28 in
230 2155 56 28 this
299 2156 107 35 respect
418 2151 89 29 would
518 2154 48 24 not
579 2150 35 28 be

68 2196 181 40 unexpected.
289 2193 138 29 Scientific
448 2191 122 38 pruning
590 2190 24 28 is

68 2238 114 30 another
195 2234 102 30 branch
310 2233 55 29 this
385 2231 154 39 proprietor
552 2230 24 28 is
597 2240 16 18 a

69 2279 149 29 consistent
231 2274 131 30 advocate
369 2273 38 35 of,
416 2272 53 28 and
479 2270 118 37 through-

68 2323 48 27 out
129 2319 41 29 his
178 2315 115 33 orchard
303 2314 47 30 the
361 2318 71 25 trees
444 2322 70 19 were
522 2310 37 30 all
567 2314 47 26 cut

53 2366 8 12 :
66 2361 72 27 back
147 2368 73 19 some
229 2356 90 29 weeks
332 2366 53 24 ago
406 2355 28 26 in
446 2352 169 38 thoroughly

68 2396 196 33 workmanlike
277 2394 116 31 fashion.

105 2442 45 28 Mr
164 2437 166 39 Campbell's
350 2435 114 30 orchard
486 2435 23 29 is
529 2435 86 28 about

68 2482 42 28 six
133 2489 74 20 acres
231 2479 29 28 in
282 2479 105 33 extent,
400 2475 54 28 and
475 2475 67 28 both
566 2474 48 29 the

68 2521 130 29 situation
231 2518 56 29 and
320 2516 51 29 soil
392 2526 45 19 are
468 2515 145 29 excellent.

68 2562 45 30 He
138 2570 89 31 grows
239 2570 36 20 on
287 2570 17 18 a
327 2557 77 39 large
416 2556 73 29 scale
513 2555 100 40 plums,

68 2603 116 38 peaches
197 2601 53 29 and
263 2599 129 36 apricots,
405 2597 30 29 of
442 2597 37 28 all
488 2598 29 27 of
527 2595 88 29 which

69 2642 35 30 he
113 2642 50 30 has
175 2651 36 19 an
223 2639 136 31 excellent
371 2637 106 38 variety
490 2636 29 30 of
532 2640 81 25 trees.

70 2684 53 30 His
135 2693 115 28 nursery
262 2680 119 31 receives
404 2678 100 39 special
525 2681 75 27 atten-

70 2725 67 33 tion,
160 2724 54 28 and
227 2722 109 29 besides
348 2721 85 28 about
446 2719 54 28 400
521 2728 95 29 young

67 2768 74 27 trees
150 2763 89 31 which
247 2772 46 20 are
302 2759 114 42 planted
428 2762 48 27 out
484 2759 56 30 this
549 2768 66 29 year

68 2806 35 28 he
112 2806 50 28 has
170 2815 36 19 on
215 2804 81 29 order
303 2802 85 28 about
395 2801 63 35 600,
470 2811 30 18 so
512 2800 61 28 that
581 2799 35 28 he

54 2865 6 4 -
70 2856 50 20 can
134 2844 101 40 supply
247 2853 54 28 any
314 2841 117 29 number
441 2841 29 29 of
477 2841 60 28 first
547 2839 69 30 class

70 2885 127 29 varieties
221 2887 30 25 to
275 2882 79 29 those
375 2880 141 38 requiring
531 2879 84 29 them.

70 2924 37 30 In
127 2924 47 29 the
193 2921 112 32 orchard
327 2921 57 29 also
397 2921 22 28 is
432 2919 58 30 half
502 2929 34 20 an
554 2928 62 20 acre

56 2964 104 30 •under
183 2962 184 32 strawberries
395 2961 47 34 (all
474 2960 142 35 Paxtons),

70 3006 67 29 than
159 3004 89 29 which
274 3003 45 29 Mr
331 3001 143 38 Campbell
487 3001 62 29 tells
563 3010 53 25 me,

70 3046 78 29 there
168 3045 24 29 is
204 3055 35 19 no
261 3043 93 29 better
366 3041 104 36 bearer,
496 3041 80 29 while
589 3044 29 25 at

70 3087 49 28 the
140 3095 74 19 same
234 3085 67 27 time
321 3084 46 28 the
392 3082 68 28 fruit
473 3083 48 27 has
534 3093 16 16 a
563 3082 54 27 fine

69 3126 114 28 flavour.
223 3124 43 29 He
289 3124 58 34 has,
362 3121 108 31 besides
493 3122 46 28 the
550 3121 68 28 fruit

70 3164 167 37 mentioned,
263 3174 82 27 many
370 3162 79 31 other
467 3166 80 31 sorts,
561 3161 57 29 also

70 3207 125 35 walnuts,
221 3208 142 33 tomatoes,
387 3207 63 32 etc.,
484 3203 70 29 hone
588 3201 30 29 of

71 3248 88 28 which
185 3257 54 24 are,
271 3246 135 33 however,
449 3254 95 29 grown
580 3243 38 38 by

70 3289 56 28 him
140 3288 27 28 in
188 3288 77 36 large
286 3286 140 29 numbers.
466 3284 82 29 From
575 3283 42 29 his

72 3328 160 39 experience
245 3337 30 19 as
300 3337 16 17 a
334 3336 107 27 grower
458 3326 35 27 he
512 3334 85 19 recom-

72 3368 96 31 mends
202 3368 48 29 the
293 3366 143 36 following
473 3365 143 29 varieties:

71 3410 144 39 Apricots:
232 3409 89 38 Large
335 3407 59 30 Red
409 3405 208 37 Riveis(which

72 3451 35 29 do
140 3449 145 39 especially
317 3448 60 28 well
411 3458 35 19 on
479 3447 138 37 sidlings),

72 3491 80 28 Mont
174 3490 106 31 Garnet,
303 3487 207 40 Campbellfield
533 3486 68 30 Seed-

70 3531 68 37 ling,
177 3529 145 29 Mansfield
362 3529 54 29 and
457 3527 160 39 Moorpark.

70 3571 136 29 Peaches:
221 3570 82 38 Early
317 3580 6 18 :
345 3569 113 39 Briggs,
471 3568 60 29 Red
543 3567 73 37 May,

72 3611 178 30 Alexander's
263 3610 84 39 early,
356 3610 46 29 the
415 3609 140 30 Waterloo
564 3608 54 28 and

72 3651 120 40 Bilyen's
202 3651 68 30 Late
278 3651 138 35 October;
428 3650 60 29 Mid
497 3650 102 28 Season
611 3660 6 17 :

73 3693 190 38 Brandywine,
290 3693 105 35 Foster,
406 3691 78 39 Lady
507 3690 111 40 Ingold,

70 3733 140 37 Elbertha,
223 3733 81 30 Duke
317 3733 30 30 of
368 3731 177 40 Edinburgh,
562 3731 56 28 and

74 3773 148 36 Conkling.
260 3774 57 29 The
337 3773 78 36 Lady
447 3773 171 28 Palmeiston

73 3814 24 29 is
109 3824 16 17 a
138 3814 71 37 good
221 3814 54 28 late
288 3814 95 38 peach,
397 3814 52 29 but
461 3813 48 28 the
524 3813 97 29 Comet

58 3871 6 3 -
74 3853 54 29 and
143 3853 106 38 Solway
261 3854 35 29 be
308 3853 139 30 considers
456 3857 47 25 too
513 3853 55 28 late
577 3852 44 29 for

58 3892 3 40 •
75 3904 50 19 our
134 3893 115 29 market.
287 3893 93 30 Plums
393 3904 46 19 are
460 3905 16 17 a
489 3892 132 40 specialty

74 3933 67 30 with
164 3932 45 29 Mr
223 3933 150 38 Campbell,
386 3935 54 28 and
454 3934 53 29 last
520 3943 98 19 season

73 3973 37 30 he
157 3973 123 39 chopped
314 3979 48 24 out
404 3975 71 29 from
521 3974 95 29 fifteen

73 4018 31 27 to
138 4017 104 34 twenty
274 4014 127 31 different
428 4015 126 30 varieties
592 4024 29 19 as

70 4054 190 38 unprofitable.
300 4055 43 29 He
383 4055 138 30 considers
566 4055 49 29 the

75 4095 143 38 following
262 4095 125 30 varieties
420 4096 80 29 best:
538 4095 83 38 Early

77 4135 123 38 Orleans,
234 4135 135 39 Angelina
409 4136 126 38 Burdett,
574 4136 47 30 the

75 4177 91 29 Peach
213 4176 88 36 Plum,
352 4177 77 30 Pond
480 4179 140 34 Seedlingr,

77 4217 195 37 Washington,
287 4216 92 29 Cole's
392 4217 117 38 Prolific,
522 4218 98 29 Kirk's

77 4257 63 33 (one
165 4257 30 29 of
216 4256 47 29 the
286 4266 65 27 very
373 4257 81 35 best),
468 4259 54 29 and
534 4259 87 29 Reine

75 4296 106 30 Claude
217 4295 34 30 de
282 4296 94 39 Bavay
410 4297 78 39 (very
524 4299 94 38 good).

75 4337 91 30 Cole's
192 4337 106 29 Golden
313 4337 75 37 Drop
407 4337 23 29 is
444 4339 73 38 good
541 4340 78 28 when

72 4378 83 40 aged.
194 4378 59 30 The
274 4378 76 38 large
376 4378 85 28 Black
483 4379 137 38 Imperial,

72 4419 109 38 though
193 4429 17 19 a
230 4419 72 38 good
316 4419 74 29 show
402 4418 86 39 plum,
500 4420 23 28 is
536 4431 17 17 a
565 4420 55 29 bad

71 4460 107 34 bearer,
193 4460 54 28 and
261 4463 49 25 not
319 4463 28 25 to
357 4459 34 29 be
402 4460 217 28 recommended.

72 4499 96 29 Asked
180 4509 30 19 as
220 4502 29 25 to
264 4498 138 34 damsons,
417 4498 46 29 Mr
477 4498 142 39 Campbell

70 4543 86 25 states
170 4539 76 29 there
260 4539 24 28 is
296 4549 36 18 no
347 4538 56 29 sale
416 4538 44 29 for
469 4539 85 35 them,
565 4539 54 29 and

69 4579 36 29 he
117 4579 96 29 thinks
225 4579 22 28 it
257 4578 23 29 is
294 4578 65 36 only
373 4589 16 17 a
402 4581 100 25 matter
512 4578 29 28 of
552 4579 67 28 time

70 4619 43 29 till
148 4619 66 39 they
249 4629 37 28 go
319 4620 48 27 out
404 4617 30 30 of
458 4617 161 30 cultivation

72 4660 163 33 altogether.

108 4700 79 30 With
211 4701 56 29 this
291 4700 92 29 notice
409 4698 29 30 of
463 4698 46 29 Mr
522 4697 80 39 Camp-

70 4741 81 29 bell's
164 4741 115 39 garden,
301 4751 51 18 our
365 4739 84 29 series
470 4739 30 28 of
512 4738 109 29 articles

70 4791 37 19 on
133 4781 48 29 the
204 4781 96 29 Teviot
320 4779 131 31 orchards
477 4778 144 30 concludes

71 4821 44 29 for
127 4821 48 29 the
187 4824 119 36 present.
347 4819 111 31 Several
470 4819 151 39 important

73 4861 130 41 gardens,
235 4873 30 20 as
297 4862 61 31 well
391 4872 30 19 as
446 4872 15 18 a
486 4860 54 31 few
568 4859 53 31 less

72 4904 139 28 extensive
225 4914 128 27 growers,
379 4913 50 19 our
447 4906 157 33 representa-

71 4942 56 29 tive
151 4942 54 29 will
225 4942 64 29 take
303 4942 74 36 early
398 4941 180 40 opportunity
590 4939 31 29 of

71 4982 114 40 visiting
197 4982 103 40 during
317 4982 46 30 the
390 4982 110 39 coming
514 4991 106 26 season,

70 5024 56 28 and
136 5024 159 30 meanwhile
305 5024 34 29 he
348 5024 103 29 desires
462 5027 29 25 to
502 5022 117 37 heartily

70 5063 89 30 thank
183 5064 78 30 those
286 5065 34 29 he
343 5064 49 30 has
413 5075 64 19 seen
491 5064 44 30 for
547 5063 73 30 their

70 5104 120 30 uniform
214 5108 127 35 courtesy
366 5106 54 28 and
441 5108 175 36 promptness

69 5144 30 29 in
112 5144 135 40 affording
260 5145 56 29 him
329 5155 82 27 every
428 5145 188 30 information.

1594 74 197 39 MOUNT
1879 79 225 40 BEHGEE
2192 81 153 41 MAIL.

3396 86 8 11 *
3461 74 165 50 Friday,
3650 74 109 39 June
3784 72 173 45 4,1897.

3533 5584 80 23 Printed
3628 5585 40 22 And
3684 5585 110 24 Published
3815 5592 26 23 by
3861 5587 102 21 WILLIAM
3977 5586 104 20 Pavnell

3585 5620 127 22 Matthews
3721 5622 33 21 for
3763 5622 36 22 the
3808 5622 130 27 propiietois,
3949 5621 79 20 Dvnne
4037 5616 53 35 a&w]

3587 5656 132 26 Matthews,
3741 5658 22 19 at
3785 5658 54 19 their
3855 5655 117 26 .Registered
3990 5650 94 29 Printing'

3587 5691 70 24 Office,
3677 5691 176 27 Scotland-street,
3872 5688 118 27 Koxburgh,

3583 5728 51 21 New
3644 5728 197 25 Zealand-Friday,
3856 5728 55 21 June
3926 5725 84 27 4,1897.

74 5238 53 56 J)
132 5284 12 12 m
209 5239 43 36 A.
327 5239 293 45 BUCHANAN,

155 5310 73 22 boot
254 5310 60 21 and
339 5310 73 21 shoe
438 5310 110 29 jlaker,

120 5357 142 31 Scotland
272 5374 10 5 -
294 5365 105 27 street,
418 5356 161 34 Roxburgh.

184 5454 93 37 Every
297 5452 166 39 description
484 5453 31 29 of

76 5506 88 30 Boots
176 5514 56 21 and
246 5504 89 29 Shoes
348 5503 132 30 Supplied
493 5513 34 21 or
540 5505 82 30 Made

253 5553 32 20 to
304 5545 142 28 Measure.

76 5600 46 30 Fit
131 5595 182 33 Guaranteed.
388 5595 47 31 Fit
442 5595 180 32 Guaranteed.

125 5690 124 23 REPAIRS
272 5687 116 22 NEATLY
417 5689 155 21 EXECUTED.

193 5770 27 26 A
242 5767 85 29 Trial
350 5765 151 31 SoLicirED.

644 268 177 54 MILLS,
843 264 130 43 DICK,
999 261 36 37 &
1062 256 128 40 CO.'S

884 324 68 31 1897

662 378 188 32 ALMANAC
872 386 52 19 and
946 367 227 37 DIRECTORY.

825 425 84 33 Price,
924 424 30 26 Is
968 419 43 30 6d.

642 508 91 37 Every
759 505 123 36 Farmer,
910 503 103 33 Miner,

888 551 52 28 and
968 549 130 27 Business
1124 543 67 27 Man

716 607 104 29 Should
848 606 118 27 Procure
990 613 15 17 a
1032 600 83 37 Copy.

670 685 57 29 Can
754 685 34 28 be
815 684 53 28 had
895 683 69 27 from
991 680 46 28 the
1062 675 84 30 under-

820 721 156 32 mentioned
978 738 35 3 —

678 785 118 29 Mackay
811 783 92 34 Bros.,
917 778 153 38 Roxburgh

678 825 27 29 J.
719 825 127 33 Noonan,
861 820 108 32 Ettrick

678 867 91 28 Johns
784 875 55 19 and
853 862 144 34 M'Combe,
1011 858 103 30 Millers
1127 856 63 29 Flat

679 908 75 26 J.R.
771 905 91 34 Kemp,
875 903 69 28 Bald
957 900 58 29 Hill
1028 899 62 28 Flat

681 946 31 28 L.
728 947 87 32 Ryan,
829 944 70 34 Jm\,
915 939 155 30 Alexandra
1084 937 89 29 South

680 986 34 28 B.
728 986 121 32 Naylor,
865 982 84 38 Clyde

644 1073 41 54 Y
769 1072 43 34 A.
889 1064 301 42 MILLER,

635 1147 141 25 .BUILDER,
789 1143 106 23 JOINER
908 1141 61 21 AND
989 1138 203 26 UNDERTAKER,

737 1197 70 28 Ross
827 1195 97 33 Place,
945 1192 162 30 Lawrence.

646 1296 121 29 PLANS
781 1294 79 28 AND
875 1288 315 33 SPECIFICATIONS

783 1347 26 27 A
830 1343 221 30 SPECIALLY.

643 1439 152 36 Quantities
809 1437 138 38 Prepared
969 1436 54 29 and
1046 1435 146 28 Estimates

668 1479 87 28 Given
769 1478 43 29 for
824 1478 35 27 all
874 1477 99 28 classes
987 1477 28 28 of
1030 1472 132 31 Builders'

874 1517 98 28 Work.

922 1602 33 39 B
1000 1601 34 39 L
1079 1600 27 37 0
1146 1599 45 42 Y,

668 1672 198 19 WHITEHAVEN
881 1670 108 20 STREET.
1005 1666 165 22 L.\WRENCB.

644 1758 128 29 BOARD
796 1757 81 29 AND
907 1752 215 33 RESIDENCE
1145 1752 47 28 AT

687 1808 254 30 REASONABLE
962 1805 186 30 CHAttGES.

754 1900 94 28 Meals
868 1907 31 18 at
917 1905 49 19 all
987 1898 103 25 ilouits.

661 1992 59 30 The
734 1992 62 29 best
811 1989 242 31 Accommodation
1075 1987 43 29 for
1131 1986 47 30 the

783 2031 157 37 Travelling
955 2029 105 29 Public.

645 2120 102 29 GOOD
763 2117 199 30 STABLING.
1003 2115 96 29 OATS
1117 2114 79 29 AND

755 2157 127 32 CHAFF
903 2156 52 29 ON
980 2156 105 28 SALE.

715 2230 209 32 ERBERT
972 2229 100 29 AND
1122 2227 73 35 CO.,

834 2296 168 21 LAWRENCE.

799 2395 151 21 IMPORTEKS
969 2395 33 19 UK
1004 2400 35 6 —

641 2446 201 35 Ironmongery

728 2487 189 41 Agricultural
942 2486 180 40 Implements

902 2533 189 39 Agricultural
1111 2532 86 30 fceeds

816 2592 214 29 GROCERIES

661 2649 98 33 TEAS
871 2649 96 31 TEAS
1081 2646 97 32 TEAS

646 2700 126 38 (Ceylon)
863 2698 121 38 (Indian)
1074 2696 120 37 (China.)

645 2865 286 31 WATCHMAKER
949 2865 24 29 &
986 2865 210 29 JEWELLER

735 2917 71 31 Ross
825 2917 97 37 Place,
942 2916 163 30 Lawrence.

647 3011 140 36 Watches,
807 3011 99 29 Clocks
926 3010 54 29 and
1001 3009 146 33 Jewellery
1167 3009 29 29 of

691 3051 36 30 all
740 3051 181 38 descriptions
933 3050 69 39 kept
1015 3050 27 29 in
1056 3049 96 30 Stock.

665 3102 69 28 Nice
748 3102 136 28 Selection
897 3102 29 27 of
945 3102 77 34 Gem,
1035 3100 143 39 Wedding

777 3149 54 22 and
846 3142 108 39 Keeper
968 3141 97 39 Rings.

648 3223 17 21 A
679 3223 106 21 CHOICE
806 3223 181 21 ASSORTMENT
1007 3223 35 21 OF
1062 3222 135 22 ARTICLES

667 3256 140 21 SUITABLE
816 3256 55 21 FOR
882 3256 140 21 WEDDING
1032 3256 148 21 PRESENTS.

704 3324 154 39 Spectacles
872 3328 28 26 to
914 3324 62 30 Suit
988 3324 36 29 all
1039 3324 104 39 Sights.

666 3405 105 30 Watch
802 3414 55 20 and
889 3405 90 30 Clock
1015 3405 116 29 Repaibs
1162 3414 17 20 a

848 3449 157 26 Specialty.
1016 3465 6 7 .
1044 3449 3 26 .

646 3537 115 39 Repairs
774 3548 30 17 or
817 3537 102 29 Orders
936 3538 70 30 from
1019 3537 47 31 the
1079 3542 118 34 country

696 3578 37 39 by
755 3581 63 36 post
839 3577 54 29 will
915 3578 105 30 receive
1041 3584 111 34 prompt

848 3620 145 28 attention.
1016 3620 3 28 '
1071 3620 4 28 •
1103 3620 2 28 ■

811 3698 98 30 Ladies
931 3699 135 39 complain
1079 3700 61 29 that
1152 3701 47 29 the

747 3738 55 30 Tea
815 3740 64 38 they
893 3740 69 30 have
973 3740 69 30 been
1056 3740 81 40 using
1150 3741 49 29 has

649 3780 109 30 neither
768 3781 127 37 strength
906 3791 50 18 nor
964 3780 112 30 flavour.
1098 3782 27 28 If
1135 3782 64 39 they

650 3825 45 33 try
710 3820 86 28 Kozie
809 3820 56 28 Tea
877 3821 66 38 they
954 3821 55 28 will
1022 3822 34 28 be
1070 3822 130 28 satisfied.

649 3860 93 30 Johns
759 3859 24 29 &
801 3860 149 37 M'Combe,
964 3862 117 38 Agents,
1096 3862 104 29 Millers

650 3900 72 30 Flat.

711 4012 122 25 MESSRS
861 4012 85 27 K!DD
976 4014 68 24 AND
1069 4015 66 30 00.,

753 4069 107 32 Surgical
877 4071 46 24 and
943 4071 149 26 Mechanical

870 4103 108 26 Dentists

841 4147 45 33 (By
914 4149 91 31 exam.)

729 4318 23 26 R
778 4319 140 30 COOMBS,
944 4321 53 25 who
1020 4320 43 26 has
1087 4322 46 25 had
1159 4328 39 19 ten

758 4366 67 24 year>
843 4360 134 31 experience
997 4360 56 25 with
1071 4361 38 25 Mr
1133 4363 23 23 8.
1178 4366 21 21 !*.

650 4395 79 29 Myers
755 4401 54 22 may
837 4393 28 23 be
892 4394 126 23 consulted
1047 4400 22 17 at
1100 4394 99 26 Heron's

650 4425 155 26 Commercial
816 4425 83 29 Hotel,
907 4426 136 31 Roxburgh,
1060 4426 64 26 June
1135 4427 63 31 18th,

650 4467 31 17 &n
691 4462 5 21 1
713 4460 25 23 in
752 4459 77 24 future
840 4467 70 22 every
921 4459 78 24 fourth
1009 4460 93 30 Friday.

683 4509 29 19 Aa
737 4513 32 14 we
799 4504 79 24 intend
902 4504 94 30 visiting
1029 4506 48 22 this
1107 4506 91 25 district

651 4537 107 30 monthly
769 4537 17 24 it
799 4538 44 22 will
861 4545 56 16 save
935 4538 100 29 patients
1046 4539 41 24 the
1098 4547 101 21 expense

651 4570 24 23 of
689 4577 71 22 going
773 4576 23 16 to
809 4569 77 26 Town,
915 4570 47 22 and
977 4577 27 16 as
1020 4578 35 16 we
1072 4577 112 23 guarante

651 4601 30 23 all
694 4601 63 23 work
773 4601 102 30 patieuts
888 4608 52 23 may
961 4602 47 30 rely
1030 4610 32 16 on
1078 4604 89 30 getting

651 4632 127 26 first-class
790 4633 89 24 article.

681 4678 74 25 Teeth
779 4680 120 23 extracted
929 4680 47 24 and
1007 4681 109 30 replaced
1145 4683 52 23 witb

653 4715 133 26 temporary
798 4711 108 25 artificial
917 4721 56 16 ones
988 4714 83 25 within
1083 4717 28 21 48
1126 4715 73 24 hours

683 4758 105 25 Painless
801 4761 139 23 txtarctions
954 4762 55 24 with
1020 4762 97 25 Nitrous
1127 4763 72 24 Oxide

652 4792 48 23 Gas
716 4792 117 23 Cocoaine
849 4792 70 25 Kther
935 4802 26 15 or
975 4794 160 26 Chloroform.

667 4836 115 32 Stopping
790 4836 56 25 with
856 4836 61 26 Gold
927 4838 124 33 Amalgam
1063 4848 26 16 or
1098 4840 101 26 Cement

682 4883 80 30 Single
774 4882 76 24 Tooth
865 4885 45 23 10s.
928 4888 52 21 SeU
994 4887 94 31 equa'ly
1103 4889 80 22 moder-

651 4921 56 18 ate..
754 4917 184 26 Arrangements
955 4918 45 23 will
1015 4918 27 24 be
1060 4920 68 22 made,
1145 4921 54 21 with

651 4947 66 24 those
738 4945 52 25 who
806 4953 87 18 cannot
919 4956 45 23 pay
989 4950 43 23 full
1056 4957 98 19 amount
1176 4956 23 19 at

651 4987 65 18 once.
761 4978 73 25 Teeth
855 4981 68 25 made
949 4982 31 31 by
1007 4983 68 26 other
1098 4986 101 24 dentists

652 5014 99 30 proving
762 5014 181 31 unsatisfactory
952 5023 52 23 may
1015 5017 29 24 be
1053 5019 146 30 remodel[ed

651 5051 24 20 at
686 5046 68 24 small
764 5049 60 21 cost.

881 5098 25 22 2s
921 5097 38 26 6J.
992 5099 106 28 o*s—7a
1114 5101 42 23 6J,

666 5275 113 26 FANCY
804 5275 110 24 GOODS
931 5277 70 24 AND
1020 5278 162 29 DRAPERY.

737 5385 24 25 J.
796 5384 136 24 WATKRS
959 5386 87 26 desires
1072 5393 24 20 to
1121 5390 73 29 notify

674 5417 3 30 .
698 5436 6 6 .
735 5419 54 24 that
803 5418 42 24 she
857 5417 71 30 keeps
938 5418 23 24 in
971 5421 65 22 stock
1054 5420 84 25 Ladies
1149 5429 44 17 and

651 5452 113 25 Children
774 5459 11 16 s
802 5450 195 32 Underclothing,
1013 5454 47 22 and
1072 5456 30 21 all
1123 5455 72 25 kinds

651 5486 23 23 ef
689 5486 115 28 Drapery.

681 5528 80 31 Fancy
773 5527 82 24 Good*
866 5536 13 15 a
895 5527 134 31 Specialty.

686 5572 133 24 Chiistmaa
828 5571 47 23 and
888 5570 54 24 New
956 5569 62 26 Year
1030 5577 135 25 presents—

773 5624 13 15 a
802 5621 65 26 great
880 5615 88 30 vsriety
978 5621 24 19 to
1015 5617 70 33 hand_

772 5651 134 23 ItHDection
918 5650 93 23 Invited

675 5682 113 29 Painting
801 5682 45 22 and
858 5688 34 16 a-t
919 5681 150 25 needlework
1082 5683 85 27 taught

742 5715 111 24 bummer
865 5713 82 26 Goods
963 5722 52 16 now
1029 5722 29 17 on
1075 5715 61 25 haud

653 5772 264 25 Address—Ormond's
928 5770 115 31 Building
1053 5771 144 30 Roxburgh.

1264 772 46 58 i

1535 772 62 24 iW^

1675 2333 233 89 ma.

1712 3514 89 96 4

1687 4365 66 99 t

1545 5145 494 66 DUNEDIN,

2379 2587 549 61 ©liate.®©gi&€@.

2434 2680 84 30 'OCK
2544 2680 35 29 all
2601 2680 48 28 the
2674 2678 112 38 leading
2811 2675 116 39 English

2452 2721 55 28 and
2519 2720 120 29 German
2652 2719 98 28 Makes
2764 2718 29 28 of
2807 2716 100 28 Pianos
2921 2726 6 17 :

2427 2772 174 26 BRINSMEAD,
2620 2771 138 25 COLLARD,
2779 2768 102 28 SAMES,.

2569 2798 167 24 EAVESTOFF,

2376 2838 202 26 SCHWECHTEN,
2588 2837 71 27 LIPP,
2669 2836 73 21 GORS
2751 2836 17 21 &
2777 2833 149 26 KALLMAN,

2501 2876 165 25 GERHARDT,
2682 2874 125 22 HANSEN.

2413 2949 119 39 Chas.
2556 2948 110 48 Begg
2688 2946 84 40 and
2795 2943 98 41 Co.'s

2376 3018 231 31 EXHIBITION
2636 3017 134 30 MODEL
2800 3015 127 46 PIANO,

2577 3072 57 27 £3B
2654 3079 76 19 NETT.

2376 3151 121 30 STORY
2521 3151 24 30 &
2573 3150 162 30 CLARK'S
2765 3146 162 37 ORGANS,

2472 3203 178 30 KIMBALL
2670 3201 162 36 ORGANS,

2375 3257 81 29 From
2466 3257 57 29 £2O
2532 3252 116 34 t0£50..
2666 3255 81 29 Fvom
2758 3254 93 29 £2oto
2860 3252 66 29 £SO.

2375 3337 148 30 BESSON
2549 3337 24 29 &
2605 3334 179 32 BOOSKY'S
2806 3332 121 31 BRASS

2511 3375 285 32 INSTRUMENTS.

2376 3459 98 29 Violin
2489 3459 68 28 Bow
2573 3458 154 29 Repairing
2740 3466 16 19 a
2771 3456 154 29 Specialty.

2414 3510 102 30 Violin,
2532 3510 65 27 Bow
2611 3509 53 28 and
2681 3508 100 29 Case...
2824 3505 67 39 30/-

2412 3550 184 34 Accordeons,
2610 3549 12 29 f
2625 3556 56 22 roti
2753 3572 29 5 ...
2844 3544 46 40 7/o*

2445 3631 109 30 CHAS.
2576 3630 102 29 BEGG
2700 3629 80 30 AND
2801 3628 57 30 CO.

2375 3682 80 29 Have
2476 3682 47 28 the
2546 3680 104 39 largest
2673 3679 55 29 and
2749 3682 72 25 most
2834 3676 93 31 varied

2375 3722 78 30 stock
2467 3722 30 29 of
2509 3722 91 28 Music
2610 3721 27 28 in
2648 3720 48 29 the
2706 3720 113 37 Colony.
2859 3718 68 30 New

2472 3762 161 40 Shipments
2646 3760 188 39 Fortnightly.

2559 3814 72 28 New
2650 3814 97 28 Songs.

2413 3855 81 28 Morn
2526 3854 30 29 of
2595 3854 122 29 Sorrows
2719 3852 209 30 —Snowflakes

2377 3894 171 30 Fair—Gate
2561 3894 30 28 of
2609 3892 155 30 Life—For
2783 3892 47 29 the
2854 3892 60 29 Chil-

2376 3934 91 30 dren's
2482 3933 182 30 Sake—Wilt
2676 3933 77 29 Thou
2767 3932 34 29 be
2818 3932 110 29 Mine-

2378 3974 138 30 Sunshine
2547 3974 193 28 Above—She
2774 3973 100 37 Stoops
2900 3976 28 24 to

2377 4014 210 40 Conquer—No
2610 4014 43 28 for
2674 4025 34 17 an
2731 4012 197 30 Answer—No

2377 4056 90 27 Man's
2481 4056 85 27 Land.

2508 4106 99 30 Violin
2627 4114 54 20 and
2702 4104 95 30 Piano.

2414 4148 129 29 Andante
2565 4152 28 24 et
2617 4146 117 30 Scherzo
2757 4145 171 39 Capriccioso

2380 4189 112 34 (David)
2572 4186 99 28 Bach's
2713 4189 41 24 Ist
2794 4186 134 27 Concerto

2381 4228 107 35 (Alard)
2493 4226 125 28 —Three
2653 4225 94 28 Pieces
2773 4224 155 38 Classiques

2380 4266 190 38 (Ragghianti)
2573 4263 352 38 —LesEchoes(Leonard)

2377 4306 172 30 —Mazurka
2587 4306 34 30 de
2667 4305 117 30 Conceit
2830 4303 98 36 (Ovide

2378 4348 103 36 Musin)
2485 4348 175 28 —Romance
2695 4345 123 37 (Jansen)
2822 4344 106 29 —Sou-

2379 4388 78 30 venir
2469 4388 35 30 de
2517 4388 102 39 Haydn
2637 4388 8 36 (
2673 4386 123 37 eonard).

2422 4471 120 39 Chas.
2566 4471 108 46 Begg
2701 4468 82 38 and
2807 4467 75 41 Co.,

2397 4531 32 27 21
2471 4531 118 29 Princes
2624 4529 112 33 Stkeet,
2771 4526 138 34 Dunedin,

2377 4581 115 40 Having
2516 4593 17 18 a
2558 4581 74 30 Most
2659 4578 127 29 Efficient
2810 4578 71 28 Staff
2901 4576 28 29 of

2380 4621 160 38 Workmen,
2550 4633 49 19 can
2612 4619 99 39 Kepair
2721 4618 54 29 and
2797 4621 69 26 Tune
2876 4628 53 27 any

2500 4661 117 32 Musical
2636 4661 172 28 Instrument

2433 4715 51 29 AT
2509 4710 209 34 MODERATE
2740 4708 133 30 RATES.

2396 4789 160 31 ,'OHN
2629 4783 300 38 THOMPSON,

2504 4835 272 36 AUCTIONEER,

2427 4892 79 22 LAND
2521 4890 61 21 AND
2595 4886 111 24 ESTATE,
2718 4884 84 24 LOAN,
2818 4884 59 20 AND

2379 4927 173 33 GENERAL
2565 4921 219 32 COMMISSION
2800 4921 128 27 AGENT*

2471 4979 71 30 Ross
2561 4976 98 33 Place,
2679 4972 161 30 Lawrence.

2554 5059 94 36 Agent
2660 5055 43 28 for
2716 5053 45 29 the

2377 5102 129 29 Norwich
2518 5099 93 30 Union
2625 5096 148 28 Insurance
2787 5092 48 28 Co.

2378 5141 138 31 Standard
2527 5139 62 31 Fire
2598 5136 54 30 and
2662 5133 105 31 Marine
2776 5131 149 30 Insurance

2451 5183 48 29 Co.

2374 5223 160 30 Australian
2556 5217 106 32 Mutual
2683 5213 148 31 Provident
2852 5212 72 37 (Life

2447 5261 165 34 Assurance)
2631 5256 107 36 Society

2374 5302 138 31 Standard
2538 5299 119 38 Fidelity
2687 5294 52 30 and
2766 5293 155 29 Guarantee

2446 5343 119 37 Society.

2409 5423 48 30 All
2469 5422 125 30 business
2606 5414 149 35 connected
2778 5414 66 29 with
2861 5414 40 38 Ap-

2374 5463 143 40 plications
2536 5461 44 28 for
2601 5458 194 37 Assignments
2815 5465 32 17 or
2865 5454 38 28 Ex-

2374 5503 107 37 change
2494 5501 29 30 of
2539 5496 187 43 Agricultural
2739 5494 109 35 Leases,
2862 5494 40 37 Ap-

2375 5543 144 38 plications
2528 5541 86 28 under
2622 5535 132 32 Deferred
2764 5534 157 38 Payments,

2377 5582 108 38 Mining
2499 5581 100 29 Leases
2609 5588 30 19 or
2650 5576 109 34 Claims,
2768 5573 156 40 Up-lifting

2377 5623 30 31 of
2427 5621 98 32 Crown
2545 5620 109 34 Grants,
2668 5616 58 37 &c,
2740 5614 112 42 quickly
2870 5613 53 31 and

2378 5662 115 38 cheaply
2506 5658 163 31 transacted.

2380 5745 90 29 Loans
2478 5739 177 40 Negotiated.
2678 5739 102 39 Money
2789 5736 138 32 Invested.

2988 306 38 57 f
3077 319 89 42 THAT
3188 318 90 42 YOUR
3301 315 107 43 BOOTS

3508 308 50 24 mn

2379 594 119 35 SUMziti

2481 784 77 22 ;.W?-M

3797 603 84 77 ii

2927 829 45 39 jit
3303 826 204 42 rework?

2927 856 45 33 it
3005 849 134 38 sully

2471 990 118 30 FIRST.
2699 990 5 46 |
2797 990 157 29 SECOND.
3163 988 130 28 THIRD.
3492 988 164 28 FOURTH.
3856 983 122 33 FIFTH.

2373 1031 118 30 BOOTS
2525 1031 65 29 with
2629 1030 55 29 this
2725 1030 41 31 On
2780 1030 54 29 this
2857 1029 92 30 Brawl
2970 1028 63 38 only
3073 1028 72 38 Only
3168 1028 44 29 the
3234 1038 67 28 very
3324 1028 60 28 best
3424 1028 133 35 Farmers,
3613 1028 112 36 Miners,
3765 1028 56 29 The
3829 1027 136 30 Standard
3972 1024 92 33 Brawl

2373 1073 92 28 Brawl
2474 1083 35 18 on
2518 1073 48 28 the
2573 1072 60 28 heel
2641 1082 44 17 are
2726 1073 44 26 the
2803 1081 65 23 very
2906 1071 61 28 best
3007 1070 28 26 of
3074 1069 28 28 of
3113 1069 142 28 Materials
3265 1078 45 18 are
3318 1068 66 28 used
3424 1069 52 28 and
3490 1069 35 28 all
3539 1069 61 28 who
3612 1071 73 25 want,
3698 1073 28 23 to
3769 1070 80 27 Boots
3862 1068 52 29 and
3927 1068 86 29 Shoes
4021 1077 46 19 are

2374 1111 166 38 guaranteed
2548 1116 27 24 to
2584 1111 42 29 Fit
2633 1111 53 29 and
2728 1111 150 28 Workmen
2910 1120 43 17 are
2980 1119 55 18 em-
3074 1108 27 28 in
3139 1107 54 28 tVis
3234 1107 91 28 Brand
3360 1107 26 29 of
3424 1108 70 36 kcp
3515 1108 70 28 their
3598 1108 55 28 feet
3667 1108 59 37 dry,
3765 1108 98 28 known
3883 1108 68 28 from
3976 1106 88 30 Anck-

2448 1151 85 29 Wear
2545 1151 68 28 well.
2828 1149 109 39 ployed.
3055 1145 4 43 |
3103 1147 84 28 Boots
3200 1146 55 29 and
3269 1146 96 28 Shoes.
3402 1145 3 43 |
3460 1151 44 33 try
3516 1148 55 27 this
3590 1147 92 28 Brand
3746 1145 4 43 |
3767 1147 62 27 land
3844 1151 28 23 to
3885 1148 47 26 the
3944 1147 77 26 Bluff
4028 1146 38 28 fei

3803 1185 113 36 sterling
3928 1185 110 37 quality.

2414 1231 71 28 ALL
2507 1224 117 36 Bf)OTS
2646 1228 170 31 BEARING
3145 1225 51 29 ON
3225 1226 6 12 r
3234 1224 68 30 IHE
3324 1224 101 30 HEKL
3457 1225 73 29 ARE
3556 1224 319 32 MANUFACTURED
3897 1225 38 29 IN
3959 1225 76 27 THK

2690 1269 250 30 CELEBRATED
3251 1266 131 27 BRAND
3403 1266 96 28 BOOT
3520 1266 175 30 FACTORY
3716 1266 48 27 BY

2655 1331 370 65 SARGOOD,
3072 1330 128 54 SON
3241 1329 46 53 &
3327 1327 243 65 EWEN,
3622 1355 190 31 dunedw.

2427 1406 174 20 WHOLESALE
2628 1402 85 22 ONLY.

2973 1471 183 53 BUY
3255 1468 233 55 ONLY

2490 1945 94 29 BEST
2622 1943 132 29 VALUE

3735 1936 73 30 FOR
3847 1937 113 28 WEAR

2543 2155 163 31 MARKET'

2452 2320 48 29 TO
2540 2318 47 28 BE
2627 2319 82 28 HAD
2748 2317 92 30 FROM-

3098 2199 284 26 REGISTERED.

2785 2395 140 39 Johns
2970 2402 85 30 and
3103 2392 215 46 M'Combe,
3363 2397 168 33 millers
3574 2397 101 31 flat.

3748 2148 185 30 COMFORT.

3043 2480 65 28 And
3132 2488 50 20 all
3208 2479 216 29 Storekeepers.

3217 2592 75 30 FOR
3330 2591 117 29 SALE!

3591 2589 74 30 FOR
3703 2589 114 28 SALE!

3040 2674 216 31 STAUNCH
3288 2674 91 30 AND
3416 2672 251 31 HANDSOME
3704 2670 374 30 THOROUGHBRED

3414 2826 143 31 Produced
3582 2826 37 38 by

3123 2880 161 29 YANKEE
3304 2878 239 30 ENTERPRISE
3563 2876 76 30 OUT
3658 2875 49 30 OF
3729 2873 183 30 AMERICA.

3222 2920 47 40 Up
3281 2923 29 27 to
3324 2931 54 28 any
3391 2920 111 38 weight,
3516 2918 55 29 and
3584 2917 99 30 carries
3695 2927 16 18 a
3725 2914 87 39 Lady.

3032 2972 174 31 Guaranteed
3217 2972 168 40 thoroughly
3394 2971 87 30 sound
3493 2970 55 30 and
3558 2970 83 39 quiet.
3683 2967 62 30 Will
3754 2977 63 29 pass
3827 2967 116 29 traction
3953 2965 139 47 engines,.

2957 3017 93 33 trams,
3065 3014 95 36 trains,
3175 3017 170 31 motor-cars,
3360 3012 98 29 forked
3472 3011 152 39 lightning,
3637 3019 31 19 or
3685 3008 138 39 anything
3845 3007 64 37 else,
3929 3007 113 38 barring
4060 3015 16 18 a

2956 3055 64 37 lady
3035 3055 130 28 mounted
3178 3065 35 18 on
3227 3054 116 29 another
3366 3053 164 28 Newhaven
3551 3052 125 28 Bicycle.

3031 3134 181 29 FARMERS
3227 3134 143 39 requiring
3383 3132 84 30 Grain
3477 3132 95 35 Drills,
3584 3130 102 38 Turnip
3700 3128 54 30 and
3767 3130 114 29 Manure
3890 3128 92 35 Drills,
3995 3126 60 30 Com-

2958 3175 81 30 bined
3054 3175 93 37 Drills,
3161 3175 66 29 Disc
3241 3178 140 32 liarrows,
3396 3173 130 39 Ploughs,
3543 3172 70 30 Seed
3628 3171 135 36 Cleaners,
3776 3182 30 18 or
3818 3181 53 26 any
3884 3170 78 29 other
3975 3167 116 40 Imple-.

2957 3221 89 24 rnents
3060 3227 31 18 or
3106 3217 139 28 Machines
3260 3215 97 29 should
3368 3214 67 29 send
3449 3215 43 28 for
3505 3225 50 18 our
3567 3212 151 36 catalogue.

2981 3255 57 22 THE
3052 3255 145 22 COLONIAL
3211 3255 149 22 COMBINED
3379 3254 100 22 DRILLS
3493 3254 61 21 AND
3568 3253 62 21 DISC
3643 3251 144 22 HARROWS
3801 3250 57 23 ARE
3872 3250 56 22 THE
3945 3248 63 22 BEST
4022 3247 45 28 IN,

3407 3281 57 22 THE
3484 3280 126 22 MARKET.

3048 3354 308 60 Morrow,
3425 3351 259 52 Batraett
3754 3347 50 53 &
3865 3349 122 64 Co,,

3208 3429 181 30 DUNKDLN
3425 3438 55 19 and
3519 3424 309 35 CHRISTCHURCH,

3272 3481 63 30 Sole
3349 3482 107 35 Agents
3470 3480 28 29 in
3512 3479 68 29 New
3593 3476 119 31 Zealand
3726 3476 43 29 for

3086 3523 78 28 THE
3183 3521 220 30 M'CORMICK
3423 3517 249 32 HARVESTING
3692 3513 182 33 MACHINES
3894 3514 55 30 CO.

3006 3609 388 59 COSSENS
3460 3605 172 59 AND
3697 3601 332 66 BLACK,

3083 3697 233 37 ENGINEERS,
3335 3694 283 35 BLACKSMITHS,
3639 3691 277 32 MILLWRIGHTS
3939 3690 24 30 &

3366 3735 311 37 IRONFOUNDERS,

3232 3788 362 26 CRAWFORD-STREET,
3634 3786 172 23 DUNEDIN.

3272 3855 383 32 —MANUFACTQRERS
3687 3854 85 29 OF

2959 3903 141 38 Pumping
3114 3901 54 28 and
3190 3897 136 40 Winding
3346 3897 170 39 Machinery,
3540 3894 230 31 HYDRAULIC
3792 3891 145 32 MINING
3958 3890 137 34 PLANT;.

3029 3942 156 39 (including
3201 3939 151 39 Hydraulic
3366 3938 120 37 Giants),
3501 3937 90 28 Sluice
3605 3936 110 35 Valves,
3729 3934 128 29 Elevator
3875 3932 138 38 Castings,

3264 3979 66 28 Iron
3344 3979 54 28 and
3413 3977 76 30 Steel
3503 3977 140 38 Fluming,
3655 3975 60 36 &c,
3729 3974 49 29 &c.

3070 4032 156 32 DREDGE
3251 4030 216 34 TUMBLERS,
3488 4027 184 36 BUCKETS,
3692 4024 126 37 LINKS,
3839 4024 60 35 Ac.,
3919 4023 48 31 &c.

2962 4074 205 35 Waterwheels,
3178 4071 145 35 Turbines,
3337 4070 84 29 Brick
3434 4070 55 28 and
3502 4070 86 28 Drain
3603 4068 67 38 Pipe
3684 4066 117 38 Making
3811 4064 54 30 and
3875 4064 91 29 Wood
3977 4063 115 36 Work-.

3042 4117 48 38 ing
3105 4114 170 38 Machinery.
3316 4111 90 30 Horse
3419 4111 119 36 Powers,
3552 4109 192 34 Chaffcutters,
3758 4105 102 40 Turnip
3879 4104 125 40 Pulpers,

3208 4155 53 28 and
3275 4153 35 29 all
3324 4153 82 28 kinds
3419 4153 29 28 of
3460 4151 160 37 Machinery
3632 4150 54 28 and
3700 4148 127 36 Gearing.

3075 4236 19 20 A
3120 4234 78 21 VERY
3226 4233 95 21 LARGE
3347 4231 87 22 STOCK
3460 4231 36 21 OF
3522 4228 142 22 PATTERNS
3689 4227 34 21 TO
3748 4226 102 21 SELECT
3877 4224 86 23 FROM.

2958 4301 213 33 ESTIMATES
3193 4300 130 30 GIVEN.

3491 4292 352 35 CORRESPONDENCE
3865 4292 214 31 SOLICITED,

2975 4384 115 39 Repairs
3103 4383 54 29 and
3173 4391 80 28 every
3267 4379 164 38 description
3446 4377 30 28 of
3488 4376 187 37 Engineering
3687 4374 54 27 and
3759 4372 192 29 Blacksmith's
3966 4372 87 28 Work

3357 4417 142 37 Promptly
3520 4414 146 31 Executed.

3158 4510 103 36 GROWN
3290 4510 37 35 ON
3358 4509 61 35 THE
3450 4508 87 34 HILLS
3565 4507 34 35 OF
3628 4505 102 35 SUNNY
3758 4505 124 36 CEYLON.

3458 4771 128 30 >KO#rE

3407 4891 58 38 IRE
3487 4890 192 39 BLENDED

3407 4948 273 44 GROWNCEYL

3004 5049 46 53 KI
3070 5056 63 35 THE
3148 5054 86 36 MOST
3246 5054 159 35 DELICIOUS
3420 5054 21 36 &
3457 5053 194 36 ECONOMICAL
3665 5051 61 38 TEA
3742 5054 28 36 IN
3785 5054 63 37 THE
3862 5055 113 38 WORLD.

3032 5132 28 46 p
3065 5175 14 3 -
3130 5115 363 84 Sconiar
3658 5126 173 71 ©©««
3889 5153 88 39 dp*

3889 5154 187 31 DUNEDIN.

3387 5219 89 30 Local
3498 5219 145 28 Agents—

2987 5276 36 29 D.
3042 5274 195 36 CORMACK,
3258 5273 171 39 Roxburgh;
3450 5272 124 30 JOHNS
3594 5272 24 29 &
3638 5272 184 40 M'COMBE,
3841 5276 108 31 Millers
3968 5277 71 30 Flat.

3029 5345 19 21 O
3074 5343 20 23 B
3123 5343 18 23 K
3169 5343 21 24 K
3218 5343 19 23 T
3302 5341 24 24 M
3328 5339 7 12 x
3365 5340 22 24 K
3420 5343 21 22 A
3472 5339 24 28 f.

2994 5408 123 25 General
3144 5407 103 25 Dkapeb
3264 5414 50 18 and
3326 5406 128 25 Cloihieh

3070 5458 61 24 Ross
3153 5459 69 23 Place
3244 5458 126 24 Lawrence

3014 5570 57 22 New
3090 5569 47 24 and
3155 5568 157 26 Fa&hionab'e
3337 5567 103 30 Drapery

2983 5609 79 33 Large
3074 5609 64 26 stock
3154 5607 78 31 Men's
3244 5609 47 24 and
3305 5608 60 31 \*o)&
3375 5607 69 25 Cloth
3473 5617 12 21 g

3015 5651 87 24 Ladies
3116 5651 48 23 atd
3175 5650 125 23 children*
3311 5649 130 31 requisite*.

2987 5707 74 25 Visits
3090 5707 132 31 Roxburgh
3265 5705 45 26 and
3346 5705 153 28 surroav-dirifr

2957 5743 102 23 districts
3072 5742 107 30 monthly

3528 5358 141 53 J£OZIE
3683 5358 85 32 TEA.
3806 5361 28 29 A
3845 5362 174 38 stimulating
4028 5362 53 28 and

3618 5400 155 40 sustaining
3785 5411 53 29 cup
3851 5402 29 29 in
3892 5412 121 21 summer
4029 5402 52 29 and

3528 5440 104 29 winter.
3671 5440 36 29 D.
3723 5440 142 38 Cormack,
3880 5443 103 38 Agent,
4006 5443 55 28 Rox-

3530 5481 98 35 burgh.
