4076 5966
730 2070 248 81 Lyell
1028 2070 297 81 Times.

731 2212 207 35 SATURDAY,
959 2216 205 29 FEBRUARY
1189 2219 40 31 13,
1250 2220 75 28 1836.

747 2299 57 28 The
916 2301 105 38 weekly
1041 2303 97 36 partial
1162 2304 126 38 cleaning
1309 2316 36 29 up

712 2341 27 23 at
752 2337 46 28 the
818 2339 97 35 Alpine
935 2339 106 36 battery
1062 2351 55 18 was
1141 2344 79 27 male
1243 2351 87 28 yester-

712 2375 63 35 day,
800 2376 78 27 when
903 2377 41 28 for
970 2379 33 28 7i
1028 2378 76 36 day's
1128 2381 139 36 crushing,
1298 2383 47 29 the

712 2414 94 36 plates,
831 2415 102 37 ripples
957 2417 55 28 aud
1050 2417 116 31 berdans
1197 2431 67 21 gave
1294 2425 51 27 412

711 2461 99 19 ounces
836 2456 25 24 ot
889 2456 143 31 .amalgam
1065 2457 69 27 from
1160 2460 50 27 237
1236 2464 58 23 tons-
1317 2463 29 26 of

712 2492 85 27 stone.
834 2491 173 39 Everything
1025 2499 28 25 at
1066 2494 46 30 the
1131 2496 75 29 mine
1219 2497 24 30 is
1262 2499 83 38 going

712 2538 34 19 on
761 2539 29 19 as
801 2531 87 27 usual.

747 2577 43 29 Mr
829 2579 92 28 Frank
954 2580 137 37 Courtney
1119 2593 158 21 announces
1316 2586 28 28 in

712 2616 115 28 another
839 2617 111 28 column
973 2619 43 27 his
1029 2620 137 29 intention
1185 2624 30 27 of
1226 2626 118 32 running

712 2663 15 17 a
740 2654 82 27 coach
837 2659 27 23 to
878 2656 139 36 Westport
1029 2657 41 28 for
1080 2658 46 28 the
1137 2669 84 25 nces,
1236 2661 108 37 leaving

711 2691 78 37 Lyell
802 2702 34 18 on
846 2693 153 38 Thursday,
1011 2696 63 28 19th
1088 2698 113 29 instant.
1239 2701 105 29 Return

711 2731 98 29 tickets
822 2732 54 29 will
891 2732 32 30 be
935 2734 92 30 issued
1040 2740 29 25 at
1081 2737 116 30 reduced
1211 2743 80 26 rates.

748 2780 43 27 Mr
811 2780 134 29 Douthett
964 2784 129 27 returned
1112 2784 37 36 by
1168 2786 84 27 coach
1275 2788 69 27 from

711 2816 102 28 Nelson
831 2826 34 18 on
888 2819 182 37 Wednesday,
1095 2822 114 28 informs
1234 2833 31 18 us
1284 2826 60 26 that

712 2853 42 29 his
768 2854 61 29 wife
842 2855 51 29 has
904 2857 157 35 undergone
1074 2869 16 18 a
1103 2861 88 28 clever
1201 2863 141 35 operation

712 2897 29 23 at
761 2892 47 28 the
832 2894 127 37 Hospital
983 2897 86 27 there.
1105 2899 58 27 The
1188 2901 155 32 gentlemen

712 2931 169 35 performing
893 2933 46 27 the
954 2936 138 33 operation
1107 2946 69 18 were
1191 2937 53 28 Drs
1267 2939 60 28 Cole-

712 2977 65 19 man
794 2969 69 32 .and
893 2971 130 33 Locking.
1067 2973 57 30 The
1155 2975 103 30 disease
1288 2987 56 19 was

712 3017 97 20 cancer
821 3009 53 29 and
888 3012 176 29 necessitated
1083 3014 47 29 the
1150 3017 133 35 complete
1304 3028 26 18 re-

712 3047 92 26 moval
812 3049 31 24 of
848 3049 45 26 the
901 3050 74 32 right
982 3051 98 31 breast,
1090 3053 54 25 and
1151 3054 46 26 the
1204 3058 140 29 operation

712 3091 56 18 was
781 3084 151 35 performed
954 3085 29 28 in
1003 3095 34 19 an
1061 3089 116 35 entirely
1199 3091 145 28 successful

712 3129 124 26 manner,
850 3132 29 19 so
893 3124 80 28 much
989 3134 28 19 so
1031 3124 60 31 that
1104 3127 22 29 it
1138 3127 23 30 is
1179 3128 165 37 anticipated

711 3160 61 27 that
787 3161 57 27 Mrs
858 3162 132 29 Douthett
1004 3164 54 28 will
1080 3165 32 28 be
1135 3165 162 38 discharged
1315 3170 28 26 in

710 3197 63 28 four
785 3198 97 28 weeks.

745 3245 59 28 The
816 3247 61 28 trial
890 3248 128 36 crushing
1031 3249 40 28 for
1091 3251 47 28 the
1159 3252 62 28 Bon
1240 3253 104 29 Accord

709 3292 56 19 was
785 3284 118 29 finished
924 3290 29 24 at
974 3287 46 28 the
1043 3289 107 28 Croesus
1176 3291 105 36 battery
1308 3303 35 17 on

712 3322 136 38 Saturday
862 3324 61 33 last,
935 3326 53 27 and
998 3327 118 28 resulted
1126 3329 28 27 in
1164 3331 64 27 9ozs
1239 3322 103 38 lddwts

711 3361 69 29 from
806 3362 52 30 five
883 3366 62 26 tons
969 3365 29 28 of
1026 3370 77 25 stone
1124 3371 68 26 treat
1209 3369 25 28 d.
1284 3371 57 28 The

710 3400 61 32 gold
787 3409 54 17 was
856 3402 100 26 melted
978 3407 27 22 at
1030 3404 44 26 the
1099 3406 130 27 National
1252 3408 90 31 Bank,

714 3435 122 35 Reefton,
849 3437 54 28 and
917 3447 66 25 gave
997 3440 63 28 9ozs
1072 3440 87 29 Bdwts
1246 3444 66 29 with
1324 3454 15 19 a

711 3474 79 27 value
815 3475 30 27 of
867 3477 38 27 £.3
931 3479 45 25 18s
1001 3479 34 26 81
1059 3488 48 25 per
1141 3490 94 18 ounce.
1284 3483 58 26 The

711 3511 189 29 shareholders
913 3513 86 29 desire
1014 3520 26 23 to
1055 3515 94 30 tender
1161 3518 71 28 their
1241 3519 100 29 thanks

711 3554 27 25 to
753 3550 45 30 the
813 3550 106 31 Mariua
932 3553 189 30 shareholders
1135 3557 41 29 for
1189 3558 46 28 the
1247 3569 48 18 use
1317 3560 29 28 of

712 3589 70 27 their
795 3590 156 35 appliances
964 3593 54 27 and
1041 3594 147 29 assistance
1211 3597 132 28 rendered

710 3626 29 28 in
752 3632 104 33 getting
878 3628 70 29 their
967 3636 77 24 stone
1066 3636 27 24 to
1111 3632 46 29 the
1182 3635 77 34 mill;
1282 3636 56 29 also

712 3671 26 22 to
754 3666 42 28 Mr
811 3667 98 29 Robert
921 3669 129 36 Hopkins
1064 3672 39 26 for
1113 3672 46 27 the
1169 3674 176 35 painstaking

711 3704 55 26 and
779 3706 131 28 attentive
923 3715 114 20 manner
1057 3708 29 28 in
1107 3710 88 28 which
1218 3710 35 29 he
1277 3721 47 19 con-

711 3741 97 31 ducted
845 3744 47 30 the
928 3746 139 35 crushing.
1135 3749 76 37 They
1246 3750 96 30 intend

712 3782 111 34 making
845 3792 15 18 a
883 3787 67 24 start
971 3785 184 38 immediately
1179 3794 28 22 to
1228 3793 46 32 get
1297 3794 47 24 out

710 3820 115 27 another
837 3821 138 37 crushing.

744 3867 57 28 The
815 3868 78 35 Lyell
909 3869 129 37 Hospital
1049 3871 163 30 Committee
1221 3875 123 29 received

710 3905 46 28 the
764 3906 137 34 following
909 3908 127 34 telegram
1048 3919 34 19 on
1092 3910 174 39 Wednesday
1274 3914 70 29 from

710 3943 33 28 R,
769 3944 38 29 H.
831 3945 109 34 Govett,
966 3947 76 37 Esq.,
1070 3949 143 38 Secretary
1237 3955 28 25 to
1297 3953 47 28 the

710 3982 121 28 Premier
843 3992 42 18 :

893 4022 175 36 Wellington,
1083 4025 64 28 Feb.
1161 4026 57 34 9th,
1233 4028 76 28 1886.

770 4058 25 30 J.
810 4059 80 33 Teck,
905 4060 75 37 Esq.,
996 4061 112 37 Lyell—

823 4098 117 28 Petition
965 4101 131 32 receiyed.
1145 4103 94 29 Please
1274 4108 68 26 state

710 4135 66 38 fully
811 4137 115 37 position
959 4138 30 29 of
1017 4129 146 49 Hospital/
1177 4141 36 39 by
1246 4143 96 37 letter;

709 4176 123 28 whether
855 4178 28 26 in
913 4178 144 35 existence,
1083 4190 30 18 or
1132 4183 71 35 /Only
1227 4184 30 27 in
1280 4194 47 17 con-

710 4214 169 37 templation,
895 4215 43 29 &e.
1114 4208 19 38 /

1042 4259 15 14 «'
1068 4255 83 30 R/H.

710 4290 56 27 The
787 4291 172 30 Committee,
985 4294 104 27 besides
1109 4296 165 35 forwarding
1295 4298 36 27 let-

710 4333 53 24 ters
776 4333 27 24 to
824 4328 103 38 private
950 4330 145 37 members,
1119 4333 35 38 by
1176 4334 166 41 Thursday's

710 4368 63 29 mail
798 4368 157 35 dispatched
980 4371 49 28 fall
1055 4375 160 32 particulars
1240 4380 27 22 to
1294 4376 46 28 the

710 4407 195 26 Government.

746 4455 47 26 We
807 4464 45 19 are
873 4455 28 27 in
915 4457 102 36 receipt
1036 4458 30 27 of
1083 4467 16 20 a
1120 4459 130 35 telegram
1272 4461 69 29 from

711 4492 44 29 Mr
768 4493 32 28 li.
816 4493 29 28 F.
863 4493 121 35 Mutlins,
1008 4496 94 29 Bailer
1122 4498 108 33 County
1254 4500 89 36 Clerk,

710 4532 151 36 conveying
873 4534 46 28 the
932 4534 177 31 information
1118 4537 61 30 that
1189 4538 42 29 Mr
1241 4539 100 29 Robert

710 4572 149 31 Adamsou,
873 4573 29 27 of
925 4573 142 36 Westport,
1091 4576 22 27 is
1132 4576 46 28 the
1199 4579 144 27 successful

711 4609 122 27 tenderer
857 4610 42 28 for
920 4612 156 37 concreting
1101 4614 77 35 Lyell
1202 4618 139 32 reservoir,

710 4647 47 28 the
777 4648 72 35 price
870 4648 78 35 being
972 4651 81 28 £256.
1103 4653 87 27 There
1211 4664 71 19 were
1308 4665 36 18 no

713 4686 106 28 tenders
831 4692 50 31 put
894 4687 26 28 in
936 4688 38 28 for
987 4688 130 39 lowering
1136 4692 65 28 Cliff
1211 4698 90 24 street.

745 4734 57 27 The
820 4735 77 34 Lyell
920 4735 128 35 Hospital
1070 4739 172 33 Committee,
1257 4741 86 28 desire

711 4781 31 19 us
767 4777 28 23 to
819 4776 70 25 state
915 4772 60 30 that
1000 4774 45 29 the
1071 4776 180 38 subscription
1282 4779 60 29 lists

711 4811 70 27 have
795 4817 48 23 not
854 4816 45 31 yet
912 4812 99 33 closed,
1024 4824 30 18 as
1067 4823 76 20 same
1157 4821 106 24 returns
1273 4819 68 28 have

712 4854 26 22 to
753 4857 75 20 come
842 4850 37 33 in,
894 4850 77 27 when
987 4851 45 29 the
1045 4862 96 19 names
1159 4854 29 28 of
1205 4855 37 28 all
1264 4856 77 29 those

711 4887 61 30 who
786 4887 69 31 have
872 4889 169 31 contributed
1059 4892 54 30 will
1136 4893 30 30 be
1188 4895 152 37 published.

711 4929 57 26 The
795 4929 137 34 following
957 4940 44 17 are
1027 4932 46 26 the
1098 4934 62 26 cash
1187 4940 107 22 returns
1316 4937 27 26 in

711 4965 74 29 hand
809 4976 35 18 on
869 4967 63 29 28th
966 4969 107 32 ultimo,
1099 4971 54 27 and
1177 4972 69 29 have
1272 4974 73 28 since

711 5003 67 30 been
793 5005 155 38 materially
961 5007 86 29 added
1062 5014 42 22 to:
1107 5026 34 3 —

1218 5050 21 29 £
1269 5051 26 28 d.
1321 5061 19 19 s.

710 5080 100 40 Alpine
823 5082 84 37 Mine,
924 5083 55 39 (Mr
989 5084 168 40 Conradsou)
1179 5106 6 5 -
1206 5090 33 28 37
1259 5091 33 28 10
1326 5093 18 27 0

711 5122 77 34 Lyell
1208 5130 34 26 20
1261 5131 32 25 15
1329 5132 16 26 C

713 5159 113 32 Newton
847 5160 70 36 Flat,
943 5163 111 38 (Messrs
1075 5164 114 31 Perkins

746 5202 51 28 and
816 5203 111 35 Neville)
1018 5223 6 3 -
1098 5223 7 4 -
1179 5224 7 5 ■
1209 5209 31 27 15
1277 5212 15 25 5
1329 5212 15 26 6

712 5240 70 27 Fern
801 5241 70 33 Flat,
887 5243 54 33 (Mr
954 5243 23 27 A
992 5243 113 35 Smith)-
1179 5249 113 26 -1218
1328 5250 16 25 6

712 5279 123 34 Concert,
849 5280 53 28 less
915 5290 130 28 expenses
1098 5300 8 5 -
1179 5286 59 27 -11
1261 5287 31 27 16
1328 5289 16 26 6

711 5318 172 33 Eight-mile,
900 5321 54 34 (Mr
968 5320 117 38 Ritchie)
1098 5339 6 4 -
1178 5325 62 26 -10
1275 5327 17 25 0
1327 5327 18 26 0

713 5356 76 32 Lyell
803 5357 85 29 Creek
932 5376 5 4 •
1018 5377 7 4 -
1099 5378 7 5 -
1179 5379 7 5 -
1225 5363 67 28 415
1328 5365 17 28 0

715 5395 90 28 Buller
821 5397 83 33 lioad,
917 5398 54 34 (Mr
979 5398 127 35 Junker)-
1180 5403 166 28 -400

1167 5479 36 27 i!
1203 5479 37 27 23
1277 5482 14 23 1
1327 5482 19 25 0

746 5517 58 29 The
818 5518 66 30 Rev.
895 5520 32 28 A.
941 5520 85 30 Innes
1046 5521 85 30 Jones
1153 5524 54 29 will
1231 5525 115 31 conduct

713 5558 97 28 Divine
826 5560 106 28 Service
946 5567 27 22 at
986 5562 79 35 Lyell
1087 5573 35 17 on
1145 5565 100 35 Friday
1266 5576 63 18 even-

711 5597 47 34 ing
771 5603 72 25 next,
859 5599 62 25 13th
935 5599 113 31 instant,
1062 5600 53 27 and
1129 5610 35 18 on
1178 5602 47 27 the
1242 5602 87 29 follow-

713 5635 45 35 ing
799 5635 112 39 Sunday
950 5637 137 39 morning,
1114 5642 29 28 at
1179 5640 47 31 the
1267 5642 79 30 usual

712 5675 91 28 hours.

748 5721 43 28 Mr
814 5722 75 27 John
913 5723 88 35 Kelly,
1023 5724 108 35 mining
1150 5735 131 27 manager
1305 5728 41 29 for

712 5759 45 29 the
772 5760 54 36 Tyr
838 5760 112 29 Conuell
964 5760 111 31 informs
1089 5772 30 19 us
1132 5764 61 29 that
1207 5765 45 28 the
1265 5772 78 23 stone

710 5800 28 26 in
755 5799 45 27 the
817 5807 44 29 top
886 5800 77 28 block
984 5802 22 26 is
1028 5802 109 36 looking
1159 5803 86 29 better
1264 5806 82 35 going

711 5837 89 27 south.

1412 206 45 27 Mr
1478 206 26 28 J.
1530 207 172 40 Gannaway,
1728 211 142 37 Inspector
1893 213 30 27 of
1944 213 50 28 tele-

1377 244 85 37 graph
1476 245 78 31 lines.
1570 247 111 31 Nelson,
1695 250 68 28 after
1776 250 113 38 making
1911 262 35 18 an
1968 253 26 26 in-

1376 284 117 33 spection
1518 284 29 28 of
1566 285 43 27 his
1629 285 113 32 district,
1768 290 96 36 passed
1890 290 116 34 through

1377 321 76 38 Lyell
1467 332 32 18 on
1515 322 143 41 Thursday
1674 326 178 31 northwards.
1890 329 44 29 He
1954 337 53 22 was

1377 362 191 36 accompanied
1598 363 35 36 by
1666 366 44 26 Mr
1746 367 93 33 Boers,
1876 368 130 34 lineman,

1377 400 111 27 Reefton
1503 401 108 26 station.

1410 455 27 30 It
1450 457 54 26 will
1517 457 32 28 be
1564 467 62 18 seen
1639 458 29 28 in
1685 460 114 28 another
1818 461 108 28 column
1947 462 60 30 that

1375 504 14 19 a
1408 495 125 28 valuable
1554 495 116 38 sluicing
1690 496 80 30 claim
1794 500 98 28 situate
1913 503 29 27 at
1962 500 44 30 the

1375 535 51 26 Old
1441 535 140 34 Diggings,
1597 535 92 28 Buller
1704 536 85 34 Road,
1802 547 66 18 near
1881 539 125 33 Berlin's,

1375 572 22 27 is
1410 572 41 27 for
1464 572 63 27 sale.
1565 572 61 28 The
1646 573 81 28 claim
1749 574 23 27 is
1791 575 108 29 worked
1912 576 37 36 by
1972 587 33 18 an

1375 610 132 29 excellent
1521 614 155 26 water-race
1689 614 128 35 carrying
1824 614 76 29 three
1913 615 92 33 heads,

1375 650 53 27 and
1458 650 23 27 is
1512 650 124 35 supplied
1669 651 68 27 from
1770 662 15 17 a
1817 653 188 34 never-failing

1375 696 102 20 source.
1523 681 57 35 The
1611 688 55 28 sale
1696 688 121 29 includes
1847 690 46 28 the
1920 692 85 28 entire

1375 726 85 37 plant,
1484 726 59 35 hut,
1565 726 78 35 tools,
1663 727 55 34 &c,
1740 728 54 28 and
1817 728 106 30 further
1947 740 43 28 par-

1375 766 109 27 ticulars
1507 776 50 17 can
1584 766 31 28 be
1639 766 127 29 obtained
1796 768 70 28 from
1893 769 44 27 Mr
1962 770 40 28 W.

1375 803 112 33 Hat.na,
1500 804 108 28 carrier.

1410 864 57 28 Mrs
1480 864 170 35 O'Loughlin
1665 865 30 27 of
1710 865 69 28 Fern
1800 866 71 32 Flat,
1885 867 117 32 intends,

1375 901 26 29 in
1416 902 82 28 about
1519 902 75 28 three
1616 902 98 29 week's
1737 904 75 32 time,
1836 904 118 38 opening
1967 916 34 18 an

1375 941 235 28 accommodation
1624 941 83 28 house
1721 946 29 24 at
1768 942 46 28 the
1827 943 84 29 Owen
1926 946 76 27 reefs.

1375 980 56 27 The
1457 984 71 22 want
1548 980 30 27 of
1596 989 15 17 a
1631 980 85 28 house
1738 981 30 27 of
1790 981 55 27 this
1865 982 69 28 class
1954 984 49 27 has

1375 1017 118 38 recently
1505 1017 68 29 been
1587 1018 45 28 felt
1646 1023 28 24 at
1684 1020 82 28 Owen
1777 1020 28 28 in
1816 1029 184 29 consequence

1375 1058 29 25 of
1422 1057 45 27 the
1492 1057 73 32 large
1590 1059 115 26 number
1723 1059 30 26 of
1774 1059 95 34 people
1894 1060 109 34 visiting

1375 1094 45 28 the
1434 1094 75 34 reefs,
1523 1094 53 28 and
1591 1095 57 27 Mrs
1661 1095 196 34 O'Loughlin's
1876 1106 108 25 manage-

1375 1139 75 22 ment
1471 1134 30 27 of
1518 1134 47 28 the
1588 1133 73 28 hotel
1685 1144 34 17 on
1733 1135 70 28 Fern
1824 1135 62 28 Flat
1899 1137 40 26 for
1957 1138 45 27 the

1375 1175 59 30 past
1444 1171 76 28 three
1528 1181 80 24 years
1618 1172 96 28 should
1723 1173 110 35 provide
1842 1183 15 17 a
1866 1173 134 29 sufficient

1374 1213 147 30 guarantee
1541 1210 61 28 that
1625 1210 47 28 the
1697 1216 88 23 wants
1808 1211 31 28 of
1860 1212 140 29 travellers

1375 1248 109 36 visiting
1497 1248 82 28 Owen
1593 1248 56 28 will
1662 1249 32 28 be
1709 1250 59 28 well
1782 1250 130 29 attended
1925 1255 36 24 to.

1408 1303 180 28 Information
1599 1306 153 34 respecting
1761 1306 45 26 the
1818 1306 185 28 whereabouts

1373 1340 54 29 and
1452 1342 159 37 occupation
1636 1343 28 29 of
1688 1342 46 30 the
1759 1342 242 32 undermentioned

1373 1391 95 25 person
1483 1382 23 28 is
1518 1382 109 28 wanted
1640 1382 36 32 by
1689 1383 46 29 the
1755 1384 140 36 Secretary
1913 1385 31 28 of
1959 1385 44 28 the

1373 1420 117 25 General
1504 1421 64 25 Post
1582 1421 83 26 Office
1676 1421 68 26 :—J.
1765 1422 31 26 A.
1817 1422 98 26 Crofts.
1952 1423 51 26 His

1373 1456 61 29 wife
1460 1456 120 38 inquires
1605 1458 69 29 from
1697 1459 89 29 Grove
1813 1460 67 34 Hill,
1906 1460 77 30 Wood-

1373 1496 67 32 ford,
1462 1497 136 34 England.
1636 1499 54 27 She
1707 1499 54 28 last
1781 1500 143 28 addressed
1946 1501 55 27 him

1373 1539 28 24 at
1415 1535 176 35 Wellington,
1605 1536 83 29 about
1704 1537 93 28 March
1809 1537 62 30 last.

1406 1591 58 28 The
1488 1595 166 25 contractors
1677 1593 28 28 in
1732 1593 46 28 the
1804 1594 103 28 United
1932 1595 71 36 Italy

1372 1629 125 29 resumed
1511 1630 154 36 operations
1678 1631 52 30 last
1744 1632 130 37 Monday,
1888 1633 54 29 and
1959 1644 44 18 are

1373 1668 112 35 making
1509 1669 70 33 good
1603 1679 123 26 progress
1754 1671 109 36 sinking
1892 1681 36 18 on
1959 1673 44 27 the

1372 1708 64 24 reet.

1406 1762 125 29 Another
1549 1762 122 30 instance
1693 1764 30 28 of
1738 1765 46 28 the
1806 1765 154 34 advantage
1979 1767 29 28 of

1374 1800 102 35 having
1496 1810 15 18 a
1532 1802 116 27 medical
1668 1803 156 33 gentleman
1850 1814 101 25 among
1975 1814 30 19 us

1373 1840 128 28 occurred
1531 1840 55 29 this
1616 1842 83 28 week.
1736 1843 23 27 A
1787 1844 89 28 miner
1905 1845 98 28 named

1373 1877 72 28 John
1462 1880 186 32 M'Williams,
1661 1882 144 31 returning
1815 1882 80 27 home
1911 1883 63 26 with
1989 1893 14 17 a

1372 1915 85 28 bottle
1469 1915 108 29 lantern
1601 1916 113 37 slipped,
1733 1918 54 28 and
1801 1920 28 26 in
1852 1918 97 35 falling
1961 1920 42 28 his

1373 1963 60 19 arm
1458 1964 77 20 came
1561 1955 28 29 in
1613 1960 108 26 contact
1742 1958 65 28 with
1834 1957 45 29 the
1903 1958 102 29 broken

1373 1993 71 33 glass
1469 1994 114 33 causing
1613 2003 15 18 a
1658 2003 66 28 very
1754 2005 91 18 severe
1873 1997 131 27 contused

1373 2031 98 29 wound
1504 2031 53 30 and
1588 2033 102 30 serious
1720 2033 147 31 laceration
1900 2039 28 25 to
1959 2035 46 31 the

1373 2071 119 27 muscles
1505 2073 29 24 of
1544 2072 46 27 the
1603 2082 68 17 arm.
1709 2074 64 25 Had
1785 2078 49 22 not
1851 2075 41 26 Dr
1905 2075 100 27 Levien

1373 2107 67 29 been
1453 2108 64 29 here
1530 2109 46 28 the
1592 2111 106 35 patient
1710 2111 88 29 would
1819 2111 187 38 undoubtedly

1372 2147 70 28 have
1455 2148 16 27 b
1489 2158 34 17 en
1536 2154 49 30 put
1598 2153 27 23 to
1639 2149 46 28 the
1698 2160 116 23 expense
1830 2151 31 28 of
1872 2161 16 18 a
1901 2152 63 28 visit
1976 2156 28 24 to

1373 2185 87 28 either
1473 2186 113 28 Reefton
1600 2196 31 19 or
1643 2188 146 35 Westport.

1407 2242 191 29 Considerable
1624 2250 172 23 amusement
1821 2256 57 17 was
1908 2247 97 28 caused

1372 2280 144 35 yesterday
1530 2282 116 30 evening
1665 2282 36 35 by
1720 2283 46 27 the
1789 2292 168 27 appearance
1979 2285 29 26 of

1373 2327 15 18 a
1434 2317 94 38 Cheap
1540 2318 75 29 John
1663 2320 111 34 vendor,
1785 2321 62 29 who
1867 2322 139 36 displayed

1373 2356 54 26 and
1448 2357 58 26 sold
1526 2367 16 16 a
1566 2358 92 26 varied
1684 2363 164 23 assortment
1873 2361 30 26 of
1924 2361 81 36 fancy

1373 2393 83 36 goods
1478 2398 29 25 at
1528 2395 86 38 prices
1633 2397 116 36 ranging
1770 2397 71 30 from
1865 2408 16 20 a
1894 2398 113 38 shilling

1373 2433 134 35 upwards.
1544 2435 45 27 He
1602 2436 55 27 will
1674 2437 128 27 continue
1816 2438 42 26 his
1874 2438 56 27 sale
1952 2439 54 26 this

1373 2470 125 36 evening.

1407 2528 61 28 The
1493 2530 78 27 usual
1596 2530 108 33 sittings
1732 2530 30 28 of
1792 2531 47 29 the
1874 2532 131 30 Resident

1375 2566 181 36 Magistrate's
1580 2569 54 28 and
1661 2569 142 29 Warden's
1828 2570 98 30 Courts
1951 2571 54 29 will

1372 2605 62 28 take
1448 2605 77 36 place
1537 2616 35 18 on
1587 2607 172 37 Wednesday
1773 2613 73 29 next,
1868 2609 46 28 the
1941 2610 64 28 17th

1371 2644 114 26 instant.
1534 2645 58 26 The
1624 2645 124 28 business
1784 2651 41 23 set
1856 2647 81 28 down
1965 2647 41 28 for

1372 2679 114 38 hearing
1496 2685 29 25 at
1537 2687 109 32 present
1659 2682 23 29 is
1694 2683 199 38 unimportant.

1406 2738 35 29 In
1455 2748 50 20 our
1517 2741 167 35 advertising
1704 2742 125 29 columns
1852 2743 44 28 Mr
1910 2744 95 37 Henry

1374 2777 104 33 Young,
1488 2778 83 36 lately
1579 2779 70 27 from
1658 2781 181 34 Greymouth,
1848 2791 158 18 announces

1371 2814 42 27 his
1427 2815 134 27 intention
1575 2821 28 23 to
1615 2826 70 26 open
1700 2827 16 17 a
1737 2818 109 36 Bakery
1865 2819 30 27 in
1916 2819 87 36 Lyell,

1373 2852 96 37 selling
1490 2852 46 29 the
1557 2854 44 28 41b
1623 2854 58 29 loaf
1700 2858 29 26 at
1752 2856 160 36 ninepence.
1962 2858 43 27 He

1371 2891 56 27 will
1439 2891 58 27 also
1511 2892 189 29 manufacture
1713 2903 17 18 a
1742 2895 104 34 weekly
1859 2896 99 35 supply
1979 2896 29 27 of

1371 2930 80 33 fancy
1475 2929 92 35 goods,
1582 2931 44 27 &c.
1662 2931 59 27 The
1772 2932 66 28 staff
1847 2933 30 27 of
1886 2934 45 26 life
1977 2938 29 22 at

1371 2965 47 29 the
1440 2972 109 32 present
1568 2968 66 29 time
1654 2969 24 28 is
1699 2979 51 19 one
1769 2970 119 39 shilling,
1903 2971 55 28 and
1970 2981 36 19 no

1371 3005 85 30 doubt
1481 3007 47 29 the
1552 3007 101 30 advent
1678 3009 30 29 of
1728 3010 47 28 the
1805 3011 45 27 All
1881 3011 125 29 Nation's

1372 3045 109 35 Bakery
1494 3046 54 26 will
1563 3047 32 26 be
1608 3047 90 26 hailed
1711 3049 65 25 with
1791 3049 111 31 delight.

1399 3141 286 41 MINING
1755 3145 222 40 NEWS.

1460 3261 85 33 (from
1559 3269 56 20 our
1627 3270 104 20 mining
1746 3271 166 28 reporter.;

1545 3366 164 30 MANUKA
1730 3368 104 29 FLAT.

1646 3422 117 32 Friday,
1778 3423 140 37 February
1932 3425 41 27 12.

1406 3472 67 27 This
1486 3474 159 34 company's
1658 3473 97 28 tunnel
1775 3475 24 26 is
1820 3484 63 18 now
1902 3476 29 26 in
1956 3478 51 26 300

1372 3516 62 35 feet,
1449 3517 46 29 the
1508 3518 53 28 last
1574 3519 50 27 150
1637 3518 53 30 feet
1702 3518 49 29 has
1764 3520 68 29 been
1855 3520 96 31 driven
1975 3523 28 28 in

1373 3566 45 29 the
1432 3567 69 27 solid
1520 3567 72 28 rock.
1636 3568 58 28 The
1715 3570 93 34 gravel
1828 3570 23 28 is
1873 3574 53 24 two
1951 3570 53 30 feet

1371 3612 85 29 above
1478 3613 46 28 the
1545 3614 63 28 roof
1625 3614 31 28 of
1672 3614 46 29 the
1738 3615 105 35 tunnel,
1867 3616 89 29 which
1978 3618 24 28 is

1372 3661 112 36 dipping
1507 3662 143 35 gradually
1674 3663 30 27 in
1728 3664 119 28 towards
1872 3665 46 28 the
1942 3665 58 30 flat.

1371 3708 85 28 From
1483 3708 47 28 the
1560 3711 109 34 present
1698 3718 168 29 appearance
1897 3711 29 29 of
1956 3712 48 30 the

1371 3761 115 32 country
1498 3757 80 36 being
1590 3768 70 24 gone
1673 3758 118 37 through
1805 3762 21 26 it
1841 3762 90 27 would
1940 3762 64 28 bad

1372 3807 27 26 to
1413 3803 45 30 the
1471 3804 169 38 supposition
1664 3805 62 29 that
1744 3815 36 19 an
1800 3807 45 28 old
1866 3808 137 29 river-bed

1371 3852 147 28 formation
1537 3861 57 19 was
1617 3852 83 38 being
1721 3854 111 28 entered
1848 3864 85 26 upon,
1953 3856 55 27 and

1371 3898 77 29 there
1461 3908 51 19 can
1525 3899 32 28 be
1568 3901 210 29 treasonable
1791 3901 85 30 doubt
1892 3903 61 29 that
1975 3904 29 28 in

1371 3946 37 37 by
1429 3956 69 28 gone
1520 3956 64 27 ages
1606 3948 46 28 the
1676 3949 95 28 Buller
1794 3950 73 29 river
1891 3950 53 29 had
1970 3952 35 29 its

1371 4004 93 18 course
1477 3995 167 28 somewhere
1658 3997 28 26 in
1700 3996 45 28 the
1759 3997 113 36 vicinity
1885 3998 33 27 of
1928 3999 77 27 these

1371 4041 145 36 workings.
1552 4042 58 29 The
1623 4052 140 28 manager,
1785 4045 44 28 Mr
1848 4045 82 37 Bray,
1954 4046 51 29 has

1371 4098 36 19 on
1419 4099 85 26 many
1517 4090 139 28 occasions
1670 4091 121 36 recently
1811 4092 111 29 washed
1943 4103 45 27 pro-

1371 4140 88 36 spects
1471 4136 71 31 from
1555 4137 47 31 the
1618 4138 101 38 gravel,
1742 4139 54 31 and
1815 4139 30 31 in
1868 4151 81 28 every
1968 4142 26 29 in-

1371 4190 93 24 stance
1491 4187 51 27 has
1576 4187 69 28 been
1676 4188 115 28 enabled
1826 4193 28 24 to
1884 4193 45 31 get
1959 4190 46 28 the

1371 4236 74 28 color
1462 4235 54 29 and
1531 4237 157 28 sometimes
1706 4245 86 20 more.
1828 4237 177 36 Permeating

1371 4283 118 34 through
1504 4283 54 27 this
1569 4283 92 35 gravel
1671 4283 23 27 is
1706 4292 16 18 a
1735 4283 73 34 largo
1831 4285 128 34 quantity
1980 4286 30 25 of

1370 4328 90 39 heavy
1480 4328 80 31 black
1584 4328 77 36 sand,
1693 4328 55 31 and
1770 4339 35 21 no
1829 4330 92 32 doubt,
1937 4331 70 31 from

1371 4379 54 27 this
1445 4379 106 35 deposit
1567 4379 47 28 the
1634 4379 63 35 gold
1717 4388 101 24 comes,
1841 4385 28 22 at
1891 4386 115 30 anyrate

1370 4426 22 29 it
1411 4426 23 29 is
1455 4435 16 20 a
1490 4426 175 30 well-known
1687 4426 55 30 fact
1766 4431 28 25 to
1822 4428 102 29 miners
1948 4428 60 31 that

1371 4474 78 28 black
1462 4475 69 28 sand
1543 4475 104 28 follows
1660 4485 30 18 or
1702 4475 23 28 is
1738 4479 27 24 to
1778 4476 33 28 be
1824 4476 85 29 found
1921 4477 30 29 in
1960 4478 45 28 the

1372 4522 111 37 vicinity
1497 4522 29 29 of
1534 4522 69 34 good
1617 4523 112 30 alluvial
1742 4525 115 33 ground.

1404 4570 68 28 This
1495 4570 183 37 undertaking
1698 4571 22 28 is
1747 4572 188 37 undoubtedly
1956 4584 51 19 one

1371 4617 142 36 deserving
1525 4628 80 26 every
1619 4624 231 28 encouragement
1869 4621 54 28 and
1944 4631 46 28 sup-

1373 4669 67 32 port,
1454 4670 50 24 not
1515 4666 77 28 alone
1606 4666 68 28 from
1690 4666 76 30 those
1780 4667 28 29 in
1822 4668 46 28 the
1890 4668 113 37 district,

1371 4712 48 29 but
1443 4713 57 28 also
1525 4713 71 28 from
1620 4714 91 35 public
1744 4714 93 29 bodies
1867 4717 55 27 and
1958 4718 45 28 the

1372 4760 195 28 Government.
1604 4760 34 29 In
1651 4760 131 37 referring
1796 4765 26 26 to
1836 4762 53 30 this
1899 4764 109 37 portion

1372 4808 31 27 of
1413 4809 47 27 the
1475 4809 102 35 subject
1591 4819 40 18 we
1644 4819 45 18 are
1709 4810 87 28 under
1815 4811 46 28 the
1881 4812 109 36 impress-

1371 4865 46 19 ion
1432 4856 59 28 that
1504 4859 27 25 at
1545 4856 46 28 the
1604 4856 138 29 initiation
1755 4857 30 28 of
1793 4858 45 28 the
1851 4860 102 38 project
1961 4861 45 30 the

1373 4905 93 29 Buller
1490 4906 111 37 County
1625 4906 113 30 Council
1768 4907 115 38 pledged
1915 4910 70 29 them-

1372 4952 86 29 selves
1478 4955 28 26 to
1527 4953 153 28 contribute
1702 4955 30 26 5s
1754 4953 41 28 for
1815 4964 82 28 every
1920 4957 36 28 £1
1979 4958 29 28 of

1373 5000 96 37 capital
1482 5000 88 29 raised
1584 5010 36 27 up
1634 5004 28 25 to
1676 5001 99 34 £IOOO,
1788 5001 49 30 but
1852 5012 36 27 up
1911 5007 27 25 to
1959 5005 46 30 the

1373 5050 109 33 present
1493 5047 67 28 time
1573 5047 62 29 that
1643 5049 118 35 promise
1771 5049 50 28 has
1831 5054 48 24 not
1890 5050 66 29 been
1966 5061 26 20 re-

1373 5095 122 35 deemed,
1506 5096 90 28 which
1607 5106 112 26 causesg
1728 5101 59 25 reat
1796 5098 209 31 dissatisfaction

1373 5147 126 34 amongst
1522 5143 196 30 shareholders.
1763 5145 67 29 This
1855 5147 90 29 action
1968 5157 34 21 on

1374 5192 45 29 the
1432 5196 60 34 part
1505 5193 31 28 of
1546 5193 45 29 the
1604 5193 110 36 County
1734 5193 113 31 Council
1867 5197 57 28 also
1945 5207 45 27 pro-

1374 5232 75 26 vides
1462 5242 34 17 an
1510 5242 97 17 excuse
1620 5232 40 27 for
1675 5232 46 27 the
1742 5234 118 27 General
1881 5235 103 28 Govern-

1375 5273 74 25 ment
1462 5269 162 34 witholding
1641 5269 71 29 their
1720 5271 118 36 promise
1848 5272 31 28 of
1885 5278 121 32 support,

1373 5308 54 28 and
1438 5313 21 23 it
1477 5319 54 17 was
1545 5310 105 33 mainly
1663 5319 35 17 on
1721 5310 75 28 the.se
1817 5311 190 29 inducements

1374 5347 63 28 held
1451 5350 47 26 out
1510 5347 29 28 in
1552 5347 46 28 the
1611 5346 149 37 beginning
1775 5347 61 31 that
1856 5350 46 28 the
1924 5350 60 30 Com-

1375 5396 71 25 pany
1459 5386 152 28 undertook
1624 5387 46 27 the
1683 5387 84 27 work.
1804 5388 96 35 Owing
1914 5393 26 24 to
1949 5390 56 28 this

1374 5425 88 27 action
1483 5424 46 29 the
1563 5433 144 28 company,
1732 5425 91 28 which
1848 5427 23 27 is
1903 5428 103 38 manily

1374 5463 105 28 formed
1500 5463 36 35 by
1556 5463 123 33 working
1699 5474 72 20 men,
1795 5475 44 17 are
1860 5467 99 27 unable
1980 5470 26 26 to

1373 5507 142 29 prosecute
1529 5501 46 28 the
1588 5501 74 27 work
1675 5501 27 27 in
1716 5501 59 28 that
1789 5502 126 33 vigorous
1928 5514 57 18 man-

1373 5549 49 20 ner
1434 5539 89 30 which
1545 5540 23 29 is
1589 5540 78 29 alone
1688 5541 127 29 essential
1836 5546 26 25 to
1885 5553 121 27 success;

1374 5578 60 28 that
1453 5580 23 25 is
1497 5583 27 23 to
1545 5589 58 25 say,
1624 5580 106 26 instead
1752 5581 30 25 of
1799 5581 80 32 being
1907 5583 28 25 in
1961 5583 45 28 the

1373 5616 117 37 position
1504 5619 27 26 to
1540 5616 108 38 employ
1657 5618 40 29 six
1705 5627 72 24 men,
1788 5618 90 30 which
1892 5620 114 30 number

1373 5657 80 28 could
1467 5657 72 29 work
1552 5661 28 25 to
1593 5658 161 33 advantage,
1776 5660 65 35 they
1864 5669 44 18 are
1932 5670 54 19 com-

1374 5696 88 34 pelled
1477 5700 27 22 to
1517 5696 34 27 do
1566 5696 45 27 the
1625 5696 58 27 best
1695 5696 66 36 they
1783 5706 49 18 can
1855 5698 65 28 with
1942 5703 63 28 two,

1373 5733 54 26 and
1441 5733 65 35 they
1519 5734 140 35 experiene
1672 5743 75 18 some
1762 5733 133 33 difficulty
1908 5740 27 24 at
1959 5737 45 28 the

1373 5770 52 29 end
1444 5771 31 28 of
1493 5772 66 27 each
1579 5772 96 28 month
1697 5775 27 26 to
1745 5772 57 29 find
1825 5774 134 29 sufficient
1978 5780 27 24 to

1373 5818 54 26 pay
1451 5808 84 29 them,
1561 5809 54 28 and
1638 5815 71 22 meet
1733 5811 77 28 other
1833 5822 130 26 expenses
1977 5814 26 29 in

1372 5848 162 27 connection
1549 5848 65 28 with
1627 5859 14 17 a
1657 5848 71 28 work
1741 5849 28 27 of
1780 5849 53 27 this
1847 5850 74 26 kind.

2174 215 77 29 THE
2272 216 110 29 OWEN
2404 216 86 30 REEF
2490 216 44 30 3.

2083 307 44 40 [by
2155 319 55 20 our
2238 319 111 21 special
2377 307 256 42 correspondent.l

2076 367 65 28 This
2164 368 62 27 field
2248 369 22 26 is
2292 370 117 27 situated
2431 370 81 28 abaat
2537 372 33 26 33
2596 372 77 27 miles

2041 411 70 30 from
2134 414 87 36 Lyell,
2242 415 53 28 and
2310 415 139 28 embraces
2467 426 35 17 an
2522 415 150 32 auriferous

2041 460 54 28 belt
2108 460 30 28 of
2147 467 114 32 country
2275 462 82 29 about
2370 468 53 22 two
2534 465 27 27 in
2577 465 84 30 width

2040 507 54 28 and
2116 505 111 33 extends
2248 509 68 29 from
2341 509 97 29 Mount
2465 511 83 28 Owen
2572 514 27 26 to
2626 512 45 30 tbe

2037 554 124 35 junction
2184 556 29 27 of
2223 556 45 27 the
2282 558 83 25 Owen
2387 556 53 28 and
2462 557 94 28 Bailer
2577 560 93 26 rivers.

2039 601 67 30 This
2130 608 115 31 country
2269 612 56 19 was
2351 603 99 29 known
2482 609 27 25 to
2535 606 32 30 be
2598 606 73 37 gold*

2040 648 110 37 bearing
2169 651 41 27 for
2229 651 46 27 the
2289 652 51 26 last
2362 652 92 27 fifteen
2473 663 89 24 years,
2577 653 49 29 but
2640 665 29 17 as

2039 696 46 29 the
2115 697 55 28 line
2194 697 30 28 of
2250 698 57 27 reef
2335 707 55 19 was
2414 700 135 37 supposed
2581 707 27 22 to
2638 702 33 27 bj

2038 744 128 29 identical
2181 746 64 28 with
2260 746 46 29 the
2318 747 170 36 Wangapiki
2500 749 67 28 little
2581 749 87 29 notice

2039 800 54 19 was
2107 792 91 33 taken,
2218 792 52 28 aud
2293 802 15 18 a
2328 802 66 27 very
2412 803 12 18 s
2436 803 19 18 11
2464 794 28 27 ill
2512 801 115 23 amount
2640 796 30 28 of

2039 841 171 37 prospecting
2231 841 103 29 carried
2354 852 37 18 on
2410 851 16 21 u
2439 853 6 16 1
2450 843 29 28 til
2502 843 96 29 within
2622 845 46 28 the

2039 887 52 29 last
2121 889 94 27 twelve
2246 889 120 27 months.
2416 890 27 26 It
2480 890 52 27 will
2564 891 32 28 be
2627 900 26 19 re-

2039 935 156 28 membered
2224 936 61 29 that
2314 936 47 28 the
2604 939 62 27 fiild

2039 984 95 27 turned
2147 988 47 23 out
2207 993 15 18 a
2237 984 142 27 miserable
2394 984 44 28 fail
2448 994 48 23 ire,
2512 994 34 19 an
2556 986 9 27 I
2580 995 28 18 as
2624 987 45 27 the

2038 1031 101 28 Nelson
2151 1031 95 36 people
2261 1041 68 19 were
2344 1031 45 28 the
2403 1037 117 31 greatest
2541 1032 127 31 suffjrers

2038 1078 64 36 they
2123 1079 137 35 naturally
2279 1078 86 28 shook
2387 1078 71 28 their
2481 1080 84 27 heads
2589 1081 80 28 when

2036 1126 47 28 the
2097 1126 83 28 Owen
2193 1135 57 19 was
2270 1127 101 35 spoken
2394 1127 35 28 of.
2467 1127 125 37 Happily
2616 1129 55 29 this

2037 1172 111 36 opinion
2179 1172 22 28 is
2240 1182 62 19 now
2341 1174 163 35 completely
2535 1175 133 37 changed.

2038 1221 80 28 Some
2148 1220 52 29 few
2234 1231 80 27 years
2344 1233 50 27 ago
2428 1233 15 19 a
2480 1224 187 29 considerable

2037 1267 116 29 number
2173 1267 31 29 of
2220 1269 85 29 leases
2325 1280 70 19 were
2418 1271 81 28 taken
2523 1281 35 26 up
2586 1271 28 29 in
2634 1272 37 28 all

2037 1314 154 33 directions,
2228 1316 150 35 regardless
2417 1318 31 26 of
2481 1317 127 38 bearings
2639 1328 31 19 or

2036 1363 127 38 position,
2177 1363 54 31 and
2245 1365 29 29 of
2284 1375 93 19 course
2391 1375 83 21 never
2487 1367 117 32 worked,
2615 1368 54 29 and

2037 1404 196 33 consequently
2246 1405 147 26 cancelled.
2430 1406 58 26 The
2502 1407 65 33 only
2587 1407 81 26 claim

2038 1442 60 25 that
2116 1448 54 29 any
2190 1444 116 34 attempt
2328 1451 55 19 was
2404 1441 79 30 rnide
2509 1447 27 24 to
2558 1441 113 40 develop

2039 1488 54 20 was
2113 1480 47 28 the
2185 1480 115 28 Buhner
2324 1481 85 28 Creek
2434 1483 103 33 Quartz
2564 1483 107 36 Mining

2039 1518 152 35 Company,
2206 1519 53 27 and
2273 1519 55 28 this
2342 1521 28 25 in
2391 1530 16 18 a
2426 1530 66 24 very
2510 1520 67 29 mild
2591 1521 78 29 form.

2040 1555 42 29 Mr
2095 1556 34 27 E.
2144 1556 42 28 W.
2201 1557 103 34 Butler,
2318 1559 76 32 C.E.,
2410 1559 29 27 of
2457 1560 88 34 Lyell,
2566 1569 57 19 was
2642 1567 29 21 at

2039 1594 93 33 length
2152 1596 220 29 communicated
2393 1597 66 27 with
2485 1598 35 35 by
2540 1598 46 28 the
2610 1607 45 28 pro-

2039 1638 118 31 spectors
2179 1633 29 28 of
2225 1633 46 29 the
2296 1633 60 31 (Jno
2369 1635 90 30 claim,
2478 1636 55 28 and
2554 1641 28 24 at
2603 1647 66 19 once

2039 1672 147 34 proceeded
2206 1678 29 21 to
2257 1673 45 26 the
2323 1673 104 34 ground
2448 1674 54 27 and
2530 1676 79 26 made
2635 1685 35 17 an

2038 1709 160 28 exhaustive
2222 1719 99 28 survey
2351 1711 55 28 and
2436 1715 91 33 report
2558 1722 35 19 on
2625 1713 46 28 the

2038 1751 97 24 nature
2148 1748 31 27 of
2189 1748 45 29 the
2254 1754 125 31 country.
2415 1750 66 29 This
2502 1751 81 37 being
2605 1762 47 19 con-

2039 1786 105 27 sidered
2174 1788 182 36 satisfactory,
2391 1798 73 18 some
2494 1789 177 28 inducement

2039 1834 55 19 was
2121 1824 64 29 held
2209 1829 48 25 out
2281 1829 28 26 to
2336 1826 190 30 shareholders
2550 1832 28 25 to
2609 1828 62 29 take

2039 1864 87 27 notice
2140 1864 30 27 of
2180 1864 45 28 the
2238 1865 72 28 field.
2349 1866 200 37 Subsequently
2569 1868 44 27 Mr
2633 1868 37 27 M.

2040 1902 90 34 Byrne
2144 1906 46 28 got
2203 1911 16 18 a
2233 1904 175 26 commission
2431 1908 28 22 to
2480 1909 125 32 prospect
2625 1905 46 27 the

2040 1939 62 30 Uuo
2118 1940 114 33 ground,
2246 1941 63 33 and,
2323 1941 66 30 with
2403 1941 43 29 his
2469 1943 77 29 usual
2560 1953 110 28 energy,

2038 1980 29 25 in
2087 1988 16 17 a
2123 1988 65 24 very
2213 1980 77 27 short
2315 1981 67 26 time
2407 1982 148 27 succeeded
2576 1982 29 28 in
2627 1992 29 18 ex-

2039 2016 98 38 posing
2154 2016 47 29 the
2220 2017 74 30 main
2314 2019 57 30 reef
2381 2018 41 30 for
2441 2019 84 30 about
2537 2021 51 29 300
2600 2019 69 37 feet;

2039 2057 102 35 having
2160 2056 123 29 followed
2304 2059 45 27 the
2370 2059 56 27 line
2447 2069 30 18 as
2497 2059 56 28 laid
2573 2060 41 27 off
2634 2070 35 17 on

2039 2094 46 28 the
2099 2094 104 28 surface
2218 2094 34 36 by
2266 2095 43 29 Mr
2323 2096 99 28 Butler.
2459 2096 66 28 This
2534 2097 58 28 find
2605 2097 66 29 then

2038 2132 45 30 led
2095 2137 28 25 to
2136 2134 79 28 other
2227 2143 87 26 groun
2325 2135 8 27 I
2353 2135 29 28 in
2403 2135 47 28 the
2469 2136 115 36 vicinity
2598 2142 26 23 to
2638 2136 31 28 be

2039 2171 81 28 taken
2135 2181 35 27 up
2183 2173 53 27 aud
2251 2173 77 33 tried,
2340 2174 46 27 the
2395 2183 185 27 consequence
2591 2175 80 36 being

2038 2210 62 28 that
2113 2219 50 19 one
2177 2212 59 26 reef
2246 2210 79 30 alone
2339 2212 50 28 has
2401 2211 68 29 been
2490 2217 45 25 cut
2548 2215 41 27 lor
2608 2223 64 19 over

2040 2250 71 33 sixty
2125 2249 104 27 chains.

2073 2286 59 27 The
2162 2287 95 27 claims
2286 2296 63 19 now
2380 2290 30 26 at
2445 2287 75 29 work
2551 2297 45 20 are
2627 2289 46 29 the

2041 2323 112 29 Buhner
2175 2325 95 33 Creek,
2290 2326 90 28 which
2405 2327 23 27 is
2452 2328 99 28 situate
2575 2332 29 24 at
2628 2329 47 27 the

2039 2362 58 28 foot
2110 2363 30 27 of
2151 2363 98 27 Mount
2262 2364 94 33 Owen,
2367 2364 54 28 and
2433 2366 124 27 coutains
2568 2366 105 29 several

2039 2405 95 33 quartz
2167 2401 86 35 veins,
2283 2402 38 29 all
2349 2412 77 19 more
2457 2413 31 20 or
2515 2403 53 30 less
2598 2404 59 38 gold-

2039 2440 121 33 bearing.

2075 2477 71 28 Next
2165 2477 22 29 is
2210 2477 46 29 the
2274 2478 61 29 Uno
2347 2478 91 30 claim.
2475 2479 69 29 This
2567 2480 71 30 lease
2651 2480 23 30 is

2040 2517 134 27 scattered
2194 2517 36 27 all
2244 2527 64 18 over
2321 2518 47 28 the
2390 2518 105 29 surface
2514 2520 65 27 with
2602 2520 72 33 huge

2038 2554 93 29 blocks
2151 2556 29 27 of
2198 2561 94 31 quartz
2307 2566 29 18 as
2349 2557 105 33 though
2474 2557 102 31 broken
2590 2569 81 27 away

2038 2593 70 28 from
2122 2594 46 27 the
2180 2604 49 26 cap
2240 2595 30 28 of
2276 2605 15 18 a
2302 2596 71 32 large
2383 2596 57 27 reef
2448 2597 70 27 close
2530 2597 45 35 by.
2613 2598 58 26 The

2041 2631 68 27 solid
2123 2632 56 26 reef
2193 2632 156 27 discovered
2363 2633 22 26 is
2395 2638 49 23 not
2454 2635 94 35 nearly
2560 2644 29 18 so
2600 2635 74 33 large

2041 2678 30 18 as
2083 2678 55 26 any
2151 2670 31 27 of
2192 2670 76 28 these
2287 2670 101 34 blocks,
2408 2670 81 38 being
2507 2671 65 37 only
2592 2673 84 28 about

2039 2708 48 28 3ft.
2102 2708 54 29 Gin.
2170 2709 29 28 in
2213 2708 84 29 width
2311 2719 34 19 on
2361 2709 46 29 the
2419 2719 125 29 average.

2073 2747 73 29 Next
2170 2757 91 19 comes
2286 2748 46 28 the
2361 2747 127 36 Wakatu,
2514 2754 27 24 at
2564 2755 110 31 present

2038 2784 81 36 being
2142 2785 108 27 worked
2271 2786 36 35 by
2328 2786 43 26 Mr
2391 2787 90 34 Byrue
2502 2787 56 27 and
2586 2797 88 26 party.

2039 2822 67 27 This
2130 2821 23 29 is
2177 2831 17 19 a
2218 2823 70 36 good
2318 2830 129 30 property
2473 2824 55 28 and
2551 2825 125 29 deserves

2038 2861 143 26 attention.

2074 2898 58 27 The
2163 2899 106 28 Golden
2295 2900 95 27 Fleece
2414 2900 23 27 is
2459 2901 80 28 south
2570 2902 31 28 of
2628 2903 47 28 the

2041 2936 119 28 Wakatu
2184 2937 55 28 and
2262 2938 126 27 contains
2412 2943 54 23 two
2489 2939 188 38 gold-bearing

2038 2974 75 28 lodes
2126 2984 30 19 as
2170 2979 47 33 yet
2228 2976 118 29 untried.

2074 3014 87 28 There
2175 3025 45 19 are
2233 3016 104 28 several
2350 3016 79 29 other
2441 3018 85 27 leases
2539 3018 82 29 taken
2635 3028 37 26 up

2039 3060 36 18 on
2088 3052 46 26 the
2155 3052 64 32 line,
2233 3054 66 24 such
2318 3063 31 16 as
2372 3054 46 26 the
2439 3056 105 25 Golden
2568 3056 108 31 Crown,

2040 3087 106 29 Golden
2178 3088 89 35 Point,
2299 3089 55 35 &?.,
2386 3090 37 28 all
2452 3099 62 20 now
2545 3091 131 38 awaiting

2026 3136 1 26 I
2039 3137 107 25 survey.

2074 3165 35 27 In
2133 3165 124 29 addition
2281 3169 28 25 to
2330 3167 47 28 the
2401 3172 96 32 quartz
2520 3169 77 32 reefs,
2621 3169 55 28 this

2039 3203 64 29 field
2122 3204 24 28 is
2165 3204 57 29 rich
2241 3204 30 29 in
2285 3205 139 35 minerals,
2442 3212 127 28 amongst
2583 3207 88 29 which

2039 3243 23 27 is
2086 3252 16 18 a
2126 3244 61 27 lode
2213 3244 30 26 of
2264 3244 82 28 silver
2369 3245 60 27 lead
2457 3247 32 25 12
2511 3245 54 29 feet
2589 3246 84 30 thick,

2041 3280 88 28 which
2160 3280 49 29 has
2240 3282 66 28 beeu
2335 3283 101 36 proved
2461 3288 28 24 to
2514 3284 32 28 be
2577 3284 96 37 highly

2041 3319 123 37 payable.

2076 3359 80 28 Some
2170 3359 80 29 small
2269 3360 103 35 parcels
2386 3360 30 29 of
2432 3364 96 33 quartz
2542 3361 71 29 from
2629 3362 46 28 the

2041 3397 103 26 several
2175 3397 97 26 claims
2302 3399 167 29 mentioned,
2508 3400 70 26 have
2609 3400 67 26 been

2041 3432 86 29 tested
2149 3432 30 28 in
2201 3442 16 19 a
2240 3433 137 37 primitive
2397 3444 117 21 manner
2535 3435 54 29 and
2609 3436 68 29 have

2040 3471 106 34 yielded
2167 3472 70 26 from
2252 3473 15 26 3
2281 3477 26 22 to
2320 3473 17 26 4
2349 3482 100 18 ounces
2467 3475 29 25 of
2514 3475 61 32 gold
2589 3479 28 22 to
2630 3475 45 26 the

2040 3512 58 27 ton,
2134 3508 67 28 This
2213 3508 23 28 is
2249 3517 15 19 a
2277 3510 86 35 grand
2376 3515 103 28 return,
2493 3511 48 28 but
2557 3512 14 26 I
2585 3512 90 28 would

2041 3546 92 29 advise
2155 3548 166 35 speculators
2343 3554 27 24 to
2392 3549 63 29 look
2474 3550 40 29 for
2535 3550 84 30 about
2640 3562 34 18 an

2041 3594 87 19 ounce
2153 3589 29 24 to
2201 3586 46 27 the
2269 3592 48 21 ton
2338 3597 35 17 on
2393 3588 47 27 the
2459 3598 123 25 average,
2607 3599 31 17 as
2662 3590 14 26 I

2043 3622 124 30 consider
2191 3623 61 30 that
2276 3628 28 25 to
2328 3624 32 30 be
2384 3625 47 29 the
2456 3626 98 30 calibre
2579 3627 29 29 of
2631 3628 46 29 the

2044 3667 86 22 stone.

2077 3700 58 27 The
2148 3704 75 29 great
2236 3700 144 29 drawback
2393 3705 27 25 to
2439 3701 55 29 this
2513 3702 63 29 fie'd
2594 3703 23 28 is
2630 3703 46 30 the

2043 3741 74 26 waut
2130 3738 30 29 of
2169 3749 16 18 a
2197 3739 67 29 road
2283 3740 116 29 suitable
2412 3741 40 30 for
2471 3741 46 31 the
2539 3748 138 32 transport

2043 3777 30 27 of
2098 3778 170 35 machinery.
2317 3780 56 26 The
2406 3781 189 27 Government
2624 3781 52 28 has

2043 3814 114 35 granted
2170 3814 46 29 the
2229 3825 143 28 necessary
2385 3827 102 27 money
2503 3818 56 29 and
2572 3818 24 28 is
2607 3819 53 28 will-

2043 3853 47 33 ing
2102 3856 28 24 to
2144 3853 74 27 hand
2231 3853 22 28 it
2266 3864 64 18 over
2342 3859 28 23 to
2391 3855 163 36 Inangahua
2568 3858 110 35 County

2043 3891 115 28 Council
2170 3892 41 27 for
2224 3891 46 29 the
2288 3894 186 28 construction
2488 3895 30 27 of
2537 3895 46 29 the
2602 3896 75 28 road.

2043 3929 73 28 That
2135 3935 99 31 august
2253 3930 82 37 body,
2354 3932 135 35 however,
2509 3933 120 29 declines
2649 3940 28 23 to

2043 3967 70 29 have
2128 3969 136 35 anything
2276 3974 28 23 to
2317 3970 34 28 do
2371 3971 65 27 with
2460 3972 47 27 the
2521 3977 108 28 matter,
2649 3982 29 19 so

2043 4006 47 27 the
2104 4006 87 27 whole
2204 4007 63 27 field
2281 4008 23 26 is
2316 4011 30 23 at
2358 4017 15 18 a
2387 4009 148 33 standstill,
2556 4011 54 26 aud
2631 4011 46 26 the

2042 4052 96 19 reason
2153 4043 22 29 is
2189 4044 61 29 that
2262 4044 46 29 the
2331 4045 115 29 Reefton
2469 4048 95 36 people
2586 4048 91 29 would

2043 4082 53 27 like
2111 4082 44 28 the
2169 4092 101 25 money
2283 4084 82 27 voted
2383 4085 41 27 for
2445 4085 55 28 this
2520 4095 116 27 purpose
2651 4091 26 23 to

2043 4119 31 29 be
2088 4123 78 35 spent
2187 4121 82 29 about
2289 4121 71 30 their
2381 4132 60 20 own
2462 4123 90 34 doors,
2574 4124 104 38 fearing

2043 4160 61 28 that
2127 4161 47 27 the
2200 4161 88 28 whole
2313 4163 127 34 proceeds
2465 4164 29 27 of
2516 4164 46 28 the
2593 4166 84 27 Owen

2042 4198 81 28 Reefs
2135 4199 91 27 would
2238 4199 101 29 beuefit
2353 4200 102 28 Nelson
2469 4202 87 27 alone.

2162 4288 229 28 MATAKITAKI
2414 4288 138 28 NOTES.

2113 4375 83 34 (from
2210 4383 56 19 our
2278 4383 36 19 ow
2315 4384 5 8 t
2322 4384 17 18 n
2354 4379 253 35 correspondent.)

2415 4424 140 38 February
2568 4426 74 29 10th.

2076 4460 66 28 This
2154 4460 106 29 district
2273 4461 50 28 has
2337 4462 125 33 suffered,
2471 4465 126 35 together
2609 4465 67 29 with

2041 4498 47 30 the
2113 4503 55 25 rest
2190 4499 30 29 of
2237 4499 46 30 the
2306 4504 125 34 couutry,
2457 4502 69 29 from
2553 4503 47 30 the
2624 4504 53 30 late

2041 4538 126 35 drought,
2182 4538 103 36 though
2300 4540 167 37 fortunately
2479 4542 46 27 the
2536 4542 70 29 bush
2615 4543 62 29 fires

2041 4576 70 28 have
2132 4580 48 25 not
2200 4578 100 35 proved
2321 4587 29 18 so
2371 4579 166 29 destructive
2557 4590 30 19 as
2608 4582 53 28 else-

2041 4616 99 26 where.
2178 4616 58 27 The
2267 4616 112 33 miners,
2411 4618 30 27 of
2469 4628 103 23 course,
2605 4620 71 28 have

2041 4653 115 28 suffered
2171 4653 46 29 the
2231 4657 71 26 most
2314 4655 72 29 from
2400 4659 73 25 want
2492 4656 30 29 of
2537 4661 94 30 water,
2646 4668 30 19 or

2041 4692 92 29 rather
2153 4693 69 28 have
2243 4693 70 28 done
2336 4703 29 19 so
2379 4695 40 27 till
2434 4695 53 28 last
2506 4696 75 28 week
2594 4697 80 28 when

2041 4740 75 17 some
2141 4735 86 23 smart
2252 4731 118 28 showers
2400 4733 46 26 fell
2476 4734 125 36 reviving
2628 4735 46 28 the

2041 4768 110 35 sinking
2172 4769 90 37 spirits
2276 4769 30 29 of
2316 4769 46 29 the
2376 4770 123 35 farmers,
2523 4772 62 29 who
2608 4782 68 21 were

2040 4808 149 35 beginning
2203 4811 27 25 to
2246 4808 68 28 have
2327 4818 81 26 grave
2429 4810 163 36 misgivings
2603 4822 30 17 as
2648 4816 28 24 to

2042 4846 45 27 the
2110 4846 76 27 main
2207 4855 64 28 crop
2284 4846 30 28 of
2329 4851 133 32 potatoes,
2483 4848 56 28 and
2558 4859 76 27 grass
2648 4853 28 24 to

2041 4889 113 34 support
2165 4884 45 30 the
2220 4886 81 28 cattle
2313 4885 99 39 during
2420 4886 45 30 the
2477 4889 112 34 winter;
2608 4900 67 19 even

2042 4934 62 18 now
2116 4934 85 26 many
2220 4926 56 26 will
2288 4926 32 26 be
2335 4926 88 28 forced
2442 4933 28 21 to
2489 4928 97 28 reduce
2605 4929 71 27 their

2041 4962 77 28 stock
2139 4966 29 24 at
2187 4971 16 19 a
2225 4962 205 36 disadvantage,
2450 4964 48 29 the
2511 4965 60 29 feed
2594 4966 82 37 being

2042 5011 29 18 so
2093 5001 120 36 parched
2233 5011 29 19 as
2275 5005 28 25 to
2315 5003 86 28 afford
2424 5013 36 19 no
2482 5004 194 30 nourishment

2043 5040 146 26 whatever.

2078 5078 130 37 Monday,
2223 5079 41 29 Ist
2274 5079 150 38 February,
2435 5080 46 30 the
2492 5081 183 39 Anniversary

2041 5119 30 26 of
2078 5118 43 27 the
2133 5118 141 32 Province,
2283 5128 56 18 was
2349 5129 17 17 a
2376 5120 74 31 large
2460 5120 54 35 day
2525 5126 29 22 at
2567 5122 86 36 Hamp-

2042 5155 62 34 den,
2119 5155 25 37 (I
2158 5155 50 35 beg
2220 5156 36 30 its
2269 5156 113 38 pardon,
2400 5157 180 39 Murchison,)
2596 5159 79 38 being

2042 5197 46 28 the
2101 5197 109 28 Annual
2233 5197 66 28 Fete
2319 5198 30 27 of
2359 5198 46 28 the
2424 5202 54 25 two
2492 5200 116 34 schools,
2622 5202 53 27 and

2040 5235 24 27 if
2074 5235 46 27 the
2136 5235 142 35 Inspector
2291 5236 53 27 had
2353 5237 64 35 only
2428 5247 63 18 seen
2506 5239 45 26 the
2561 5242 114 30 muster,

2042 5273 34 28 he
2088 5273 91 29 would
2193 5273 69 28 have
2275 5273 54 29 had
2344 5284 35 19 no
2399 5284 78 20 cause
2497 5280 26 25 to
2537 5277 137 37 complain

2041 5313 30 26 of
2088 5312 52 28 bad
2159 5312 162 28 attendance
2333 5321 6 24 ;
2360 5323 16 17 a
2398 5315 98 35 goodly
2518 5317 118 26 number
2648 5317 27 27 of

2041 5350 89 30 adults
2152 5351 57 28 also
2223 5350 63 29 took
2305 5350 152 36 advantage
2471 5353 29 28 of
2516 5353 45 28 the
2575 5363 80 29 oppor-

2041 5390 91 35 tunity
2156 5390 54 27 and
2232 5390 131 28 rendered
2372 5391 99 34 justice
2491 5397 27 22 to
2537 5392 47 28 the
2605 5393 68 34 good

2041 5427 93 34 things
2142 5427 139 37 provided.
2294 5427 57 29 The
2359 5430 121 33 catering
2486 5432 27 26 ot
2523 5430 152 30 Mesdames

2045 5466 104 34 Lynch,
2171 5467 123 29 Downie,
2318 5468 54 26 and
2391 5468 153 31 O'lvourke,
2567 5470 108 27 elicited

2043 5504 68 27 from
2134 5504 36 27 ail
2191 5504 62 28 who
2276 5504 54 27 had
2352 5504 46 29 the
2423 5505 70 35 good
2518 5507 109 27 fortune
2649 5511 26 25 to

2041 5546 80 34 enjoy
2143 5544 30 31 it,
2196 5543 190 35 enthusiastic,
2407 5545 53 29 and
2479 5547 61 27 well
2561 5548 113 28 merited

2042 5583 232 26 commendation.
2311 5584 57 26 The
2388 5585 176 33 proceedings
2584 5586 30 26 of
2629 5586 46 27 the

2043 5620 52 38 day
2114 5630 68 19 were
2201 5620 118 36 brought
2341 5627 27 23 to
2382 5631 16 19 a
2410 5621 71 30 close
2504 5621 35 39 by
2553 5632 16 20 a
2589 5623 84 37 grand

2043 5661 62 32 ball,
2133 5660 80 29 wheu
2241 5661 46 29 the
2311 5662 116 27 votaries
2450 5663 30 28 of
2496 5663 45 28 the
2563 5663 108 34 goddtsf

2043 5699 175 35 Terpsichore
2233 5699 152 36 performed
2399 5709 84 25 many
2504 5701 65 27 rites
2582 5701 28 27 in
2625 5701 42 28 hei

2043 5737 86 27 honor
2149 5740 27 24 to
2191 5736 43 29 the
2250 5736 133 38 inspiring
2402 5739 99 27 strains
2521 5738 30 29 of
2561 5739 46 29 the
2622 5745 51 23 twc

2042 5775 58 28 able
2132 5775 144 33 violinists,
2309 5776 101 28 Messrs
2446 5777 144 29 O'Eourke
2620 5784 52 23 anr*

2045 5814 82 35 Lang,
2142 5814 54 27 and
2210 5814 117 28 desisted
2342 5819 49 24 not
2403 5815 40 28 till
2458 5816 168 37 interrupted
2638 5816 32 39 by

2041 5852 43 28 :he
2099 5862 70 19 cows,
2185 5861 109 26 coming
2308 5853 80 28 home
2404 5860 25 21 to
2441 5853 31 29 be
2487 5853 110 30 milked.

2749 220 57 29 The
2819 222 63 36 only
2896 222 121 31 incident
3030 224 59 30 that
3103 225 127 31 occurred
3245 230 28 26 to
3288 236 60 20 mar

2715 260 46 27 the
2777 261 135 36 harmony
2925 265 26 24 of.
2965 263 45 29 the
3025 265 52 35 day
3092 274 54 19 was
3160 276 12 17 a
3189 267 159 33 distressing

2714 299 123 28 accident
2858 301 59 27 that
2941 301 140 38 happened
3097 309 26 23 to
3145 305 46 27 the
3210 310 137 32 youngest

2714 348 47 18 son
2788 340 29 27 of
2841 339 42 29 Mr
2916 340 98 32 Dixon,
3045 348 153 24 contractor
3229 345 40 28 for
3301 345 45 28 the

2714 376 102 35 bridge,
2840 378 66 35 aged
2930 381 40 25 12.
3007 380 57 27 The
3085 382 67 26 little
3175 383 89 26 fellow
3290 392 56 17 was

2710 414 126 36 jumping
2862 424 29 18 at
2915 416 46 28 the
2987 418 152 31 standards,
3170 420 105 27 erected
3308 426 38 22 for

2714 452 59 27 that
2796 462 85 28 purpo
2888 464 5 11 :
2895 463 25 24 e,
2933 454 54 29 and
3001 456 128 37 tripping,
3144 456 43 30 fell
3215 458 64 28 with
3302 458 43 28 his

2713 500 58 18 arm
2786 491 86 29 under
2886 491 67 35 him,
2967 494 133 35 resulting
3119 496 26 28 in
3160 506 15 18 a
3189 498 116 28 tincture
3318 498 30 27 of

2714 529 46 27 the
2775 531 124 29 forearm,
2914 533 54 25 and
2984 535 89 31 owing
3092 538 26 23 to
3133 536 45 25 the
3191 535 115 28 absence
3320 537 28 27 of

2713 576 53 26 any
2782 569 124 35 properly
2920 568 128 35 qual.fied
3064 572 113 27 medical
3193 573 153 36 praetioner

2713 609 28 25 at
2781 606 156 29 Mnrchison
2979 618 63 24 was,
3081 611 68 28 after
3189 615 155 34 temporary

2711 644 73 26 hand
2803 646 73 30 ging,
2890 648 125 26 removed
3031 653 26 21 to
3073 649 109 27 Nelson.

2747 682 57 26 The
2817 687 154 23 contractor
2985 684 47 28 has
3047 695 60 18 now
3132 687 151 37 completed
3299 688 45 29 the

2713 719 185 36 horse.-hridge
2923 732 64 18 over
3012 723 45 30 the
3092 725 172 36 Mataktaki,
3290 729 54 26 and

2712 759 115 27 another
2849 761 151 31 dangerous
3020 764 58 26 ford
3105 766 20 25 is
3146 775 61 17 now
3231 768 96 26 circum-

2713 795 106 29 vented.
2851 798 117 35 Though
2979 800 45 27 the
3034 801 103 38 subject
3142 802 32 29 of
3179 804 166 37 approaches

2714 835 40 29 (of
2760 846 74 19 some
2844 837 184 32 considerable
3040 841 102 33 length,
3157 853 29 17 as
3200 844 19 27 it
3233 844 22 28 is
3266 855 74 17 some

2711 874 122 28 distance
2855 877 68 26 from
2947 878 45 27 the
3014 880 73 33 road)
3113 881 54 27 still
3189 882 118 27 remains
3328 893 16 16 a

2712 917 74 23 mute
2800 914 86 35 point,
2900 924 49 18 our
2963 915 188 37 impecunious
3163 919 113 28 Council
3287 921 53 27 and

2711 950 118 37 dilatory
2866 954 187 29 Government
3084 956 80 37 being
3203 963 28 23 at
3271 959 72 28 issue

2712 989 114 28 thereto.

2747 1028 138 36 February
2900 1031 40 27 Ist
2953 1041 55 18 was
3022 1032 56 29 also
3103 1036 171 27 nomination
3290 1036 52 35 day

2712 1067 39 25 for
2763 1066 47 27 the
2826 1067 81 28 Local
2921 1069 146 37 Licensing
3078 1072 55 26 lieu
3139 1072 40 28 eh,
3190 1074 53 26 and
3254 1075 89 32 owing

2711 1107 27 25 to
2753 1103 74 30 there
2847 1105 80 37 being
2947 1117 35 18 no
2996 1118 59 19 new
3080 1110 156 30 candidates
3255 1122 30 19 or
3299 1113 43 28 obi

2711 1145 141 26 vacancies
2874 1146 117 27 resulted
3014 1149 27 25 in
3056 1158 15 17 a
3094 1150 138 27 walkover
3252 1151 89 28 which

2711 1189 76 20 save*
2810 1182 46 27 the
2881 1183 244 32 abovementioned
3145 1187 113 30 Council
3280 1199 46 19 con-

2711 1219 131 29 siderable
2857 1230 123 28 expense.

2744 1258 84 33 John,
2852 1260 45 28 the
2920 1261 202 36 almond-eyed,
3137 1264 49 28 has
3209 1265 68 28 been
3297 1276 30 18 en-

2706 1296 98 34 joying
2817 1297 118 33 himself,
2950 1300 27 26 in
2998 1300 42 26 his
3053 1311 60 17 own
3128 1303 121 34 peculiar
3265 1313 57 17 man-

2710 1342 56 24 ner,
2798 1335 65 28 with
2897 1336 82 29 much
3012 1337 113 38 brandy,
3151 1341 106 37 opium,
3288 1342 53 29 and

2710 1373 133 35 crackers,
2851 1376 122 32 together
2982 1377 67 29 with
3059 1380 127 36 startling
3198 1383 144 27 concocted

2711 1412 90 31 viand,
2822 1415 142 33 compose*'
2988 1417 31 25 of
3036 1417 47 25 the
3097 1422 73 22 most
3191 1419 104 27 diverse
3317 1421 26 26 of

2710 1450 169 30 comestibles
2902 1451 97 30 known
3022 1460 26 22 to
3072 1455 45 29 the
3137 1455 104 30 human
3263 1467 59 21 race
3337 1467 5 26 ;

2710 1489 46 28 the
2769 1499 124 20 occasion
2908 1492 79 36 being
3000 1493 69 28 their
3084 1495 65 26 New
3163 1496 79 27 Year.

3122 1534 74 34 Quid
3217 1535 91 28 Nunc.

2814 1617 121 30 NOTES
2955 1620 105 29 FROM
3081 1622 157 30 NELSON.

2769 1698 85 33 (from
2872 1707 56 20 our
2947 1708 63 20 own
3028 1705 254 36 correspondent.)

2743 1745 25 29 A
2781 1750 55 25 sort
2849 1747 30 28 of
2889 1747 107 37 fatality
3011 1760 89 18 seems
3118 1756 28 24 to
3159 1754 91 28 attach
3271 1754 76 30 itself

2710 1786 28 24 to
2759 1794 54 26 any
2832 1785 106 35 mining
2957 1793 113 23 venture
3093 1793 160 32 emanating
3274 1792 68 30 from

2710 1821 113 30 Nelson.
2860 1823 83 30 From
2975 1825 46 30 the
3051 1828 58 29 first
3145 1829 141 41 discovery
3318 1834 31 27 of

2710 1863 131 27 minerals
2862 1864 27 26 in
2914 1864 47 28 the
2985 1868 137 33 province,
3147 1870 90 27 which
3263 1877 81 21 event

2710 1898 76 27 dates
2800 1899 68 27 back
2882 1902 96 35 nearly
2989 1912 30 18 as
3031 1904 42 27 far
3083 1905 27 26 in
3124 1905 47 28 the
3182 1912 61 30 past
3256 1917 29 18 as
3296 1909 48 28 the

2710 1936 158 30 settlement
2890 1938 31 30 of
2939 1940 46 30 the
3003 1942 108 33 colony,
3131 1948 131 34 attempts
3274 1946 70 30 have

2710 1976 68 27 been
2803 1977 80 28 made
2903 1978 65 28 both
2990 1980 37 35 by
3048 1982 106 30 private
3179 1984 165 27 individuals

2710 2013 54 30 and
2785 2015 158 38 companies
2964 2020 26 27 to
3016 2017 114 41 develop
3155 2031 50 20 our
3229 2023 116 30 mineral

2710 2064 147 23 resources,
2881 2057 55 26 and
2955 2058 28 27 in
3005 2068 82 26 every
3109 2070 61 17 case
3192 2062 47 26 the
3260 2064 84 26 result

2710 2091 50 28 has
2773 2091 68 29 been
2855 2092 148 31 disastrous
3016 2095 104 30 failure.
3159 2098 80 32 Gold,
3253 2100 91 34 silver,

2710 2140 108 26 copper,
2844 2133 68 32 coal,
2940 2134 71 32 iron,
3042 2137 114 31 marble,
3188 2138 157 35 plumbago,

2711 2168 69 28 have
2805 2170 36 27 all
2866 2170 54 28 had
2947 2181 99 27 money
3072 2175 140 36 expended
3237 2187 35 17 on
3298 2178 46 27 the

2710 2211 119 34 attempt
2858 2213 28 24 to
2910 2210 75 29 work
3016 2211 77 30 them
3117 2214 147 38 profitably
3279 2224 5 24 ;
3316 2217 29 27 in

2711 2256 75 17 some
2808 2256 74 18 cases
2895 2257 107 19 success
3022 2250 50 27 has
3094 2254 163 32 apparently
3277 2254 68 26 been

2710 2283 98 27 within
2822 2285 171 29 measurable
3012 2287 91 33 reach,
3117 2288 48 28 but
3178 2291 27 26 in
3227 2290 46 28 the
3292 2291 55 28 end

2712 2321 45 28 the
2796 2323 99 35 capital
2935 2325 30 26 of
2991 2325 46 28 the
3075 2326 191 30 shareholders
3297 2330 50 28 has

2712 2359 143 33 vanished,
2869 2361 54 27 and
2940 2362 71 28 their
3032 2363 85 36 hopes
3131 2366 66 27 with
3210 2367 29 27 it.
3278 2367 27 28 It
3324 2367 23 28 is

2712 2401 49 25 not
2783 2399 81 35 given
2886 2404 28 25 to
2934 2401 114 30 mortals
3069 2408 28 24 to
3120 2406 149 28 command
3289 2417 43 17 suc-

2712 2446 66 23 cess,
2792 2437 48 27 but
2853 2438 24 26 if
2886 2448 64 17 ever
2962 2449 55 25 any
3031 2445 173 32 community
3218 2445 130 26 deserved

2712 2475 21 27 it
2757 2476 134 36 certainly
2916 2476 103 30 Nelson
3045 2478 58 29 has.
3142 2481 53 28 For
3219 2482 111 29 notwith-

2712 2513 131 36 standing
2854 2514 46 28 the
2914 2525 92 19 sneers
3020 2521 29 25 at
3060 2527 51 19 our
3129 2521 56 35 city
3198 2521 30 26 of
3238 2521 81 34 being
3333 2532 15 18 a

2712 2552 93 37 sleepy
2818 2553 110 33 hollow,
2942 2555 21 27 it
2977 2555 58 33 has,
3054 2557 27 27 in
3102 2560 155 34 proportion
3273 2546 76 43 tolls

2714 2600 95 18 means
2829 2591 55 28 and
2905 2594 169 35 population,
3087 2596 41 28 fir
3145 2598 135 28 outshone
3295 2608 54 26 any

2712 2629 80 26 other
2804 2630 127 30 province
2945 2632 26 25 in
2986 2632 46 27 the
3046 2634 99 35 colony
3161 2635 28 26 in
3203 2636 146 33 persistent

2713 2666 150 29 endeavors
2894 2672 28 23 to
2954 2671 114 28 unearth
3100 2672 55 28 and
3192 2674 91 28 utilise
3314 2674 35 29 its

2713 2705 115 28 mineral
2843 2710 142 27 treasures.
3023 2709 59 31 The
3095 2720 95 20 causes
3206 2712 30 28 of
3251 2713 97 29 failure

2713 2744 70 28 have
2822 2744 69 29 been
2930 2748 118 29 various.
3098 2751 165 28 Sometimes
3302 2753 47 27 the

2714 2782 192 35 speculations,
2926 2793 76 20 more
3020 2788 146 36 especially
3179 2789 28 26 in
3225 2790 47 27 the
3286 2791 63 29 crold

2714 2819 108 34 mining
2834 2819 142 35 direction,
2990 2822 71 30 have
3074 2824 68 29 been
3156 2827 29 27 of
3196 2836 16 18 a
3225 2827 64 28 wild
3305 2832 44 23 cat

2713 2861 106 26 nature,
2834 2858 53 29 and
2903 2859 47 29 the
2963 2867 153 30 promoters
3133 2864 70 29 have
3217 2866 132 36 pocketed

2713 2896 72 27 their
2806 2896 124 36 illgotten
2951 2901 78 31 gains
3051 2902 54 26 and
3118 2911 70 26 gone
3209 2913 78 26 away
3308 2914 26 18 re-

2709 2934 114 36 joicing.
2862 2935 163 30 Sometimes
3041 2939 46 27 the
3097 2947 193 28 management
3299 2942 49 28 has

2713 2971 67 29 been
2797 2973 145 38 expensive
2961 2975 54 30 and
3029 2977 158 32 inefficient,
3207 2979 27 29 in
3255 2980 92 29 others

2714 3012 46 28 the
2767 3014 83 27 metal
2858 3014 148 33 soughtfor
3015 3016 49 28 has
3071 3017 69 28 been
3150 3021 195 27 non-existent,

2713 3050 53 25 and
2780 3050 28 25 in
2822 3050 92 27 others
2926 3053 147 30 accidents,
3088 3059 74 22 want
3171 3055 32 26 of
3208 3055 139 28 sufficient

2713 3085 98 35 capital
2837 3085 56 28 and
2917 3087 78 29 other
3018 3098 103 25 causes,
3147 3090 70 29 have
3243 3092 43 28 led
3317 3095 28 26 to

2713 3123 207 31 abandonment
2933 3126 30 28 of
2972 3126 46 30 the
3037 3129 148 37 enterprise
3199 3140 30 18 or
3241 3131 104 29 failure.

2715 3162 71 27 Such
2812 3163 82 35 being
2919 3165 47 26 the
2990 3175 61 18 case
3070 3167 37 26 all
3129 3177 64 24 eyes
3217 3178 45 17 are
3285 3179 62 17 now

2713 3200 98 29 turned
2834 3205 28 24 to
2883 3201 46 29 the
2949 3201 52 31 last
3022 3203 54 30 and
3098 3205 108 29 fondest
3227 3207 71 37 hope
3319 3208 31 28 of

2715 3240 101 27 Nelson
2843 3241 106 36 miuing
2973 3243 249 36 speculators—the
3246 3255 101 27 copper

2714 3278 97 27 mines.

2749 3316 66 28 This
2834 3320 123 32 venture,
2972 3320 89 29 which
3074 3321 23 28 is
3115 3331 62 20 now
3196 3323 132 38 approach-

2714 3355 47 36 ing
2774 3356 46 29 the
2833 3358 99 28 crucial
2945 3363 62 29 test,
3021 3359 50 29 lias
3089 3361 41 28 for
3143 3361 46 28 the
3208 3367 61 31 past
3282 3372 66 26 year

2714 3403 31 17 or
2757 3398 54 23 two
2825 3395 131 27 absorbed
2969 3406 15 16 a
3000 3397 72 31 large
3084 3405 161 26 percentage
3259 3400 31 26 of
3299 3400 47 26 the

2714 3430 110 36 savings
2837 3431 54 28 and
2904 3433 127 36 earnings
3043 3435 31 27 of
3085 3435 101 29 Nelson
3200 3436 104 37 people,
3324 3436 24 30 is

2714 3468 98 27 looked
2825 3478 74 26 upon
2911 3470 37 35 by
2961 3481 75 18 some
3054 3475 134 31 sanguine
3210 3475 95 34 people
3318 3485 30 17 as

2714 3514 16 19 a
2744 3506 103 28 certain
2861 3515 114 26 success,
2991 3508 34 37 by
3038 3509 90 29 others
3146 3520 29 19 as
3190 3511 115 30 another
3317 3522 31 19 as

2715 3544 104 30 certain
2840 3545 99 30 dismal
2958 3548 104 29 failure.
3100 3550 136 34 Smelting
3255 3561 77 27 opera-

2714 3584 73 26 tions
2801 3593 46 18 are
2861 3588 26 24 to
2901 3594 159 20 commence
3075 3588 53 26 this
3140 3589 108 32 month,
3258 3589 50 28 but
3320 3591 27 26 in

2716 3620 88 30 works
2825 3621 30 29 of
2874 3622 60 30 that
2955 3629 97 25 nature
3075 3635 17 19 a
3117 3626 76 29 week
3218 3636 30 20 or
3270 3630 78 27 two's

2716 3661 128 33 smelting
2857 3662 56 27 will
2925 3666 49 24 not
2987 3664 31 27 be
3033 3664 82 28 much
3128 3666 80 34 guide
3221 3676 31 18 as
3262 3671 28 23 to
3301 3667 47 28 the

2716 3703 163 31 permanent
2891 3700 79 29 value
2982 3701 31 28 of
3022 3701 46 28 the
3081 3703 82 27 mine.
3201 3703 27 28 It
3241 3703 55 29 will
3314 3704 33 29 be

2715 3746 144 29 necessary
2883 3742 28 26 to
2936 3742 54 27 test
3014 3739 61 31 that
3095 3741 36 36 by
3153 3742 75 30 trials
3251 3743 31 29 of
3301 3744 47 29 the

2717 3776 108 27 various
2850 3777 96 33 grades
2971 3779 30 26 of
3019 3788 46 19 ore
3085 3780 92 28 which
3197 3790 46 19 are
3262 3786 29 24 to
3315 3782 33 28 be

2715 3812 86 29 found
2824 3814 30 28 in
2880 3814 46 29 the
2951 3816 83 33 mine,
3062 3817 56 29 and
3147 3819 113 28 months
3286 3829 63 27 may

2715 3851 92 36 elapse
2821 3852 90 29 before
2924 3854 47 28 the
2984 3855 129 29 directors
3135 3857 124 28 discover
3275 3858 74 29 what

2716 3893 77 25 stone
2817 3890 24 28 is
2864 3892 87 28 worth
2976 3892 128 38 bringing
3128 3899 28 24 to
3185 3905 84 25 grass,
3294 3897 55 28 and

2716 3927 74 28 what
2802 3929 56 27 will
2871 3929 32 28 be
2916 3930 59 28 best
2988 3931 49 29 left
3056 3933 88 29 alone.
3181 3934 58 29 The
3252 3938 97 26 nature

2715 3976 17 17 o
2761 3966 47 29 the
2828 3968 151 36 geological
2997 3970 147 30 formation
3164 3973 24 27 is
3212 3977 49 25 not
3282 3974 66 28 such

2716 4004 61 27 that
2796 4014 55 26 any
2871 4006 173 35 dependence
3069 4017 51 19 can
3143 4009 32 28 be
3196 4010 95 35 placed
3313 4021 36 18 on

2715 4041 46 29 the
2775 4042 181 31 continuance
2975 4044 31 29 of
3015 4054 16 20 a
3049 4047 71 35 good
3139 4047 70 35 lode,
3222 4058 31 19 or
3264 4058 35 20 on
3313 4049 35 29 its

2716 4080 105 28 sudden
2833 4081 219 37 disappearance.
3089 4085 59 28 The
3161 4087 114 28 mineral
3293 4087 56 28 belt

2715 4117 23 29 is
2752 4120 153 37 serpentine
2918 4120 157 38 formation,
3097 4123 54 30 and
3165 4133 30 21 as
3214 4125 34 30 its
3266 4135 82 21 name

2714 4158 142 34 indicates,
2881 4160 32 28 of
2933 4170 16 19 a
2978 4172 67 26 very
3069 4167 125 25 tortuous
3219 4166 55 27 and
3297 4176 33 17 un-

2715 4197 102 27 certain
2847 4197 149 31 character.
3050 4200 82 38 Huge
3167 4202 119 38 deposits
3322 4204 27 29 of

2715 4235 92 29 native
2829 4246 99 27 copper
2944 4248 66 27 may
3031 4239 33 29 be
3078 4241 156 29 discovered
3253 4249 28 22 at
3293 4252 55 27 any

2716 4277 132 27 moment,
2862 4275 54 26 and
2929 4277 22 26 it
2963 4285 65 26 may
3042 4277 32 27 be
3087 4278 62 28 that
3160 4280 119 34 nothing
3299 4280 49 28 but

2715 4310 132 30 valueless
2869 4312 64 29 rock
2953 4313 54 30 will
3021 4313 32 31 be
3072 4315 95 31 driven
3181 4325 45 26 on,
3248 4327 30 20 as
3292 4328 56 20 was

2716 4350 46 29 the
2775 4360 60 19 case
2847 4354 29 26 in
2886 4352 46 29 the
2940 4354 180 36 neighboring
3127 4357 65 27 Dun
3202 4357 146 29 Mountain

2715 4390 92 33 mine;
2826 4390 49 28 but
2889 4390 60 29 that
2961 4393 23 26 is
2997 4402 51 19 one
3062 4393 31 28 of
3108 4394 45 29 the
3172 4395 118 29 chances
3302 4396 47 29 the

2715 4426 191 32 shareholders
2919 4429 69 30 have
3001 4435 28 24 to
3042 4431 68 28 face.

2749 4467 37 27 At
2805 4467 47 29 the
2874 4470 103 27 annual
2998 4471 123 36 meeting
3141 4475 27 26 of
3188 4472 47 29 the
3257 4473 75 30 share-

2715 4504 109 31 holders
2845 4506 52 30 last
2918 4508 85 35 week,
3024 4509 46 30 the
3091 4510 130 31 directors
3240 4512 47 30 did
3299 4518 49 25 not

2715 4554 74 18 seem
2813 4551 30 22 at
2866 4547 36 27 all
2927 4548 113 28 anxious
3059 4552 28 26 to
3109 4550 62 28 take
3192 4551 88 29 either
3301 4553 47 28 the

2714 4583 91 35 public
2817 4593 31 19 or
2860 4585 46 27 the
2920 4586 164 30 subscribers
3096 4588 60 28 into
3177 4589 73 29 their
3262 4591 70 28 confi-

2714 4620 94 29 dence.
2846 4623 76 36 They
2941 4629 74 23 went
3037 4634 29 19 so
3085 4626 42 28 far
3146 4637 29 17 as
3195 4631 28 24 to
3245 4628 103 29 inform

2714 4659 47 28 the
2774 4668 96 28 parers
2883 4661 61 29 that
2956 4662 67 37 they
3033 4664 80 28 could
3125 4665 35 28 do
3170 4666 116 29 without
3301 4667 47 29 the

2714 4706 128 27 presence
2861 4700 30 27 of
2901 4700 45 28 the
2958 4705 142 32 reporters.
3138 4705 77 31 Now,
3228 4706 29 26 in
3273 4715 74 19 some

2714 4745 84 24 cases,
2829 4736 23 28 it
2881 4738 23 27 is
2934 4738 133 29 desirable
3097 4740 61 29 that
3189 4742 80 28 when
3300 4743 46 29 the

2714 4773 130 30 directors
2866 4775 31 29 of
2914 4786 16 18 a
2944 4777 90 36 public
3056 4788 137 28 company
3205 4791 45 18 are
3263 4781 84 30 about

2714 4816 28 23 to
2756 4822 78 27 cany
2852 4819 49 23 out
2913 4825 75 17 some
3010 4817 119 34 gigantic
3151 4820 140 34 operation
3307 4830 25 18 re-

2714 4851 109 36 quiring
2844 4861 117 30 secrecy,
2975 4854 152 35 artfulness,
3142 4865 30 19 or
3191 4857 154 35 discretion,

2716 4890 75 35 (such
2806 4901 30 19 as
2849 4901 55 19 was
2925 4892 47 30 the
2993 4903 61 20 case
3067 4896 28 27 in
3109 4896 47 29 the
3174 4898 132 35 purchase
3320 4899 28 28 of

2714 4929 46 27 the
2775 4930 70 27 Suez
2858 4931 85 27 Canal
2954 4932 94 28 shares
3061 4934 36 34 by
3109 4935 127 34 Disraeli)
3252 4936 63 28 then
3325 4938 22 26 it

2714 4967 22 27 is
2749 4976 144 29 necessary
2906 4972 28 25 to
2948 4969 64 37 play
3025 4970 66 29 dark
3104 4972 40 28 for
3156 4982 16 18 a
3186 4973 66 29 time
3264 4983 6 22 ;
3288 4974 58 35 but,

2714 5005 42 28 for
2768 5006 46 28 the
2827 5007 154 37 Champion
2995 5009 167 38 Company's
3175 5012 129 28 directors
3318 5019 27 21 to

2714 5044 135 28 endeavor
2862 5048 28 25 to
2903 5046 64 28 hide
2988 5047 46 28 the
3048 5047 68 39 light
3129 5049 31 28 of
3174 5050 72 29 their
3257 5053 89 35 year's

2714 5082 98 35 doings
2825 5085 86 29 under
2929 5096 16 18 a
2958 5086 96 29 bushel
3067 5098 56 19 was
3144 5099 16 18 a
3178 5099 81 26 grave
3272 5101 74 18 error

2714 5122 30 26 of
2761 5122 164 36 judgment;
2954 5125 66 36 they
3044 5125 46 28 did
3115 5131 48 24 not
3193 5128 83 28 burke
3299 5138 30 18 en-

2714 5159 89 40 quiry,
2834 5172 31 20 or
2894 5169 115 32 prevent
3044 5165 72 30 their
3155 5168 104 29 actions
3291 5168 55 29 and

2714 5200 112 30 balance
2866 5203 76 29 sheet
2972 5205 69 28 from
3073 5206 82 33 being
3184 5208 160 34 published;

2713 5239 74 27 what
2808 5240 65 36 they
2894 5242 47 27 did
2961 5251 56 19 was
3036 5247 28 24 to
3086 5253 95 19 arouse
3209 5246 136 36 suspicion

2714 5277 54 29 and
2781 5277 154 31 discontent
2956 5291 102 26 among
3071 5282 46 28 the
3139 5282 205 37 shareholders;

2714 5316 55 27 and
2794 5322 73 23 want
2892 5320 30 25 of
2942 5319 157 29 confidence
3123 5322 24 26 is
3165 5331 16 17 a
3205 5331 65 27 very
3295 5332 33 18 un-

2714 5353 132 31 desirable
2866 5356 101 38 feeling
2988 5361 27 26 to
3035 5366 147 29 propagate
3205 5362 27 26 in
3255 5361 90 36 public

2715 5394 166 35 companies.
2918 5396 43 27 No
2974 5396 85 29 doubt
3072 5397 65 36 they
3150 5399 46 27 did
3208 5399 72 28 their
3288 5400 58 27 best

2714 5433 28 26 to
2763 5432 104 29 further
2887 5433 47 28 the
2953 5434 127 29 interests
3098 5436 30 27 of
3147 5437 46 28 the
3218 5447 127 26 concern,

2714 5470 54 27 and
2782 5471 66 35 they
2861 5472 136 33 evidently
3011 5475 121 26 assessed
3145 5475 70 26 their
3228 5477 116 26 services

2715 5507 52 28 and
2778 5508 100 29 talents
2888 5514 28 24 to
2927 5509 79 39 being
3016 5512 107 38 worthy
3131 5513 29 28 of
3167 5514 177 36 recognition,

2714 5547 41 29 for
2772 5548 66 35 they
2852 5555 41 23 set
2911 5550 80 28 down
3005 5561 15 18 a
3033 5562 61 18 sum
3116 5554 30 26 of
3157 5554 74 28 .£'2oo
3243 5565 30 18 as
3291 5556 55 27 fees

2716 5586 38 26 for
2775 5587 75 26 what
2871 5588 66 35 they
2959 5588 55 28 had
3028 5589 69 27 done
3111 5599 7 24 ;
3137 5591 55 27 this
3205 5592 81 34 being
3307 5602 39 25 so,

2714 5624 89 37 surely
2826 5625 46 29 the
2892 5625 191 33 shareholders
3102 5639 72 21 were
3192 5632 114 29 entitled
3320 5639 26 23 to

2714 5663 31 29 be
2758 5664 81 29 taken
2854 5666 58 28 into
2926 5667 71 28 their
3010 5668 165 30 confidence.
3213 5672 58 27 The
3280 5683 48 25 pay-

2714 5707 76 22 ment
2802 5703 31 27 of
2849 5707 17 12 tk
2878 5703 176 30 honorarium
3105 5710 27 24 to
3145 5708 130 29 directors
3288 5720 43 26 pre-

2715 5740 76 28 vious
2804 5745 27 23 to
2853 5752 16 17 a
2889 5741 129 30 dividend
3039 5743 81 38 being
3141 5746 134 34 declared,
3297 5749 50 28 has

2714 5778 100 38 always
2845 5780 67 28 been
2942 5792 16 17 a
2984 5782 68 29 bone
3077 5785 31 27 of
3131 5789 157 26 contention
3319 5790 27 26 in

2714 5818 164 36 ••oinpanies.
2893 5820 53 27 and
2961 5821 28 27 in
3010 5821 53 28 this
3076 5833 69 23 case,
3160 5834 29 18 as
3203 5825 75 30 there
3292 5827 53 28 had

2717 5856 64 28 been
2795 5867 15 17 a
2824 5857 68 31 good
2906 5858 59 28 deal
2979 5860 30 27 of
3019 5861 188 32 questionable
3217 5874 108 19 manure-

3383 225 86 27 ruent,
3484 219 44 29 the
3544 219 129 28 directors
3687 217 88 37 might
3789 217 69 30 have
3873 219 76 29 acted
3963 220 28 29 in
4005 232 15 19 a

3382 269 134 26 generous
3547 258 77 35 spirit
3657 257 52 27 mid
3738 258 68 27 liave
3833 257 112 29 allowel
3974 260 43 29 the

3382 299 124 38 question
3523 298 25 27 oi
3563 301 53 23 tecs
3631 299 26 25 to
3672 297 67 26 have
3753 295 76 29 stood
3844 305 64 19 over
3921 298 39 26 till
3972 298 44 30 the

3382 338 85 30 result
3487 338 29 28 of
3528 337 45 28 the
3589 336 58 28 first
3666 335 76 28 three
3758 335 111 28 months
3888 337 129 36 smelting

3382 383 155 28 operations
3558 375 17 26 h
3587 375 25 26 td
3633 374 99 35 proved
3756 374 44 27 the
3824 374 76 27 value
3923 376 30 26 of
3972 377 44 27 the

3382 417 136 33 property.

3418 463 70 25 Next
3514 467 28 21 to
3564 460 46 27 the
3631 460 124 35 question
3775 459 30 27 of
3826 459 44 27 the
3888 460 128 37 quantity

3381 500 54 29 and
3462 499 106 38 quility
3593 494 29 33 of
3645 498 45 28 the
3716 505 56 25 ore,
3796 497 21 29 is
3838 497 60 29 that
3918 499 30 28 of
3969 501 45 29 the

3382 540 45 28 the
3450 539 81 34 {nice.
3571 538 105 26 Fifteen
3697 545 30 18 or
3745 541 105 30 twenty
3867 545 78 26 years
3965 547 50 23 ago

3381 586 98 27 copper
3493 584 54 19 was
3561 575 87 28 worth
3669 574 83 28 about
3775 575 70 27 £ll2
3866 584 47 27 per
3927 582 45 21 ton
3987 577 28 29 in

3382 616 45 28 the
3453 615 93 28 Home
3573 613 129 28 markets.
3742 613 68 27 Now
3837 615 20 26 it
3882 614 21 28 is
3929 617 85 26 worth

3383 656 63 25 .£4O.
3485 654 76 25 Then
3588 653 46 25 the
3658 652 87 27 Burra
3767 652 90 26 mines
3878 653 28 26 in
3930 653 85 28 South

3382 692 146 32 Australia,
3551 691 47 27 the
3620 700 45 18 ore
3679 690 30 27 of
3720 690 89 26 which
3833 691 128 27 rendered
3983 693 35 26 03

3382 736 131 32 percent,
3535 732 29 27 of
3584 729 91 30 metal,
3689 729 63 37 paid
3775 738 134 20 immense
3922 730 95 36 profits

3382 777 26 19 t>)
3425 771 44 25 the
3483 779 116 17 owners.
3637 769 55 25 For
3704 777 75 17 some
3792 777 81 25 years
3880 774 60 29 past
3951 770 65 34 they

3382 808 69 28 have
3476 807 94 29 ceased
3596 805 92 35 work;
3709 805 54 28 and
3786 805 64 36 only
3871 806 91 37 lately,
3988 808 27 30 in

3380 857 129 27 response
3530 853 27 22 to
3577 847 47 27 the
3645 856 47 25 cry
3714 846 30 27 of
3765 846 47 28 the
3833 848 183 35 unemployed

3381 886 52 27 and
3456 885 156 36 depression
3633 885 28 26 in
3685 883 61 29 that
3759 885 107 34 colony,
3887 885 46 27 the
3956 895 44 26 pro-

3382 925 113 35 prietors
3510 923 98 28 offered
3622 926 28 25 to
3664 926 69 24 start
3753 922 45 28 the
3820 922 88 29 mines
3921 933 35 18 on
3970 925 45 27 thu

3382 962 144 35 half-wage
3549 967 115 31 system,
3687 961 48 28 but
3754 961 23 27 it
3799 961 89 28 would
3902 967 48 22 not
3972 963 42 33 do,

3380 1002 53 26 and
3460 1002 46 27 the
3534 1005 117 32 attempt
3670 1009 55 18 was
3750 999 171 29 abandoned.
3958 1001 58 29 The

3382 1050 109 17 reasons
3516 1041 30 26 of
3565 1041 46 26 the
3634 1039 47 27 fall
3702 1040 26 26 in
3749 1039 73 35 price
3840 1049 46 17 are
3911 1040 105 36 mainly

3381 1078 45 26 the
3446 1077 124 27 lessened
3591 1076 120 28 demand
3733 1076 42 28 for
3787 1085 99 28 copper
3904 1078 28 26 in
3951 1087 46 19 con-

3380 1126 133 26 sequence
3526 1119 30 25 of
3566 1116 58 28 iron
3640 1115 75 37 ships
3732 1114 95 37 taking
3841 1116 46 28 the
3900 1117 75 36 place
3989 1117 29 28 of

3382 1154 110 28 wooden
3515 1164 74 20 ones,
3610 1154 56 27 and
3688 1154 46 27 the
3757 1154 143 35 discovery
3918 1155 30 27 of
3964 1156 33 26 im-

3381 1202 93 18 mense
3502 1192 64 28 beds
3591 1193 31 27 of
3643 1192 92 28 native
3763 1201 101 27 copper
3887 1196 28 24 at
3941 1193 74 29 Lake

3382 1231 127 36 Superior
3548 1231 90 28 where
3676 1233 20 26 it
3730 1241 50 18 can
3812 1231 31 28 be
3883 1231 130 36 virtually

3380 1269 124 35 quartied
3530 1274 64 27 out;
3624 1269 46 28 the
3695 1270 166 36 proprietors
3883 1270 31 27 of
3935 1271 77 27 these

3380 1316 88 17 mines
3483 1307 78 37 being
3573 1308 84 34 ready
3673 1313 27 21 to
3711 1308 98 34 supply
3820 1317 35 17 an
3867 1307 146 28 unlimited

3380 1346 135 38 quantity,
3530 1346 48 29 but
3600 1345 150 39 preferring
3763 1350 28 25 to
3814 1346 66 38 only
3894 1346 59 29 feed
3967 1347 45 29 the

3382 1385 105 29 market
3507 1396 28 17 as
3556 1387 125 33 required
3696 1393 27 19 to
3742 1392 113 29 prevent
3874 1396 16 17 a
3912 1388 105 26 further

3380 1422 47 27 fall
3441 1423 25 25 in
3483 1422 87 28 value.
3609 1424 74 25 Thus
3702 1423 66 27 then
3793 1423 46 27 the
3862 1423 154 37 Champion

3380 1462 143 36 Company
3539 1461 68 30 have
3622 1467 26 23 to
3663 1462 57 28 face
3740 1462 46 28 the
3807 1462 163 37 probability
3989 1464 29 28 of

3380 1510 16 17 a
3410 1501 54 26 stiil
3488 1500 103 28 further
3612 1500 55 34 fall,
3690 1501 52 27 and
3767 1502 45 26 the
3834 1503 134 34 certainty
3988 1503 30 27 of

3380 1538 102 34 having
3491 1545 25 22 to
3526 1539 75 29 work
3612 1544 45 24 out
3667 1549 14 19 a
3693 1539 187 36 questionable
3889 1541 127 36 quantity

3380 1578 28 25 of
3419 1586 45 18 ore
3478 1577 30 28 of
3516 1587 13 18 a
3546 1577 125 28 declared
3686 1579 78 26 value
3778 1579 30 26 of
3814 1579 69 26 from
3897 1580 31 25 12
3942 1587 26 19 to
3983 1582 33 25 25

3380 1624 47 26 per
3439 1621 70 22 cent,
3524 1615 29 28 of
3564 1615 92 28 metal.
3693 1615 58 29 Tho
3765 1621 125 32 prospect
3902 1617 23 28 is
3938 1624 48 22 not
3999 1628 16 18 a

3380 1654 127 34 cheering
3527 1664 60 23 one,
3610 1655 54 26 and
3680 1655 12 26 1
3707 1655 134 36 sincerely
3864 1662 71 21 trust
3954 1656 62 28 that

3382 1690 73 28 there
3481 1692 22 26 is
3525 1701 15 19 a
3566 1691 122 34 brighter
3709 1697 125 31 prospect
3857 1693 88 28 before
3968 1694 46 28 the

3381 1739 135 28 company
3542 1729 65 30 than
3634 1730 22 29 is
3683 1737 28 23 at
3736 1737 108 31 present
3871 1739 141 30 apparent.

3382 1769 101 27 Neisou
3498 1769 21 27 is
3534 1770 131 31 certainly
3681 1770 26 27 in
3722 1775 72 22 want
3814 1771 30 26 of
3860 1771 155 30 something

3381 1810 27 25 to
3421 1816 60 25 give
3495 1815 22 20 it
3530 1816 16 20 a
3559 1812 66 24 start
3637 1814 47 22 out
3697 1808 30 29 of
3734 1808 35 28 its
3777 1814 112 31 present
3895 1808 119 36 dulness,

3381 1846 52 28 and
3449 1847 46 27 the
3509 1848 146 27 successful
3669 1848 123 33 working
3805 1848 29 27 of
3841 1848 76 29 these
3929 1850 88 27 mines

3381 1885 89 25 would
3485 1885 31 25 be
3530 1895 16 16 a
3561 1885 129 26 veritable
3706 1886 151 25 God-send.

3417 1929 27 29 It
3469 1930 23 29 is
3517 1930 85 37 really
3628 1931 150 38 refreshing
3798 1937 28 25 to
3850 1932 82 30 know
3957 1933 60 31 that

3382 1969 79 27 when
3483 1970 155 35 everybody
3666 1971 54 26 else
3741 1971 22 26 is
3784 1973 186 36 complaining
3990 1975 30 26 of

3382 2006 57 28 dull
3463 2008 80 27 times
3562 2007 54 28 and
3638 2007 164 37 depression,
3826 2010 73 29 there
3919 2011 22 28 is
3964 2021 52 20 one

3383 2056 64 18 man
3461 2046 48 29 left
3522 2057 102 25 among
3639 2056 29 19 us
3683 2049 60 26 who
3757 2050 100 26 refuses
3871 2055 27 22 to
3912 2050 102 29 believe

3382 2084 136 35 anything
3532 2084 53 28 else
3600 2086 66 26 than
3682 2085 56 28 that
3760 2095 38 19 we
3818 2096 45 18 are
3881 2096 120 28 progress-

3384 2122 55 34 ing,
3453 2122 54 29 and
3529 2122 61 29 that
3603 2129 128 31 property
3746 2124 21 28 is
3786 2136 63 17 ever
3863 2126 154 30 increasm*

3384 2161 27 27 in
3426 2161 87 28 value.
3551 2161 72 28 That
3636 2171 63 19 man
3713 2163 23 27 is
3745 2163 48 29 the
3800 2173 120 20 assessor
3929 2166 87 29 under

3383 2199 46 28 the
3462 2199 131 37 Property
3625 2201 64 27 Tax.
3730 2202 42 27 lie
3797 2202 88 30 alone,
3917 2205 80 34 smgle-

3383 2237 119 32 handed,
3525 2239 55 26 and
3602 2239 221 35 {-ingle-minded,
3843 2244 93 26 insists
3957 2244 61 28 that

3384 2275 72 27 since
3488 2276 46 26 the
3567 2276 52 27 last
3647 2277 148 31 valuation,
3827 2279 81 28 taken
3939 2281 76 28 three

3384 2323 79 25 years
3476 2323 60 26 ago,
3551 2321 127 35 property
3691 2315 50 28 has
3752 2318 81 28 risen,
3845 2319 53 27 and
3912 2326 53 21 sets
3979 2329 37 26 up

3384 2352 43 26 his
3437 2352 55 35 ipse
3503 2352 68 26 dixit
3582 2354 107 34 against
3696 2356 146 35 refractory
3854 2357 165 28 freeholders

3385 2390 62 28 who
3468 2390 104 29 decline
3596 2396 27 23 to
3646 2390 31 30 he
3691 2394 150 28 comforted
3862 2394 35 37 by
3918 2396 46 29 the
3977 2397 27 28 in-

3384 2429 103 26 fliction
3513 2430 30 26 of
3563 2437 77 19 extra
3670 2432 121 26 taxation
3823 2434 27 25 in
3880 2437 35 23 its
3947 2439 72 23 most

3386 2465 197 38 objectionable
3603 2467 87 35 form;
3711 2469 59 28 that
3795 2469 22 28 is
3842 2470 85 29 direct
3951 2473 65 27 cash

3385 2511 48 22 out
3446 2506 30 27 of
3486 2505 98 37 pocket
3596 2507 75 28 twice
3686 2518 16 17 a
3715 2518 73 25 year,
3803 2510 143 34 according
3959 2516 27 23 to
4000 2522 17 17 a

3386 2546 89 25 man's
3500 2554 105 23 means,
3631 2556 30 17 or
3685 2547 93 28 rather
3803 2549 45 28 the
3873 2553 143 25 assessor's

3387 2583 155 28 valuations
3562 2584 31 27 of
3610 2585 43 26 his
3676 2584 167 36 belongings.
3880 2589 56 27 Not
3953 2590 66 34 only

3386 2630 45 17 are
3447 2621 42 26 his
3508 2622 125 34 opinions
3654 2632 35 17 on
3710 2624 92 26 values
3821 2626 129 34 singular,
3970 2626 49 29 but

3388 2658 42 27 his
3444 2667 116 19 maimer
3572 2660 30 26 of
3613 2659 166 37 performing
3791 2662 43 28 his
3852 2663 89 28 duties
3960 2665 56 28 still

3387 2706 75 19 more
3483 2707 39 19 so.
3559 2698 58 29 The
3636 2700 178 30 instructions
3834 2702 90 29 issued
3948 2703 71 29 from

3386 2736 69 29 head
3461 2742 133 31 -quarters
3624 2739 146 29 contained
3805 2741 46 28 the
3883 2742 137 33 following

3387 2775 89 26 clause
3488 2783 41 18 :—
3532 2778 16 12 •*
3560 2777 89 26 When
3665 2777 109 34 leaving
3791 2779 84 26 forms
3894 2780 30 26 of
3939 2787 67 20 state-

3388 2817 75 22 ment
3476 2822 34 17 an
3525 2822 119 19 assessor
3663 2814 99 27 should
3783 2816 137 28 endeavor
3934 2822 26 23 to
3974 2827 44 18 see

3388 2850 45 27 the
3446 2860 91 18 owner
3551 2861 29 16 or
3593 2853 127 35 occupier
3738 2853 31 28 of
3779 2864 13 17 a
3807 2861 136 30 property,
3963 2857 56 27 and

3386 2893 21 22 it
3420 2889 22 25 is
3456 2888 133 28 desirable
3602 2890 59 27 that
3675 2891 33 28 he
3730 2893 96 26 should
3846 2894 92 27 confer
3950 2895 67 26 witii

3386 2926 46 26 the
3445 2936 93 17 owner
3550 2937 23 16 o;
3588 2928 55 27 real
3657 2937 130 28 property
3807 2940 29 17 as
3850 2935 27 23 to
3890 2932 34 27 its
3938 2932 79 27 value

3505 2964 132 29 Whether
3675 2968 46 27 the
3760 2968 158 36 gentleman
3955 2970 62 28 who

3386 3004 150 28 undertook
3550 3004 46 29 the
3609 3005 74 29 work
3695 3008 164 28 understood
3873 3009 42 28 his
3928 3009 89 28 duties

3384 3042 54 25 and
3452 3043 157 24 considered
3622 3052 15 17 a
3650 3045 159 25 conference
3826 3047 28 23 in
3873 3046 66 25 each
3953 3055 61 17 case

3383 3079 45 24 too
3452 3078 83 26 much
3560 3078 113 32 trouble,
3699 3088 31 18 or
3760 3081 122 27 whether
3904 3081 32 28 he
3958 3091 56 18 was

3384 3114 29 28 of
3435 3114 109 37 opinion
3558 3116 61 28 that
3631 3116 47 29 the
3697 3118 73 28 chief
3789 3118 32 28 of
3839 3119 46 28 the
3906 3120 91 35 depart-

3383 3159 77 21 ment
3485 3163 56 17 was
3565 3154 103 35 pok'ng
3696 3156 57 31 fun,
3779 3166 30 17 or
3832 3158 125 26 whether
3980 3159 35 25 h<>

3384 3190 117 34 thought
3513 3201 106 19 owners
3631 3192 30 28 of
3671 3199 129 31 property
3819 3203 70 19 were
3903 3205 15 17 a
3931 3194 40 29 lot
3989 3194 31 30 of

3382 3239 9 18 1
3401 3229 53 28 lots
3468 3230 61 27 who
3542 3231 78 27 knew
3634 3232 115 33 nothing
3768 3232 82 28 about
3870 3234 72 27 their
3953 3244 63 18 own

3384 3267 99 32 affairs,
3498 3278 30 17 or
3541 3269 138 28 whatever
3701 3271 79 26 other
3793 3272 108 27 notions
3921 3281 33 18 on
3969 3272 47 28 the

3384 3307 103 35 suhject
3501 3307 33 28 he
3549 3317 63 26 may
3626 3307 70 29 have
3714 3309 55 28 had
3783 3309 14 28 I
3810 3309 79 29 know
3906 3318 57 21 not.
4003 3312 13 27 I

3384 3345 70 28 have
3476 3353 48 21 not
3544 3346 82 29 heard
3650 3348 30 29 of
3694 3358 108 26 anyone
3824 3349 35 29 he
3878 3350 140 29 conferred

3384 3384 77 31 with,
3483 3384 49 28 but
3555 3385 13 25 I
3593 3385 71 27 have
3689 3387 85 25 heard
3798 3387 101 27 dozens
3924 3388 30 26 of
3976 3389 27 24 in-

3384 3419 117 29 furiated
3525 3425 145 32 taxpayers
3691 3422 81 35 using
3791 3431 16 21 a
3825 3423 67 28 kind
3913 3424 31 28 of
3961 3424 43 28 lan-

3384 3467 87 25 guage
3480 3469 69 24 your
3558 3469 63 25 type
3630 3460 133 28 wouldn't
3772 3462 75 34 spell,
3857 3472 35 16 on
3903 3469 117 21 account

3384 3495 31 27 of
3433 3495 45 27 the
3501 3505 119 18 assessor
3638 3497 114 34 making
3772 3499 77 27 them
3868 3504 48 22 out
3934 3502 28 25 to
3984 3500 33 26 be

3384 3533 183 39 disgustingly
3592 3535 70 35 rich,
3687 3537 91 29 whilst
3802 3538 66 37 they
3892 3539 126 29 consider

3384 3572 164 29 themselves
3569 3580 74 28 quite
3669 3575 46 27 the
3740 3586 114 17 reverse.
3890 3577 129 36 Anyhow

3384 3619 17 19 ft
3420 3610 99 36 special
3544 3616 119 23 steamer
3682 3612 55 29 had
3758 3618 29 23 to
3810 3613 33 29 be
3864 3619 50 32 put
3936 3624 36 19 on
3993 3620 27 24 to

3384 3659 105 25 convey
3503 3650 46 27 the
3563 3650 150 36 objections
3726 3656 28 24 to
3773 3653 177 33 Wellington,
3964 3655 55 26 and

3384 3686 47 28 the
3456 3687 84 27 board
3560 3688 29 26 of
3606 3690 141 27 reviewers
3764 3690 57 27 will
3842 3691 70 27 have
3931 3701 15 17 a
3967 3701 53 25 gay

3384 3723 45 31 old
3444 3725 65 30 time
3528 3725 81 31 when
3622 3726 65 39 they
3700 3728 44 30 sit.
3783 3729 12 29 I
3816 3729 69 29 have
3904 3740 35 19 an
3957 3730 63 30 idea

3385 3765 61 26 that
3472 3766 55 26 this
3555 3766 22 27 is
3602 3775 52 18 one
3678 3767 31 27 of
3731 3768 109 35 Vogel's
3865 3769 102 32 dodges
3990 3775 29 22 to

3386 3810 82 27 prove
3482 3801 42 29 his
3537 3803 138 37 prophecy
3689 3803 30 28 of
3725 3809 53 24 two
3791 3815 80 26 years
3884 3816 60 25 ago,
3957 3807 61 28 that

3386 3840 45 28 the
3447 3841 97 35 colony
3562 3842 90 27 would
3675 3843 120 28 advance
3815 3844 37 35 by
3870 3845 76 35 leaps
3965 3846 55 27 and

3386 3878 106 28 bounds
3504 3879 24 28 if
3537 3880 66 36 they
3617 3881 89 27 would
3719 3885 50 33 put
3782 3882 57 27 him
3854 3883 30 27 in
3896 3883 86 28 office.

3420 3927 90 27 When
3523 3937 16 18 a
3552 3928 62 28 civil
3627 3933 110 25 servant
3755 3930 30 28 of
3801 3930 67 37 high
3889 3931 131 36 standing

3386 3965 108 36 departs
3513 3966 56 28 this
3590 3967 45 27 life
3655 3968 76 28 there
3743 3968 24 28 is
3779 3970 109 35 usually
3909 3979 16 18 a
3946 3971 71 34 good

3385 4003 61 26 deal
3459 4004 30 27 of
3498 4005 128 34 practical
3640 4006 148 36 sympathy
3805 4006 95 28 shown
3922 4017 35 25 03'
3970 4008 47 26 the

3386 4042 122 35 paternal
3517 4042 206 35 Government;
3742 4045 158 28 sometimes
3910 4045 21 28 it
3940 4045 77 28 takes

3385 4080 46 27 the
3443 4080 84 35 shape
3541 4080 30 27 of
3580 4090 15 17 a
3608 4084 89 32 year's
3710 4083 100 35 salary,
3832 4084 81 34 given
3926 4087 29 24 to
3973 4084 44 27 his

3385 4117 97 29 widow
3494 4118 54 29 and
3565 4118 107 39 family,
3692 4125 158 26 sometimes
3863 4132 15 19 a
3891 4122 125 38 pension,

3384 4158 157 29 sometimes
3555 4169 15 17 a
3584 4160 75 36 lump
3680 4170 61 18 sum
3751 4172 30 17 a;
3795 4162 129 36 gratuity.
3960 4163 58 27 But

3384 4195 22 28 it
3421 4195 95 29 makes
3529 4206 14 18 a
3556 4197 71 37 heap
3640 4198 31 28 of
3685 4198 145 30 difference
3843 4201 23 27 if
3876 4210 15 18 a
3904 4200 113 29 humble

3385 4234 105 29 laborer
3503 4236 29 28 in
3545 4237 47 27 the
3606 4238 187 28 Government
3811 4248 53 26 pay
3878 4240 57 27 dies
3948 4240 69 27 after

3384 4272 66 34 long
3479 4275 117 31 service;
3626 4276 30 25 in
3687 4276 56 26 this
3778 4285 60 17 case
3869 4277 46 27 the
3945 4276 71 34 rigid

3384 4318 135 30 economy
3532 4321 40 20 we
3587 4312 65 29 hear
3665 4322 29 20 so
3708 4313 81 30 much
3803 4313 30 30 of
3852 4319 28 25 at
3899 4314 116 30 election

3384 4351 82 27 times
3490 4351 23 28 is
3534 4353 156 36 religiously
3712 4358 50 31 put
3784 4354 29 27 in
3835 4355 80 27 force.
3951 4355 37 27 As
4001 4365 16 17 a

3386 4396 60 19 case
3466 4389 28 27 in
3514 4391 77 34 poiut
3619 4391 47 28 the
3688 4391 54 28 late
3765 4391 44 29 Mr
3826 4391 73 29 Wm.
3922 4392 94 34 Hugh,

3384 4436 52 19 one
3449 4428 31 27 of
3490 4428 45 28 the
3549 4428 124 36 pioneers
3692 4431 30 27 of
3737 4430 46 28 the
3806 4431 140 30 Province,
3961 4431 55 28 had

3384 4466 78 27 acted
3487 4467 42 27 for
3552 4467 122 28 between
3695 4470 34 26 80
3748 4469 55 28 and
3827 4470 34 27 40
3882 4480 80 25 years
3987 4479 31 18 as

3386 4504 98 30 Native
3496 4506 174 38 Interpreter.
3708 4508 52 29 His
3773 4508 90 37 salary
3871 4508 146 38 originally

3384 4553 56 18 was
3454 4546 56 27 .£BO
3522 4555 48 26 per
3582 4555 114 19 annum.
3733 4548 34 26 In
3776 4556 15 18 a
3802 4548 30 26 fit
3845 4548 30 27 of
3880 4557 135 25 economy

3385 4582 20 27 it
3424 4591 58 19 was
3504 4584 115 28 reduced
3642 4594 75 18 some
3741 4595 67 25 year
3831 4595 51 24 ago
3906 4590 28 24 to
3959 4585 61 29 half

3384 4621 61 27 that
3459 4631 70 18 sum.
3568 4622 81 28 Some
3663 4623 111 27 months
3788 4623 68 27 back
3877 4624 53 28 this
3949 4633 68 28 poor

3384 4659 44 28 old
3438 4660 128 34 .colonist,
3582 4661 47 28 full
3642 4661 30 28 of
3682 4671 78 26 years
3777 4661 54 28 and
3849 4661 167 35 infirmities,

3384 4698 98 34 passed
3506 4709 78 25 away
3608 4700 108 32 leaving
3740 4700 47 27 but
3814 4700 70 28 little
3908 4701 31 27 of
3960 4702 55 27 this

3384 4736 108 27 world's
3514 4737 84 32 goods
3618 4741 29 22 to
3659 4738 106 27 console
3779 4737 43 28 his
3840 4738 98 28 widow
3960 4739 56 30 ami

3384 4774 103 36 family.
3525 4776 57 26 The
3596 4776 101 27 Nelson
3711 4777 102 27 section
3824 4777 31 28 of
3860 4777 46 28 the
3916 4777 100 30 Native

3384 4813 173 34 department
3570 4814 22 26 is
3602 4815 212 35 comparatively
3823 4816 128 35 wealthy,
3962 4817 55 27 and

3384 4859 51 19 one
3449 4850 90 29 would
3554 4852 138 37 naturally
3706 4858 94 32 expect
3812 4854 61 28 that
3884 4863 15 19 a
3912 4854 104 39 cheque

3382 4890 42 28 for
3443 4896 29 23 at
3491 4891 70 29 least
3581 4892 47 28 the
3648 4898 109 23 current
3778 4896 135 34 quarter's
3925 4896 91 34 salary

3382 4929 90 26 would
3485 4930 70 26 have
3568 4930 68 27 been
3650 4931 159 27 forwarded.
3846 4932 56 28 But
3921 4934 21 26 it
3961 4943 56 18 was

3382 4970 50 24 not
3445 4972 28 22 to
3495 4967 41 28 be.
3574 4968 58 28 The
3654 4969 292 36 Controller-General,
3970 4972 49 29 the

3382 5004 257 34 Auditor-General,
3662 5007 46 28 the
3734 5008 95 29 Public
3854 5009 83 29 Trust
3962 5011 35 28 De-

3382 5047 148 32 partment,
3555 5045 54 28 and
3635 5045 46 29 the
3711 5047 17 26 xN
3729 5045 4 40 T
3737 5047 72 28 ative
3834 5047 183 38 Department

3382 5082 195 36 interchanged
3596 5084 83 29 about
3699 5087 60 26 four
3777 5087 136 28 thousand
3934 5099 82 25 pages

3382 5121 30 25 of
3421 5121 119 37 foolscap
3560 5131 36 18 on
3618 5123 46 27 the
3677 5123 113 36 subject,
3811 5125 55 28 and
3889 5127 67 27 used
3980 5136 39 28 up

3384 5159 73 29 £240
3476 5161 87 29 worth
3586 5162 30 28 of
3626 5163 154 37 telegrams,
3800 5165 55 29 and
3878 5165 66 30 then
3964 5167 40 29 dis-

3383 5201 113 27 covered
3516 5202 47 27 the
3585 5202 62 28 date
3670 5213 36 18 on
3719 5204 88 28 which
3823 5205 34 28 he
3878 5206 62 27 died
3962 5207 56 28 and

3383 5238 96 35 passed
3493 5248 15 18 a
3522 5240 104 36 cheque
3639 5240 42 28 for
3694 5247 130 30 payment
3838 5244 42 27 for
3897 5246 33 25 29
3950 5244 67 36 days

3383 5277 16 27 2
3412 5275 83 31 hours
3509 5277 100 36 salary.
3646 5280 67 28 This
3725 5282 23 27 is
3766 5282 75 28 what
3853 5283 86 35 Vogel
3952 5284 66 27 calls

3444 5316 59 35 just
3516 5318 183 34 appreciation
3722 5320 29 26 of
3771 5320 45 28 old
3836 5322 54 27 and
3909 5322 110 28 faithful

3382 5352 105 30 officers
3501 5364 28 19 in
3544 5355 44 29 the

3417 5401 28 27 W
3446 5402 6 10 r
3454 5411 14 18 e
3494 5412 45 18 are
3563 5405 162 36 apparently
3748 5416 35 17 on
3805 5407 47 29 the
3877 5417 49 19 eve
3953 5409 31 28 of
4004 5418 16 19 a

3382 5441 109 33 general
3511 5442 125 35 election,
3657 5445 55 28 and
3735 5446 140 29 M.H.R.'s
3894 5447 37 28 all
3953 5457 66 20 over

3383 5480 46 24 the
3454 5480 100 35 colony
3579 5491 45 17 are
3649 5482 27 28 in
3703 5492 15 18 a
3749 5489 68 22 state
3843 5485 29 26 of
3901 5494 116 19 nervous

3383 5517 110 38 anxiety
3507 5527 29 21 as
3552 5528 25 20 to
3592 5520 71 30 their
3676 5529 103 23 return.
3817 5524 14 29 I
3849 5524 79 30 think
3942 5524 75 31 there

3383 5557 55 28 will
3463 5558 32 27 be
3520 5569 15 17 a
3558 5560 51 27 few
3631 5562 119 35 changes
3772 5564 29 26 in
3823 5565 55 26 this
3902 5565 114 27 district.

3384 5593 59 30 The
3450 5595 106 30 Mutual
3563 5597 173 32 Admiration
3748 5600 108 38 Society
3867 5602 30 28 of
3907 5603 109 33 Nelson,

3384 5634 30 29 of
3432 5635 88 30 which
3543 5637 46 29 the
3613 5639 55 37 city
3682 5641 123 29 member
3826 5644 23 26 is
3870 5642 147 35 President,

3383 5675 55 26 and
3460 5685 16 17 a
3490 5678 96 34 couple
3606 5680 30 25 of
3652 5689 59 18 new
3723 5680 81 28 blood
3826 5682 103 35 (J.P.'s)
3953 5684 66 26 Vic?

3384 5712 116 33 Dittoes,
3514 5724 45 19 are
3574 5724 64 28 very
3652 5717 69 36 busy
3744 5718 100 32 feeling
3862 5720 47 27 tbe
3930 5720 89 36 pulses

3384 5750 30 29 of
3425 5751 45 29 the
3484 5753 53 28 free
3551 5755 55 28 and
3619 5755 184 38 independent
3815 5757 114 31 electors
3942 5767 6 19 :
3969 5758 48 30 but

3384 5789 26 29 if
3418 5790 73 29 their
3503 5801 106 21 success
3621 5795 24 28 is
3657 5800 28 24 to
3709 5796 30 27 be
3763 5797 106 36 guaged
3890 5797 35 36 by
3950 5798 70 29 their

3385 5835 203 24 countenances
3602 5833 45 28 the
3659 5835 175 37 preliminary
3846 5833 4 39 <
3861 5845 98 20 anvass
3969 5837 51 28 h.;s

3384 5874 47 21 not
3447 5868 53 28 had
3515 5878 65 27 very
3594 5872 118 28 cheerful
3727 5873 96 28 results
3838 5884 28 17 so
3882 5874 47 28 far.

1157 57 116 41 THE
1330 60 186 44 LYELL
1570 66 187 47 TIMES,
1812 69 304 50 SATURDAY,
2173 72 300 42 FEBRUARY
2530 89 55 36 13,
2646 79 103 38 1886.

161 195 235 31 Government
419 196 151 30 Notices.

155 315 34 29 V.
300 292 143 77 §M
545 315 17 31 B-

318 409 243 28 ASSESSMENT
591 409 79 31 ACT,

95 522 21 29 X
142 523 162 29 neeoiVance
335 524 63 28 with
431 523 46 30 the
508 522 82 31 above
622 526 58 27 Aft.

126 562 87 27 notire
244 563 22 25 is
297 562 101 35 hereby
435 563 77 33 Riven
545 564 59 26 that
635 563 44 28 the

52 598 175 30 Beventeentli
248 599 51 37 day
319 600 30 28 of
365 600 138 36 February
523 605 64 25 next
601 602 21 28 is
636 603 35 27 tin

52 638 73 28 time,
141 638 53 28 rind
215 646 45 29 my
281 640 84 31 office,
381 640 183 28 Government
588 641 78 28 linild-

50 674 70 34 ings,
135 676 176 33 Wellington,
332 678 21 26 i«
374 678 47 28 the
444 679 85 35 place,
543 682 27 24 at
590 678 69 29 whic

52 714 35 27 all
102 724 110 26 persons
225 715 26 28 in
266 715 45 28 the
325 716 97 35 colony
442 725 45 19 are
507 716 131 39 required,
656 718 23 26 in

53 753 163 30 accordance
240 755 63 27 with
325 756 44 27 the
390 755 55 29 said
462 758 58 30 Act,
536 763 26 21 to
575 755 103 29 furnish

50 795 164 25 statements
226 792 33 29 of
267 792 36 29 all
325 794 52 27 real
399 795 52 26 and
472 795 125 35 personal
621 801 43 29 pro-

51 833 77 36 perty
142 829 143 41 belonging
300 838 26 23 to
341 833 84 29 them.

336 880 26 28 J.
384 881 180 32 SPEUREY,

220 917 124 38 Propert)
355 923 54 23 -tax
424 920 220 27 Commissioner.

85 963 176 39 Wellington,
276 967 62 28 14th
353 966 132 38 January,
501 969 45 26 188
546 969 30 26 G.

87 1060 233 27 Note.—Owners
336 1062 58 28 who
407 1062 70 27 have
489 1067 57 22 sent
558 1063 26 26 in
597 1068 67 22 state-

49 1103 90 23 ments
153 1097 29 28 of
192 1103 126 32 property
333 1109 29 18 as
384 1104 27 23 at
433 1101 39 26 Ist
492 1100 115 29 Octoher
628 1101 49 28 last

50 1146 45 19 are
117 1141 47 24 not
184 1138 123 34 required
333 1142 27 24 to
387 1139 104 28 furnish
517 1144 162 24 statements

50 1174 86 28 under
149 1174 45 30 the
208 1175 82 29 above
305 1178 96 26 notice.

85 1211 179 36 Proceedings
278 1218 27 24 to
318 1224 110 19 recover
437 1215 132 37 penalties
578 1217 53 27 will
647 1215 31 30 be

50 1252 80 27 taken
146 1252 106 33 against
265 1263 53 26 any
332 1264 105 26 person,
451 1265 19 17 w
470 1265 5 8 r
478 1255 96 27 he?hcr
598 1256 80 27 liable

50 1296 27 21 to
91 1290 119 28 taxation
233 1301 31 17 or
284 1298 55 22 not,
356 1292 59 27 who
437 1294 119 31 neglects
577 1299 27 21 to
626 1295 39 25 for-

49 1327 74 28 ward
137 1338 15 17 a
165 1331 146 25 statement
321 1331 30 26 of
361 1334 126 33 property
499 1340 33 18 on
547 1340 30 18 or
589 1331 89 28 before

49 1366 47 29 the
109 1365 84 33 above
207 1365 69 32 date.

101 1575 157 29 MISSING
285 1576 167 29 FRIENDS
478 1578 148 28 NOTICE.

50 1651 284 61 INFORMATION
355 1655 151 35 respecting
518 1655 45 29 the
577 1656 84 28 where-

122 1690 95 28 abouts
231 1692 52 26 and
297 1694 159 33 occupation
470 1694 29 25 of
514 1694 46 25 the
581 1695 80 26 under-

49 1729 155 28 mentioned
219 1739 110 25 persons
348 1731 22 27 is
393 1731 162 28 WANTED
577 1731 35 37 by
631 1732 47 28 the

49 1767 140 37 Secretary
203 1769 29 27 of
243 1769 45 28 the
302 1770 117 27 General
433 1771 64 28 Post
510 1771 81 28 Office
602 1780 6 19 :

49 1814 32 26 G.
106 1814 36 27 H.
166 1814 161 31 Thompson,
350 1816 60 28 who
431 1816 47 29 left
501 1818 115 28 London
639 1818 39 29 for

117 1853 193 29 Christchurch
322 1855 26 28 in
362 1856 44 28 the
419 1866 66 26 year
499 1858 75 28 1881.

49 1891 29 27 T.
94 1891 38 27 M.
147 1893 128 26 Flatsox
287 1903 31 16 or
335 1894 123 32 Hatson,
473 1895 50 27 last
546 1896 83 26 heard
653 1897 27 25 of

118 1933 28 23 at
161 1929 122 33 Reefton,
298 1929 81 30 about
394 1931 75 29 three
482 1942 78 25 years
574 1943 59 23 ai'o,
648 1943 29 19 as

115 1969 151 31 engineer's
280 1974 73 25 mate
367 1971 26 27 in
409 1981 15 17 a
436 1971 63 34 gold
513 1972 82 28 mine.

49 2004 66 28 Miss
139 2006 90 27 Janet
257 2007 119 33 Michik,
401 2008 53 28 last
478 2009 84 28 heard
593 2011 30 27 of
650 2015 28 24 at

116 2044 190 37 Qneenstown,
322 2046 185 36 Invercargill.

46 2079 107 32 Victor
165 2084 140 31 Godfbky,
317 2087 60 25 who
388 2087 49 26 has
451 2087 66 27 been
534 2088 142 27 addressed

116 2127 26 23 to
167 2122 152 35 Auckland,
345 2123 49 31 but
413 2132 100 23 cannot
532 2125 31 30 be
586 2127 91 29 traced

113 2161 86 28 there.

269 2200 37 29 H.
328 2201 32 28 G.
381 2202 226 33 YOUNGMAX,

465 2242 175 28 Postmaster.

193 2326 339 34 NOTIFICATION.

301 2545 112 21 MSSBRS.

47 2581 410 59 HALLhNSTEIN
512 2585 161 56 BROS.

63 2652 95 27 Desire
172 2658 27 22 to
212 2653 101 28 inform
327 2655 46 27 the
387 2655 132 27 residents
534 2656 29 26 of
581 2656 78 36 Lyell

115 2690 52 29 and
182 2691 182 37 surrounding
377 2693 118 28 districts
514 2693 60 29 that
592 2705 16 18 a

81 2739 67 29 KE
168 2739 61 30 TA
251 2740 14 28 I
285 2740 21 29 L
400 2742 242 30 BRANCH

305 2788 33 18 OF
357 2788 55 20 THE

183 2814 113 38 NEW
319 2815 221 40 ZEALAND

47 2865 305 78 Clothing
383 2870 297 76 Factory

281 2964 20 21 lI
308 2964 31 22 A*
362 2965 80 22 UE'iTV

45 3005 141 53 Opened
203 3006 37 41 in
268 3008 88 40 New
383 3008 191 52 Buildings
594 3025 85 25 near

107 3062 149 48 Empire
282 3063 118 44 Hotel,
429 3063 180 51 Westport.

80 3166 70 28 t3sf
168 3166 45 27 All
237 3166 92 28 Goods
353 3173 28 21 at
405 3168 117 36 Factory
541 3169 100 27 Trices.

44 3259 43 27 All
102 3261 108 27 Gooocts
223 3270 45 19 are
283 3262 112 28 Marked
414 3262 29 28 in
465 3263 78 28 Plain
564 3265 113 34 Figures

344 3300 40 28 for

45 3345 235 43 fSTNETT
323 3347 133 40 CASH
506 3349 170 41 ONLY!

44 3427 62 35 Any
119 3428 92 26 article
232 3428 163 37 purchased,
409 3430 55 27 and
477 3434 48 24 not
538 3432 137 35 approved

41 3464 37 32 ■of,
104 3465 54 28 will
184 3465 32 28 be
241 3467 158 33 exchanged
424 3469 66 28 with
523 3469 46 28 the
601 3480 74 18 same

43 3507 129 31 courtesy
186 3504 64 26 with
267 3505 87 26 which
368 3509 20 22 it
402 3514 55 18 was
475 3506 68 32 sold,
557 3516 30 17 or
599 3507 23 27 if
631 3507 30 28 de-

105 3540 69 30 sired
189 3542 45 29 the
249 3551 99 27 money
362 3543 55 29 will
431 3544 31 29 he
475 3545 137 29 returned.

45 3579 59 27 The
118 3590 108 18 success
240 3582 88 26 which
344 3583 49 27 has
407 3584 126 27 attended
548 3585 45 26 the
610 3585 67 28 New

80 3617 118 29 Zealand
226 3619 130 33 Clothing
381 3620 139 37 Factory's
552 3622 90 29 Retail

114 3656 141 30 Branches
280 3659 27 27 in
339 3659 138 34 Dunedin,
505 3660 88 30 Christ-

149 3696 113 27 church.
290 3697 174 33 Wellington,
484 3699 70 27 Auck-

183 3733 74 33 land,
271 3734 54 32 and
344 3735 78 30 other
443 3740 95 33 towns,

213 3775 74 26 leads
294 3775 45 27 the
347 3777 163 34 proprietors

254 3817 27 22 to
296 3811 100 30 believe
410 3813 59 29 that

282 3850 74 29 there
363 3852 82 27 exists

355 3900 15 17 a

45 3935 249 40 Praiseworthy
306 3937 110 32 desire
428 3947 45 22 on
483 3938 58 32 the
553 3942 77 36 part
642 3941 38 31 of

94 3981 58 31 the
164 3981 116 38 public
292 3984 37 29 to
341 3989 188 33 encourage
542 3985 86 32 New

175 4025 150 32 Zealand
348 4027 199 32 Industries.

45 4074 156 36 Especially
214 4076 89 28 where
318 4077 122 36 superior
452 4079 164 33 advantages
630 4091 45 18 are

80 4113 109 32 offered,
204 4114 53 28 and
275 4125 69 26 your
356 4121 112 31 support
482 4118 21 27 is
517 4118 123 29 solicited

149 4163 33 19 on
198 4152 52 31 this
269 4154 215 38 understanding
497 4157 73 37 only.

135 4206 36 31 T.
189 4206 438 46 BLENNERHASSETT,

242 4253 130 35 Manager
386 4255 138 36 Westport
537 4257 119 28 Branch.

213 4328 95 30 Stocks
322 4331 26 27 to
363 4329 81 30 select
457 4332 69 28 from
538 4331 27 29 in
581 4331 35 30 all
626 4342 49 19 our

44 4367 148 29 Branches.
231 4369 83 27 NOW
335 4370 108 33 OPEN,
468 4372 54 26 and
543 4372 45 27 the
609 4373 65 35 only

188 4406 110 28 address
311 4408 28 26 in
355 4408 137 37 Westport
504 4410 23 27 is

44 4457 86 38 New
139 4459 179 47 Buildings
329 4471 83 26 near
421 4461 139 46 Empin
570 4463 105 37 Hotel

45 4558 246 31 CALENDAR
309 4560 90 31 FOR
417 4561 92 31 THE
534 4562 135 32 WEEK

286 4647 153 20 February.

128 4695 103 19 I'iiases
244 4695 32 20 of
290 4696 55 19 the
360 4697 82 20 moon.

114 4782 120 29 ;N.Moon-

114 4815 103 40 iFst.Qr
245 4838 7 5 -

286 4753 27 18 D.
334 4753 28 19 H.
376 4754 29 18 M.

289 4784 15 28 4
341 4785 15 27 2
368 4784 82 37 48pm

274 4824 31 24 12
341 4824 16 24 2
373 4822 84 36 lUpmj

70 4857 17 31 ?
119 4859 128 29 Fl.Moon
274 4861 32 26 11)
342 4862 15 27 5
369 4861 80 29 48iw
496 4859 24 18 rjl

71 4890 23 35 ?
115 4900 104 36 Est.Qr
244 4918 7 4 -
271 4902 34 26 20
341 4902 15 27 4
370 4902 87 30 44am!
478 4909 67 22 h.m.

63 4985 31 27 18
115 4980 1 42 I
155 4986 135 36 Saturday
454 4980 3 42 i
478 4989 16 26 5
515 4989 31 27 13

62 5025 32 26 14
115 5015 1 49 I
155 5024 113 36 Sunday
454 5015 3 49 )
478 5029 16 25 5
515 5028 31 26 14

62 5063 32 27 15
115 5062 1 40 |
156 5062 121 37 Monday
479 5068 15 25 5
515 5067 30 27 15

62 5103 32 26 hj)
115 5102 1 35 i
155 5102 125 35 Tuesday
479 5108 15 24 5
515 5106 31 27 10

62 5142 32 26 17
114 5140 2 39 |
154 5140 174 38 Wednesday
480 5146 15 25 5
515 5145 31 27 17

62 5182 32 27 18
114 5179 2 43 |
154 5179 143 40 Thursday
480 5186 14 27 5
517 5186 29 28 Id

62 5221 32 27 19
115 5210 1 56 I
156 5221 99 35 Friday
430 5210 39 56 J_
480 5227 14 25 5
514 5226 34 26 20

191 5288 337 33 NOTICE.

263 5367 170 29 'YELL
485 5367 2 29 !

551 5370 124 29 IMES

45 5441 57 28 Can
125 5441 33 30 be
180 5442 127 31 obtained
330 5444 117 37 through
472 5447 46 28 the
539 5447 138 37 following

45 5487 94 28 agents
151 5482 61 27 who
225 5483 55 26 will
294 5485 56 26 also
364 5487 102 25 receive
488 5487 53 25 and
562 5487 113 26 forward

43 5518 91 28 orders
147 5520 41 27 for
200 5520 231 31 Advertisements
441 5532 30 21 or
481 5523 185 32 Subscribers;

80 5558 238 32 Murchison—Mr
335 5562 28 28 R.
381 5563 96 29 M'Nee

78 5596 218 38 Westport—Mr
309 5600 51 27 Job
375 5602 30 26 L.
419 5602 118 27 Munson

80 5633 196 34 Reefton—Mr
290 5638 112 31 Charles
414 5640 94 30 Cohen

81 5676 183 29 Nelson—Mr
278 5678 41 28 W.
335 5680 36 27 H.
387 5679 76 30 West

81 5715 251 34 Grcymouth—Mr
345 5717 25 27 J.
386 5718 42 26 W.
445 5718 150 30 Parkinson

175 5790 96 29 Tebmh
284 5801 33 18 of
332 5796 200 27 Subscription
544 5790 4 33 :

47 5828 51 29 Per
109 5828 122 36 Annum,
241 5831 30 28 in
283 5830 119 32 advance
534 5835 36 29 £1
609 5837 15 27 6
659 5838 17 26 0

830 192 237 30 Government
1085 193 152 30 Notices.

979 288 121 48 &si<

806 403 146 27 MAIL
1016 404 245 29 NOTICE.

719 498 107 27 mriE
848 498 92 29 Letter
954 499 57 28 Bo*
1025 498 54 30 will
1093 499 32 28 be
1140 498 105 31 cleared
1254 499 40 30 for
1301 499 46 30 the

727 545 35 11 -*-
807 537 129 35 despatch
962 539 29 26 of
1014 539 237 32 Correspondence
1277 541 69 26 from

719 574 43 26 the
776 574 78 28 Lvell
873 576 84 27 Office
979 581 27 23 to
1026 577 46 27 the
1092 578 136 35 following
1246 578 99 36 places,

717 612 52 29 and
786 613 80 29 Mails
879 616 95 31 arrive,
988 625 28 19 as
1036 616 87 28 under
1135 624 42 20 :

949 676 150 19 outwards
1110 677 5 18 :

752 712 54 28 For
836 712 145 38 West-port,
1013 714 162 36 Inangahua
1206 715 141 35 Junction,

719 751 151 31 Cronadun,
894 753 169 35 Boatman's,
1090 756 122 32 Reefton,
1235 757 54 28 and
1309 757 36 29 all

717 790 127 28 southern
865 792 242 35 correspondence:
1130 794 121 38 Sunday,
1267 794 58 29 Wed-

718 827 101 38 nesday
833 828 53 30 and
902 830 109 33 Friday,
1026 836 27 25 at
1066 832 15 29 9
1096 842 63 19 a.m.

752 866 53 28 For
830 868 113 30 White's
965 871 88 29 Point,
1076 872 69 27 Fern
1171 872 70 31 Flat,
1263 874 82 26 Owen

720 905 87 33 River,
830 907 111 29 Nelson,
962 908 54 28 and
1038 909 34 27 all
1094 910 129 28 northern
1247 920 84 20 corres-

716 943 137 37 pondence
864 954 5 18 :
891 946 133 37 Tuesday,
1039 947 144 38 Thursday
1191 948 61 30 and*
1252 948 75 30 Satu-

716 981 62 35 rday.
792 987 28 23 jit
835 984 59 27 1.80
908 994 63 25 p.m.

750 1021 54 27 For
811 1021 157 30 Melbourne
976 1023 52 30 and
1037 1025 154 29 Australian
1206 1026 140 29 Colonies:

716 1060 180 34 Wednesday,
911 1068 27 21 at
951 1064 16 25 9
980 1072 64 17 a.m.

882 1122 4 23 •
917 1122 82 20 MAILS
1026 1123 101 22 ARRIVE
1139 1124 5 20 :

750 1161 80 26 From
856 1161 146 36 Westport.
1025 1162 158 34 Inangahua
1205 1164 140 31 Junction,

715 1197 155 34 Cronadmi,
879 1199 168 35 Boatman's,
1056 1201 123 31 Reefton,
1187 1197 61 37 &c.:
1263 1202 66 30 Tues-

715 1236 61 36 day,
791 1237 143 36 Thursday
948 1239 52 27 and
1016 1240 144 35 Saturday,
1175 1247 25 21 at
1216 1242 16 26 2
1246 1250 64 27 p.m.

749 1276 81 27 From
854 1276 114 29 While's
990 1278 88 32 Point,
1093 1279 68 27 Fern
1178 1279 69 31 Flat,
1262 1280 81 27 Owen

716 1314 88 28 River,
819 1314 112 33 Nelson,
946 1316 61 27 &e.:
1030 1316 120 34 Sunday,
1163 1316 182 38 Wednesday,

715 1350 52 29 and
783 1350 110 40 Friday,
907 1355 27 27 at
947 1354 62 28 9.30
1021 1363 64 19 n.m.

750 1392 82 28 From
846 1393 146 33 Longford,
1009 1394 167 31 Murchison,
1190 1395 54 27 and
1259 1395 68 27 Mata-

715 1428 99 28 kitaki:
835 1430 172 37 Wednesday
1021 1432 54 26 and
1098 1432 122 35 Sunday,
1234 1435 27 24 at
1285 1434 61 26 9.80

750 1544 213 31 N.B.—-Letters
985 1547 158 34 containing
1161 1547 135 36 anything
1318 1549 29 27 of

716 1584 77 27 value
807 1584 96 27 should
919 1585 29 28 be
962 1586 110 27 handed
1083 1592 26 22 to
1120 1587 46 28 the
1178 1587 168 29 Postmaster

716 1626 25 22 to
761 1620 31 29 be
806 1622 156 34 registered.

749 1659 106 30 Letters
869 1662 159 35 containing
1047 1664 70 31 coin,
1138 1664 23 27 if
1178 1663 95 36 posted
1295 1672 32 19 un-

713 1697 153 34 registered,
880 1699 53 28 will
948 1700 33 26 be
995 1702 192 34 compulsorily
1200 1701 144 35 registered

713 1735 52 28 and
780 1736 118 34 charged
912 1737 97 30 double
1023 1740 170 32 registration
1209 1740 48 28 fee.

749 1775 100 35 Money
865 1776 93 34 Order,
974 1778 115 32 Savings
1112 1779 88 32 Bank,
1214 1780 53 26 and
1292 1779 34 27 Go-

714 1818 143 23 vernment
878 1815 150 28 Insurance
1047 1816 131 29 Business
1191 1817 154 29 transacted

713 1862 34 17 on
762 1853 73 28 week
849 1853 66 35 days
929 1854 70 29 from
1013 1857 15 27 9
1042 1865 64 19 a.m.
1120 1856 42 29 till
1175 1858 16 27 4
1204 1866 78 27 p.m.,
1291 1856 54 29 and

712 1900 35 17 on
762 1891 150 36 Saturdays
927 1893 39 26 till
981 1895 15 25 5
1010 1903 65 25 p.m.

939 1944 38 29 H.
999 1945 32 30 G.
1051 1944 226 38 YOUNGMAN,

1133 1987 177 25 Postmaster.
