4120 5920
172 214 136 30 OPEN
346 216 233 29 COLUMN.

64 289 56 30 Our
138 291 125 29 columns
284 303 45 18 are
348 303 68 28 open
438 297 26 24 to
480 293 46 28 ihe
547 291 147 31 disctission

98 330 30 26 of
139 330 34 28 all
189 336 112 23 matters
315 333 30 26 of
357 332 89 37 public
460 333 119 27 interest,
594 331 48 28 but
658 339 38 19 we

99 372 45 23 Are
158 369 27 27 in
201 379 35 18 no
250 378 60 27 way
324 368 138 31 identified
477 370 64 27 with
553 371 45 26 the
613 378 82 19 views

101 407 29 27 of
141 417 48 18 our
202 409 233 36 correspondents.

205 484 314 32 CONTRADICTION.

85 560 44 41 [TO
147 569 56 21 THE
222 571 102 20 EDITOR
343 571 33 19 OF
395 571 55 19 THE
469 571 88 19 LYELL
575 560 103 39 TIMES.]

103 612 58 30 Sir,
164 626 33 4 —
207 611 64 27 Will
302 620 53 26 you
386 611 96 35 kindly
517 609 100 37 permit
652 618 44 18 me

68 646 117 37 through
210 657 69 28 your
303 648 125 29 columns
454 652 28 25 to
507 647 151 28 contradict
682 656 13 18 a

68 685 143 31 irmlicious
225 691 89 33 report
327 689 59 28 that
405 687 49 29 has
470 687 66 28 been
551 686 144 29 circulated

68 727 28 26 in
111 724 55 29 this
179 726 113 27 district.
330 727 27 26 It
370 726 23 27 is
412 726 63 27 with
492 726 135 26 reference
640 729 28 22 to
681 734 15 16 a

68 764 82 29 letter
173 763 62 30 that
262 763 135 39 appeared
426 764 26 28 in
484 763 47 29 the
562 762 135 38 Westport

68 803 92 27 Times
188 804 94 31 signed
306 804 75 26 John
406 802 113 28 Hewitt.
556 802 14 26 I
591 811 45 17 am
655 811 27 17 ac-

68 839 83 28 cused
163 840 30 28 of
203 840 110 34 writing
325 840 46 27 the
384 839 58 28 said
456 839 87 27 letter.
579 838 43 27 All
637 837 58 28 that

70 879 14 29 I
103 879 70 29 have
195 884 29 24 to
245 889 49 27 say
316 887 34 21 on
372 879 47 29 the
440 882 96 25 matter
555 876 24 30 is
598 875 98 39 simply

69 918 179 27 this:—That
272 919 46 26 the
343 926 97 27 person
463 917 61 26 who
550 916 144 27 circulated

69 955 47 31 the
141 960 90 34 report
254 956 23 30 is
297 965 35 20 an
351 955 136 30 infamous
506 954 59 29 liar.
602 954 14 28 I
637 953 61 38 defy

69 1004 55 25 any
148 1004 97 25 person
266 999 28 23 to
315 1004 76 17 come
414 994 114 27 forward
551 994 54 29 and
631 997 66 23 state

68 1032 60 28 that
150 1032 15 28 I
186 1031 80 29 knew
288 1032 134 36 anything
445 1030 83 30 about
551 1029 46 29 the
619 1030 79 28 letter

69 1070 93 30 before
175 1072 92 35 seeing
278 1071 19 29 it
313 1072 28 28 in
351 1072 80 36 print.
468 1071 15 28 I
496 1074 70 25 trust
577 1069 59 30 that
647 1079 52 27 you

148 1119 95 19 excuse
263 1110 45 27 the
328 1110 74 36 plain
424 1110 142 34 language,
589 1118 29 17 as
637 1108 12 26 I
670 1112 28 22 at

69 1148 36 28 all
118 1148 80 29 times
218 1147 52 29 call
283 1158 15 18 a
310 1148 83 37 spade
405 1157 16 19 a
433 1147 91 38 spade.
560 1145 123 38 Apologis-

69 1188 48 33 ing
146 1187 42 27 for
216 1188 167 34 trespassing
412 1195 35 18 on
478 1195 70 25 your
577 1185 122 27 valuable

69 1232 89 30 space,

240 1261 16 31 I
275 1274 45 19 am
339 1265 55 32 &c,

211 1318 11 10 •
409 1301 77 27 John
504 1301 159 27 Campbell.

102 1354 570 8 LATEST

103 1449 243 42 CABLE
434 1449 198 42 NEWS.

328 1563 4 36 •
350 1564 125 31 London,
489 1563 139 36 February
640 1564 25 26 8.

103 1612 45 31 Mr
161 1612 74 31 John
249 1611 92 33 Laish,
353 1611 75 37 Q.C.,
443 1609 256 32 Solicitor-General

68 1662 26 26 of
107 1661 110 27 Ireland
230 1662 28 26 in
272 1660 46 27 the
331 1659 53 27 last
397 1659 149 27 Gladstone
562 1659 137 34 Ministry,

68 1709 51 28 has
138 1708 68 29 been
228 1706 146 39 appointed
400 1705 72 30 Lord
493 1704 161 31 Chancellor
673 1704 30 29 of

68 1755 120 29 Ireland.

487 1800 139 36 February
638 1801 25 27 9.

103 1848 85 31 Order
210 1849 51 29 has
281 1852 27 25 at
327 1847 92 37 length
439 1847 68 29 been
529 1846 120 30 restored
670 1846 28 29 in

66 1896 77 30 West
163 1897 63 29 End
247 1898 69 29 after
337 1898 46 28 the
403 1898 101 28 riotous
524 1897 175 36 proceedings

68 1947 27 24 ot
125 1944 47 28 the
203 1944 194 37 unemployed.
440 1944 58 27 The
528 1945 116 25 amount
671 1943 31 28 of

67 1982 117 36 damage
209 1983 71 29 done
304 1982 50 30 has
378 1985 49 26 not
451 1982 67 29 been
543 1980 69 38 fully
636 1982 49 29 esti-

66 2022 104 32 mated,
183 2022 49 28 but
245 2023 22 27 it
279 2022 23 28 is
315 2020 100 30 known
428 2025 28 25 to
468 2021 33 27 be
513 2022 143 26 immense.

102 2060 111 28 Crowds
250 2060 28 29 of
315 2059 102 34 roughs
452 2058 152 29 assembled
644 2058 55 30 this

67 2098 130 35 morning
220 2098 29 28 in
275 2098 139 32 Trafalgar
440 2098 103 35 Square
568 2097 55 28 and
652 2097 47 28 the

66 2137 124 36 vicinity,
238 2135 50 30 but
329 2146 69 19 were
447 2135 145 37 dispersed.
641 2135 58 29 The

64 2175 142 36 jewellers'
249 2175 92 36 shops,
383 2175 135 32 however,
557 2173 141 29 remained

66 2213 91 28 closed
170 2214 28 28 in
212 2213 179 37 anticipation
405 2214 30 27 of
450 2213 106 28 further
569 2212 129 29 violence.

68 2252 95 28 Public
188 2252 122 37 opinion,
345 2252 147 36 generally,
517 2251 103 28 blames
652 2252 46 27 the

66 2291 86 36 police
175 2291 42 28 for
240 2291 71 28 their
331 2290 121 29 inaction
475 2291 29 27 in
529 2290 57 28 face
606 2290 30 28 of
652 2290 47 28 the

66 2330 103 28 riotous
183 2329 174 37 proceedings
369 2328 155 38 yesterday.

285 2409 201 29 LATEST

81 2463 373 40 AUSTRALIAN
506 2462 173 41 NEWS.

286 2573 187 33 Melbourne,
487 2572 139 37 February
638 2573 25 27 9.

102 2622 28 30 It
153 2623 23 29 is
200 2623 124 37 reported
350 2624 61 28 that
441 2622 178 29 Nordenfeldt
649 2620 49 30 hns

200 2662 42 28 his
263 2662 113 34 fore-leg
395 2661 80 28 while
494 2661 127 33 training,
644 2660 55 28 and

67 2702 22 27 it
110 2701 24 28 is
153 2701 124 29 doubtful
297 2700 123 29 whether
440 2700 33 29 he
498 2700 53 29 will
572 2709 77 19 come
671 2703 27 24 to

66 2739 47 26 the
127 2744 61 29 post
206 2739 43 26 for
268 2747 54 26 any
336 2739 29 26 of
376 2739 45 26 the
439 2742 94 23 event?
552 2738 41 26 for
607 2737 89 26 which

66 2775 34 31 he
113 2776 23 29 is
149 2775 111 31 entered
282 2780 27 26 at
331 2775 45 30 the
393 2774 183 40 approaching
593 2773 103 32 V.B.C.

68 2816 129 36 Meeting.

468 2852 140 36 February
623 2853 40 27 10.

101 2902 33 28 In
160 2902 47 28 the
233 2900 164 35 Legislative
422 2900 143 35 Assembly
592 2899 105 36 to-day,

67 2939 44 29 Mr
124 2941 110 28 Garvan
248 2949 68 24 save
329 2940 88 28 notice
431 2939 61 29 that
505 2939 34 28 he
551 2938 54 28 will
619 2947 79 19 move

65 2983 158 25 to-morrow
236 2979 61 28 that
310 2979 45 28 the
367 2979 90 35 policy
470 2979 29 27 of
515 2978 45 28 the
575 2977 102 29 Govern-

64 3020 79 27 ment
155 3017 64 29 does
231 3020 48 25 not
292 3017 94 37 satisfy
400 3016 45 29 the
459 3016 103 29 House.

101 3057 67 28 New
182 3055 86 30 South
285 3055 90 30 Wales
388 3055 54 29 and
461 3055 85 28 South
560 3054 137 29 Australia

66 3104 45 17 nre
135 3094 105 34 joining
263 3094 47 27 the
334 3094 78 26 other
432 3093 118 27 colonies
569 3094 29 25 in
623 3092 72 28 their

64 3134 103 34 protest
179 3131 108 34 against
299 3140 54 27 any
367 3130 106 29 French
494 3129 160 38 occupation
668 3129 30 29 of

64 3170 47 28 the
127 3171 64 28 New
209 3169 142 29 Hebrides.

327 3217 128 34 Hobart,
468 3216 139 37 February
621 3217 41 28 10.

99 3266 58 26 The
171 3265 168 27 Tasmanian
360 3266 190 26 Government
569 3264 69 27 have
652 3263 29 27 de-

65 3303 107 36 finitely
198 3301 108 29 refused
331 3306 27 24 to
383 3301 121 29 increase
526 3302 46 27 the
586 3301 112 36 subsidy

66 3342 60 37 prid
140 3342 36 36 by
190 3342 46 29 the
250 3341 105 37 Colony
369 3345 26 25 to
404 3341 47 29 the
463 3341 118 28 Eastern
596 3340 84 29 Exten-

66 3390 60 18 s:on
141 3381 81 27 Cable
236 3381 152 35 Company.

89 3448 207 36 [Continuation
311 3448 30 27 of
352 3449 90 29 News,
456 3457 43 17 see
518 3448 49 26 4th
582 3446 93 36 Page.]

1247 63 116 45 THE
1418 61 185 43 LYELL
1656 59 185 46 TIMES,
1899 58 309 46 SATURDAY,
2270 57 293 41 FEBRUARY
2617 72 54 36 I3j
2730 57 102 42 1886.

235 3527 120 33 Public
373 3526 151 32 Notices.

73 3606 359 41 WESTPORT
480 3605 216 40 RACES.

73 3726 157 60 PRANK
250 3725 236 30 COURTNEY'S
506 3725 122 28 COACH
642 3725 55 28 will

169 3765 77 28 leave
261 3764 79 38 Lyell
353 3763 41 29 for
403 3762 139 40 Westport
555 3773 35 19 on

68 3817 206 26 THURSDAY
303 3817 188 30 MORNING,
519 3816 83 26 FEB.
626 3815 73 33 18tb,

115 3865 162 39 Conveying
287 3874 159 30 passengers
458 3868 28 27 to
499 3865 46 29 the
559 3865 94 29 Races.

103 3972 106 29 Return
223 3970 96 32 tickets
331 3970 55 31 will
398 3970 32 31 be
440 3970 91 31 issued
544 3974 29 27 at
584 3970 115 32 reduced

68 4016 81 23 rates.

269 4056 128 29 FRANK
416 4056 212 33 COURTNEY,

503 4096 162 36 Proprietor.

265 4185 246 27 NOTICE.

71 4260 39 29 To
124 4259 46 30 the
183 4259 169 30 inhabitants
360 4259 30 30 of
399 4259 78 37 Lyell
488 4258 54 30 and
552 4259 128 30 surround-

298 4299 47 36 ing
357 4298 116 36 district.,

207 4351 365 61 henryTyoung

72 4431 133 62 BEGS
218 4435 28 25 to
258 4433 125 27 intimate
402 4431 59 29 that
482 4431 34 30 he
540 4431 109 29 intends
672 4434 28 25 to

168 4474 67 26 start
248 4471 115 37 Baking,
378 4470 53 30 and
444 4470 36 37 by
503 4470 100 38 paying
626 4470 75 29 strict

71 4511 134 27 attention
218 4515 28 23 to
259 4511 44 26 his
323 4510 122 27 business
465 4514 28 23 to
515 4510 81 27 merit
616 4520 17 17 a
651 4510 51 27 fair

72 4548 78 28 share
164 4548 29 28 of
204 4551 120 33 support.
362 4548 56 27 The
432 4548 70 36 price
515 4547 55 28 will
582 4546 33 29 be

169 4609 23 36 4
195 4595 49 39 lb.
267 4595 146 40 LOAF
473 4619 13 6 -
541 4594 60 50 gd.

106 4688 39 29 H.
164 4687 131 29 YOUNG
308 4687 109 29 intends
430 4691 28 24 to
472 4687 97 38 supply
583 4687 45 28 the
636 4696 66 28 very

72 4727 59 28 best
143 4726 105 36 quality
258 4726 30 28 of
298 4725 91 28 bread.
425 4727 23 26 A
456 4727 73 33 large
539 4729 164 24 assortment

72 4765 31 28 of
123 4764 80 27 small
228 4764 83 34 goods
339 4762 80 29 made
449 4772 81 27 every
554 4763 144 35 Saturday.

73 4802 124 35 Nothing
217 4802 50 28 but
287 4802 45 28 the
357 4802 58 27 best
438 4802 166 33 ingredients
625 4801 76 32 used,

74 4840 55 30 and
142 4840 161 38 everything
315 4839 58 30 sold
387 4844 28 24 at
427 4839 139 39 Westport
578 4840 95 37 prices.

74 4924 198 24 CHRISTENING,
302 4924 142 25 WEDDING,
473 4925 56 18 AND
564 4924 139 19 BIRTHDAY

160 4963 86 22 CAKES
264 4964 75 19 MADE
359 4964 34 20 ON
412 4963 55 20 THE
486 4963 138 20 SHORTEST

263 5002 129 18 POSSIBLE
411 5002 108 18 NOTICE.

108 5086 71 27 Note
193 5085 46 28 the
252 5085 119 28 Address
373 5100 33 5 —

72 5136 111 56 ALL
204 5134 240 56 NATIONS
473 5134 230 56 BAKERY

145 5205 139 39 (Opposite
296 5204 27 30 »T.
338 5204 88 38 Ryan,
441 5204 192 38 Storekeeper.)

287 5288 185 28 TRESPASS
490 5288 79 32 ACT,

270 5364 23 28 is
306 5364 101 36 hereby
421 5365 79 32 given
515 5363 61 29 that
593 5374 35 18 on
651 5364 54 28 and

89 5396 42 29 LN
180 5403 69 28 after
261 5402 46 28 the
329 5402 63 28 13th
416 5401 104 31 March,
541 5402 66 28 1886
629 5405 74 30 next,

74 5443 47 27 the
140 5441 152 38 provisions
313 5440 32 28 of
388 5440 58 28 The
466 5440 88 28 Cattle
576 5440 129 35 Trespass

73 5481 61 32 Act,
148 5482 77 31 18G8,
237 5479 55 29 will
314 5479 33 27 be
369 5478 125 28 enforced
515 5487 36 18 on
573 5487 47 26 my
633 5478 71 28 land,

74 5520 81 35 being
167 5517 182 36 Agricultural
364 5517 83 29 Lease
463 5516 98 29 known
575 5526 29 18 as
619 5515 68 29 Mata-

73 5558 56 28 taki
156 5558 86 36 Ferry
267 5557 128 32 Reserve,
416 5555 160 28 Murchison
602 5555 104 36 Survey

73 5597 124 29 District.

110 5637 62 26 And
198 5635 60 28 that
277 5635 22 26 it
317 5633 24 28 is
361 5643 47 24 my
431 5632 133 28 intention
584 5635 27 25 to
625 5631 79 28 claim

75 5673 130 34 damages
218 5673 41 27 for
272 5672 36 28 all
321 5672 88 27 Cattle
423 5669 176 38 Trespassing
612 5678 35 18 on
660 5669 45 27 the

75 5712 57 29 said
157 5711 75 33 land,
256 5709 122 31 whether
402 5708 47 30 the
473 5718 75 20 same
573 5707 71 29 shall
674 5707 32 29 be

74 5752 94 28 lenced
182 5760 30 19 or
226 5749 174 29 unenclosed.

373 5794 158 29 ARTHUR
552 5792 119 31 ROWE.

108 5844 169 34 Murchison,
293 5843 140 35 February
449 5840 70 35 13th,
537 5842 74 29 1886.

899 202 119 33 Public
1037 203 150 32 Notices.

734 413 207 27 LICENSING
971 412 172 28 DISTRICT
1162 412 47 28 OF
1229 411 133 28 LYELL.

734 519 63 27 TN
811 523 149 31 pursuance
974 519 30 28 of
1014 520 46 27 the
1074 518 151 36 provisions
1234 516 29 29 of
1307 516 57 28 The

805 570 146 37 Licensing
969 570 61 33 Act,
1269 568 78 28 Licen-

734 622 59 32 sing
817 622 52 27 Act
893 622 187 27 Amendment
1103 622 61 32 Act,
1311 620 53 28 and

760 672 58 29 The
828 673 178 37 Regulations
1017 673 30 29 of
1057 671 85 31 Local
1154 671 140 30 Elections
1302 671 60 34 Act,

868 727 14 25 I
913 726 100 34 hereby
1043 727 60 34 give
1127 725 89 27 notice
1240 725 61 26 that
1331 734 33 17 an

737 776 185 31 ELECTION
934 778 30 28 of
975 776 90 30 FIVE
1080 776 167 29 PERSONS
1259 781 27 24 to
1295 775 69 30 form

735 828 44 28 the
793 828 146 35 Licensing
949 829 163 26 Committee
1121 829 29 26 of
1160 828 46 27 the
1219 828 148 34 Licensing

736 880 112 31 District
860 880 30 30 of
899 880 87 38 Lyell,
997 880 55 30 will
1071 880 32 30 be
1124 878 64 32 held
1201 889 35 20 on
1257 878 87 31 TUES-

739 934 80 33 DAY,
850 934 46 27 the
926 934 66 27 23rd
1011 934 54 36 day
1094 933 30 28 of
1152 931 213 34 FEBRUARY,

738 988 81 31 1886;
837 987 54 27 and
915 987 15 26 I
954 986 101 35 hereby
1081 986 112 35 appoint
1212 985 47 28 the
1279 985 85 28 Court

739 1037 100 34 House,
852 1039 28 26 at
894 1034 87 41 Lyell,
998 1045 30 19 as
1041 1035 46 29 the
1100 1035 86 38 place,
1200 1035 54 29 and
1266 1035 75 28 WED-

738 1092 160 32 NESDAY,
908 1092 45 27 the
969 1091 63 29 17th
1046 1091 54 36 day
1113 1092 30 26 of
1153 1091 214 31 FEBRUARY,

739 1145 73 33 1886,
831 1143 89 29 before
944 1143 88 33 Noon,
1054 1151 30 20 as
1102 1141 46 30 the
1168 1141 66 29 time
1256 1141 42 29 for
1322 1139 45 31 the

739 1196 239 27 NOMINATION
994 1195 30 26 of
1033 1194 173 32 Candidates,
1219 1193 63 27 who
1294 1197 75 22 must

737 1249 32 29 be
789 1247 155 31 nominrted
964 1247 28 30 in
1012 1246 46 31 the
1078 1255 117 21 manner
1215 1243 153 39 prescribed

737 1301 35 35 by
821 1301 57 26 The
892 1300 163 36 Regulation
1075 1299 30 27 of
1125 1298 83 27 Local
1229 1298 140 27 Elections

736 1353 59 33 Act,

771 1405 90 28 Dated
875 1404 54 28 this
941 1404 54 28 2nd
1009 1404 54 36 day
1076 1404 29 28 of
1115 1403 151 36 February,
1281 1401 76 29 1886.

1016 1456 122 28 JAMES
1159 1454 140 33 INGLIS,

1059 1506 152 37 Returning
1225 1505 109 30 Officer.

924 1588 253 30 NOTICE.

736 1694 108 59 FOR
863 1693 166 32 SALE—(A
1042 1691 200 36 Bargain.)—A
1255 1691 90 29 VALU-

828 1733 101 27 ABLE
950 1732 182 28 SLUICING
1151 1731 128 30 CLAIM,
1301 1731 52 28 situ-

735 1773 43 26 ate
791 1774 29 25 at
831 1771 47 28 the
887 1771 52 29 Old
948 1771 140 36 Diggings,
1096 1769 94 29 Buller
1201 1769 90 33 River,
1302 1777 67 20 near

734 1809 126 27 Berlin's.

768 1846 87 28 There
868 1846 24 29 is
916 1856 16 18 a
954 1846 70 37 good
1047 1849 85 24 water
1158 1853 71 24 race,
1243 1844 126 36 carrying

734 1885 76 30 three
823 1886 189 29 Government
1026 1884 93 36 heads,
1130 1883 117 38 brought
1260 1883 29 29 in
1298 1884 68 28 from

734 1934 16 17 a
762 1925 191 33 never-failing
965 1933 105 18 source.

768 1960 74 34 Also,
857 1970 15 20 a
892 1961 73 38 large
988 1960 162 30 substantial
1174 1959 74 36 dam,
1261 1960 108 37 mining

734 2002 77 33 tools,
825 2002 44 27 &3.

769 2086 170 29 Reasonable
953 2089 92 30 terms,
1059 2096 30 18 as
1108 2094 49 28 per
1176 2086 192 35 arrangement

734 2124 36 38 by
784 2126 131 36 applying
927 2127 28 26 to
957 2141 33 4 —

960 2162 173 30 WILLIAM
1153 2162 143 33 HANNA,

1218 2200 116 28 Carrier.

931 2283 252 29 NOTICE.

769 2388 73 27 ILL
878 2387 195 28 ACCOUNTS
1104 2387 129 28 OWING
1263 2390 28 25 to
1321 2387 48 28 the

837 2439 278 30 UNDERSIGNED
1124 2439 102 29 MUST
1237 2438 32 30 be
1278 2439 90 28 PAID

737 2493 145 28 WITHIN
916 2493 76 27 ONE
1030 2493 136 27 MONTH
1195 2491 71 28 from
1296 2491 72 33 date,

734 2543 143 28 otherwise
903 2543 71 35 legal
995 2543 175 36 proceedings
1195 2541 54 28 will
1270 2542 33 28 be
1327 2542 30 27 in

735 2595 112 29 stituted
859 2593 40 31 for
909 2604 138 28 recovery.

769 2649 88 27 Those
869 2648 147 28 interested
1029 2647 55 29 will
1103 2648 90 36 please
1207 2650 93 34 accept
1313 2647 56 28 this

734 2710 30 19 as
777 2710 15 19 a
805 2700 66 29 final
883 2701 98 28 notice.

963 2751 166 28 EDWARD
1149 2750 182 28 CARROLL.

768 2804 88 37 Lyell,
870 2804 125 37 January
1008 2804 74 33 30th,
1098 2805 74 28 1886.

798 2888 86 40 MR.
913 2888 49 39 H.
995 2888 301 46 MARTINSON,

872 2989 43 78 f
924 2989 315 79 Ijoiograpljtr,

790 3107 99 26 TILL
917 3106 151 27 REMAIN
1096 3107 28 26 in
1152 3106 129 27 LYELL
1299 3105 71 28 until

790 3147 13 19 '
957 3158 186 29 TUESDAY.

734 3318 42 29 On
790 3317 99 30 arrival
903 3317 45 29 Mr
958 3317 153 30 Martinson
1122 3316 57 30 will
1191 3316 33 30 be
1238 3317 132 39 prepared

781 3375 27 24 to
821 3375 111 23 execute
946 3371 37 28 all
995 3371 82 26 kinds
1090 3371 30 27 of
1130 3370 199 36 photographic

1007 3422 84 29 work.

735 3497 132 30 Children
880 3496 82 31 taken
981 3497 37 38 by
1030 3497 210 30 instantaneous
1253 3505 117 31 process.

770 3649 80 28 Head
864 3647 96 29 Studio
973 3657 5 19 :
999 3648 146 34 Trafalgar
1159 3649 50 31 St.,
1223 3648 112 28 Nelson.

815 3734 48 37 G.
914 3734 43 37 C.
1003 3733 288 44 BOWMAN,

797 3830 230 32 UCTIONEER,
1048 3829 322 35 QHAREBROKER,

891 3939 111 27 Mining
1020 3947 56 18 and
1096 3939 119 26 Genral

753 4009 296 29 COMMISSIO
1065 4008 24 28 N
1155 4007 197 33 AGENT,

872 4084 170 34 Broadway,
1088 4082 142 29 Reefton.

795 4175 218 37 FORSYTH
1034 4176 28 36 &
1084 4173 232 44 MASTERS,

1055 4240 20 26 &
1103 4238 141 28 RETAIL
1263 4238 84 28 IRON-

957 4277 192 33 MONGERS,

885 4331 169 32 Broadway,
1074 4330 143 33 Reefton,

738 4382 78 29 Have
830 4392 35 19 on
879 4382 73 28 hand
971 4382 136 37 imported
1128 4382 85 28 direct
1231 4381 69 28 from
1323 4380 47 30 the

789 4422 90 28 Home
893 4421 130 33 markets,
1036 4430 15 18 a
1065 4421 87 33 Large
1166 4421 54 27 and
1235 4420 66 28 Well-

921 4460 121 29 assorted
1063 4459 82 30 Stock
1159 4460 30 28 of

738 4523 165 37 Builders'
918 4523 219 45 Furnishing,
1152 4522 137 46 Mining
1302 4521 68 37 and

842 4583 147 38 General
1010 4582 257 47 Ironmongery,

738 4659 98 28 Which
859 4659 65 36 they
944 4668 45 19 are
1010 4658 133 37 prepared
1166 4661 28 24 to
1216 4657 50 28 sell
1287 4659 29 26 to
1328 4666 27 18 re-

750 4698 102 29 sidents
865 4699 30 28 of
903 4698 77 37 Lyell
995 4704 28 23 at
1033 4697 150 37 extremely
1197 4697 52 28 low
1262 4697 96 36 prices.

738 4792 153 29 Bickford's
904 4792 81 33 Fuse,
998 4792 91 28 Hall's
1107 4791 125 33 Blasting
1245 4789 124 30 Powder,

740 4831 119 33 Octagon
874 4831 81 33 Steel,
968 4831 92 27 Ames'
1083 4829 125 32 Shovels,
1228 4828 67 28 Pick
1314 4828 54 27 and

739 4870 137 29 Hammer
888 4869 134 32 Handles,
1036 4869 54 33 &c,
1102 4872 95 32 agents
1209 4867 42 30 for
1260 4866 111 31 Nobel's

974 4908 161 34 Dynamite.

740 4953 157 36 Furniture,
928 4953 134 35 Bedding.
1094 4953 113 34 Lamps,
1250 4950 120 39 Cutlery,

740 4995 170 34 Carpenters'
925 4994 90 30 Tools,
1034 4993 103 28 Paints,
1160 4993 65 30 Oils,
1249 4992 121 29 Colours,

877 5031 93 37 Fancy
982 5030 90 33 Ware,
1086 5031 62 31 &c.;
1168 5029 66 32 also,

744 5080 20 28 A
779 5080 86 33 Large
879 5080 173 27 Assortment
1070 5078 28 28 of
1116 5076 166 30 Galvanised
1297 5076 74 30 Iron,

843 5118 144 27 Bessemer
999 5116 54 28 and
1072 5116 103 36 Plough
1197 5115 73 28 Steel

929 5174 103 28 WIRE
1054 5172 128 28 ROPES.

844 5221 59 30 RSS
934 5220 175 31 OCTAGON
1138 5218 129 31 STEEL.

947 5300 217 29 LUCAS'S

812 5376 142 27 ELSON
974 5375 89 27 AND
1090 5374 121 28 WEST
1238 5372 135 29 COAST

936 5464 251 37 te**££l£*

824 5597 131 39 YEAR
975 5597 123 39 BOOK
1119 5597 53 39 for
1192 5597 96 39 1886.

742 5734 166 35 Containing
930 5734 123 29 valuable
1077 5734 186 28 information.
1312 5732 59 28 The

794 5774 66 26 Best
873 5772 109 28 Garden
997 5772 134 28 Calendar
1144 5781 64 19 ever
1220 5771 100 28 issued.

744 5833 50 38 On
824 5833 78 37 Sale
931 5835 36 35 at
994 5832 97 44 Lyell
1119 5832 114 38 Times
1263 5830 110 39 Office.

1558 195 119 34 Public
1703 194 149 32 Notices.

1469 279 46 29 TO
1536 276 121 32 STAND
1678 275 89 29 THIS
1790 271 151 31 SEASON.

1449 382 22 28 T
1486 381 176 30 M'GINLEY's
1684 379 94 31 Farm,
1800 376 54 28 and
1879 374 147 36 travelling

1433 420 6 14 1
1485 426 28 23 to
1539 421 100 28 Totara
1664 418 72 33 Flat,
1755 416 122 32 Ahaura,
1904 414 121 28 Twelve-

1528 459 76 33 Mile,
1617 456 55 29 and
1698 454 189 37 Up-Country,

1441 522 58 28 The
1512 521 149 29 Pure-bred
1674 518 160 38 Clydesdale
1847 517 127 33 Stallion,

1427 979 138 30 Glennar
1586 979 23 28 is
1631 989 16 18 a
1669 977 93 37 bright
1781 977 63 37 bay,
1858 976 67 30 with
1950 975 79 30 black

1395 1018 100 34 points,
1508 1019 16 25 3
1536 1026 80 26 years
1635 1017 54 26 old.
1727 1017 110 26 Stands'
1851 1018 32 24 16
1906 1016 87 26 hands
2014 1018 15 23 3

1393 1054 103 37 inches,
1520 1054 127 39 splendid
1670 1054 69 30 bone
1765 1053 54 30 and
1840 1054 113 33 muscle,
1975 1052 53 29 and

1393 1095 85 35 grand
1492 1097 101 29 action,
1612 1099 46 27 got
1671 1095 36 35 by
1731 1095 97 27 Scotch
1851 1094 71 28 Jock
1935 1094 37 35 by
1986 1094 43 26 Sir

1394 1132 78 29 Colin
1486 1132 142 37 Campbell
1640 1132 36 36 by
1687 1132 74 37 King
1773 1133 111 36 Fergus.
1921 1132 73 26 Dam
1996 1146 33 4 —

1395 1172 71 35 Gyp,
1486 1171 36 36 by
1541 1172 89 35 Royal
1654 1172 167 35 Conqueror,
1842 1170 136 37 imported
2002 1174 28 24 to

1395 1210 68 27 New
1475 1209 120 27 Zealand
1608 1209 36 35 by
1657 1210 47 26 the
1718 1209 74 27 Hon.
1814 1209 44 26 Mr
1877 1208 148 27 Kobinson.

1394 1247 74 30 Took
1480 1247 61 30 first
1553 1247 70 30 class
1637 1247 73 38 prize
1724 1251 87 26 atone
1822 1246 55 31 and
1890 1249 55 27 two
1952 1254 78 30 years

1395 1292 28 23 at
1436 1287 89 34 Royal
1537 1287 185 34 Agricultural
1743 1287 92 32 Show,
1855 1286 173 35 Edinburgh,

1396 1324 107 34 against
1534 1324 38 27 all
1604 1324 150 33 Scotland;
1785 1324 86 34 grand
1901 1323 65 27 dam
1997 1323 33 36 by

1396 1364 87 28 South
1497 1364 63 28 Star
1572 1362 36 38 by
1621 1362 153 37 England's
1790 1363 88 35 Hope.

1430 1403 62 35 Gyp
1518 1400 64 30 took
1606 1402 60 27 first
1691 1401 55 28 and
1768 1401 98 27 second
1889 1401 89 36 prizes
2001 1400 27 27 in

1396 1442 67 26 1872
1475 1440 55 28 and
1543 1439 67 30 1873
1629 1443 28 25 at
1671 1438 46 30 the
1737 1438 185 37 Agricultural
1936 1438 91 33 Show,

1396 1476 165 30 Richmond.

1428 1517 37 28 At
1496 1516 166 37 M'Ginley's
1692 1515 161 30 homestead
1893 1525 52 20 one
1976 1514 52 38 day

1395 1555 114 35 weekly.
1546 1555 96 28 Terms
1652 1563 42 19 :—
1697 1556 37 27 £3
1750 1557 62 31 10s;
1832 1555 67 28 with
1916 1564 103 26 guaran

1397 1597 50 30 tee,
1462 1593 37 28 £'s
1513 1593 38 28 ss.
1588 1593 66 28 Two
1667 1602 31 19 or
1711 1602 73 19 more
1795 1602 91 18 mares
1896 1592 37 36 by
1942 1600 74 26 agree-

1397 1637 83 24 ment.
1518 1632 68 29 Fees
1594 1632 114 38 payable
1722 1632 127 36 January
1864 1633 50 32 Ist,
1929 1632 76 29 1886.

1741 1684 35 27 D.
1800 1684 196 28 M'GINLEY.

1414 1766 128 38 POST
1585 1766 194 38 OFFICE
1822 1766 189 43 HOTEL,

1600 1825 110 26 LYE
1731 1825 22 26 L
1773 1826 23 25 L
1818 1844 5 7 .

1445 1921 225 38 PETER
1701 1922 281 37 MANGOS

1410 1983 129 70 BEGS
1558 1986 29 27 to
1599 1983 103 30 inform
1722 1983 44 30 his
1784 1982 104 31 friends
1910 1982 55 30 and
1985 1982 47 31 the

1499 2023 93 37 public
1612 2024 64 27 that
1700 2023 43 27 his
1763 2032 61 18 new
1844 2023 187 28 commodious

1566 2061 87 29 Hotel
1665 2062 24 27 is
1702 2070 62 19 now
1778 2070 80 27 open.

1394 2099 152 29 Travellers
1565 2100 55 27 and
1639 2101 110 27 visitors
1767 2103 29 24 to
1815 2100 56 27 this
1889 2099 130 28 establish

1428 2142 78 25 ment
1518 2136 56 30 will
1586 2138 58 28 find
1657 2138 72 28 their
1738 2138 118 28 comfort
1865 2137 54 29 and
1933 2148 47 18 con-

1463 2174 131 31 venience
1604 2176 168 37 thoroughly
1781 2175 130 30 attended
1924 2180 38 24 to.

1395 2215 57 29 The
1464 2214 148 30 bedrooms
1634 2226 46 18 are
1690 2216 78 35 lofty,
1783 2214 55 30 and
1851 2215 63 28 well
1927 2215 102 37 lighted

1596 2255 56 27 and
1671 2254 160 28 ventilated.

1429 2332 206 28 Comfortable
1664 2332 129 27 Parlors
1819 2340 56 19 and
1896 2332 85 27 First-

1612 2379 82 19 class
1713 2371 103 27 Table.

1412 2408 59 29 One
1494 2408 31 28 of
1543 2408 128 28 Alcock's
1685 2408 77 27 Prize
1776 2408 117 27 Billiard
1907 2408 107 27 Tables.

1395 2486 58 28 The
1466 2486 56 28 Bar
1534 2487 24 27 is
1571 2486 113 28 stocked
1694 2485 67 29 with
1775 2486 74 33 Ales,
1979 2486 53 28 and

1447 2524 99 36 Spirits
1558 2526 30 25 of
1604 2524 168 35 guaranteed
1790 2524 103 27 brands
1906 2524 74 35 only.

1428 2562 24 26 A
1470 2561 144 28 first-class
1635 2562 184 27 sixteen-stall
1831 2561 89 28 stable
1932 2562 73 26 iscon-

1395 2599 99 31 nected
1506 2600 68 30 with
1588 2600 56 30 this
1659 2599 85 30 hotel.

1646 2641 126 27 PETER
1796 2640 168 30 MANGOS,

1832 2678 154 35 Proprieor.

1501 2759 176 31 JAMES
1715 2758 211 39 INGLIS,

1451 2835 261 27 HAREBROKER
1743 2835 20 27 &
1793 2834 235 28 COMMISSION

1440 2868 4 21 l

1612 2911 206 34 AGENT,

1473 2999 115 28 Cliff
1626 2998 158 33 Street,
1820 2998 140 28 Lyell.

1522 3082 121 30 JOHN
1678 3082 225 37 FENNiLLL,

1433 3143 26 37 -'.
1469 3143 92 29 ENE
1571 3143 59 28 RA
1638 3143 23 28 L
1718 3142 39 34 Q
1766 3142 264 29 TOREKEEPER.

1482 3230 85 30 Wine
1585 3239 56 20 and
1661 3230 96 29 Spirit
1779 3230 171 28 Merchant.

1431 3342 104 38 Money
1553 3342 104 38 always
1677 3342 30 29 in
1729 3341 76 30 hand
1824 3340 42 31 for
1884 3339 113 39 cashing

1651 3382 127 35 cheques.

1431 3493 109 30 Liberal
1553 3492 136 30 advances
1702 3493 81 28 made
1799 3501 35 19 on
1848 3492 107 38 parcels
1968 3492 30 28 of

1611 3533 119 30 retorted
1744 3533 72 38 gold.

1540 3646 79 37 Cliff
1637 3646 122 45 Street,
1783 3646 109 45 Lyell.

1631 3737 35 37 [A
1691 3735 109 38 -Card.]

1397 3777 39 29 To
1449 3776 46 30 the
1508 3775 101 30 Ladies
1622 3776 29 29 of
1661 3775 87 37 Lyell
1764 3773 126 35 Reefton,
1903 3773 55 30 and
1971 3782 43 19 sur-

1569 3815 138 31 rounding
1719 3814 138 27 districts:

1534 3851 119 28 'ESSRS
1681 3851 34 26 E.
1741 3851 27 27 J.
1795 3850 167 26 WARNER

1534 3887 3 36 i
1572 3888 57 31 and
1654 3888 64 35 CO.,
1744 3887 30 31 of
1801 3887 160 35 NELSON,

1465 3930 88 27 desire
1565 3933 28 24 to
1606 3929 128 27 intimate
1746 3928 62 28 that
1828 3928 65 27 with
1914 3928 47 26 the

1464 3967 126 39 splendid
1608 3966 126 30 facilities
1753 3965 67 37 they
1842 3974 116 29 possess,

1465 4008 66 35 they
1552 4017 51 18 can
1630 4010 27 24 at
1679 4016 15 18 a
1716 4005 50 28 few
1781 4005 82 27 hours
1876 4014 35 18 no
1916 4005 44 33 tic,

1465 4045 67 27 send
1545 4053 49 27 per
1606 4044 82 27 coach
1703 4047 28 23 to
1744 4052 54 26 any
1821 4043 110 26 address
1944 4052 16 17 a

1464 4084 134 35 complete
1619 4085 122 25 costume
1761 4080 81 29 made
1863 4080 29 28 in
1913 4079 47 29 the

1465 4132 66 27 very
1543 4122 81 29 latest
1633 4120 80 38 style,
1723 4119 67 30 with
1798 4119 49 28 hat
1856 4128 30 19 or
1893 4118 49 29 bon-

1464 4166 47 24 net
1521 4161 53 28 and
1587 4161 92 33 gloves
1687 4163 28 25 to
1726 4159 102 33 match,
1837 4159 125 35 together

1464 4200 68 27 with
1542 4208 81 25 every
1633 4198 127 34 requisite
1774 4198 28 26 in
1815 4197 74 30 hose,
1904 4206 41 17 cor-

1465 4240 64 29 sets,
1558 4234 220 33 underclothing,
1804 4234 54 32 &c,
1889 4233 73 27 their

1465 4276 86 36 prices
1583 4274 80 33 being
1694 4277 71 23 most
1791 4271 167 29 reasonable.

1464 4314 84 27 Their
1569 4310 78 30 stock
1660 4311 149 35 comprises
1823 4320 81 26 every
1918 4319 27 18 ar-

1464 4353 62 27 ticle
1555 4351 29 27 in
1617 4349 116 28 General
1762 4349 132 35 Drapery,
1919 4348 26 26 in-

1465 4389 110 35 cluding
1588 4398 16 19 a
1617 4387 121 38 splendid
1760 4389 164 26 assortment
1935 4385 30 29 of

1466 4429 89 27 Men's
1581 4427 52 27 and
1659 4427 83 34 Boys'
1769 4424 190 36 Ready-made

1466 4467 138 35 Clothing,
1630 4473 132 29 mercery,
1788 4464 55 33 &c,
1868 4463 93 29 orders

1464 4507 42 28 for
1520 4506 89 27 which
1617 4504 54 28 will
1682 4505 101 27 receive
1798 4506 110 33 prompt
1921 4506 26 25 at-

1465 4545 116 27 tention.
1618 4543 125 27 Patterns
1753 4542 29 26 of
1793 4545 100 23 newest
1903 4550 38 18 ma-

1465 4582 93 28 terials
1572 4585 59 23 sent
1651 4584 61 31 post
1732 4579 54 28 free
1809 4579 36 35 by
1865 4582 94 24 return

1464 4620 77 31 mail,
1549 4619 53 28 and
1614 4619 84 27 ladies
1705 4617 114 30 sending
1826 4626 118 18 measure-

1464 4662 93 25 ments
1569 4658 27 27 of
1618 4657 105 27 dresses
1742 4665 50 18 can
1806 4655 106 32 depend
1926 4664 36 18 on

1466 4697 126 36 securing
1605 4706 16 18 a
1644 4695 130 38 perfectly
1791 4694 94 36 fitting
1905 4703 42 18 cos-

1466 4740 86 25 tume.

1502 4811 94 28 Please
1610 4809 67 29 send
1695 4809 81 32 along
1788 4817 70 26 your
1871 4808 92 27 orders

1466 4853 28 26 at
1503 4859 76 24 once,
1592 4852 27 25 to
1630 4847 80 29 avoid
1724 4846 88 35 delay,
1826 4845 55 29 and
1891 4855 57 19 care-

1465 4890 70 34 fully
1548 4895 64 21 note
1626 4888 47 28 the
1687 4886 128 28 address:

1398 4937 39 30 E.
1453 4936 29 32 J.
1499 4934 200 31 WARNER
1717 4932 27 30 &
1765 4932 78 32 CO.,
1902 4930 80 30 Hall
1999 4930 38 29 of

1521 4968 227 40 Commerce/'
1769 4967 140 31 Nelson.

1516 5056 187 41 REEVES
1731 5055 97 39 AND
1852 5054 64 40 CO.

1424 5138 7 5 '
1469 5135 111 30 UCTT
1591 5134 58 27 ON
1663 5134 22 27 E
1696 5132 82 31 EIIS,
1809 5130 116 30 STOCK
1957 5129 76 27 AND

1495 5173 233 30 COMMISSION
1767 5170 148 29 AGENTS
1952 5167 81 29 AND

1564 5210 314 33 SIIAREBROKERS,

1438 5292 159 38 Bridge
1623 5290 167 44 Street,
1821 5288 176 37 Nelson.

1435 5436 92 30 Loans
1539 5434 171 37 Negotiated.
1732 5433 164 29 Valuations
1909 5430 90 29 made.

1400 5490 118 28 Auction
1543 5487 78 29 Sales
1644 5485 172 28 undertaken
1830 5485 29 27 in
1869 5484 88 27 Town
1980 5481 54 28 and

1651 5525 134 35 Country.

1490 5609 80 32 MR.
1588 5607 28 33 J.
1633 5605 29 34 J.
1679 5603 266 41 MOYNIHAN,

1683 5673 79 27 AND
1801 5671 233 35 QOLICITOR.

1402 5781 215 30 Commissioner
1638 5779 30 29 of
1684 5778 46 29 the
1751 5778 134 36 Supreme
1904 5777 86 29 Court
2009 5775 30 28 of

1652 5831 131 28 Victoria.

2232 188 118 30 Public
2374 188 150 31 Notices.

2063 267 207 38 BROWN'S
2290 266 119 39 BOOT
2436 266 260 38 EMPORIUM

2312 324 132 31 LYELL.

2063 429 43 67 J
2143 427 137 32 BROWN
2296 432 28 26 in
2337 430 136 35 thanking
2485 430 43 27 his
2546 434 151 22 numerous

2112 479 9 10 ■
2161 475 148 22 customers
2339 470 41 28 for
2410 472 61 34 past
2500 468 119 32 favours,
2643 467 54 27 and

2064 509 105 36 Loping
2194 510 40 27 for
2256 520 16 17 a
2295 510 180 28 continuance
2497 508 29 28 of
2544 507 46 29 the
2610 516 86 23 same,

2064 548 98 27 wishes
2175 554 45 21 too
2234 549 50 25 call
2298 548 72 27 their
2389 548 134 25 attention
2538 551 28 21 to
2580 546 43 25 his
2636 554 61 17 new

2064 585 77 28 stock
2164 586 29 27 of
2216 585 108 28 Ladies'
2349 584 97 29 Maids'
2470 584 52 28 and
2543 582 155 29 Children's

2065 625 85 26 Boots
2171 625 28 26 in
2222 630 76 30 great
2321 625 113 35 variety.
2470 623 76 30 Also,
2561 623 42 26 his
2622 622 75 35 large

2065 663 54 26 and
2134 662 93 28 varied
2242 662 77 28 stock
2333 662 30 27 of

2065 715 120 39 Men.s,
2198 715 140 30 Youths'
2352 715 28 30 &
2393 714 99 38 Boys'
2510 712 107 31 Boots
2629 708 69 34 and

2323 750 117 31 Shoes.

2067 850 86 27 Fresh
2168 850 92 27 Goods
2272 851 121 34 arriving
2413 848 135 34 monthly,
2561 846 90 28 which
2664 847 34 27 he

2100 889 22 29 is
2136 889 116 37 offering
2265 892 28 27 at
2306 889 86 38 prices
2406 891 28 26 to
2445 888 53 28 suit
2512 886 47 30 the
2573 886 90 30 times.

2067 929 45 27 All
2135 929 139 35 imported
2307 929 85 33 goods
2421 927 116 27 marked
2566 928 30 25 in
2623 926 77 35 plain

2327 966 110 37 figures.

2102 1043 131 28 N.B.—A
2244 1042 101 37 supply
2357 1042 30 28 of
2407 1041 88 29 North
2509 1039 104 30 British
2627 1041 73 28 Gum

2067 1083 85 29 Boots
2178 1082 55 29 and
2258 1083 70 28 Own
2354 1081 82 30 Make
2456 1079 182 38 Watertights
2662 1079 24 31 al-

2067 1131 74 26 ways
2154 1131 36 17 on
2203 1121 85 27 hand.

2102 1159 77 37 Repa
2190 1170 28 18 rs
2230 1158 142 39 promptly
2382 1157 131 31 executed
2526 1156 55 31 and
2593 1157 107 29 elastics

2067 1198 132 27 inserted.

2094 1276 70 29 Note
2178 1276 47 29 the
2236 1275 271 29 Address:-JOHN
2528 1274 149 34 BROWN,

2068 1322 89 30 Boot
2180 1321 28 31 &
2235 1321 210 32 Shoemaker
2466 1319 28 33 &
2523 1321 179 38 Importer,

2132 1368 141 36 (Opposite
2288 1366 80 29 Bank
2380 1366 30 29 of
2421 1366 67 28 New
2502 1365 141 35 Zealand.)

2187 1448 186 37 JAMES
2413 1447 172 41 RYAN,

2135 1537 181 27 ENERAL

2437 1535 266 35 TOREKEEPER,

2219 1613 85 30 Cliff
2328 1612 120 36 Street,
2467 1611 87 30 Lyel.

2070 1768 92 30 Goods
2175 1768 133 37 carefully
2321 1768 104 37 packed
2439 1770 28 26 to
2480 1767 37 29 all
2530 1770 74 34 parts
2618 1767 30 29 of
2657 1767 46 29 the

2326 1807 117 29 district.

2085 1961 105 28 BANK
2209 1961 112 28 PRICE
2342 1961 120 28 GIVEN
2482 1961 74 27 FOR
2575 1960 110 28 GOLD,

2086 2043 339 31 CRITERION
2474 2043 196 31 HOTEL

2300 2108 85 21 LTE
2400 2108 18 21 L
2432 2109 19 21 L
2466 2121 6 8 .

2183 2217 187 33 EDWARD
2397 2217 197 33 CARROLL

2070 2285 133 59 BEGS
2224 2289 29 25 to
2272 2286 101 28 inform
2394 2285 43 29 his
2458 2294 149 20 numerous
2631 2288 73 26 town

2166 2325 55 27 and
2248 2329 116 30 country
2388 2325 39 27 frl
2438 2324 52 28 nds
2514 2325 62 28 that
2600 2325 34 26 he
2657 2324 49 27 has

2069 2363 154 35 purchased
2235 2363 47 28 the
2296 2363 85 28 above
2394 2363 134 34 business,
2542 2363 55 28 and
2621 2363 84 36 hopes

2070 2401 35 35 by
2131 2402 78 27 strict
2233 2403 136 26 attention
2383 2405 28 24 to
2431 2401 47 28 the
2500 2406 89 22 wants
2613 2401 30 26 of
2664 2401 42 26 lids

2071 2442 151 27 customers
2244 2439 54 29 and
2319 2440 142 28 travellers
2481 2442 28 27 to
2534 2440 81 28 merit
2628 2448 16 19 a
2657 2438 49 29 fair

2191 2480 79 27 share
2284 2480 29 27 of
2328 2480 91 36 public
2432 2484 158 31 patronage.

2150 2555 126 41 Liquors
2297 2556 32 29 of
2349 2556 49 29 the
2416 2555 70 31 Best
2504 2555 120 31 Brands.

2364 2640 30 29 E.
2421 2638 206 37 CARROLL,

2508 2682 162 38 Proprietor.

2228 2774 316 34 TEMPERANCE

2070 2829 335 52 BOARDING
2472 2827 232 53 HOUSE

2151 2897 78 36 (Late
2243 2896 153 29 Alhanibra
2415 2896 94 34 Hotel,
2523 2896 101 36 Lyell.)

2104 2998 3 39 ■
2130 3003 142 27 NTONIO
2285 2998 262 39 ACCOLINObegs
2561 3004 27 25 to
2601 3000 101 29 inform

2122 3060 5 1 -
2163 3041 46 28 the
2230 3039 173 30 inhabitants
2425 3039 31 29 of
2473 3040 79 36 Lyell
2571 3039 54 29 and
2646 3045 42 23 sur-

2067 3081 140 32 rounding
2232 3080 106 28 district
2362 3080 61 27 that
2448 3080 35 27 he
2508 3080 50 26 has
2580 3089 63 18 now
2662 3089 27 18 re-

2068 3118 104 35 opened
2186 3118 46 26 the
2246 3117 85 27 above
2344 3116 178 29 well-known
2533 3118 132 34 premises
2674 3126 30 17 as

2068 3167 14 17 a
2097 3156 156 28 First-class

2067 3207 175 48 Boarding
2257 3207 119 38 House
2393 3206 69 39 and
2482 3207 221 38 Kestaurant.

2138 3318 89 28 Meals
2241 3320 27 25 at
2281 3318 35 27 all
2331 3317 92 28 hours.
2462 3316 78 28 Good
2553 3316 81 28 Beds.

2067 3358 151 28 Extensive
2249 3358 55 28 and
2345 3356 196 30 Commodious
2579 3355 126 38 Stabling

2258 3395 259 28 Accommodation.

2244 3449 170 27 ANTONIO
2434 3448 200 32 ACCOLINO,

2503 3485 166 34 Proprietor.

2087 3569 112 36 NEW
2241 3568 138 37 CHUM
2416 3566 268 45 BUTCHERY,

2279 3630 62 31 LI
2364 3631 24 29 E
2406 3630 88 30 LL.

2164 3736 204 39 JAMBS
2419 3735 185 46 EDGE,

2119 3809 163 29 THOLE
2292 3808 108 29 SALE
2437 3808 81 28 AND
2562 3807 141 29 RETAIL

2215 3882 339 35 BUTCHER.

2066 3996 98 31 Hotels
2178 3996 54 30 and
2245 3995 132 30 Families
2396 3994 101 30 waited
2519 4005 36 19 on
2569 3994 82 39 Daily
2663 3994 40 31 for

2331 4034 110 27 Orders.

2117 4132 76 29 Meat
2206 4128 147 32 Delivered
2372 4132 27 26 to
2413 4128 36 30 all
2469 4132 76 35 parts
2557 4129 28 30 of
2606 4128 46 30 the

2324 4169 126 29 District.

2066 4274 119 32 NEW
2230 4272 155 32 CHUM
2426 4270 267 34 BUTCHERY

2134 4318 129 34 Opposite
2273 4314 155 30 Alhambra
2439 4316 94 30 Hotel,
2548 4315 87 36 Lyell.

2085 4404 359 41 WELCOME
2515 4403 168 47 INN,

2328 4463 106 28 Lyell.

2178 4568 153 32 ELLEN
2361 4567 235 33 WILLIAMS

2085 4628 46 28 TN
2155 4626 145 35 returning
2319 4625 102 29 thanks
2439 4626 42 27 for
2502 4629 62 32 pact
2585 4625 119 32 favours,

2085 4658 18 29 L
2142 4666 63 35 begs
2223 4669 28 24 to
2272 4664 101 28 inform
2391 4665 50 27 her
2458 4663 104 28 friends
2582 4663 55 28 and
2658 4663 46 28 the

2068 4706 90 35 public
2180 4705 60 28 that
2261 4704 49 28 she
2334 4703 51 29 has
2407 4703 58 37 just
2486 4702 155 37 completed
2661 4711 28 19 ex-

2069 4745 103 26 tensive
2191 4743 138 27 additions
2352 4742 56 27 and
2427 4741 161 28 alterations
2609 4746 28 22 to
2656 4741 50 27 her

2070 4781 141 36 premises,
2230 4779 56 30 and
2305 4779 46 29 the
2374 4779 209 28 accomodation
2601 4778 24 28 is
2642 4787 63 19 now

2287 4817 194 37 unsurpassed.

2068 4897 75 33 Ales,
2167 4897 105 32 Wines,
2294 4896 56 27 and
2372 4895 98 36 Spirits
2495 4894 31 28 of
2548 4893 158 30 First-class

2243 4934 112 35 Quality
2369 4933 65 34 only
2446 4932 75 35 kept.

2140 5010 78 28 Good
2236 5010 128 33 Stabling
2381 5009 256 28 Accommodation.

2242 5060 129 31 ELLEN
2394 5059 208 35 WILLIAMS,

2451 5101 219 26 Proprietress.

2074 5183 213 42 WOLF
2354 5181 151 42 AND
2579 5181 123 48 CO.,

2202 5250 179 29 Wholesale
2395 5256 55 20 and
2467 5246 107 29 Retail

2174 5390 114 28 Dealers
2301 5389 28 27 in
2343 5388 38 27 all
2394 5388 179 35 descriptions
2587 5386 30 28 of

2089 5438 105 30 FARM
2230 5437 78 28 AND
2345 5434 120 29 DAIRY
2500 5432 189 30 PRODUCE.

2072 5515 99 30 Hotels
2180 5513 55 31 and
2248 5511 131 31 Families
2387 5510 97 29 waited
2499 5520 36 18 on
2548 5509 41 29 for
2598 5509 108 29 Orders.

2107 5593 100 31 Orders
2227 5589 137 31 delivered
2384 5592 28 26 to
2434 5588 36 28 all
2492 5590 76 35 parts
2580 5596 15 19 o
2627 5586 47 28 the

2332 5629 123 28 District.

2246 5707 73 29 Note
2333 5705 47 29 the
2394 5703 123 29 Address

2091 5749 71 31 J3*
2171 5747 75 29 W0
2267 5748 22 26 L
2310 5746 21 27 F
2404 5743 113 29 AND
2599 5741 92 35 CO.,

2125 5788 74 28 Next
2221 5786 48 28 the
2294 5785 190 27 Government
2503 5780 154 37 Buildings,

2220 5825 86 27 Cliff
2327 5823 119 29 Street,
2466 5821 103 26 Lyell.

3229 184 117 30 Public
3376 184 152 29 Notices.

3168 264 479 66 JUMMEIR

2998 446 245 66 JOHN
3305 446 451 62 FENNBLL

2733 549 60 26 Has
2806 548 84 26 much
2910 546 124 38 pleasure
3053 548 28 24 in
3104 546 176 34 announcing
3299 551 28 21 to
3346 545 47 26 the
3415 544 170 28 inhabitants
3607 545 29 26 of
3659 543 78 36 Lyell
3761 543 56 28 and
3842 543 184 34 surrounding

2959 584 120 28 districts
3101 584 46 28 the
3170 583 101 28 arrival
3296 584 30 27 of
3347 582 43 28 his
3415 582 86 27 NEW
3534 579 123 31 GOODS
3688 581 42 29 for
3753 581 47 28 the

2831 662 88 37 IS*
2946 660 287 40 CHRISTMAS
3271 659 103 40 AND
3417 656 115 42 NEW
3574 654 132 44 YEAR
3749 658 175 38 TRADE.

2735 806 85 38 The
2841 807 115 38 Stock
2975 807 31 38 is
3034 822 83 23 now
3135 807 189 49 complete
3345 806 35 38 in
3401 818 110 37 every
3530 800 129 50 detail,
3681 802 74 40 and
3787 802 64 40 the
3881 802 145 51 quality

2832 859 32 40 is
2883 859 42 40 of
2947 860 63 40 the
3038 860 84 39 best
3150 859 221 54 procurable
3396 859 93 39 from
3511 858 63 38 the
3596 858 126 37 Home
3743 856 182 38 Markets.

2902 1007 36 27 In
2951 1004 47 30 the
3012 1004 109 33 Ladles'
3136 1007 183 35 Department
3333 1007 47 27 the
3393 1006 140 35 following
3547 1005 93 28 Goods
3654 1016 45 17 are
3713 1006 148 27 shown:—

2735 1057 149 45 DRESS
2899 1057 287 53 MATERIALS,
3395 1059 213 49 CORSETS,

2894 1126 285 45 MILLINERY,
3516 1122 188 44 GLOVES,

3015 1187 238 45 MANTLES,
3634 1185 159 44 LACES,

3134 1246 219 52 HOSIERY,
3715 1243 235 48 FLOWERS,
3974 1246 57 38 &c

3374 1345 17 8 v-l

2839 1414 35 26 In
2888 1409 47 32 the
2951 1413 187 28 Gentlemen's
3151 1413 186 36 Department
3349 1422 16 18 a
3379 1413 87 35 Large
3481 1411 80 29 Stock
3577 1413 50 27 has
3639 1411 67 29 been
3721 1411 55 28 laid
3789 1413 39 31 in,
3842 1410 89 29 which

2739 1474 134 39 WILL
2898 1470 66 43 BE
2994 1471 128 42 SOLD
3149 1471 61 41 AT
3245 1471 177 41 PRICES
3462 1473 61 39 TO
3566 1472 114 40 SUIT
3718 1472 102 39 THE
3848 1470 181 40 iTIMES.

2813 1644 106 53 Boys'
2939 1646 72 40 and
3034 1643 129 43 Youths
3168 1649 6 15 1
3196 1644 167 53 Clothing
3380 1644 41 52 of
3433 1643 53 41 the
3504 1642 84 40 Best
3605 1638 71 43 and
3696 1640 119 40 Latest
3833 1640 124 52 Styles.

2931 1818 95 28 Direct
3040 1817 198 37 Importations
3251 1816 71 28 from
3337 1814 45 30 the
3650 1811 151 36 consisting
3814 1809 31 29 of

2742 1882 139 49 Prints,
2903 1882 175 48 Sateens,
3095 1880 76 41 and
3186 1880 230 50 Twillettes;
3440 1879 147 41 French
3603 1877 179 48 Merinos,
3800 1877 233 46 Cretonnes;

2774 1938 162 38 Curtain
2958 1939 125 35 Laces
3097 1949 8 33 ;
3135 1938 132 36 White
3292 1938 153 36 Calicos
3459 1950 8 31 ;
3495 1936 129 37 Toilet
3643 1935 126 48 Quilts
3788 1934 210 48 Sheetings.

3191 2026 24 27 A
3229 2023 132 37 Splendid
3374 2023 175 28 Assortment
3563 2021 29 27 of

2745 2092 131 48 Black,
2915 2091 114 47 Ecru,
3066 2088 76 40 and
3177 2088 133 40 White
3360 2088 153 46 Laces;
3561 2085 199 46 Ribbons;
3805 2084 118 39 Black
3958 2082 75 41 and

3036 2143 190 41 Coloured
3254 2143 81 39 Silk
3365 2142 104 46 Mits,
3492 2140 74 40 and
3588 2140 151 39 Gloves.

2778 2319 245 64 JOHN
3062 2313 468 72 FENNELL,
3572 2312 151 59 Cliff
3758 2312 238 61 Street.

2745 2483 141 60 The
2923 2481 364 73 Hampden
3330 2474 468 76 Co-operative
3842 2474 191 59 Store

3040 2575 361 75 Company,
3440 2568 313 62 Limited.

2744 2769 109 63 THE
2867 2769 85 29 above
2962 2769 145 34 Company
3116 2769 24 27 is
3152 2776 61 19 now
3225 2765 149 37 supplying
3386 2764 48 28 the
3447 2763 141 34 following
3605 2763 84 33 goods
3699 2766 29 23 at
3739 2771 16 18 a
3768 2762 84 34 slight
3865 2761 122 26 advance
4002 2768 36 17 on

3213 2803 150 33 NELSON
3379 2799 187 33 PRICES:—

3356 2957 623 56 Provision

2945 3045 37 31 Of
2992 3044 61 31 first
3066 3044 69 30 class
3148 3041 114 41 quality.
3300 3042 25 28 A
3337 3041 89 38 Large
3440 3040 55 29 and
3508 3039 102 30 Varied
3623 3040 175 28 Assortment
3812 3040 30 27 of

2741 3104 203 52 Crockery,
2981 3102 172 40 Earthen
3182 3102 76 38 and
3292 3102 228 42 Glassware,
3558 3100 281 47 Ironmongery,
3871 3099 80 45 &c,
3975 3099 65 36 &c.

2742 3255 125 38 Men's
2901 3249 76 43 and
3013 3248 115 54 Boys'
3167 3245 273 55 Kaipoi-made
3489 3245 206 52 Clothing;
3745 3245 113 46 Hats,
3899 3244 139 47 Shirts,

2841 3304 357 47 Under-Flannels;
3253 3304 176 36 Drawers
3464 3300 73 38 and
3574 3300 144 45 Moles;
3763 3300 175 45 Tweeds,

2938 3360 177 52 Hosiery,
3138 3356 208 48 Blankets;
3377 3354 164 47 Calicos,
3565 3354 139 47 Prints,
3728 3353 92 39 Flan-

3151 3413 92 47 nels,
3265 3412 79 46 &c.,
3366 3412 64 38 &c.
3485 3410 143 38 Also—

2904 3490 156 48 Wheat,
3106 3490 110 44 Oats,
3263 3489 116 44 Bran,
3414 3486 118 38 Chaff
3554 3486 75 37 and
3662 3486 194 36 Potatoes.

2775 3643 99 28 Orders
2887 3638 196 38 accompanied
3100 3635 38 38 by
3151 3637 64 28 cash
3229 3635 174 29 remittances
3422 3634 162 37 punctually
3602 3632 131 29 attended
3746 3637 38 29 to,
3798 3632 56 28 and
3873 3632 85 36 goods
3978 3633 43 27 des-

2741 3680 118 39 patched
2872 3683 29 24 at
2913 3688 16 18 a
2942 3681 139 25 moments
3093 3676 100 26 notice.

2775 3719 85 30 Local
2877 3718 129 38 produce,
3024 3714 143 36 including
3186 3712 103 34 Hides,
3310 3711 95 34 Ckins,
3430 3709 95 35 Wool,
3544 3709 127 32 Butter,
3685 3709 56 33 &c,
3755 3709 55 33 &c,
3829 3707 153 39 purchased
3996 3707 42 30 for

3622 3786 33 28 R.
3676 3784 131 36 M'NEE,
3828 3785 140 36 Manager.

2776 3835 171 29 Murchison,
2961 3832 65 27 15th
3040 3831 85 31 June,
3140 3831 77 26 1885.

3319 4036 128 40 TRY

2821 4179 1027 72 KIRKPATHICK
3857 4180 14 30 3

2961 4349 296 54 N&-W
3304 4344 504 55 Seasons

3011 4781 74 40 IT
3160 4779 73 40 IS
3310 4777 152 39 THE
3538 4775 201 40 BEST

2821 5013 186 38 GEORGE
3038 5012 43 35 E.
3104 5007 193 43 LEVIEN,
3407 5009 318 38 BELFAST
3776 5005 260 46 HOTEL,

2744 5076 123 30 Member
2877 5076 29 28 of
2913 5074 45 29 the
2966 5069 235 34 Pharmaceutical
3208 5068 107 37 Society
3321 5066 54 31 and
3390 5066 3 40 |
3596 5075 113 31 GIBBP
3728 5075 83 30 TOW
3816 5075 34 29 N.

2829 5112 238 30 Pharmaceutical
3085 5110 165 28 Conference
3263 5108 31 28 of
3576 5129 186 28 Eight-Mile
3782 5129 88 27 Road.

2950 5151 84 29 Great
3052 5149 116 32 Britain,

2747 5208 204 66 SURGEON
2988 5205 174 31 DENTIST,
3193 5202 182 33 CHEMIST,
3409 5204 109 31 mSE
3525 5206 186 38 undersigned
3718 5207 106 36 having
3831 5205 131 30 removed
3969 5205 72 28 from

2904 5246 80 32 AND
3003 5242 205 36 DRUGGIST,
3416 5234 37 34 ±
3499 5261 65 28 Zak
3577 5261 84 28 Town
3676 5259 55 31 and
3745 5258 107 31 erecte(l
3871 5269 61 20 new
3951 5269 77 28 prem
4033 5277 5 4 .

2958 5293 205 32 (registered.)
3409 5309 52 27 iges
3481 5317 30 19 M
3530 5318 16 17 a
3548 5308 16 27 |j
3567 5318 59 18 ove>
3645 5309 24 26 is
3692 5317 63 19 DOW
3774 5317 18 27 p
3792 5317 81 27 repar
3873 5307 35 29 ed
3927 5313 28 22 to
3975 5308 67 27 offer

3125 5378 5 5 .
3172 5377 11 8 ,
3191 5377 10 11 r
3235 5374 17 14 M
3348 5374 8 14 i
3409 5356 133 28 excellent
3584 5353 239 31 accommodation
3855 5359 28 25 to
3922 5355 120 31 visitors,

2744 5384 54 26 For
2810 5384 35 26 20
2856 5389 79 24 years
2953 5384 149 32 practising
3123 5388 30 17 in
3172 5377 206 32 Marloovough,
3392 5377 3 39 I

2744 5421 55 28 and
2812 5421 54 27 late
2879 5419 32 28 of
2930 5419 102 26 Nelson
3051 5417 129 30 districts,
3194 5416 23 26 is
3237 5423 62 18 now
3318 5423 58 27 pre-
3393 5403 3 53 |
3411 5403 135 34 boarders,
3560 5403 55 27 and
3628 5403 47 28 the
3687 5403 93 36 public
3793 5404 152 35 generally.

2841 5457 84 39 pared
2938 5461 27 24 to
2980 5455 94 30 attend
3087 5454 129 38 patients,
3229 5452 55 29 and

2779 5515 71 29 CAN
2882 5514 51 29 BE
2965 5510 226 32 CONSULTED
3226 5508 117 29 DAILY
3393 5484 2 60 |
3505 5498 100 27 Wines
3624 5506 55 19 and
3699 5499 113 26 Spirits
3836 5506 33 19 of
3895 5506 56 19 the
3974 5503 69 21 best

3559 5547 154 34 Qualities
3725 5555 72 19 only
3812 5553 80 21 kept.

2745 5631 99 28 Rooms
2867 5637 30 20 in
2922 5628 186 29 Commercial
3138 5624 112 33 Hotel,
3273 5623 103 28 Lyell.
3393 5613 3 46 j

2780 5722 101 31 Advice
2900 5720 93 31 Gratis
3010 5720 72 29 from
3101 5720 17 28 9
3137 5722 28 26 to
3185 5718 30 28 11
3234 5724 77 26 a.m.,
3324 5715 55 29 and
3394 5706 2 47 \

2745 5765 70 27 from
2829 5765 16 25 3
2857 5767 28 23 to
2899 5763 14 27 5
2933 5771 66 26 p.m.

2959 5812 34 28 G.
3012 5811 34 28 E,
3066 5807 156 35 LEVIEN,
3242 5804 103 32 M.P.S.
3395 5791 3 51 I

3532 5644 156 50 Charges
3715 5643 191 39 Moderate.

3586 5764 124 27 PETER
3730 5762 244 30 ARMSTRONG,

3845 5811 165 33 Proprietor,
