4120 5920
131 178 327 31 MISCELLANEOUS
483 178 151 31 ITEMS.

113 261 27 31 A
156 259 130 32 machine
302 261 45 30 for
363 261 116 38 unking
497 271 68 22 runs
580 261 121 36 ofvarn,

74 306 81 35 wool,
171 315 32 18 or
225 315 54 28 any
299 305 66 29 kind
385 305 29 28 of
436 304 118 30 cast-off
573 305 127 32 clothing

74 359 32 20 or
131 346 154 41 clippings,
315 348 49 30 has
394 348 70 31 been
495 348 128 36 brought
652 356 47 23 out

72 390 141 42 recently.
256 391 41 30 To
320 392 82 30 make
417 402 14 19 a
449 403 55 28 rug
538 403 15 18 a
577 393 109 30 founda-

74 437 59 29 tion
152 437 22 29 is
198 436 62 30 first
278 435 107 31 formed
414 435 32 31 of
469 447 79 20 some
572 437 129 40 stripped

73 479 100 34 fabric,
189 489 35 19 on
243 479 89 28 when
351 479 49 29 the
415 479 128 30 material
565 489 34 19 or
615 485 88 24 waste

73 522 78 31 cloth
169 522 23 31 is
208 531 75 22 sewn
303 520 33 35 bv
355 520 49 32 the
420 522 141 41 machine,
575 521 89 33 which
681 522 22 31 is

73 569 32 28 of
125 567 81 35 steel,
228 567 54 30 and
307 568 22 27 is
352 568 118 38 capable
486 569 28 28 of
542 567 132 41 working
689 581 12 17 a

73 620 53 24 lU4
142 609 28 30 in
187 621 16 19 a
220 610 51 27 few
289 609 95 30 hours.

118 654 21 30 L
152 654 39 31 >rd
229 654 179 30 Palmerston
445 665 72 20 once
552 654 149 32 remarked

72 698 65 30 that
156 698 47 29 the
225 696 168 31 drawbacks
414 699 55 29 and
494 698 161 40 objectnns
674 705 30 24 to

75 753 57 21 war
160 753 49 20 are
231 742 156 31 somewhat
415 743 149 35 mitigated
593 743 33 41 by
655 743 39 31 tin

72 792 60 29 fact
167 788 62 30 that
267 788 23 29 it
325 787 116 31 teaches
471 788 165 40 geography
675 793 29 26 to

74 843 122 27 persons
226 831 62 30 who
312 832 154 30 otherwise
493 843 63 20 wou
570 833 16 28 d
617 844 82 19 neve»

71 876 81 31 learn
171 877 31 30 it.

112 920 61 32 The
187 929 155 21 enormous
364 930 63 20 sum
450 919 33 30 of
502 919 201 40 £74,600,000

73 965 52 32 has
141 965 70 31 been
238 965 149 39 expended
413 974 27 21 in
467 965 165 39 rebuilding
648 967 52 28 and

72 1007 203 38 embellishing
314 1006 78 32 Paris
434 1008 80 30 since
550 1007 49 31 the
634 1018 70 29 year

75 1052 83 34 1852.
214 1052 62 32 The
318 1062 61 20 new
422 1053 70 39 City
529 1051 67 32 TTall
641 1058 62 24 cost

75 1098 208 37 £12,000,000,
298 1094 55 33 and
370 1096 181 37 £8,000,000
567 1097 49 29 has
633 1096 69 30 been

73 1141 149 37 expended
240 1141 28 29 in
286 1140 65 31 'our
370 1139 93 39 parks.

114 1186 60 30 The
198 1185 98 30 World
319 1195 66 28 says
406 1183 65 31 that
493 1183 95 40 owing
605 1188 29 27 to
657 1183 49 31 the

78 1230 130 28 Paradox
235 1227 175 34 scratching,
435 1227 47 29 Sir
510 1228 72 29 Fred
612 1227 72 29 John-

77 1278 82 25 stone
187 1272 54 31 and
277 1270 73 32 Lord
382 1269 151 42 Alington,
558 1270 63 32 who
651 1270 51 32 had

71 1315 109 42 jointly
217 1315 141 37 proposed
394 1315 56 30 and
483 1315 142 31 secondel
656 1314 51 31 Mr

76 1362 101 28 Clorts
193 1359 44 31 for
253 1360 50 30 the
324 1357 75 32 Turf
423 1357 84 40 Club,
525 1359 69 32 have
617 1357 72 33 with-

76 1405 101 30 drawn
193 1404 75 30 their
285 1413 83 20 nane
383 1402 72 31 from
472 1403 49 30 the
538 1413 98 29 paper.

119 1451 21 28 A
173 1447 85 37 ghost
288 1445 52 34 had
374 1450 83 34 great
489 1457 114 21 success
632 1447 28 31 in
689 1458 15 21 a

78 1492 109 30 certain
205 1489 215 36 neighborhood
443 1495 31 24 at
490 1490 111 39 Derby,
624 1491 61 35 Eng-

77 1534 77 38 land,
178 1533 138 43 recently,
342 1532 74 32 until
439 1532 24 31 it
489 1543 57 20 was
567 1534 140 37 arrested,

79 1582 55 29 and
151 1591 15 20 a
190 1580 237 29 matter-of-fact
449 1578 168 36 magistrate
642 1590 53 21 con

79 1622 117 34 fixated
213 1621 49 32 the
278 1621 81 32 sheet
375 1621 54 32 and
454 1620 75 31 fined
546 1621 49 32 the
610 1632 98 21 owner

79 1672 46 26 for
136 1666 133 40 carrying
281 1665 153 32 concealed
448 1665 103 41 deadly
566 1678 133 27 weapons

79 1712 117 35 An*ong
211 1710 50 30 the
277 1718 79 22 more
370 1708 113 31 serious
498 1710 108 30 results
617 1709 33 31 of
660 1710 48 31 the

78 1755 109 44 pranks
208 1755 28 30 of
259 1753 48 33 the
328 1752 140 40 spirit—a
492 1752 113 33 siiteen
610 1766 9 9 r
624 1765 84 30 year*

78 1801 46 29 old
150 1800 154 38 boy—was
332 1798 50 30 the
410 1796 111 33 critical
550 1798 102 31 illness
681 1801 27 28 of

78 1855 36 19 an
142 1842 47 32 old
221 1841 64 41 lady
311 1840 92 32 whom
426 1841 34 31 he
481 1841 101 32 scared
608 1842 99 42 nearly

78 1891 52 25 out
145 1887 28 29 of
191 1886 52 30 her
258 1885 66 31 wits

121 1929 108 39 Bishop
257 1927 159 38 Kaimondi,
440 1927 33 32 of
497 1927 87 39 Hong
610 1929 99 39 Kong,

78 1980 108 26 HKsertn
215 1973 64 31 that
305 1973 48 29 the
375 1973 96 30 native
496 1973 156 32 christians
679 1976 29 29 in

76 2020 52 29 the
153 2017 127 32 Chinese
307 2016 118 40 Empire
452 2016 63 30 who
541 2016 71 32 have
638 2018 70 31 been

78 2063 155 31 converted
252 2061 33 41 by
306 2060 108 31 Koman
433 2059 133 34 Catholic
580 2061 112 33 mission-

79 2107 74 29 aries
164 2106 121 31 number
294 2107 55 28 545
360 2106 59 28 000
448 2103 95 32 Those
552 2107 156 29 converted

80 2150 34 41 by
137 2150 166 30 Protestant
320 2147 196 31 missionaries
532 2145 92 34 would
641 2159 50 29 pro-

78 2194 85 33 bably
196 2194 34 31 be
258 2200 84 23 mucn
372 2191 118 32 smaller
518 2192 30 31 in
577 2193 132 38 number,

78 2237 123 31 because
225 2235 49 32 the
300 2236 89 31 latter
414 2235 71 32 have
510 2240 51 27 not
591 2236 71 32 been
679 2237 28 30 in

80 2280 50 33 the
170 2280 64 33 field
271 2291 31 19 so
335 2279 70 40 long
438 2290 32 21 as
511 2278 51 32 the
597 2279 110 32 Romm

80 2326 156 33 Catholics,
259 2324 68 42 they
349 2334 49 21 are
413 2327 53 29 not
488 2334 32 21 so
541 2334 168 28 numerous,

76 2370 56 31 and
158 2369 67 41 they
249 2378 50 22 are
316 2367 176 32 understood
510 2371 31 27 to
569 2368 36 31 be
630 2378 79 22 more

78 2414 133 32 Ciuitiouf
236 2412 30 32 in
294 2411 155 42 satisfying
477 2411 175 35 themselves
680 2414 28 30 of

76 2457 51 31 the
156 2456 101 41 reality
284 2458 29 28 of
338 2455 49 31 the
412 2457 170 29 conversion
606 2456 103 32 before

79 2503 98 40 finally
193 2500 151 39 including
360 2511 16 20 a
391 2499 97 33 native
509 2510 106 31 among
632 2500 77 32 their

79 2552 136 24 converts

121 2590 77 33 Lord
223 2587 201 41 Carrington's
447 2586 99 44 family
569 2599 83 20 name
675 2587 32 40 is,

79 2645 34 18 or
136 2646 65 26 was,
417 2632 61 35 T,he
506 2633 63 29 first
589 2632 104 39 gentle-

79 2688 66 22 man
167 2676 32 33 of
218 2675 65 33 that
298 2685 84 22 name
407 2674 60 33 who
483 2674 25 33 is
523 2674 137 34 recorded
676 2686 32 21 as

77 2723 53 29 ihe
146 2731 146 25 possessor
307 2721 32 29 of
351 2719 129 31 freehold
497 2722 139 37 property
652 2730 56 20 was

81 2762 212 41 distinguished
316 2762 73 32 from
415 2761 86 34 other
521 2761 143 33 members
678 2762 33 32 of

81 2822 37 19 an
134 2808 236 40 inconveniently
386 2806 80 40 large
487 2806 111 33 section
614 2806 33 31 of
659 2806 49 33 the

82 2855 180 37 community
278 2851 37 40 by
336 2851 50 31 the
408 2850 148 32 Christian
580 2860 85 22 name
680 2853 28 29 of

79 2899 19 15 **
242 2894 55 32 and
328 2905 42 21 we
398 2894 79 31 learn
507 2893 77 33 John
614 2893 92 33 Smith

82 2941 101 29 owned
207 2939 64 29 land
289 2938 28 30 in
335 2938 49 30 the
407 2936 96 40 parish
520 2939 33 28 of
570 2937 139 40 Tetheby,

83 2992 69 23 rear
184 2980 207 40 Nottingham,
431 2978 30 33 in
506 2982 74 31 1623
645 2980 65 33 Our

80 3026 100 31 future
196 3025 156 31 G-overnor
365 3024 24 31 is
405 3027 53 27 not
476 3023 179 37 suscepiible
670 3035 37 20 on

78 3069 59 33 this
153 3079 83 22 name
251 3067 30 33 of
296 3065 105 40 Smith,
415 3067 56 33 and
487 3077 50 23 can
557 3065 71 34 both'
639 3067 69 33 take

78 3114 55 31 and
163 3113 85 30 make
268 3123 16 19 a
309 3110 68 42 joke
400 3122 38 20 on
463 3112 50 30 the
537 3112 115 41 subject
676 3123 32 20 as

80 3156 60 32 well
158 3166 31 22 as
204 3154 124 33 another

118 3201 91 39 Many
230 3200 33 30 of
280 3210 55 21 our
349 3198 116 33 readers
484 3209 51 22 are
552 3198 155 34 doubtless

75 3254 94 21 aware
184 3243 64 31 that
264 3242 81 31 there
366 3252 50 21 are
437 3242 215 39 organisations
675 3248 31 26 at

77 3287 98 33 Home
196 3287 46 32 for
256 3285 136 40 rescuing
417 3284 51 34 the
492 3285 143 34 destitute
649 3286 56 33 and

75 3331 154 42 neglected
273 3330 131 32 children
449 3329 160 43 thronging
656 3331 52 33 the

75 3379 110 30 streets
210 3375 32 32 of
262 3373 51 32 the
336 3374 80 38 large
444 3373 83 33 cities
556 3375 74 31 from
658 3375 49 32 the

73 3420 51 34 life
152 3420 32 33 of
207 3419 106 41 misery
340 3418 57 33 and
426 3416 190 44 degradation
642 3418 66 33 that

73 3464 176 39 apparently
273 3464 101 29 awaits
402 3463 89 30 them.
534 3463 174 31 Prominent

72 3517 108 30 among
195 3505 51 34 the
280 3507 166 39 promoters
480 3503 33 33 of
540 3505 59 33 this
633 3506 73 40 good

74 3552 79 31 work
170 3563 77 19 were
261 3550 51 32 the
327 3550 58 31 late
401 3550 97 31 Lords
522 3550 105 32 Cairns
651 3551 56 31 and

74 3593 203 42 Shaftesbury,
289 3592 54 33 and
357 3592 45 32 Dr
423 3592 145 38 Bernado,
580 3591 47 32 Mr
639 3593 66 32 Win

73 3640 127 38 Fowler,
216 3638 88 37 M.P,
324 3638 56 32 and
395 3638 109 39 others,
524 3649 51 22 are
596 3638 60 32 still
677 3649 31 21 as

75 3683 150 41 energetic
240 3681 29 31 in
284 3681 25 31 it
330 3691 32 21 as
385 3691 78 23 ever.
511 3680 62 33 The
597 3681 111 31 former

76 3727 77 33 edits
188 3736 17 21 a
239 3724 133 42 monthly
406 3723 103 34 record
553 3727 30 30 ot
627 3723 83 34 these

78 3770 143 33 missions,
236 3768 91 31 which
341 3767 157 33 isentit'ed
653 3768 55 30 and

193 3812 57 32 and
266 3812 24 31 it
305 3811 25 31 is
343 3816 31 28 at
384 3812 39 31 all
436 3811 84 32 times
531 3811 179 39 interesting

78 3861 31 25 to
124 3855 66 31 read
207 3856 91 30 about
313 3854 49 30 the
376 3854 78 30 work
480 3854 75 30 done
576 3852 31 32 in
639 3853 69 31 such

79 3910 17 19 a
111 3898 73 38 good
200 3908 94 21 cause.
337 3896 61 32 The
411 3896 167 32 November
586 3896 125 31 number

80 3942 23 31 is
115 3941 64 42 just
192 3943 33 28 to
249 3939 85 40 hand,
360 3939 56 32 and
442 3939 133 33 contains
605 3948 106 32 among

80 3985 86 31 other
180 3984 100 40 things
294 3995 17 21 a
325 3984 55 32 full
405 3986 100 39 report
527 3983 33 31 of
580 3983 52 32 the
654 3983 57 31 last

80 4027 106 32 annual
211 4028 128 38 nieeting
359 4028 31 30 of
409 4026 51 32 the
480 4028 16 14 °
508 4025 111 33 Homes
667 4036 28 22 as-

80 4070 129 31 sociated
222 4070 67 31 with
306 4070 53 31 Dr.
376 4068 159 33 Btrnado's
549 4078 94 23 name'

151 4113 105 33 Daniel
272 4113 28 33 in
314 4113 51 33 the
380 4113 66 33 Den
461 4112 35 34 of
647 4112 64 34 that

81 4159 58 33 fine
155 4159 115 40 picture
284 4159 37 41 by
337 4159 131 36 Rubens,
484 4158 50 31 has
545 4158 64 42 just
637 4159 71 31 been

79 4207 67 26 sent
160 4202 73 31 bark
249 4205 31 27 to
316 4201 152 31 Hamilton
505 4201 114 37 Palace,
653 4202 55 30 and

79 4244 85 41 again
179 4244 136 39 occupies
328 4244 51 31 the
393 4244 82 39 place
490 4244 95 31 where
607 4244 25 30 it
656 4244 53 31 had

80 4288 82 42 hung
176 4288 47 31 for
236 4298 33 21 so
284 4298 85 33 many
383 4298 86 32 years
484 4286 136 43 previous
630 4291 31 28 to
672 4287 39 32 its

82 4332 124 34 removal
242 4333 47 33 for
323 4333 50 31 the
523 4331 69 34 pale.
642 4331 69 35 This

80 4377 116 37 picture
213 4387 56 19 wan
280 4376 61 30 sold
357 4380 32 26 to
407 4376 49 30 Mr
480 4376 228 30 BeckeH-Den»

81 4418 64 33 i-on
160 4417 46 33 for
228 4420 78 31 4900
327 4418 129 42 guineas,
478 4418 55 33 and
560 4417 83 33 when
668 4418 42 33 his

82 4463 168 30 collections
266 4474 74 19 were
364 4463 136 37 disposed
533 4464 23 29 it
581 4474 59 19 was
667 4475 32 19 re

81 4504 163 41 purchased
260 4505 43 32 for
319 4503 50 34 the
385 4504 88 34 Duke
498 4505 34 33 of
559 4504 149 33 Hamilton

81 4551 46 29 for
149 4550 78 31 2300
251 4550 129 39 guineas.
432 4549 61 32 The
517 4550 115 41 picture
653 4550 56 31 and

81 4592 92 33 frame
194 4604 76 22 were
290 4593 141 41 carefully
462 4592 159 34 retouched
653 4594 55 32 and

81 4637 156 30 renovated
265 4636 81 32 when
372 4638 28 29 in
423 4637 52 30 Mr
491 4637 207 31 Beckett.Den

80 4677 89 33 ison's
192 4679 171 40 possession,
385 4688 31 24 so
437 4682 66 30 that
534 4679 70 31 both
639 4678 70 33 have

81 4722 73 34 been
169 4722 202 44 considerably
396 4722 152 35 benefited'
570 4723 38 43 by
633 4724 76 33 their

80 4772 167 36 temporary
263 4767 111 37 change
388 4769 33 30 of
432 4768 175 37 ownership.

120 4809 61 35 The
196 4809 119 34 salaries
329 4811 31 33 of
373 4810 50 33 the
446 4810 113 34 British
586 4811 123 35 Cabinet

80 4856 244 38 are—Secretary
339 4855 33 31 of
385 4855 127 36 Foreign
529 4855 108 31 Affairs
652 4858 56 30 and

81 4896 78 34 Lord
171 4896 34 33 of
216 4896 51 33 the
277 4896 155 44 Treasury,
442 4897 66 34 £lO
518 4898 75 40 000;
616 4898 74 35 Chan-

80 4943 90 32 cellor
183 4942 34 32 of
230 4943 47 31 the
293 4943 181 42 Exchequer,
487 4943 130 40 £5,000;
631 4945 77 31 Lord

82 4985 80 38 High
205 4985 183 38 Chancellor,
440 4986 154 36 £10,000;
630 4987 77 30 Lord

80 5028 181 32 Lieutenant
276 5039 25 20 oi
318 5027 128 38 Ireland,
456 5029 134 34 £20,000
602 5042 7 25 ;
633 5029 74 32 Lord

81 5071 151 30 President
246 5071 32 29 of
287 5070 49 31 the
350 5071 85 39 Frivy
449 5071 134 36 Council,
595 5072 115 37 £4000;

79 5114 156 43 Secretary
245 5114 32 33 of
286 5113 94 39 India,
392 5114 123 40 £5000;
537 5113 76 34 Firs'
632 5114 77 33 Lord

80 5160 32 29 of
125 5160 49 29 the
187 5159 309 40 Admirality,£44oo;
519 5159 78 30 Lord
614 5159 82 31 Chan

80 5202 88 32 cellor
190 5204 31 28 of
244 5201 127 38 Ireland,
397 5202 125 39 £6000;
560 5201 150 33 President

80 5247 32 31 of
125 5246 49 32 the
192 5246 94 32 Board
301 5247 32 30 of
345 5247 101 37 Trade,
459 5248 106 31 £2OOO

117 5290 60 32 The
192 5289 158 34 reservoirs
364 5290 33 33 of
408 5291 83 32 earth
519 5289 40 33 oil
581 5289 28 34 in
632 5289 57 33 Bur-

80 5336 75 39 mah,
170 5347 66 29 says
250 5335 50 31 the
313 5338 7 13 '
543 5335 70 31 rival
625 5335 85 31 those

79 5379 32 31 of
126 5378 208 37 Pernsy'variia
350 5388 35 22 or
402 5379 134 39 Batoum,
551 5378 56 32 and
623 5377 85 33 there

79 5434 50 22 Are
144 5423 79 33 large
237 5422 82 32 fields
334 5423 32 32 of
378 5426 60 29 coal
455 5423 87 42 ready
559 5423 43 32 for
615 5422 78 32 work

79 5467 59 36 ing.
181 5467 76 31 Gold
273 5466 24 31 is
313 5467 127 32 believed
458 5472 30 26 to
502 5478 34 20 ex
541 5466 4 41 ;
549 5471 29 27 st
589 5467 28 31 ii
631 5468 27 29 la
675 5477 35 30 ge

80 5511 177 44 quantities;
275 5510 125 34 Burmah
416 5510 25 34 is
456 5511 51 34 the
521 5512 99 31 native
643 5512 65 31 land

80 5557 33 29 of
131 5557 51 31 the
204 5556 83 40 ruby,
309 5555 50 32 the
389 5556 146 40 sapphire,
569 5556 58 31 and
660 5557 49 28 the

79 5600 138 38 emtrald,
232 5599 91 33 which
341 5599 70 33 have
428 5600 70 32 been
511 5599 140 44 exported
664 5599 46 32 for

80 5644 186 33 generation*
290 5644 68 30 with
383 5644 75 30 little
486 5646 87 30 effect
594 5656 38 18 on
661 5644 49 31 the

79 5686 115 44 supply.
235 5685 61 33 The
318 5692 123 31 country
468 5687 168 32 commands
659 5686 50 33 the

80 5733 68 36 only
163 5744 68 23 easy
247 5738 99 25 rout»s
362 5733 62 30 into
443 5733 135 30 Western
607 5733 101 35 China,

80 5776 54 30 and
147 5777 21 29 it
179 5775 24 31 is
219 5780 50 26 not
280 5775 66 41 only
362 5775 146 38 probable,
524 5776 50 31 but
588 5777 120 36 certain,

80 5821 62 30 that
160 5821 91 30 under
271 5820 106 31 British
395 5821 61 30 rule
474 5820 111 31 Bhamo
613 5822 93 29 would

733 183 117 29 becom?
866 181 48 30 the
930 186 127 32 greatest
1074 182 96 31 inland
1200 183 167 35 emporium

733 225 27 31 in
779 227 77 35 A*ia,
883 224 132 38 rivalling
1047 223 125 43 Bombay
1203 225 80 30 itself
1307 235 30 19 as
1354 237 14 18 a

734 269 142 33 receiving
892 267 168 34 warehouse
1085 271 44 28 tor
1155 269 49 30 the
1229 268 82 30 trade
1337 270 31 29 of

733 318 56 23 two
805 316 82 32 great
904 313 124 36 peoples.

771 356 60 31 The
842 355 197 37 depreciation
1052 355 28 32 in
1095 355 65 31 land
1171 355 51 31 has
1236 356 129 33 resulted

734 400 26 31 in
777 399 188 38 diminishing
989 400 50 30 the
1065 411 124 20 revenue
1215 399 33 31 of
1271 400 96 33 Guv's

738 444 142 38 Hospital,
897 444 49 30 the
963 444 160 31 wealthiest
1140 445 184 30 endowment
1338 447 27 29 ir»

738 487 137 36 England,
905 486 35 40 by
966 487 65 30 £lO
1043 490 57 27 000
1123 498 16 19 a
1163 498 77 29 year,
1268 489 55 28 aud
1351 499 16 20 a

733 531 79 32 small
841 535 138 36 payment
1005 531 22 32 is
1054 542 62 21 now
1145 530 120 34 exacted
1294 531 70 33 Irom

733 576 83 30 those
833 585 159 28 occupants
1007 581 29 24 of
1054 579 69 28 beds
1141 577 60 29 who
1214 588 48 19 are
1288 576 30 31 iu
1346 590 17 17 a

735 619 124 39 posit/on
878 623 29 25 to
925 618 62 40 give
1003 618 31 32 it.

772 664 59 29 The
850 663 80 30 Bible
942 664 134 30 contains
1088 663 153 36 3.503,339
1257 663 111 38 letter*,

734 708 103 33 SIO,O9
842 708 14 14 7
893 709 101 30 word*.
1021 706 105 33 31.173
1160 719 104 26 verses,
1294 708 74 31 118
1372 706 3 39 i

733 752 136 40 chapters
906 752 54 30 and
991 754 37 29 0(3
1057 751 91 33 bmks
1201 752 61 33 The
1293 752 71 33 27th

733 797 120 38 chapter
869 799 28 26 of
920 795 67 33 Kara
1004 798 133 32 contains
1156 798 49 31 the
1222 799 143 37 alphabet.

741 840 52 30 The
813 841 32 29 10
864 840 14 28 h
897 840 122 38 chapter
1034 842 32 26 of
1079 841 48 30 the
1144 842 111 30 Second
1290 842 76 30 Hook

733 885 27 28 o!
780 884 93 31 K'njs
890 884 53 29 and
963 883 49 31 the
1024 884 71 33 37th
1107 884 123 42 chapter
1243 885 29 32 of
1290 884 76 32 Isaih

733 938 49 21 are
797 927 76 32 alike
925 927 59 31 The
1002 929 60 30 first
1081 940 63 20 mm
1175 931 137 31 recorded
1338 941 30 19 at>

737 972 85 35 being
838 971 99 30 buried
956 971 26 29 in
1000 983 14 19 a
1036 972 83 31 coffin
1147 983 56 19 was
1219 973 149 40 Joseph—

733 1015 70 29 50th
820 1015 120 38 chapter
956 1023 28 21 of
1002 1015 135 36 Genesis,
1152 1016 72 30 2oth
1242 1028 90 19 verse.

771 1058 60 31 The
843 1057 167 39 expression
1022 1061 26 27 of
1064 1062 49 27 the
1125 1070 68 28 eyes
1209 1064 25 23 o'
1247 1071 121 28 persons

735 1102 87 30 killed
841 1101 35 38 by
894 1101 127 32 violence
1038 1103 22 28 iti
1077 1103 168 30 considered
1264 1114 34 20 an
1315 1105 34 28 im-

735 1149 118 38 portant
892 1147 106 27 matter
1038 1146 28 30 in
1110 1145 132 31 criminal
1280 1147 74 41 juris-

736 1190 154 33 prudence,
905 1188 52 31 but
970 1190 35 29 its
1019 1188 81 32 value
1114 1189 47 29 has
1175 1190 70 30 been
1257 1191 110 39 greatly

735 1231 130 31 lessened
890 1232 35 38 by
950 1242 101 19 reason
1074 1244 16 16 o
1094 1233 12 17 p
1125 1232 37 27 its
1193 1240 172 21 evanescent

735 1281 113 27 nature.
893 1275 20 30 A
936 1274 111 33 French
1064 1274 137 32 scientist
1216 1275 48 30 has
1280 1275 88 32 found

733 1330 18 20 a
781 1329 99 21 means
911 1319 30 29 of
977 1319 145 35 restoring
1158 1319 49 29 the
1241 1319 70 30 life-
1324 1319 46 29 ike

734 1363 180 41 expression.
960 1361 26 31 It
1002 1363 125 30 consists
1142 1362 28 31 in
1189 1362 140 40 applying
1356 1375 13 18 a

737 1411 52 26 few
802 1408 87 38 drops
909 1406 32 30 of
963 1406 39 38 gb
1015 1408 97 29 cerine
1139 1407 56 29 aud
1224 1413 91 24 water
1341 1411 29 25 to

737 1451 48 31 the
801 1460 113 22 cornea.

777 1495 74 29 How
887 1494 24 30 is
945 1493 57 31 this
1039 1495 45 28 for
1119 1493 67 33 hijjh
1203 1494 13 30 ?
1286 1493 85 31 Some

737 1536 116 33 months
868 1536 80 32 since
964 1538 50 30 the
1031 1535 90 46 Uajah
1144 1536 120 40 Iftdkar,
1288 1536 84 32 while

736 1593 36 20 on
787 1594 18 19 a
820 1582 66 31 visit
913 1588 31 24 to
970 1582 77 31 Lord
1075 1583 145 37 Duffenn,
1245 1594 57 19 saw
1330 1582 42 30 his

738 1624 128 38 lordship
882 1624 89 39 going
987 1626 126 39 through
1130 1625 50 31 the
1197 1635 117 23 process
1340 1627 29 28 of

737 1670 116 35 cutting
882 1670 44 30 his
954 1679 186 29 newspapers
1165 1670 56 30 and
1245 1681 118 20 reviews

737 1713 59 31 The
813 1711 105 32 Indian
946 1717 153 34 potentate
1124 1712 90 31 asked
1245 1712 45 31 for
1319 1712 49 30 the

737 1757 81 39 ivory
847 1756 195 42 paper-knife,
1067 1756 162 41 promising
1249 1756 126 33 another

737 1802 30 30 in
787 1806 105 26 return
953 1801 61 32 The
1041 1802 100 37 prince
1163 1803 141 29 returned
1330 1812 30 19 re-

737 1845 97 39 cently
870 1849 32 27 to
937 1843 52 33 the
1025 1844 203 32 Government
1262 1844 111 37 House,

739 1889 101 35 taking
869 1889 68 30 with
970 1888 56 31 him
1055 1900 16 19 a
1097 1896 100 30 young
1226 1888 139 40 elephant

737 1932 60 32 The
824 1932 106 32 animal
958 1931 54 33 had
1027 1931 54 33 had
1099 1933 37 30 its
1154 1932 84 31 tusks
1264 1931 109 41 shaped

737 1976 57 30 and
831 1976 173 40 sharpened,
1048 1977 56 30 and
1148 1975 131 31 between
1323 1975 51 31 the

740 2018 120 42 Rajah's
886 2025 58 25 two
968 2019 85 31 visits
1081 2025 31 24 to
1147 2018 138 31 Calcutta
1320 2017 54 32 had

740 2065 171 39 undergone
932 2075 17 20 a
984 2063 131 42 training
1144 2063 30 31 in
1207 2063 166 32 secretarial

742 2108 89 30 work.
877 2107 96 31 When
988 2108 45 30 led
1045 2108 64 30 into
1123 2106 77 32 Lord
1215 2107 160 31 Duffenn's

744 2159 148 31 presence,
905 2150 23 30 it
944 2150 70 31 took
1032 2162 39 30 up
1087 2161 79 20 some
1189 2158 186 31 newspapers

742 2194 68 31 with
827 2195 39 30 its
881 2194 101 39 trunk,
1005 2200 51 26 cut
1078 2194 89 38 them,
1192 2195 56 30 and
1272 2194 100 41 placed

743 2237 77 32 them
866 2246 39 23 on
939 2249 17 20 a
991 2244 101 35 carpet
1126 2239 29 30 in
1186 2246 36 23 an
1259 2237 115 42 orderly

743 2279 124 32 fashion.

816 2385 255 34 POSTAGE
1113 2387 187 32 RATES.

927 2510 90 22 TOWN
1042 2509 147 23 LETTERS.

777 2556 111 32 Posted
915 2561 31 27 at
969 2568 57 28 any
1054 2556 72 32 Post
1153 2555 93 33 Office
1276 2555 102 33 within

738 2601 49 31 the
803 2601 104 41 colony
923 2602 46 30 for
984 2601 131 42 delivery
1129 2604 30 28 at
1174 2611 33 21 or
1217 2601 76 32 from
1306 2601 71 33 such

739 2646 73 29 Post
828 2644 94 31 Office
939 2655 48 20 :

739 2700 59 34 Not
812 2701 161 39 exceeding
988 2701 64 32 half
1064 2713 37 21 an
1118 2713 96 22 ounce
1267 2728 31 8 ...
1344 2703 35 32 Id

740 2746 167 39 Exceeding
922 2746 64 30 half
997 2756 38 20 an
1050 2756 105 27 ounce,
1179 2748 55 29 but

775 2790 163 38 exceeding
953 2801 57 21 oue
1026 2801 97 22 ouuce
1266 2816 31 9 ...
1343 2791 36 32 2d

739 2834 57 33 For
809 2845 91 31 every
917 2834 63 31 half
992 2845 97 21 ounce
1102 2846 70 20 over
1187 2846 58 20 one
1269 2859 30 10 ...
1344 2837 35 30 Id

901 2901 148 23 COUNTRY
1065 2902 149 24 LETTERS.

777 2949 108 31 Posted
902 2953 32 25 at
948 2959 58 29 any
1030 2951 69 36 post
1112 2949 84 31 office
1212 2949 102 32 within
1332 2950 50 32 the

736 2993 106 41 colony
871 2994 46 31 for
948 2992 133 41 delivery
1106 2997 32 27 at
1163 3003 34 21 or
1223 2993 75 32 from
1324 3005 56 30 any

735 3036 87 31 other
833 3039 67 38 post
911 3035 84 31 office
1012 3035 103 32 within
1132 3036 51 31 the
1196 3038 167 41 colony:—

738 3093 62 32 Not
814 3094 163 38 exceeding
992 3093 65 31 half
1069 3104 37 21 an
1122 3104 99 22 ounce
1268 3120 30 11 ...
1343 3096 36 32 2d

739 3137 167 40 Exceeding
922 3136 62 31 half
996 3147 37 21 an
1050 3147 106 29 ounce,
1171 3138 54 31 but
1250 3141 55 28 not

774 3181 163 42 exceeding
949 3191 56 22 one
1020 3191 98 22 ounce
1268 3208 31 8 ...
1342 3183 37 32 4d

738 3226 58 30 For
823 3236 88 29 every
935 3225 65 31 half
1026 3236 97 22 ounce
1146 3236 73 21 over
1248 3237 57 21 one

774 3278 99 24 ounce
951 3293 31 9 ...
1110 3272 32 30 ..:
1268 3295 31 8 ...
1343 3271 37 31 2d

862 3336 201 23 AUSTRALIAN
1085 3336 167 23 COLONIES.

739 3379 61 32 Not
814 3380 164 40 exceeding
993 3380 65 31 half
1075 3390 38 22 an
1129 3390 97 22 ounce
1268 3406 33 9 ...
1343 3382 37 32 2d

737 3423 169 43 Exceeding
920 3423 66 34 half
1006 3435 39 22 an
1059 3435 106 30 ounce,
1181 3424 56 34 but
1250 3430 56 29 not

774 3470 164 35 exceeding
953 3479 57 19 one
1026 3479 96 21 ounce
1268 3494 31 8 ...
1343 3470 37 31 4d

740 3509 56 34 For
824 3521 87 33 every
937 3509 64 34 half
1026 3521 97 23 ounce
1151 3520 72 24 over
1248 3521 57 23 one

775 3568 99 20 ounce
951 3580 33 9 ...
1109 3581 33 8 ...
1268 3582 31 8 ...
1343 3557 38 31 2d

758 3622 148 24 ENGLAND
927 3621 64 25 AND
1014 3621 144 25 FOREIGN
1172 3622 190 26 COUNTRIES.

915 3671 58 30 Per
988 3671 80 30 Half
1090 3671 119 31 Ounce.

740 3713 113 34 United
873 3713 160 41 Kingdom,
1059 3713 47 34 via
1129 3716 59 31 San
1210 3714 76 33 Fran-

777 3759 79 30 cisco
871 3758 58 31 and
951 3759 77 31 Suez
1268 3780 33 9 ...
1344 3762 36 30 6d

741 3801 111 33 United
882 3803 101 31 States
1011 3801 34 32 of
1077 3801 149 41 America,
1260 3804 46 33 via

777 3846 59 29 San
853 3846 163 29 Francisco
1268 3871 33 8 ...
1344 3850 37 29 6d

739 3887 154 32 Sandwich
908 3887 130 40 Islands,
1061 3888 46 33 via
1135 3887 60 34 San
1210 3888 75 34 Fran-

779 3932 77 29 cisco
1107 3957 30 8 ...
1264 3958 32 9 ...
1341 3935 37 31 6d

741 3973 151 34 Canadian
927 3973 191 42 Dominions,
1152 3975 48 35 via
1246 3977 60 34 San

780 4018 163 32 Francisco
1109 4045 32 8 ...
1267 4046 32 9 ...
1343 4024 36 30 8d

744 4061 109 32 British
870 4061 159 34 Columbia
1109 4090 32 7 ...
1268 4092 31 8 ...
1353 4066 29 32 Is

741 4105 88 34 West
843 4105 105 34 Indies
1108 4134 31 8 ...
1265 4135 31 9 ...
1351 4112 31 32 Is

742 4151 128 38 Mexico,
884 4151 46 32 via
942 4151 59 33 San
1018 4152 165 33 Francisco
1267 4180 32 9 ...
1350 4158 32 29 U

741 4195 123 31 Central
883 4195 139 32 America
1266 4224 31 8 ...
1351 4201 30 30 h

741 4237 93 32 South
850 4238 147 39 America,
1009 4238 48 33 via
1068 4239 58 32 San
1140 4239 161 35 Francisco
1350 4245 32 30 It

953 4301 19 24 fi
981 4302 191 24 EWSPAPERB.

744 4351 106 31 Posted
878 4362 17 20 a
935 4362 58 27 any
1017 4351 85 33 office
1128 4352 103 33 within
1254 4354 53 33 the

778 4395 104 39 colony
899 4400 45 24 tor
960 4394 130 42 delivery
1106 4400 31 26 at
1159 4396 51 30 the
1224 4406 81 23 same

778 4436 84 34 office
1109 4466 32 7 ...
1266 4463 34 10 ...
1343 4443 36 38 |d

743 4482 106 30 Posted
875 4484 31 27 at
931 4492 58 30 any
1016 4481 83 32 office
1125 4482 105 31 within
1252 4484 53 32 the

776 4525 107 41 colony
898 4525 46 31 for
960 4525 130 41 delivery
1105 4530 32 28 at
1148 4537 57 31 any
1218 4526 89 34 other

777 4568 84 33 office
875 4568 101 33 within
993 4569 51 32 the
1058 4570 108 41 colony
1269 4598 32 8 ...
1344 4573 36 40 Jd

741 4613 170 32 Australian
927 4613 142 32 Colonies
1271 4642 30 8 ...
1347 4608 33 40 Id

740 4656 113 31 United
871 4655 155 39 Kingdom
1268 4683 31 8 ...
1344 4661 35 29 Id

895 4713 58 34 Vi%
968 4713 58 33 San
1050 4713 174 36 Francisco.

739 4758 113 33 United
869 4758 102 31 States
986 4760 30 28 of
1031 4759 141 31 America
1268 4786 31 8 ...
1344 4763 35 30 Id

739 4801 155 35 Sandwich
908 4801 120 33 Islands
1267 4830 32 9 ...
1345 4806 34 32 Id

739 4847 151 31 Canadian
906 4847 181 31 Dominions
1268 4874 31 8 ...
1343 4850 34 31 26

742 4888 110 33 British
871 4888 158 34 Columbia
1268 4918 31 8 ...
1342 4893 36 32 2d

741 4935 86 33 West
842 4934 105 34 Indies
1265 4964 32 8 ...
1342 4939 35 31 2d

737 4979 124 29 Mexico
1266 5005 31 8 ...
1342 4983 36 28 2d

739 5020 122 33 Central
877 5021 139 33 America
1266 5049 31 8 ...
1342 5024 35 31 2d

738 5064 95 30 South
850 5066 157 29 Amerrica
1267 5092 31 7 ...
1341 5068 36 28 2d

933 5117 86 24 BOOK
1040 5118 141 24 PICKETS

741 5152 106 31 Posted
872 5156 32 27 at
927 5163 58 30 any
1010 5155 83 31 office
1120 5156 104 29 within
1250 5156 53 30 the

776 5196 106 41 colony
898 5196 46 31 for
958 5196 131 40 delivery
1103 5201 31 27 at
1150 5196 50 33 the
1212 5208 90 30 same,

778 5239 102 33 within
909 5240 53 31 the
990 5240 117 42 colony,
1136 5240 52 33 the
1223 5243 58 31 Aus-

776 5284 107 31 tralian
1054 5295 33 21 or
1111 5284 52 32 the
1187 5284 116 35 United

780 5329 150 36 Kingdom
1014 5355 31 8 ...
1129 5332 54 30 loz
1266 5358 31 7 ...
1343 5334 34 30 Id

817 5374 47 29 Do
1013 5398 32 7 ...
1127 5375 55 29 2..z
1265 5400 31 8 ...
1341 5377 36 29 2d

817 5417 47 32 Do
1014 5443 31 7 ...
1129 5417 51 37 ilb
1266 5444 30 8 ...
1341 5420 36 31 4d

817 5462 47 30 Do
1016 5487 29 7 ...
1132 5462 49 31 lib
1266 5489 30 6 ...
1341 5466 36 29 8d

744 5504 91 44 Rvpry
864 5504 163 34 additional
1050 5505 111 42 pound,
1174 5516 35 22 or
1224 5506 63 34 frac-

777 5551 94 31 tional
884 5556 66 36 part
966 5551 29 30 of
1010 5562 18 20 a
1044 5551 101 38 pouud
1266 5577 31 8 ...
1342 5553 35 31 8d

905 5594 57 32 Via
977 5595 56 31 San
1054 5593 169 34 Francisco.

740 5639 110 32 United
881 5639 110 34 States,
1016 5650 88 28 every
1135 5638 49 37 ilb
1268 5666 31 6 ...
1342 5642 36 29 4d

739 5680 152 35 Sandwich
909 5681 115 32 Islands
1144 5706 16 14 „
1266 5707 31 9 ...
1342 5684 35 30 4d

739 5728 148 32 Canadian
908 5727 175 32 Dominions
1144 5752 18 14 „
1268 5754 30 6 ...
1343 5730 34 30 61

742 5772 107 30 Brit'sh
869 5770 157 32 Columbia
1146 5795 17 14 „
1268 5798 29 5 ...
1343 5773 34 30 6d

742 5817 83 31 West
843 5817 101 31 Indies
1148 5843 15 5 ~
1266 5843 29 5 ...
1342 5819 35 29 6<]

1285 43 115 39 THE
1456 44 184 41 LYELL
1694 45 184 44 TIMES,
1934 45 305 49 SATURDAY,
2297 51 298 41 FEBRUARY
2652 66 54 35 13.
2767 52 101 40 1886.

3396 5705 113 30 Printed
3522 5706 54 29 and
3591 5707 147 38 published
3756 5706 37 41 by
3808 5707 48 30 the
3870 5707 165 39 proprietor,

3382 5736 2 51 J
3429 5747 107 28 Walter
3549 5749 94 30 Atkin,
3658 5753 29 24 at
3699 5749 47 27 the
3762 5747 162 35 Registered
3948 5750 85 28 Office

3431 5785 78 29 otthe
3524 5790 16 11 •■
3551 5786 78 33 Lyell
3764 5787 67 28 Cliff
3836 5787 101 32 Street,
3944 5787 90 34 Lyell,

3432 5825 109 30 CtinntY
3557 5827 28 28 of
3598 5825 100 30 Bullcr,
3711 5826 84 29 Colon
3800 5837 16 17 v
3833 5830 24 25 ot
3871 5827 67 28 N.Z.

1472 173 174 39 Westport
1663 175 303 31 Advertisements.

1398 251 31 52 G
1452 251 120 54 ILM
1592 252 32 55 E
1643 252 89 55 R'S
1787 252 35 53 II
1841 252 32 53 o
1877 225 150 90 Tel,

1636 352 158 28 WESTPORT,

1420 422 145 39 Corner
1594 423 41 38 of
1663 423 241 40 Palmerston
1930 425 75 38 and

1513 477 212 38 Wakefield
1754 480 159 42 Streets,

1488 608 62 26 Post
1565 608 108 33 Offices,
1687 609 54 26 and
1755 609 95 34 nearly
1864 610 123 35 opposite
2002 612 26 25 to

1399 646 32 29 he
1446 645 75 32 lt.M.
1537 648 86 29 Court
1638 647 54 30 and
1712 647 37 30 11.
1755 647 37 29 M.
1807 647 139 30 Customs.

1399 758 178 41 Gilmer's
1600 758 175 41 Masonic
1799 759 130 49 Hotel,

1399 853 178 39 Gilmer's
1604 854 129 47 Hotel,

1848 916 181 21 GREYMOUTH.

1399 947 178 39 Gilmer's
1598 948 121 51 Royal
1739 947 85 40 Oak
1846 948 129 47 Hotel,

1836 1010 192 21 WELLINGTON.

1433 1117 76 26 Good
1532 1117 237 28 accommodation
1789 1117 41 28 for
1850 1117 178 30 Commercial

1399 1154 159 30 Travellers,
1573 1156 65 29 with
1652 1156 104 36 sample
1770 1165 92 19 rooms
1875 1156 138 38 provided.

1432 1195 24 26 A
1481 1194 87 36 Night
1592 1196 96 27 Porter
1712 1195 103 37 always
1839 1206 35 17 on
1900 1197 47 28 the
1972 1207 48 26 pre

1400 1233 90 24 mises.

1433 1268 126 35 Booking
1579 1269 84 29 Office
1683 1270 42 29 for
1737 1269 45 29 the
1796 1270 169 35 Charleston,
1979 1271 34 29 Ad-

1399 1308 112 32 dison's,
1527 1309 114 27 Reefton
1654 1309 55 27 and
1728 1310 78 33 Lyell
1821 1310 130 27 Coaches.

1434 1346 77 27 Good
1525 1345 127 35 stabling,
1667 1347 67 28 with
1749 1347 76 36 eight
1845 1347 79 29 horse
1946 1348 84 34 stalls,

1400 1385 127 28 attached
1541 1389 28 24 to
1583 1386 46 27 the
1643 1387 140 35 premises.

1607 1441 121 33 JOHN
1749 1442 189 41 GILMER,

1835 1488 164 35 Proprietor.

1401 1569 89 59 YT
1495 1619 8 9 m
1591 1569 440 61 gTRUTHERS

1544 1667 89 31 HAS
1650 1667 64 32 ON
1735 1666 121 33 SALE-

1444 2447 320 37 PALMERSTON
1808 2447 194 47 STREET,

1619 2510 213 27 WESTPORT.

1442 2592 290 61 Thomas
1760 2592 244 73 James,

1537 2705 265 47 SADDLER,
1833 2702 65 43 &c.
1904 2736 8 17 t

1448 2789 180 33 MPORTER
1646 2799 56 21 and
1728 2790 314 31 MANUFACTURER

1409 2902 60 38 All
1502 2901 252 52 descriptions
1773 2900 42 40 of
1842 2901 197 52 Saddlery,

1460 2964 184 48 Harness,
1663 2964 111 52 Long
1785 2963 75 40 and
1880 2964 114 40 Short

1509 3027 202 51 Leggings,
1783 3027 159 52 Plough,

1556 3092 32 38 &
1607 3091 108 39 Back
1741 3091 154 48 Chains,

1604 3153 158 49 Traces,
1781 3154 65 39 &c.

1412 3281 112 39 Repairs
1537 3282 102 38 Neatly
1652 3282 55 29 and
1728 3282 144 39 Promptly
1894 3281 149 31 Executed.

1410 3396 177 37 Up-country
1599 3396 93 28 orders
1709 3396 141 37 promptly
1863 3396 131 30 attended
2006 3400 37 26 to.

1410 3508 50 28 ON
1481 3507 205 28 SALE—Steel
1716 3508 137 34 Polished,
1884 3509 54 28 and
1970 3510 73 28 Solid

1480 3547 88 29 Silver
1596 3547 71 33 Bits,
1698 3547 132 37 Stirrups,
1862 3547 55 30 and
1948 3547 95 39 Bpurs,

1479 3586 103 34 Riding
1604 3586 124 32 Saddles,
1749 3586 74 27 Pack
1846 3587 123 32 Saddles,
1990 3588 53 27 and

1481 3622 97 39 Whips
1590 3624 31 30 of
1634 3624 36 30 all
1684 3623 187 38 descriptions.

1444 3843 90 52 J.
1599 3845 413 64 CORR,

1623 3951 210 38 IMPORTER,

1753 4046 128 40 WINE,
1908 4046 126 33 SPIRII

1510 4208 197 39 Provision
1727 4208 216 40 Merchant.

1450 4409 319 38 PALMERSTON
1811 4410 193 47 STREET,

1621 4505 216 26 WESTPORT.

2138 179 144 30 Reefton
2310 180 294 31 Advertisements

2176 258 54 39 W.
2272 258 304 48 HINDMARSH,

2096 378 287 35 IHAREBROKER,
2410 380 179 35 MINING,
2614 382 79 27 AND

2149 457 166 38 General
2342 458 260 39 Commission

2310 549 136 54 Agent,

2092 682 289 47 BROADWAY,
2411 683 245 48 REEFTON,

2181 792 140 38 (Opposite
2341 792 137 31 Southern
2492 793 81 30 Cross

2324 851 103 35 Hotel.)

2061 934 339 61 Dawson's
2467 937 222 73 Hotel,

2155 1040 224 34 BROADWAY,
2409 1042 185 28 REEFTON.

2064 1154 86 29 fTlhe
2170 1154 236 30 accommodation
2430 1156 124 37 supplied
2576 1157 36 36 by
2639 1157 55 28 this

2070 1201 35 14 ■*•
2150 1194 85 29 house
2249 1200 102 23 cannot
2365 1195 30 28 be
2409 1197 146 33 surpassed
2576 1197 28 27 in
2627 1197 66 28 New

2062 1231 127 27 Zealand.

2064 1333 173 53 Booking
2272 1334 121 41 Office
2428 1336 57 39 for
2521 1336 173 39 Mitchell

2110 1388 77 39 and
2231 1390 232 51 Campbell's
2522 1392 121 50 Royal

2161 1442 95 42 Mail
2286 1444 97 40 Line
2406 1444 42 41 of
2475 1446 96 52 Grey-

2213 1500 133 38 mouth
2362 1500 188 38 Coaches.

2096 1630 67 28 This
2177 1630 84 29 Hotel
2275 1630 23 28 is
2321 1630 60 28 well
2403 1629 102 29 known
2527 1630 169 35 throughout

2065 1670 65 28 New
2145 1669 118 29 Zealand
2277 1670 42 28 for
2338 1669 35 29 its
2392 1669 235 29 accommodation
2641 1669 55 29 and

2063 1709 181 26 convenience
2256 1707 42 29 for
2315 1708 112 27 tourists
2446 1707 55 28 and
2521 1707 175 29 commercial

2063 1746 149 30 travellers.

2260 1795 123 37 JOHN
2406 1794 211 47 DAWSON,

2496 1848 164 37 Proprietor.

2224 1931 309 35 STEVENSON'S

2068 1995 365 60 M'Gaffin's
2470 1994 226 73 Hotel,

2167 2099 224 34 BROADWAY,
2412 2098 187 30 REEFTON.

2155 2271 103 37 replete
2271 2271 67 28 with

2161 2346 92 20 EVERY
2272 2346 126 20 COMFORT
2416 2346 56 20 AND
2490 2345 118 21 MODERN

2281 2385 205 19 CONVENIENCE.

2101 2492 132 34 Tourists,
2258 2491 176 30 commercial
2464 2491 152 34 travellers,
2648 2490 54 31 and

2067 2532 93 28 others
2169 2532 56 27 will
2239 2532 62 27 here
2315 2531 57 28 find
2387 2540 82 26 every
2482 2530 138 29 attention
2630 2540 54 19 com-

2067 2570 82 29 bined
2162 2570 67 28 with
2244 2570 82 28 home
2340 2569 137 29 comforts.

2068 2682 158 40 Booking
2244 2681 106 33 Office
2361 2681 54 33 for
2426 2681 171 33 Newman
2608 2681 95 32 Bros'

2095 2729 109 37 Royal
2216 2729 87 29 Mail
2315 2728 87 30 Line
2416 2727 38 31 of
2463 2727 132 31 Nelson
2608 2728 70 30 and

2211 2771 175 41 Westport
2398 2770 163 33 Coaches.

2130 2864 161 41 JAMES
2336 2864 305 48 STEVENSON,

2294 2927 181 20 PROPRIETOR.

2072 3000 251 64 City
2346 2999 300 53 Hote

2102 3080 290 51 BROADWAY,
2422 3080 249 43 REEFTON.

2161 3251 55 27 and
2235 3251 47 27 the
2303 3250 91 36 public
2413 3250 141 35 generally
2573 3249 57 28 will
2649 3250 55 27 find

2071 3288 55 29 this
2139 3288 175 29 well-known
2333 3287 86 29 Hotel
2437 3287 78 29 fitted
2535 3287 68 29 with
2623 3297 81 28 every

2071 3328 114 28 modern
2198 3328 183 28 convenience
2391 3326 55 29 and
2458 3326 195 37 requirement.

2120 3442 86 41 The
2239 3441 256 52 Proprietress
2526 3441 32 40 is
2581 3441 103 41 deter-

2072 3497 127 37 mined
2227 3502 40 32 to
2286 3509 109 37 spare
2414 3508 50 24 no
2483 3509 165 37 expense
2667 3496 37 38 in

2072 3551 155 50 making
2244 3549 77 41 this
2343 3549 116 40 Hotel
2479 3549 225 53 thoroughly

2072 3605 111 54 equal
2202 3610 39 35 to
2260 3603 49 41 all
2328 3603 288 54 requirements.

2071 3735 92 35 Local,
2183 3734 124 31 Colonial
2333 3735 54 29 and
2413 3735 213 37 Home'papeVs
2649 3735 55 29 and

2192 3774 162 37 periodicals
2366 3775 137 35 regularly
2515 3774 74 29 filed.

2238 3831 152 40 ALICE
2416 3831 237 47 NEVILLE,

2511 3893 192 34 Proprietress.

1527 4739 156 39 PETER
1711 4740 213 46 MULVAY,

1455 4826 200 35 iLUMBBR,
1686 4827 237 36 TINSMITH,
1952 4828 87 30 AND

1581 4866 221 34 GASFITTER,
1815 4868 56 26 and

1487 4950 474 48 COPPERWORKER,

1439 5063 215 36 Palmerston
1681 5063 121 45 Street,
1822 5064 185 46 Westport,

1524 5168 141 36 (Opposite
1679 5168 127 29 Gilmer's
1819 5169 105 37 Hotel.)

1412 5320 91 32 Everv
1520 5319 178 33 nVseriotion
1716 5319 32 33 of
1773 5319 176 36 Holloware,
1964 5321 48 34 Tin-

1447 5365 115 30 smiths'
1580 5365 35 28 G«
1629 5366 63 35 ods,
1709 5366 54 29 and
1787 5366 212 40 Ironmongery

1606 5408 70 40 kept
1699 5408 28 31 in
1750 5409 93 31 stock.

1537 5547 24 27 A
1574 5547 87 34 Large
1675 5547 200 35 Consignment
1888 5547 29 28 of

1450 5612 187 42 STOVES
1663 5612 102 41 AND
1801 5612 198 43 RANGES

1615 5701 61 21 NOW
1695 5701 33 20 TO
1747 5701 85 21 HAND.

1593 5828 44 28 All
1656 5828 84 30 Work
1754 5829 182 29 Guaranteed.

2889 181 118 31 Public
3026 183 151 30 Notices.

2854 261 128 40 JOHN
3028 260 188 49 MUNRO,

2721 389 234 30 .GENERAL
2988 391 246 28 MERCHANT
3265 392 90 27 AND

2934 468 209 34 IMPORTER,

2821 584 242 38 Palmerston
3099 585 157 51 [Street,

2933 706 216 26 WESTPORT.

2768 805 246 33 JOHNSTON
3041 808 28 32 &
3095 808 216 32 WATKINS

2939 880 108 31 CIVIL
3065 884 79 27 AND

2810 960 72 28 INI
2894 961 23 27 X
2928 962 25 27 G

3097 962 84 30 NGI
3193 963 24 28 N
3227 963 24 28 E
3264 962 96 35 EIIS,

2909 1047 182 20 AUTHORISED
3113 1049 56 19 AND

2726 1091 279 39 LICENSED
3032 1092 328 42 SURVEYORS

2725 1184 129 36 Working
2879 1184 84 30 Plans
2985 1185 55 29 and
3068 1184 106 32 Details
3198 1186 31 29 of
3254 1186 107 38 Miinng

2756 1224 164 33 Machinery
2933 1224 133 35 prepared
3077 1226 54 25 and
3141 1226 45 26 the
3196 1227 132 26 Erection

2809 1261 107 37 Mining
2932 1261 160 38 Machinery
3106 1263 169 37 supervised.

2723 1338 118 34 Surveys
2854 1337 43 28 for
2907 1337 111 37 Mining
3028 1339 166 36 Companies
3203 1340 159 28 contracted

2723 1376 38 29 for
2775 1376 35 37 by
2824 1376 45 29 the
2883 1386 73 27 year.
2995 1379 120 34 Surveys
3127 1380 80 27 made
3217 1378 88 29 under
3316 1378 46 29 the

2895 1416 82 28 Land
2989 1417 129 27 Transfer
3128 1419 61 26 Act.

2972 1494 138 29 Address:

2725 1531 166 33 Broadway,
2912 1531 135 27 Reefton
3058 1540 7 25 ;
3093 1540 56 19 and
3175 1532 189 28 Commercial

2927 1569 111 36 Hotel,
3058 1571 92 30 Lyeli

2757 1645 293 32 N.B.—lnstructions
3064 1649 49 28 left
3125 1651 30 27 at
3167 1648 92 30 Times
3269 1647 93 36 Office,

2723 1694 15 19 I
2747 1687 65 31 yell,
2824 1687 56 27 will
2894 1689 105 27 receive
3008 1689 160 28 immediate
3181 1689 147 27 attention.

2855 1769 383 62 Newman's

2799 1884 133 29 OYAL

3066 1886 86 27 AIL
3196 1887 41 26 T
3271 1887 89 27 INE

2927 1977 48 27 OF
2994 1977 178 29 COACHES

2761 2071 254 30 Thrice-Weekly
3040 2072 122 29 Service
3184 2073 144 30 Between

2814 2119 106 34 Lyell,
2935 2120 133 28 Reefton
3080 2129 57 19 and
3151 2121 127 29 Nelson.

2728 2214 92 28 Leave
2841 2213 83 38 Lyell
2941 2214 43 29 for
3001 2215 106 29 Nelson
3123 2225 84 28 every
3229 2216 135 38 Tuesday,

2729 2261 147 37 Thursday
2883 2261 56 29 and
2950 2262 149 37 Saturday,
3108 2267 30 24 at
3148 2265 63 28 2.30
3221 2273 77 27 p.m.,
3309 2265 56 28 and

2730 2309 80 38 Lyell
2822 2310 42 28 for
2877 2310 138 38 Westport
3028 2311 55 29 and
3097 2311 127 35 Reetton,
3243 2321 37 20 on
3294 2312 52 29 Sun-

2729 2357 65 37 day,
2807 2357 175 38 Wednesday
2995 2359 55 28 and
3064 2359 113 37 Friday,
3185 2364 30 24 at
3226 2362 62 26 9.30
3299 2370 64 18 a.m.

2731 2445 165 35 Passengers
2922 2445 102 29 booked
3055 2446 44 28 for
3128 2446 151 37 Hampden
3311 2449 53 26 and

2850 2491 81 31 other
2942 2493 193 29 intermediate
3149 2493 101 38 places.

2902 2570 132 29 Booking
3055 2571 138 28 Offices:

2732 2628 139 37 Westport
3133 2629 134 29 Gilmer's
3279 2629 87 29 Hotel

2731 2674 118 29 Reefton
3092 2675 177 29 Stevenson's
3282 2676 85 29 Hotel

2732 2723 104 28 Nelson
3144 2724 126 29 Masonic
3283 2725 83 28 Hotel

2765 2817 45 30 All
2821 2818 109 38 parcels
2944 2821 75 27 must
3029 2818 34 30 be
3078 2818 125 38 prepaid,
3221 2819 146 30 otherwise

2865 2866 68 37 they
2946 2866 56 29 will
3014 2866 33 29 be
3059 2866 49 29 left
3121 2866 114 29 behind.

3055 2922 39 28 H.
3114 2922 185 34 NEWMAN,

3165 2961 160 34 Proprietor

2796 3051 148 28 LADIES'
2964 3050 50 29 OR
3033 3050 273 29 GENTLEMEN'S

2737 3104 297 60 gADDLE
3102 3104 73 59 U;
3188 3104 164 41 ACKS
3357 3136 7 15 >

2867 3193 93 39 (Quiet
2971 3193 56 30 and
3040 3194 198 31 Well-broken)

2733 3256 74 28 FOR
2819 3256 97 28 HIRE
2929 3256 52 28 BY
2993 3256 78 28 THE
3086 3256 281 28 UNDERSIGNED

2852 3308 42 28 At
2912 3307 169 30 Inanoahua
3097 3307 152 30 Junction.

2767 3409 114 30 Horse's
2893 3413 61 26 sent
2965 3413 38 34 jto
3016 3410 79 36 Lyell
3108 3412 29 27 at
3156 3419 16 20 a
3185 3413 149 26 moment's

2998 3450 102 29 notice.

2732 3534 199 51 Courtney's
2939 3534 301 42 Accommodation
3249 3535 118 41 House

2732 3594 115 35 Having
2869 3594 86 35 lately
2975 3594 70 28 been
3066 3594 193 35 considerably
3280 3595 87 27 added

2732 3636 28 27 to
2780 3632 56 30 and
2854 3632 154 39 improved,
3021 3632 24 30 is
3064 3642 63 21 now
3139 3642 52 21 one
3203 3632 32 31 of
3250 3632 47 31 the
3309 3632 58 32 best

2732 3673 148 36 appointed
2892 3674 55 26 and
2960 3677 73 23 most
3045 3673 178 27 comfortable
3243 3674 124 28 roadside

2841 3709 112 31 house's
2965 3720 36 20 on
3014 3710 48 29 the
3074 3710 79 29 West
3165 3710 92 30 Coast.

2747 3826 241 35 FRIAiNCIS
3038 3826 314 41 COURTNEY,

2956 3893 192 28 Proprietor.

2404 4014 117 52 THE
2612 4012 184 54 LYELL

2070 4148 326 41 PRINTING
2446 4148 126 41 AND
2623 4146 425 43 PUBLISHING
3099 4146 267 52 OFFICE,

2484 4266 147 30 CLIFF
2668 4268 70 32 ST.,
2775 4267 179 30 LYELL.

2136 4598 37 40 Is
2192 4612 72 26 one
2283 4597 42 40 of
2339 4597 63 40 the
2422 4597 85 40 best
2526 4598 96 40 local
2642 4599 190 41 mediums
2850 4600 57 40 for
2924 4601 247 56 distributing
3190 4619 115 35 news,

2314 4687 339 49 Advertisements,
2675 4689 76 40 and
2771 4689 169 54 subjects
2959 4691 42 39 of
3015 4691 97 41 local

2509 4779 170 46 interest,
2701 4779 233 51 throughout

2299 4870 64 38 the
2384 4870 148 41 .Buller
2566 4871 76 38 and
2679 4871 224 52 Inangahua
2938 4872 197 39 Counties.

2117 5084 169 52 Charges
2305 5084 56 38 for
2378 5084 180 52 standing
2575 5084 330 45 advertisements,
2926 5096 90 39 very
3030 5083 236 39 reasonable.

2119 5176 80 47 Job,
2246 5176 121 47 Plain,
2406 5175 75 39 and
2524 5176 49 38 all
2609 5176 111 38 kinds
2759 5175 42 39 of
2830 5175 178 51 printing,
3047 5173 184 39 executed
3275 5174 90 38 with

2067 5245 185 52 despatch
2272 5251 40 33 at
2330 5245 65 39 the
2414 5244 130 40 lowest
2563 5245 137 51 prices.

2116 5334 332 40 Communication
2468 5334 50 52 by
2537 5340 86 45 post
2637 5348 42 25 or
2696 5333 87 40 wire
2803 5332 192 53 promptly
3014 5331 183 41 attended
3217 5338 51 34 to.

2588 5572 228 44 ADDRESS

2173 5682 482 56 TIMES
2702 5679 555 57 OFFICE,

2605 5794 222 41 LYELL.

3555 183 119 32 Public
3701 182 155 33 Notices.

3509 261 191 38 SANDER
3719 263 29 37 &
3771 262 126 38 SONS'

3382 333 374 75 Eucalypti

3712 424 308 63 Extract,

3420 597 151 33 (Pentsclie
3598 597 74 27 Med.
3697 598 224 28 Wochenschrift
3949 601 78 32 1670)

3389 634 109 34 \Josier,
3514 635 87 28 M.i).,
3616 635 138 28 Professor
3768 640 26 24 at
3807 636 46 27 the
3865 635 165 38 University

3386 673 172 33 Greifswald,
3596 675 150 36 Germany,
3785 682 107 29 reports
3907 684 42 19 :
3969 675 60 30 The

3390 711 143 37 Eucalypti
3554 713 115 26 Extract
3695 713 102 36 proved
3817 713 213 38 magnificently

3387 751 149 28 successful
3567 752 29 27 in
3629 761 64 28 very
3731 762 94 19 severe
3857 753 172 33 contusions,

3389 791 112 33 bruises,
3510 790 119 39 sprains,
3636 791 125 35 wounds,
3766 791 150 37 scaldings,
3922 791 105 32 broken

3390 830 61 31 ribs,
3461 831 53 27 and
3526 831 91 27 limbs.
3650 831 27 28 It
3686 831 158 37 effectually
3855 838 76 31 stays
3939 833 38 27 all
3985 833 28 29 in-

3390 867 172 31 flammation
3576 870 54 26 and
3645 869 133 36 swelling.
3816 871 75 32 Also,
3912 872 46 27 the
3972 882 41 17 ser-

3392 907 194 29 vicesjderived
3599 908 70 28 from
3679 909 22 27 it
3709 910 27 26 in
3751 909 37 28 all
3795 909 138 28 disorders
3943 910 30 28 of
3980 912 47 27 the

3392 946 160 38 respiratory
3564 957 109 25 organs,
3684 958 30 18 as
3723 957 92 28 croup,
3827 948 146 37 diptheria,
3987 951 26 27 in-

3392 985 170 29 flammation
3589 986 31 28 of
3637 986 46 28 the
3705 986 145 29 bronchial
3869 988 78 28 tubes
3971 989 56 27 and

3392 1025 87 32 lungs,
3494 1025 111 27 chronic
3626 1025 121 34 catarrh,
3762 1025 159 34 bronchitis,
3940 1028 87 31 colds,

3391 1065 54 29 &c,
3460 1073 45 18 are
3519 1068 48 23 not
3587 1068 27 23 to
3627 1063 33 29 be
3673 1065 126 36 equalled
3819 1065 36 37 by
3872 1075 56 27 any
3947 1066 80 28 other

3392 1102 194 28 medicament.

3392 1162 132 32 Sander
3542 1162 27 31 &
3585 1162 87 32 Sons
3685 1163 185 40 Eucalypti
3882 1163 145 33 Extract

3425 1214 97 31 Lister,
3543 1214 86 32 M.D.,
3649 1215 148 31 Professor,
3812 1216 67 33 „&c,
3900 1216 124 31 London,

3392 1251 44 25 the
3450 1251 124 32 Leading
3593 1259 116 27 surgeon
3724 1253 29 24 of
3764 1252 46 26 the
3824 1257 109 30 present
3947 1258 77 26 time,

3395 1287 83 30 »tated
3493 1294 26 22 at
3533 1288 47 29 the
3593 1287 53 31 last
3663 1290 122 35 meeting
3797 1291 31 27 of
3844 1290 45 28 the
3909 1291 116 28 Clinical

3392 1327 116 35 Society,
3516 1327 125 28 Loudon,
3649 1337 29 17 as
3691 1329 143 34 published
3841 1330 28 26 in
3878 1329 147 28 Gaillard's

3394 1364 115 28 Medical
3528 1364 125 33 Journal,
3667 1365 61 30 that
3741 1366 46 28 the
3806 1367 146 37 Eucalypti
3971 1367 36 28 Ex-

3392 1408 68 22 tract
3474 1404 22 26 is
3510 1404 46 26 the
3570 1404 57 28 best
3641 1404 99 28 known
3761 1407 144 34 antiseptic
3920 1411 106 31 (means

3392 1440 28 28 of
3431 1443 163 34 preventing
3605 1444 205 35 putrefaction).

3393 1503 132 30 Sander
3543 1503 27 30 &
3587 1504 88 30 Sons
3688 1505 185 38 Eucalypti
3884 1507 145 29 Extract

3427 1552 155 35 (American
3597 1552 117 35 Medical
3714 1552 134 35 Journal,
3861 1554 163 33 November,

3393 1593 74 34 1881)
3481 1592 70 27 —In
3564 1592 119 28 diseases
3696 1593 30 27 of
3742 1593 47 28 the
3806 1593 112 38 kidney,
3938 1596 89 27 either

3391 1630 87 26 active
3491 1632 158 31 congestion
3661 1640 30 17 or
3699 1634 173 33 suppression
3890 1634 134 34 (uraemia)

3390 1668 36 28 all
3439 1667 193 35 albuminuria,
3646 1668 109 39 dropsy,
3769 1670 126 33 lithiasi.s,
3910 1672 115 35 nothing

3391 1707 54 26 will
3458 1708 80 33 equal
3552 1717 28 17 m
3594 1709 35 25 its
3639 1709 89 25 action
3745 1709 146 36 Eucalypti
3903 1711 122 27 Extract.

3393 1744 94 32 Doses,
3512 1745 54 28 five
3589 1748 29 25 to
3745 1747 83 37 drops
3851 1748 28 28 in
3910 1759 16 17 a
3956 1748 70 29 little

3390 1785 153 28 sweetened
3568 1791 84 23 water
3677 1788 77 26 twice
3782 1797 31 17 or
3837 1787 77 29 three
3945 1789 83 28 times

3391 1823 83 35 daily.

3392 1882 134 32 Sander
3543 1883 28 31 &
3585 1884 88 31 Sons
3686 1884 186 40 Eucalypti
3886 1887 146 32 Extract

3429 1932 92 36 (From
3533 1933 144 28 American
3689 1934 117 31 Medical
3806 1934 134 31 Journal.
3950 1936 77 34 Jan.,

3394 1972 225 32 1882).—Pitzer,
3648 1973 86 33 M.D.,
3756 1974 138 28 Proiessor
3917 1976 111 35 Theory

3393 2008 54 27 and
3462 2009 123 28 Practice
3597 2011 30 27 of
3637 2011 144 31 Medicine,
3792 2014 147 27 American
3952 2014 57 27 Med-

3393 2047 52 27 ical
3458 2047 121 35 College,
3593 2058 63 26 says
3667 2050 72 27 :—lt
3751 2049 24 29 is
3785 2051 47 28 the
3844 2051 59 28 best
3914 2053 115 35 remedy

3394 2086 99 28 known
3512 2086 29 29 in
3561 2079 226 45 typliomalarial,
3806 2090 116 36 typhoid
3943 2091 85 33 fever,

3393 2125 156 35 erysipelas,
3559 2126 164 36 diphtheria,
3733 2129 98 27 scarlet
3842 2131 81 29 fever,
3934 2131 77 26 small-

3393 2172 62 27 pox,
3468 2163 56 34 &c,;
3543 2164 23 28 it
3583 2164 157 36 effectually
3753 2167 105 27 retards
3877 2168 47 27 the
3945 2168 69 28 disin-

3382 2201 1 38 j
3394 2201 134 36 tegration
3558 2203 31 28 of
3609 2203 47 29 the
3681 2206 104 28 animal
3815 2206 90 33 fluids,
3936 2208 91 27 which

3393 2241 89 35 might
3494 2242 85 27 result
3592 2243 30 27 in
3637 2253 16 17 a
3672 2245 108 31 general
3799 2245 183 37 breaking-up
4001 2247 31 27 of

3393 2279 46 28 the
3453 2279 80 28 blood
3547 2281 55 28 and
3615 2282 28 27 in
3657 2281 93 29 death.

3394 2341 133 32 Sander
3545 2342 27 31 &
3587 2343 88 32 Sons
3688 2343 186 40 Eucalypti
3887 2345 147 32 Extract

3429 2391 95 32 (From
3559 2392 40 28 St.
3637 2392 84 28 Louis
3756 2394 119 28 Electric
3913 2396 118 27 Medical

3394 2429 125 34 Journal,
3549 2430 78 33 Dec,
3659 2433 88 32 1881).
3756 2434 147 28 —Cancer
3926 2436 30 27 of
3984 2435 46 28 the

3394 2469 351 35 Tongue—Patient,-Mrs.
3889 2493 6 12 ,
3909 2474 33 26 35
3951 2482 81 26 years

3395 2506 54 29 old.
3498 2507 141 29 Evidence
3662 2509 31 28 of
3714 2510 151 30 scrofulous
3891 2510 141 31 diathesis.

3396 2546 158 27 Prescribed
3572 2547 62 27 four
3656 2547 82 37 drops
3751 2557 28 19 to
3798 2549 32 27 be
3850 2549 83 29 taken
3956 2550 76 28 three

3394 2584 81 27 times
3497 2584 76 33 daily
3588 2593 7 25 ;
3615 2585 67 35 also,
3705 2593 101 29 tongue
3830 2589 101 27 wetted
3955 2589 78 27 three

3395 2623 81 28 times
3517 2623 68 28 with
3627 2625 48 28 the
3715 2626 150 37 Eucalypti
3907 2628 125 28 Extract.

3395 2661 115 27 Treated
3530 2670 30 18 as
3579 2662 86 28 above
3690 2663 43 28 for
3756 2664 63 27 four
3842 2665 100 33 weeks,
3965 2666 69 27 then

3395 2698 161 37 discharged
3569 2700 93 29 cured.

3432 2746 36 34 (J.
3502 2747 36 26 11.
3570 2747 124 36 Ruttley,
3731 2749 87 31 M.D.,
3855 2750 83 33 Prof.,
3975 2754 57 29 &c,

3395 2783 342 39 Philadelphia).—Since,
3749 2787 29 28 in
3797 2787 48 30 the
3861 2797 61 21 case
3940 2789 31 29 of
3987 2789 45 29 Mr

3397 2824 113 33 Mercer,
3524 2824 31 29 of
3568 2825 118 37 Kerang,
3699 2827 62 28 who
3775 2827 54 29 had
3837 2827 69 30 been
3919 2829 113 29 advised

3395 2862 36 35 by
3454 2863 46 28 the
3528 2863 118 28 Medical
3665 2865 105 28 officers
3790 2867 31 27 of
3834 2867 48 28 the
3909 2868 123 34 Bendigo

3395 2901 129 36 Hospital
3539 2906 28 24 to
3580 2902 71 28 have
3664 2904 44 27 his
3721 2907 100 31 tongue
3829 2907 140 31 removed,
3976 2907 56 27 like

3394 2938 128 36 splendid
3535 2940 99 28 results
3647 2941 70 28 have
3726 2943 120 27 attained
3853 2944 119 35 through
3982 2945 48 28 the

3394 2976 169 37 application
3576 2978 30 28 of
3614 2978 48 28 the
3674 2979 150 38 Eucalypti
3837 2980 125 30 Extract.

3397 3037 134 31 Sander
3548 3038 28 31 &
3591 3039 89 30 Sons
3693 3041 186 38 Eucalypti
3890 3043 147 30 Extract

3429 3086 85 30 From
3532 3086 48 30 the
3599 3088 117 29 Clinical
3734 3088 116 36 Record,
3869 3091 31 28 of
3914 3091 117 36 August,

3395 3126 89 33 1881).
3546 3127 125 36 Surgical
3701 3128 89 28 Clinic
3827 3130 30 26 of
3892 3130 143 28 Proiessor

3396 3163 149 36 M'lntyre,
3575 3164 110 37 College
3715 3166 31 27 of
3778 3166 164 37 Physicians
3978 3169 56 27 and

3396 3202 147 37 Surgeons,
3556 3203 40 29 St.
3608 3204 248 30 Louis—Scirrhus
3864 3207 31 27 of
3900 3207 133 29 Breast—

3395 3242 131 27 Excision
3538 3250 6 19 :
3559 3243 150 35 Eucalypti
3721 3244 116 28 Extract
3848 3246 147 35 employed
4004 3256 30 17 as

3395 3288 92 27 spray,
3512 3279 56 28 and
3592 3279 134 37 dressing.
3763 3282 87 35 Eight
3872 3283 68 35 days
3965 3285 70 27 after

3395 3317 143 37 operation
3553 3318 154 29 Professors
3719 3319 93 30 Bauer
3824 3321 55 28 and
3894 3322 140 37 M'lntyre

3395 3356 84 28 noted
3514 3356 47 29 the
3597 3357 141 37 following
3773 3360 141 28 condition
3928 3368 42 20 :
3989 3363 43 27 No

3395 3394 133 36 swelling,
3541 3395 65 29 heat
3618 3405 31 19 or
3662 3396 202 34 discoloration,
3877 3408 67 19 near
3961 3410 31 18 or
4004 3402 29 26 in

3395 3432 47 30 the
3460 3434 112 34 wound,
3591 3434 90 30 which
3700 3435 51 29 has
3764 3437 96 28 united
3879 3439 87 37 fully;
3985 3439 48 29 the

3395 3474 106 34 patient
3512 3474 117 28 allowed
3640 3479 29 23 to
3681 3476 97 27 attend
3787 3483 27 21 to
3824 3477 50 27 her
3880 3478 154 29 household

3395 3510 91 27 duties
3498 3511 92 34 again.

3396 3570 135 32 Sander
3548 3572 28 31 &
3590 3573 289 40 Sons|Eucalypti
3891 3577 146 31 Extract

3432 3619 126 40 (Clinical
3582 3621 117 34 Record,
3725 3623 76 39 Sept.
3829 3625 207 37 1880).—The

3395 3660 147 30 American
3570 3662 119 30 medical
3719 3665 153 35 profession
3903 3676 72 22 uses,
4007 3669 30 26 in

3395 3699 173 36 gonorrhoea,
3587 3709 31 19 as
3630 3709 37 19 an
3684 3702 144 35 injection,
3841 3712 38 18 an
3898 3704 139 28 emulsion

3395 3737 30 28 of
3446 3747 52 19 one
3517 3747 88 20 ounce
3623 3749 67 27 gum
3712 3740 111 35 Arabic,
3844 3742 30 28 in
3896 3744 35 28 30
3954 3753 31 19 or
4002 3745 35 27 40

3395 3785 102 19 ounces
3509 3777 31 28 of
3549 3781 94 29 water,
3656 3779 111 35 applied
3780 3780 63 28 four
3855 3782 83 27 times
3952 3782 84 37 daily.

3397 3813 84 37 Eight
3500 3815 82 37 drops
3599 3816 84 37 given
3695 3818 147 34 inwardly,
3862 3829 69 20 once
3951 3820 86 37 daily,

3395 3858 129 29 prevents
3536 3855 157 35 effectually
3706 3859 223 27 contamination
3944 3860 30 26 of
3989 3860 48 26 the

3395 3889 83 29 blood
3490 3890 30 28 in
3532 3890 59 30 foul
3604 3892 117 29 disease.

3568 4001 293 32 CAUTION.

3397 4052 134 33 Sander
3547 4053 28 32 &
3592 4053 88 32 Sons
3692 4054 187 41 Eucalypti
3892 4057 147 32 Extract

3432 4103 52 36 (St.
3502 4103 74 28 Lous
3595 4104 117 28 Clinical
3724 4105 116 32 Record,
3858 4106 66 29 Jan.
3945 4109 89 29 1S82).

3395 4142 158 34 —Hazard,
3573 4142 77 30 M.D.
3670 4144 66 28 Prof
3761 4144 32 29 of
3808 4145 153 39 Pathology
3979 4146 56 29 aud

3397 4182 127 28 Diseases
3543 4182 31 28 of
3589 4182 47 29 the
3656 4183 88 34 Mind,
3770 4189 102 24 states:
3893 4186 51 28 We
3964 4186 71 28 have

3398 4220 145 28 examined
3561 4220 61 28 half
3636 4230 15 18 a
3665 4221 86 27 dozen
3764 4224 155 33 specimens
3931 4223 32 28 of
3977 4224 37 28 Eu-

3397 4258 103 37 calypti
3507 4258 125 29 Extract.
3656 4259 129 28 Sander's
3793 4260 176 37 preparition
3978 4271 58 19 was

3397 4297 47 28 the
3481 4297 65 37 only
3582 4306 52 20 one
3663 4297 93 29 which
3792 4300 179 36 corresponds
4006 4303 30 26 to

3397 4335 134 31 scientific
3543 4339 77 27 tests.

3432 4377 58 27 Our
3510 4377 177 35 preparation
3711 4378 24 26 is
3759 4377 47 28 the
3830 4378 68 36 only
3919 4379 118 35 existing

3399 4414 110 27 volatile
3527 4417 116 29 extract,
3661 4414 55 27 free
3730 4415 30 26 of
3775 4415 38 26 all
3830 4416 126 27 resinous
3974 4425 45 27 par-

3399 4452 85 29 ticles.
3527 4451 46 30 All
3603 4452 80 29 other
3712 4454 189 37 preparations
3931 4454 31 30 of
3988 4454 47 29 the

3397 4491 182 34 Eucalyptus,
3601 4500 36 18 no
3658 4496 102 22 matter
3785 4497 90 22 where
3895 4494 122 26 manufac-

3397 4527 89 34 tured,
3506 4536 46 20 are
3566 4527 93 35 crude,
3672 4529 126 28 resinous
3817 4529 62 34 oils,
3897 4530 139 36 irritating

3398 4566 55 27 and
3472 4566 152 36 blistering,
3643 4567 95 28 rather
3749 4570 115 33 causing
3878 4568 137 28 inflamma-

3397 4609 58 24 tion
3474 4605 69 28 than
3563 4605 112 37 staying
3692 4607 31 32 it,
3736 4606 56 29 and
3811 4607 30 28 of
3856 4607 56 28 real
3932 4607 102 35 danger

3396 4643 24 26 if
3436 4645 161 34 errcnously
3616 4645 111 35 applied
3744 4647 31 25 in
3792 4646 94 27 throat
3905 4647 129 29 diseases,

3397 4681 46 25 &c.

3431 4717 44 29 No
3497 4716 100 31 bottles
3615 4718 121 37 genuine
3751 4723 96 35 except
3866 4720 78 30 those
3966 4720 68 30 with

3396 4757 85 28 labels
3503 4758 115 35 bearing
3639 4768 51 18 our
3710 4760 142 34 signature
3877 4762 56 27 and
3958 4762 76 27 trade

3396 4795 89 33 mark,
3509 4796 56 26 and
3583 4797 114 26 secured
3716 4798 108 26 outside
3843 4799 66 26 with
3929 4809 16 17 a
3967 4800 67 35 pink

3397 4842 122 29 wrapper
3549 4833 55 29 and
3633 4843 84 27 green
3753 4835 83 34 band,
3874 4836 47 30 the
3950 4837 84 30 latter

3395 4872 114 33 bearing
3521 4882 50 17 our
3583 4873 118 27 location
3716 4875 55 26 and
3783 4875 151 33 signature.

3429 4909 158 30 Directions
3599 4915 40 24 tor
3651 4920 47 19 use
3711 4911 67 29 with
3792 4913 67 28 each
3874 4913 94 29 bottle.

3413 5002 240 26 SANDER
3694 5003 116 26 AND
3851 5004 147 28 SONS

3557 5039 164 35 Sandhurst,
3735 5040 132 30 Victoria.

3439 5143 244 31 DUNCAN
3738 5145 240 36 M'LEAN,

3563 5197 100 38 Agent,
3673 5198 183 37 Greyniouth.

3396 5284 73 47 :P1
3507 5284 72 47 tiH
3602 5284 93 47 PA.
3731 5294 51 26 per
3812 5285 56 37 day
3903 5297 67 26 may
3999 5288 35 28 be

3394 5329 9 15 <
3404 5321 16 23 *
3421 5322 21 23 J
3446 5337 10 6 -
3457 5321 23 22 L
3514 5321 65 23 VKJ
3599 5321 49 24 o*J
3658 5326 36 18 J-
3725 5324 81 29 made
3828 5323 37 40 by
3878 5335 116 28 persons
4006 5326 31 30 of

3393 5362 88 28 either
3493 5372 56 22 sex,
3562 5362 30 28 in
3605 5362 72 28 their
3690 5374 61 17 own
3765 5365 142 33 localities,
3916 5372 30 22 at
3956 5367 78 28 work

3394 5400 42 28 for
3456 5409 42 18 us.
3536 5401 68 27 New
3630 5400 134 30 business.
3801 5403 45 28 All
3867 5407 74 25 meet
3964 5405 69 27 with

3395 5438 150 30 wonderful
3559 5449 117 19 success.
3712 5442 63 36 Any
3789 5451 52 20 one
3860 5452 51 19 cau
3932 5443 34 28 do
3986 5444 47 29 the

3394 5477 83 30 work.
3524 5479 108 36 Capital
3656 5484 49 24 not
3729 5481 134 36 required.
3900 5482 51 29 We
3975 5483 59 27 will

3394 5521 68 25 start
3474 5527 65 28 you.
3577 5518 87 30 Outfit
3679 5519 89 30 worth
3789 5521 36 29 £1
3846 5520 103 30 mailed
3967 5521 66 29 free.

3394 5557 58 28 The
3465 5558 192 36 employment
3676 5559 23 27 is
3717 5560 180 37 particularly
3916 5561 119 36 adapted

3394 5602 28 20 to
3435 5595 46 29 the
3500 5597 94 35 region
3614 5598 29 26 in
3665 5597 92 29 which
3783 5598 56 28 this
3863 5598 169 37 publication

3394 5635 153 29 circulates.
3603 5637 74 29 Bovs
3708 5637 55 29 and
3794 5638 64 33 girls
3888 5649 51 18 can
3966 5649 68 19 earn
