3507 6103
279 4421 131 69 The
454 4421 218 69 Lyell
716 4421 262 69 Times.

280 4572 248 40 SATURDAY,
546 4573 272 33 SEPTEMBER
834 4575 48 37 12,
902 4576 76 32 1885.

300 4684 71 34 The
385 4689 111 29 return
512 4685 36 33 of
560 4684 165 44 amalgam
735 4685 83 34 from
833 4687 54 33 the
901 4688 113 42 plates,
1028 4682 1 59 j

259 4741 132 43 ripples,
408 4741 65 32 and
489 4741 136 32 berdans
642 4748 33 26 at
690 4741 54 33 the
766 4742 117 33 United
900 4744 116 44 Alpine

261 4796 129 46 battery
405 4798 49 34 for
470 4798 53 34 the
540 4798 100 40 week,
658 4809 26 23 is
698 4801 140 39 3920z5.,
858 4800 82 35 from
958 4805 58 31 205

259 4859 77 30 tons
352 4856 33 32 of
398 4862 124 35 quartz.

305 4912 69 34 The
404 4912 95 34 Bank
523 4912 36 34 of
585 4913 79 33 New
691 4914 101 34 South
826 4915 108 34 Wales
963 4929 36 21 an-

260 4981 147 24 nounces
424 4970 54 35 the
495 4972 193 33 attendance
706 4972 75 35 here
798 4973 35 34 of
846 4986 60 21 one
930 4975 35 33 of
978 4975 41 34 its

261 5028 128 33 officers
433 5033 32 28 to
513 5033 144 29 transact
699 5031 131 41 general
875 5031 145 45 banking

261 5086 159 41 business,
438 5099 42 22 011
499 5088 148 42 Tuesday
667 5096 86 26 next.

306 5144 41 32 In
370 5144 137 32 another
529 5144 143 40 column,
699 5144 51 33 Mr
776 5145 164 45 Gillespie,
966 5146 54 33 the

262 5199 133 43 County
419 5205 68 28 rate
511 5202 161 38 collector,
706 5207 101 28 utters
832 5214 17 21 a
872 5203 148 44 warning

264 5262 76 30 note
357 5262 32 30 to
407 5258 54 34 the
476 5259 95 33 effect
585 5258 72 34 that
673 5259 40 33 he
732 5261 63 32 will
812 5260 37 34 be
867 5268 33 26 at
916 5263 104 41 Lyell,

263 5314 115 43 to-day
394 5315 64 33 and
477 5321 200 27 to-morrow.

309 5371 87 34 Both
412 5371 55 34 the
484 5377 151 39 tonnage,
659 5374 65 33 and
738 5374 87 43 yield
848 5376 35 32 of
895 5376 128 41 gold,—

264 5439 38 22 as
317 5430 176 42 appearing
508 5430 33 32 in
557 5430 64 33 last
639 5431 190 43 Saturday's
845 5432 95 40 issue,
958 5435 65 33 and

266 5485 187 44 pertaining
469 5492 32 29 to
517 5487 55 34 the
591 5489 144 32 month's
751 5489 155 44 crushing
923 5496 32 28 at
971 5492 53 33 the

269 5543 125 33 United
419 5544 117 42 Alpine
564 5544 264 44 battery,—were
855 5546 169 36 incorrect.

266 5598 72 34 The
361 5605 152 39 quantity
541 5602 35 31 of
596 5607 94 27 stone
713 5603 139 32 crushed
875 5616 66 21 was
966 5607 60 31 703

266 5658 96 38 tons;
386 5656 64 35 and
480 5658 55 33 the
565 5665 112 27 return
706 5659 37 33 of
769 5661 140 33 retorted
939 5663 86 41 gold,

266 5713 131 32 6700z5.
440 5715 28 31 A
504 5715 154 33 dividend
695 5716 75 42 (No.
808 5718 49 39 15)
896 5718 36 32 of
963 5731 62 21 one

269 5767 135 45 shilling
425 5780 56 32 per
503 5771 95 34 share
615 5784 67 21 was
704 5772 96 34 made
824 5774 138 44 payable
985 5788 42 21 on

271 5824 68 34 and
354 5825 82 35 after
452 5826 53 35 the
521 5828 57 35 3th
595 5830 76 33 inst.

314 5882 93 34 Good
421 5895 149 35 progress
585 5887 60 33 has
659 5887 83 35 been
757 5888 97 34 made
877 5889 78 35 with
973 5890 55 34 the

274 5937 90 37 work
387 5938 39 36 of
442 5939 144 49 clearing
607 5942 56 36 the
691 5943 80 46 slips
793 5957 42 23 on
860 5946 54 35 the
940 5949 89 33 main

973 193 78 31 road
1069 204 39 20 on
1125 192 79 32 each
1222 192 66 31 side
1305 192 35 32 of
1353 192 103 42 Lyell,
1474 194 64 32 and
1555 194 168 34 otherwise

975 252 140 40 opening
1146 250 23 32 it
1199 250 48 32 for
1284 249 113 33 traffic.
1444 251 51 31 Mr
1524 252 200 42 Thompson,

976 307 128 41 County
1128 316 157 29 overseer,
1314 305 57 33 has
1394 305 79 35 been
1496 307 129 45 looking
1648 310 80 35 after

978 365 53 32 the
1063 364 97 38 work,
1198 365 194 41 personally,
1423 366 65 31 and
1519 367 57 32 has
1609 368 62 32 had
1710 381 17 21 u

978 421 138 35 number
1133 422 33 33 of
1181 434 72 22 men
1271 423 143 43 engaged
1437 437 40 20 on
1496 427 33 31 it.
1576 427 56 33 We
1653 427 77 33 hear

980 490 75 32 very
1072 479 82 37 good
1178 487 153 26 accounts
1353 482 35 32 of
1401 481 53 33 the
1478 482 162 41 thorough
1665 485 62 33 and

980 538 134 37 diligent
1139 548 135 22 manner
1301 540 32 30 in
1362 540 104 32 which
1490 541 55 32 the
1569 543 138 32 mainten-

981 606 78 21 ance
1077 601 179 27 contractor
1273 595 47 33 for
1338 596 51 33 the
1408 598 68 32 first
1492 599 120 32 section
1629 601 34 31 of
1678 601 51 33 thy

981 651 77 31 road
1077 653 28 29 in
1125 652 53 30 the
1197 653 174 40 Hampden
1390 654 118 39 Hiding
1523 656 93 39 (from
1635 656 95 39 Eigh'j

985 707 76 33 Mile
1080 707 98 35 Creek
1196 715 31 27 to
1244 708 80 34 Kern
1340 709 83 44 Flat)
1441 710 56 34 lias
1510 711 79 34 been
1604 713 127 39 lookin;

985 766 80 31 after
1080 766 50 31 his
1148 767 97 32 work.
1290 768 104 32 There
1411 780 83 21 were
1519 782 88 20 some
1631 771 102 34 lieavr

985 823 78 32 slips
1080 823 100 32 there.

1027 884 42 31 At
1093 881 52 33 the
1169 880 113 45 sitting
1305 881 34 34 of
1350 881 55 34 the
1427 882 134 35 District
1584 886 99 33 Court
1706 895 32 24 at

990 938 172 42 Westport,
1186 950 39 20 on
1251 939 53 32 the
1321 939 54 32 4th
1401 939 89 38 inst.,
1515 940 54 32 the
1593 943 126 40 appoint-

990 1001 89 25 ment
1095 995 34 30 of
1145 994 50 31 Mr
1211 996 33 30 Z.
1262 996 34 31 C.
1315 996 124 36 Home,
1456 1007 34 20 as
1507 996 189 43 Liquidator
1709 999 33 31 of

990 1051 53 35 the
1070 1051 209 35 unfortunate
1312 1053 120 34 United
1458 1054 134 44 Victory
1622 1056 26 41 Q
1662 1062 79 27 lartz

992 1109 126 40 Mining
1155 1110 180 43 Company,
1374 1110 153 39 Limited,
1566 1123 64 22 was
1670 1124 54 22 con-

991 1167 133 39 firmed;
1149 1168 62 31 and
1230 1169 53 31 the
1302 1168 75 33 16th
1395 1170 34 31 of
1444 1169 193 39 November,
1655 1177 85 31 next,

993 1223 82 33 fixed
1105 1236 35 20 as
1166 1225 54 33 the
1248 1225 62 42 day
1339 1238 86 31 upon
1451 1227 105 32 winch
1588 1227 154 35 creditors

994 1287 87 25 must
1097 1292 95 30 prove
1209 1281 49 32 for
1280 1281 84 33 their
1387 1283 177 40 respective
1581 1290 162 27 amounts.

995 1336 31 31 It
1055 1337 26 29 is
1112 1336 196 33 understood
1343 1337 73 33 that
1455 1338 54 33 the
1547 1338 198 45 Company's

994 1392 227 33 indebtedness
1236 1392 28 33 is
1280 1394 119 34 almost
1415 1395 119 43 wholly
1552 1397 150 33 confined
1716 1404 31 27 to

995 1450 53 30 the
1065 1448 94 33 Bank
1175 1449 35 32 of
1225 1450 77 32 New
1320 1451 152 33 Zealand.

1038 1505 67 32 The
1138 1505 135 34 Reefton
1300 1507 127 45 battery
1452 1516 128 28 returns
1605 1510 50 35 for
1685 1511 62 34 last

997 1561 98 38 week,
1112 1574 82 21 were
1261 1564 248 43 Keep-it-Dark,
1523 1570 116 31 2270zs
1651 1571 79 31 amal-

997 1630 74 29 gam
1084 1628 7 30 ;
1117 1618 189 42 Inkerman,
1322 1623 117 32 3920zs
1462 1624 175 43 amalgam.
1682 1627 68 33 The

998 1676 204 33 first-named
1233 1677 171 46 Company
1434 1680 59 35 has
1513 1682 69 44 just
1603 1682 149 37 declared

999 1731 153 37 dividend
1176 1734 61 35 No.
1261 1737 51 40 67,
1329 1737 35 33 of
1376 1749 62 22 one
1455 1738 135 46 shilling
1604 1742 65 33 and
1691 1744 45 33 six-

999 1801 100 33 pence
1128 1803 57 34 per
1213 1792 116 45 share;
1361 1794 65 36 and
1454 1807 49 25 we
1532 1809 55 25 are
1613 1798 76 48 glad
1719 1804 33 34 to

1001 1851 106 33 notice
1133 1851 73 34 that
1234 1853 56 33 the
1320 1854 180 34 Inkermaa
1530 1857 173 44 Company
1730 1860 27 32 is

1004 1905 63 35 fast
1076 1906 187 46 improving
1275 1909 70 34 its's
1360 1911 150 43 position.
1554 1913 43 34 At
1609 1914 56 34 the
1679 1919 80 31 start

1003 1964 36 33 of
1057 1965 152 43 crushing
1233 1968 197 41 operation!,
1453 1970 57 33 the
1529 1970 230 36 indebtedness

1004 2021 134 34 totalled
1155 2023 127 34 .£6000:
1306 2035 74 23 now
1396 2024 26 34 it
1437 2026 26 33 is
1479 2026 97 35 down
1591 2034 33 28 to
1642 2030 117 40 i2OOO,

1005 2079 96 33 —the
1125 2079 62 34 last
1213 2081 142 35 month's
1377 2083 90 35 work
1493 2083 112 47 giving
1627 2097 18 23 a
1666 2088 96 44 profit

1006 2137 35 35 of
1056 2139 95 34 £6OO.

1051 2197 52 32 Mr
1132 2196 110 35 Frank
1272 2198 80 34 Bird
1381 2198 76 36 held
1488 2200 130 46 sittings
1646 2204 37 34 of
1709 2206 55 33 the

1010 2253 88 33 R.M.
1115 2254 66 32 and
1196 2255 172 34 Warden's
1381 2257 115 34 Courts
1511 2259 76 34 here
1601 2272 42 22 on
1657 2262 90 35 Satur-

1011 2311 63 43 day
1103 2312 72 40 last,
1208 2317 33 29 at
1264 2314 107 33 which
1397 2314 55 34 the
1482 2316 166 44 following
1678 2332 88 22 cases

1011 2380 82 21 were
1131 2368 87 35 dealt
1255 2370 90 34 with.
1392 2372 104 34 Wolfe
1533 2375 65 33 and
1643 2376 55 34 Co.
1737 2390 28 22 v.

1013 2426 165 42 Coghlan;
1202 2428 96 33 claim
1322 2429 47 33 for
1386 2432 45 32 £3
1455 2434 55 30 ss:
1531 2433 173 42 judgment
1726 2436 36 43 h}

1014 2484 133 40 default,
1174 2485 81 32 with
1281 2486 54 32 16s
1361 2495 95 25 costs.
1501 2489 213 44 O'Loughlan
1740 2505 28 21 v.

1016 2541 159 32 Stewart:
1190 2543 175 42 judgment
1377 2555 172 24 summons
1561 2559 42 21 on
1615 2560 19 20 a
1651 2549 119 35 verdict

1015 2598 35 34 of
1063 2599 67 34 £l2
1148 2601 54 32 lis
1218 2601 51 33 9d.
1315 2603 101 32 Order
1432 2605 95 32 made
1544 2606 49 32 for
1616 2615 154 34 payment

1016 2656 35 32 of
1073 2657 45 33 £4
1135 2657 114 33 within
1268 2669 60 23 one
1347 2660 135 42 month;
1506 2660 55 36 the
1584 2662 134 37 balance
1742 2673 28 27 at

1018 2714 55 35 the
1091 2720 67 29 rate
1176 2717 35 32 of
1225 2718 45 33 £2
1286 2730 57 31 per
1366 2720 113 32 month
1496 2731 7 29 ;
1528 2721 64 33 and
1608 2723 33 31 in
1658 2735 71 21 case
1745 2730 25 27 ol

1018 2772 123 35 default
1157 2774 54 33 the
1228 2774 105 34 whole
1350 2781 136 30 amount
1497 2782 32 30 to
1543 2778 132 36 become
1693 2781 60 34 due
1766 2793 7 30 ;

1018 2831 66 32 and
1106 2831 114 40 failing
1235 2833 188 34 immediate
1444 2836 59 32 full
1519 2843 169 37 payment,
1712 2845 63 28 two

1020 2887 133 34 months
1183 2893 33 29 at
1245 2890 175 44 Westport.
1465 2894 138 34 Fennell
1633 2907 29 22 v.
1688 2897 88 33 John

1023 2945 114 42 Ryan;
1161 2946 96 33 claim
1280 2947 49 33 for
1353 2949 65 34 £23
1443 2951 55 33 lis
1521 2951 63 42 6d;
1604 2953 174 44 judgment

1021 3002 43 43 by
1074 3002 134 41 default,
1222 3005 78 32 with
1314 3007 56 32 32s
1385 3012 94 28 costs.
1525 3010 68 32 The
1601 3011 179 35 Executors

1023 3059 33 33 in
1073 3060 55 33 the
1143 3064 101 31 estate
1260 3062 36 33 of
1308 3062 124 45 George
1454 3065 140 42 Zanetti,
1611 3067 164 39 deceased,

1026 3128 28 21 v.
1079 3117 89 33 John
1184 3119 144 41 Carroll;
1352 3121 98 33 claim
1472 3123 51 32 for
1545 3126 182 37 possession
1750 3126 35 33 of

1025 3183 19 21 a
1053 3173 123 32 certain
1185 3179 177 36 tenement,
1373 3175 62 33 and
1446 3176 155 44 damages
1611 3179 171 35 estimated

1025 3234 34 27 at
1083 3230 76 34 £lO.
1204 3231 30 33 J.
1261 3232 136 35 Fennell
1423 3235 162 43 appeared
1611 3249 35 22 as
1669 3250 61 23 one
1752 3240 35 33 of

1027 3290 54 32 the
1114 3297 177 25 executors.
1337 3292 52 31 Mr
1413 3293 169 34 Haselden
1606 3307 66 21 was
1702 3297 83 33 their

1028 3344 143 34 solicitor
1193 3346 65 33 and
1281 3359 66 21 was
1377 3351 201 40 empowered
1603 3356 33 28 to
1662 3358 52 28 act
1737 3355 48 32 for

1029 3402 88 34 them
1133 3402 34 34 in
1185 3414 17 22 a
1219 3405 131 40 general
1368 3417 80 33 way.
1494 3407 107 35 When
1618 3409 40 34 he
1677 3423 66 22 was
1754 3419 32 27 at

1030 3461 92 42 Lyell
1137 3473 41 20 on
1197 3461 55 33 sth
1268 3463 127 41 August
1411 3464 72 37 last,
1498 3465 39 32 lie
1554 3466 42 32 let
1614 3467 53 33 the
1684 3468 100 34 house

1032 3522 31 28 to
1082 3516 66 35 Mrs
1166 3518 117 34 Pearce
1303 3520 210 43 (agreement,
1538 3523 111 35 drawn
1669 3525 41 40 by
1735 3528 50 32 W.

1033 3577 38 32 R.
1096 3577 178 39 Haselden,
1302 3579 152 40 solicitor,
1478 3580 146 35 between
1648 3584 31 32 J.
1704 3586 61 32 Fen-

1032 3633 64 32 nell
1120 3645 34 21 as
1169 3646 42 20 an
1230 3642 157 32 executor,
1405 3638 64 31 and
1489 3638 143 34 Eleanor
1660 3642 129 40 Pearce,

1034 3692 185 43 produced).
1265 3692 186 35 Defendant
1462 3697 105 33 stated
1577 3698 71 34 that
1658 3713 40 21 on
1714 3704 73 33 13th

1034 3750 35 33 of
1095 3750 80 41 July
1204 3751 72 37 last,
1309 3751 50 32 his
1389 3753 71 32 wife
1491 3754 65 32 had
1595 3758 129 42 applied
1759 3768 31 26 to

1036 3807 37 31 F.
1096 3807 129 39 Adank,
1249 3808 77 32 with
1352 3808 52 33 the
1425 3809 80 33 view
1529 3812 35 31 of
1583 3819 131 38 renting
1737 3817 53 33 the

1036 3863 166 45 premises.
1247 3864 117 35 Adank
1379 3866 121 44 replied
1519 3869 38 34 he
1585 3873 108 33 would
1710 3875 83 35 have

1038 3929 32 26 to
1087 3923 128 32 consult
1231 3923 54 32 the
1302 3932 179 31 executors,
1498 3937 35 21 or
1549 3927 85 33 their
1649 3932 144 35 solicitor

1038 3979 108 33 before
1177 3981 110 39 giving
1317 3981 203 42 permission.
1573 3986 117 35 Adank
1722 3991 53 33 sub-

1041 4037 169 45 sequently
1234 4043 98 29 wrote
1355 4045 34 27 to
1409 4040 33 33 J.
1470 4040 113 44 Inglis,
1608 4046 122 43 stating
1754 4050 39 32 he

1041 4095 66 32 had
1122 4106 74 21 seen
1215 4095 52 32 the
1284 4100 178 29 executor's
1479 4099 153 39 solicitor,
1646 4104 64 33 and
1723 4105 72 36 that

1042 4151 54 35 the
1126 4152 96 33 latter
1257 4165 65 21 was
1359 4156 166 41 agreeable
1563 4158 71 33 that
1672 4162 124 36 Carroll

1044 4209 116 33 should
1190 4209 132 33 become
1353 4210 54 32 the
1443 4217 111 28 tenant
1592 4221 32 28 at
1657 4219 53 33 10s
1743 4232 56 32 per

1044 4264 125 35 month.
1215 4266 187 34 Possession
1420 4280 64 21 was
1502 4270 95 34 taken
1620 4273 106 36 before
1745 4280 52 31 the

1046 4322 61 43 key
1122 4334 67 21 was
1204 4322 129 34 handed
1350 4324 69 33 him
1434 4324 42 35 bv
1494 4326 112 41 Inglis.
1652 4332 27 32 A
1703 4332 94 37 letter

1046 4391 66 21 was
1156 4380 75 32 here
1275 4381 77 32 read
1394 4383 83 31 from
1523 4385 53 33 the
1622 4395 177 31 executor's

1048 4437 150 38 solicitor,
1208 4438 32 32 in
1258 4437 104 33 which
1378 4438 38 33 he
1430 4442 103 32 stated
1547 4442 40 34 he
1599 4444 63 33 had
1676 4449 126 34 neither

1049 4506 73 20 seen
1145 4506 38 21 or
1209 4495 44 32 let
1274 4495 54 32 the
1356 4496 89 42 place
1473 4503 32 28 to
1533 4499 133 42 Carroll,
1694 4517 45 28 or,
1768 4508 34 31 in

1049 4551 74 39 fact,
1140 4551 65 32 had
1220 4563 66 31 any
1289 4551 94 34 thin*
1399 4560 31 26 to
1448 4554 39 33 do
1505 4557 77 33 with
1597 4558 79 35 him.
1723 4564 79 34 Case

1050 4608 177 41 adjourned
1250 4609 49 31 for
1321 4621 17 19 a
1361 4612 128 36 month,
1514 4620 32 25 to
1574 4615 94 34 allow
1692 4620 34 31 of
1747 4622 56 32 the

1051 4664 151 34 evidence
1232 4665 35 33 of
1292 4665 51 33 W.
1378 4667 39 32 R.
1456 4668 178 44 Haselden,
1672 4677 63 31 and
1768 4679 35 33 F.

1052 4721 125 32 Adank.
1234 4722 38 31 li.
1308 4722 47 32 W.
1389 4724 114 41 M'Coy
1537 4738 28 22 v.
1596 4729 31 34 J.
1660 4731 145 47 Hewitt;

1052 4778 107 41 claim,
1171 4779 52 33 lGs
1234 4779 50 34 6d.
1331 4781 148 35 Plaintiff
1488 4785 88 40 sued,
1589 4799 34 20 as
1632 4792 175 38 purchaser

1053 4836 34 30 (if
1099 4836 54 32 the
1172 4836 81 32 book
1270 4837 90 31 debts
1377 4839 34 31 of
1432 4840 33 32 C.
1491 4842 34 31 C.
1550 4844 125 40 Cullen,
1697 4848 106 36 which

1055 4904 81 22 were
1153 4893 68 33 sold
1237 4906 89 21 some
1344 4895 78 34 time
1439 4910 70 28 ago,
1528 4899 40 43 by
1594 4903 52 33 the
1672 4906 130 36 SlierilT.

1055 4950 184 34 Defendant
1270 4953 104 33 stated
1406 4955 54 33 the
1497 4968 137 27 amount
1664 4975 65 22 was
1761 4969 31 30 in-

1055 5016 132 31 coneet,
1225 5009 64 32 and
1326 5012 151 34 involved
1509 5026 17 22 a
1563 5021 177 36 statement
1776 5026 36 34 of

1056 5072 173 34 accounts;
1254 5067 56 34 but
1338 5070 53 33 the
1425 5072 189 41 Magistrate
1643 5080 71 31 said
1738 5083 72 32 that

1056 5124 65 19 was
1147 5124 19 19 a
1193 5120 114 25 mattei
1340 5115 105 32 which
1470 5119 117 33 should
1616 5122 81 33 have
1731 5125 79 36 been

1054 5169 77 22 seen
1162 5166 33 25 Co
1227 5159 104 33 before
1362 5162 114 33 Cullen
1500 5165 57 33 left
1586 5168 53 32 the
1673 5171 137 36 district.

1055 5204 181 40 Judgment
1260 5206 48 32 for
1330 5216 138 27 amount
1496 5211 150 44 claimed,
1669 5218 78 33 with
1776 5222 36 32 Gs

1055 5257 96 25 costs.

1098 5297 26 30 A
1149 5297 126 32 colored
1293 5298 268 45 washerwoman,
1586 5306 72 34 who
1682 5309 72 35 died
1778 5311 33 35 in

1058 5342 166 44 Brooklyn
1249 5344 54 33 the
1319 5345 93 34 other
1428 5348 73 40 day,
1524 5351 57 33 left
1597 5366 17 19 a
1631 5355 126 36 fortune
1782 5362 31 30 of

1058 5391 113 32 40,000
1220 5390 128 38 dollars,

1399 5397 225 34 accumulated
1670 5403 34 31 in

1060 5435 156 33 business.
1264 5437 63 33 She
1344 5440 94 32 made
1456 5452 41 21 no
1512 5443 75 40 will,
1599 5447 65 33 and
1676 5461 34 21 as
1725 5451 88 35 there

1060 5493 52 20 Rie
1136 5494 41 21 110
1201 5482 95 40 heirs,
1328 5485 54 32 the
1407 5497 116 33 money
1550 5493 66 31 will
1703 5503 31 25 to
1760 5499 53 32 the

1061 5529 100 29 State.

1102 5583 197 36 TOWLE'S
1317 5587 302 39 PENNYKOYAL
1632 5597 24 32 &
1670 5597 146 38 STEEL

1061 5629 128 35 PILLS
1208 5632 17 31 I
1237 5632 55 33 OK
1310 5633 211 38 FEMALES
1540 5641 133 44 quickly
1697 5658 119 24 correct

1061 5677 43 31 all
1120 5677 239 41 irregularities,
1376 5683 65 30 and
1460 5684 115 34 relieve
1600 5689 53 31 the
1670 5690 130 37 distress-

1061 5721 56 43 ing
1133 5730 182 36 symptoms
1332 5737 34 21 so
1383 5729 167 40 prevalent
1571 5733 75 33 with
1674 5736 54 33 the
1752 5752 64 20 sex.

1061 5767 106 34 Boxes
1183 5772 35 29 Is
1235 5771 59 33 10-d
1311 5772 63 32 and
1391 5775 35 30 *2s
1443 5775 62 38 9d.,
1529 5781 32 28 ot
1583 5779 43 33 all
1644 5781 163 39 Chemists

1063 5813 160 46 Prepared
1238 5816 79 43 only
1333 5817 43 46 by
1398 5819 41 33 E.
1456 5821 36 34 T.
1514 5823 119 45 Towle,
1658 5814 159 54 Chemist'

1063 5861 230 44 Nottingham,
1315 5864 166 42 England.
1528 5869 182 39 Wholesale
1727 5878 35 33 of
1775 5879 44 34 all

1061 5905 56 34 the
1141 5906 185 38 Wholesale
1350 5910 141 38 Houses.
1535 5916 133 39 Beware
1693 5924 35 33 of
1751 5925 44 35 In-

1063 5954 130 33 tations.

1857 195 160 44 THE
2118 196 302 48 MINES.

1832 294 108 39 (From
1972 304 64 25 our
2074 296 128 34 Minting
2236 298 24 33 R
2277 294 163 40 :pout;-:h.i

2152 392 139 40 Friday,
2317 395 88 42 Sept.
2431 396 47 32 11.

1810 447 132 32 United
1957 448 252 34 Alpine.—The
2227 454 115 39 output
2358 452 34 32 of
2405 458 118 37 quartz

1768 505 81 31 from
1877 505 65 33 this
1965 517 86 21 mine
2078 507 28 33 is
2137 507 95 42 being
2254 509 137 43 steadily
2419 511 80 32 main-

1769 562 119 39 tained,
1912 564 63 31 and
2000 565 41 32 all
2067 564 53 33 the
2144 571 106 37 stopes
2276 566 93 37 beimj
2394 568 127 32 worked

1768 617 115 34 inside,
1908 619 89 31 show
2029 632 58 24 <joo
2100 620 9 31 I
2131 621 85 31 faces
2244 622 35 30 of
2298 629 101 24 stone.
2448 623 76 31 Last

1771 674 143 32 month's
1938 675 189 36 result,—of
2147 677 59 33 670
2230 688 117 24 ounces
2374 679 150 39 retorted,

1771 732 80 32 from
1880 735 59 29 703
1963 742 83 29 tons,
2072 735 25 31 is
2125 747 16 19 :i
2166 736 148 40 splendid
2341 737 98 42 yield,
2463 738 62 32 and

1771 788 84 32 close
1866 801 41 29 up
1918 799 31 22 to
1959 791 71 32 that
2037 792 49 31 for
2095 793 52 30 the
2158 804 76 30 prev
2248 804 137 22 ousone.
2426 795 103 32 There

1773 846 24 33 is
1826 846 136 42 nothing
1989 860 69 22 new
2082 855 32 28 to
2144 860 105 34 report
2274 852 174 41 regarding
2476 855 54 32 the

1773 905 146 37 working
1930 907 34 30 of
1971 907 54 29 the
2037 906 92 32 block
2144 909 31 30 in
2192 909 56 31 No.
2263 910 18 30 6
2301 910 88 32 level.
2431 912 99 31 Stone

1774 961 26 31 is
1816 962 129 38 coining
1970 970 31 23 to
2017 974 88 26 grass
2129 964 109 40 freely,
2260 966 63 31 and
2340 978 34 19 as
2400 967 64 32 will
2492 968 39 31 be

1775 1027 73 22 seen
1881 1016 40 44 by
1949 1017 52 34 the
2030 1018 111 40 above,
2170 1022 87 39 gives
2282 1036 18 20 a
2329 1024 114 43 steady
2467 1026 65 32 and

1775 1074 115 43 highly
1928 1077 135 41 payable
2101 1089 145 28 average.
2292 1081 50 33 On
2380 1082 54 34 the
2474 1084 58 33 3rd
2550 1074 2 64 j

1776 1138 134 29 instant,
1942 1134 53 32 the
2025 1136 96 32 north
2149 1136 93 33 block
2269 1150 64 21 was
2363 1146 55 34 got
2454 1141 33 32 in
2518 1153 17 21 a
2551 1134 1 46 .

1777 1189 90 33 short
1883 1198 157 27 cross-cut
2053 1193 80 32 from
2149 1194 53 32 the
2214 1195 72 37 rise,
2304 1198 34 30 15
2357 1199 60 30 feet
2431 1199 105 31 under
2551 1189 1 43 1

1780 1247 60 32 No.
1864 1250 17 29 5
1905 1249 100 38 level;
2030 1251 63 31 and
2117 1251 54 32 the
2195 1252 147 42 drillings
2368 1255 86 31 from
2479 1267 17 19 a
2521 1257 16 30 3

1779 1303 62 30 leet
1857 1303 85 39 hole,
1958 1305 34 31 in
2009 1305 53 31 the
2079 1306 92 37 solid,
2189 1318 79 29 gave
2285 1320 18 20 a
2319 1310 83 42 good
2418 1310 112 44 sliovvy

1780 1366 157 37 prospect.
1982 1361 68 34 The
2086 1363 157 34 foot-wall
2286 1365 122 43 having
2453 1368 84 33 been

1782 1417 141 42 stripped
1939 1422 33 29 to
1987 1425 54 36 get
2057 1420 54 31 the
2135 1421 168 42 underlay,
2324 1423 51 33 Mr
2391 1425 127 33 Conrad
2525 1446 8 5 -

1783 1484 56 21 sen
1861 1473 142 44 dropped
2029 1476 40 31 20
2091 1476 62 33 feet
2183 1476 125 35 further
2333 1479 105 42 down,
2469 1481 64 34 and

1783 1531 80 33 after
1886 1537 130 38 putting
2030 1533 35 33 in
2087 1535 41 31 20
2142 1535 64 33 feet
2225 1547 100 28 more,
2345 1539 34 31 of
2399 1550 18 20 a
2440 1550 82 21 cross-

1785 1594 64 31 cut,
1872 1592 56 38 got
1949 1589 69 31 into
2041 1588 55 33 the
2118 1589 158 35 foot-wall
2306 1592 177 33 formation
2507 1606 35 21 in

1785 1646 40 31 20
1843 1644 83 33 feet:
1951 1656 18 21 a
1985 1644 61 34 few
2069 1646 64 33 feet
2154 1660 101 30 more,
2279 1650 65 33 and
2368 1662 19 22 a
2411 1651 84 44 body
2514 1653 35 33 of

1786 1702 224 45 gold-bearing
2052 1709 92 29 stone
2187 1718 66 22 was
2290 1709 97 42 again
2436 1711 109 33 struck

1789 1761 185 44 (Thursday
1998 1763 93 44 night
2121 1764 86 44 last).
2251 1764 109 37 When
2395 1767 65 36 this
2487 1768 60 35 has

1789 1819 80 34 been
1891 1821 155 43 stripped,
2070 1835 19 20 a
2109 1828 109 37 pretty
2240 1825 84 33 close
2349 1827 195 32 calculation

1789 1876 37 33 of
1837 1876 54 33 the
1903 1878 131 41 general
2046 1878 159 44 underlay
2217 1891 59 22 can
2294 1880 38 34 be
2349 1881 96 35 made
2460 1893 7 30 ;
2487 1883 64 33 and

1790 1933 26 33 it
1838 1933 27 33 is
1883 1934 77 32 then
1983 1939 77 29 next
2075 1936 166 40 intended,
2264 1942 32 28 to
2320 1945 161 27 cross-cut
2503 1940 48 33 for

1792 1991 54 32 the
1872 1990 103 40 block,
1999 1991 84 33 from
2108 1992 54 33 the
2187 1996 72 36 rise,
2279 1999 34 30 at
2335 2006 19 22 a
2377 1997 92 42 point
2494 1998 58 32 180

1794 2048 63 31 feet
1872 2046 101 34 above
1992 2048 61 33 No.
2071 2050 19 31 6
2108 2048 93 34 level.

1835 2116 350 36 Orcesus.—Accolino
2208 2120 65 33 and
2293 2126 96 39 party
2412 2134 53 22 are
2492 2125 65 32 still

1796 2173 146 44 working
1966 2174 54 34 the
2037 2176 68 33 reef
2119 2187 76 23 over
2212 2177 60 35 No.
2290 2179 19 32 2
2335 2178 96 35 level.
2476 2180 32 33 It
2531 2182 27 31 is

1799 2233 37 30 18
1873 2232 112 32 inches
2022 2233 101 39 thick,
2157 2234 65 33 and
2258 2236 176 43 composed
2471 2237 34 34 of
2541 2250 17 21 a

1799 2288 149 33 different
1964 2288 195 44 description
2172 2291 35 32 of
2215 2295 91 29 stone
2320 2299 32 26 to
2370 2293 70 33 that
2453 2295 106 34 before

1799 2346 55 33 the
2084 2348 136 45 Battery
2237 2351 143 43 running
2396 2363 61 23 one
2484 2353 77 35 sliiit

1802 2405 108 43 a-day.

1843 2473 113 33 Lyell
1971 2474 117 34 Creek
2106 2476 458 37 Extended.—Contractors

1804 2530 134 41 making
1975 2531 61 33 fair
2065 2532 157 46 headway
2240 2545 7 30 ;
2285 2534 55 35 the
2375 2537 137 43 ground,
2542 2538 27 34 if

1805 2588 172 41 anything,
1996 2590 95 41 being
2108 2593 111 32 rather
2235 2594 104 32 easier
2352 2594 79 32 than
2446 2594 118 33 before.

1850 2656 146 36 Maruia.
2000 2659 129 35 —Hart
2157 2660 63 35 and
2250 2667 96 39 party
2370 2662 84 35 have
2479 2676 65 22 com-

1808 2714 108 44 pleted
1933 2717 54 32 the
2004 2718 61 31 rise
2077 2718 63 33 and
2157 2720 114 38 winze,
2286 2721 75 32 thus
2371 2721 196 45 connecting

1809 2772 77 34 both
1903 2774 110 34 levels.
2062 2774 230 46 Blocking-out
2316 2790 42 21 on
2382 2779 55 33 the
2460 2780 108 34 leader

1809 2831 83 31 sunk
1909 2843 87 31 upon
2010 2833 34 32 in
2061 2833 54 33 the
2133 2834 114 41 winze,
2265 2846 66 22 was
2355 2838 213 34 commenced

1811 2888 65 33 this
1893 2890 98 32 week.

1852 2956 70 35 Tyr
1959 2958 270 36 Connell.—Six
2272 2961 106 35 hands
2422 2964 146 43 engaged

1812 3014 225 41 blocking-out
2059 3029 42 21 on
2127 3018 117 41 leader,
2248 3019 96 34 —the
2372 3021 138 34 number
2541 3022 34 33 of

1813 3078 108 38 stopes
1937 3074 156 44 working,
2111 3075 95 39 being
2223 3077 130 33 smaller
2368 3078 80 33 than
2465 3078 107 34 before

1816 3128 39 40 by
1871 3139 114 19 reason
2002 3132 35 28 of
2050 3141 89 20 some
2156 3134 35 28 of
2203 3133 54 30 the
2274 3139 103 31 stone,
2393 3134 35 31 in
2451 3135 119 40 places,

1815 3182 119 44 having
1950 3183 100 34 fallen
2065 3184 47 33 off
2124 3186 34 32 in
2175 3187 140 44 quality.

1858 3252 134 33 United
2017 3254 189 33 N.S.W.—I
2206 3257 65 32 L\vo
2294 3268 76 22 men
2388 3258 83 33 have
2493 3259 81 33 been

1815 3309 127 42 cutting
1978 3309 102 40 track,
2118 3311 65 33 and
2225 3314 128 41 getting
2389 3313 112 44 things
2537 3315 35 33 in

1816 3365 96 33 order
1941 3371 211 41 preparatory
2180 3373 31 29 to
2243 3371 138 44 starting
2407 3372 55 35 the
2492 3374 82 33 level

1818 3424 82 31 from
1920 3424 89 42 Deep
2026 3425 112 32 Creek.

1860 3479 171 34 Larnach.
2037 3481 118 34 —I'his
2194 3482 170 46 Company
2400 3484 60 35 has
2496 3486 80 36 been

1820 3538 210 43 successfully
2046 3538 129 41 floated,
2193 3542 64 32 and
2274 3555 18 21 a
2314 3545 143 41 meeting
2474 3546 35 32 of
2521 3546 54 33 the

1821 3594 225 34 shareholders
2063 3608 66 21 was
2145 3602 32 27 to
2201 3597 38 34 be
2255 3599 75 34 held
2346 3606 34 28 at
2403 3602 51 32 Mr
2470 3603 85 33 Hind-

1823 3651 138 33 marsh's
1977 3652 102 40 office,
2096 3655 183 44 yesterday,
2296 3657 49 34 for
2367 3658 55 35 the
2439 3671 137 34 purpose

1823 3709 34 33 of
1869 3710 205 45 considering
2089 3713 106 33 future
2207 3716 195 40 operations.

1827 3819 257 50 LATEST
2150 3822 426 57 TELEGRAMS.

2174 3958 192 42 Westport,
2385 3962 88 44 Sept.
2493 3965 49 33 11.

1868 4011 68 35 The
1952 4011 200 37 Arbitration
2169 4027 71 23 case
2253 4017 145 37 between
2411 4021 56 35 the
2483 4023 101 34 Great

1829 4070 156 42 Republic
2016 4071 181 44 Company,
2225 4074 65 33 and
2314 4075 171 38 Anderson
2515 4080 66 34 and

1830 4127 67 39 Co.,
1914 4127 35 35 of
1961 4128 108 34 Christ
2074 4129 131 41 church,
2222 4132 133 35 relative
2373 4139 32 29 to
2421 4148 19 21 a
2455 4136 130 46 battery

1829 4186 141 31 erection
2004 4192 144 27 contract
2179 4186 58 35 has
2274 4189 81 35 been
2391 4193 190 43 concluded,

1831 4242 81 35 after
1934 4243 119 41 lasting
2075 4244 48 33 for
2138 4257 18 20 a
2178 4246 101 34 week.
2324 4249 148 42 Nothing
2495 4264 35 21 as
2552 4258 33 28 to

1830 4299 56 33 the
1902 4299 99 33 result
2017 4299 57 34 has
2090 4311 35 23 as
2139 4307 57 39 yet
2211 4301 80 36 been
2309 4305 94 35 made
2420 4306 131 37 known.

2129 4369 241 44 Wellington,
2389 4374 87 44 Sept.
2496 4378 48 33 11.

1874 4425 68 33 The
1966 4424 112 34 debate
2102 4426 33 33 in
2152 4428 54 32 the
2231 4430 123 40 House,
2377 4444 42 21 on
2444 4433 141 44 Captain

1837 4482 153 34 Russell's
2020 4485 122 32 motion
2173 4490 32 28 to
2236 4487 115 33 reduce
2383 4490 55 32 the
2470 4492 113 34 Public

1839 4539 113 34 Works
1973 4541 211 42 expenditure
2207 4542 42 43 by
2266 4544 71 34 half
2357 4558 18 21 a
2399 4548 136 40 million,
2562 4552 26 31 is

1837 4597 64 32 still
1924 4597 200 43 proceeding.
2170 4599 78 33 This
2265 4601 26 32 is
2315 4602 109 34 rather
2447 4616 18 21 a
2489 4605 97 35 bitter

1838 4653 57 44 pill
1910 4654 49 33 for
1975 4654 53 33 the
2044 4655 79 33 East
2138 4656 65 33 and
2220 4657 89 34 West
2326 4659 96 34 Coast
2439 4662 148 44 Railway

1843 4716 100 37 party,
1968 4710 69 33 who
2060 4723 54 22 are
2137 4714 128 43 waxing
2288 4716 174 47 exceeding
2485 4721 106 34 wrath

1838 4781 77 22 over
1945 4770 35 32 it.
2025 4769 220 36 Government
2270 4774 41 33 do
2338 4780 58 27 not
2424 4788 85 21 seem
2545 4780 31 31 in-

1840 4825 105 33 clined
1961 4831 33 27 to
2010 4828 78 31 treat
2104 4827 55 33 the
2174 4830 150 41 question
2340 4843 35 21 as
2392 4844 18 21 a
2427 4833 144 36 minister-

1840 4884 43 31 ial
1912 4895 72 27 one,
2015 4884 53 34 but
2097 4887 123 33 several
2252 4891 31 29 ot
2314 4889 54 34 the
2401 4892 189 44 Opposition

1841 4941 138 33 contend
2003 4942 25 32 it
2050 4942 33 39 is,
2107 4946 198 43 practically,
2330 4960 18 20 a
2371 4957 94 35 party
2490 4951 102 41 affair,

1843 4998 63 34 and
1942 4998 115 41 regard
2081 5000 26 33 it
2142 5001 35 34 in
2213 5002 54 35 the
2298 5003 82 47 light
2413 5007 35 34 of
2480 5019 18 24 a
2545 5010 49 35 No

1844 5058 193 31 Confidence
2055 5065 78 26 vote.

2084 5154 272 39 LATEST

1886 5210 285 50 CABLE
2266 5219 285 51 NEWS.

2198 5358 150 43 London,
2366 5362 124 45 August
2507 5358 2 49 k
2510 5369 46 31 27.

1889 5409 28 31 A
1940 5411 236 36 reconciliation
2201 5414 58 35 has
2286 5417 80 35 been
2390 5422 133 36 effected
2547 5426 34 35 be-

1848 5472 104 27 tween
1979 5468 119 33 Messrs
2125 5471 123 34 ?arnell
2276 5477 64 30 and
2365 5478 125 42 Davitt,
2516 5484 84 34 their

1849 5522 187 35 differences
2058 5525 37 32 of
2107 5527 125 42 opinion
2249 5543 40 21 on
2314 5536 124 33 certain
2463 5547 136 28 matters

1849 5581 33 31 in
1914 5582 192 34 connection
2135 5586 71 33 vitli
2232 5588 55 34 the
2312 5595 124 33 control
2461 5597 36 33 of
2524 5598 75 35 land

1851 5637 121 41 having
1989 5639 80 33 been
2086 5640 152 42 adjusted.

1893 5696 115 42 Owing
2030 5703 32 27 to
2081 5698 53 33 the
2439 5712 96 34 made
2559 5714 43 44 by

1855 5753 114 32 Prince
1993 5753 170 35 Bismarck
2192 5758 118 37 Russia
2326 5764 59 34 has
2408 5767 193 39 abandoned

1853 5810 53 33 the
1923 5821 72 23 idea
2012 5812 35 33 of
2059 5812 211 49 endoa\oring
2286 5823 33 29 to
2332 5821 105 35 throw
2448 5826 154 38 discredit

1853 5878 42 21 on
1908 5867 54 34 the
1976 5868 113 35 Tories
2100 5873 174 46 respiting
2286 5875 84 37 their
2382 5882 219 42 negotiations

1854 5925 48 34 for
1916 5925 55 34 the
1988 5926 188 34 settlement
2186 5931 33 33 of
2228 5931 55 33 the
2293 5934 129 42 Afghan
2432 5939 169 45 difficulty,

1855 5990 34 24 so
1912 5992 35 23 as
1969 5985 33 31 to
2026 5982 105 45 injure
2147 5983 83 38 th«m
2248 5990 33 31 at
2306 5989 53 36 the
2383 5992 219 48 forthcoming

2555 203 161 34 elections.
2764 205 31 32 If
2817 206 53 32 the
2888 207 111 31 Tories
3023 218 52 20 are
3100 206 160 37 defeated,
3287 207 24 31 it

2557 271 22 21 is
2596 262 151 44 expected
2766 262 69 35 that
2853 263 117 34 liu.vsia
2988 262 60 35 will
3069 264 82 33 seize
3172 261 117 36 Herat.

2597 320 67 32 The
2694 322 128 40 leading
2854 322 106 33 lories
2982 333 53 22 are
3062 323 115 43 urging
3205 322 90 33 candi-

2558 377 88 34 dates
2670 379 48 33 for
2733 380 53 32 the
2811 380 86 34 Irish
2921 383 252 31 constituencies
3195 387 31 26 to
3250 381 48 32 dis-

2559 445 88 22 avow
2668 436 50 32 Mr
2734 436 129 35 Parnell
2880 449 34 22 as
2932 438 82 33 their
3031 436 119 35 leader.

3141 498 86 40 Sept.
3246 498 29 30 2.

2603 551 50 32 Mr
2671 551 127 34 Parnell
2814 553 174 34 addressed
3011 566 17 21 a
3045 553 108 45 public
3172 555 143 39 meeting

2561 613 32 25 at
2613 609 119 31 Dublin
2755 612 183 38 yesterday,
2956 611 64 31 and
3043 610 193 42 deprecated
3262 612 53 29 the

2561 670 150 38 outrages
2728 666 105 35 which
2852 667 82 35 have
2951 669 142 40 recently
3111 668 97 34 taken
3226 670 89 41 place

2563 735 33 18 as
2614 723 17 31 d
2655 734 134 33 maging
2806 730 31 27 to
2855 725 52 32 the
2930 725 79 32 Irish
3028 737 104 21 cause.

2591 809 245 47 [Continuation
2855 813 33 34 of
2905 814 103 39 News,
3027 826 49 22 see
3101 814 57 34 4th
3182 811 107 46 L'age.j

2569 921 332 34 MEMORANDUM
2939 924 58 31 OF
3028 921 293 33 ASSOCIATION

2690 988 38 23 OF
2745 989 65 23 THE
2826 979 222 35 HAMPDEN
3066 979 187 35 SOCIETY
3269 978 54 34 OF

2692 1037 170 33 CYNICS.

2613 1153 26 31 1.
2664 1151 68 34 The
2763 1164 97 23 name
2891 1154 34 32 of
2955 1153 55 34 the
3042 1154 129 43 Society
3200 1152 38 41 is,
3275 1153 54 34 the

2573 1216 5 10 k
2584 1212 6 13 '
2606 1210 175 42 Hampden
2800 1211 128 42 Society
2947 1212 36 31 of

2613 1265 68 32 The
2710 1266 119 40 objects
2856 1266 49 32 for
2929 1268 105 31 which
3061 1268 54 31 the
3145 1266 130 44 Society
3301 1277 28 22 is

2573 1320 196 35 established
2787 1335 52 21 are
2857 1333 49 23 :

2615 1380 28 31 2.
2669 1380 46 31 To
2732 1379 187 42 discourage
2943 1393 34 20 as
3001 1381 98 33 much
3121 1393 35 21 as
3179 1381 151 43 possible,

2575 1435 54 31 the
2660 1437 181 41 pernicious
2871 1437 64 33 and
2961 1439 135 31 ruinous
3128 1439 138 43 practice
3297 1438 39 33 of

2576 1491 153 44 drinking
2751 1505 33 21 in
2801 1506 173 32 company,
2998 1497 191 42 commonly
3210 1497 125 32 termed

2577 1551 7 13 4
2591 1557 5 8 '

2620 1607 28 31 3.
2674 1606 49 33 To
2747 1606 82 34 raise
2846 1607 96 34 funds
2965 1608 42 44 by
3032 1608 216 45 subscription
3273 1610 63 33 and

2580 1662 173 46 voluntary
2771 1665 246 41 contributions,
3036 1671 31 30 to
3080 1667 36 35 be
3128 1668 160 35 available
3303 1668 33 34 in

2581 1732 87 22 cases
2683 1722 36 33 of
2731 1723 157 41 accident,
2906 1737 34 21 or
2958 1725 154 34 sickness.

2623 1779 29 34 4.
2676 1779 46 35 To
2746 1792 178 33 encourage
2950 1797 18 20 a
2991 1785 100 33 social
3114 1786 65 33 and
3201 1786 140 42 friendly

2584 1836 102 32 union
2709 1841 48 27 ior
2780 1839 128 32 mutual
2941 1839 200 42 assistance;
3165 1846 32 29 to
3220 1843 124 33 further

2586 1892 54 33 th«
2665 1904 95 22 cause
2785 1894 36 32 of
2843 1899 218 40 temperance,
3085 1900 137 32 without
3245 1902 98 41 going

2586 1954 33 27 to
2645 1961 64 31 any
2733 1956 170 35 extremes,
2921 1965 36 21 or
2979 1954 189 45 interfering
3187 1958 79 31 with
3290 1958 54 33 tlit

2592 2005 116 45 liberty
2732 2008 34 32 of
2786 2008 198 35 individuals
2999 2021 7 29 ;
3030 2013 64 32 and
3118 2013 134 45 thereby
3275 2026 51 31 pro-

2591 2064 125 42 moting
2739 2064 54 35 the
2811 2066 194 47 well-being,
3029 2070 63 34 and
3110 2073 181 43 prosperity
3313 2073 35 34 of

2590 2122 55 32 the
2662 2125 218 42 community.

2842 2238 29 34 It
2895 2240 27 33 U
2949 2240 26 33 L
2999 2241 28 33 E
3053 2242 21 34 S
3095 2269 7 7 .

2636 2295 28 33 I.
2688 2295 75 43 Any
2800 2307 116 32 person
2948 2309 77 33 may
3054 2299 37 32 be
3123 2299 157 36 admitted
3319 2306 31 29 to

2597 2353 234 44 membership,
2875 2356 206 43 irrespective
3125 2359 31 32 of
3194 2366 82 27 state
3322 2361 36 32 of

2597 2411 122 37 health,
2752 2422 68 30 age,
2847 2412 105 40 creed,
2984 2419 138 38 country
3147 2426 35 22 or
3208 2416 146 43 political

2598 2478 160 31 opinions.

2640 2523 47 33 11.
2713 2524 50 34 No
2776 2524 147 36 member
2933 2525 84 35 shall
3029 2526 96 35 drink
3142 2527 214 41 intoxicating

2599 2582 117 42 liquor,
2741 2589 112 37 except
2876 2588 33 27 at
2936 2584 51 32 his
3010 2594 73 23 own
3109 2598 138 32 expense
3262 2597 6 30 ;
3299 2599 58 22 nor

2600 2651 63 32 pay
2691 2643 49 31 ior
2763 2640 117 45 liquor,
2904 2641 106 35 which
3034 2655 65 33 any
3123 2645 94 34 other
3240 2658 116 31 person

2600 2709 78 32 may
2690 2698 95 33 drink
2798 2709 6 30 ;
2823 2699 126 33 neither
2966 2700 72 34 lend
3050 2713 35 21 or
3099 2701 124 34 borrow
3236 2715 119 33 money

2601 2761 32 28 to
2649 2755 38 34 be
2704 2761 94 39 spent
2813 2756 33 33 in
2864 2758 78 32 such
2964 2758 105 34 drink.

2645 2814 66 31 111.
2738 2814 49 33 No
2811 2814 146 34 member
2975 2817 26 31 is
3025 2821 32 29 to
3081 2816 37 34 be
3142 2817 158 41 watched,
3325 2831 33 22 or

2604 2872 146 38 accused,
2781 2873 26 31 if
2834 2872 40 32 he
2904 2875 153 31 commits
3087 2886 64 30 any
3181 2875 116 33 breach
3328 2878 35 31 of

2605 2929 81 34 Kule
2704 2929 61 33 No.
2783 2930 30 40 2,
2831 2928 57 35 but
2906 2930 54 34 the
2977 2931 195 35 Committee
3188 2934 66 33 will
3276 2934 82 34 have

2605 2987 55 32 the
2684 2998 108 31 power
2814 2994 32 27 to
2870 2988 91 43 expel
2982 3000 64 33 any
3070 2990 146 34 member
3238 2992 73 32 who
3335 2992 25 34 is

2605 3043 119 34 known
2756 3050 33 28 to
2817 3047 115 41 persist
2958 3047 33 32 in
3022 3047 153 43 breaking
3200 3048 163 38 it,—after

2606 3101 112 39 giving
2733 3101 69 31 him
2819 3102 61 31 due
2898 3104 118 30 notice.

2596 3155 1 45 >
2649 3155 59 34 IY.
2732 3156 69 33 The
2818 3162 152 29 entrance
2993 3158 60 42 fee,
3076 3160 27 33 is
3120 3162 76 34 Two
3214 3163 151 35 shillings

3328 3194 18 15 O

2609 3213 64 34 and
2689 3214 168 43 Sixpence.

2651 3271 40 33 V.
2715 3271 68 33 The
2814 3272 125 44 weekly
2969 3273 216 46 subscription
3212 3278 85 34 shall
3328 3280 38 34 be

2611 3328 168 43 Sixpence.

2654 3386 57 34 VI.
2735 3389 76 42 Any
2834 3389 146 34 member
3003 3391 108 33 whose
3135 3393 233 44 subscriptions

2613 3454 53 21 are
2698 3455 76 21 over
2800 3444 90 35 three
2921 3447 134 34 months
3077 3450 32 31 iu
3137 3461 118 30 arrear,
3287 3451 82 35 shall

2615 3506 57 29 not
2695 3500 37 34 be
2756 3502 153 43 qualified
2933 3510 31 28 to
2982 3511 73 29 vote
3077 3513 33 27 at
3133 3508 54 34 the
3213 3510 156 43 Society's

2615 3559 170 41 meetings.

2656 3615 80 34 VII.
2760 3617 69 33 The
2853 3618 129 45 Society
3004 3620 75 35 does
3104 3628 58 29 not
3183 3623 79 36 bind
3284 3626 89 34 itself

2617 3679 31 28 to
2672 3685 64 32 piy
2760 3687 18 20 a
2801 3676 146 33 member
2962 3690 67 31 any
3048 3680 85 33 fixed
3149 3693 80 30 sum,
3247 3695 36 22 or
3305 3697 66 30 any

2616 3742 74 21 sum
2707 3743 7 29 ;
2740 3731 58 34 but
2823 3733 66 32 will
2919 3734 127 43 dispose
3077 3738 35 32 of
3133 3739 54 32 the
3213 3740 97 34 funds
3339 3747 31 28 to

2618 3787 162 34 members
2804 3801 33 21 as
2854 3790 254 38 circumstances
3126 3806 75 34 may
3218 3796 149 44 demand,

2618 3845 64 33 and
2698 3858 34 20 as
2748 3847 54 32 the
2821 3848 152 44 majority
2987 3850 137 35 decides.

2660 3902 98 33 VIII.
2783 3903 40 32 In
2839 3902 157 47 balloting
3011 3906 49 34 for
3076 3908 53 34 the
3147 3909 178 37 admission
3342 3915 35 32 of

2620 3970 17 21 a
2674 3959 182 42 candidate,
2888 3973 17 22 a
2931 3963 139 35 number
3101 3967 34 33 of
3161 3967 94 36 black
3293 3970 81 37 balls

2620 4018 94 43 equal
2730 4023 32 28 to
2778 4030 61 22 one
2855 4019 88 34 third
2959 4021 35 33 of
3003 4022 54 33 the
3072 4026 161 33 members
3243 4036 132 34 present

2621 4080 33 28 at
2668 4074 52 34 the
2729 4076 154 44 meeting,
2897 4076 66 35 will
2975 4080 132 36 exclude
3117 4081 54 35 the
3182 4085 170 36 candidate
3370 4099 6 29 ;

2621 4132 64 33 and
2708 4132 35 34 in
2769 4133 158 45 balloting
2948 4136 48 33 for
3022 4138 54 33 the
3103 4142 171 41 expulsion
3301 4145 35 32 of
3356 4158 18 21 a

2622 4189 156 40 member,
2808 4192 54 33 the
2889 4203 91 25 same
3006 4199 185 41 proportion
3222 4201 36 34 of
3278 4201 94 36 black

2623 4248 80 32 balls
2719 4249 64 31 will
2801 4250 101 42 expel.

2663 4304 60 35 IX.
2748 4306 68 34 The
2839 4308 131 43 penalty
2990 4309 49 34 for
3062 4310 156 47 breaking
3241 4316 82 35 Rule
3347 4322 29 36 2,

2623 4363 25 31 is
2666 4363 67 33 One
2752 4363 149 46 Shilling,
2918 4365 58 35 but
2992 4379 34 22 as
3043 4368 54 35 the
3115 4370 133 37 breaker
3263 4375 36 34 of
3318 4377 57 35 the

2623 4420 68 32 rule
2717 4422 26 32 is
2767 4421 49 33 his
2837 4434 75 22 own
2935 4435 142 31 accuser,
3100 4429 65 32 and
3187 4431 112 44 judge,
3324 4435 54 34 the

2622 4476 66 33 fine
2704 4484 88 27 must
2808 4479 36 33 be
2862 4481 197 45 voluntarily
3074 4485 87 42 paid,
3178 4499 36 21 or
3230 4495 57 28 not
3300 4492 75 43 paid

2625 4539 33 28 at
2674 4534 52 33 all.

2665 4591 40 33 X.
2729 4592 29 32 A
2773 4593 147 34 member
2935 4606 77 34 may
3028 4599 106 44 resign
3151 4605 32 29 at
3199 4614 64 33 any
3278 4604 79 36 time
3370 4618 7 29 ;

2625 4647 57 33 but
2705 4649 115 33 should
2843 4650 40 34 he
2899 4652 80 33 wish
2999 4659 32 28 to
3055 4654 37 33 bt
3115 4658 210 36 re-admitted
3349 4670 33 27 at

2626 4716 64 32 any
2714 4705 105 35 future
2846 4707 90 43 time,
2968 4708 37 37 he
3032 4711 84 37 shall
3140 4726 65 34 pay
3230 4730 18 21 a
3273 4719 48 35 fee
3352 4724 34 32 of

2627 4763 80 33 Five
2723 4765 169 43 Shillings,
2909 4769 64 32 and
2989 4769 37 32 be
3044 4770 141 35 balloted
3201 4774 58 40 for,
3277 4777 34 32 in
3327 4778 55 34 the

2627 4820 92 34 usual
2737 4833 83 33 way.

2668 4879 60 32 XL
2752 4880 127 35 Youths
2895 4882 144 36 between
3057 4886 54 34 the
3128 4900 75 31 ages
3216 4891 36 34 of
3265 4892 37 34 14
3319 4895 66 34 and

2629 4938 36 30 21
2685 4949 12 27 }
2707 4949 70 20 eais
2794 4939 84 33 shall
2893 4941 38 32 be
2955 4943 159 33 admitted
3137 4948 75 40 tree,
3234 4960 40 22 on
3299 4952 67 43 sign-

2629 4993 55 42 ing
2695 4993 54 35 the
2767 4995 250 39 Memorandum
3031 5001 36 34 of
3076 5004 204 37 Association
3295 5020 7 29 ;
3320 5012 66 33 and

2629 5054 84 30 shall
2741 5061 55 24 not
2824 5055 36 31 be
2885 5058 152 40 expected
3067 5064 33 27 to
3130 5072 64 32 pay
3221 5074 65 32 any
3313 5066 54 34 sub-

2628 5108 155 44 scription
2808 5110 83 35 until
2916 5112 35 33 of
2970 5125 58 32 age
3046 5125 7 21 :
3078 5115 58 34 but
3158 5118 28 32 if
3208 5123 120 39 youths
3351 5137 35 21 so

2631 5165 169 42 admitted,
2812 5167 86 35 shall
2911 5172 118 41 resign,
3039 5184 38 22 or
3092 5172 36 35 be
3142 5178 153 41 expelled,
3307 5181 80 44 they

2631 5223 83 33 shall
2737 5225 78 32 then
2834 5225 37 33 be
2887 5226 123 44 subject
3026 5233 32 28 to
3077 5230 53 34 the
3154 5244 90 24 same
3260 5238 107 42 regula-

2631 5280 85 34 tions
2733 5292 34 22 as
2783 5282 93 35 those
2890 5283 36 34 of
2938 5296 67 25 ase.

2673 5339 79 33 XII.
2778 5340 50 34 No
2845 5341 217 35 office-bearer
3078 5345 85 34 shall
3181 5350 123 33 receive
3322 5364 65 32 any

2632 5397 244 33 remuneration
2899 5399 48 33 for
2963 5399 50 35 his
3030 5404 136 33 services
3184 5414 5 23 :
3215 5406 44 34 all
3281 5408 107 35 offices

2632 5453 83 33 shall
2731 5453 37 33 by
2786 5456 126 42 strictly
2929 5457 175 41 honorary.

807 56 123 42 llik
1003 56 7 40 i
1095 70 30 26 r,
1142 55 75 41 ivL
1302 57 43 39 ii
1367 54 36 42 \1
1421 70 30 25 ;'v
1479 75 27 23 >.
1633 72 50 26 vl
1709 76 30 24 u
1761 54 4 72 .
1777 54 61 72 v.)
1867 65 73 43 v{,
2032 84 7 14 >
2305 63 109 42 J_t
2492 76 44 31 12
2631 79 5 29 i
2655 66 96 60 SBS.

276 349 43 35 IN
352 349 92 34 THE
477 347 208 36 DISTRICT
712 348 146 35 COURT
889 348 55 32 OF

431 408 48 31 ST
486 408 129 39 LAND,
660 406 187 34 HOLDEN
889 405 56 34 AT

356 466 252 33 WESTPORT.

278 581 38 33 In
335 581 53 32 I>he
409 580 118 33 Matter
543 581 34 32 ot'
597 583 18 14 *'
629 580 67 32 The
712 579 125 40 Mining
852 579 91 31 Coni-
964 579 2 40 |

360 650 112 32 punies
515 639 72 38 Act,
787 637 61 32 and
895 642 45 26 tm
943 649 5 8 i
964 620 2 62 |

362 693 234 32 amendments
613 694 144 36 thereof;
782 692 62 31 an.l

281 763 40 34 In
359 762 53 33 the
453 763 116 32 Matter
605 763 34 31 of
680 762 53 32 the
776 760 171 33 UNITED

363 820 194 33 VICTORY
581 819 174 42 QUARTZ
783 817 165 33 MININv

364 876 226 40 COMPANY,
609 876 157 34 Limited.

202 993 145 33 mHIS
378 993 41 33 IS
453 992 54 32 TO
540 991 167 34 NOTIFY
737 991 72 32 that
839 990 42 41 by
910 1001 40 20 an

321 1049 101 35 Older
458 1049 35 34 of
519 1049 54 34 the
606 1049 134 34 District
775 1049 109 38 Court,
921 1056 31 24 ot

202 1108 180 40 Westland,
414 1108 118 33 holden
562 1115 33 26 at
629 1108 162 42 Westport
822 1120 38 19 on
902 1108 31 31 th
951 1108 3 42 •

202 1165 108 34 fourth
336 1166 61 39 day
414 1166 34 33 of
467 1165 200 44 September,
692 1167 133 37 instant,
846 1165 81 32 MON-

202 1222 105 41 DAY,
321 1222 54 33 the
388 1223 261 33 SIXTEENTH
663 1223 61 42 day
739 1223 34 33 of
785 1222 155 34 NOVEM

202 1280 103 37 BER,
324 1282 89 31 1885.
434 1292 62 20 was
514 1282 51 31 the
583 1280 61 42 day
656 1280 58 32 fixe
729 1281 7 30 1
753 1292 83 29 upon
850 1280 81 31 whic
950 1280 2 42 i

202 1336 56 32 the
288 1336 257 32 CREDITORS
576 1336 35 31 of
639 1336 53 31 the
719 1335 214 31 above-name
951 1335 5 29 1

202 1392 173 43 Company
391 1403 52 21 are
462 1397 31 28 to
510 1404 91 21 come
617 1393 32 32 in
672 1391 64 33 and
755 1402 94 32 prove
873 1391 85 32 their

206 1449 145 33 DEBTS
362 1449 104 32 before
482 1449 63 32 this
555 1449 110 32 Court.
704 1450 72 30 And
786 1457 155 22 further
953 1449 4 34 ;

204 1505 73 32 that
303 1506 31 31 in
365 1505 195 32 accordance
588 1505 77 31 with
698 1504 128 32 Section
858 1506 39 30 92
928 1504 35 31 of

204 1564 21 15 44
238 1562 69 33 The
325 1561 127 43 Mining
468 1562 195 43 Companies
676 1562 71 38 Act,
895 1572 63 28 any

205 1619 138 32 creditor
366 1625 57 26 not
447 1630 34 21 so
505 1619 130 39 coming
665 1619 44 35 in,
734 1618 66 30 will
823 1617 38 32 be
886 1616 48 31 EX-

206 1675 186 33 CLUDED
417 1675 83 33 from
522 1675 56 33 the
605 1673 121 33 benefit
752 1673 34 33 of
807 1684 64 31 any
900 1672 45 33 dis-

212 1733 155 34 tribution
397 1738 96 28 made
520 1732 106 34 before
657 1733 54 32 the
738 1731 75 34 debt
841 1731 35 35 of
902 1742 64 32 any

211 1793 80 33 such
308 1793 139 33 creditor
462 1792 83 33 shall
561 1792 38 33 be
615 1791 130 44 proved.

255 1850 106 36 Dated
378 1856 33 29 at
427 1850 163 45 Westport
606 1849 66 35 this
689 1847 144 37 Seventh
856 1848 63 44 day
936 1849 33 33 of

214 1908 202 44 September,
434 1910 90 30 1885.

392 1964 202 35 ZOFFANY
618 1964 35 33 C.
679 1963 167 37 lIORNE,

728 2020 202 43 Liquidator.

301 2080 32 34 J.
357 2080 30 34 J.
412 2079 196 41 Moynihak,

330 2138 161 42 Solicitor,
510 2137 175 46 Westport.

395 2241 184 35 BULLER
602 2241 208 33 COUNCIL.

224 2371 131 33 rTIHE
371 2370 217 43 undersigned
609 2369 65 34 will
693 2370 37 33 be
753 2374 33 29 at
809 2370 102 43 Lyell,
937 2382 40 21 on

333 2434 55 35 the
407 2433 100 41 12th.,
524 2434 64 33 and
605 2434 76 33 13th
696 2434 283 36 SEPTEMBER,

228 2498 89 38 1885,
340 2497 33 31 in
390 2496 93 32 order
499 2500 31 29 to
548 2496 112 32 collect
677 2496 140 32 RATES
838 2496 64 33 due
925 2496 54 32 the

226 2558 114 33 Buller
355 2559 128 41 County
496 2558 144 32 Council.

396 2620 86 35 JAS.
506 2620 73 34 ED.
603 2620 255 40 GILLESPIE,

631 2681 82 35 Rate
732 2682 170 41 Collector,

828 2747 115 32 B.C.C.

271 2810 175 45 Westport,
462 2809 58 36 Bth
538 2810 99 44 Sept.,
656 2811 89 33 1885.

273 2909 124 33 BANK
413 2909 55 34 OF
485 2909 103 35 NEW
606 2909 149 35 SOUTH
779 2909 167 35 WALES.

256 3037 28 31 A
308 3036 28 32 N
363 3036 117 33 Officer
494 3036 83 33 from
594 3036 55 33 the
670 3037 165 42 Westport
859 3036 131 33 Branch

349 3099 35 34 of
406 3099 65 33 this
494 3099 124 33 BANK
640 3099 64 33 will
729 3100 76 33 visit
828 3100 92 43 Lyell
943 3101 48 32 for

235 3161 57 35 the
307 3173 137 32 purpose
461 3162 36 34 of
508 3163 201 40 transacting
730 3163 129 39 general
882 3163 85 30 Bank-

236 3234 58 23 ing
309 3224 176 33 Business,
499 3234 42 22 on
551 3223 221 39 TUESDAY,
790 3224 75 33 15th
884 3224 108 38 Sept.,

236 3287 67 34 and
332 3288 125 33 remain
494 3287 50 34 till
580 3287 299 40 WEDNESDAY,
917 3288 74 32 16th

236 3349 286 35 SEPTEMBER.

363 3448 147 33 LYELL
534 3448 327 36 SCHOOL-ROOM.

241 3562 249 43 SATURDAY,
509 3563 75 35 19th
602 3564 284 43 SEPTEMBER,
906 3568 88 32 1885.

248 3677 89 71 M
353 3677 28 33 R
384 3701 9 9 -
437 3678 122 73 W.
605 3680 87 71 A.
741 3678 68 73 E
832 3680 142 33 LLIS
992 3705 8 15 '

316 3791 316 32 THOUGHT-READER,
652 3793 280 32 PSYCHQMETRIST,

467 3839 66 34 and
549 3849 234 25 CLAIRVOYANT.

352 3906 120 36 WILL
496 3908 109 33 GIVE
630 3909 88 33 ONE
744 3910 55 33 OF
824 3910 77 34 HIS

314 3968 196 94 ojmlar
527 3967 477 76 (Bittertamnmtts

377 4073 33 30 at
426 4068 111 35 Lyell
553 4082 42 22 on
610 4070 56 34 the
682 4071 101 34 above
802 4072 83 34 date.

302 4184 140 39 Prices:
458 4184 132 45 Front
605 4185 132 56 Seats,
757 4188 72 53 3s;
848 4188 114 44 Back

551 4249 73 50 do.,
642 4250 59 44 2s.

276 4311 105 34 Doors
395 4325 85 30 open
496 4318 32 28 at
542 4316 93 37 7.30;
659 4319 31 28 to
707 4326 189 20 commence
909 4321 34 26 at
959 4317 29 30 8.

2915 5548 78 35 Wm.
3019 5552 167 40 white,

3079 5611 189 43 Chairman,

3050 5668 143 44 CHenroy
3208 5672 141 35 Branch.

2855 5721 39 33 B.
2920 5722 44 33 H.
2989 5723 196 45 DELA.NO,

3001 5782 191 38 Murchison
3208 5787 141 35 Branch.

2888 5836 33 33 J.
2946 5837 240 46 O'ROURKE,

2934 5895 131 35 Central
3080 5898 111 34 Buller
3207 5902 141 34 Branch.

2968 5952 38 33 R.
3031 5953 155 42 M'NEE,

2894 6008 62 32 Cor
2958 6020 14 20 r
2975 6020 15 21 g
2993 6020 81 31 spoil
3078 6011 14 32 d
3093 6011 61 44 ling
3168 6013 61 35 Boc
3233 6026 32 24 re
3268 6021 49 30 tar
3321 6029 27 29 y.
