4147 6041
139 249 150 29 Keefton:
327 251 45 28 Mr
407 251 143 28 Burnham
566 260 7 25 ;
609 252 127 27 assistant

104 293 112 30 master,
249 288 45 31 Mr
324 290 142 35 Dowling;
485 291 152 34 assistants,
670 289 67 30 Miss

106 326 110 36 Moller,
228 328 67 29 Miss
303 329 153 34 Anderson,
466 329 54 28 and
530 340 15 18 a
555 329 179 37 probationer.

108 365 134 34 (Present,
254 367 68 33 245;
341 376 35 19 on
390 367 60 32 roll,
463 367 106 35 270.)
570 367 37 27 As
620 376 57 18 was
690 367 46 27 the

105 411 63 22 case
182 402 53 32 last
244 413 75 29 year,
332 404 47 31 the
390 405 98 30 results
501 405 30 30 of
539 405 46 30 the
599 404 119 30 examina-

106 443 58 27 tion
174 452 56 18 was
238 444 151 28 somewhat
398 444 158 36 chequered.
593 444 57 27 The
661 444 73 27 Fifth

107 479 55 29 and
184 480 79 29 Sixth
285 480 136 30 Standard
441 480 130 35 scholars,
592 480 96 35 taught
700 480 36 37 by

108 517 47 31 the
176 519 195 36 head-master,
391 521 147 29 succeeded
557 530 29 20 so
604 520 60 29 well
677 519 60 30 that

107 557 77 28 there
208 567 57 19 was
289 562 50 25 not
363 567 16 19 a
404 559 85 35 single
509 559 96 27 failure
629 560 29 25 in
682 567 54 27 any

107 595 114 39 subject,
243 595 46 32 the
310 597 171 33 Arithmetic,
507 596 64 31 both
593 595 68 31 slate
683 595 53 31 and

106 636 116 31 mental,
235 635 82 35 being
329 637 33 26 of
367 636 166 34 exceptional
541 637 89 25 merit.
649 635 69 27 Bead-

107 670 49 38 ing
176 680 57 21 was
254 672 47 30 the
313 672 66 39 only
391 676 61 36 part
470 672 31 30 of
516 672 46 29 the
583 671 74 30 work
677 671 60 29 that

107 719 58 22 was
205 712 152 30 somewhat
402 712 211 37 disappointing.
667 712 71 29 That

108 750 109 36 portion
236 751 27 28 of
281 750 48 28 the
342 750 104 29 Fourth
469 750 135 28 Standard
617 750 121 28 scholars

108 787 92 30 which
219 787 55 31 had
286 788 69 30 been
367 787 87 31 under
473 787 46 30 the
532 787 56 30 sole
600 787 98 39 charge
712 787 29 30 of

108 828 47 28 the
169 827 163 30 head-mast'
341 838 15 18 r
367 827 70 29 until
451 828 73 37 quite
537 827 130 37 recently,
680 827 58 29 also

108 866 140 39 acquitted
259 867 77 30 itself
346 876 65 30 very
425 866 69 31 well.
530 866 65 36 But,
608 867 90 36 owing
711 870 27 25 to

108 916 17 19 a
138 906 187 30 combination
345 907 31 29 of
390 907 111 28 adverse
520 907 218 33 circumstances,

108 945 93 28 which
213 945 69 28 need
294 948 51 25 not
356 953 61 20 now
426 945 32 28 be
470 944 106 28 further
586 943 116 29 referred
710 947 28 25 to

111 985 62 34 (one
183 983 31 30 of
218 982 76 30 them
303 982 82 38 being
392 982 118 38 changes
518 982 28 28 in
554 982 46 29 the
611 982 127 36 teaching

109 1022 85 36 staff),
217 1022 47 29 the
285 1021 84 33 work,
389 1021 65 30 both
473 1030 26 19 01
520 1020 47 30 the
585 1021 155 36 remaining

109 1061 109 35 portion
226 1060 32 29 of
259 1060 47 29 the
316 1060 104 28 Fourth
428 1058 136 30 Standard
572 1058 166 35 candidates,

108 1098 56 29 and
184 1098 30 29 of
232 1098 78 30 those
332 1098 63 28 who
413 1096 151 38 attempted
576 1097 47 29 the
644 1097 94 34 Third,

109 1145 57 20 was
178 1137 31 28 of
218 1136 156 29 indifferent
386 1136 113 36 quality,
512 1135 83 28 about
604 1145 16 18 a
630 1136 73 28 third
712 1136 30 28 of

110 1174 47 30 the
171 1179 55 26 two
239 1175 99 29 classes
349 1174 95 38 failing
453 1176 29 26 to
491 1183 71 26 pass.
599 1173 57 31 The
666 1173 73 29 First

110 1214 56 28 and
197 1214 106 29 Second
332 1213 136 29 Standard
505 1212 158 30 candidates
693 1213 45 28 did

110 1252 72 35 well,
206 1260 31 21 as
266 1251 88 34 usual,
379 1251 46 29 the
449 1250 133 38 Reading,
609 1251 130 38 Spelling,

110 1291 56 30 and
204 1291 163 31 Arithmetic
397 1289 29 31 of
452 1290 47 31 the
534 1289 89 36 latter,
660 1291 80 37 being

110 1331 144 35 especially
275 1329 155 28 creditable.
466 1329 29 27 It
506 1329 23 27 is
554 1329 64 36 only
639 1329 52 27 fair
711 1333 28 24 to

110 1367 47 30 the
169 1367 176 39 painstaking
364 1366 54 30 and
436 1365 166 40 thoroughly
622 1366 118 30 efficient

110 1408 110 28 teacher
232 1408 62 28 who
306 1407 50 28 has
368 1407 84 36 lately
464 1406 69 29 been
545 1407 148 36 appointed
711 1412 28 24 to

110 1445 47 29 the
176 1446 129 28 assistant
327 1445 171 36 mastership,
512 1449 28 24 to
559 1445 107 37 explain
680 1445 59 28 that

110 1483 35 29 he
158 1488 101 25 cannot
270 1484 33 28 be
316 1483 61 29 held
390 1484 28 27 in
432 1493 55 27 any
498 1493 62 27 way
572 1484 167 37 responsible

109 1522 43 27 for
171 1523 47 28 the
237 1522 97 37 partial
353 1522 97 27 failure
463 1522 30 28 of
502 1521 47 28 the
566 1526 54 23 two
642 1523 98 27 classes

109 1568 62 22 now
183 1561 88 29 under
282 1560 44 29 his
336 1559 106 38 charge.
479 1559 80 35 Drill,
570 1559 65 30 both
646 1560 92 29 school

109 1600 56 28 and
188 1600 132 34 military,
344 1608 62 18 now
429 1599 85 26 forms
541 1608 16 18 a
583 1600 156 34 prominent

108 1637 104 29 feature
225 1637 28 28 in
266 1636 47 29 the
323 1636 93 28 school
428 1644 99 20 course.
564 1636 59 29 The
632 1636 90 36 organi-

109 1677 89 29 sation
217 1677 30 28 of
263 1676 47 29 the
332 1676 88 28 whole
439 1675 93 29 school
551 1676 23 28 is
595 1676 141 32 excellent,

109 1716 47 26 the
186 1714 140 36 discipline
361 1713 108 35 leaving
501 1713 117 35 nothing
647 1717 28 24 to
705 1714 33 27 be

107 1752 114 31 desired.
258 1752 57 29 The
345 1750 87 30 whole
454 1750 66 30 staff
546 1751 89 29 works
665 1755 72 27 most

109 1792 206 35 harmoniously
327 1790 86 28 under
425 1791 47 27 the
481 1791 165 36 undisputed
654 1791 70 27 direc-

110 1828 57 32 tion
181 1831 31 27 of
221 1830 47 28 the
280 1828 70 29 head
364 1832 109 25 master.

143 1879 121 28 Black's
294 1877 86 28 Point
392 1884 5 21 :
418 1876 45 29 Mr
486 1876 89 29 Green
606 1876 54 29 and
684 1880 54 25 two
748 1869 1 40 j

106 1917 197 37 probationers.
341 1916 123 36 (Present
477 1917 49 32 98;
545 1924 35 20 on
593 1915 60 34 roll,
667 1916 68 36 111.)
748 1909 1 45 |

107 1956 93 28 The
226 1955 121 29 scholars
366 1954 64 29 here
452 1954 81 28 made
553 1964 16 18 a
589 1963 66 28 very
679 1964 43 27 per-

108 1994 115 38 ceptible
244 1993 120 29 advance
383 2003 36 18 on
438 1992 70 30 their
528 1994 210 36 unsatisfactory

108 2034 202 38 performances
330 2033 29 28 of
369 2032 52 29 last
439 2041 74 29 year.
550 2032 57 29 The
620 2032 75 29 work
713 2032 30 30 of

107 2083 82 26 every
208 2072 78 33 class,
309 2071 68 28 with
397 2072 47 28 the
464 2071 141 36 exception
630 2072 30 28 of
680 2071 60 29 that

107 2111 90 27 which
210 2109 65 28 took
287 2118 38 27 up
338 2109 46 28 the
399 2109 106 28 Second
521 2109 145 33 Standard,
684 2119 56 18 was

107 2149 81 37 fairly
212 2148 61 29 well
299 2148 78 29 done.
414 2148 58 29 The
498 2147 78 30 Sixth
603 2147 135 30 Standard

106 2188 77 36 boys,
198 2197 51 19 one
262 2188 30 27 of
303 2187 90 28 whom
413 2197 55 18 was
487 2187 66 35 only
566 2187 104 33 eleven,
684 2187 54 28 and

108 2225 116 29 another
245 2225 97 28 twelve
363 2234 80 26 years
461 2224 54 34 old,
529 2233 69 25 gave
620 2225 29 27 in
668 2228 73 24 most

108 2263 146 29 creditable
268 2272 108 28 papers,
389 2264 27 26 in
434 2272 81 27 every
534 2262 112 37 subject.
683 2262 57 28 The

107 2303 93 27 letters
225 2301 147 38 generally,
394 2311 71 18 were
483 2305 122 33 patterns
626 2300 31 30 of
677 2306 63 23 neat

107 2341 111 37 writing
240 2340 54 29 and
315 2340 108 38 orderly
444 2344 202 33 arrangement.
683 2340 57 28 The

108 2380 163 29 Arithmetic
292 2379 57 30 also
367 2389 56 19 was
442 2379 146 29 creditable
606 2380 29 28 in
660 2389 80 28 every

108 2420 70 27 class
191 2420 48 27 but
252 2428 60 18 one.
350 2419 115 35 History
482 2428 56 18 was
556 2419 46 26 the
621 2419 120 27 weakest
748 2419 1 35 1

107 2459 88 34 point.

143 2493 157 31 Westport
324 2493 74 30 Boys
410 2501 6 22 :
437 2493 44 29 Mr
505 2493 77 37 Kay;
603 2493 137 35 assistant,

111 2534 44 28 Mr
193 2533 129 35 Boswell,
360 2533 55 29 and
453 2537 54 24 two
543 2532 197 38 probationers.

111 2573 131 36 (Present,
263 2573 68 34 163;
351 2582 35 19 on
407 2571 60 34 roll,
490 2572 68 36 180.)
597 2571 28 29 It
648 2572 24 28 is
693 2575 48 25 not

108 2612 74 27 often
203 2612 60 27 that
284 2622 14 17 a
320 2611 93 28 school
426 2610 54 28 like
503 2610 64 33 this,
589 2610 90 28 which
700 2611 41 27 for

109 2649 103 30 several
230 2659 80 28 years
329 2653 61 35 past
409 2648 51 30 has
479 2648 78 29 stood
575 2648 29 29 in
617 2648 47 30 the
682 2648 59 29 first

109 2689 79 35 rank,
208 2689 134 37 suddenly
363 2688 62 30 falls
446 2688 68 30 back
534 2692 28 25 to
575 2698 16 19 a
611 2697 64 28 very
689 2688 51 29 low

109 2728 85 36 place.
232 2728 57 27 Nor
307 2728 24 27 is
351 2728 23 26 it
394 2736 65 25 easy
477 2730 28 24 to
519 2730 114 24 account
652 2728 41 26 for
711 2735 29 19 so
748 2720 1 44 I

110 2770 76 32 great
210 2775 16 21 a
250 2765 152 37 faliing-off.
439 2765 27 30 It
484 2764 24 31 is
529 2768 59 27 true
609 2764 61 31 that
693 2764 47 30 the

110 2807 99 27 second
233 2810 103 24 muster
359 2807 48 26 left
436 2815 76 18 some
542 2805 61 28 four
628 2805 113 28 months

109 2842 91 29 before
219 2843 46 28 the
278 2842 194 31 examination,
486 2841 47 29 the
551 2841 69 28 head
640 2845 101 24 master

109 2881 139 37 following
267 2881 59 29 him
348 2881 85 30 about
453 2880 74 36 eight
552 2880 89 29 weeks
660 2880 65 29 after-

110 2920 97 27 wards.
244 2920 55 27 But
311 2920 180 27 school-work
499 2928 56 19 was
567 2928 83 19 never
658 2918 67 29 inter-

109 2958 107 39 rupted,
230 2962 155 34 temporary
398 2958 123 29 teachers
531 2957 80 37 being
620 2956 120 39 engaged

109 3001 30 25 at
167 3007 77 19 once.
288 2998 58 26 The
376 2998 106 31 results,
508 2997 135 31 however,
673 2996 65 27 with

109 3034 91 29 which
214 3034 105 36 mainly
332 3034 15 28 I
360 3043 45 19 am
419 3034 160 32 concerned,
588 3043 72 19 were
669 3040 71 21 most

110 3073 210 37 disappointing.
358 3073 43 29 No
423 3082 75 19 more
511 3072 69 29 than
601 3073 71 35 forty
693 3081 48 28 per

110 3116 69 25 cent,
195 3112 30 29 of
233 3111 47 30 the
292 3111 67 38 boys
376 3111 143 38 presented
538 3111 42 28 for
592 3109 149 30 Standards

109 3150 150 30 succeeded
275 3151 30 28 in
318 3151 119 37 passing,
450 3153 73 26 most
536 3149 30 29 of
580 3149 77 30 them
676 3158 65 28 very

109 3189 103 36 barely.
262 3189 151 32 Moreover,
450 3189 48 28 the
527 3188 158 36 proportion
715 3188 30 28 of

110 3236 93 28 passes
224 3228 43 34 (38
285 3227 29 27 in
327 3227 47 35 all)
389 3231 27 23 to
435 3226 47 28 the
494 3226 51 28 roll
558 3225 115 28 number
686 3234 55 20 was

110 3266 65 39 only
193 3267 32 28 21
239 3275 49 29 per
299 3271 72 24 cent.
409 3265 42 29 No
470 3274 75 20 more
557 3264 68 30 than
647 3267 54 27 two
715 3264 30 29 of

110 3307 48 28 the
171 3306 127 29 nineteen
311 3305 158 29 candidates
480 3305 43 29 for
541 3304 45 29 the
600 3304 73 29 Fifth
687 3305 54 28 and

112 3345 78 27 Sixth
206 3342 151 30 Standards
369 3344 80 26 made
461 3344 51 26 full
533 3352 100 26 passes,
647 3343 37 27 all
697 3344 46 26 the

110 3386 57 24 rest
179 3381 98 35 failing
288 3381 29 28 in
332 3389 52 21 one
397 3389 31 20 or
439 3389 76 20 more
528 3380 126 37 subjects.
684 3380 58 29 The

112 3421 123 27 children
256 3420 124 28 children
397 3419 62 29 who
472 3419 64 29 took
549 3428 36 27 up
606 3419 45 28 the
672 3419 71 28 First

114 3457 137 30 Standard
275 3466 70 20 were
369 3457 46 29 the
440 3457 66 37 only
529 3466 65 19 ones
613 3458 62 27 who
698 3457 45 28 did

113 3507 70 20 even
213 3496 169 38 moderately
411 3496 69 29 well.
529 3495 71 30 Drill
635 3499 50 27 has
715 3500 29 25 at

113 3536 95 36 length
233 3536 66 29 been
319 3535 159 30 introduced
500 3535 27 29 in
553 3540 115 30 earnest,
695 3545 50 20 nor

114 3575 92 28 before
235 3575 23 28 it
287 3584 56 18 was
371 3575 76 32 time,
475 3579 28 23 to
530 3575 83 35 judge
638 3574 37 35 by
699 3575 46 27 the

114 3611 135 36 ungainly
269 3612 121 33 carriage
403 3614 29 25 of
451 3612 46 27 the
510 3611 85 36 boys,,
606 3612 55 26 and
674 3612 71 26 their

115 3654 75 26 Want
213 3649 31 31 of
266 3653 155 26 smartness.
458 3649 57 29 The
543 3652 108 35 present
675 3649 70 29 head

115 3690 54 28 and
199 3690 128 28 assistant
357 3693 115 25 masters
503 3689 70 28 have
600 3689 68 29 been
699 3699 30 27 ap-

116 3728 112 39 pointed
241 3729 72 36 quite
323 3728 128 37 recently.

152 3768 154 28 Westport
327 3767 87 29 Girls
427 3775 6 20 :
453 3766 67 29 Miss
540 3766 78 29 Falla
630 3775 6 26 ;
656 3767 76 29 assist-

116 3810 69 28 tant,
217 3806 66 27 Miss
312 3805 105 32 Virtue,
445 3804 53 28 and
522 3814 17 19 a
563 3804 181 36 probationer.

118 3844 132 36 (Present,
289 3844 66 34 126;
392 3852 36 21 on
462 3842 60 36 roll,
559 3842 69 37 143).
649 3860 26 4 -
689 3843 57 30 The

117 3884 160 28 attendance
291 3883 72 33 here,
377 3883 129 36 formerly
517 3892 66 28 very
605 3883 8 28 i
628 3883 115 37 regular,

117 3922 50 29 has
190 3922 83 29 much
297 3922 140 38 improved
461 3923 30 28 of
506 3922 63 29 late.
606 3922 66 29 This
696 3922 49 29 has

117 3961 57 28 told
193 3970 66 26 very
279 3960 159 36 favourably
457 3970 34 18 on
505 3961 48 27 the
577 3970 123 26 progress
720 3962 29 26 of

117 3998 47 28 the
200 3999 74 36 girls,
313 3998 63 28 who
414 3998 136 37 acquitted
580 3998 165 28 themselves

117 4036 84 29 credit
211 4036 55 37 ibly
286 4035 53 30 this
360 4045 74 28 year.
472 4036 43 29 No
538 4035 108 30 scholar
667 4035 79 29 failed

118 4075 27 29 in
159 4075 85 29 either
256 4075 47 29 the
316 4075 73 28 Fifth
402 4085 30 18 or
445 4075 46 29 the
505 4075 77 28 Sixth
597 4075 149 29 Standards

117 4113 55 28 and
198 4113 21 28 it
243 4113 23 28 is
289 4117 50 24 not
359 4118 45 23 too
426 4113 82 28 much
531 4117 28 24 to
583 4123 49 27 say
653 4113 30 28 of
701 4113 46 28 the

117 4151 163 30 Arithmetic
310 4151 52 29 and
399 4151 214 36 Letter-writing
645 4152 30 29 of
701 4150 46 30 the

117 4191 81 27 latter
211 4191 69 27 class
287 4190 61 28 that
357 4190 63 35 they
432 4200 69 18 were
512 4190 140 27 excellent.
689 4190 58 27 The

113 4228 94 37 junior
220 4228 99 28 classes
332 4227 54 29 had
399 4228 56 29 also
468 4228 68 29 been
549 4228 130 38 carefully
692 4227 53 29 and

118 4268 150 38 effectively
281 4267 105 38 taught.

141 4340 206 37 [Continuation
362 4341 30 28 of
403 4342 89 32 News,
506 4351 44 19 see
569 4341 48 29 4th
632 4340 92 37 Page.]

1298 95 118 55 THE
1469 96 188 51 LYELL
1708 100 187 51 TIMES,
1950 86 313 64 SAfuM>AY,
2315 99 251 56 JANUARY
2620 113 57 39 23,
2734 101 104 40 1886.

289 4422 134 38 Mining
440 4421 151 31 Notices.

119 4502 147 30 UNITED
285 4501 140 27 ALPINE
440 4501 147 35 QUARTZ
607 4501 142 27 MINING

239 4553 188 35 COMPANY,
454 4553 174 29 LIMITED.

124 4659 40 40 Qt
172 4657 171 31 EPARATE
357 4657 176 30 TENDERS
543 4667 45 20 are
597 4657 103 30 invited
710 4657 42 30 for

208 4713 46 27 the
268 4711 143 28 SUPPLY
424 4711 29 27 of
472 4711 144 27 MINING
630 4711 121 27 GOODS

120 4763 56 31 and
188 4763 42 30 for
244 4762 173 33 CARTING,
430 4772 30 20 as
472 4762 137 29 under:

157 4816 115 27 I.For
286 4815 46 27 the
346 4815 142 27 SUPPLY
501 4815 28 26 of
541 4812 144 30 MINING
698 4814 55 28 and

259 4862 178 30 BATTERY
456 4861 121 30 GOODS
594 4861 42 30 for
656 4861 96 30 twelve

259 4909 121 29 months.

157 4963 116 29 2.For
286 4960 165 32 CARTING
464 4959 81 31 Plant
559 4962 55 28 and
628 4959 125 31 Material

261 5010 69 28 from
341 5009 138 38 Westport
489 5013 28 25 to
530 5007 86 40 Lyell.

157 5065 117 29 B.For
287 5064 165 29 CARTING
467 5064 80 28 Plant
559 5063 54 29 and
627 5063 127 30 Material

260 5110 69 27 from
347 5109 80 37 Lyell
448 5113 28 24 to
497 5110 84 32 Mine,
595 5110 53 27 and
668 5113 28 24 to
708 5110 46 28 the

262 5158 123 38 Battery.

160 5269 206 37 Specifications
386 5268 53 28 and
460 5268 160 28 Conditions
641 5278 65 26 may
724 5268 31 29 be

125 5333 63 20 6een
202 5325 28 28 at
243 5321 46 31 the
303 5321 165 39 Company's
480 5320 91 35 Office,
586 5320 64 30 Cliff
666 5325 89 30 street,

124 5377 89 38 Lyell.

159 5481 178 31 TENDERS
350 5481 57 29 will
427 5480 30 29 be
472 5479 195 30 RECEIVED
682 5489 36 28 up
731 5482 26 26 to

125 5536 16 28 4
163 5534 102 30 o'clock
288 5543 65 28 p.m.
376 5542 36 18 on
432 5530 188 34 TUESDAY,
639 5531 46 28 the
705 5531 52 27 2nd

124 5590 54 38 day
191 5589 30 30 of
231 5586 216 33 FEBRUARY,
462 5586 76 30 1866.

158 5694 58 30 The
237 5693 96 30 lowest
352 5701 30 21 or
404 5700 56 29 any
481 5686 95 32 tender
597 5691 48 26 not
667 5696 75 20 neces-

123 5748 83 38 sarily
220 5745 138 40 accepted.

408 5806 122 29 JAMES
549 5802 141 32 INGLIS,

585 5855 139 38 Manager.

156 5918 89 35 Lyell,
259 5917 72 28 22nd
344 5917 135 31 January,
493 5913 75 27 1886,

932 240 119 29 Public
1068 240 151 29 Notices.

826 319 87 40 MR.
942 320 49 39 H.
1023 320 303 47 MARTINSON,

901 420 45 76 f
953 422 315 76 Ijotograpljcr,

763 539 156 27 T7CTILL
946 540 103 27 YISTT
1077 540 123 26 LYELL
1228 540 98 33 during
1351 539 47 27 the

781 566 56 31 YY
925 589 173 31 ENSUING
1116 589 124 31 WEEK.

765 750 41 26 On
821 749 99 27 arrival
934 749 44 28 Mr
989 749 152 27 Martinson
1152 749 55 27 will
1220 749 33 27 be
1266 749 132 36 prepared

812 804 27 26 to
852 804 111 27 execute
976 801 38 29 all
1026 801 82 29 kinds
1120 800 32 30 of
1160 799 197 40 photographic

1036 853 85 30 work.

766 933 130 28 Children
909 932 82 28 taken
1011 932 36 36 by
1060 933 208 26 instantaneous
1280 940 117 28 process.

800 1065 80 28 Head
892 1063 98 30 Studio
1002 1072 6 20 :
1029 1064 143 35 Trafalgar
1188 1064 50 34 St.,
1252 1063 112 29 Nelson.

962 1147 248 29 NOTICE.

847 1252 44 29 RS
905 1251 377 30 DOMINICKBERATTO
1292 1250 108 30 tenders

881 1307 49 27 her
944 1307 164 27 SINCERE
1122 1305 153 28 THANKS
1284 1309 28 24 to
1322 1305 78 28 those

766 1356 67 30 kind
859 1356 103 31 friends
995 1355 63 31 who
1092 1354 157 32 subscribed
1274 1355 55 30 and
1359 1355 27 30 in-

768 1411 116 28 terested
904 1411 166 28 themselves
1091 1413 29 25 in
1133 1411 50 27 her
1196 1410 95 29 behalf
1300 1409 100 37 during

767 1463 48 29 her
827 1468 90 25 recent
929 1462 50 30 sad
992 1462 200 29 bereavement.

800 1515 89 35 Lyell,
901 1515 133 35 January,
1049 1514 73 32 18th,
1137 1515 76 26 1866.

813 1599 125 28 LYELL
956 1599 176 28 DISTRICT
1157 1598 196 28 HOSPITAL.

1018 1712 17 18 A
1054 1710 93 20 GRAND

831 1752 187 33 MATEUR
1048 1752 350 31 ENTERTAINMENT

959 1806 66 29 Will
1046 1806 33 28 be
1096 1805 65 29 held
1181 1805 30 29 in

830 1858 77 28 THE
927 1857 124 29 LYELL
1072 1856 264 36 SCHOOLROOM,

766 1963 207 29 THURSDAY
1000 1962 187 35 EVENING,
1218 1961 80 29 JAN.
1324 1962 74 34 28th,

801 2016 55 30 For
868 2015 47 30 the
927 2024 117 29 purpose
1066 2014 30 31 of
1114 2014 103 37 raising
1230 2014 82 30 funds
1324 2014 42 31 for

880 2055 46 30 the
938 2055 80 36 Lyell
1032 2055 113 28 District
1158 2055 129 36 Hospital

801 2154 77 31 John
897 2154 143 34 Fennell,
1054 2153 77 35 Esq.,
1153 2154 29 29 in
1203 2152 47 31 the
1272 2152 92 32 Chair.

912 2257 297 29 Programme.Part
1228 2257 25 29 I.

767 2297 131 35 Prologue
1141 2296 44 28 Mr
1197 2296 104 29 Walter
1314 2295 84 29 Atkin

767 2337 82 36 Song,
891 2336 73 28 Lone
975 2335 95 37 Starry
1212 2335 44 28 Mr
1261 2335 138 28 E.Butler

767 2375 94 36 Duett,
903 2375 62 29 Still
973 2375 14 28 I
999 2375 73 28 Love
1081 2374 74 29 Thee
1205 2374 58 29 Mrs
1275 2374 122 29 Bowden

1057 2414 55 27 and
1126 2414 68 27 Miss
1205 2414 33 27 A.
1252 2414 145 27 Patterson

767 2452 82 34 Song,
893 2452 69 26 True
976 2459 30 19 as
1018 2450 47 28 the
1079 2451 76 27 Stars
1166 2450 62 27 that
1241 2459 45 18 are

1130 2487 44 30 Mr
1186 2488 33 29 A.
1232 2488 33 29 A.
1279 2487 118 31 Corfield

767 2530 82 36 Song,
889 2528 54 30 She
951 2528 90 29 Never
1046 2528 116 28 Blamed
1170 2528 77 33 Him,

1120 2566 67 30 Miss
1200 2566 34 28 A.
1247 2565 152 31 Dolliuiore

767 2606 83 36 Song,
891 2606 71 28 Who
976 2606 57 28 will
1046 2605 68 29 Care
1126 2606 41 27 for
1181 2604 108 28 Mother

1201 2643 45 28 Mr
1256 2642 28 30 J.
1297 2643 101 29 Brown

767 2685 82 36 Song,
864 2686 15 13 '
892 2683 76 30 Belie
1147 2704 28 7 ...
1188 2682 59 29 Mrs
1259 2682 140 38 Campbell

767 2724 84 33 Song,
893 2723 57 27 The
962 2723 106 27 Bonnie
1082 2721 73 28 Hills
1168 2721 31 28 of

1143 2758 44 31 Mr
1201 2759 33 30 G.
1248 2758 34 30 E.
1296 2759 103 30 Levien

767 2801 74 35 Song
1221 2799 58 28 Mrs
1292 2799 107 29 Waters

767 2838 83 36 Song,
893 2837 60 29 The
967 2838 72 28 Irish

1145 2876 45 28 Mr
1202 2874 30 30 T.
1246 2873 153 37 Callaghan

767 2914 146 28 Character
926 2914 103 33 Dance,
1070 2914 86 35 Army
1169 2913 56 28 and
1238 2914 80 35 Navy

1131 2951 44 30 Mr
1188 2952 38 30 H.
1239 2951 44 31 W.
1299 2951 97 31 Mason

898 3029 123 29 Interval
1034 3030 30 28 of
1072 3029 54 29 five
1140 3031 130 26 minutes.

1018 3107 75 28 Part
1109 3106 40 29 11.

769 3147 82 35 Song,
895 3145 135 31 Serenade
1201 3145 45 29 Mr
1256 3145 34 28 E.
1302 3145 97 30 Butler

769 3186 72 34 Song
1206 3183 57 28 Mrs
1276 3184 123 27 Bowden

769 3223 164 32 Recitation,
1045 3222 91 28 Death
1145 3221 31 28 of
1184 3221 47 28 the
1244 3221 124 29 Collier's

1142 3260 43 29 Mr
1199 3259 103 31 Walter
1316 3259 84 30 Atkin

769 3302 82 36 Song,
895 3302 142 37 Killarney
1122 3323 18 7 ..
1180 3300 58 29 Mrs
1252 3300 32 30 K.
1299 3300 104 29 Carroll

770 3341 74 33 Song
858 3340 106 35 (comic)
1234 3339 43 26 Mr
1289 3339 27 27 J.
1331 3338 72 28 Peck

771 3378 82 37 Song,
896 3378 14 27 I
924 3377 109 29 Cannot
1046 3376 79 28 Mind
1135 3377 49 36 My
1194 3375 106 35 Wheel,

839 3417 110 28 Mother
1125 3415 69 29 Miss
1206 3416 32 27 A.
1253 3415 151 29 Dollimore

771 3455 83 33 Song,
897 3455 71 28 True
981 3454 42 29 till
1187 3453 43 28 Mr
1241 3454 33 27 A.
1288 3453 117 29 Corfield

771 3493 82 37 Song.
893 3493 57 29 The
964 3493 98 37 Young
1076 3493 64 28 Man
1156 3491 29 30 of
1196 3491 46 30 the
1257 3491 61 38 Day

1184 3531 44 28 Mr
1241 3531 29 28 C.
1284 3531 121 30 Bowden

773 3571 82 36 Song,
897 3571 87 28 Silver
992 3570 122 28 Threads
1124 3571 108 33 Among
1243 3570 47 27 the

841 3608 69 27 Gold
1132 3608 67 26 Miss
1216 3607 33 26 A.
1263 3608 143 26 Patterson

773 3645 74 38 Song
1218 3644 68 29 Miss
1299 3643 106 31 Franks

773 3686 151 35 Grotesque
938 3686 94 28 Dance
1071 3706 29 8 ...
1139 3685 44 29 Mr
1196 3684 37 28 H.
1248 3684 43 29 W.
1307 3684 97 29 Mason

906 3762 122 31 Interval
1043 3762 30 30 of
1087 3767 46 24 ten
1146 3762 129 29 minutes.

790 3839 39 31 To
842 3839 131 31 conclude
986 3838 68 31 with
1067 3838 47 31 the
1126 3838 155 39 screaming
1298 3838 91 39 Negro

981 3879 82 32 farce,
1077 3878 124 34 entitled,

980 3927 192 30 CARNIVAL
1199 3927 99 30 BALL

775 3976 43 26 Mr
830 3975 124 29 Barnum
971 3975 38 35 (of
1021 3975 66 27 New
1101 3973 86 35 York)
1209 3974 45 27 Mr
1261 3974 35 27 E.
1305 3973 105 28 Carroll

774 4013 68 29 Slim
852 4012 56 30 Jim
922 4012 39 37 (of
971 4012 163 37 Anywhere)
1157 4012 44 26 Mr
1211 4011 105 28 Walter
1322 4011 84 28 Atkin

808 4052 166 29 Remainder
985 4051 29 30 of
1024 4051 153 29 characters
1187 4049 36 38 by
1232 4049 46 30 the
1291 4050 60 29 Com-

1050 4099 84 28 pany.

842 4167 129 29 Violinist

1147 4166 44 28 Mr
1203 4165 26 30 J.
1244 4165 96 32 Inglis.

774 4244 35 30 At
821 4244 47 30 the
882 4243 177 30 termination
1078 4244 27 28 of
1126 4242 47 31 the
1194 4241 214 31 entertainment

808 4284 47 29 the
868 4294 77 19 room
957 4284 56 29 will
1025 4283 33 30 be
1072 4283 104 29 cleared
1189 4282 41 29 for
1244 4282 126 36 danuing.

774 4332 89 28 Doors
875 4341 70 27 open
959 4335 29 24 at
1000 4332 70 27 7.30.
1107 4331 114 27 Curtain
1244 4334 28 24 to
1287 4331 53 26 rise
1353 4334 29 24 at
1394 4331 16 27 8

981 4369 103 29 o'clock
1108 4369 93 36 sharp.

817 4409 93 31 Front,
924 4407 45 36 3/;
1000 4408 85 33 Back,
1099 4407 28 36 4/
1137 4411 8 31 j
1176 4407 140 34 Children,
1331 4407 35 36 1/.

857 4500 48 37 G.
954 4500 44 37 C.
1044 4498 290 47 BOWMAN,

840 4596 230 33 UCTIONEER,
1090 4595 323 37 QHAREBKOKER,

934 4707 111 27 Mining
1064 4715 55 18 and
1139 4707 118 27 GenraL

797 4776 336 29 COMMISSION
1199 4773 197 34 AGENT,

917 4852 170 32 Broadway,
1132 4850 143 29 Reefton.

840 4931 218 39 FORSYTH
1079 4932 27 37 &
1130 4929 230 47 MASTERS,

848 4997 225 31 FHOLESALE
1100 4998 20 28 &
1149 4997 141 28 RETAIL
1309 4997 84 29 IRON-

848 5025 7 23 r
1004 5036 191 35 MONGERS,

931 5088 168 31 Beoabway,
1119 5086 146 31 Rekfton,

784 5141 77 28 Have
875 5149 35 19 on
924 5137 74 31 hand
1018 5136 135 39 imported
1175 5136 84 30 direct
1277 5136 69 29 from
1371 5136 47 30 the!

833 5178 92 31 Home
939 5178 129 33 markets,
1082 5176 116 35 afjarge
1211 5177 55 28 and
1282 5177 64 29 Well-

967 5217 120 29 assorted
1108 5216 83 29 Stock
1205 5216 30 28 of

782 5279 168 40 Builders'
964 5275 219 52 Furnishing,
1198 5277 138 49 Mining
1349 5278 69 37 and

888 5334 147 40 General
1057 5334 256 46 Ironmongery,

784 5402 98 29 Which
906 5402 65 37 they
991 5411 44 19 are
1058 5400 132 38 prepared
1213 5404 27 24 to
1263 5399 50 29 sell
1334 5402 28 26 to
1375 5408 26 19 re-

797 5442 102 28 sidents
912 5439 31 31 of
951 5440 75 39 Lyell
1042 5446 28 23 at
1080 5439 150 38 extremely
1244 5439 52 29 low
1309 5439 96 37 prices.

786 5519 152 27 Bickford's
952 5519 80 31 Fuse,
1046 5518 90 26 Hall's
1154 5516 125 33 Blasting
1293 5515 122 32 Powder,

786 5557 120 35 Octagon
922 5556 80 31 Steel,
1017 5556 89 29 Ames'
1130 5555 124 34 Shovels,
1276 5554 66 29 Pick
1361 5547 55 36 ancl

788 5597 135 27 Hammer
936 5596 133 29 Handles,
1084 5596 54 30 &c,
1150 5601 94 28 ageuts
1257 5595 41 28 for
1308 5594 110 29 Nobel's

1022 5632 159 36 Dynamite.

788 5672 156 30 Furniture,
976 5670 134 33 Bedding.
1142 5668 111 34 Lamp?,
1296 5669 121 36 Cutlery,

787 5710 170 37 Carpenters'
972 5708 91 32 Tools,
1082 5707 102 31 Paints,
1207 5708 66 32 Oils,
1296 5708 122 33 Colours,

924 5748 94 36 Fancy
1031 5746 89 29 Ware,
1134 5747 62 33 &e.;
1215 5747 66 30 also,

791 5788 21 28 A
827 5788 85 34 Large
927 5787 172 29 Assortment
1118 5785 29 28 of
1165 5785 164 28 Galvanised
1344 5785 74 33 Iron,

891 5825 142 26 Bessemer
1046 5823 53 26 and
1120 5822 102 33 Plough
1244 5822 73 26 Steel

978 5860 101 31 WIRE
1101 5860 126 30 ROPES.

891 5903 60 27 SSS
981 5901 173 28 OCTAGON
1184 5900 129 27 SIEEL.

1599 237 119 32 Public
1742 235 152 33 Notices.

1510 322 46 29 TO
1576 320 122 31 STAND
1717 318 92 30 THIS
1830 315 153 32 SEASON,
2041 301 7 63 j

1491 424 22 28 T
1528 424 176 28 M'Ginley's
1726 423 95 31 Farm,
1840 419 57 30 and
1920 418 147 36 travelling

1475 461 10 14 L
1526 465 29 23 to
1580 461 101 26 Totara
1706 460 72 31 Flat,
1796 459 122 30 Ahanra,
1944 457 121 27 Twelve-

1570 498 75 36 Mile,
1659 497 55 31 and
1737 496 191 39 Up-Country,

1483 561 57 28 The
1553 560 149 28 Pure-bred
1715 559 160 37 Clydesdale
1887 558 127 34 Stallion,

1468 1021 138 28 Glennar
1626 1021 23 28 is
1671 1032 16 18 a
1711 1020 92 37 bright
1822 1021 63 37 bay,
1898 1020 68 29 with
1991 1018 79 29 black

1436 1060 100 35 points,
1549 1061 16 26 3
1578 1068 79 28 years
1675 1059 55 28 old.
1767 1060 101 27 Stands
1891 1060 33 26 16
1946 1057 87 29 hands
2054 1059 16 25 3

1433 1096 103 35 inches,
1560 1097 127 37 splendid
1710 1097 70 28 bone
1805 1097 55 28 and
1879 1097 113 32 muscle,
2013 1096 54 28 and

1433 1135 86 36 grand
1532 1137 101 30 action,
1652 1139 46 29 got
1710 1135 38 36 by
1770 1135 97 28 Scotch
1889 1134 71 28 Jock
1974 1134 37 37 by
2025 1134 43 27 Sir

1434 1173 79 29 Colin
1526 1173 142 38 Campbell
1680 1173 37 38 by
1727 1173 75 37 King
1813 1174 111 37 Fergus.
1960 1173 74 28 Dam

1435 1213 71 35 Gyp,
1526 1213 38 35 by
1581 1213 89 35 Royal
1694 1213 167 35 Conqueror,
1881 1212 137 36 imported
2042 1215 27 24 to

1435 1251 67 28 New
1515 1250 120 29 Zealand
1647 1250 37 38 by
1696 1250 48 28 the
1757 1251 75 27 Hon.
1854 1250 44 28 Mr
1916 1249 149 28 Robinson.

1434 1288 74 31 Took
1520 1289 61 30 first
1593 1289 69 30 class
1676 1290 73 36 prize
1764 1293 87 26 atone
1861 1289 55 29 and
1929 1293 141 32 tvvoyears

1434 1331 29 24 at
1476 1328 89 34 Royal
1577 1328 185 34 Agricultural
1783 1328 92 32 Show,
1894 1328 174 34 Edinburgh,

1436 1364 108 39 against
1574 1365 38 30 all
1643 1364 151 36 Scotland;
1825 1364 86 38 grand
1941 1364 65 30 dam
2036 1364 34 38 by

1435 1405 88 29 South
1538 1405 62 29 Star
1611 1404 37 38 by
1661 1405 154 35 England's
1828 1406 89 35 Hope.

1470 1443 62 37 Gyp
1557 1442 65 29 took
1646 1442 59 29 first
1730 1442 56 29 and
1807 1443 101 28 second
1929 1443 89 37 prizes
2041 1442 27 28 in

1435 1482 67 28 1872
1515 1481 54 29 and
1583 1483 66 27 1873
1668 1484 28 26 at
1710 1481 46 29 the
1776 1482 186 35 Agricultural
1976 1481 92 33 Show,

1434 1519 166 28 Richmond.

1466 1558 38 29 At
1534 1557 167 38 M'Ginley's
1731 1557 161 30 homestead
1933 1567 52 20 one
2016 1557 52 38 day

1433 1597 114 34 weekly.
1583 1597 150 27 Terms:
1736 1598 37 26 3
1788 1599 63 30 10s;
1870 1597 68 27 with
1956 1606 104 26 guaran

1433 1637 52 32 tee,
1499 1634 38 29 i's
1551 1635 39 28 ss.
1626 1634 66 29 Two
1705 1642 31 21 or
1748 1642 75 21 more
1835 1642 91 21 mares
1935 1633 37 38 by
1981 1642 75 27 agree-

1434 1679 85 23 ment.
1557 1674 67 28 Fees
1632 1672 116 38 payable
1760 1674 128 36 January
1902 1676 51 32 Ist,
1969 1675 75 28 1886.

1779 1725 35 29 D.
1839 1725 196 29 M'GINLEY.

1454 1806 129 38 POST
1626 1807 194 38 OFFICE
1863 1807 189 44 HOTEL,

1640 1866 110 29 LYE
1771 1867 22 28 L
1813 1866 23 29 L
1858 1887 6 8 .

1484 1963 225 39 PETER
1740 1964 281 39 MANGOS

1451 2026 128 70 BEGS
1598 2030 29 26 to
1639 2027 104 30 inform
1762 2027 44 29 his
1824 2027 104 29 friends
1949 2027 56 29 and
2025 2027 45 30 the

1539 2067 93 36 public
1653 2067 62 28 that
1740 2067 43 27 his
1802 2077 61 18 new
1884 2067 186 29 commodious

1606 2105 87 28 Hotel
1704 2105 24 28 is
1741 2114 63 19 now
1817 2114 81 27 open.

1433 2141 153 32 Travellers
1605 2143 55 30 and
1679 2143 109 30 visitors
1806 2147 29 26 to
1854 2143 56 30 this
1928 2143 132 30 establish

1467 2186 79 25 ment
1557 2183 57 28 will
1625 2183 59 28 find
1696 2183 73 28 their
1778 2183 118 28 comfort
1904 2183 55 27 and
1972 2192 48 19 con-

1503 2220 130 29 venience
1643 2220 168 36 thoroughly
1821 2220 131 29 attended
1964 2223 38 26 to.

1434 2258 58 29 The
1505 2258 147 29 bedrooms
1673 2269 47 18 are
1729 2259 79 35 lofty,
1823 2259 55 27 and
1890 2259 64 28 well
1967 2259 103 36 lighted

1635 2297 56 29 and
1711 2297 160 29 ventilated.

1467 2376 208 29 Comfortable
1703 2376 129 29 Parlors
1858 2385 57 20 and
1934 2376 87 29 First-

1651 2423 83 19 class
1752 2416 104 26 Table.

1451 2452 59 27 One
1533 2452 31 27 of
1583 2451 127 29 Alcock's
1724 2452 78 27 Prize
1816 2451 117 28 Billiard
1947 2451 107 28 Tables.

1433 2529 59 29 The
1505 2529 57 28 Bar
1573 2530 24 28 is
1610 2529 114 30 stocked
1733 2529 67 29 with
1814 2529 75 34 Ales,
1900 2529 105 34 Wines,
2018 2529 52 29 and

1486 2568 99 37 Spirits
1598 2570 27 27 of
1643 2568 169 37 guaranteed
1830 2568 103 29 brands
1945 2569 75 37 only.

1466 2607 25 28 A
1508 2608 145 27 first-class
1674 2608 184 27 sixteen-stall
1871 2608 88 27 stable
1971 2608 75 27 iscon-

1432 2644 100 31 nected
1544 2646 69 29 with
1626 2646 58 29 this
1698 2645 86 30 hotel.

1686 2686 127 28 PETEE
1835 2684 168 33 MANGOS,

1870 2724 157 33 Proprieor.

1539 2806 177 31 JAMES
1755 2806 211 38 INGLIS,

1490 2879 262 30 HAREBROKER
1783 2881 21 28 &
1833 2879 237 30 COMMISSION

1651 2957 207 36 AGENT,

1512 3043 116 29 Cliff
1665 3043 160 33 Street,
1861 3043 141 29 Lyell.

2270 228 120 32 Public
2413 228 152 32 Notices.

2102 310 208 39 BROWN'S
2330 308 120 40 BOOT
2476 308 260 39 EMPORIUM

2350 366 135 29 LYELL.

2183 470 140 29 BKOWN
2336 471 30 28 in
2378 470 136 36 thanking
2526 470 44 28 his
2588 478 149 20 numerous

2201 515 149 25 customers
2380 510 42 30 for
2450 514 63 34 past
2541 508 119 35 favours,
2683 508 54 30 and

2103 549 106 35 hoping
2233 549 43 27 for
2296 559 17 17 a
2335 550 182 26 continuance
2537 549 31 26 of
2584 548 48 27 the
2651 557 86 21 same,

2103 586 99 30 wishes
2216 590 44 26 too
2274 587 52 29 call
2339 587 72 29 their
2429 586 135 30 attention
2578 588 29 27 to
2620 584 44 31 his
2677 594 60 21 new

2105 627 77 26 stock
2203 627 31 26 of
2256 627 108 26 Ladies'
2389 626 99 26 Maids'
2510 626 56 26 and
2584 625 154 26 Children's

2105 662 85 29 Boots
2211 663 29 26 in
2263 665 77 35 great
2361 663 114 37 variety.
2511 661 76 32 Also,
2601 660 43 29 his
2662 660 76 39 large

2105 702 56 29 and
2173 702 96 30 varied
2283 702 78 30 stock
2373 702 30 30 of

2105 754 121 40 Men.s,
2238 750 142 35 Youths'
2393 753 29 31 &
2434 752 100 40 Boys'
2551 752 107 31 Boots
2669 752 70 31 and

2363 789 118 33 Shoes.

2107 892 87 30 Fresh
2208 893 92 29 Goods
2313 894 121 36 arriving
2453 892 136 37 monthly,
2601 891 91 30 which
2705 891 35 30 he

2142 931 22 27 is
2177 931 116 34 offering
2305 936 29 24 at
2346 933 88 35 prices
2446 935 29 24 to
2485 933 55 25 suit
2552 931 48 27 the
2612 931 92 28 times.

2107 968 45 29 All
2176 969 138 37 imported
2347 969 86 36 goods
2462 968 115 29 marked
2607 968 29 28 in
2663 968 77 38 plain

2368 1008 110 31 figures.

2143 1084 128 30 N.B.A
2284 1084 101 37 supply
2397 1084 31 30 of
2447 1084 89 30 North
2550 1083 104 29 British
2669 1084 71 29 Gum

2108 1123 85 27 Boots
2218 1123 56 27 and
2298 1124 71 27 Own
2394 1123 83 27 Make
2496 1122 183 36 Watertights
2702 1122 25 28 al-

2107 1170 75 28 ways
2194 1170 36 20 on
2243 1161 85 29 hand.

2143 1200 116 36 Repairs
2271 1200 142 37 promptly
2422 1199 132 30 executed
2566 1199 56 29 and
2634 1199 106 29 elastics

2108 1237 131 29 inserted.

2135 1317 70 27 Note
2219 1317 47 26 the
2277 1317 270 27 Address:JOHN
2569 1316 148 33 BROWN,

2108 1361 89 33 Boot
2220 1361 28 34 &
2274 1361 212 35 Shoemaker
2506 1361 29 34 &
2563 1361 177 43 Importer,

2172 1410 141 35 (Opposite
2326 1408 82 29 Bank
2420 1409 30 28 of
2460 1409 69 27 New
2542 1409 141 34 Zealand.)

1562 3126 122 33 JOHN
1718 3126 227 40 FENNELL,

1510 3190 192 29 ENERAL
1759 3190 39 37 Ql
1807 3189 265 29 TOREKEEPER.

1523 3277 85 32 Wine
1626 3285 57 22 and
1703 3276 95 31 Spirit
1820 3276 172 30 Merchant.

1474 3389 104 38 Money
1596 3389 104 38 always
1720 3389 30 29 in
1771 3387 77 31 hand
1867 3387 42 31 for
1926 3387 115 38 cashing

1694 3429 127 35 cheques.

1474 3544 110 29 Liberal
1597 3544 136 29 advances
1745 3542 81 30 made
1842 3553 35 18 on
1891 3542 107 38 parcels
2011 3542 31 29 of

1654 3582 120 28 retorted
1787 3581 73 31 gold.

1584 3695 80 38 Cliff
1681 3695 122 45 Street,
1827 3695 109 46 Lyell.

2226 1489 187 39 JAMES
2453 1489 172 40 RYAN,

2175 1577 88 30 ENE
2270 1577 56 30 RA
2331 1578 24 29 L
2429 1577 313 53 STOREKEEPER,

2259 1655 85 30 Cliff
2367 1655 121 36 Street,
2506 1653 88 31 Lyel.

2111 1809 91 29 Goods
2215 1809 134 37 carefully
2361 1809 105 37 packed
2480 1812 28 26 to
2521 1808 37 29 all
2570 1812 76 34 parts
2658 1808 31 29 of
2698 1809 45 28 the

2367 1848 115 30 district.

2125 2003 105 29 BANK
2250 2003 112 30 PRICE
2381 2003 120 30 GIVEN
2522 2003 74 30 FOR
2615 2003 110 30 GOLD.

2124 2086 340 32 CRITERION
2512 2086 198 32 HOTEL

2339 2151 86 23 LIS
2439 2151 19 23 L
2473 2152 17 22 L
2506 2166 6 8 .

2222 2261 188 32 EDWARD
2436 2260 199 33 CARROLL

2109 2327 134 61 BEGS
2263 2332 29 26 to
2311 2328 102 30 inform
2433 2328 43 29 his
2497 2338 150 20 numerous
2671 2331 73 27 town

2205 2367 56 30 and
2286 2372 117 34 country
2427 2369 40 28 fri
2478 2367 52 30 nds
2554 2368 62 30 that
2640 2368 35 29 he
2697 2367 49 29 has

2108 2407 154 36 purchased
2275 2408 47 27 the
2335 2408 86 27 above
2433 2408 135 32 business,
2581 2408 56 28 and
2660 2407 86 36 hopes

2109 2445 36 34 by
2170 2446 78 26 strict
2272 2446 137 26 attention
2422 2448 29 24 to
2470 2445 48 27 the
2539 2448 90 24 wants
2653 2444 30 27 of
2704 2444 43 26 his

2109 2485 153 27 customers
2283 2482 55 30 and
2359 2482 142 30 travellers
2521 2486 28 26 to
2574 2482 82 30 merit
2668 2491 16 21 a
2697 2481 50 30 fair

2230 2522 79 29 share
2323 2522 30 29 of
2368 2522 91 37 public
2472 2526 159 34 patronage.

2188 2600 128 42 Liquors
2336 2601 33 30 of
2387 2601 51 31 the
2456 2601 71 31 Best
2544 2600 122 32 Brands.

2403 2685 32 31 E.
2461 2683 207 38 CARROLL,

2548 2728 163 34 Proprietor.

1676 3787 36 39 [A.
1747 3786 98 38 Card.]

1442 3827 40 29 To
1495 3826 46 30 the
1555 3826 100 29 Ladies
1668 3826 29 29 of
1707 3825 87 37 Lyell.
1809 3824 126 35 Beefton,
1949 3823 54 30 and
2016 3833 44 20 sur-

1615 3866 138 34 rounding
1765 3864 137 29 districts:

1586 3904 113 29 ESSES
1727 3904 34 28 E.
1787 3904 27 28 J.
1842 3902 166 28 WARNER

1620 3944 55 28 and
1700 3943 64 32 CO.,
1790 3942 30 28 of
1848 3942 159 32 NELSON,

1512 3982 88 28 desire
1612 3985 29 24 to
1653 3980 127 28 intimate
1793 3979 62 29 that
1873 3980 66 27 with
1960 3979 47 28 the

1512 4019 125 37 splendid
1655 4018 125 29 facilities
1801 4018 65 35 they
1888 4026 116 27 possess,

1512 4059 66 36 they
1599 4067 50 20 can
1677 4060 28 26 at
1726 4067 16 18 a
1762 4057 51 28 few
1827 4057 83 28 hours
1923 4056 83 33 notic,

1513 4097 67 28 send
1592 4106 49 26 per
1653 4096 82 28 coach
1750 4099 28 24 to
1791 4104 54 26 any
1867 4095 111 27 address
1991 4104 16 18 a

1513 4135 133 37 complete
1666 4137 121 26 costume
1809 4132 80 29 made
1910 4132 29 28 in
1960 4132 47 29 the

1512 4183 66 26 very
1591 4174 81 27 latest
1681 4172 79 36 style,
1770 4172 66 28 with
1846 4172 48 27 bat
1903 4181 30 19 or
1940 4171 66 29 bon-
2032 4194 5 4 .

1512 4216 48 24 net
1569 4211 53 28 and
1634 4211 93 36 gloves
1736 4214 26 24 to
1774 4210 101 31 match,
1884 4210 125 32 together

1512 4250 68 30 with
1590 4260 80 27 every
1681 4248 127 39 requisite
1822 4247 26 30 in
1863 4248 73 29 hose,
1951 4257 42 20 cor-

1514 4295 64 30 sets,
1606 4288 221 35 underclothing,
1851 4289 55 32 &c,
1937 4288 72 28 their

1514 4330 86 35 prices
1630 4328 82 33 being
1742 4331 71 23 most
1839 4326 167 28 reasonable.

1513 4367 84 29 Their
1618 4365 78 29 stock
1709 4365 149 36 comprises
1871 4374 80 27 every
1966 4374 27 18 ar-

1513 4407 62 27 ticle
1604 4407 30 26 in
1665 4404 117 29 Geueral
1809 4404 134 36 Drapery,
1966 4403 31 28 iii-

1514 4444 111 36 cluding
1637 4452 15 20 a
1665 4441 124 39 splendid
1808 4445 165 25 assortment
1983 4441 31 28 of

1516 4483 88 28 Men's
1629 4481 54 29 and
1708 4481 82 35 Boys'
1818 4479 190 37 Ready-made

1515 4521 138 36 Clothing,
1679 4528 132 27 mercery,
1837 4519 55 33 &c,
1917 4518 92 29 orders

1515 4561 41 27 for
1568 4558 90 30 which
1666 4556 55 30 will
1729 4558 103 28 receive
1847 4560 110 34 prompt
1969 4560 26 26 at-

1515 4600 115 26 tention.
1667 4598 125 26 Patterns
1802 4596 29 27 of
1841 4600 101 23 newest
1952 4605 38 17 ma-

1515 4636 93 29 terials
1622 4641 60 23 sent
1700 4639 62 32 post
1782 4635 53 27 free
1859 4634 34 36 by
1915 4638 93 24 return

1515 4676 76 32 mail,
1599 4675 54 29 and
1664 4675 83 28 ladies
1755 4673 113 32 sending
1876 4683 117 19 measure-

1515 4720 91 22 ments
1620 4715 26 26 of
1668 4713 104 27 dresses
1792 4722 49 17 can
1856 4713 105 29 depend
1976 4721 35 18 on

1517 4753 124 36 securing
1655 4762 15 19 a
1693 4750 130 40 perfectly
1842 4749 91 39 fitting
1954 4759 42 20 cos-

1517 4798 85 21 tume.

1554 4867 92 29 Please
1660 4866 66 29 send
1745 4866 81 33 along
1839 4875 69 26 your
1922 4865 91 29 orders

1518 4911 28 23 at
1555 4916 76 22 once,
1642 4910 27 23 to
1681 4904 78 28 avoid
1774 4904 88 35 delay,
1877 4904 54 28 and
1942 4914 56 18 care-

1517 4945 68 34 fully
1600 4950 63 22 note
1677 4943 46 29 the
1736 4942 128 28 address:

1449 4994 38 30 E.
1505 4993 28 31 J.
1550 4987 200 36 WARNER
1768 4986 27 35 &
1815 4989 78 36 CO.,
1953 4989 80 30 Hall
2050 4988 38 31 of

1573 5024 226 43 Commerce/'
1820 5025 140 33 Nelson.

1568 5116 187 40 BEEVES
1782 5116 99 37 AND
1904 5115 64 38 CO.

1521 5196 111 31 UOTT
1642 5195 58 28 0N
1715 5195 22 28 E
1747 5191 82 34 IiUS,
1861 5193 115 29 STOCK
2009 5191 75 27 AND

1497 5240 14 19 u
1547 5234 233 30 COMMISSION
1818 5231 150 31 AGENTS
2004 5230 80 27 AND

1615 5271 314 33 shakebrokers,

1489 5353 159 38 Bridge
1675 5351 167 45 Street,
1873 5350 176 37 Nelson.

1486 5503 92 26 Loans
1591 5499 171 36 Negotiated.
1785 5494 163 32 Valuations
1962 5494 90 29 made.

1451 5553 118 30 Auction
1595 5551 77 30 Sales
1697 5548 172 31 undertaken
1882 5547 30 29 in
1922 5547 87 28 Town
2034 5543 54 31 and

1703 5591 134 33 Country.

1542 5673 80 31 MR.
1639 5671 28 32 J.
1685 5670 29 32 J-
1731 5664 266 40 MOYNIHAN,

1515 5738 190 31 ARRISTER
1736 5735 80 29 AND
1854 5731 234 43 QfOLICITOR.

1453 5844 215 31 Commissioner
1690 5842 31 31 of
1736 5841 46 31 the
1804 5840 136 39 Supreme
1957 5838 84 30 Court
2062 5837 30 29 of

1704 5896 135 29 Victoria*

2267 2823 318 30 TEMPERANCE

2110 2870 338 58 BOARDING
2514 2870 231 55 HOUSE

2191 2942 79 38 (Late
2284 2941 153 30 Alhambra
2456 2940 94 36 Hotel,
2564 2940 101 40 Lyell.)

2144 3044 4 38 i
2171 3046 142 30 NTONIO
2326 3045 188 29 ACCOLINO
2522 3044 66 38 begs
2601 3048 28 26 to
2642 3044 102 29 inform

2204 3086 47 28 the
2271 3084 173 29 inhabitants
2465 3084 33 28 of
2515 3084 78 37 Lyell
2612 3083 54 29 and
2686 3093 43 19 sur-

2108 3124 140 37 rounding
2272 3123 108 29 district
2403 3123 62 29 that
2489 3123 35 28 he
2549 3123 51 28 has
2622 3132 62 19 now
2703 3132 27 19 re-

2109 3163 105 38 opened
2227 3164 47 28 the
2287 3163 86 29 above
2386 3162 178 29 well-known
2573 3163 134 36 premises
2715 3171 30 19 as

2109 3212 15 18 a
2138 3202 156 27 First-class

2109 3252 175 51 Boarding
2298 3252 120 40 House
2434 3251 70 40 and
2524 3251 221 40 Restaurant.

2181 3364 88 28 Meals
2283 3366 28 26 at
2324 3364 35 27 all
2373 3363 94 28 hours.
2505 3362 77 28 Good
2595 3361 82 29 Beds.

2110 3404 151 28 Extensive
2292 3403 56 29 and
2388 3401 195 30 Commodious
2622 3400 126 37 Stabling

2301 3441 257 28 Accommodation.

2287 3493 170 30 ANTONIO
2477 3492 199 34 ACCOLINO,

2547 3533 165 36 Proprietor.

2131 3616 113 37 NEW
2286 3615 138 38 CHUM
2460 3612 270 46 BUTCHERY,

2325 3679 62 33 LI
2408 3679 132 32 ELL.

2261 3936 340 34 BUTCHER.

2112 4050 99 30 Hotels
2225 4048 54 30 and
2293 4047 131 29 Families
2444 4045 101 30 waited
2566 4056 37 20 on
2617 4046 82 37 Daily
2711 4045 40 31 for

2378 4086 111 28 Orders.

2165 4185 76 28 Meat
2253 4181 148 31 Delivered
2420 4185 27 24 to
2461 4180 37 28 all
2518 4184 75 34 parts
2606 4182 27 28 of
2655 4181 45 29 the

2372 4219 127 30 District.

2115 4330 119 32 NEW
2279 4328 155 31 CHUM
2474 4326 268 32 BUTCHEKY

2182 4374 130 34 Opposite
2323 4370 153 30 Alhambra
2486 4370 96 32 Hotel,
2596 4370 88 37 Lyell.

2132 4460 361 42 WELCOME
2564 4460 168 46 INN,

2377 4519 105 28 Lyell.

2226 4624 154 32 ELLEN
2410 4622 235 33 WILLIAMS

2119 4686 60 27 TN
2205 4685 144 33 r-eturahig
2368 4682 102 31 thanks
2488 4683 43 30 for
2552 4686 63 34 par.i
2636 4683 118 33 favours,

2119 4728 33 16 -*-
2191 4724 63 32 begs
2272 4726 28 24 to
2321 4721 101 29 inform
2440 4721 50 28 her
2509 4721 104 28 friends
2632 4721 55 28 and
2709 4721 46 28 the

2119 4761 88 39 public
2229 4761 61 30 that
2311 4760 48 29 she
2385 4760 50 29 has
2457 4760 58 37 just
2537 4760 155 37 completed
2712 4769 28 19 ex-

2119 4802 103 25 tensive
2241 4800 138 26 additions
2403 4800 55 26 and
2477 4799 162 27 alterations
2660 4803 28 23 to
2707 4798 49 26 her

2119 4838 142 38 premises,
2280 4836 56 30 and
2355 4836 46 30 the
2424 4836 210 30 accomodation
2652 4835 24 30 is
2694 4845 62 19 now

2337 4876 195 37 unsurpassed.

2119 4954 73 35 Ales,
2218 4954 104 33 Wines,
2345 4953 55 29 and
2423 4953 98 37 Spirits
2546 4953 31 27 of
2599 4952 158 29 First-class

2293 4993 113 35 Quality
2420 4992 65 35 only
2497 4991 75 38 kept.

2190 5072 79 29 Good
2286 5071 128 33 Stabling
2432 5071 256 28 Accommodation.

2294 5122 128 29 ELLEN
2445 5121 208 35 WILLIAMS,

2503 5162 220 27 Proprietress.

2126 5247 214 40 WOLF
2406 5245 152 40 AND
2632 5244 124 46 CO.,

2254 5310 181 31 Wholesale
2448 5317 56 21 and
2519 5308 109 30 Retail

2126 5354 630 64 BUTCHERS.

2227 5451 115 31 Dealers
2354 5450 30 31 in
2396 5452 38 29 all
2447 5447 180 42 descriptions
2640 5449 31 29 of

2142 5503 105 28 FARM
2283 5502 78 27 AND
2399 5496 119 32 DAIRt
2554 5497 190 30 PRODUCE.

2126 5580 99 31 Hotels
2233 5579 55 30 and
2301 5575 132 34 Families
2439 5576 102 31 Waited
2553 5586 36 20 on
2602 5576 42 29 for
2651 5573 108 31 Orders.

2160 5656 101 30 Orders
2280 5653 139 31 delivered
2437 5657 30 25 to
2488 5649 37 33 all
2546 5654 78 35 parts
2634 5659 16 20 o
2681 5649 47 30 the

2386 5691 123 30 District.

2299 5772 73 29 Note
2386 5771 50 29 the
2448 5769 124 29 Address

2145 5811 113 30 rS-W
2278 5812 23 26 O
2319 5812 24 26 L
2363 5811 22 26 F
2458 5810 23 25 A
2502 5809 21 25 N
2546 5808 26 25 D
2653 5806 20 27 C
2694 5806 53 31 0,,

2179 5849 74 31 Next
2276 5849 47 30 the
2348 5847 191 30 Government
2557 5842 157 39 Buildings*

2274 5890 86 26 Qhivv
2380 5888 120 28 Street,
2519 5886 108 27 Lteia.-

3271 228 119 30 Public
3419 227 151 31 Notices.

3236 306 343 68 UMIE

3855 303 175 45 >se

3040 487 245 69 JOHN
3347 490 451 64 FENNELL

2775 589 60 31 Has
2848 588 84 32 milch
2951 584 125 44 pleasure
3095 588 29 30 in
3146 587 176 37 announcing
3341 588 28 28 to
3389 586 46 30 the
3457 587 169 30 inhabitants
3648 587 30 29 of
3701 586 77 39 fyell
3803 586 55 30 and
3884 585 184 38 surrounding

3000 628 121 26 districts
3142 628 48 26 the
3213 627 100 26 arrival
3338 628 30 24 of
3389 627 43 26 his
3457 627 87 25 NEW
3575 627 124 26 GOODS
3731 627 41 25 for
3795 627 47 25 the

2873 705 74 43 tS
2948 707 13 13 9
2987 701 289 42 CHRISTMAS
3315 701 102 40 AND
3458 702 116 39 NEW
3616 702 132 39 YEAR
3790 702 177 40 TRADE.

2777 848 84 41 The
2883 844 115 47 Stock
3017 850 31 39 is
3076 863 83 26 now
3178 848 189 53 complete
3388 848 34 39 in
3443 862 111 39 every
3573 848 127 48 detail,
3723 847 74 41 and
3829 847 64 40 the
3923 846 147 54 quality

2875 906 31 37 is
2925 907 42 37 of
2988 906 64 39 the
3081 905 84 38 best
3193 904 221 51 procurable
3439 904 93 39 from
3552 905 65 38 the
3638 904 126 38 Home
3784 903 183 39 Markets.

2945 1049 34 28 In
2993 1049 47 28 the
3054 1048 110 29 Ladles'
3179 1048 183 37 Department
3376 1048 46 28 the
3436 1048 140 36 following
3589 1049 94 28 Goods
3696 1058 45 19 are
3755 1050 148 27 6hown:

2777 1103 148 40 DRESS
2940 1105 289 45 MATERIALS,
3438 1104 212 46 CORSETS,

2936 1165 285 48 MILLINERY,
3558 1166 188 45 GLOVES,

3056 1228 239 48 MANTLES,
3676 1229 158 45 LACES,

3175 1289 220 50 HOSIERY,
3757 1291 234 44 FLOWERS,
4014 1293 57 36 Ac,

2881 1456 34 29 In
2929 1455 48 31 the
2991 1455 187 30 Gentlemen's
3192 1456 185 37 Department
3390 1465 17 19 a
3419 1456 89 37 Large
3522 1456 81 29 Stock
3617 1456 51 29 has
3680 1456 68 29 been
3761 1455 56 29 laid
3830 1456 39 34 in,
3882 1455 90 29 which

2779 1515 135 43 WILL
2939 1517 66 40 BE
3033 1517 130 41 SOLD
3188 1517 62 40 AT
3285 1516 178 41 PRICES
3503 1517 61 39 TO
3605 1517 115 40 SUIT
3758 1516 103 40 THE
3888 1515 183 41 iTIMES*

2855 1690 105 50 Boys'
2980 1691 72 37 and
3075 1691 140 38 Youths'
3236 1690 168 50 Clothing
3420 1690 41 48 of
3473 1689 54 37 the
3544 1688 85 37 Best
3645 1686 72 38 and
3736 1686 120 37 Latest
3873 1685 125 50 Styles.

3405 1785 46 24 :

2972 1860 96 30 Direct
3081 1859 199 39 Importations
3292 1858 71 30 from
3377 1858 47 30 the
3438 1854 238 36 HomOlarkets,
3690 1853 152 38 consisting
3854 1851 31 31 of

2782 1928 139 45 Prints,
2944 1926 175 47 Sateens,
3136 1925 76 40 and
3226 1924 231 49 Twillettes;
3480 1924 149 40 French
3643 1924 181 46 Merinos,
3840 1923 234 47 Cretonnes;

2815 1980 161 42 Curtain
2999 1981 147 48 Laces;
3175 1979 133 41 White
3334 1980 175 48 Calicos;
3536 1978 128 40 Toilet
3683 1977 127 53 Quilts
3827 1976 213 53 Sheetings.

3232 2071 24 27 A
3271 2068 131 37 Splendid
3414 2063 177 32 Assortment
3604 2066 30 27 of

2784 2135 132 50 Black,
2955 2135 114 48 Ecru,
3107 2133 76 41 and
3217 2131 135 42 White
3402 2131 153 48 Laces;
3600 2129 201 49 Ribbons;
3846 2128 119 41 Black
3999 2127 77 42 and

3077 2188 190 40 Coloured
3295 2187 81 38 Silk
3406 2187 105 45 Mits,
3533 2185 74 39 and
3628 2185 152 39 Gloves.

3335 2284 4 27 :
3339 2285 117 26 -:o:

2819 2357 245 70 JOHN
3103 2356 470 73 FENNELL,
3614 2354 152 64 Cliff
3800 2354 239 64 Street.

2787 2525 142 63 The
2965 2522 364 77 Hampden
3372 2517 469 77 Co-operative
3885 2514 195 63 Store

3082 2619 363 76 Company,
3482 2612 316 62 Limited

2786 2815 109 60 THE
2910 2816 85 27 above
3005 2815 145 32 Company
3159 2815 23 26 is
3195 2819 62 21 riow
3268 2811 149 36 supplying
3429 2810 48 26 the
3489 2808 142 34 following
3648 2807 86 33 goods
3743 2807 29 27 a't
3783 2816 16 17 a
3812 2806 84 34 slight
3909 2805 123 26 advance
4045 2812 38 19 on

3257 2848 149 30 NELSON
3422 2846 188 30 PRICES:-

2988 3091 38 29 Of
3036 3089 60 29 first
3109 3089 70 29 class
3192 3088 114 37 quality.
3343 3087 25 27 A
3380 3086 89 37 Large
3483 3085 56 28 and
3551 3083 102 30 Varied
3665 3084 176 29 Assortment
3854 3083 31 29 of

2784 3149 204 52 Crockery,
3024 3147 172 41 Earthen
3226 3146 76 39 and
3335 3145 231 40 Glassware;
3601 3142 282 52 Ironmongery,
3914 3142 81 47 &c,
4018 3142 63 38 &c.

2786 3301 125 39 Men's
2946 3298 75 40 and
3057 3297 115 51 Boys'
3212 3293 272 53 Kaipoi-rriade
3534 3291 205 52 Clothing;
3788 3290 115 49 Hats,
3943 3291 144 48 Shirts,

2886 3350 357 46 Urider-Flannels;
3298 3349 175 36 Drawers
3509 3346 73 37 and
3617 3346 147 45 Moles;
3807 3346 177 45 Tweeds,

2983 3404 177 51 Hosiery,
3183 3402 184 40 Blankets
3384 3415 7 33 ;
3422 3400 163 45 Calicos,
3610 3399 139 46 Prints,
3773 3399 92 39 Flan-

3196 3457 93 47 nels,
3311 3456 78 46 &c,
3412 3455 64 39 &c.
3530 3454 145 38 Also-

2951 3538 154 46 Wheat,
3153 3537 109 45 Oats,
3309 3535 117 46 Bran,
3460 3532 119 40 Chaff
3600 3532 75 39 and
3708 3532 195 38 Potatoes.

2822 3690 100 29 Orders
2934 3685 196 38 accompanied
3148 3684 37 37 by
3198 3683 65 29 cash
3276 3682 175 29 remittances
3469 3680 162 37 punctually
3650 3679 131 29 attended
3794 3683 38 30 to,
3846 3678 55 30 and
3921 3678 86 38 goods
4026 3679 44 29 des-

2789 3728 117 39 patched
2920 3730 28 26 at
2960 3736 16 19 a
2989 3729 139 25 moments
3141 3723 99 28 notice.

2822 3767 85 29 Local
2925 3765 129 38 produce,
3072 3760 142 38 including
3233 3761 104 33 Hides,
3358 3759 94 34 Spins',
3478 3758 94 33 Wool,
3592 3757 126 32 Butter,
3733 3758 56 33 &c,
3803 3758 55 32 &c,
3878 3756 153 38 purchased
4044 3756 43 29 for

2789 3806 82 29 Cash.
3737 3806 4 29 .

3670 3833 33 30 E.
3724 3832 130 37 M'NEE,
3875 3832 141 37 Manager.

2824 3883 172 33 Murchison,
3010 3880 65 29 15th
3088 3880 84 33 June,
3188 3880 76 26 1885.

3315 3983 99 39 ASK
3456 3981 98 40 FOR

3084 4056 702 73 KIKKPATBICK'S

2917 4355 59 40 All
2995 4366 68 27 our
3081 4353 105 51 Jams
3205 4364 64 25 are
3289 4348 111 40 made
3424 4347 94 39 from
3548 4346 130 40 Sound
3708 4345 107 39 Fruit
3844 4345 107 50 Only,

3409 4424 55 19 AM)

3134 4473 84 39 Best
3250 4469 99 39 white
3376 4466 202 54 crystalmd
3604 4467 132 51 Sugur.

2993 4644 120 65 WS

3183 4639 269 66 GUARANTEE

3248 4678 205 32 UAHANTEE

3526 4637 142 61 THEM
3739 4637 138 35 T>URE

3581 4677 87 29 HEM
3740 4666 35 32 JL
3802 4677 76 29 UIIE

2871 4830 63 66 &
2990 4818 639 73 KIRKPATEICK
3682 4821 134 62 and
3866 4819 143 77 CO.,

3332 4921 213 45 KELSON.

2873 5071 188 41 GEORGE
3092 5067 42 39 E.
3156 5066 195 43 LEVD3N,
3460 5067 320 41 BELFAST
3832 5067 260 45 HOTEL,

2797 5134 124 33 Member
2929 5134 31 31 of
2965 5132 47 32 the
3018 5127 237 35 Pharmaceutical
3261 5126 108 38 Society
3375 5124 56 31 antt
3445 5119 2 48 j
3653 5134 112 32 GIBBS
3785 5136 121 30 TOWN.

2883 5171 237 33 Pharmaceutical
3139 5170 165 28 Conference
3316 5167 31 28 of
3445 5167 2 61 j
3635 5190 31 28 f.,
3670 5199 58 19 oiit
3732 5208 5 4 .
3742 5190 28 28 M
3774 5199 45 19 ,lk
3840 5190 87 30 Road.

3003 5213 84 27 Great
3106 5212 116 30 Britain,

2848 5268 156 32 URGEOH
3041 5265 175 29 DENTIST,
3247 5263 182 33 CHEMIST,
3446 5263 2 43 !
3464 5268 110 28 ITTHE
3581 5268 187 38 undersigned
3776 5270 105 36 having
3887 5268 130 30 removed
4024 5268 72 28 from

2839 5289 4 75 I
2959 5306 79 32 AND
3058 5302 204 35 DRUGGIST,
3447 5289 64 75 |-L

3012 5353 205 32 (REGISTERED.)
3831 5380 112 27 prep;ire
3946 5370 17 27 j
3984 5375 27 23 {<)
4031 5369 67 28 offpr
4099 5353 1 54 .

2819 5418 3 36 .
2867 5445 28 4 _
3080 5418 36 28 ~T.
3180 5418 4 36 -
3226 5439 30 8 ~
3290 5438 16 16 ~
3350 5447 14 7 t
3405 5439 5 8 i
3449 5418 2 36 I
3466 5419 134 30 excellent
3642 5419 238 31 accommodation
3911 5424 27 23 to
3978 5418 117 29 visitors,

2797 5446 55 29 For
2864 5445 35 29 20
2909 5452 80 27 years
3003 5446 153 33 practising
3178 5448 29 20 in
3226 5439 195 35 Marlborough
3426 5453 10 20 <

2798 5485 55 28 and
2864 5484 55 28 late
2932 5481 33 29 of
2983 5482 102 28 Nelson
3105 5479 129 33 districts,
3247 5479 24 27 is
3291 5485 62 22 ntfw
3374 5488 57 27 pre-
3449 5467 3 56 j
3466 5468 137 33 hoarders,
3618 5468 55 30 and
3687 5468 45 30 the
3746 5468 91 37 public
3849 5467 149 36 generally.

2895 5520 82 38 pared
2991 5523 28 24 to
3034 5518 93 28 attend
3141 5517 128 36 patients,
3284 5517 55 26 and

2833 5579 71 30 CAN
2936 5577 52 30 BE
3018 5574 229 32 CONSULTED
3282 5574 117 30 DAILY
3450 5566 91 53 [Ales
3562 5564 101 30 Wines
3682 5573 54 21 and
3757 5563 110 32 Spirits
3891 5569 33 19 of
3950 5568 54 20 the
4027 5560 73 27 bes*

3617 5614 152 33 QUALIFIES
3782 5618 70 19 ONLY
3867 5616 78 19 KEPT.

2800 5694 99 28 Rooms
2922 5699 30 21 is
2977 5689 186 30 Commercial
3194 5688 112 34 Hotel,
3330 5688 103 29 Lyell.

2833 5788 103 29 Advice
2956 5788 92 28 Gratis
3066 5786 71 28 from
3158 5787 16 27 9
3194 5790 27 24 to
3243 5787 28 26 11
3292 5793 75 23 a.m.,
3382 5783 53 28 and

2800 5827 70 28 from
2884 5827 18 26 3*
2913 5828 27 25 to
2954 5827 14 25 5
2988 5833 67 28 p.m.

3015 5879 33 26 G,
3068 5874 38 31 ff,
3124 5875 158 30 LEVIES*
3301 5872 104 33 M.P.S,

3591 5703 152 55 Cha'Vges
3771 5702 189 39 Moderate.

3644 5823 121 30 rETEIi
3786 5821 241 29 ARMSTBONG.

3899 5871 165 34 Proprietor
