4147 6041
134 218 358 37 MISCELLANEOUS
515 218 125 33 ITEMS

117 310 62 30 The
213 308 88 32 Duke
335 311 30 28 of
395 307 174 39 Edinburgh
606 307 100 36 Hotel,

79 347 193 46 Wellington,
289 352 24 31 is
328 352 90 33 about
435 357 30 25 to
480 350 111 40 change
607 350 99 38 hands,

81 397 48 30 Mr
155 396 92 36 Scott,
272 395 50 31 the
347 395 59 32 Lite
437 404 138 28 manager
599 394 33 31 of
657 394 49 31 the

82 440 136 32 Bruarer
240 439 68 31 Coal
334 439 160 38 Company,
512 437 104 38 hiving
633 448 74 27 pu<-

79 483 106 34 chafed
203 484 49 31 the
268 483 75 31 lease
354 484 72 30 from
442 481 50 32 Mr
507 481 36 31 11.
564 481 29 31 Gt
607 481 72 31 lmer

118 528 28 33 A
172 528 53 31 few
249 526 108 42 parties
372 528 28 29 ot
425 525 106 32 miners
552 529 80 37 (cays
659 524 48 32 the

84 571 84 31 West
184 572 90 30 Coast
289 570 111 37 Times)
423 580 17 19 a
457 580 17 19 e
489 575 52 24 out
559 577 132 31 prospect-

80 615 50 41 ing
146 614 51 31 the
215 615 133 30 Arahura
362 611 77 33 river
452 610 31 32 in
500 611 49 31 the
564 610 142 32 direction

80 660 31 31 of
141 658 158 38 Brjwning
331 656 66 32 Pass
425 656 55 31 and
506 656 125 30 towards
661 655 44 31 the

82 702 97 40 Taipo.
222 700 61 31 The
301 700 126 31 weather
442 700 23 29 is
481 709 67 30 very
564 698 146 30 favorable

83 749 46 30 for
145 744 196 43 prospecting,
363 749 56 26 and
436 754 42 21 we
498 742 74 41 hope
594 752 70 21 soon
680 745 30 28 to

82 790 70 31 hear
177 789 185 40 satisfactory
393 791 117 35 reports
544 787 74 29 from
647 786 63 30 tbat

84 837 128 40 quarter.

124 877 62 33 The
200 886 87 24 cause
308 875 33 34 of
360 874 65 35 Mrs
440 872 91 36 Sala'a
553 873 87 34 death
658 884 55 21 was

84 933 37 20 an
153 921 127 31 internal
466 920 77 29 annd
570 920 51 29 she
647 919 64 29 died

85 965 94 32 under
191 974 35 21 an
238 963 150 40 operation
403 963 29 31 in
448 961 175 32 Melbourne
666 960 48 32 Mr

84 1008 57 31 and
170 1006 67 33 Mrs
263 1006 66 31 Sala
357 1005 55 32 had
436 1007 70 30 been
531 1006 124 30 married
678 1006 38 29 23

85 1058 93 32 tears.

126 1093 138 43 Koughly
291 1093 172 38 calculated,
491 1093 51 31 the
568 1093 92 31 losse3
688 1093 26 30 of

86 1139 52 32 the
172 1138 118 32 settlers
325 1137 37 42 by
397 1137 73 33 bush
501 1137 68 33 fires
604 1137 28 31 iu
668 1135 50 33 the

88 1180 215 42 neighborhood
330 1182 30 29 of
384 1180 110 32 Mount
522 1181 125 41 Egmout
668 1190 50 21 are

88 1224 156 34 estimated
258 1229 31 28 at
303 1224 141 39 £IO,OOO.

127 1269 61 32 The
222 1267 119 33 Timaru
386 1267 112 33 Herald
541 1277 68 30 sys
656 1267 61 31 that

90 1312 126 41 through
230 1312 50 32 the
292 1311 87 33 Oiari
392 1311 86 40 being
489 1311 134 42 partially
637 1312 80 32 dried

90 1368 49 29 up,
168 1358 82 29 trout
277 1354 57 33 and
361 1355 85 32 other
475 1356 52 31 tish
557 1366 50 21 are
638 1356 81 38 lung

91 1401 114 41 lotting
228 1400 30 32 in
284 1399 50 33 the
356 1401 52 40 dry
430 1406 82 34 parts
529 1401 28 30 of
579 1400 51 32 the
644 1400 76 31 river

92 1446 65 38 bed,
171 1444 54 33 and
252 1444 28 32 iu
308 1443 50 33 the
374 1445 81 40 pojls
480 1445 51 30 the
556 1444 52 31 fish
624 1455 49 20 are
689 1455 31 19 so

92 1488 133 33 crowded
238 1486 136 42 together
386 1486 65 33 that
463 1488 68 40 they
545 1494 106 25 cannot
665 1488 54 30 live

92 1533 85 31 touch
195 1531 107 40 longer.
345 1530 60 31 The
418 1530 85 31 Orari
519 1531 49 30 has
582 1534 50 27 not
646 1531 72 30 been

92 1589 33 19 bo
141 1577 53 29 low
211 1575 45 32 for
270 1574 50 32 the
335 1573 57 32 last
407 1578 107 37 twenty
534 1579 56 27 two
607 1584 85 31 years

131 1619 61 31 The
218 1629 79 21 news
325 1617 91 32 which
439 1619 120 29 reaches
585 1629 33 19 us
646 1618 73 29 from

94 1661 187 43 Canterbury
298 1661 93 32 leaves
404 1658 76 35 little
492 1672 79 21 room
586 1667 30 26 to
630 1660 89 33 doubt

94 1708 64 31 that
178 1705 69 32 with
264 1705 49 31 the
334 1705 84 32 ether
440 1705 131 32 troubles
596 1705 124 37 looming

94 1752 88 32 ahead
214 1751 45 31 for
287 1749 51 31 the
362 1749 112 41 Colony
502 1749 49 33 the
572 1749 55 33 evil
649 1749 32 32 of
706 1761 13 19 a

96 1796 102 29 failure
214 1796 28 27 ot
259 1792 49 31 the
324 1798 116 26 harvest
467 1798 77 25 must
563 1794 33 30 be
618 1792 92 32 added

95 1834 56 37 We
167 1836 68 33 read
251 1834 64 33 that
336 1835 28 32 in
383 1845 83 31 many
484 1836 96 40 places
595 1836 29 31 in
649 1836 53 31 Can-

93 1883 132 38 terbury,
249 1879 57 33 and
329 1880 119 41 notably
473 1879 30 32 in
522 1880 129 39 'iimaru,
673 1879 49 32 the

95 1926 68 39 tang
178 1923 128 40 drought
322 1922 50 32 has
388 1923 71 31 been
479 1934 66 29 very
562 1925 161 29 disastrous*

95 1974 30 27 to
153 1966 51 33 the
226 1965 82 41 grain
333 1976 81 30 crop,
439 1977 32 20 so
493 1966 85 32 much
602 1977 31 21 eo
659 1966 60 31 tint

95 2022 84 31 many
195 2010 34 32 of
241 2012 48 31 the
312 2009 123 33 farmers
451 2010 136 41 reali.-ing
604 2011 49 31 the
670 2011 52 31 im«

95 2054 163 46 possibility
275 2053 33 33 of
320 2052 49 34 the
384 2055 120 31 siunted
524 2066 85 27 crops
626 2055 80 42 ripen-

95 2113 49 28 ing
158 2100 28 32 in
200 2100 70 30 time
283 2102 30 28 to
325 2109 76 26 save,
411 2099 74 31 have
495 2099 116 40 already
627 2100 95 36 begun

95 2151 31 26 to
160 2145 52 30 cut
246 2141 79 32 them
361 2140 84 32 down
474 2141 46 32 for
548 2146 96 27 straw.
687 2141 36 31 Jn

96 2199 85 30 many
218 2185 142 33 localities
394 2185 51 31 the
483 2186 113 40 growth
632 2187 24 30 is
691 2196 31 20 so

96 2229 152 35 backward
266 2228 64 32 that
344 2232 53 27 not
411 2239 16 20 a
443 2227 94 42 single
546 2239 51 21 ear
613 2229 50 31 has
674 2233 49 37 yet

96 2276 71 31 been
185 2273 109 32 formed
312 2281 78 30 upon
407 2272 49 32 the
472 2276 63 27 oats
550 2273 56 30 and
622 2273 101 30 wheat.

95 2318 62 33 The
172 2316 105 34 failure
292 2315 33 32 of
336 2313 50 34 the
401 2325 85 31 crops
501 2320 109 27 caunot
625 2316 48 31 fail
694 2320 30 27 to

95 2360 141 41 intensify
265 2360 50 31 the
343 2359 172 40 depression
547 2360 117 41 already
693 2371 33 20 so

96 2405 99 43 loudly
212 2402 181 41 complained
407 2403 39 37 of,
466 2401 58 33 and
538 2403 56 32 add
611 2403 116 32 further

98 2452 128 31 burdens
237 2452 32 28 to
280 2447 51 32 the
341 2447 165 32 conditions
519 2448 31 30 of
558 2448 50 32 life
619 2449 108 38 during

96 2495 52 32 the
179 2491 164 39 advancing
371 2490 104 31 winter
526 2490 30 31 It
581 2492 57 30 will
666 2490 61 32 al-o

100 2540 36 32 be
164 2548 68 23 seen
258 2537 36 38 by
320 2546 55 20 our
390 2534 179 41 cablegrams
591 2537 64 31 that
679 2536 50 31 the

101 2582 158 42 deficiency
277 2579 29 32 in
321 2578 51 32 the
387 2578 132 33 harvests
533 2580 24 30 is
572 2585 53 26 not
640 2580 87 42 likely

101 2632 33 28 to
158 2628 37 31 be
216 2622 131 35 confined
375 2627 30 28 to
421 2622 74 33 New
521 2623 137 39 Zealand,
680 2625 49 31 the

105 2669 127 43 drought
252 2667 107 40 haviug
379 2666 61 33 also
463 2667 107 42 proved
592 2679 67 31 very
682 2669 32 31 in-

102 2715 116 45 jurious
241 2713 30 33 in
294 2721 84 32 many
393 2710 126 44 farming
545 2712 130 33 districts
701 2712 29 32 in

105 2757 160 35 Australia.

145 2803 61 32 The
233 2810 63 23 new
320 2798 141 42 Ministry
473 2799 59 42 just
559 2799 110 32 formed
696 2800 35 41 by

107 2848 46 32 Sir
181 2844 80 34 John
287 2843 167 31 Eobertson
481 2845 31 30 in
538 2843 70 33 New
637 2844 95 32 South

108 2887 102 38 Wales
234 2886 132 34 includes
388 2897 37 22 an
447 2887 48 33 old
520 2887 161 34 Nelsonian
705 2888 28 32 in

107 2937 51 33 the
173 2942 105 36 person
292 2931 33 32 of
339 2930 51 33 Mr
410 2931 92 32 Jacob
519 2933 139 38 Ganard,
673 2932 63 31 who

106 2981 87 31 takes
220 2975 50 34 the
300 2975 137 40 portfolio
464 2975 32 31 of
523 2975 62 31 Min
591 2975 4 40 :
600 2983 63 25 ster
694 2977 42 30 for

110 3022 104 35 Public
248 3018 118 34 Works.
409 3016 48 33 Mr
499 3019 130 33 Garrard
665 3019 24 32 is
720 3030 16 20 a

107 3066 121 33 brother
243 3064 32 32 of
287 3062 52 33 Mr
353 3061 111 43 Joseph
482 3061 137 40 Garrard,
637 3065 29 30 of
683 3064 49 31 the

110 3108 81 42 fort,
205 3108 56 34 and
286 3115 79 22 some
389 3116 86 33 years
498 3116 54 30 ago
575 3107 103 32 served
694 3106 44 32 his

110 3150 239 49 apprenticeship
391 3149 69 33 with
505 3151 49 33 the
595 3151 59 32 late
689 3150 49 32 Mr

113 3197 170 38 Wakeford,
294 3195 32 32 of
336 3193 122 39 Nelson,
469 3206 32 21 as
512 3206 36 21 an
570 3196 147 41 engineer.

151 3242 181 34 Lieutenant
346 3238 118 42 Greely,
480 3240 32 31 of
521 3240 50 31 the
584 3240 152 31 American

111 3285 87 36 IVar
220 3281 185 45 Expedition,
428 3283 144 32 ceifvered
591 3284 87 43 'ately
701 3294 35 21 an

111 3333 119 32 address
252 3333 32 28 to
304 3337 36 21 an
362 3327 188 41 agricultural
572 3328 111 41 society
706 3334 32 25 at

113 3373 153 38 Pittsfield,
281 3372 31 31 in
334 3370 241 39 Massachusetts,
590 3372 30 31 in
643 3372 89 31 which

111 3422 37 31 he
170 3416 163 35 mentioned
358 3414 63 32 that
437 3415 105 35 during
568 3416 43 31 his
635 3416 102 32 Arctic

113 3460 181 43 exploration
316 3459 35 31 he
373 3457 54 32 had
454 3459 102 41 passed
579 3459 126 42 through
722 3471 14 21 a

112 3508 117 33 district
244 3506 29 31 in
289 3501 91 34 which
397 3501 82 33 there
492 3514 75 21 wero
579 3515 158 21 numerous

113 3552 66 34 wild
204 3550 97 41 sheep,
316 3546 105 43 having
435 3546 80 40 large
538 3546 95 38 heads,
655 3555 81 34 great

111 3598 89 28 horns
221 3595 58 29 like
301 3602 83 25 oxen,
398 3593 55 28 and
470 3593 66 28 tails
561 3593 177 38 resembling

112 3638 84 33 those
220 3636 32 34 of
264 3633 107 34 horses.
413 3631 86 33 Their
514 3631 88 36 fleece
628 3644 57 21 was
710 3637 27 29 ol

115 3684 49 31 the
188 3683 87 31 finest
299 3677 56 33 and
382 3677 128 33 thickest
536 3680 82 37 wocl,
633 3680 105 30 almost

113 3724 170 45 surpassing
311 3720 65 35 that
399 3722 33 31 of
451 3720 49 33 the
529 3723 118 32 merino.
693 3722 46 33 He

114 3770 140 35 observed
274 3767 65 33 that
359 3766 30 31 in
407 3765 73 32 New
498 3767 133 40 England
656 3767 83 31 there

115 3826 75 22 were
199 3814 80 32 often
289 3809 175 42 complaints
473 3810 32 33 of
516 3811 48 32 the
575 3810 165 32 difficulties

115 3866 26 26 ot
168 3857 101 41 saving
290 3855 50 32 the
355 3854 70 31 lives
446 3854 31 31 of
496 3855 124 32 delicate
645 3856 95 30 beasts

114 3904 107 40 during
241 3913 17 21 a
279 3909 99 23 severe
400 3904 122 34 winter;
546 3900 54 32 aud
627 3898 35 33 he
686 3911 55 20 was

115 3950 32 28 of
159 3947 118 41 opinion
293 3944 64 31 that
371 3942 24 30 it
407 3944 94 29 would
519 3944 34 30 be
567 3944 61 30 well
647 3944 93 30 worth

115 3990 83 34 while
223 3992 31 29 to
278 3986 86 34 make
388 3995 38 21 an
447 3986 185 37 experiment
646 3987 28 31 in
697 3997 33 20 ac

115 4033 207 33 climatization
345 4030 68 30 with
430 4029 83 32 those
539 4030 82 40 polar
643 4031 99 35 sheep,

115 4077 92 34 which
230 4075 94 33 thrive
339 4071 29 34 in
384 4083 16 21 a
416 4073 101 41 region
541 4073 94 34 where
658 4073 84 33 there

115 4125 24 28 is
167 4134 38 21 no
233 4119 111 33 shelter
371 4118 45 30 for
445 4119 78 30 them
552 4120 114 38 against
694 4119 49 31 the

115 4166 118 41 rigours
247 4162 33 33 of
292 4161 51 33 the
358 4160 103 32 Arctic
475 4162 111 31 winter.

241 4206 77 31 Siam
339 4204 53 31 the
413 4209 62 25 cats
491 4204 71 31 have
586 4205 76 32 tSeir
678 4205 66 30 tails

299 4249 37 33 In
359 4247 58 34 this
439 4253 125 37 country
585 4248 50 33 the
649 4249 55 33 aim
722 4249 22 33 is

117 4305 31 25 to
164 4300 76 38 bang
255 4294 77 33 their
347 4293 97 38 heads,
470 4293 52 32 but
538 4294 50 31 the
609 4294 134 41 bootjack

117 4343 167 29 sometimes
312 4337 63 32 flies
401 4336 72 31 wide
489 4337 31 30 of
540 4337 49 32 the
616 4338 88 30 mark.
708 4355 36 4 —

117 4384 185 32 Norriatcwc
319 4379 121 32 Herald.

158 4428 61 34 The
244 4426 123 35 Athnta
390 4424 200 34 Constitution
614 4425 66 33 \eU
698 4424 48 35 the

118 4474 89 32 world
236 4473 63 31 how
327 4477 33 25 to
388 4475 47 26 eat
468 4472 195 36 wat»rmelon,
694 4473 51 30 but

118 4516 123 41 entirely
270 4513 130 42 neglects
416 4517 29 27 to
474 4513 116 41 explain
618 4515 127 30 whether

118 4562 51 30 the
195 4560 108 32 fanner
324 4559 88 39 keeps
432 4569 17 21 a
464 4560 56 39 dog
541 4569 34 21 or
600 4560 130 30 not-De

120 4605 71 31 troit
209 4604 71 31 Free
298 4602 92 31 Press.

158 4649 28 31 A
216 4646 162 41 Pittsburg,
408 4643 57 43 Pa.,
488 4646 65 41 lady
578 4646 62 33 who
666 4659 79 22 owus

119 4692 81 43 eight
221 4702 33 22 or
276 4697 49 26 teu
349 4689 104 33 bouses
468 4694 64 35 gets
550 4691 75 41 tipsy
644 4693 26 31 in
696 4696 47 29 the

119 4741 117 28 streets.
277 4734 95 32 Think
403 4736 33 29 of
457 4736 29 30 th
500 4747 13 20 s
534 4748 37 29 ye
593 4747 65 21 men
684 4739 61 29 who

119 4782 68 39 only
200 4779 71 31 have
285 4782 30 26 to
332 4777 56 31 find
400 4787 55 22 one
467 4779 257 41 house.—tfurliug-

118 4829 52 27 ton
185 4822 75 35 Free
277 4822 95 33 Press.

160 4868 164 40 Somebody
347 4867 64 31 who
433 4868 50 31 has
507 4868 72 31 tried
599 4871 20 29 it
635 4882 65 28 says
723 4872 21 29 it

120 4912 84 33 takes
232 4922 79 23 more
338 4922 125 32 courage
492 4915 32 30 to
552 4912 57 34 rise
646 4914 99 33 belore

120 4967 116 30 sun-up
264 4956 69 31 than
362 4956 23 31 it
412 4956 70 32 does
513 4966 30 22 to
572 4969 75 21 wear
682 4971 61 21 new

120 4999 261 42 boots—Chicago
397 4999 122 44 Ledger.

166 5045 93 33 When
280 5056 58 30 you
353 5045 55 39 spil
412 5045 4 42 l
432 5056 73 31 soup
531 5058 35 21 on
585 5048 49 32 the
655 5049 78 31 table

120 5088 89 37 cloth,
235 5093 46 26 set
307 5099 75 30 your
409 5091 177 30 tunbleron
614 5093 21 29 it
664 5093 81 31 while

120 5141 75 31 your
211 5131 64 31 wife
291 5131 22 31 is
329 5138 50 24 not
402 5131 125 42 looking,
549 5134 54 32 aud
621 5140 78 26 trust
715 5141 30 26 to

122 5174 179 32 Providence
317 5175 43 30 for
374 5175 50 31 the
439 5175 166 33 thereafter.

161 5218 29 31 A
214 5217 128 41 Chicago
364 5228 109 21 woman
496 5220 64 29 who
585 5221 113 32 wanted
715 5226 30 27 to

122 5261 119 32 commit
261 5261 110 33 suicide
392 5261 52 32 but
460 5262 93 31 didn't
579 5270 77 26 want
679 5267 23 29 it
717 5274 28 22 to

122 5305 71 33 hurt
218 5305 94 39 much,
331 5305 135 40 wrapped
493 5306 47 30 her
559 5307 93 40 finger
677 5308 28 32 in
731 5321 16 20 a

121 5360 52 30 rag
187 5348 57 33 and
261 5350 133 37 pounded
411 5349 24 31 it
451 5349 66 31 with
533 5361 16 20 a
572 5352 171 33 hammer.—

122 5392 118 33 Detroit
254 5393 74 33 Free
341 5394 47 31 Pr<
395 5404 37 20 ss.

162 5439 27 32 A
217 5437 161 34 Rochester
611 5439 48 34 has
690 5441 56 33 this

123 5483 137 37 startling
275 5490 235 24 annoui.cement
524 5485 26 27 in
566 5484 41 30 his
618 5486 71 36 shop
702 5498 39 18 ;

151 5526 114 33 Ladies'
279 5526 214 38 shortcoming*
520 5528 82 31 made
629 5539 37 22 uu
692 5531 54 29 and

338 5570 86 32 What
447 5581 35 20 au
508 5573 139 31 immense
672 5574 62 29 nuxi

125 5625 7 18 r
145 5626 46 20 ess
219 5623 33 25 tie
282 5621 78 27 must
389 5615 70 33 have
481 5626 38 21 en
550 5616 197 33 hand.—New

122 5656 82 34 Yoik
218 5660 138 41 Graphic.

193 5703 44 30 Ah
252 5702 6 31 !
283 5704 46 31 it's
345 5704 134 33 woman's
496 5704 115 32 mission
625 5710 29 26 to
668 5706 80 32 make

125 5745 73 32 fools
222 5752 28 26 ot
277 5749 90 36 men,'
384 5750 98 40 sighed
505 5762 16 18 a
548 5750 116 37 languid
691 5755 56 37 top.

257 5790 61 31 how
355 5795 87 28 vexed
469 5804 41 21 we
647 5795 58 31 said
734 5807 14 20 a

128 5836 96 42 brigl.t
226 5850 7 7 v
240 5836 70 41 eyed
329 5835 136 36 feminine
477 5843 125 36 present,
619 5841 14 15 rt
646 5850 29 22 to
693 5841 55 31 find

129 5881 61 29 that
209 5886 101 23 nature
327 5889 30 20 so
374 5882 77 28 oltc-n
470 5884 51 26 lon
531 5883 102 29 stalled

1249 76 117 45 THE
1421 79 185 40 LYELL
1659 74 184 50 TIMES,
1899 72 305 50 SATURDAY,
2257 67 245 62 JANUARY
2557 76 60 48 ts,
2675 68 102 44 ißßfx

3451 5746 110 30 Printed
3575 5747 54 29 and
3643 5746 148 40 published
3808 5747 38 40 by
3862 5749 47 28 the
3925 5749 162 38 proprietor,

3481 5786 107 28 Walter
3602 5786 95 29 Aikin.
3711 5791 28 24 at
3753 5788 47 27 the
3817 5788 162 34 Kegistered
4003 5790 84 28 Office

3483 5829 26 24 of
3516 5824 44 30 the
3604 5824 76 38 Lyell
3819 5826 66 30 Cliff
3892 5827 99 37 Street,
4001 5828 52 38 Lye
4060 5827 27 38 11,

3484 5869 109 26 Countv
3609 5867 29 28 of
3649 5866 104 31 IHiller,
3764 5868 107 29 Colony
3887 5875 24 22 ot
3925 5869 69 28 X.Z.

808 208 174 41 Westport
999 207 303 33 Advertisements.

736 288 334 55 GILMER'S
1124 285 240 61 HOTEL,

975 390 156 24 WESTPORT,

761 461 145 40 Corner
934 458 41 40 of
1004 457 238 40 Palmerston
1269 455 90 40 and'

853 513 212 42 Wakefield
1093 513 159 39 Streets,

742 605 274 62 CONVENIENT
1041 608 27 24 to
1088 606 46 25 the
1148 605 142 34 Telegrapl

829 645 62 28 Post
908 644 107 33 Offices,
1030 642 53 30 and
1097 642 94 35 nearly
1206 650 83 28 oppos

748 685 33 27 he
796 683 74 29 R.M.
886 684 83 27 Court
984 683 53 27 and
1058 682 79 27 H.M.
1152 683 136 25 Customs.

742 795 179 38 Gilmer's
942 792 175 39 Masonic
1143 790 128 45 Hotel,

1258 850 105 21 NELSON

744 889 178 41 Gilmer's
949 886 129 48 Hotel,

1194 944 131 21 ORSYMOU

745 981 177 40 Gilmer's
944 979 120 51 Royal
1085 977 85 39 Oak
1190 975 129 46 Hotel,

1182 1035 191 23 WELLINGTON.

781 1151 77 29 Good
879 1146 237 33 accommodation
1135 1146 41 30 for
1196 1145 180 29 Commercial

746 1190 160 30 Travellers,
919 1188 67 29 with
999 1187 104 36 sample
1117 1195 91 18 rooms
1220 1184 139 37 provided.

780 1229 24 28 A
829 1228 87 37 Night
940 1227 95 29 Porter
1060 1224 101 37 always
1187 1233 35 19 on
1247 1224 46 27 the
1319 1231 44 28 pre-

747 1268 90 27 mises.

782 1304 125 33 Booking
927 1303 84 29 Office
1032 1303 40 28 for
1085 1301 45 29 the
1143 1301 168 31 Charleston,
1325 1299 36 28 Ad-

747 1344 113 33 dison's,
874 1344 115 27 Eeei'ton
1002 1342 54 27 and
1076 1341 79 35 Lyell
1168 1339 129 28 Coaches.

783 1382 77 30 Good
874 1381 126 36 stabling,
1015 1379 68 30 with
1097 1379 75 37 eight
1192 1378 79 29 horse
1293 1376 85 33 stalls,

748 1421 128 31 attached
889 1425 28 25 to
930 1421 46 29 the
989 1420 141 37 premises.

956 1477 120 33 JOHN
1096 1473 189 40 GILMER,

1183 1520 163 33 Proprietor.

749 1608 90 59 YJ
939 1604 240 62 gTRUT
1199 1603 37 38 II
1253 1602 84 38 EE
1357 1601 22 39 S

893 1701 89 32 HAS
999 1701 63 31 ON
1083 1700 150 31 SALE-

799 1777 238 51 Ccrrugated
1058 1777 98 45 Iron,

800 1839 202 53 Crockery,

802 1903 322 52 Paperhangings,

800 1967 133 40 White
954 1965 119 48 Lead,

801 2031 94 48 Oils,

801 2095 221 43 Varnishes,

802 2159 124 40 Doors
942 2157 74 40 and
1036 2155 153 48 Sashes,

803 2222 169 50 Cutlery,

803 2281 439 55 Cutlery-Electroplate
1260 2294 7 34 ;
1297 2279 74 40 and

803 2348 241 41 Brushware.

794 2477 320 39 PALMERSTON
1159 2475 193 44 STREET,

969 2538 213 31 WESTPORT.

1472 204 146 32 Reefton
1644 205 294 32 Advertisements

1511 289 54 36 W.
1607 289 304 46 HINDMARSH,

1449 408 270 36 HAREBROKER,
1746 409 180 33 MINING,
1950 409 78 27 AND

1440 440 2 19 i
1457 440 15 19 •'

1487 485 167 40 General
1680 486 260 39 Commission

1647 579 138 48 Agent,

1433 708 287 48 BROADWAY,
1751 709 244 48 REEFTON,

1523 818 140 36 (Opposite
1682 818 136 28 Southern
1834 818 80 28 Cross

1666 874 105 39 Hotel.}

1405 955 338 65 Dawson's
1810 960 219 62 Hotel,

1500 1065 224 35 BROADWAY,
1753 1065 185 30 REEFTON.

1411 1180 83 59 The
1515 1180 236 28 accommodation
1775 1181 125 35 supplied
1921 1180 36 38 by
1984 1181 49 28 this

1496 1218 84 29 house
1596 1224 100 24 cannot
1711 1219 30 29 be
1755 1218 145 36 surpassed
1921 1219 30 29 in
1972 1220 61 29 New

1407 1257 127 27 Zealand.

1411 1361 172 53 Booking
1618 1362 120 42 Office
1774 1362 56 41 for
1867 1362 172 40 Mitchell

1457 1418 76 38 and
1578 1419 231 51 Campbell's
1868 1419 121 53 Royal

1507 1471 95 43 Mail
1633 1475 97 39 Line
1753 1474 40 40 of
1821 1474 96 52 Grey-

1560 1529 133 39 mouth
1710 1529 187 38 Coaches.

1444 1660 66 30 This
1524 1659 83 31 Hotel
1623 1658 22 31 is
1668 1658 59 30 well
1750 1658 101 30 known
1875 1656 167 38 throughout

1412 1701 65 27 New
1493 1700 118 28 Zealand
1625 1700 41 27 for
1685 1698 35 29 its
1741 1698 233 29 accommodation
1990 1698 52 26 and

1411 1740 180 28 convenience
1604 1738 42 30 for
1664 1738 110 28 tourists
1795 1736 54 29 and
1869 1735 173 30 commercial

1412 1779 147 26 travellers.

1608 1823 124 38 JOHN
1755 1821 210 45 DAWSON,

1846 1876 163 37 Proprietor.

1574 1960 308 34 STEVENSON'S

1417 2026 365 62 M'Gaffin's
1819 2022 226 74 Hotel,

1518 2130 223 32 BROADWAY,
1762 2127 186 30 REEFTON.

1464 2262 74 29 IHIS
1554 2261 179 37 Magnificent
1746 2260 85 28 Hotel
1843 2259 56 29 will
1920 2259 33 28 be
1966 2258 85 29 found

1505 2300 102 38 replete
1621 2300 68 28 with

1512 2375 91 20 EVERY
1621 2375 127 19 COMFORT
1767 2373 56 19 AND
1841 2372 118 20 MODERN

1632 2411 205 21 CONVENIENCE.

1452 2522 132 34 Tourists,
1610 2518 176 32 commercial
1816 2517 151 35 travellers,
1999 2516 54 29 and

1419 2563 91 28 others
1520 2562 55 27 will
1590 2561 62 28 here
1667 2560 57 27 find
1739 2568 81 25 every
1834 2557 137 29 attention
1981 2565 53 20 com-

1419 2600 82 31 bined
1514 2599 66 30 with
1595 2599 82 28 home
1691 2597 137 30 comforts.

1420 2715 157 38 Booking
1596 2713 106 32 Office
1714 2712 53 31 for
1778 2712 171 30 Newman
1961 2709 94 31 Bros'

1447 2761 110 39 Royal
1569 2759 87 32 Mail
1668 2758 86 32 Line
1769 2756 38 32 of
1816 2756 132 31 Nelson
1960 2754 70 31 and

1564 2805 174 38 Westport
1751 2801 162 33 Coaches.

1484 2896 160 43 JAMES
1689 2892 304 48 STEVENSON,

1649 2958 180 20 PROPRIETOR.

793 2627 290 61 Thomas
1111 2622 244 70 James,

889 2738 265 47 SADDLER,
1184 2735 66 41 &c.
1257 2766 7 18 t

762 2827 218 31 TMPORTER
999 2834 55 20 and
1080 2820 314 33 MANUFACTURER

1062 2885 32 20 OF

763 2939 60 39 All
856 2936 252 52 descriptions
1127 2933 41 39 of
1196 2931 197 51 Saddlery,

814 3002 183 44 Harness,
1016 2999 111 49 Long
1139 2996 75 38 and
1233 2995 115 39 Short

863 3063 203 52 Leggings,
1137 3058 159 52 Plough,

911 3128 32 40 &
962 3126 107 41 Back
1096 3123 152 48 Chains,

959 3190 157 47 Traces,
1136 3190 64 39 &c.

766 3324 114 39 Repairs
892 3323 102 37 Neatly
1008 3321 55 30 and
1083 3319 144 39 Promptly
1249 3316 149 31 Executed.

767 3439 174 38 Up-country
955 3436 92 30 orders
1064 3434 142 38 promptly
1219 3431 131 31 attended
1362 3435 38 24 to.

767 3553 49 31 ON
837 3551 205 32 SALE—Steel
1074 3548 136 36 Polished,
1241 3547 55 30 and
1327 3546 75 30 Solid

836 3593 89 26 Silver
953 3592 70 30 Bits,
1056 3590 130 33 Stirrups,
1219 3588 55 27 and
1306 3588 95 34 Spurs,

836 3629 103 36 Riding
961 3627 124 32 Saddles,
1107 3625 74 27 Pack
1203 3624 124 31 Saddles,
1349 3624 53 26 and

837 3667 98 37 Whips
948 3667 30 29 of
992 3666 37 29 all
1042 3663 188 39 descriptions.

1458 3114 288 50 BROADWAY,
1779 3113 248 41 REEFTON.

1430 3281 48 31 V-/
1518 3290 54 27 and
1592 3289 47 27 the
1660 3287 90 37 public
1769 3284 141 38 generally
1931 3284 56 27 will
2007 3284 54 26 find

1428 3329 55 29 this
1496 3328 174 29 well-known
1690 3324 86 30 Hotel
1794 3323 77 29 fitted
1891 3323 69 29 with
1981 3331 81 29 every

1428 3368 113 28 modern
1556 3367 182 28 convenience
1749 3364 55 28 and
1816 3363 194 36 requirement.

1479 3483 85 39 The
1597 3479 256 52 Proprietress
1884 3477 31 39 is
1940 3476 102 40 deter-

1432 3538 127 41 mined
1585 3543 40 34 to
1644 3548 110 39 spare
1774 3547 49 26 no
1842 3545 164 40 expense
2025 3531 37 40 in

1431 3594 154 47 making
1604 3592 76 37 this
1701 3589 117 38 Hotel
1839 3587 223 50 thoroughly

1431 3646 112 54 equal
1562 3651 39 34 to
1620 3643 48 41 all
1688 3641 287 54 requirements.

1432 3778 92 33 Local,
1544 3777 124 28 Colonial
1693 3776 55 28 and
1775 3775 88 27 Home
1888 3782 98 27 papers
2011 3771 51 29 and

1553 3815 162 38 periodicals
1728 3813 137 37 regularly
1877 3812 73 28 filed.

1599 3871 152 41 ALICE
1778 3867 237 50 NEVILLE,

1874 3933 188 36 Proprietress.

803 3890 91 55 J.
959 3885 413 67 CORR,

984 3996 208 36 IMPORTER,

771 4092 316 35 WHOLESALE
1114 4089 128 41 WINE,
1271 4087 127 34 SPIRII

873 4255 196 43 Provision
1091 4252 215 41 Merchant.

813 4458 318 42 PALMERSTON
1175 4455 192 47 STREET,

985 4553 215 28 WESTPORT.

893 4790 156 39 PETER
1077 4786 212 46 MULVAY,

796 4882 225 39 SLUMBER,
1053 4878 236 32 TINSMITH,
1320 4876 87 28 AND

796 4934 10 17 i
947 4917 221 36 GASFITTER,
1183 4916 54 31 and

853 5000 474 50 COPPERWORKER,

806 5125 215 37 Palmerston
1047 5122 122 45 Street,
1189 5120 187 44 Westport,

891 5228 140 38 (Opposite
1046 5226 128 30 Gilmer's
1187 5224 104 37 Hotel.)

780 5383 90 30 Everv
887 5380 180 32 description
1084 5379 32 30 of
1141 5377 177 32 Holloware,
1335 5374 48 32 Tin-

816 5426 115 33 smiths'
948 5424 113 39 Giods,
1077 5422 56 34 and
1154 5421 214 40 Ironmongery

974 5471 72 37 kept
1068 5470 30 29 in
1119 5468 94 31 stock.

907 5607 24 28 A
945 5607 86 35 Large
1046 5605 200 36 Consignment
1258 5600 31 30 of

822 5673 185 41 STOVES
1035 5673 101 38 AND
1171 5666 199 44 RANGES

987 5764 60 19 NOW
1066 5763 33 19 TO
1119 5762 84 19 HAND.

1027 5887 83 28 Work
1126 5882 181 33 Guaranteed.

2223 202 119 32 Public
2359 202 152 31 Notices.

2189 284 128 41 JOHN
2361 282 189 46 MUNRO,

2113 413 178 30 ENERAL
2322 410 247 30 MERCHANT
2599 410 89 28 AND

2271 489 208 33 IMPORTER,

2454 605 138 43 Street,

2271 724 216 27 WESTPORT.

2110 825 244 33 JOHNSTON
2382 824 27 31 &
2435 823 214 31 WATKINS

2280 901 107 30 CIVIL
2406 900 78 29 AND

2153 979 48 28 IN
2213 979 47 28 IN
2270 979 25 28 G

2440 973 261 36 NGINEEKS,

2254 1062 180 22 AUTHORISED
2456 1062 56 20 AND

2070 1109 278 41 LICENSED
2375 1105 328 42 SURVEYORS

2069 1204 130 35 Working
2224 1202 84 28 Plans
2329 1201 56 28 and
2409 1199 108 29 Details
2542 1199 30 28 of
2595 1198 110 36 Mining

2102 1243 163 35 Machinery
2278 1239 133 40 prepared
2421 1239 55 29 and
2484 1239 46 29 the
2539 1238 132 29 Erection

2154 1282 108 36 Mining
2276 1279 161 38 Machinery
2450 1277 169 38 supervised.

2069 1361 119 34 Surveys
2199 1358 43 28 for
2253 1356 111 38 Mining
2373 1355 166 37 Companies
2548 1353 159 30 contracted

2070 1400 38 29 for
2122 1399 33 37 by
2170 1398 46 29 the
2229 1407 73 27 year.
2341 1397 120 35 Surveys
2471 1394 81 29 made
2562 1393 88 30 under
2660 1392 47 30 the

2242 1436 80 29 Land
2334 1435 129 29 Transfer
2472 1435 61 27 Act.

2318 1514 138 28 Address:

2074 1555 164 31 Broadway,
2259 1552 133 28 Beefton
2404 1560 7 25 ;
2439 1559 56 19 and
2522 1550 186 27 Commercial

2274 1590 111 33 Hotel,
2404 1590 92 28 Lyeli

2105 1666 294 32 N.B.—lnstructions
2411 1666 49 29 left
2473 1669 29 26 at
2514 1665 91 29 Times
2616 1663 92 36 Office,

2073 1717 14 19 i
2096 1709 64 32 yell,
2173 1707 56 29 will
2242 1708 104 27 receive
2355 1705 160 29 immediate
2529 1704 146 29 attention.

2202 1792 334 57 Newman
2555 1804 30 42 s

2148 1907 59 29 0Y
2220 1907 24 27 A
2258 1907 22 26 L
2326 1906 75 29 TWT
2415 1905 48 28 AI
2477 1904 23 27 L
2545 1904 40 27 T
2619 1903 51 28 IN
2684 1903 26 28 E

2275 1996 47 30 OF
2342 1995 178 30 COACHES

2109 2095 253 31 Thrice-Weekly
2388 2093 123 29 Service
2534 2092 143 29 Between

2162 2143 106 34 Lyell,
2282 2141 134 29 Reefton
2429 2148 57 20 and
2500 2140 127 27 Nelson.

2078 2239 90 28 Leave
2191 2236 82 37 Lyell
2290 2236 43 28 for
2353 2236 103 28 Nelson
2474 2244 83 26 every
2578 2233 138 37 Tuesday,

2078 2285 147 36 Thursday
2234 2284 54 29 and
2300 2283 148 36 Saturday,
2460 2286 28 25 at
2499 2284 63 26 2.30
2571 2291 78 28 p.m.,
2660 2282 56 28 and

2079 2333 81 38 Lyell
2172 2333 41 29 for
2227 2333 138 35 Westport
2378 2330 57 30 and
2448 2330 128 34 Reetton,
2595 2339 37 20 on
2646 2329 51 30 Sun-

2079 2382 64 36 day,
2157 2380 176 35 Wednesday
2347 2379 55 28 and
2416 2378 112 37 Friday,
2538 2382 28 24 at
2578 2379 63 27 9.30
2651 2387 65 19 a.m.

2081 2470 165 33 Passengers
2273 2465 102 30 booked
2407 2466 43 28 for
2480 2465 151 36 Hampden
2662 2467 54 26 and

2202 2514 79 30 other
2293 2513 194 29 intermediate
2500 2511 102 39 places.

2254 2592 131 29 Booking
2407 2591 138 29 Offices:

2084 2653 138 37 Westport
2486 2650 133 28 Gilmer's
2632 2648 86 30 Hotel

2083 2701 118 29 Ileefton
2445 2698 178 28 Stevenson's
2634 2697 86 29 Hotel

2084 2749 104 29 Nelson
2497 2745 125 30 Masonic
2635 2744 84 31 Hotel

2118 2844 46 28 All
2175 2843 108 38 parcels
2296 2846 76 25 must
2383 2842 33 29 be
2432 2841 123 37 prepaid,
2575 2841 145 30 otherwise

2218 2892 68 37 they
2298 2890 57 29 will
2368 2890 33 29 be
2413 2890 49 28 left
2475 2888 113 30 behind.

2410 2947 39 28 H.
2469 2945 185 34 NEWMAN,

2521 2984 158 34 Proprietor

2151 3077 150 30 LADIES'
2320 3077 51 29 OR
2389 3074 274 31 GENTLEMEN'S

2093 3130 43 64 g
2155 3128 236 44 ADDLE
2458 3125 265 65 HACKS,

2224 3223 93 37 (Quiet
2329 3222 55 30 and
2397 3220 199 32 Well-broken)

2090 3288 73 28 FOR
2177 3287 97 28 HIRE
2288 3286 49 28 BY
2351 3285 78 28 THE
2444 3283 282 30 UNDERSIGNED

2210 3340 41 28 At
2269 3339 169 29 Inanoahua
2456 3337 152 30 Junction.

2125 3443 114 28 Horse's
2252 3444 60 26 sent
2324 3443 36 34 Jto
2374 3439 79 37 Lyell
2467 3441 28 26 at
2515 3448 15 19 a
2544 3440 150 27 moment's

2357 3478 101 30 notice.
2469 3478 3 30 •

2092 3572 198 47 Courtney's
2298 3567 302 43 Accommodation
2609 3567 119 40 House

2092 3629 112 32 Having
2229 3628 85 34 lately
2335 3627 69 27 been
2426 3625 192 35 considerably
2640 3625 88 27 added

2092 3671 27 26 to
2140 3666 56 31 and
2214 3664 154 40 improved,
2380 3664 24 30 is
2424 3673 62 21 now
2500 3672 51 20 one
2564 3661 30 31 of
2610 3662 47 30 the
2669 3661 59 31 best

2092 3706 147 38 appointed
2253 3706 54 27 and
2319 3708 74 24 most
2405 3702 178 30 comfortable
2603 3702 125 28 roadside

2203 3744 109 29 house's
2325 3753 37 20 on
2374 3742 48 30 the
2434 3741 79 31 West
2526 3740 91 30 Coast.

2109 3860 240 36 FRANCIS
2400 3857 312 39 COURTNEY,

2318 3930 191 27 Proprietor.

1765 4054 118 55 THE

1434 4192 325 40 PRINTING
1810 4189 126 41 AND
1986 4181 425 46 PUBLISHING
2463 4176 266 50 OFFICE,

1849 4310 146 29 CLIFF
2032 4308 70 32 ST.,
2139 4306 179 29 LYELL.

1502 4647 36 38 Is
1558 4659 71 26 one
1649 4644 41 40 of
1705 4644 63 39 the
1788 4643 84 40 best
1891 4642 98 40 local
2008 4641 189 41 mediums
2216 4640 56 40 for
2291 4639 246 53 distributing
2556 4652 116 35 news,

1680 4737 340 44 Advertisements,
2042 4734 75 39 and
2138 4732 168 52 subjects
2326 4731 41 39 of
2382 4732 97 40 local

1877 4823 168 48 interest,
2068 4820 234 54 throughout

1667 4917 64 41 the
1769 4917 130 40 Buller
1935 4915 74 41 and
2048 4913 222 54 Inangahua
2307 4911 198 42 Counties.

1485 5137 170 53 Charges
1674 5136 55 38 for
1748 5133 178 51 standing
1945 5130 329 44 advertisements,
2295 5140 90 39 very
2400 5126 236 39 reasonable,

1488 5229 79 48 job,
1616 5226 120 47 Plain,
1775 5224 76 40 and
1895 5223 48 40 all
1978 5221 110 40 kinds
2128 5219 41 39 of
2201 5218 177 52 printing,
2417 5212 184 42 executed
2646 5214 88 38 with

1435 5298 186 54 despatch
1641 5304 39 32 at
1700 5297 64 39 the
1784 5295 130 39 lowest
1933 5292 137 53 prices.

1485 5385 333 41 Communication
1839 5383 49 53 by
1908 5388 86 47 post
2009 5395 40 24 or
2066 5378 88 40 wire
2173 5374 192 56 promptly
2385 5372 183 40 attended
2588 5378 51 33 to.

1960 5621 229 43 ADDRESS

1979 5843 221 42 LYELL.

2890 195 120 31 Public
3029 195 153 31 Notices.

2802 276 86 33 THE
2909 275 139 33 STAMP
3069 275 89 41 ACT,
3181 274 88 34 1875.

2720 387 46 30 ri
2778 384 416 35 AUTlON.—Transferors
3207 385 59 32 and
3274 386 91 31 traha
3377 369 1 62 j

2813 429 46 32 fer
2874 429 63 32 fees
2952 429 32 31 in
2997 429 68 41 j»old
3083 429 117 40 mining
3210 429 58 30 and
3281 429 87 31 other

2719 473 171 44 companies
2917 472 60 33 and
3005 471 143 34 societies
3174 482 51 22 are
3249 472 119 32 warned

2719 518 117 42 against
2858 518 164 40 executing
3046 527 58 30 any
3137 516 187 32 instrument
3339 517 29 30 of

2721 565 59 30 sale
2796 573 33 22 or
2846 562 133 31 transfer
2995 563 102 30 unless
3110 560 53 34 the
3173 572 88 21 name
3274 563 28 29 ot
3319 559 51 33 the

2723 605 161 41 purchaser
2913 614 35 21 or
2978 605 171 30 transferee
3183 604 27 29 is
3235 603 135 32 iuserted

2723 648 117 33 therein
2869 650 33 28 at
2933 658 35 22 or
2992 647 105 33 before
3125 647 54 33 the
3210 652 159 27 execution

2724 692 124 38 thereof,
2867 702 18 20 a
2901 691 162 31 maximum
3091 691 125 38 penalty
3232 692 33 30 of
3286 691 87 31 £IOO

2726 736 92 33 under
2857 735 116 32 section
3010 736 68 38 103,
3114 734 91 42 being
3232 734 139 32 incurred

2725 780 136 40 thereby.
2904 781 69 40 Any
2987 779 73 31 such
3071 779 196 38 instrument,
3280 790 81 20 more

2726 835 82 28 over,
2823 834 32 21 so
2869 823 106 40 signed
2991 822 26 32 is
3043 822 172 39 absolutely
3233 823 67 30 void
3316 822 57 30 and

2728 867 196 45 inoperative,
2949 866 60 34 and
3032 866 73 33 does
3127 870 55 27 not
3198 865 102 34 divest
3325 864 50 32 the

2730 915 165 31 transferor
2911 913 32 31 of
2970 913 45 30 his
3028 913 130 30 interest
3173 911 131 37 therein,
3320 911 55 31 and

2730 957 35 31 he
2780 956 128 32 remains
2925 955 90 31 liable
3031 955 127 30 thereon
3175 964 32 20 as
3224 955 21 28 it
3270 955 36 29 he
3322 954 55 30 bad

2731 1011 89 20 never
2835 998 142 42 disposed
2994 999 30 30 ot
3051 997 53 31 the
3120 1009 92 19 same.
3269 997 29 31 It
3327 997 51 30 the

2730 1042 168 34 transferor
2925 1042 36 33 be
2977 1052 17 22 a
3020 1040 135 33 licensed
3177 1039 201 33 sharebroker

2731 1087 44 32 his
2790 1087 113 32 license
2931 1086 26 32 is
2983 1085 144 33 forfeited
3153 1096 39 21 on
3209 1084 169 32 conviction

2731 1132 56 30 and
2803 1130 163 32 thereafter
2990 1129 37 32 he
3041 1129 26 31 is
3090 1128 187 43 disqualified
3304 1129 74 30 frum

2731 1176 102 39 actiug
2858 1186 34 20 as
2918 1186 18 20 a
2951 1174 111 32 broker
3076 1184 34 21 or
3135 1175 75 29 trom
3242 1171 103 41 having
3364 1183 14 19 a

2735 1219 77 32 tresh
2830 1218 112 33 iicense
2952 1218 100 33 issued
3067 1223 33 26 to
3112 1218 70 31 him.

3563 190 121 32 Public
3708 190 154 29 Notices.

3517 271 191 40 SANDER
3728 273 28 38 &
3779 270 126 40 SONS'

3393 343 372 77 Eucalypti

3723 430 294 65 Extract

3434 609 150 35 (Deutsche
3610 609 75 27 Meet;
3711 608 219 28 Woclienschrift
3957 610 79 32 1579)

3403 646 107 36 Mdsler,
3525 646 87 35 M.D.,
3627 647 139 28 Professor
3779 651 28 24 at
3818 646 46 29 the
3875 646 163 37 University

3403 686 168 33 3reifswald,
3608 686 151 36 Germany,
3796 691 107 31 reports
3918 694 42 19 :
3979 686 58 27 The

3403 725 143 36 Eucalypti
3567 725 114 27 Extract
3707 724 103 37 proved
3828 722 212 38 magnificently

3404 764 145 29 successful
3579 764 29 28 in
3640 773 66 28 very
3744 772 92 19 severe
3869 762 170 33 contusions,

3404 802 110 32 bruises,
3523 803 118 35 sprains,
3650 801 122 34 wounds,
3780 801 147 34 scaldings,
3933 801 107 29 broken

3405 839 61 34 ribs,
3474 842 54 26 and
3539 841 91 28 limbs.
3662 841 27 27 It
3700 838 157 38 effectually
3868 844 76 32 stays
3952 839 38 28 all
3998 840 28 27 in-

3405 877 170 33 flammation
3590 879 53 30 and
3659 878 133 38 swelling.
3829 879 75 33 Also,
3924 879 48 28 the
3986 888 40 19 ser-

3405 920 71 27 vices
3490 920 110 28 derived
3612 920 71 27 from
3692 921 22 26 it
3723 921 27 25 in
3765 919 36 27 all
3808 919 138 28 disorders
3957 919 29 28 of
3994 919 45 28 the

3406 957 161 36 respiratory
3579 966 108 25 organs,
3699 965 29 18 as
3737 965 92 26 croup,
3841 956 147 36 diptheria,
4000 957 26 26 in-

3406 994 171 29 flammation
3603 995 31 27 of
3651 995 47 27 the
3720 994 144 28 bronchial
3883 994 79 28 tubes
3986 994 56 28 and

3407 1032 88 35 lungs,
3509 1034 112 27 chronic
3642 1032 121 33 catarrh,
3777 1032 160 32 bronchitis,
3957 1033 85 32 colds,

3407 1072 54 33 &c,
3476 1081 45 19 are
3534 1076 49 24 not
3602 1077 27 23 to
3642 1071 32 29 be
3689 1071 126 37 equalled
3835 1070 36 38 by
3888 1080 55 29 any
3962 1070 80 30 other

3407 1110 103 28 medic;:
3515 1114 87 24 rn'ent.

3408 1171 133 32 Sander
3558 1171 28 32 &
3601 1171 89 32 Sons
3702 1169 186 40 Eucalypti
3901 1170 144 32 Extract

3441 1221 98 34 Lister,
3560 1220 87 35 M.D.,
3666 1221 149 32 Professor,
3842 1221 55 33 &c.,
3916 1220 126 35 London,

3408 1260 46 27 the
3469 1260 123 33 Leading
3611 1267 116 28 surgeon
3742 1260 30 27 of
3782 1260 46 27 the
3842 1265 110 31 present
3965 1262 77 30 time,

3409 1297 88 29 stated
3510 1302 28 24 at
3551 1297 47 29 the
3610 1297 54 29 last
3681 1298 123 35 meeting
3817 1300 29 26 of
3861 1298 47 28 the
3927 1298 118 28 Clinical

3410 1337 115 35 Society,
3534 1337 125 32 London,
3667 1346 29 18 as
3709 1337 143 36 published
3859 1338 28 26 in
3897 1337 146 27 Gaillard's

3410 1375 117 28 Medical
3546 1374 125 30 Journal,
3685 1375 62 28 that
3759 1375 46 28 the
3823 1375 148 36 Eucalypti
3989 1376 36 27 Ex-

3410 1418 69 24 tract
3492 1415 22 27 is
3527 1413 47 29 the
3587 1413 60 29 best
3659 1413 101 29 known
3779 1415 145 36 antiseptic
3939 1417 106 33 (means

3410 1453 28 28 of
3449 1454 163 35 preventing
3623 1453 205 37 putrefaction).

3412 1514 133 31 Sander
3563 1514 26 31 &
3607 1515 88 30 Sens
3709 1514 185 39 Eucalypti
3906 1516 143 30 Extract

3447 1564 156 34 (American
3617 1563 117 29 Medical
3745 1564 124 32 Journal,
3882 1566 163 32 November,

3413 1602 159 34 1881).—In
3586 1602 119 29 diseases
3718 1604 30 27 of
3763 1603 47 28 the
3828 1603 112 37 kidney,
3960 1605 88 28 either

3412 1640 88 27 active
3513 1641 158 33 congestion
3683 1650 31 19 or
3721 1643 174 35 suppression
3912 1643 133 35 (uraemia)

3413 1678 35 29 all
3462 1678 192 34 albuminuria,
3668 1679 109 38 dropsy,
3791 1679 127 35 lithiasis,
3933 1681 115 36 nothing

3413 1718 56 26 will
3481 1718 80 34 equal
3575 1718 28 27 in
3616 1719 36 26 its
3662 1720 89 25 action
3767 1719 148 37 Eucalypti
3927 1721 120 27 Extract.

3415 1755 96 32 Doses,
3536 1756 52 29 live
3613 1759 28 26 to
3667 1757 74 34 eight
3769 1757 82 38 drops
3875 1761 28 26 in
3934 1770 15 18 a
3979 1759 70 30 little

3415 1796 152 26 sweetened
3591 1801 85 21 water
3701 1798 77 26 twice
3807 1807 29 17 or
3861 1798 76 27 three
3970 1799 81 28 times

3415 1832 84 35 daily.

3418 1893 133 32 Sander
3568 1893 27 32 &
3610 1893 88 32 Sons
3713 1895 186 40 Eucalypti
3911 1897 143 33 Extract

3454 1943 94 34 (From
3558 1944 144 27 American
3713 1945 118 28 Medical
3840 1947 125 28 Journal,
3975 1948 77 32 Jan.,

3419 1980 226 35 1882).—Pitzer,
3674 1982 86 34 M.D.,
3781 1984 139 29 Professor
3943 1985 110 37 Theory

3419 2019 55 29 and
3488 2019 123 30 Practice
3623 2022 30 28 of
3664 2022 143 32 Medicine,
3819 2024 145 29 American
3977 2025 57 28 Med-

3419 2058 52 28 ical
3485 2058 120 36 College,
3619 2069 64 27 says
3694 2062 71 27 :—lt
3777 2061 23 28 is
3811 2062 46 29 the
3871 2063 57 29 best
3940 2065 114 35 remedy

3419 2097 102 28 known
3539 2097 28 29 iu
3588 2099 225 36 typhomalarial,
3833 2102 115 36 typhoid
3969 2104 84 33 fever,

3420 2137 156 35 erysipelas,
3586 2137 164 36 diphtheria,
3760 2141 97 27 scarlet
3869 2142 80 31 fever,
3960 2142 76 27 small-

3420 2183 62 29 pox,
3495 2174 56 36 &c,;
3570 2175 23 28 it
3611 2176 156 37 effectually
3780 2179 105 28 retards
3904 2180 46 28 the
3970 2180 70 28 disin-

3420 2213 136 36 tegration
3586 2215 31 27 of
3635 2215 48 28 the
3708 2217 103 28 animal
3841 2218 90 33 fluids,
3962 2220 92 28 which

3420 2252 91 35 might
3521 2253 87 26 result
3620 2253 28 27 in
3664 2263 16 18 a
3698 2256 109 31 general
3825 2256 182 38 breaking-up
4027 2260 30 26 of

3420 2289 48 29 the
3481 2290 80 28 blood
3574 2291 56 28 and
3641 2292 29 27 in
3684 2292 92 29 death.

3423 2351 132 33 Sander
3573 2352 27 32 &
3615 2353 87 31 Sons
3715 2354 185 40 Eucalypti
3914 2358 144 31 Extract

3458 2402 95 30 (From
3587 2402 40 27 St.
3665 2403 83 27 Louis
3784 2405 118 28 Electric
3940 2408 118 27 Medical

3422 2439 124 35 Journal,
3577 2440 78 34 Dec,
3687 2443 87 35 1881).
3784 2445 146 29 —Cancer
3953 2447 30 27 of
4010 2446 47 30 the

3422 2480 351 34 Tongue—Patient,-Mrs.
3916 2506 6 11 ,
3935 2486 34 26 35
3979 2495 79 25 years

3424 2516 54 28 old.
3527 2517 139 30 Evidence
3690 2520 31 27 of
3742 2521 151 28 scrofulous
3920 2522 138 30 diathesis.

3424 2556 158 29 Prescribed
3600 2558 62 28 four
3683 2558 82 37 drops
3779 2563 28 25 to
3826 2561 32 28 be
3878 2561 82 29 taken
3983 2564 75 27 three

3424 2596 81 27 times
3528 2595 75 37 dau!y
3618 2604 6 26 ;
3644 2597 66 34 also,
3733 2603 101 32 tongue
3861 2600 99 29 wetted
3984 2601 74 29 three

3424 2634 82 29 times
3547 2634 68 30 with
3656 2636 48 29 the
3744 2638 150 38 Eucalypti
3937 2641 121 28 Extract.

3425 2673 116 27 Treated
3560 2683 30 18 as
3608 2674 86 29 above
3719 2676 42 28 for
3785 2677 63 29 four
3871 2679 99 34 weeks,
3995 2680 63 28 then

3425 2711 161 33 discharged
3599 2714 91 28 cured.

2814 1327 257 33 POSTAGE
3111 1326 189 33 KATES.

2928 1450 91 24 TOWN
3044 1450 147 22 LETTERS.

2775 1498 113 35 Posted
2915 1502 32 30 at
2968 1508 59 31 any
3055 1498 71 32 Post
3154 1496 93 33 Office
3277 1496 102 33 within

2737 1552 51 32 the
2803 1552 106 41 colony
2924 1552 46 31 for
2985 1550 131 41 delivery
3130 1554 30 27 at
3175 1560 33 20 or
3218 1550 75 30 from
3306 1549 73 31 such

2739 1604 75 33 Post
2830 1604 94 33 Office
2941 1616 48 19 :

2740 1660 59 35 Not
2813 1661 162 41 exceeding
2990 1660 64 33 half
3067 1671 37 22 an
3120 1671 96 22 ounce

2741 1707 168 40 Exceeding
2924 1707 65 31 half
3000 1714 37 23 an
3053 1716 105 27 ounce,
3184 1708 54 29 but
3252 1710 55 26 not

2724 1748 2 42 I
2777 1750 163 40 exceeding
2956 1761 58 22 one
3029 1761 97 21 ounce
3271 1776 31 7 ...
3347 1748 4 42 !

2740 1795 58 32 For
2812 1806 91 30 every
2919 1795 65 30 half
2996 1806 96 19 ounce
3105 1805 71 20 over
3191 1804 57 20 one
3273 1819 31 7 ...
3351 1796 33 29 Id

2905 1860 148 24 COUNTRY
3069 1860 148 23 LETTERS.

2781 1910 109 32 Posted
2907 1914 31 27 at
2952 1920 59 30 any
3035 1912 69 36 post
3117 1908 84 32 office
3217 1908 102 32 within
3337 1908 47 32 the

2741 1963 106 41 colony
2877 1963 46 31 lor
2953 1961 134 41 delivery
3112 1965 32 27 at
3170 1971 33 20 or
3229 1961 76 29 from
3331 1971 53 30 an)

2741 2015 88 34 other
2840 2019 67 39 post
2918 2015 85 33 office
3019 2013 103 33 within
3140 2013 51 33 the
3204 2015 107 41 colony
3323 2027 47 19 :

2743 2074 63 33 Not
2820 2074 165 40 exceeding
3000 2072 65 33 half
3077 2083 37 21 an
3131 2083 98 22 ounce
3278 2098 19 8 ..
3353 2074 32 30 2c

2745 2119 169 40 Exceeding
2930 2119 60 30 half
3005 2128 38 20 an
3058 2128 107 27 ounce,
3180 2118 55 30 but
3260 2121 54 27 not

2781 2162 164 42 exceeding
2957 2171 58 22 one
3029 2171 98 23 ounce
3278 2187 31 7 ...
3353 2162 32 30 4c

2745 2208 59 31 For
2830 2218 90 29 every
2944 2206 66 32 half
3036 2216 97 22 ounce
3156 2216 73 21 over
3258 2216 57 21 one

2783 2261 99 23 ounce
2960 2275 32 8 ...
3119 2275 32 7 ...
3279 2274 30 8 ...
3354 2250 32 30 2c

2874 2326 201 24 AUSTRALIAN
3097 2325 167 24 COLONIES.

2747 2380 64 31 Not
2824 2380 164 39 exceeding
3003 2379 65 32 half
3085 2390 38 20 an
3139 2390 97 20 ounce
3279 2405 32 7 ...
3356 2382 31 28 2c

2747 2423 170 43 Exceeding
2930 2422 66 34 half
3017 2434 38 22 an
3070 2433 106 29 ounce,
3192 2422 56 34 but
3262 2427 55 29 not

2784 2469 165 38 exceeding
2963 2479 58 20 one
3036 2479 96 21 ounce
3279 2494 32 6 ...
3356 2472 32 28 4c

2747 2511 60 33 For
2833 2523 89 33 every
2947 2510 65 33 half
3037 2521 97 23 ounce
3163 2520 71 23 over
3260 2522 57 21 one

2785 2568 99 22 ounce
2963 2559 48 35 ...,
3121 2582 32 9 ...
3279 2583 32 7 ...
3356 2559 32 29 2c

2770 2634 147 24 ENGLAND
2939 2634 65 23 AND
3026 2632 142 24 FOREIGN
3183 2633 190 24 COUNTRIES.

2926 2681 59 33 Per
3000 2680 81 33 Half
3104 2680 118 32 Ounce.

2751 2726 114 33 United
2884 2726 161 42 Kingdom,
3072 2725 47 32 via
3142 2726 59 31 San
3223 2725 77 32 Fran-

2787 2771 80 32 cisco
2882 2771 59 32 and
2963 2772 77 31 Suez
3283 2791 33 8 ...
3359 2773 31 29 6c

2752 2815 112 33 United
2894 2815 102 32 States
3024 2814 34 32 of
3090 2813 151 40 America,
3276 2815 45 31 via

2788 2860 60 31 San
2865 2859 166 32 Francisco
3285 2884 31 7 ...
3361 2860 30 30 6c

2750 2902 155 34 Sandwich
2921 2902 131 41 Islands,
3076 2902 46 33 via
3151 2902 59 33 San
3226 2902 75 33 Fran-

2789 2949 81 31 cifco
3123 2974 29 6 ...
3280 2974 31 6 ...
3357 2950 34 30 6c

2752 2990 153 34 Canadian
2941 2990 193 40 Dominions,
3168 2991 49 31 via
3263 2991 60 32 San

2792 3034 167 33 Francisco
3126 3061 31 7 ...
3285 3062 31 6 ...
3361 3036 30 30 8c

2755 3079 112 33 British
2884 3078 161 33 Columbia
3126 3106 32 6 ...
3286 3106 30 7 ...
3371 3080 21 31 li

2754 3123 90 34 West
2857 3122 106 33 Indies
3126 3150 30 6 ...
3284 3149 29 8 ...
3370 3125 22 31 li

2754 3168 131 39 Mexico,
2899 3168 48 32 via
2958 3168 60 33 San
3034 3168 167 33 Francisco
3286 3196 19 6 ..
3371 3171 21 29 li

2754 3213 125 33 Central
2897 3213 142 32 America
3286 3239 30 8 ...
3371 3215 11 30 1

2754 3257 94 33 South
2864 3257 149 39 America,
3026 3257 48 33 via
3086 3258 58 31 San
3157 3257 163 33 Francisco
3370 3261 23 29 1.

2970 3336 19 23 M
2997 3336 194 23 EWSPAPERS.

2757 3384 109 33 Posted
2894 3394 18 22 a
2952 3394 59 28 any
3036 3384 85 31 office
3147 3384 104 32 within
3275 3386 53 30 the

2793 3429 106 42 colony
2915 3434 48 27 lor
2977 3427 133 44 delivery
3125 3432 32 28 at
3178 3427 53 33 the
3245 3439 81 21 same

2794 3472 86 33 office
3130 3499 31 6 ...
3288 3494 34 9 ...
3366 3475 28 37 |c

2759 3517 108 33 Posted
2892 3519 33 30 at
2949 3527 61 31 any
3035 3516 85 33 office
3145 3515 107 34 within
3274 3517 54 32 the

2794 3561 106 44 colony
2917 3561 46 33 for
2978 3561 131 42 delivery
3125 3565 33 29 at
3168 3572 58 33 any
3240 3561 90 34 other

2795 3607 84 30 office
2893 3606 104 30 within
3013 3606 52 30 the
3078 3606 110 38 colony
3292 3631 31 7 ...
3368 3610 26 34 ft

2757 3647 175 34 Australian
2946 3647 144 33 Colonies
3294 3674 31 7 ...
3371 3650 25 31 lc

2756 3693 116 32 United
2888 3692 159 40 Kingdom
3291 3719 32 7 ...
3369 3696 27 29 1(

2915 3759 60 34 YU
2990 3759 59 34 San
3071 3759 177 35 Francisco.

2757 3817 115 34 United
2890 3817 102 33 States
3007 3817 30 32 of
3052 3817 142 33 America
3291 3844 31 8 ...
3369 3821 27 30 lc

2757 3862 157 33 Sandwich
2928 3862 122 32 Islands
3291 3889 32 8 ...
3369 3866 28 30 lc

2758 3906 153 33 Canadian
2927 3905 183 34 Dominions
3292 3934 31 8 ...
3368 3908 29 32 2<!

2760 3950 114 32 British
2891 3951 162 31 Columbia
3292 3978 31 6 ...
3367 3954 31 29 2c

2761 3993 87 33 West
2863 3993 107 33 Indies
3290 4020 31 8 ...
3367 3997 26 29 2<

2760 4037 123 32 Mexico
3292 4066 31 5 ...
3367 4041 31 28 2c

2760 4080 124 34 Central
2899 4080 141 33 America
3291 4107 32 9 ...
3368 4083 30 30 2c

2760 4125 96 33 South
2872 4127 159 32 Amerrica
3293 4153 31 7 ...
3368 4128 30 29 2c

2958 4193 86 23 BOOK
3066 4194 140 23 PACKETS

2764 4241 108 33 Posted
2897 4243 32 31 at
2951 4250 59 33 any
3035 4241 84 33 office
3145 4243 105 30 within
3278 4242 52 32 the

2799 4288 107 41 colony
2922 4287 48 31 for
2983 4286 132 39 delivery
3128 4290 32 28 at
3176 4286 51 32 the
3238 4298 92 28 same,

2801 4330 103 33 within
2934 4330 53 32 the
3015 4330 118 42 colony,
3161 4330 53 31 the
3250 4331 78 31 Aus*

2800 4375 109 31 tralian
3079 4384 35 21 or
3137 4374 53 31 the
3215 4374 116 33 United

2803 4417 153 41 Kingdom
3040 4443 31 9 ...
3156 4419 54 30 loz
3293 4444 32 8 ...
3371 4420 26 30 1<

2841 4464 49 32 Do
3040 4489 31 8 ...
3154 4465 56 30 2oz
3293 4490 32 8 ...
3370 4466 28 30 2<

2842 4509 48 30 Do
3041 4533 30 6 ...
3156 4508 52 35 ilb
3293 4533 31 7 ...
3370 4511 28 28 4<

2841 4551 49 33 Do
3041 4576 31 8 ...
3159 4550 50 32 lib
3294 4578 31 6 ...
3370 4552 28 31 8(

2768 4596 94 40 Every
2890 4595 165 31 additional
3077 4595 112 40 pound,
3203 4605 35 20 or
3252 4595 64 32 frac-

2802 4638 96 34 tional
2910 4642 68 40 p*rt
2992 4639 32 32 of
3037 4650 18 20 a
3071 4638 103 41 pouud
3296 4665 31 8 ...
3372 4641 26 31 8<

2931 4683 58 32 Via
3003 4683 58 32 San
3080 4682 173 32 Francisco.

2765 4727 114 34 United
2908 4727 111 38 States,
3044 4739 89 29 every
3164 4727 50 38 \\b
3298 4754 30 6 ...
3372 4729 15 31 4

2766 4771 153 31 Sandwich
2936 4771 117 30 Islands
3173 4795 17 13 „
3297 4796 30 7 ...
3372 4774 26 28 4.

2766 4814 150 33 Canadian
2934 4812 178 34 Dominions
3173 4837 19 17 „
3298 4815 94 32 ..6

2769 4859 108 33 British
2896 4859 159 33 Columbia
3175 4885 17 13 „
3297 4886 30 6 ...
3373 4861 25 30 6i

2768 4903 87 32 West
2869 4903 104 32 Indies
3177 4929 16 6 „
3295 4929 31 6 ...
3372 4905 26 29 6<

3462 2759 36 37 (J.
3531 2758 36 29 H.
3600 2759 122 39 Ruttley,
3761 2762 86 35 M.D.,
3885 2765 83 34 Prof.,
4005 2768 56 32 &c,

3427 2797 340 39 Philadelphia).—Since,
3780 2803 29 28 in
3827 2803 47 28 the
3891 2813 61 20 case
3971 2806 29 26 of
4017 2806 45 28 Mr

3428 2837 113 33 Mercer,
3555 2836 30 29 of
3598 2838 118 38 Kerang,
3730 2839 61 30 who
3805 2841 56 29 had
3867 2841 69 30 been
3949 2844 113 28 advised

3427 2874 35 36 by
3485 2875 47 28 the
3560 2876 117 29 Medical
3696 2879 104 28 officers
3821 2880 31 27 of
3866 2881 46 28 the
3939 2881 123 38 Bendigo

3427 2913 129 38 Hospital
3571 2918 27 25 to
3611 2915 71 29 have
3695 2916 44 28 his
3752 2921 100 33 tongue
3860 2921 140 33 removed,
4007 2921 55 29 like

3427 2952 126 37 splendid
3566 2954 100 28 results
3679 2954 70 30 have
3756 2958 122 28 attained
3883 2958 120 39 through
4014 2961 47 28 the

3427 2991 167 36 application
3608 2993 29 27 of
3647 2993 45 28 the
3706 2994 149 38 Eucalypti
3869 2997 124 28 Extract.

3430 3050 133 33 Sander
3579 3053 28 32 &
3623 3053 88 32 Sons
3725 3055 184 42 Eucalypti
3921 3059 146 32 Extract

3464 3102 83 27 From
3566 3103 47 28 the
3633 3105 114 28 Clinical
3767 3106 114 34 Record,
3901 3109 30 26 of
3945 3111 117 34 August,

3431 3140 87 36 1881).
3580 3143 123 35 Surgical
3734 3144 87 31 Clinic
3857 3146 31 29 of
3924 3147 142 30 Prolessor

3431 3179 146 39 M'Jntyre,
3608 3182 108 35 College
3747 3185 30 27 of
3810 3185 163 37 Physicians
4009 3190 55 27 and

3431 3219 146 37 Surgeons,
3590 3220 39 28 St.
3640 3222 247 31 Louis—Scirrhus
3895 3226 31 27 of
3932 3227 132 28 Breast-

3431 3258 129 28 Excision
3572 3268 6 18 :
3593 3260 147 37 Eucalypti
3753 3262 114 29 Extract
3880 3266 146 35 employed
4034 3276 30 18 as

3431 3306 90 27 spray,
3547 3298 54 27 and
3626 3298 132 38 dressing.
3795 3301 86 35 Eight
3903 3302 69 38 days
3996 3304 70 28 after

3431 3335 141 38 operation
3588 3337 151 30 Professors
3753 3340 92 29 Bauer
3857 3342 54 28 and
3926 3342 139 38 M'lntyre

3431 3375 83 27 noted
3549 3375 47 29 the
3631 3377 141 33 following
3807 3380 140 28 condition
3961 3389 42 19 :
4021 3382 45 28 No

3432 3413 130 37 swelling,
3577 3414 64 29 heat
3653 3425 31 18 or
3697 3416 200 35 discoloration,
3911 3429 67 19 near
3995 3430 30 18 or
4038 3422 28 27 in

3433 3452 46 28 the
3497 3453 110 34 wound,
3627 3453 89 30 which
3735 3456 51 27 has
3799 3457 95 28 united
3913 3459 87 36 fully;
4019 3460 48 28 the

3433 3491 104 37 patient
3549 3492 114 29 allowed
3676 3497 28 25 to
3716 3495 96 28 attend
3821 3500 27 25 to
3859 3496 49 29 her
3914 3497 154 30 household

3434 3530 89 28 duties
3535 3532 91 35 again.

3435 3591 133 33 Sander
3586 3594 27 31 &
3627 3594 89 32 Sons
3728 3596 187 39 Eucalypti
3926 3599 146 32 Extract

3471 3640 126 36 (Clinical
3621 3642 115 33 Kecord,
3763 3645 75 36 Sept,
3864 3647 138 34 1880).
4012 3647 59 29 The

3434 3679 146 30 American
3609 3681 118 30 medical
3756 3684 153 36 profession
3939 3696 71 24 uses,
4042 3688 30 28 in

3434 3718 173 38 gonorrhoea,
3626 3730 31 18 as
3669 3730 36 19 an
3723 3723 142 37 iujection,
3880 3734 35 17 an
3934 3725 139 29 emulsion

3434 3757 30 29 of
3485 3768 52 19 one
3556 3768 89 21 ounce
3662 3770 67 28 gum
3751 3762 109 35 Arabic,
3881 3765 30 27 in
3933 3767 35 26 30
3990 3775 31 18 or
4037 3767 36 26 40

3434 3805 101 19 ounces
3548 3798 31 28 of
3588 3803 94 28 water,
3696 3801 109 35 applied
3818 3802 62 28 four
3893 3804 81 27 times
3987 3804 84 36 daily.

3436 3834 84 37 Eight
3539 3836 81 36 drops
3638 3838 83 35 given
3735 3840 145 34 inwardlv,
3899 3851 68 19 once
3987 3842 85 37 daily,

3436 3878 127 31 prevents
3575 3876 157 38 effectually
3746 3881 220 28 contamination
3981 3882 29 28 of

3434 3912 82 30 blood
3529 3913 30 29 in
3571 3914 59 30 foul
3643 3916 116 29 disease.

2766 5019 148 64 JOB
2937 5019 461 63 PRINTING-

2815 5367 118 47 Every
2959 5363 206 55 description
3192 5366 161 38 executed

2770 5666 262 76 SfelfaU
3047 5666 165 65 times
3240 5670 164 71 <©§te,

2893 5850 148 43 CLIFF
3078 5851 203 43 STREET.

3606 4026 293 33 CAUTION.

3435 4077 133 32 Sander
3586 4079 28 31 &
3631 4080 88 31 Sons
3733 4080 186 41 Eucalypti
3931 4083 146 32 Extract

3469 4130 52 35 (St.
3540 4130 74 28 Lous
3633 4130 117 29 Clinical
3763 4132 115 33 Record,
3897 4134 64 28 Jan.
3983 4137 88 26 1882K

3433 4168 158 34 —Hazard,
3611 4169 77 27 M.D.
3708 4170 67 28 Prof
3800 4170 32 28 of
3846 4171 154 39 Pathology
4019 4173 55 29 and

3435 4207 126 28 Diseases
3581 4208 31 28 of
3626 4207 47 29 the
3695 4208 87 34 Mind,
3808 4215 102 23 states:
3932 4203 56 36 We'
4003 4212 71 28 have

3436 4245 144 29 examined
3599 4245 61 29 half
3674 4255 16 19 a
3703 4246 86 29 dozen
3803 4248 155 37 specimens
3971 4250 30 28 of
4017 4250 37 28 Eu-

3436 4285 101 37 calypti
3545 4286 124 28 Extract.
3694 4287 129 29 Sander's
3831 4297 101 28 prepar
3939 4289 68 29 ition
4017 4299 58 19 was

3436 4324 47 28 the
3518 4325 66 35 only
3619 4334 53 19 one
3701 4325 93 29 which
3830 4328 180 36 corresponds
4047 4334 28 23 to

3436 4362 133 28 scientific
3582 4365 76 26 tests.

3471 4400 58 27 Our
3550 4401 176 36 preparation
3751 4402 23 27 is
3798 4401 47 28 the
3870 4403 67 37 only
3958 4404 119 37 existing

3439 4439 108 29 volatile
3567 4444 114 30 extract,
3700 4440 54 29 free
3769 4441 29 28 of
3814 4440 37 30 all
3869 4443 126 30 resinous
4014 4454 46 29 par-

3438 4480 84 28 ticles.
3565 4480 47 28 All
3641 4480 80 29 other
3750 4483 191 35 preparations
3971 4484 30 28 of
4028 4485 47 28 the

3440 4518 178 35 Eucalyptus,
3640 4528 37 18 no
3697 4525 102 21 matter
3824 4525 90 22 where
3935 4523 123 26 manufac-

3438 4555 89 34 tured,
3546 4565 46 19 are
3605 4556 93 35 crude,
3712 4558 126 28 resinous
3857 4558 61 33 oils,
3938 4558 140 40 irritating

3439 4594 54 28 and
3511 4594 153 37 blistering,
3683 4596 94 28 rather
3790 4599 114 33 causing
3919 4598 140 29 inflamma-

3440 4636 57 25 tion
3515 4632 69 29 than
3603 4634 112 35 staying
3733 4634 30 33 it,
3776 4634 57 28 and
3852 4635 31 28 of
3897 4636 57 28 real
3974 4636 104 37 danger

3440 4671 22 28 if
3477 4672 161 37 errcnously
3657 4673 111 36 applied
3786 4674 29 28 in
3833 4674 94 29 throat
3947 4675 130 34 diseases,

3438 4710 47 29 &c.

3474 4750 43 27 No
3539 4749 100 28 bottles
3657 4751 120 34 genuine
3793 4756 95 32 except
3908 4754 79 27 those
4008 4754 69 29 with

3440 4787 83 27 labels
3546 4788 114 32 bearing
3681 4798 51 16 our
3753 4789 141 33 signature
3920 4792 55 26 and
4000 4793 78 26 trade

3441 4824 87 36 mark,
3552 4825 56 29 and
3627 4826 113 29 secured
3760 4828 108 29 outside
3887 4829 66 28 with
3973 4839 16 20 a
4012 4829 67 40 pink

3442 4875 121 27 wrapper
3593 4866 55 28 and
3678 4876 83 25 green
3798 4868 83 33 band,
3920 4869 46 28 the
3997 4870 82 29 latter

3441 4904 111 35 bearing
3565 4913 50 18 our
3627 4905 118 27 location
3760 4906 54 27 and
3827 4906 152 36 signature.

3473 4942 156 30 Directions
3643 4948 40 24 lor
3695 4953 47 20 use
3755 4944 68 30 with
3837 4946 67 29 each
3918 4946 95 29 bottle.

3457 5033 105 31 SAN
3582 5034 69 30 DE
3674 5035 24 29 R
3740 5036 115 30 AND
3897 5037 163 32 SONS'

3602 5074 165 35 Sandhurst,
3782 5077 130 29 Victoria.

3485 5178 116 29 DL<N
3623 5178 106 29 CAX
3786 5180 129 28 M'LE
3936 5182 68 28 AX
4021 5178 4 37 ,

3612 5231 99 37 Agent,
3722 5232 182 30 Grevniouth.

3446 5318 70 45 _P~|
3555 5319 27 32 4-
3590 5335 36 16 r\
3652 5319 80 35 £}A
3781 5329 50 27 per
3862 5321 55 37 day
3953 5332 67 28 may
4050 5324 34 28 bo

3495 5352 34 25 J.
3563 5352 64 27 IU
3648 5352 96 28 3Jlr
3775 5368 46 19 ma
3822 5360 34 29 de
3878 5360 37 37 by
3928 5371 116 27 persons
4056 5363 31 28 of

3443 5395 87 29 either
3542 5406 56 23 sex,
3611 5397 30 27 in
3654 5396 73 28 their
3740 5408 60 18 own
3815 5400 142 34 localities,
3967 5406 29 23 at
4005 5401 79 29 work

3445 5435 39 29 for
3505 5443 43 21 us.
3586 5435 68 30 New
3680 5435 135 32 business.
3852 5439 44 29 All
3918 5445 73 24 meet
4015 5441 69 29 with

3445 5476 150 28 wonderful
3609 5487 117 18 success.
3763 5480 63 34 Any
3840 5489 52 19 one
3911 5490 52 18 can
3983 5481 34 28 do
4037 5482 48 27 the

3445 5513 83 29 work.
3574 5514 108 38 Capital
3708 5521 48 23 not
3781 5518 134 36 required.
3952 5519 51 28 We
4028 5519 58 28 will

3447 5558 66 24 ■start
3525 5564 65 27 you.
3628 5554 88 30 Outfit
3729 5556 91 30 worth
3841 5558 36 28 i'l
3898 5558 103 29 mailed
4019 5558 66 30 free.

3446 5593 57 28 The
3516 5594 193 37 employment
3727 5596 24 26 is
3770 5597 180 38 particularly
3969 5597 118 38 adapted

3447 5639 26 23 to
3487 5631 46 31 the
3551 5634 96 37 region
3666 5635 30 28 in
3718 5635 92 30 which
3835 5636 57 29 this
3916 5636 170 39 publication

3446 5674 154 28 circulates.
3656 5675 74 30 Boys
3761 5676 55 28 and
3847 5678 64 27 *nrls
3943 5688 50 18 can
4021 5688 66 18 eain
