2520 4010
1878 121 215 23 WHOLESALE
2122 121 126 23 PRICES
2280 121 169 23 CURRENT.

1975 161 130 14 CORRECTED
2120 161 28 14 OT
2164 161 28 14 TO
2206 161 55 13 LAST
2278 161 82 12 NIGHT.

2212 185 16 18 £
2250 189 16 12 ■.
2290 185 20 16 d.
2363 184 17 17 &
2437 187 10 17 t

1880 215 61 24 A*b:
1955 213 97 29 perhhd.
2214 215 13 21 7
2254 215 15 19 0
2296 215 15 19 0
2327 212 51 23 .-'7
2402 213 12 22 7
2442 217 12 19 0

2052 248 39 19 per
2095 241 102 22 barrel..
2212 241 14 20 5
2253 241 15 20 0
2296 241 14 20 0
2327 252 19 8 ..
2364 241 14 20 6
2404 241 13 20 0
2442 243 12 20 0

2052 274 39 20 per
2100 266 41 22 doz
2216 268 14 19 0
2244 267 27 20 13
2300 267 13 19 0
2329 279 20 7 ..
2367 267 14 19 0
2395 267 24 20 14
2444 270 12 19 0

1880 293 97 22 Arrack
1985 301 5 14 :
2006 293 43 22 Per
2057 293 43 26 gal.
2109 293 25 21 in
2142 292 62 22 bond
2217 295 14 19 0
2259 293 11 19 1
2299 293 14 19 9
2330 305 19 7 ..
2367 293 14 20 0
2407 294 12 20 2
2446 294 12 24 b

1880 320 91 22 Bread:
1987 319 94 23 Per2lb.
2092 319 51 23 loaf
2155 333 45 7 ....
2218 321 14 19 0
2260 321 13 19 0
2301 319 13 20 5
2332 332 19 7 ..
2369 319 14 20 0
2408 321 13 18 0
2445 323 12 18 0

1880 347 71 21 Beef:
1967 345 77 28 Fresh,
2062 352 88 16 carcase
2166 352 40 20 per

1994 372 24 22 lb
2215 373 14 21 0
2256 372 12 19 0
2284 372 28 20 10
2329 384 19 7 ..
2367 373 14 19 0
2407 373 13 19 0
2444 375 11 18 0

1986 398 54 27 Salt,
2049 405 40 20 per
2100 399 69 21 tierce
2181 412 19 7 ..
2218 399 14 20 0
2258 399 14 20 0
2300 399 13 20 0
2330 411 19 6 ..
2369 399 14 20 6
2409 399 13 20 0

1880 425 94 23 Butter
1981 432 5 14 :
2004 425 64 27 Irish,
2077 432 40 21 per
2124 425 31 21 lb.
2180 438 19 7 ..
2218 426 14 20 0
2260 425 11 20 1
2300 425 49 20 2..
2368 425 14 20 0
2410 425 10 20 1
2446 427 11 19 S

1999 451 70 24 Fresh
2220 453 15 20 0
2261 453 14 20 2
2303 452 14 19 6
2333 464 19 7 ..
2369 452 15 20 0
2409 451 14 20 3
2446 453 13 19 0

1880 484 109 17 ETrandy:
2004 478 59 22 First
2070 478 91 28 quality,
2168 484 40 21 per

2026 504 77 28 gallon
2111 504 23 22 in
2145 504 61 22 bond
2219 506 14 19 0
2261 505 13 20 6
2301 505 15 20 0
2333 517 19 6 ..
2369 504 15 20 0
2410 504 12 20 8
2447 506 12 19 6

1880 532 86 22 Brown
1985 531 86 22 Stout:
2093 538 40 20 per
2146 530 54 22 hhd.
2215 532 13 20 6
2244 531 26 21 10
2298 532 14 20 0
2328 530 55 24 ..,,7
2397 530 26 20 10
2447 533 13 19 0

1880 559 100 22 Cigars:
1991 557 150 27 Manilla,per
2145 558 61 26 1000,
2219 558 14 21 3
2261 559 14 19 0
2302 558 50 20 0..
2369 556 14 21 5
2410 558 13 19 0
2447 559 13 19 0

1988 584 96 23 Inferior
2220 586 15 20 0
2261 585 15 20 0
2302 585 50 20 0..
2370 585 14 18 0
2410 584 13 19 0
2447 586 13 19 0

1988 610 218 28 Havannah,perlb.
2240 617 62 15 none
2333 623 19 7 ..
2370 610 15 21 0
2411 610 13 19 0
2448 612 12 19 0

1988 636 168 27 Chinsurahper
2162 638 71 21 10001
2249 638 26 20 10
2303 638 14 19 0
2333 649 19 8 ..
2371 637 14 20 0
2410 636 14 20 0
2447 638 13 19 0

1988 664 156 22 Alexandrian
2156 666 78 19 ....0
2261 664 15 21 0
2302 664 83 20 0..0
2411 662 13 20 0
2448 665 13 19 0

1881 692 87 21 Coffee
1975 698 6 15 :
1992 691 64 26 Java,
2066 697 40 21 per
2112 690 24 22 lb
2220 692 15 20 0
2262 691 13 20 0
2303 690 14 20 6
2334 703 18 6 ..
2371 690 14 20 0
2411 689 13 20 0
2448 690 13 19 9

1881 719 102 21 Cheese:
1999 717 105 22 Cheshire
2220 718 15 20 0
2262 717 11 19 1
2303 717 14 20 6
2333 729 20 7 ..
2371 717 17 20 0
2412 714 9 21 1
2449 718 12 19 9

1997 744 56 22 Pine
2062 743 74 29 Apple
2157 746 78 19 ....0
2262 745 13 20 0
2303 743 85 21 0..0.
2412 741 11 20 1
2449 743 12 20 2

1997 770 76 23 Dutch
2221 772 15 20 0
2262 772 14 20 0
2291 770 27 21 10
2334 782 19 8 ..
2366 770 20 26 ,0
2412 768 11 19 1
2449 771 13 18 0

1882 798 105 22 Candles
1994 804 5 15 :
2007 796 93 28 English
2106 803 57 20 wax,
2170 803 40 21 per
2373 804 5 12 :

2023 824 25 21 lb
2221 825 14 20 0
2261 824 14 20 3
2303 824 15 19 0
2334 835 19 7 ..
2371 823 15 20 0
2411 822 14 20 3
2450 824 13 19 6

2011 849 80 22 Mould
2220 851 14 20 0
2263 850 11 19 1
2303 850 14 19 0
2334 862 19 7 ..
2371 850 15 20 0
2411 849 14 20 0
2449 850 13 19 0

2014 876 56 27 Dips
2221 878 14 19 0
2262 877 14 20 0
2303 876 14 20 0
2334 888 18 7 ..
2371 876 14 20 0
2412 876 14 19 0
2450 877 13 19 0

1883 904 93 21 Flour:
1986 904 34 20 Ist
2023 902 92 28 quality,
2126 904 83 25 perton

2007 928 132 23 of2ooolbs
2208 930 27 20 22
2249 930 28 20 10
2304 928 81 21 0..25
2412 928 51 21 GO

1981 956 45 22 2nd
2037 956 54 21 ditto
2210 956 25 20 15
2263 957 14 20 0
2303 956 15 20 0
2334 955 53 21 ..18
2411 956 14 19 0
2450 957 13 19 0

1883 984 76 23 Flax:
1974 983 30 22 N.
2014 983 26 22 Z.
2051 986 85 24 perton
2160 983 76 21 ....15
2263 984 14 19 0
2304 983 15 20 0
2336 996 19 6 ..
2371 983 16 21 0
2411 982 14 20 0
2449 984 14 19 0

1910 1009 322 31 Do.—onboard—pressedl7
2259 1010 14 20 0
2300 1010 14 20 0
2332 1022 19 7 ..
2368 1009 15 20 0
2408 1009 14 20 0
2448 1010 12 19 0

1884 1038 48 21 Gin
1939 1045 6 14 :
1965 1036 53 23 Pale
2035 1036 23 22 in
2068 1036 59 22 bond
2221 1038 14 19 0
2261 1037 14 20 3
2303 1036 82 21 0..0
2410 1035 15 20 4
2449 1037 12 19 0

1933 1064 62 26 Case,
2003 1063 56 26 4gal
2068 1064 37 21 4-5
2113 1063 24 22 in
2146 1062 61 22 bond
2221 1064 12 19 1
2262 1064 13 20 8
2303 1064 14 19 0
2334 1076 19 6 ..
2372 1062 11 19 1
2399 1061 26 21 10
2451 1064 12 19 0

1884 1090 81 23 Hams:
1981 1090 127 26 Yorkshire,
2122 1089 85 29 perlb.
2222 1092 15 19 0
2265 1090 10 20 1
2305 1090 14 20 0
2335 1102 18 7 ..
2373 1090 14 19 0
2414 1088 11 21 1
2451 1090 12 21 2

1884 1117 126 22 Mustard:
2025 1117 43 21 Per
2077 1116 70 23 dozen
2223 1118 14 20 0
2251 1116 26 21 18
2305 1117 14 19 0
2336 1128 19 7 ..
2373 1116 15 21 0
2413 1115 14 20 0
2452 1117 13 20 0

1884 1144 101 22 Mutton
1992 1152 5 14 :
2019 1144 91 21 Carcase
2120 1150 40 20 per
2168 1142 24 22 lb
2202 1158 6 7 .
2223 1145 14 19 0
2264 1144 13 19 0
2305 1143 14 20 9
2336 1156 19 6 ..
2373 1143 17 23 0.
2413 1142 50 21 011

1884 1171 122 22 Muskets:
2021 1170 92 21 Walnut
2119 1169 92 22 stocked
2225 1171 13 19 0
2265 1170 14 19 0
2306 1170 14 19 0
2336 1182 19 7 ..
2373 1170 27 20 0.
2414 1169 13 20 0
2453 1171 12 20 0

1880 1197 82 28 [Milk:
1978 1197 97 27 Perpint
2224 1198 14 19 0
2265 1196 14 20 0
2305 1196 14 19 3
2336 1208 19 7 ..
2374 1196 14 21 0
2413 1196 14 20 0
2451 1198 14 19 4

1884 1224 92 22 Maize:
1992 1231 40 19 per
2040 1222 79 23 bushel
2223 1224 14 19 0
2265 1221 13 22 7
2306 1223 14 19 0
2337 1236 19 7 ..
2374 1223 14 20 0
2413 1222 14 20 0
2451 1224 14 19 0

1884 1252 45 21 Oil
1936 1259 5 14 :
1957 1250 103 25 Linseed,
2070 1256 39 20 per
2117 1249 77 27 gallon
2203 1251 34 20 .0
2265 1248 13 23 7
2306 1250 14 19 0
2337 1262 18 7 ..
2374 1248 53 22 010
2452 1250 13 19 0

1958 1276 282 27 Black,incask,perton24
2266 1277 14 20 0
2308 1276 14 19 0
2338 1289 19 8 ..
2375 1276 14 20 0
2414 1276 14 19 0
2453 1278 12 18 0

1993 1304 79 24 Sperm
2220 1304 14 19 0
2261 1303 12 18 0
2303 1302 12 19 0
2333 1316 19 6 ..
2371 1304 13 19 0
2411 1302 12 19 0
2451 1303 11 18 0

1885 1331 63 21 Pork
1955 1339 6 13 :
1977 1330 76 26 Fresh,
2070 1336 88 15 carcase
2173 1336 40 20 per

2001 1356 22 22 lb
2222 1358 15 19 0
2263 1358 14 19 0
2305 1356 13 20 5
2336 1369 18 6 ..
2373 1357 16 20 0
2413 1357 13 20 0
2451 1358 13 19 0

1886 1384 62 21 Pork
1956 1391 6 13 :
1978 1383 66 27 Irish,
2054 1390 39 19 per
2101 1382 74 22 barrel
2188 1397 18 6 ..
2224 1384 15 20 4
2265 1384 15 20 0
2307 1384 13 19 0
2337 1396 19 7 ..
2374 1383 14 20 5
2414 1383 13 20 5
2453 1385 12 18 0

1885 1410 131 23 Potatoes:
2037 1410 54 21 New
2105 1409 106 27 Zealand,

2060 1444 39 19 per
2108 1439 39 19 ton
2224 1438 15 19 4
2265 1438 14 19 0
2307 1437 13 20 0
2337 1450 19 6 ..
2376 1436 13 23 7
2414 1438 14 19 0
2453 1439 12 19 0

1886 1464 93 22 Porter
1988 1471 5 14 :
2023 1464 101 26 Dunbar,
2134 1464 25 21 in
2166 1463 45 22 bot.

2051 1497 40 21 per
2099 1490 43 21 doz
2224 1492 14 19 0
2265 1490 14 21 0
2305 1491 83 20 0..0
2413 1491 14 20 0
2453 1492 12 19 0

1993 1517 85 27 Bryant
2087 1516 44 23 and
2141 1516 69 22 Davis
2224 1518 14 19 0
2266 1518 13 19 0
2306 1517 14 20 0
2338 1529 18 7 ..
2375 1518 14 20 0
2414 1518 14 19 0
2453 1519 12 19 0

1886 1544 97 22 Pickles
1994 1552 5 13 :
2031 1543 115 27 Assorted,
2174 1550 40 20 per

2056 1570 57 26 doz.,
2137 1572 75 25 quarts
2227 1571 52 20 11
2308 1571 14 20 0
2339 1584 18 6 ..
2377 1570 11 21 1
2404 1570 24 21 10
2453 1572 12 18 0

1886 1598 73 21 Pitch
1971 1605 6 14 :
2009 1596 137 28 Stockholm,
2174 1603 40 21 per

2033 1624 82 22 barrel.
2226 1626 14 20 0
2266 1626 14 19 0
2308 1625 14 20 0
2339 1637 18 8 ..
2377 1624 11 20 1
2415 1624 13 20 5
2454 1626 11 20 6

1886 1651 80 22 Plank
1974 1659 5 12 :
2009 1650 52 23 Port
2082 1650 131 28 Nicholson,

2035 1685 38 20 per
2082 1679 39 20 100
2130 1678 46 21 feet
2189 1692 18 6 ..
2226 1680 13 19 0
2254 1680 26 20 10
2307 1680 14 19 0
2338 1692 19 6 ..
2375 1680 14 21 0
2402 1680 25 21 12
2451 1682 13 19 0

1885 1704 70 22 Rice:
1968 1704 108 22 Common
2085 1711 40 21 pcr
2130 1708 78 18 cwt...
2227 1708 13 17 0
2267 1708 13 19 0
2308 1707 14 20 0
2339 1719 18 6 ..
2376 1707 51 20 010
2452 1709 13 18 0

1967 1731 66 22 Good
2226 1733 11 19 1
2266 1733 14 20 4
2308 1734 13 19 0
2338 1746 18 7 ..
2376 1732 12 22 I
2402 1734 25 20 10
2452 1736 12 18 0

1886 1758 54 21 Rum
1948 1765 5 14 :
1971 1758 23 21 P.
2006 1758 26 21 B.
2043 1758 32 26 P.,
2089 1765 40 20 per
2138 1758 75 27 gallon

2006 1785 24 21 in
2044 1784 60 23 bond
2225 1788 14 19 0
2265 1787 14 20 3
2308 1786 48 21 0..
2375 1788 13 19 0
2413 1787 13 20 5
2452 1789 12 19 0

1887 1812 87 21 Sugar:
1992 1812 117 22 Mauritius
2118 1819 41 20 per
2166 1816 47 19 cwt.
2228 1815 14 19 0
2268 1814 14 20 0
2310 1814 14 20 0
2341 1827 18 6 ..
2392 1820 54 15 none

1993 1839 81 21 Brown
2088 1838 55 22 ditto
2160 1841 75 19 ....1
2263 1840 14 21 2
2305 1841 80 20 0..1
2413 1841 12 20 8
2451 1843 12 18 0

1994 1865 95 22 Refined
2104 1865 53 27 loaf,
2174 1873 40 20 per

2019 1892 23 21 lb
2226 1896 14 19 0
2267 1895 13 20 0
2309 1893 13 22 7
2339 1908 18 6 ..
2375 1896 14 19 0
2414 1896 14 19 0
2452 1896 11 19 8

1995 1918 94 22 Manilla
2108 1926 40 20 per
2160 1923 48 18 cwt.
2225 1922 10 20 1
2265 1922 13 19 0
2306 1923 13 18 0
2337 1935 18 6 ..
2376 1922 9 19 1
2413 1923 13 18 6
2450 1923 11 19 0

1887 1946 58 21 Salt
1953 1953 5 13 :
1975 1945 124 27 Liverpool,
2109 1953 40 19 per
2158 1949 39 18 ton
2204 1949 35 19 .0
2266 1948 14 19 0
2307 1948 13 19 0
2338 1960 19 7 ..
2376 1949 14 20 0
2415 1949 13 20 0
2448 1950 12 18 0

1887 1972 58 20 Soap
1954 1979 6 12 :
1988 1972 100 19 Hawes's
2111 1972 101 25 London,

2013 2003 39 19 per
2058 1999 38 18 ton
2212 1998 27 20 20
2266 1999 14 19 0
2308 1999 13 20 0
2339 2012 5 5 .
2351 1998 38 21 .23
2415 2000 13 19 0
2453 2000 12 19 0

2004 2022 116 28 Liverpool
2213 2025 26 20 16
2266 2025 14 20 0
2308 2026 14 19 0
2338 2025 50 20 ..18
2414 2025 13 19 0
2453 2027 12 18 0

1887 2049 91 22 Starch
1985 2057 5 14 :
2007 2049 42 22 Per
2057 2049 22 22 lb
2228 2052 14 19 0
2268 2052 14 19 0
2310 2052 13 19 9
2340 2064 19 7 ..
2377 2052 13 20 0
2417 2052 9 21 1
2454 2054 11 19 0

1887 2076 142 22 Scantling:
2046 2076 41 21 Per
2094 2078 39 20 100
2143 2076 66 22 feet..
2228 2079 14 19 0
2270 2079 12 19 8
2310 2079 13 19 0
2341 2092 18 5 ..
2378 2078 50 21 012
2454 2080 11 19 0

1887 2103 114 22 Shingles
2009 2111 5 13 :
2030 2103 43 22 Per
2080 2104 61 26 1000,
2149 2104 29 21 N.
2187 2104 25 21 Z.
2228 2106 13 19 0
2268 2105 14 20 9
2310 2106 13 19 0
2340 2118 18 6 ..
2377 2106 52 20 012
2454 2107 11 18 0

2016 2130 70 27 Ditto,
2108 2129 28 22 V.
2148 2130 27 22 D.
2187 2130 26 22 L.
2228 2132 13 20 0
2268 2132 14 20 0
2310 2132 14 19 0
2341 2145 18 6 ..
2377 2133 51 20 010
2454 2134 11 19 6

1887 2157 61 22 Tar:
1965 2157 54 21 Coal
2228 2158 52 20 11
2310 2159 14 19 0
2341 2172 18 5 ..
2378 2160 14 19 0
2417 2160 13 19 0
2454 2161 11 18 0

1969 2183 127 22 Stockholm
2230 2185 11 20 I
2270 2186 11 19 1
2311 2186 81 20 0..0
2416 2187 13 19 0
2454 2188 11 18 0

1887 2210 61 22 Tea:
1959 2210 80 28 Hyson
2044 2210 54 27 skin,
2105 2217 40 21 per
2154 2210 62 23 chest
2228 2212 14 21 5
2269 2214 15 19 0
2311 2212 13 20 0
2341 2225 18 7 ..
2378 2210 14 23 7
2417 2212 13 22 7
2454 2214 11 19 0

1962 2238 94 26 Congou
2217 2239 26 21 10
2269 2240 15 19 0
2311 2240 13 19 0
2341 2252 19 7 ..
2378 2240 14 19 0
2405 2240 23 21 18
2454 2242 11 18 0

1887 2264 105 21 Tobacco
2000 2273 6 12 :
2019 2264 141 27 Negrohead,
2176 2272 41 18 per

2045 2291 30 21 lb.
2087 2291 25 21 in
2127 2290 60 22 bond
2228 2294 14 19 0
2270 2293 8 20 1
2311 2294 48 19 0..
2378 2294 13 19 0
2418 2294 9 19 1
2454 2294 11 20 6

1887 2317 164 22 Turpentine:
2066 2318 144 26 Pergallon..
2228 2321 14 19 0
2269 2321 14 19 8
2311 2320 14 19 0
2342 2332 18 7 ..
2379 2320 13 20 0
2406 2320 24 21 10
2454 2322 11 19 0

1888 2344 161 23 Whalebone:
2065 2345 42 21 Per
2116 2348 39 18 ton
2166 2347 77 20 ....90
2269 2348 14 19 0
2311 2347 14 20 0
2341 2347 64 20 ..110
2417 2348 13 19 0
2455 2348 10 19 0

1888 2370 81 23 Wine:
1985 2371 88 28 Sherry,
2084 2379 39 20 per
2131 2372 51 27 pipe
2193 2386 18 6 ..
2216 2374 27 20 28
2270 2374 14 20 0
2312 2374 13 19 0
2342 2374 50 19 ..40
2417 2375 13 19 0
2455 2375 10 19 0

1995 2398 72 27 Ditto,
2081 2406 40 19 per
2134 2398 80 22 dozen.
2230 2400 10 20 1
2268 2400 15 21 4
2312 2401 13 19 0
2342 2413 18 6 ..
2378 2400 14 20 2
2406 2400 24 21 10
2455 2402 10 18 0

1997 2425 60 27 Port,
2068 2432 38 20 per
2115 2425 51 27 pipe
2192 2440 17 6 ..
2214 2428 28 19 28
2268 2428 15 19 0
2310 2428 14 19 0
2341 2440 18 6 ..
2365 2428 27 19 60
2416 2428 13 19 0
2453 2428 12 19 0

2062 2459 39 20 per
2111 2453 49 21 doz.
2189 2454 50 20 ..1
2267 2454 13 20 8
2309 2454 14 20 0
2340 2466 17 7 ..
2376 2454 14 20 2
2415 2455 12 20 8
2452 2455 13 19 0

1995 2478 149 28 Champagne,
2159 2479 54 22 ditto
2226 2481 14 20 2
2266 2480 14 20 5
2309 2481 14 20 0
2340 2494 17 6 ..
2375 2481 53 20 410
2453 2482 12 19 0

1889 2505 120 22 Poultry:
2023 2506 79 26 Fowls,
2108 2513 41 19 per
2155 2506 60 27 pair.
2230 2508 14 20 0
2270 2508 14 19 8
2312 2508 14 19 0
2341 2520 19 7 ..
2379 2508 13 20 0
2406 2508 24 20 16
2454 2508 11 19 0

2022 2532 83 28 Ducks,
2115 2532 57 22 ditto
2192 2546 17 7 ..
2228 2535 14 20 0
2256 2534 27 20 16
2310 2534 14 19 0
2341 2534 51 20 ..0
2417 2535 13 20 0
2454 2536 11 18 0

2023 2559 79 27 Geese,
2113 2559 56 22 each
2191 2574 18 6 ..
2228 2562 11 19 1
2268 2561 14 20 0
2310 2561 14 20 0
2340 2574 18 6 ..
2377 2562 14 19 0
2416 2562 13 19 0
2454 2562 11 19 0

2022 2586 107 27 Turkeys,
2140 2586 56 21 each
2229 2588 55 20 010
2312 2588 13 19 0
2342 2600 18 7 ..
2379 2588 14 20 0
2418 2588 12 20 0
2454 2588 11 19 0

2023 2612 103 28 Pigeons,
2135 2613 79 27 (wild,)

2049 2647 39 20 per
2096 2640 49 27 pair
2166 2642 77 19 ....0
2270 2642 12 19 1
2311 2642 13 19 0
2341 2654 19 7 ..
2378 2642 14 20 0
2415 2642 13 19 2
2454 2642 11 19 0

1972 2668 4 9 1
2022 2666 128 27 Ducks,do.
2161 2666 50 22 do..
2230 2669 14 19 0
2270 2668 15 20 4
2312 2668 48 19 0..
2378 2669 14 20 0
2417 2669 13 20 6
2454 2668 11 19 0

1888 2694 73 22 Eggs:
1978 2694 43 21 Per
2032 2693 70 22 dozen
2230 2696 14 19 0
2270 2696 15 19 2
2312 2695 13 20 6
2342 2708 18 7 ..
2379 2696 14 19 0
2417 2696 13 19 3
2455 2696 10 18 0

1889 2721 77 22 Cows:
1980 2720 72 23 Milch
2218 2722 26 20 15
2271 2723 14 19 0
2313 2722 13 19 0
2342 2722 50 21 ..25
2417 2723 13 19 0
2455 2722 10 19 0

1889 2748 96 21 Mares:
2000 2747 75 22 Brood
2215 2749 29 20 50
2270 2750 14 19 0
2312 2749 13 20 0
2341 2749 51 21 ..80
2416 2749 14 20 0
2454 2749 11 18 0

1889 2774 115 22 Working
2022 2775 117 21 Bullocks
2147 2782 6 13 :
2174 2774 45 24 Per.

1915 2802 49 26 pair
2217 2803 28 20 40
2271 2803 15 20 0
2313 2802 13 21 0
2342 2802 51 21 ..60
2418 2802 12 20 0
2454 2802 11 19 0

1889 2828 63 22 Hire
1963 2835 27 14 of
2000 2835 67 14 ditto
2074 2835 5 14 :
2094 2828 44 23 Per
2145 2828 50 27 day,
2204 2835 14 15 a

1915 2858 61 19 team
1985 2854 46 23 and
2037 2854 73 22 driver
2232 2856 10 19 1
2271 2856 15 20 0
2312 2856 57 20 0...
2379 2856 14 20 2
2418 2856 13 19 0
2454 2856 11 19 0

1889 2881 87 22 Sheep:
1992 2881 60 22 Each
2230 2883 11 20 1
2269 2883 15 19 0
2311 2883 14 20 0
2341 2894 19 8 ..
2380 2882 10 21 1
2417 2883 13 20 8
2454 2883 11 18 0

1889 2908 62 21 Boat
1962 2907 73 22 Hire:
2051 2908 41 21 Per
2098 2908 50 31 day,
2153 2908 63 21 with-

2077 2938 40 18 out
2125 2934 72 22 hands
2207 2936 35 20 .0
2256 2935 27 20 10
2310 2936 14 19 0
2341 2948 19 7 ..
2379 2936 10 20 1
2418 2937 12 20 0
2454 2936 11 19 0

1889 2960 97 23 Wages:
2015 2960 138 28 Mechanics,
2177 2969 41 19 per

2040 2988 62 22 week
2204 3002 7 8 
2229 2989 14 20 2
2270 2990 14 19 0
2311 2989 14 20 0
2341 3002 25 7 ...
2378 2989 14 21 212
2393 2992 3 7 1
2406 2990 26 21 It)
2454 2990 11 19 0

2023 3014 126 23 Labourers
2166 3029 45 6 ....
2230 3016 11 21 1
2269 3016 15 20 4
2311 3016 14 20 0
2341 3029 19 6 ..
2380 3016 51 21 110

2122 3042 121 22 DUTIES.

1890 3068 98 23 British
1998 3069 90 22 Spirits
2301 3070 33 21 4s.
2343 3077 40 20 per
2391 3069 72 28 gallon.

1890 3095 104 22 Foreign
2006 3095 55 23 ditto
2301 3096 32 22 ss.
2343 3103 40 21 per
2390 3096 73 28 gallon.

1889 3122 104 22 Tobacco
2002 3123 176 27 manufactured,
2305 3124 29 21 Is.
2343 3131 40 20 per
2390 3124 28 21 lb.

2002 3150 205 25 Unmanufactured
2301 3150 36 23 9d.
2348 3157 40 21 per
2394 3150 27 23 lb.

1891 3176 73 22 Snuff
2302 3178 79 27 2s.,per
2389 3176 27 23 lb.

1891 3203 85 22 Cigars
2303 3205 31 20 2s.
2344 3211 40 21 per
2391 3204 27 21 lb.

1890 3230 82 21 Wines
2294 3231 26 21 15
2333 3237 39 21 per
2380 3232 50 20 cent.

1890 3256 55 27 Tea,
1959 3257 85 27 Sugar,
2060 3258 86 26 Flour,
2164 3258 114 32 Wheat,]

1908 3283 45 22 and
1962 3284 63 21 other
2036 3284 85 28 Grain,
2131 3286 14 19 5
2154 3291 41 20 per
2203 3287 58 20 cent.
2273 3280 5 26 I
2319 3298 12 14 A
2381 3303 51 9 nMrn

1891 3310 40 21 All
1938 3310 62 22 other
2009 3310 105 23 Foreign
2119 3311 143 27 productions
2272 3300 14 43 f
2305 3300 31 22 ai
2343 3300 97 20 raloWnL

1904 3336 44 22 and
1952 3338 165 21 manufactures
2125 3339 135 25 lOper-cent.
2266 3332 12 32 J

2089 3364 186 24 EXCHANGE.

1890 3403 69 25 B«k
1966 3403 51 23 m.
2025 3411 29 16 m
2064 3404 95 23 Loadon
2190 3392 273 55 {*>£»ggj£

1891 3444 37 22 On
1935 3444 88 28 Sydney
2307 3447 70 21 Ditto.

1891 3470 88 23 Private
1988 3471 50 22 bills
2282 3472 111 21 Nominal.

1885 3546 5 2 .
1911 3528 39 17 The
1960 3528 52 17 New,
2018 3528 98 20 Zeaxaiw
2127 3531 92 19 Gaz*xx*
2225 3532 36 18 and
2271 3531 133 19 Wtwvatov
2413 3529 46 17 Sjbbc-

1891 3553 63 13 tator
1959 3549 16 17 is
1981 3548 96 21 published
2082 3555 56 17 every
2144 3552 111 21 Wednesday
2265 3552 37 17 and
2312 3552 90 20 Saturday.
2421 3548 38 18 Sub-

1889 3569 61 21 joined
1955 3574 32 12 are
1993 3570 31 16 the
2030 3571 64 17 terms:
2096 3580 23 4 —

1912 3590 62 17 Price
1980 3595 26 12 of
2012 3595 41 12 the
2059 3592 150 21 Paper.—Forty
2214 3593 84 21 shillings
2303 3597 32 17 per
2344 3595 80 17 annum,.)

1891 3611 40 17 able
1936 3611 22 16 in.
1962 3611 89 21 adrance;
2061 3617 21 14 or
2087 3617 35 15 one
2128 3614 77 20 shilling
2209 3614 28 19 for.
2243 3614 58 20 single
2307 3614 97 18 numbers..

1912 3632 154 17 Advertisements
2072 3630 38 20 trill
2114 3635 34 16 not
2154 3639 65 16 appear
2228 3635 20 16 in
2258 3635 32 16 the
2300 3634 77 19 ensuing
2387 3632 68 17 number

1891 3652 17 16 if
1915 3653 82 16 received
2002 3653 48 17 later
2055 3654 156 20 than-10-o'clock,
2218 3660 48 14 a.m.,
2272 3660 24 12 on
2303 3654 31 18 the
2340 3653 87 20 mornings
2432 3652 27 15 bt*

1891 3674 38 16 fore
1941 3673 118 21 publication.
2079 3675 159 19 Advertisements,
2248 3675 38 19 will
2296 3676 23 16 he
2327 3674 93 19 continued
2426 3670 33 18 and

1891 3694 77 20 charged
1978 3694 48 16 until
2035 3696 165 20 counter-ordered;
2211 3696 45 18 such
2262 3696 53 16 order
2320 3696 49 18 must
2374 3695 21 16 be
2401 3693 38 17 sent
2444 3693 15 14 to

1891 3715 31 16 the
1931 3715 55 16 Office
1997 3716 36 16 tiro
2051 3716 44 21 days
2099 3725 7 3 -
2113 3717 60 19 before
2178 3717 122 21 .publication*
2310 3716 43 18 and,
2355 3715 49 18 must
2411 3712 48 19 be.in

1891 3735 79 22 writing.'
1992 3736 161 18 Advertisements,
2159 3738 90 17 received^
2258 3736 53 23 qfter
2327 3737 28 18 10f
2362 3734 65 19 o'clock.
2438 3735 21 14 o»

1891 3756 83 20 Tuesday
1985 3756 37 20 and
2032 3757 64 21 Friday
2107 3758 97 21 morning*
2211 3757 37 18 will
2256 3759 24 15 be
2290 3756 77 21 charged
2376 3755 47 17 twice
2431 3754 28 15 to*

1891 3776 54 19 usual
1948 3777 55 17 rates.
2206 3775 12 5 ~

1912 3797 30 17 All
1947 3797 67 19 oiders,
2024 3798 157 20 advertisements,
2190 3798 37 17 and
2237 3795 159 20 communications
2406 3797 17 15 to
2433 3795 26 14 toe

1892 3818 68 19 Editor,
1965 3822 32 13 we
2001 3820 97 19 requested
2103 3821 19 15 to
2128 3820 23 15 be
2156 3817 124 18 addressed-td
2282 3818 42 17 this-
2327 3818 60 16 Offlcei.

1892 3863 74 18 Printed
1979 3864 37 16 and
2028 3863 96 22 published
2141 3868 54 17 every
2209 3863 113 21 Wednesday
2336 3861 36 18 and
2381 3854 78 25 siturta

1912 3884 89 21 morning,
2015 3884 27 21 by'
2056 3886 83 17 Sadhibl
2153 3886 87 18 Bevam,
2255 3886 21 15 at
2289 3884 38 17 the-

1884 3935 5 8 ,
1901 3930 55 15 **©*,
1967 3926 153 19 iftttoarirttrMt,
2131 3926 113 21 WritiHgUm,
2256 3926 43 16 Port
2312 3922 98 19 Nfofaotkon,
2422 3920 37 16 N»*

1884 3950 17 13 «»
1914 3946 83 17 Zealand.

707 3209 29 24 In
747 3210 38 23 the
797 3211 129 28 meantime,
948 3211 13 23 I
973 3211 57 25 shall
1049 3213 128 24 endeavour
1188 3222 25 16 so
1230 3219 22 19 to

671 3243 102 31 regulate
789 3251 39 22 my
845 3243 96 23 conduct
952 3252 25 16 as
993 3245 63 24 while
1069 3246 13 23 I
1103 3254 53 24 may
1166 3252 40 20 not
1224 3256 30 16 on

672 3276 39 24 the
722 3284 43 16 one
776 3275 60 25 hand
849 3278 148 30 compromise
1007 3278 43 24 the-
1057 3280 117 31 authority,
1183 3280 24 24 of
1215 3280 39 25 the

672 3309 163 29 Government,
849 3309 12 24 I
874 3317 60 24 may,
944 3310 32 29 by
986 3319 38 22 my
1033 3313 133 24 attendance
1177 3322 29 16 on
1214 3314 40 25 the

671 3342 80 29 bench,
765 3343 80 23 enable
856 3343 64 23 those
939 3348 103 27 amongst
1051 3353 48 23 you
1110 3346 49 24 who
1179 3347 77 24 reside

664 3380 31 19 .at
709 3383 13 16 a
733 3376 101 23 distance
845 3380 24 19 to
880 3380 78 20 return
969 3381 22 19 to
1002 3385 56 23 your
1069 3380 89 23 several
1166 3380 87 30 homes,

664 3410 2 8 '
672 3409 44 23 and
734 3409 94 30 thereby
840 3409 50 23 best
899 3417 104 23 preserve
1016 3410 36 24 the
1059 3411 107 33 ordinary
1175 3420 79 17 course

673 3442 24 23 of
708 3441 85 31 justice
802 3442 24 23 in
837 3442 45 23 this
893 3443 130 25 settlement
1032 3444 58 23 until
1102 3445 39 23 the
1150 3446 104 31 pleasure

672 3475 25 23 of
711 3475 41 23 her
769 3474 121 32 Majesty's
903 3475 72 25 Local
984 3477 155 24 Government
1150 3479 57 25 shall
1226 3480 31 28 be,

671 3508 92 27 further,
770 3507 91 25 known.
897 3508 14 24 I
922 3508 59 31 have,
990 3510 38 24 the
1038 3510 74 26 honor
1122 3515 24 19 to
1158 3512 35 29 be,

664 3534 3 12 '
706 3540 144 29 Gentlemen,
860 3541 65 25 Your
937 3547 59 20 most
1007 3543 104 24 obedient
1122 3551 97 23 servant,

665 3587 2 11 i
1024 3576 109 25 George
1151 3578 102 24 White.

861 3636 198 26 AUCKLAND.

706 3693 148 24 Auckland
869 3693 164 26 Dispensart
1052 3703 54 18 and
1125 3698 129 28 Aoriqul-

673 3732 83 16 toral
788 3726 118 24 Society.
908 3738 34 5 —
942 3727 47 24 For
1025 3736 62 16 some
1116 3731 54 24 time
1203 3738 56 26 past;

672 3758 97 31 nothing
779 3758 42 23 has
832 3759 57 23 been
900 3759 71 24 heard
982 3761 25 22 of
1023 3761 36 24 the
1071 3764 150 31 proceedings
1233 3766 26 23 of

673 3790 71 24 either
772 3791 26 23 of
829 3792 63 23 these
921 3793 147 25 institutions.
1115 3796 71 25 What
1213 3799 42 23 has

672 3823 91 25 become
781 3824 121 40 o|thera?
929 3825 22 26 is
969 3834 13 15 a
998 3828 104 30 question
1128 3828 128 36 frequently

671 3861 44 26 put
731 3861 22 20 to
774 3858 45 29 usjf
830 3858 42 23 but
892 3865 32 17 we
943 3864 81 20 cannot
1045 3869 89 17 answer
1151 3864 103 32 nothing.

669 3889 47 37 jWe
727 3889 55 25 have
794 3890 72 24 heard
877 3891 48 24 that
938 3891 38 24 the
988 3893 81 32 officer,
1080 3894 178 35 'administering;

668 3921 43 25 ithe
727 3928 149 25 government
885 3923 42 24 has
944 3925 91 30 refused
1089 3935 45 22 pay
1145 3929 37 24 his
1200 3930 55 24 auh-

56 136 100 30 fptyour
167 134 117 31 guidance,
297 132 41 25 the
346 131 83 29 outline
441 130 25 24 of
475 130 53 30 duty
537 129 73 24 which
619 130 13 23 I

57 169 101 26 conpeive
170 166 44 24 will
225 166 41 23 fall
276 165 71 26 under
358 172 55 24 your
432 163 202 31 superintendence

57 208 25 16 as
101 201 74 29 acting
195 199 78 23 Police
293 198 135 31 Magistrate
450 201 22 18 at
492 196 96 27 Nelson,
608 196 24 22 in

55 232 72 24 which
138 232 107 31 capacity,
258 231 71 23 under
341 231 36 22 the
396 229 112 29 authority
520 227 76 29 Tested
609 228 23 22 in

55 273 37 16 me
102 265 28 30 by
142 265 37 23 his
189 264 139 29 Excellency
335 263 38 23 the
385 262 124 27 Governor,
523 260 14 23 I
549 260 84 31 hereby

53 302 89 26 request
154 304 45 24 you
210 302 23 18 to
253 295 96 32 proceed
368 295 54 23 with
440 293 30 28 a\L
481 293 100 31 possible
591 293 41 23 de-

55 330 85 31 spatch.

88 363 13 23 I
114 363 56 23 need
180 367 39 19 not
230 363 63 29 ppint
304 365 40 19 out
355 365 22 18 to
388 368 46 23 you
445 359 37 24 the
494 359 139 30 expediency

53 396 26 23 of
94 403 54 23 your
160 396 109 28 directing
280 401 57 23 your
348 392 128 24 immediate
487 392 111 23 attention
610 395 22 20 to

54 428 40 24 the
104 428 85 24 further
201 426 143 28 elucidation,
355 426 31 30 by
397 433 44 22 any
451 432 78 16 means
541 425 24 22 in
577 431 65 23 your.?

52 468 80 24 power,
153 460 25 23 of
198 460 40 23 the
257 459 57 24 facts
335 459 25 23 of
374 459 38 22 the
429 458 45 23 late
492 457 142 29 melancholy

53 493 68 30 affray
132 497 24 20 at
167 492 101 28 Wairau,
280 492 31 30 by
323 491 93 30 seeking
428 495 40 19 out
486 490 56 23 such
555 490 25 24 of
595 490 39 22 the

52 525 134 24 individuals
203 525 49 26 w,ho
273 532 38 16 are
330 528 24 19 at
371 528 91 26 present
478 521 156 25 unaccounted

51 558 43 29 for,
107 558 42 23 and
161 558 81 30 taking
254 558 57 22 their
323 557 146 30 depositions.

85 591 24 22 It
120 591 72 22 would
203 591 27 22 be
241 591 102 22 likewise
355 589 111 24 desirable
483 589 56 28 that,
552 589 29 30 by
593 588 39 24 the

55 623 89 23 earliest
151 623 100 31 possible
261 629 146 24 conveyance,
415 630 46 23 you
470 621 81 24 should
559 626 74 20 trans-r

53 657 42 22 mit
106 660 21 19 to
144 656 130 28 Auckland,
287 656 36 23 for-
341 655 37 24 the
396 655 145 26 information
558 654 25 23 of
597 653 37 24 his

54 689 145 30 Excellency,
212 697 28 15 an
261 693 94 19 account
373 688 24 23 of
413 688 37 23 the
462 687 76 31 public
549 686 86 31 feeling

52 726 24 18 at
88 722 93 28 Nelson,
194 730 24 15 as
231 721 49 24 well
299 730 27 14 as
344 721 24 23 of
382 721 39 26 the
432 720 91 31 general
534 721 100 30 position

54 755 25 22 of
94 754 83 24 affairs.

87 787 14 23 I
113 787 54 23 have
180 787 46 23 also
240 791 22 20 to
280 791 90 26 request
388 794 47 23 you.
450 786 52 27 will,
516 793 25 15 as
562 785 33 23 far
609 793 26 15 as

53 827 44 23 you
109 827 36 15 are
165 819 56 29 able,
243 819 82 31 supply
345 819 37 23 the
400 819 141 25 deficiencies
561 818 74 23 which

54 853 38 22 the
114 852 85 23 sudden
221 852 45 22 and
288 852 135 22 lamentable
445 850 79 24 deaths
544 850 26 24 of
593 851 40 23 the

54 886 87 22 various
153 885 75 30 public
240 885 87 22 officers
341 885 55 22 have
407 883 150 31 unavoidably
570 891 63 15 crea-

55 918 37 22 ted
102 918 23 22 in
137 918 38 22 the
186 918 85 22 several
284 918 83 22 official
386 917 151 31 departments
549 916 63 23 there
628 925 5 20 ;

54 951 45 23 and
110 951 11 23 I
133 950 56 24 need
201 955 40 19 not
253 950 43 27 add
306 950 50 23 how
368 951 95 22 anxious
476 949 12 23 I
501 949 59 23 shall
570 949 29 23 be
612 954 22 18 to

54 983 54 24 hear
118 984 57 23 from
187 991 44 23 you
248 991 61 23 upon
327 983 38 23 the
383 987 57 19 state
459 982 23 23 of
498 982 38 23 the
555 982 79 23 settle-

54 1020 69 25 ment,
135 1016 71 23 which
218 1016 15 23 I
244 1020 60 19 trust
319 1024 56 22 your
387 1015 81 24 arrival
480 1015 47 23 will
546 1015 53 23 tend
610 1015 25 23 in

54 1057 63 15 some
129 1048 80 32 degree
221 1054 23 18 to
258 1049 141 31 tranquillize
421 1048 41 24 and
483 1052 86 19 restore
588 1052 22 19 to
622 1057 14 14 a

56 1081 81 31 feeling
149 1082 26 23 of
183 1081 136 29 confidence,
330 1081 30 31 by
374 1082 37 23 the
422 1088 127 19 assurance,
563 1080 72 25 which

55 1122 44 22 you
113 1114 45 23 will
170 1114 28 23 be
210 1114 56 30 fully
275 1114 103 31 justified
398 1116 24 21 in
440 1114 93 30 holding
551 1118 47 24 out,
613 1114 26 23 of

55 1147 39 23 the
105 1147 84 30 perfect
198 1148 97 29 security
307 1151 40 19 not
358 1147 52 31 only
422 1154 32 16 we
466 1147 43 23 feel
522 1147 60 28 here,
595 1147 41 23 but

57 1179 71 24 which
146 1179 54 31 they
210 1188 52 22 may
274 1180 72 30 safely
363 1181 110 22 entertain
494 1179 71 29 there,
577 1179 58 24 from

57 1221 44 22 any
113 1213 105 23 offensive
231 1217 137 19 movements
381 1213 25 23 of
421 1213 38 23 the
470 1212 136 31 aborigines.

92 1245 74 24 There
186 1247 19 22 is
227 1254 41 15 one
288 1247 63 29 point
372 1245 72 24 which
464 1245 13 23 I
495 1245 45 31 beg
558 1250 23 18 to
593 1245 43 24 call

57 1286 57 23 your
125 1279 120 30 particular
256 1280 109 22 attention
377 1284 30 24 to,
421 1278 71 23 which
503 1279 28 28 is,
540 1279 23 22 in
572 1279 64 23 order

59 1316 23 18 to
94 1316 92 26 prevent
198 1311 36 24 the
250 1312 126 30 possibility
389 1312 25 23 of
429 1320 43 21 any
483 1311 89 24 further
589 1311 47 24 dis-

57 1348 66 27 putes
134 1345 85 29 arising
229 1344 99 24 between
341 1345 37 23 the
391 1345 56 23 New
455 1344 99 24 Zealand
567 1344 69 24 Com-

57 1384 60 24 pany
128 1377 43 23 and
184 1377 36 23 the
233 1377 95 23 Natives
341 1379 24 21 of
379 1377 49 24 that
439 1378 94 27 district,
546 1377 49 24 that
607 1378 31 23 all

58 1417 91 23 surveys
161 1410 28 23 be
201 1410 127 30 suspended
341 1410 57 25 until
415 1411 56 23 such
483 1411 54 22 time
549 1419 25 14 as
585 1410 51 24 fur-

57 1443 50 23 ther
119 1443 145 23 instructions
276 1443 28 23 be
323 1444 101 23 received
436 1444 56 22 from
505 1443 37 24 the
556 1448 47 19 seat
615 1444 25 23 of

59 1476 152 23 Government
224 1483 28 15 on
264 1476 49 23 that
325 1476 65 23 head.

156 1513 12 24 I
182 1513 56 24 have
251 1513 36 24 the
300 1514 70 23 honor
380 1518 21 19 to
414 1515 34 28 be,
463 1515 44 27 Sir,

189 1550 65 24 Your
266 1556 59 19 most
336 1551 104 24 obedient
452 1557 99 24 servant,

275 1590 31 23 A.
320 1589 29 24 E.
364 1589 157 30 M'Donogh,
534 1591 68 23 P.M.

55 1649 58 31 (No.
126 1650 70 32 2.)—
196 1650 70 24 From
278 1650 90 31 George
379 1650 85 30 White,
483 1651 69 31 Esq.,
572 1652 64 28 J.P.,

155 1688 23 19 to
191 1684 37 23 the
240 1683 148 32 Magistrates
400 1685 25 22 of
435 1684 94 24 Nelson.

301 1722 94 29 Nelson,
409 1722 53 31 July
476 1725 37 27 15,
528 1725 74 23 1843.

89 1760 172 29 Gentlemen,
264 1774 31 3 —
297 1761 23 23 It
339 1761 68 31 being
417 1762 132 31 impossible
561 1765 41 19 not
614 1766 23 18 to

57 1793 42 24 feel
116 1794 38 23 the
174 1794 113 23 mistaken
300 1795 55 22 view
375 1795 23 22 in
411 1795 74 24 which
503 1803 39 22 my
554 1795 83 23 arrival

55 1826 54 24 here
120 1827 41 23 has
172 1827 56 23 been
240 1828 77 28 taken,
330 1827 43 23 and
386 1828 23 22 in
421 1827 63 23 order
495 1832 23 19 to
528 1828 109 31 dissipate

55 1859 31 30 by
95 1868 65 22 every
169 1868 78 15 means
257 1861 21 22 in
292 1868 38 22 my
338 1868 74 23 power
423 1860 39 23 the
470 1861 85 30 feeling
562 1861 75 23 which

57 1892 49 23 that
123 1894 160 22 circumstance
303 1894 42 22 has
362 1894 132 31 apparently
504 1895 68 30 given
592 1895 46 22 rise

58 1930 30 23 to,
101 1934 24 14 as
137 1926 49 23 well
198 1934 24 15 as
236 1931 22 18 to
269 1930 35 19 set
316 1931 39 18 not
371 1927 53 29 only
435 1927 83 30 myself
527 1925 27 33 (I
565 1926 73 32 hope)

58 1958 69 30 right,
137 1958 43 24 but
190 1959 47 24 also
249 1959 38 24 the
297 1960 99 23 resident
407 1959 130 24 authorities
547 1964 24 19 at
582 1960 57 23 Port

59 1990 132 29 Nicholson,
211 1999 25 16 as
259 1996 21 18 to
294 1992 37 22 the
343 1991 46 23 sole
406 1992 95 23 motives
511 1991 74 25 which
601 1992 37 23 in-

59 2023 71 24 duced
149 2024 61 23 them
229 2029 22 18 to
263 2024 54 23 take
335 2024 38 23 the
391 2028 61 27 steps
471 2024 52 32 they
536 2024 38 24 did
594 2024 44 24 and

58 2056 83 31 myself
149 2057 35 23 for
203 2057 84 31 having
299 2057 105 31 accepted
426 2057 37 23 the
475 2057 135 32 delegation,
624 2057 14 24 I

57 2090 44 23 will
113 2094 22 19 at
147 2097 54 16 once
212 2090 37 31 lay
261 2090 76 24 before
348 2098 44 24 you
403 2090 38 24 the
452 2096 95 26 purport
560 2091 24 23 of
598 2099 40 23 my

53 2130 112 24 jpresence
177 2128 104 26 amongst
292 2131 53 22 you.

90 2160 38 24 On
139 2161 38 23 the
188 2162 50 22 first
248 2162 82 23 arrival
342 2162 25 23 of
382 2162 39 24 the
431 2170 61 16 news
503 2163 24 23 of
543 2162 39 24 the
592 2163 46 23 late

57 2194 111 30 calamity,
182 2195 44 23 and
238 2202 28 16 on
278 2196 89 30 casting
377 2195 38 24 the
426 2196 83 23 mind's
523 2204 41 22 eye
577 2203 61 21 over,

59 2227 14 23 I
85 2235 50 23 may
146 2235 48 22 say,
207 2228 38 22 the
256 2232 97 27 aparent
364 2229 57 23 total
431 2230 135 30 suspension
575 2230 26 22 of
609 2230 31 22 all

59 2260 38 23 the
116 2260 128 31 machinery
263 2261 25 23 of
306 2261 155 24 Goverument
480 2262 54 23 here
553 2262 30 30 by
602 2262 38 23 the

59 2293 77 24 deaths
147 2294 27 22 of
192 2293 29 24 all
234 2294 37 23 the
283 2294 99 24 resident
393 2295 133 30 recognized
538 2295 101 23 authori-

59 2327 54 28 ties,
131 2327 19 23 it
168 2334 44 16 was
233 2327 96 30 thought
346 2328 31 30 by
388 2328 38 23 the
445 2328 99 23 resident
562 2328 78 24 Police

63 2359 136 30 Magistrate
210 2364 24 19 at
245 2360 147 31 Wellington,
414 2361 44 23 and
468 2362 132 30 acquiesced
616 2362 24 22 in

60 2393 30 30 by
101 2392 64 24 those
179 2392 72 24 whom
271 2393 29 23 he
313 2393 95 31 thought
420 2398 126 27 competent
565 2398 23 19 to
600 2395 40 23 ad-

58 2426 49 23 vise
119 2425 55 23 with
186 2433 28 16 on
233 2426 48 23 that
299 2428 69 29 point,
388 2427 56 29 that,
466 2435 24 16 as
501 2427 39 24 the
551 2432 91 19 nearest

60 2459 137 30 recognized
220 2461 175 29 representative
415 2460 25 24 of
456 2461 40 23 her
520 2460 121 32 Majesty's

64 2491 161 30 Government,
237 2493 18 22 it
268 2500 45 15 was
323 2493 36 23 his
370 2493 56 31 duty
436 2498 23 19 to
471 2494 89 30 supply,
574 2502 24 15 as
607 2494 35 23 far

60 2532 27 15 as
104 2525 27 23 he
149 2532 47 16 was
213 2525 58 29 able,
293 2525 38 24 the
350 2534 78 16 means
445 2527 26 23 of
487 2527 98 31 keeping
603 2527 38 24 the

62 2557 127 33 machinery
209 2558 25 23 of
237 2560 93 30 justice
349 2560 23 23 in
390 2560 81 28 action,
491 2560 31 30 by
541 2560 101 31 clothing

60 2599 62 15 some
132 2591 124 24 individual
268 2592 53 23 with
335 2592 48 23 that
394 2592 80 31 degree
487 2593 24 23 of
526 2593 116 32 authority

63 2624 71 24 which
146 2624 80 23 should
241 2625 82 31 justify
334 2625 35 24 his
381 2625 110 33 affording
501 2626 40 23 the
552 2626 90 24 inhabi-

62 2662 61 20 tants
134 2658 26 23 of
176 2658 45 23 this
234 2658 147 29 settlements,
400 2666 24 16 as
436 2659 50 24 well
496 2667 26 15 as
538 2659 39 24 the
588 2668 54 23 very

63 2691 43 23 few
124 2691 126 30 remaining
270 2691 155 31 Magistrates,
447 2693 37 23 the
502 2692 100 25 addition
621 2694 24 23 of

63 2724 50 24 that
122 2723 167 31 responsibility
301 2724 79 28 which,
400 2725 92 23 without
511 2734 62 15 some
586 2727 58 23 such

64 2761 127 26 temporary
203 2757 127 28 substitute,
350 2757 52 31 they
421 2758 79 30 might,
522 2759 23 22 in
558 2767 51 16 case
621 2760 25 23 of

64 2797 45 23 any
121 2797 140 23 emergency,
272 2790 42 24 feel
327 2798 62 15 some
397 2790 120 24 hesitation
528 2793 25 21 in
564 2792 81 32 taking

66 2830 59 23 upon
137 2822 134 23 themselves
289 2823 154 31 individually,
455 2832 26 16 or
492 2832 58 17 even
562 2825 81 24 collec-

66 2855 75 31 tively.

99 2888 68 29 Such,
187 2888 12 24 I
211 2889 43 31 beg
269 2894 23 19 to
304 2898 77 16 assure
399 2899 52 23 you,
471 2899 57 16 were
541 2891 37 24 the
596 2892 48 24 sole

64 2922 94 29 motives
170 2922 71 23 which
254 2923 54 23 have
316 2925 103 23 actuated
431 2925 37 23 the
477 2925 133 24 authorities
621 2925 25 24 of

64 2955 138 31 Wellington
213 2957 23 22 in
248 2956 60 23 what
320 2957 51 30 they
383 2958 57 23 have
452 2958 64 24 done.

95 2993 34 23 As
146 2993 39 23 the
203 2994 138 24 instrument
351 2995 73 24 which
441 2995 53 31 they
504 2996 58 23 have
585 2997 58 23 been

66 3025 89 31 pleased
168 3031 22 18 to
201 3026 70 23 select
290 3031 23 20 to
325 3028 94 23 forward
438 3028 57 24 their
508 3029 74 31 object
600 3030 45 24 and

66 3059 78 23 wishes
157 3066 29 15 on
207 3059 37 23 the
262 3065 92 25 present
365 3062 110 29 occasion,
497 3062 12 24 I
522 3063 59 23 have
592 3063 53 31 only

65 3096 23 19 to
101 3091 41 23 add
155 3091 48 23 that
222 3092 14 23 I
248 3093 79 23 tender
346 3101 45 23 you
401 3102 39 22 my
452 3096 98 23 services
571 3096 24 23 in
605 3096 40 24 the

65 3125 67 22 above
144 3125 71 30 spirit,
235 3125 20 23 if
273 3133 44 22 you
329 3126 67 24 think
408 3135 44 22 you
465 3136 41 15 can
518 3133 53 19 turn
583 3129 62 24 them

69 3162 23 18 to
101 3164 42 24 any
155 3162 102 19 account.

101 3190 13 23 I
125 3190 72 23 would
204 3190 86 24 further
300 3192 93 24 observe
403 3193 49 25 that
463 3193 13 24 I
487 3194 44 24 feel
539 3202 25 16 so
575 3196 70 23 satis-

65 3223 44 23 fied
120 3223 47 23 that
178 3223 36 23 the
228 3225 95 23 conduct
332 3226 24 23 of
366 3226 37 23 the
415 3226 77 25 Police
504 3227 139 32 Magistrate

67 3257 27 22 is.
98 3260 92 25 correct,
202 3264 25 16 as
239 3258 49 22 well
299 3266 26 15 as
342 3258 35 24 his
390 3260 111 31 authority
513 3261 35 23 for
559 3269 26 15 so
596 3266 49 19 act-

66 3290 47 29 ing,
125 3288 50 24 that
185 3289 13 23 I
210 3289 58 26 shall
279 3291 84 31 readily
376 3292 53 23 take
440 3301 60 23 upon
511 3294 85 31 myself
605 3294 40 24 the

66 3322 104 30 carrying
188 3327 39 18 out
245 3330 43 23 any
300 3331 114 17 measures
431 3326 72 24 which
520 3334 48 23 you,
582 3326 39 33 (or
632 3328 16 24 I

67 3362 58 23 may,
139 3354 12 23 I
163 3353 66 32 hope,
241 3362 40 23 say
290 3355 44 32 we)
346 3365 51 23 may
408 3359 65 24 think
485 3360 51 23 best
547 3360 86 25 calcula
634 3375 11 15 r

68 3388 40 27 ted;
118 3392 21 19 to
150 3395 106 23 preserve
273 3388 38 24 the
322 3391 129 32 tranquility
463 3393 25 23 of
502 3393 46 23 this
567 3395 78 23 settle-

69 3425 60 19 ment
141 3428 26 16 or
177 3420 99 24 forward
295 3422 31 22 its
344 3422 50 24 best
404 3424 114 30 interests,
537 3427 59 24 until
607 3428 38 23 the

67 3454 104 31 pleasure
188 3453 26 24 of
230 3453 121 32 Majesty's
370 3455 153 27 Government
541 3460 58 23 shall
617 3461 28 23 be

69 3486 87 25 further
166 3486 91 25 known.
627 3487 2 8 '

101 3519 13 24 I
125 3524 59 24 tru_s,t
195 3519 50 24 this,
250 3520 57 23 view
319 3520 25 23 of
353 3520 37 26 the
402 3529 51 18 case
464 3524 45 23 will
520 3530 60 19 meet
591 3527 55 23 with

68 3560 55 23 your
134 3560 157 22 concurrence,
304 3561 33 22 as,
353 3554 24 23 in
389 3554 50 24 that
448 3563 58 22 case,
518 3557 19 24 it
548 3559 45 23 will
604 3560 41 23 ob-

68 3587 57 22 viate
143 3594 45 22 any
207 3586 115 24 reference
343 3592 21 17 to
382 3587 39 24 the
441 3590 103 29 question
563 3591 26 23 of
608 3593 38 23 the

67 3618 93 31 right,of
158 3632 5 12 :
174 3618 40 24 her
226 3618 122 33 Majesty's
360 3623 173 28 representative
545 3628 23 19 at
580 3625 65 24 Wei*

65 3651 87 31 lington
170 3656 23 19 to
212 3659 96 16 assume,
323 3661 43 23 any
385 3654 144 31 jurisdiction
553 3657 24 24 in
600 3658 45 24 this

67 3684 136 24 settlement.

101 3715 29 26 In
141 3717 137 30 conclusion,
299 3718 14 24 I
325 3720 73 25 wpuld
408 3721 44 23 add
462 3721 49 24 that
528 3730 51 23 you,
585 3729 62 19 must

65 3750 45 23 feel
128 3750 51 23 how
189 3750 110 24 desirable
317 3753 18 23 it
346 3753 28 28 is,
393 3757 24 19 at
437 3754 38 24 the
485 3761 92 25 present
595 3765 50 16 mo-

66 3787 68 25 ment,
151 3787 24 19 to
196 3791 106 23 preserve
317 3793 13 15 a
341 3786 58 30 good
416 3787 178 34 understanding
605 3790 40 24 be-

68 3819 71 22 tween
148 3815 39 24 the
198 3814 97 27 Sett&rs
306 3818 45 23 and
367 3819 39 23 the
419 3820 162 31 Government,
602 3824 44 24 end

64 3847 54 24 that
127 3848 38 24 the
181 3849 87 32 raising
287 3849 39 25 the
338 3853 103 29 question
546 3856 100 24 referred

68 3881 76 23 would
148 3886 39 19 not
196 3882 28 23 be
231 3882 56 31 only-
292 3884 116 31 impolitic,
420 3886 40 23 but
466 3887 24 23 in
499 3895 38 24 my
544 3889 101 30 opinion,

65 3913 130 25 frera-wbat
212 3915 14 23 I
237 3915 57 24 have
304 3916 54 24 here
370 3918 82 23 offered
464 3920 33 23 for
518 3928 59 21 your
586 3922 57 25 calm

1306 1353 51 24 The
1378 1353 71 24 Duke
1471 1355 25 22 of
1517 1354 89 23 Sussex
1622 1353 41 22 has
1681 1353 119 22 intimated
1819 1352 37 23 his

1272 1388 111 22 intention
1407 1387 24 22 of
1455 1387 105 30 standing
1578 1393 95 24 sponsor
1693 1386 24 22 in
1732 1393 82 23 person
1833 1390 23 18 to

1273 1420 37 22 the
1322 1420 73 22 infant
1407 1427 40 15 son
1458 1419 44 23 and
1511 1419 49 23 heir
1572 1419 26 22 of
1606 1418 63 23 Lord
1680 1419 23 23 J.
1717 1418 104 23 Russell.

1306 1453 33 23 At
1362 1461 14 15 a
1396 1453 100 30 meeting
1518 1452 25 23 of
1566 1452 38 23 the
1625 1452 190 23 Commissioners
1833 1452 25 23 of

1273 1494 77 21 sewer,
1374 1486 39 23 Sir
1436 1485 69 24 Peter
1525 1485 87 24 Laurie
1629 1492 56 23 gave
1707 1485 75 23 notice
1804 1485 26 23 of
1845 1494 13 14 a

1273 1520 84 22 motion
1394 1518 56 30 that,
1463 1519 24 22 in
1503 1518 37 23 the
1560 1518 92 31 opiuion
1671 1518 25 23 of
1717 1518 45 23 this
1784 1522 72 25 court,

1273 1552 38 23 the
1320 1551 63 24 wood
1395 1556 119 26 pavement
1525 1552 24 22 in
1560 1551 38 24 the
1610 1551 96 31 Poultry
1717 1552 21 22 is
1757 1551 99 31 danger-

1273 1593 40 16 ous
1326 1585 44 23 and
1381 1585 157 23 inconvenient
1550 1589 22 19 to
1586 1585 37 23 the
1633 1584 87 31 public,
1733 1584 45 24 and
1786 1584 72 31 ought

1273 1622 23 20 to
1306 1619 28 23 be
1346 1617 70 24 taken
1427 1626 32 23 up
1470 1617 43 24 and
1525 1617 104 32 replaced
1637 1617 31 31 by
1679 1619 88 30 granite
1785 1626 69 23 pave-

1307 1917 39 22 An
1358 1916 134 31 unpleasant
1504 1923 91 17 rumour
1609 1918 20 22 is
1648 1916 84 24 abroad
1751 1916 50 25 that
1818 1916 40 24 the

1278 1949 120 23 Ministers
1410 1949 90 23 intends
1511 1954 22 18 to
1546 1950 81 31 supply
1637 1950 37 23 the
1686 1949 142 25 deficiencies
1835 1950 25 24 of

1275 1983 37 19 the
1324 1987 96 16 revenue
1433 1983 31 26 by
1475 1983 113 27 imposing
1598 1983 104 20 assessed
1715 1986 64 18 taxes
1795 1989 63 23 upon

1275 2012 99 23 Ireland.

1307 1685 23 23 A
1342 1685 105 23 dividend
1459 1684 25 24 of
1499 1692 42 16 one
1553 1684 93 31 shilling
1665 1692 41 23 per
1725 1684 67 23 share
1811 1692 47 15 was

1274 1718 103 23 declared
1400 1722 23 19 at
1445 1718 38 23 the
1503 1718 99 30 meeting
1620 1718 25 23 of
1666 1717 38 24 the
1722 1717 136 23 Greenwich

1275 1751 102 30 Railway
1396 1751 163 28 shareholders,
1578 1751 53 23 held
1651 1755 23 19 at
1698 1750 38 24 the
1758 1750 99 24 London

1275 1784 97 28 Tavern,
1384 1784 39 23 the
1435 1788 106 19 accounts
1555 1783 104 33 showing
1675 1791 13 16 a
1707 1789 39 18 net
1765 1784 93 31 surplus

1275 1817 24 23 of
1314 1817 97 28 £2,207
1424 1819 51 21 12s.
1489 1817 47 28 4d.,
1548 1817 56 23 after
1615 1819 85 29 paying
1710 1817 96 23 interest
1825 1825 30 15 on

1275 1850 59 23 bond
1356 1850 45 23 and
1422 1850 53 23 loan
1498 1850 59 28 debt,
1581 1850 44 23 and
1643 1850 38 24 the
1726 1850 132 32 preference

1307 2045 44 24 Dr.
1365 2045 105 23 Lardner
1480 2045 21 24 is
1518 2047 102 29 starving
1638 2051 23 19 at
1683 2047 158 31 Philadelphia
1851 2057 5 19 ;

1275 2078 43 23 and
1331 2078 60 24 Mrs.
1407 2078 131 29 Heaviside,
1559 2080 27 23 of
1600 2080 120 30 Brighton,
1739 2080 36 23 his
1793 2080 66 24 chere

1275 2111 64 29 amie,
1351 2111 42 24 has
1407 2111 78 32 eloped
1496 2112 57 24 from
1565 2112 56 24 him.

1308 2144 51 24 The
1382 2145 140 23 installation
1544 2145 25 24 of
1593 2146 49 24 Mr.
1662 2146 52 24 Fox
1732 2147 89 29 Maule,
1833 2155 26 15 as

1275 2177 63 25 Lord
1350 2178 101 23 Warden
1462 2178 25 23 of
1501 2178 37 24 the
1549 2178 135 32 University
1701 2180 24 23 of
1741 2181 117 30 Glasgow,

1274 2211 55 23 took
1351 2211 64 31 place
1437 2212 25 22 in
1484 2211 38 24 the
1539 2212 111 23 Common
1670 2213 57 24 Hall
1736 2222 6 20 ;
1761 2214 29 23 he
1813 2221 46 17 was

1275 2244 102 23 received
1387 2244 57 24 with
1454 2249 65 25 great
1529 2245 150 25 enthusiasm.

1309 2277 172 24 Commercial
1510 2278 115 25 Treaty.
1628 2291 33 5 —
1661 2280 24 23 A
1709 2279 150 24 Commercial

1275 2310 85 32 Treaty
1370 2311 101 23 between
1483 2310 108 31 England
1604 2312 43 23 and
1659 2313 88 23 France
1758 2313 42 23 has
1809 2314 50 30 just

1274 2344 56 23 been
1342 2344 129 30 presented,
1484 2345 86 30 signed,
1581 2350 23 19 to
1621 2345 37 24 the
1677 2346 68 23 latter
1761 2346 97 24 cabinet.

1275 2377 24 23 It
1311 2377 45 23 will
1367 2377 82 23 reduce
1466 2384 56 24 very
1541 2378 157 32 considerably
1717 2379 39 24 the
1776 2380 83 31 import

1276 2410 72 23 duties
1361 2417 29 16 on
1402 2411 76 27 wines,
1489 2411 113 29 brandies,
1615 2412 43 23 and
1670 2412 66 29 silks,
1749 2413 44 23 and
1814 2414 45 23 will

1275 2443 71 23 afford
1364 2443 109 31 England
1491 2444 42 23 fair
1550 2445 99 30 grounds
1669 2445 36 23 for
1722 2445 137 32 demanding

1275 2477 129 22 reductions
1416 2484 29 15 on
1457 2477 89 23 articles
1558 2478 26 22 of
1592 2477 100 32 English
1703 2479 99 31 produce
1815 2480 44 23 and

1275 2510 155 23 manufacture
1442 2510 24 22 in
1476 2515 85 18 return.

1308 2543 179 31 Arrangemrnts
1499 2551 37 16 are
1548 2545 24 22 in
1584 2551 105 25 progress
1701 2545 36 24 for
1753 2546 106 24 immedi-

1276 2576 60 31 ately
1356 2577 45 23 and
1421 2577 139 30 universally
1576 2579 156 30 commencing
1748 2583 23 19 to
1791 2580 68 24 make

1276 2610 114 30 provision
1402 2609 35 24 for
1448 2609 77 31 places
1537 2611 27 22 of
1578 2611 99 31 worship
1689 2612 43 23 and
1748 2612 38 24 the
1804 2621 55 24 sup-

1275 2647 52 26 port
1339 2642 25 24 of
1378 2642 39 24 the
1428 2644 106 29 ministry
1544 2644 24 23 in
1581 2644 116 29 Scotland,
1710 2646 23 22 in
1743 2646 39 23 the
1793 2651 67 19 event

1277 2676 25 23 of
1316 2675 38 24 the
1365 2676 159 31 apprehended
1536 2677 137 32 disruption.

1310 2708 51 24 The
1372 2710 110 22 attention
1494 2710 24 23 of
1532 2710 40 24 the
1583 2712 92 22 monied
1689 2712 103 30 interest,
1805 2713 55 23 dur-

1277 2743 39 29 ing
1328 2741 45 24 this
1384 2742 72 29 week,
1468 2742 42 24 has
1520 2743 59 24 been
1590 2745 110 23 attracted
1711 2746 25 23 in
1749 2754 14 15 a
1774 2747 87 30 special

1277 2783 94 15 manner
1381 2775 31 30 by
1423 2775 38 24 the
1472 2781 92 26 present
1571 2778 97 23 internal
1676 2782 58 20 state
1745 2779 25 23 of
1780 2780 79 31 Spain,

1278 2808 44 24 and
1331 2808 31 31 by
1374 2808 38 24 the
1423 2809 135 31 probability
1570 2810 49 23 that
1640 2819 14 15 a
1664 2816 65 26 great
1740 2812 121 25 alteration

1277 2842 23 23 in
1311 2841 41 24 her
1363 2842 99 23 internal
1471 2842 73 31 polity
1554 2844 21 24 is
1588 2848 23 18 at
1630 2844 69 24 hand.
1735 2845 23 23 It
1774 2846 21 22 is
1807 2854 53 23 per-

1278 2874 68 31 fectly
1365 2874 52 24 well
1434 2876 139 23 ascertained
1593 2876 49 23 that
1659 2877 72 31 Spain
1749 2879 114 30 produces,

1278 2908 77 23 within
1365 2908 89 23 herself
1468 2909 133 31 everything
1618 2917 121 24 necessary
1758 2916 24 18 to
1801 2913 60 23 raise

1277 2941 40 23 her
1336 2945 22 19 to
1378 2941 39 23 the
1437 2941 50 24 first
1506 2942 59 24 rank
1585 2948 104 26 amongst
1706 2945 98 29 nations,
1816 2945 45 24 and

1279 2974 47 23 that
1346 2974 131 31 smuggling
1496 2975 21 22 is
1534 2975 40 24 the
1592 2976 53 30 only
1657 2976 100 24 obstacle
1777 2981 23 19 to
1819 2978 42 27 heii

1278 3007 74 23 future
1367 3008 136 30 prosperity.
1539 3007 51 25 The
1610 3009 100 30 Spanish
1730 3009 93 32 Regent
1840 3012 21 23 is

1278 3039 98 24 sensible
1387 3040 50 23 that
1449 3048 13 15 a
1480 3041 142 24 commercial
1638 3048 157 25 airangement
1806 3045 55 23 with

1279 3072 106 32 England
1404 3073 19 23 is
1444 3073 38 23 the
1501 3073 52 32 only
1574 3082 48 23 way
1640 3075 35 23 for
1690 3077 121 31 rectifying
1822 3078 39 24 the

1280 3106 54 24 evils
1346 3106 25 23 of
1386 3105 36 24 his
1434 3111 102 27 country,
1549 3107 44 24 and
1611 3116 25 15 as
1654 3108 29 24 he
1701 3110 21 23 is
1742 3109 83 25 known
1838 3115 23 20 to

1278 3139 56 23 have
1346 3139 38 23 the
1397 3139 53 29 will,
1463 3147 24 15 so
1503 3140 38 23 the
1561 3142 147 31 suppression
1727 3143 26 23 of
1767 3143 39 25 the
1824 3153 37 15 re-

1278 3172 84 24 bellion
1372 3172 25 23 in
1409 3172 125 25 Barcelona
1552 3173 43 24 has
1612 3182 51 16 now
1681 3176 68 31 given
1762 3177 49 24 him
1822 3178 39 24 the

1278 3213 75 24 power
1363 3209 23 19 to
1397 3213 107 24 suppress
1515 3207 130 32 smuggling
1656 3209 30 30 by
1694 3209 38 24 the
1743 3211 119 24 reduction

1280 3239 24 23 of
1318 3238 39 23 the
1369 3238 74 24 duties
1454 3247 50 16 now
1524 3240 97 32 charged
1633 3249 29 16 on
1673 3242 32 23 all
1721 3242 90 26 British
1824 3253 37 15 ar-

1272 3275 1 11 1
1279 3272 64 23 tides
1353 3271 66 24 when
1430 3272 111 32 imported
1550 3274 49 23 into
1618 3274 80 32 Spain.
1734 3276 52 24 The
1796 3285 63 16 reve-

1279 3312 45 17 nue
1346 3304 25 23 of
1395 3305 72 31 Spain
1489 3306 46 23 will
1556 3306 30 24 be
1607 3307 70 24 much
1698 3308 116 26 increased
1831 3311 32 30 by

1279 3337 114 25 moderate
1404 3338 81 29 duties,
1496 3339 45 23 and
1551 3339 42 24 her
1604 3340 76 31 public
1696 3341 71 25 credit
1776 3343 47 26 will
1833 3344 30 23 be

1280 3370 160 32 strengthened
1450 3371 32 31 by
1489 3371 39 24 the
1537 3380 62 17 same
1611 3381 75 16 cause.
1722 3374 30 24 In
1762 3376 101 31 Spanish

1272 3411 3 20 I
1279 3404 80 29 bonds,
1371 3404 169 31 consequently,
1548 3405 63 32 large
1619 3407 152 25 transactions
1783 3418 79 16 occur-

1272 3437 46 39 jred
1330 3437 84 31 during
1423 3437 39 23 the
1473 3437 71 30 week,
1552 3439 45 24 and
1607 3439 24 24 in
1638 3440 75 32 prices
1722 3449 16 16 a
1747 3443 116 24 consider-

1272 3470 58 33 able
1340 3470 165 31 improvement
1511 3477 61 19 must
1576 3472 29 24 be
1616 3474 76 24 noted.
1694 3486 32 5 —
1727 3474 138 27 Illustrated

1271 3503 92 28 [News.,

1273 3545 2 19 I
1314 3536 119 24 Mehemet
1439 3536 41 26 AH
1490 3545 45 16 was
1541 3537 104 33 building
1652 3547 14 16 a
1673 3540 106 31 splendid
1783 3541 80 32 bridge

1281 3570 25 24 oi
1314 3569 154 31 eighty-three
1475 3571 149 29 arches,.with
1631 3573 146 31 flood-gates,
1786 3582 77 17 across

1280 3602 38 24 the
1342 3602 62 30 Nile,
1487 3611 46 16 was
1555 3604 49 24 also
1626 3605 99 36 forming
1743 3615 14 15 a
1775 3609 87 29 tunnel,

1273 3637 3 23 ',
1282 3635 83 30 canals,
1375 3635 44 24 and
1429 3635 183 27 embankments.

1273 3693 3 7 ,
1314 3670 180 32 Arrangements
1504 3677 58 16 were
1574 3671 24 23 in
1609 3679 106 24 progress
1734 3673 35 27 for
1788 3678 75 20 trans-

1281 3702 91 31 mitting
1383 3701 39 24 the
1432 3701 83 25 Indian
1524 3703 54 23 mail
1590 3704 97 32 through
1710 3706 95 30 Venice,
1825 3708 39 23 the

1273 3757 3 11 ,
1282 3734 78 32 Tyrol,
1371 3734 125 32 Germany,
1518 3736 44 23 and
1580 3736 116 33 Belgium.
1738 3740 58 24 This
1814 3748 50 20 new

1273 3776 3 21 ;
1281 3772 64 20 route
1356 3776 47 16 was
1411 3773 22 19 to
1442 3768 28 24 be
1482 3769 68 23 taken
1557 3769 58 25 after
1624 3771 37 24 the
1672 3773 37 22 Ist
1717 3773 26 23 of
1753 3773 109 32 January,

1273 3803 4 17 i
1315 3801 51 24 The
1379 3801 84 26 Round
1475 3802 75 24 Down
1562 3802 58 25 Cliff
1630 3808 22 19 at
1659 3804 80 25 Dover
1748 3805 52 29 had.
1804 3807 61 27 been

1274 3834 207 32 ;destroyed%Afl
1499 3835 117 32 explosion
1633 3837 26 24 of
1673 3838 108 31 eighteen,
1796 3840 69 27 thou-

1273 3884 4 7 ,
1282 3875 39 18 san
1324 3868 18 24 d*
1346 3867 96 33 pounds'
1447 3868 26 25 of
1486 3869 145 31 gunpowder.
1666 3870 38 28 I,ts
1711 3879 63 20 remp
1776 3873 36 26 val
1818 3881 54 18 was,

1274 3900 117 26 .rendered
1409 3895 118 38 neces^ary
1527 3927 5 8 r
1546 3910 29 16 on
1595 3908 90 23 account
1706 3905 25 23 of
1756 3905 46 27 the.
1814 3914 59 21 new,,

1282 3933 157 30 rMlwaywnfc.
1860 3926 14 37 |

558 41 99 46 Wte
681 41 120 45 W«»
824 39 204 44 msAm%
1052 38 191 46 <3rH?*tt*
1266 37 91 39 au&
1381 36 297 46 taeUmaton
1703 32 250 50 gbpuctatoiu

1268 126 106 30 scrlption
1384 125 26 23 of
1423 125 55 24 £20
1496 128 23 20 to
1530 125 39 24 the
1586 125 139 31 dispensary,
1739 125 44 23 and
1799 124 50 23 that

1268 158 28 24 all
1317 158 38 23 the
1373 158 65 24 other
1455 158 140 26 subscribers,
1615 158 57 22 have
1688 157 104 23 followed
1811 157 38 23 his

1268 191 82 31 always
1371 190 163 31 praiseworthy
1561 190 111 30 example.
1717 189 46 24 We
1778 197 71 16 -were

1268 223 70 26 afraid
1349 227 24 19 at
1381 223 38 23 the
1431 223 51 23 first
1492 224 107 29 meeting,
1611 223 65 23 when
1687 223 30 23 he
1728 222 72 23 asked
1811 222 38 23 the

1268 256 78 31 people
1358 255 54 24 with
1423 255 57 24 such
1491 255 194 24 self-satisfaction
1711 253 57 32 (and
1780 262 69 23 appa-

1268 293 50 19 rent
1328 288 85 31 feeling
1424 288 26 23 of
1466 288 89 24 wonder
1565 293 25 19 at
1600 288 37 23 his
1648 295 50 16 own
1709 286 141 32 generosity)

1269 326 22 19 to
1313 321 74 24 follow
1410 321 36 23 his
1470 321 102 31 example
1583 330 7 19 ;
1618 320 48 24 that
1687 320 37 24 his
1748 319 103 32 example

1269 354 72 25 would
1351 354 30 26 be
1392 353 100 34 scarcely
1500 353 119 31 deserving
1630 353 24 23 of
1669 353 114 23 imitation
1793 353 58 23 after

1269 387 38 24 all.
1341 386 85 24 Words
1438 394 39 16 are
1487 390 40 20 not
1537 386 77 29 deeds,
1625 385 89 25 neither
1724 386 21 22 is
1764 385 86 31 vanity,

1268 420 137 30 generosity.
1440 419 45 24 We
1495 419 57 23 have
1563 427 68 16 never
1642 419 70 23 asked
1723 419 38 22 the
1771 418 81 32 people

1269 457 23 19 to
1303 452 74 24 follow
1388 453 36 23 his
1444 452 158 31 Excellency's
1614 452 103 30 example
1725 459 7 20 ;
1762 459 33 15 we
1812 459 38 15 re-

1269 485 145 24 commended
1420 485 63 24 them
1490 493 29 16 on
1527 493 69 23 many
1603 485 115 23 occasions
1731 488 23 19 to
1764 484 88 23 eschew

1268 519 26 28 it,
1306 518 44 24 and
1360 526 33 16 we
1400 526 50 16 now
1461 518 40 24 tell
1508 518 61 24 them
1581 518 38 23 the
1631 525 70 16 same.
1737 516 46 24 Let
1790 516 62 24 them

1270 551 46 24 still
1327 559 29 23 go
1368 558 30 16 on
1409 551 54 24 with
1474 551 38 23 the
1524 551 139 31 dispensary,
1677 549 43 24 and
1732 549 54 31 they
1805 549 47 24 will

1270 584 94 23 succeed
1370 593 6 20 ;
1396 584 28 24 do
1431 584 60 24 what
1496 592 59 23 may,
1564 592 26 15 or
1596 583 53 30 will,
1658 583 36 23 his
1702 582 148 31 Excellency.

1270 615 47 25 His
1325 621 84 27 twenty
1415 617 88 31 pounds
1511 617 73 24 would
1591 617 88 23 neither
1685 615 51 24 heal
1745 624 13 15 a
1764 615 88 24 broken

1269 650 63 29 limb,
1349 658 42 16 nor
1407 658 53 16 cure
1477 659 14 15 a
1507 650 109 24 wounded
1632 650 73 23 heart.
1706 661 35 5 —
1741 648 45 24 Let
1802 648 50 24 him

1270 683 57 30 keep
1337 683 37 23 his
1384 691 90 22 money.
1476 695 34 5 —
1510 683 111 24 Southern
1638 682 77 24 Cross.

1303 716 106 24 Feegee
1421 716 118 24 Islands.
1541 729 33 4 —
1574 716 45 24 We
1628 715 57 24 have
1696 716 57 22 been
1759 714 93 23 favour-

1270 748 27 24 ed
1319 749 55 23 with
1393 749 38 24 the
1452 749 90 31 perusal
1561 749 26 23 of
1609 757 13 15 a
1644 756 54 23 very
1717 748 137 30 interesting

1270 782 73 28 letter,
1362 782 66 23 dated
1446 782 67 31 April
1525 784 40 27 30,
1589 784 71 26 1843,
1677 782 59 23 from
1755 780 99 32 Captain

1270 814 66 31 King
1355 815 24 23 of
1408 815 37 23 the
1465 815 123 23 American
1605 815 52 30 brig
1678 813 96 31 Cyprus,
1795 818 24 18 to
1840 822 14 15 a

1270 848 129 31 gentleman
1409 849 26 22 in
1446 848 45 23 this
1502 852 67 19 town.
1607 848 66 30 Capt.
1686 847 67 31 King
1763 847 64 31 gives
1840 855 15 14 a

1270 888 54 23 very
1334 881 130 23 favourable
1476 885 95 19 account
1582 880 25 23 of
1621 880 63 23 these
1696 880 94 28 islands,
1808 880 45 22 and

1271 914 25 23 of
1310 914 59 23 their
1381 914 129 30 adaptation
1520 913 35 23 for
1569 912 149 31 establishing
1730 920 29 15 an
1777 913 77 22 Euro-

1269 954 59 24 pean
1348 947 136 23 settlement.
1522 946 90 28 Cotton,
1632 945 69 23 coffee
1722 945 45 23 and
1785 953 70 22 sugar

1271 988 37 15 are
1324 979 114 32 produced
1455 980 25 23 in
1496 984 64 26 great
1578 979 145 28 abundance;
1757 978 97 31 Captain

1271 1013 65 30 King
1345 1020 53 23 says
1407 1021 5 15 :
1511 1013 53 30 only
1571 1016 71 19 wants
1651 1019 53 15 men
1712 1012 25 22 of
1748 1012 106 22 firmness

1271 1047 43 22 and
1326 1054 13 15 a
1355 1046 59 23 little
1432 1045 88 32 capital,
1539 1046 45 23 and
1595 1045 52 30 they
1668 1044 46 23 will
1727 1052 57 15 soon
1799 1052 56 23 reap

1270 1080 48 22 rich
1484 1078 97 31 Captain
1588 1078 97 30 Clayton
1700 1085 45 16 was
1752 1078 103 30 residing

1271 1120 30 15 on
1312 1119 42 16 one
1362 1112 24 23 of
1402 1112 38 23 the
1452 1111 89 31 Feegee
1549 1111 98 28 Islands,
1786 1116 22 18 at
1816 1111 39 23 the

1271 1145 51 23 date
1339 1145 25 23 of
1377 1146 47 22 this
1441 1146 73 28 letter,
1527 1146 42 22 but
1586 1153 45 15 was
1649 1144 69 23 about
1734 1144 121 30 returning

1271 1183 23 18 to
1306 1178 45 23 this
1372 1182 102 26 country,
1487 1179 57 22 after
1562 1178 85 30 having
1658 1177 127 31 purchased
1805 1177 51 23 that

1272 1211 86 23 Island.
1394 1211 44 23 We
1447 1211 57 31 hope
1517 1216 21 18 to
1548 1211 55 23 hear
1614 1212 24 22 of
1654 1210 36 23 his
1701 1215 78 18 return
1786 1218 69 23 every

1272 1245 51 29 day.
1325 1257 33 4 —
1358 1243 62 25 Ibid.

1327 1297 196 23 ENGLISH
1553 1296 247 24 EXTRACTS.

659 128 173 30 consideration,
852 127 80 31 highly
943 126 143 32 inexpedient
1104 126 46 26 tod
1160 126 78 30 totally

659 161 103 28 uncalled
774 161 45 24 for.

793 194 12 23 I
817 194 95 27 remain,
923 192 134 31 gentlemen,

845 226 65 23 Your
921 230 60 20 most
993 225 103 24 obedient
1108 229 97 24 servant,

1054 262 65 24 Geo.
1137 262 101 24 White.

688 324 52 26 (No.
750 325 32 26 3.)
784 334 28 5 —
814 323 66 21 From
890 323 38 21 the
938 321 140 27 Magistrates
1089 321 26 21 of
1125 320 84 25 Nelson
1218 323 24 22 to,

795 351 88 25 George
892 348 84 27 White,
986 348 57 27 Esq.,
1055 347 53 22 J.P.

653 389 2 11 i
993 376 94 28 Nelson,
1099 375 55 30 July
1168 377 38 24 17.

653 415 2 20 I
694 412 53 27 Sir,
748 423 33 6 —
783 410 30 24 In
825 410 64 32 reply
898 413 23 20 to
934 417 56 23 your
1000 409 66 22 letter
1082 408 27 23 of
1123 408 39 23 the
1185 407 56 25 15th

659 445 93 27 instant,
764 444 25 23 in
800 443 113 24 reference
923 446 24 19 to
958 450 14 15 a
984 441 119 23 document
1114 441 80 30 signed
1211 441 31 30 by

659 476 33 24 A.
704 476 31 24 E.
748 476 145 30 M'Donogh,
907 474 76 29 P:M.,
996 474 43 23 and
1047 474 66 23 dated
1127 473 113 31 Welling-

660 513 48 25 ton,
723 509 54 30 July
800 511 45 26 Ist,
869 509 72 27 1843,
965 507 120 23 addressed
1105 511 24 18 to
1152 506 90 31 George

659 542 85 29 White,
756 542 69 31 Esq.,
837 542 65 29 J.P.,
914 540 76 31 acting
1011 540 72 30 police
1101 539 139 31 magistrate,

661 575 53 29 &c,
725 575 52 28 &c,
791 575 54 28 &c,
862 574 95 27 Nelson,
975 580 41 21 we,
1034 572 37 23 the
1090 572 152 31 undersigned

660 608 152 31 magistrates,
835 607 45 31 beg
901 611 23 18 to
948 606 54 23 offer
1024 605 37 24 the
1080 605 115 31 following
1205 612 37 16 re-

661 640 86 24 marks.

694 673 36 31 By
741 673 114 24 reference
867 678 22 18 to
902 672 38 23 the
953 672 139 23 Goverment
1105 669 97 24 Gazette
1220 670 26 24 of

662 707 39 23 the
724 706 57 24 13th
804 706 25 24 of
850 705 89 28 March,
965 706 71 27 1843,
1059 711 35 16 we
1115 703 49 23 find
1193 704 48 23 Mr.

662 739 138 31 M'Donogh
812 739 103 31 gazetted
927 746 26 15 as
964 739 107 22 assistant
1090 736 80 24 Police
1188 737 54 23 Ma-

661 773 93 30 gistrate
774 772 35 23 for
831 772 38 22 the
891 770 108 28 southern
1021 770 88 23 district
1138 769 25 23 of
1186 769 57 24 New

662 805 79 24 Ulster
751 805 45 23 and
808 805 84 22 Cook's
905 803 91 28 Straits,
1008 803 40 23 but
1059 802 49 24 find
1127 810 29 15 no
1174 810 64 16 men-

662 839 55 22 tiion
738 838 25 22 of
778 838 36 22 his
836 837 84 30 having
939 843 44 23 any
997 836 145 31 jurisdiction
1159 836 24 22 in
1205 836 37 23 the

662 871 87 23 district
772 870 26 23 of
824 869 95 29 Nelson,
940 869 36 23 for
1000 868 71 24 which
1091 868 66 31 place
1181 869 62 23 there

662 903 95 28 existed,
777 903 58 23 until
856 902 38 24 the
913 902 45 24 late
974 901 148 31 melancholly
1140 901 102 31 calamity

662 936 106 32 deprived
780 944 27 15 us
819 935 26 23 of
858 935 36 23 his
906 936 104 27 services,
1023 942 13 16 a
1054 934 94 24 distinct
1165 935 79 23 Police

662 969 143 31 Magistrate,
826 968 122 32 appointed
971 967 93 31 directly
1082 968 31 30 by
1138 967 104 24 Govern-

662 1007 70 19 ment.

695 1035 43 23 We
757 1034 112 24 therefore
886 1034 44 24 feel
947 1034 112 24 ourselves
1078 1033 86 31 utterly
1187 1038 23 20 at
1231 1042 13 15 a

661 1068 47 23 loss
726 1073 21 19 to
767 1067 140 24 understand
925 1075 61 24 upon
1003 1067 59 23 what
1076 1067 101 30 grounds
1194 1067 48 24 Mr.

663 1101 137 30 M'Donogh
818 1101 42 22 has
883 1100 118 24 conceived
1021 1100 47 23 that
1087 1101 19 22 it
1116 1100 38 30 lay
1165 1101 79 23 within

662 1134 38 23 his
709 1134 145 31 jurisdiction
867 1138 22 18 to
901 1134 92 31 appoint
1004 1141 14 15 a
1028 1133 73 31 police
1112 1134 132 29 magistrate

662 1167 34 22 for
715 1167 44 23 this
777 1167 65 30 place
852 1175 7 20 ;
878 1167 45 22 and
941 1174 46 21 are,
1007 1166 177 30 unfortunately,
1203 1167 42 23 left

662 1200 87 23 further
772 1200 24 22 in
812 1200 39 22 the
869 1199 65 29 dark,
955 1200 24 22 in
998 1207 153 23 consequence
1163 1200 24 22 of
1203 1208 41 15 our

662 1237 40 18 not
710 1233 85 30 having
803 1233 59 23 been
873 1232 106 23 favoured
988 1232 53 23 with
1053 1240 46 22 any
1118 1233 126 23 communi-

664 1266 73 23 cation
748 1266 59 23 from
819 1266 48 23 Mr.
880 1266 137 30 M'Donogh
1028 1265 101 23 himself.

695 1299 44 23 We
748 1303 69 25 must,
829 1298 120 30 therefore,
961 1299 28 23 be
1000 1298 92 23 allowed
1111 1302 23 19 to
1153 1306 92 24 express

664 1340 40 15 our
716 1333 99 30 surprise
829 1331 48 24 that
888 1332 49 23 Mr.
951 1332 136 30 M'Donogh
1107 1332 81 23 should
1205 1337 40 18 not

664 1365 52 30 only
722 1365 58 23 have
792 1365 124 31 attempted
928 1370 23 18 to
960 1365 90 30 appoint
1063 1373 12 15 a
1087 1365 73 30 police
1172 1366 73 30 magi-

664 1402 69 19 strate
741 1398 25 23 in
776 1405 27 16 an
815 1398 152 30 independent
985 1398 135 28 settlement,
1141 1398 42 23 but
1198 1398 47 23 still

664 1431 87 23 further
763 1435 23 19 to
797 1431 74 23 invest
885 1430 49 24 him
951 1430 52 23 with
1023 1430 35 24 the
1076 1431 169 31 extraordinary

664 1471 85 24 powers
769 1463 25 24 of
813 1463 122 31 supplying
950 1463 38 23 the
1010 1463 141 27 deficiencies
1167 1465 24 23 in
1208 1466 37 23 the

664 1496 86 24 several
763 1496 82 24 official
857 1496 153 31 departments
1023 1497 134 23 occasioned
1167 1498 31 30 by
1207 1499 38 23 the

664 1530 45 23 late
720 1537 114 16 massacre
847 1534 22 18 at
880 1529 103 24 Wairau.

697 1562 43 24 We
752 1563 58 23 have
818 1562 111 24 therefore
942 1570 61 16 come
1021 1567 21 19 to
1052 1563 39 23 the
1111 1564 135 24 unanimous

664 1596 100 23 decision
776 1595 48 24 that
836 1603 33 16 we
881 1600 82 19 cannot
979 1596 116 31 recognise
1110 1597 24 22 in
1146 1605 45 22 you
1202 1605 44 24 any

664 1629 60 30 legal
734 1629 102 23 function
847 1628 81 31 higher
939 1628 54 24 than
1005 1629 47 23 that
1070 1629 26 24 of
1111 1631 134 30 magistrate

665 1662 25 23 of
704 1661 38 24 the
753 1661 125 31 Territory.

699 1704 43 24 We
751 1704 60 24 have
819 1704 39 23 the
866 1704 71 24 honor
947 1709 23 19 to
981 1705 35 29 be,
1028 1706 38 28 sir,

776 1737 65 24 Your
852 1742 60 19 most
920 1738 104 24 obedient
1033 1744 112 24 servants,

881 1777 32 24 A.
926 1778 156 30 M'DONALD,
1097 1779 62 30 J.P.,

882 1811 29 24 C.
923 1811 32 24 A.
969 1812 107 29 Dillon,
1097 1813 64 29 J.P.,

879 1843 32 25 D.
931 1844 104 30 Monro,
1047 1846 64 28 J.P.,

880 1877 85 24 James
978 1878 25 23 S.
1017 1878 113 30 Tytler,
1140 1880 53 23 J.P.

664 1945 59 32 (No.
736 1946 71 31 4.)—
808 1946 70 24 From
896 1947 91 30 George
1000 1948 83 29 White,
1101 1949 68 30 Esq.,
1182 1949 64 29 J.P.,

768 1983 24 18 to
803 1979 40 22 the
855 1980 148 29 Magistrates
1016 1981 24 21 of
1048 1981 96 22 Nelson.

997 2019 95 28 Nelson,
1105 2019 54 31 July
1172 2023 39 21 24.

700 2051 176 29 Gentlemen,
877 2064 34 4 —
912 2051 13 24 I
945 2051 57 24 have
1023 2052 36 23 the
1073 2052 89 24 honour
1175 2057 21 19 to
1208 2062 39 15 ac-

664 2084 133 31 knowledge
817 2085 39 23 the
875 2085 86 31 receipt
980 2085 25 23 of
1021 2093 55 24 your
1088 2085 67 24 letter
1170 2087 25 23 of
1209 2087 38 24 the

667 2117 56 26 17th
736 2118 93 23 instant.

698 2150 69 24 Were
777 2150 12 24 I
802 2155 23 19 to
837 2155 63 19 enter
913 2152 47 22 into
972 2159 14 15 a
997 2151 126 24 discussion
1137 2160 23 16 as
1174 2153 73 26 toijthe
1253 2162 4 4 -

665 2188 65 19 exact
741 2184 71 23 limits
833 2184 25 23 of
875 2184 85 23 Cook's
981 2185 89 28 Straits,
1086 2193 27 15 or
1131 2193 60 23 upon
1209 2186 38 24 the

665 2216 92 31 legality
769 2224 26 16 or
806 2217 119 23 otherwise
942 2218 26 23 of
978 2217 46 24 Mr.
1037 2218 159 31 M'Donogh's
1209 2227 38 16 as-

666 2250 114 30 sumption
792 2248 36 32 (as
840 2258 45 22 you
896 2258 59 15 were
972 2250 89 31 pleased
1073 2256 23 18 to
1109 2256 56 19 term
1177 2250 30 35 it)
1225 2253 25 23 of

666 2283 114 30 authority
792 2290 53 16 over
856 2284 46 22 this
921 2284 133 29 settlement,
1068 2285 73 23 under
1151 2285 39 23 the
1202 2287 45 22 cir-

667 2320 140 19 cumstances
829 2316 75 23 which
925 2317 37 23 led
984 2322 23 18 to
1026 2317 37 23 his
1082 2317 70 32 doing
1172 2326 32 22 so,
1228 2320 20 22 it

666 2349 81 28 would,
760 2349 14 23 I
793 2349 56 28 fear,
861 2349 50 23 lead
929 2355 23 18 to
963 2358 30 15 no
1012 2351 141 30 satisfactory
1169 2352 78 29 result,

666 2382 42 23 but
718 2382 73 31 might
801 2382 55 23 tend
875 2386 22 19 to
918 2383 58 31 keep
988 2383 55 24 alive
1063 2384 49 23 that
1122 2384 85 32 feeling
1226 2386 25 22 of

666 2416 113 22 irritation
792 2415 74 23 which
876 2416 18 22 it
904 2416 21 22 is
937 2417 89 22 evident
1035 2416 42 24 has
1090 2417 58 23 been
1159 2418 90 24 created

667 2449 25 22 in
702 2456 56 22 your
770 2448 76 23 minds
857 2449 30 29 by
905 2449 38 23 the
963 2457 120 16 erroneous
1101 2451 57 22 view
1175 2451 73 24 which

666 2489 46 23 you
734 2489 82 23 appear
838 2485 24 19 to
885 2482 54 22 take
959 2482 25 24 of
1000 2482 37 24 the
1057 2484 98 23 motives
1175 2484 73 24 which

668 2515 103 23 actuated
782 2515 48 23 him
841 2515 25 23 in
883 2515 107 31 adopting
1000 2515 38 24 the
1054 2524 81 16 course
1155 2517 28 23 he
1202 2518 45 28 did,

668 2547 45 24 and
723 2547 75 24 which
816 2548 20 23 it
855 2547 59 24 shall
934 2549 28 23 be
981 2557 39 22 my
1030 2550 69 30 study
1111 2554 23 19 to
1146 2551 64 23 avoid
1219 2559 30 16 so

667 2581 55 31 long
733 2588 25 16 as
770 2580 14 24 I
795 2588 52 23 may
856 2582 86 23 remain
953 2581 64 24 here.

702 2614 49 23 The
776 2621 62 16 same
859 2614 141 24 observation
1017 2616 46 23 will
1085 2616 68 31 apply
1171 2621 22 19 to
1210 2618 39 23 the

668 2646 65 24 other
751 2647 103 31 portions
875 2648 25 23 of
915 2656 57 22 your
988 2648 73 30 letter,
1074 2651 122 30 excepting
1211 2651 38 23 the

669 2680 134 31 concluding
813 2681 136 31 paragraph,
960 2681 96 24 wherein
1076 2691 46 21 you
1141 2691 40 23 say

670 2717 81 19 cannot
762 2714 117 30 recognise
897 2722 46 23 you
962 2715 26 23 in
1007 2722 43 24 any
1065 2715 63 31 legal
1147 2717 103 24 function

670 2746 78 30 higher
778 2746 55 23 than
856 2746 49 24 that
927 2747 26 24 of
977 2755 14 16 a
1012 2749 131 30 magistrate
1163 2750 26 22 of
1212 2750 38 24 the

704 2813 38 23 On
754 2812 46 24 this
811 2814 64 30 point
886 2813 14 24 I
911 2818 62 19 must
983 2821 40 24 say
1029 2812 56 33 (and
1098 2815 13 24 I
1123 2816 28 23 do
1163 2824 25 15 so
1197 2817 54 23 with

670 2850 64 27 great
744 2845 108 33 respect),
866 2846 49 24 that
925 2847 84 31 feeling
1018 2856 23 15 as
1063 2848 13 23 I
1089 2849 36 29 do,
1138 2853 41 19 not
1196 2850 53 31 only

670 2879 57 27 that,
737 2879 61 24 from
816 2879 36 24 his
871 2880 106 31 position,
989 2880 46 25 Mr.
1049 2881 139 32 M'Donogh
1205 2891 46 15 was

669 2913 110 30 perfectly
786 2912 103 31 justified
900 2913 24 23 in
944 2914 77 31 acting
1038 2922 25 16 as
1080 2915 30 23 he
1130 2915 42 24 has
1184 2916 65 29 done,

669 2946 43 23 but
729 2946 50 23 that
796 2945 28 24 he
845 2946 73 23 would
936 2946 57 24 have
1011 2948 118 31 neglected
1148 2949 36 23 his
1197 2949 54 32 duty

671 2979 95 23 towards
778 2978 46 24 this
845 2979 130 24 settlement
984 2979 45 25 had
1043 2981 30 23 he
1085 2986 40 19 not
1137 2990 25 15 so
1179 2983 71 28 acted,

671 3012 49 24 that
741 3012 83 23 should
846 3020 44 24 any
912 3013 161 24 circumstance
1096 3015 59 23 arise
1177 3015 73 24 which

671 3045 81 23 should
763 3045 81 23 render
854 3046 38 23 the
903 3046 116 31 authority
1028 3048 78 23 vested
1117 3049 25 23 in
1154 3056 15 16 a
1179 3049 73 30 police

671 3079 131 30 magistrate
816 3086 122 24 necessary
947 3083 25 20 to
988 3079 95 25 forward
1100 3080 39 24 the
1157 3082 55 23 ends
1230 3082 25 24 of

668 3111 91 32 justice,
771 3111 13 23 I
796 3111 60 24 shall
866 3116 40 19 not
920 3112 97 24 hesitate
1031 3118 23 18 to
1066 3119 37 18 act
1115 3122 25 15 as
1152 3115 64 29 such,
1228 3115 24 24 in

673 3144 71 23 which
756 3152 52 15 case
826 3144 14 23 I
851 3144 45 24 feel
906 3145 113 24 confident
1038 3146 13 23 I
1072 3146 83 25 should
1166 3149 87 23 receive

671 3185 58 22 your
739 3181 103 26 support.
