2450 3920
64 174 108 25 Income.
460 172 59 22 Tax.

97 217 71 23 £100
234 234 26 4 ...
362 232 26 5 ...
457 213 36 23 £3
509 214 44 22 15s

76 260 94 27 £1,000
237 276 26 5 ...
363 275 27 5 ...
442 257 48 23 £37
510 257 43 23 10s

64 303 109 27 £10,000
240 319 26 5 ...
285 318 4 7 ,
341 318 53 12 ....
429 298 65 26 £375

240 361 27 6 ...

39 389 70 24 Tlus
123 388 21 24 if
144 401 2 1 ■
158 387 19 24 'a
186 393 70 17 -man
264 384 73 24 -with
360 392 31 16 an
414 384 94 31 incqme
535 383 27 24 of
576 385 8 24 \

41 427 72 22 £100
123 434 15 14 a
147 433 58 22 year
216 423 54 30 paid
283 424 36 21 £3
337 423 44 22 15s
398 419 108 26 taxation
526 427 30 17 on

41 464 41 24 Lis
92 464 47 23 five
150 462 93 30 gallons
254 460 26 24 of
300 459 113 35 whiskey,
436 458 43 24 the
502 466 56 15 man

41 501 60 24 with
118 499 124 28 «£IOO,CCO
261 505 14 16 a
293 495 63 33 year'
372 496 75 31 ought
467 497 25 23 to
513 504 46 22 pay

40 540 85 23 ;£«750
136 537 107 24 taxation
255 543 30 17 on
298 535 38 23 his
351 534 48 24 five
421 535 95 29 gallons
536 538 24 18 to

45 579 82 29 s-itisiy
139 577 43 24 the
193 574 105 33 equality
315 574 26 24 of
361 572 107 25 sacrifice
494 572 65 31 prin-

41 616 72 31 ciple.
146 614 47 25 Yet
204 613 31 24 he
246 612 56 31 only
316 619 60 22 pays
398 612 33 22 £3
449 612 52 24 15s,
518 609 42 24 the

41 661 70 16 mwe
130 661 30 15 as
181 651 42 23 the
245 657 59 23 poor
336 656 67 15 man.
437 647 46 24 Let
485 654 26 24 v;
515 648 44 23 not

41 682 105 38 A\ea)lhy
153 690 4 14 ;
159 695 118 23 mensay,
296 686 67 29 '^We
375 685 53 31 give
430 683 6 11 ;
436 684 65 29 ;balls
513 684 54 23 ancL

41 730 101 30 jaitites,
151 725 5 16 f
155 727 47 24 end
214 725 75 31 spend
341 727 68 28 great
429 723 54 25 deal
506 723 54 28 that
567 725 2 9 1

156 767 63 24 That
268 762 21 27 is
332 771 128 18 nonsense.
494 762 68 24 Your

41 810 86 29 guests
146 814 47 17 can
216 812 114 17 consume
353 803 57 30 only
433 811 14 16 a
468 801 92 25 certain

41 847 122 30 •quantity,
175 844 49 25 ard
235 843 55 32 they
302 851 40 15 are
355 842 85 31 saving
461 841 54 24 that
534 840 26 24 m

43 885 65 24 their
119 892 53 16 own
184 883 92 26 homes,
289 880 48 24 and
348 882 69 22 when
428 887 48 22 you
487 886 30 23 go
537 881 25 20 to

41 923 30 24 ih
74 924 34 23 eir
118 923 89 24 houses
217 929 46 23 you
285 920 50 24 will
356 927 56 15 save
434 920 25 22 at
481 918 80 23 home.

45 963 37 25 To
94 971 41 22 pay
179 970 34 16 we
224 960 94 31 employ
335 967 14 16 a
371 958 65 31 large
459 956 104 25 number

42 1003 30 23 of
92 1003 116 25 servants,
228 1000 47 24 and
296 998 105 30 through
424 997 63 24 their
508 995 56 25 focd

46 1040 136 24 contribute
193 1042 26 20 to
230 1038 41 23 the
283 1044 103 17 revenue
393 1035 52 24 "'is
467 1033 96 32 equally

46 1079 140 24 untenable.
220 1078 51 23 The
291 1076 54 25 food
348 1099 3 8 ;
367 1076 26 23 of
423 1082 60 17 \our
515 1071 48 31 ser-

47 1118 81 22 vants-
158 1123 24 16 is
232 1116 55 29 part
318 1114 26 23 of
376 1112 63 25 their
476 1118 88 23 wages,

45 1154 51 25 and
108 1154 19 23 it
138 1154 22 23 is
171 1153 65 30 they,
248 1155 44 21 not
302 1159 54 23 you,
380 1150 55 24 who
456 1158 45 23 pay
524 1149 41 23 the

45 1193 119 24 taxation.
198 1191 11 24 I
233 1191 61 25 have
314 1191 84 23 shown
427 1190 65 23 what
524 1189 42 23 the

45 1231 110 30 equality
167 1229 26 25 of
202 1229 107 24 sacrifice
320 1236 92 19 means,
425 1227 48 24 and
483 1227 20 23 it
525 1234 40 23 ap-

48 1276 71 24 pears
135 1270 26 22 to
188 1275 40 16 me
250 1267 54 23 that
325 1267 20 23 it
367 1267 20 22 is
409 1266 94 29 exactly
525 1264 42 25 the

50 1308 117 32 principle
179 1316 19 15 w
204 1306 53 24 bich
274 1306 41 24 the
326 1306 120 23 Farmers'
469 1304 97 30 League

50 1348 79 24 would
139 1350 45 22 not
195 1346 48 24 like
248 1349 32 21 'to
292 1353 38 16 sea
341 1346 71 30 given
424 1344 68 25 effect
504 1347 25 20 to
540 1344 25 23 m

47 1395 18 16 a
81 1386 45 24 fair
137 1386 47 24 and
199 1384 123 32 impartial
344 1391 108 16 manner.
456 1396 29 4 —
487 1382 12 23 I
518 1389 49 20 am,

47 1425 52 27 &c,
278 1421 24 24 J:
320 1421 35 24 M.
380 1420 156 25 TWOMEY.

82 1463 116 27 Temuka,
228 1461 101 31 August.

102 1576 224 27 CANTERBURY
352 1576 168 23 FARMERS'

237 1619 148 21 LEAGUE.

49 1717 55 24 The
115 1715 107 26 Premier
233 1714 88 24 offered
342 1721 33 16 no
403 1712 119 31 objection
546 1713 24 21 to

49 1757 44 24 the
102 1756 110 31 printing
224 1754 26 24 of
259 1753 42 24 the
312 1753 110 30 petition,
436 1751 43 24 but
490 1751 79 30 point-

50 1797 30 24 ed
92 1798 43 23 out
152 1795 55 24 that
228 1794 33 23 its
283 1793 144 24 statements
444 1798 62 17 were
528 1790 42 23 the

51 1837 74 24 views
135 1835 27 24 of
171 1844 15 15 a
196 1832 108 32 political
313 1831 147 25 association
472 1830 27 22 of
507 1829 63 23 Can-

31 1892 2 2 .
50 1875 100 31 terbury
180 1871 191 26 Conservatives.
407 1871 38 22 Mr
476 1869 95 25 Sccdon

50 1915 94 28 Jiad.no
163 1912 120 33 objection
292 1913 24 22 to
328 1910 108 32 printing
447 1910 42 24 the
501 1909 61 31 petit

50 1955 51 28 inn,
120 1962 26 17 as
153 1961 69 23 every
235 1955 130 21 statement
376 1951 26 23 m
419 1950 20 23 it
450 1949 71 24 could
544 1948 28 23 be

52 1993 76 30 easily
139 1988 174 30 controverted;
327 1988 42 24 but
381 1988 30 24 he
423 1987 51 24 also
486 1988 86 22 assert-

51 2030 30 25 ed
93 2030 55 24 that
156 2028 42 25 the
215 2028 138 31 gentlemen
376 2026 53 23 who
448 2024 84 32 signed
554 2024 18 23 it

55 2059 47 35 fad
116 2068 93 25 banded
217 2066 145 25 themselves
372 2061 109 34 together
490 2063 36 24 for
533 2063 39 23 the

55 2108 96 32 ppecific
162 2113 103 25 purpose
273 2106 25 23 of
307 2104 112 31 securing
436 2103 42 24 the
494 2102 78 31 repeal

54 2148 27 22 of
96 2146 41 23 the
155 2145 72 22 Land
254 2143 48 22 and
324 2143 100 22 Income
446 2141 51 22 Tax
519 2140 53 23 Act.

50 2186 57 21 '•Plie
118 2184 113 23 Minister
247 2183 38 22 for
305 2180 138 24 Education
466 2178 52 24 also
535 2178 37 24 de-

53 2223 82 26 clared
156 2223 54 24 that
238 2221 42 24 the
299 2219 101 32 petition
413 2224 3 2 '
422 2218 150 32 represented

55 2264 44 25 the
110 2263 71 25 views
193 2262 26 25 of
238 2270 15 15 a
276 2259 169 26 Conservative
466 2259 106 30 partisan

55 2301 160 30 Association;
244 2300 43 24 the
314 2298 121 26 members
468 2298 25 24 of
521 2297 51 25 that

55 2340 166 32 organisation
249 2345 61 17 were
341 2336 137 32 personally
511 2339 61 21 most

55 2381 138 26 estimable,
205 2378 48 24 and
265 2378 57 29 they
332 2376 49 24 had
393 2384 69 23 every
473 2376 66 31 right
550 2378 22 21 to

58 2421 29 22 be
97 2417 84 27 heard,
200 2416 44 24 but
255 2415 31 24 he
307 2423 50 16 saw
379 2421 31 17 no
431 2421 87 16 reason
541 2412 31 25 for

57 2455 106 30 treating
171 2454 64 25 their
243 2452 101 32 peti»ion
352 2452 27 23 m
388 2459 30 16 an
427 2451 145 29 exceptional

57 2499 111 18 manner.
202 2491 38 24 On
262 2496 15 17 a
297 2488 104 24 division
423 2487 39 24 Mr
485 2487 87 25 Reeves

56 2531 66 22 -went
143 2529 60 24 with
233 2528 43 24 the
304 2534 68 19 noes,
393 2526 72 23 while
485 2525 87 23 Messrs

57 2566 124 29 Ballance,
196 2564 102 28 Seddon,
311 2564 110 25 Cadman
432 2563 48 25 and
504 2562 68 25 Ward

57 2606 72 24 ■voted
140 2604 59 25 with
208 2604 42 24 the
261 2611 56 23 ayes
325 2602 27 24 m
362 2602 84 24 favour
457 2602 25 24 oi
501 2601 71 31 print-

57 2644 45 29 ing
116 2642 42 26 the
179 2641 110 32 petition.

142 2746 21 23 A
190 2746 108 24 STORM
328 2743 170 24 BREWING.

90 2825 28 28 'If
127 2828 42 24 the
179 2828 91 31 Napier
282 2827 127 31 Telegraph
419 2826 30 24 be
464 2825 115 31 correctly

59 2867 107 29 advised,
178 2867 69 25 there
263 2867 21 24 is
296 2867 92 24 trouble
400 2866 108 30 loomirg
516 2865 63 24 close

59 2905 80 26 ahead
154 2905 37 25 for
200 2905 42 24 the
254 2905 122 31 Ministry.
411 2904 52 24 The
475 2902 103 26 disturb-

59 2945 45 30 ing
115 2951 71 17 couse
197 2944 21 24 is
230 2943 51 25 said
292 2944 23 23 to
331 2942 29 24 be
371 2943 43 23 the
426 2941 30 25 G.
468 2941 27 25 0.
509 2941 34 24 M.
557 2941 26 23 of

31 2985 4 5 '
62 2978 58 29 Hew
134 2982 115 28 Zealand,
261 2981 49 24 th«-
314 2982 105 27 restless,
443 2980 138 31 persistent,

60 3019 243 33 incomprehensible,
313 3018 101 32 popular
427 3018 39 26 Sir
489 3018 93 30 George

62 3061 72 29 Grey,
154 3060 42 22 the
217 3059 108 23 Isbmael
347 3060 27 21 of
393 3059 59 23 New
475 3056 107 25 Zealand

61 3100 104 31 polities,
178 3100 55 22 who
244 3099 67 30 plays
358 3106 15 15 a
385 3098 55 24 lone
453 3097 65 24 hand
555 3096 26 24 m

60 3138 44 24 the
116 3137 92 24 eternal
228 3144 69 24 game
319 3135 37 24 for
373 3136 68 23 office
463 3137 26 22 at
510 3135 71 23 Well-

59 3178 97 30 ington.
190 3176 22 24 A
236 3176 45 24 few
308 3176 78 23 weeks
409 3175 60 24 back
491 3175 20 24 it
534 3182 49 16 was

62 3216 145 25 ■understood
231 3216 54 24 that
304 3215 39 25 Sir
360 3215 93 31 George
469 3223 50 15 was
543 3216 41 22 too

61 3255 30 23 ill
102 3256 25 21 to
138 3254 84 23 attend
233 3253 157 27 Parliament,
409 3253 48 23 and
477 3253 106 23 contem-

64 3293 79 30 plated
156 3301 14 16 a
181 3293 64 28 visit,
256 3301 33 18 or,
302 3300 48 16 was
372 3292 96 24 advised
492 3291 31 31 by
543 3291 41 25 the

64 3331 95 25 doctors
171 3333 24 22 to
218 3331 56 25 visit
292 3330 97 32 Sydney
411 3331 26 23 m
454 3330 84 24 search
561 3329 23 24 of

64 3368 93 25 health.
201 3369 53 24 The
265 3369 107 24 Premier
389 3368 44 25 felt
444 3368 104 24 relieved
559 3369 25 23 at

63 3409 43 23 the
118 3412 109 27 prospect
239 3409 26 23 of
274 3410 94 30 getting
374 3409 36 23 rid
422 3409 26 23 of
455 3415 15 17 a
477 3406 107 32 political

63 3450 92 28 stormy
167 3448 77 30 petrel
256 3447 36 24 for
314 3447 41 24 the
379 3448 99 24 session.
514 3447 33 23 As
569 3455 15 15 a

62 3487 95 23 further
169 3486 155 24 inducement
332 3490 24 20 to
369 3487 38 24 Sir
417 3487 93 30 Georgp
518 3486 65 31 Grey

62 3525 26 24 to
98 3525 86 24 betake
197 3524 99 25 himself
306 3527 24 22 to
342 3526 129 28 Australia,
484 3535 15 15 a
518 3534 63 16 reso-

62 3564 79 25 lution
153 3572 49 16 was
214 3564 85 30 passed
310 3564 26 23 m
353 3565 41 23 the
416 3565 92 27 House,
532 3566 50 30 giv-

61 3601 45 30 ing
117 3601 52 23 him
182 3609 14 15 a
207 3601 155 24 commission
374 3610 33 16 on
420 3602 81 24 behalf
511 3602 25 24 of
542 3602 42 24 the

61 3638 169 24 Government
241 3638 25 24 of
276 3638 58 24 New
346 3639 115 30 Zealand,
485 3643 25 21 to
522 3640 61 31 poke

63 3675 40 24 his
110 3684 58 16 nose
177 3676 51 24 into
238 3684 14 16 a
262 3678 87 22 matter
358 3677 78 25 which
445 3686 48 16 was
501 3678 82 32 purely

63 3715 43 24 the
118 3715 110 24 business
240 3716 26 24 of
285 3716 102 24 another
409 3717 99 32 Coiony.
544 3719 40 25 Sir

22 3748 40 94 \
63 3752 94 32 George
169 3752 64 32 Grey
244 3754 112 30 accepted
368 3754 41 24 the
417 3755 108 29 mission,
536 3756 48 24 and

62 3792 27 23 m
106 3792 74 31 doing
191 3801 26 16 so
228 3793 31 24 he
270 3794 21 23 is
303 3794 123 31 popularly
438 3796 110 30 reported
557 3797 25 23 to

62 3834 16 23 V*
89 3830 61 25 have
163 3831 94 26 winked
267 3832 41 25 the
320 3832 69 25 other
477 3850 8 11 <
501 3835 33 24 At
547 3835 34 25 all

643 177 82 24 events
736 177 31 23 he
784 176 40 23 did
834 177 44 23 not
889 184 29 22 go
930 177 25 22 to
967 175 129 30 Australia,
1108 177 49 24 and

638 216 21 24 is
671 215 113 31 expected
796 219 25 21 to
833 215 70 25 make
913 215 39 25 his
972 223 148 23 appearance
1131 217 26 23 m

643 255 147 31 Wellington
800 257 59 22 next
882 254 73 24 week.
989 254 39 24 He
1050 255 106 30 intends,

641 301 26 16 so
679 301 55 22 says
744 293 42 23 the
804 293 131 29 Telegraph,
948 294 25 22 to
990 292 65 24 table
1072 300 15 16 a
1108 300 52 16 mo-

642 332 51 24 tion
704 332 136 31 traversing
861 332 42 23 the
925 332 110 23 taxation
1063 332 27 23 of
1109 331 53 23 im-

641 374 154 28 provements
806 379 31 16 on
857 370 66 26 land.
958 370 60 24 This
1039 372 22 22 is
1082 374 43 20 not
1148 379 14 15 a

642 411 110 30 pleasant
760 410 103 24 THinoni
873 413 37 20 lor
912 410 3 4 1
922 408 42 25 the
987 408 174 29 Government,

643 448 101 24 because
756 448 59 23 such
827 455 15 16 a
853 447 93 24 motion
967 446 79 24 would
1066 447 61 23 have
1150 455 13 15 a

643 490 68 28 great
722 487 54 24 deal
786 487 26 24 of
833 488 99 30 support
955 494 64 19 even,
1037 487 61 23 from
1122 484 41 26 the

645 527 143 24 Ministerial
808 526 128 29 following.
979 546 3 2 .

693 651 141 23 MUTUAL
858 648 249 26 IMPROVEMENT.

680 731 52 25 The
741 730 123 25 Members
876 732 25 24 of
908 731 50 24 this
967 730 89 31 society
1064 731 103 23 muster-

648 771 30 24 ed
689 779 57 23 very
763 772 108 30 strongly
889 779 31 16 on
938 770 111 32 Tuesday
1066 770 103 29 evening

648 813 25 20 at
685 811 41 23 the
739 811 99 29 reading
849 817 76 20 room,
939 807 145 27 somewhere
1095 807 74 25 about

648 848 31 23 40
696 850 90 28 strong,
815 848 54 23 four
880 855 52 16 new
962 848 120 23 members
1110 854 61 16 were

646 886 105 25 balloted
762 888 36 23 for
812 887 48 24 and
878 887 66 24 three
957 886 98 25 elected.

681 925 52 25 The
760 928 94 29 greater
871 928 54 29 part
957 927 26 24 of
998 926 42 24 the
1068 925 103 30 evening

648 973 49 16 was
710 965 73 24 taken
795 972 31 23 up
844 965 25 23 m
881 965 137 30 discussing
1035 972 14 16 a
1077 963 94 25 motion

649 1003 104 30 brought,
769 1002 102 24 forward
887 1002 32 31 by
946 1002 40 24 Mr
1016 1002 99 28 Btubhs,
1143 1000 27 24 m

648 1042 146 24 accordance
914 1042 81 24 notice
1013 1042 87 24 ••That
1128 1041 41 23 the

647 1080 76 24 ladies
736 1079 28 24 be
774 1080 118 23 admitted
909 1080 56 30 only
994 1087 30 19 on
1051 1080 119 23 alternate

776 1120 41 22 -As
828 1119 42 25 the
886 1120 92 22 motion
995 1118 97 24 clashed
1110 1117 60 24 with

648 1158 63 24 Bule
725 1158 28 23 12
762 1157 43 24 -Mr
820 1156 69 26 Garb,
901 1158 10 23 t
940 1156 84 25 moved
1042 1156 54 23 that
1107 1156 20 23 it
1141 1155 28 24 be

649 1195 135 31 suspended
796 1203 43 22 pip
851 1199 41 19 tern
904 1202 26 16 so
948 1202 27 16 as
1002 1196 26 22 to
1045 1193 77 24 admt
1150 1193 25 23 of

650 1233 39 23 Mr
702 1232 100 25 Stubb's
820 1232 92 24 motion
942 1231 70 31 being
1040 1230 131 27 discussed,

649 1271 80 24 wlrch
743 1278 47 17 was
802 1269 87 32 agreed
902 1273 23 21 to
953 1269 120 31 although
1085 1268 87 29 dpubts

651 1316 58 16 were
722 1308 128 31 expressed
861 1316 27 16 as
901 1309 24 23 to
936 1308 41 24 it's
987 1306 185 32 legality,.how-

651 1355 55 16 ever
720 1346 39 24 Mr
777 1345 100 25 Stubb's
887 1348 6 10 :
894 1345 94 25 niobion
1004 1353 50 16 was
1075 1343 98 29 .carried

652 1384 44 25 but
707 1393 27 15 as
743 1384 63 24 Rule
834 1384 31 24 12
875 1384 89 30 giving,
969 1391 80 22 power
1061 1385 24 22 to
1097 1382 77 23 admit

652 1424 42 24 the
706 1424 75 23 ladies
793 1425 25 22 at
830 1423 34 24 all
880 1423 73 26 times
970 1424 45 22 has
1042 1424 43 21 not
1112 1421 62 24 been

653 1461 127 30 expunged
795 1461 36 26 ...in
858 1461 43 22 the
918 1461 70 22 usual
1016 1459 60 23 form
1106 1459 19 23 it
1153 1459 21 23 is

653 1497 111 28 douutful
778 1497 109 25 whether
903 1497 43 24 the
963 1496 133 25 resolution
1112 1496 22 24 is
1151 1495 27 25 of

654 1546 47 23 any
713 1539 77 23 effect.
825 1537 52 24 The
889 1544 113 24 proposer
1012 1536 27 25 of
1052 1537 42 23 the
1111 1544 63 16 reso-

653 1579 77 24 lution
744 1578 49 24 and
807 1577 70 25 those
894 1577 54 25 who
965 1577 129 31 supported
1122 1576 53 24 him

654 1617 42 23 did
711 1625 26 15 so
761 1616 92 31 mainly
870 1623 32 19 on
930 1616 42 23 the
1000 1615 94 30 ground
1122 1614 54 25 that

655 1655 105 30 subjects
771 1654 80 24 would
868 1654 139 31 sqiretinaes
1026 1654 28 22 be
1071 1652 105 31 brought

654 1692 103 25 forward
769 1692 79 26 which
861 1691 78 25 would
952 1692 28 23 be
997 1691 179 30 uninteresting

654 1739 27 16 as
697 1730 54 25 well
763 1738 26 16 as
800 1729 129 25 indelicate
946 1731 25 22 to
988 1729 92 24 discuss
1096 1730 26 23 m
1136 1730 40 23 the

654 1776 114 23 presence
796 1767 26 24 of
844 1767 83 24 ladies.
962 1767 52 24 The
1041 1770 135 28 opponents

654 1807 122 30 affirniing
777 1800 6 14 r
797 1806 41 24 the
855 1805 117 30 principle
1000 1805 54 24 that
1082 1807 24 21 to
1134 1805 42 23 the

654 1852 59 23 pure
725 1844 34 23 all
772 1844 82 31 things
865 1852 41 16 are
922 1851 73 23 pare,,
1002 1844 49 24 and
1056 1844 60 22 .that
1133 1843 42 23 the

656 1882 103 31 English
777 1882 119 31 language
914 1890 48 16 was
990 1889 26 17 so
1028 1882 94 31 prolific
1149 1882 31 24 in*

655 1923 77 25 words
744 1922 54 24 that
810 1922 41 24 the
864 1922 87 30 ugliest
969 1922 92 30 subject
1074 1929 57 23 may
1148 1921 28 23 be

654 1960 108 24 handled
773 1959 103 24 without
887 1959 92 24 offence
991 1962 24 21 to
1028 1958 108 32 modesty
1148 1967 28 16 or

656 2000 120 24 decoram.

664 2062 3 2 .
689 2040 59 24 This
764 2040 92 31 subject
873 2039 72 31 being
962 2039 111 31 disposed
1084 2039 31 27 of,
1134 2038 42 24 the

657 2079 133 24 Chairman
810 2078 77 25 called
915 2086 31 17 on
975 2078 39 24 Mr
1042 2078 82 31 Lugar
1153 2080 24 22 to

656 2117 126 23 introduce
795 2117 40 22 the
852 2116 94 28 subject
962 2116 27 23 of

656 2153 27 25 of
693 2154 79 23 which
784 2153 46 23 due
847 2154 80 22 notice
943 2152 48 24 had
1010 2154 59 22 been
1096 2153 79 30 given.

657 2191 39 24 Mr
712 2191 83 30 Lugar
816 2190 52 25 said
884 2198 27 16 as
939 2191 42 23 the
1009 2190 92 31 subject
1130 2190 48 24 had

657 2230 59 25 been
729 2230 124 24 narrowed
865 2230 69 24 down
946 2231 25 23 to
1000 2230 41 24 the
1066 2230 112 30 question

683 2269 23 23 Is
716 2268 104 31 hunting
829 2268 77 24 useful
913 2275 27 16 as
947 2267 93 25 carried
1047 2275 31 17 on
1087 2268 56 24 here

658 2309 18 22 i*-
690 2308 70 23 made
772 2308 38 23 his
823 2307 52 24 task
888 2315 14 16 a
912 2315 55 23 very
979 2307 61 31 light
1068 2315 46 17 one
1131 2307 48 25 and

658 2354 27 16 as
697 2346 31 24 he
739 2353 49 16 Wias
800 2345 44 24 but
856 2353 31 16 an
916 2345 136 24 indifferent
1080 2345 99 31 speaker

659 2383 48 24 and
717 2392 13 15 a
743 2391 73 16 worse
833 2382 105 27 debater,
955 2383 30 23 he
1012 2383 84 24 rather
1123 2391 56 16 con-

659 2421 136 30 gratulated
806 2420 100 24 himself
918 2428 63 23 upon
989 2419 71 32 being
1069 2420 111 24 confined

660 2461 25 20 to
701 2458 60 22 such
770 2480 3 5 .
783 2465 94 17 narrow
899 2458 85 23 limits.
1019 2456 38 24 Mr
1079 2456 102 25 Wifcson

659 2496 56 24 who
727 2496 20 24 is
759 2505 14 15 a
784 2497 111 30 pleasant
918 2497 47 23 and
987 2496 83 24 rather
1091 2504 90 23 power-

659 2536 36 24 ful
703 2536 26 24 m
740 2536 93 29 debate,
859 2536 55 24 took
937 2536 42 24 the
1001 2536 107 31 opposite
1131 2536 50 24 sile

660 2574 49 25 and
720 2574 113 30 knowing
844 2574 42 24 the
897 2574 123 23 weakness
1028 2598 4 2 .
1042 2574 27 24 of
1082 2574 40 25 his
1144 2574 38 24 foe

660 2612 86 30 fought
757 2613 151 29 generously.
942 2611 40 23 Mr
995 2611 101 24 Garbett
1110 2611 73 31 spoke

661 2651 26 23 m
699 2649 84 25 favour
794 2649 26 24 of
830 2649 105 31 hunting
953 2649 110 30 pointing
1074 2652 43 21 out
1128 2649 55 25 that

663 2696 66 16 sonis
740 2696 25 16 oi
776 2687 41 24 the
829 2687 53 24 best
899 2687 101 30 Cavalry
1023 2687 92 24 officers
1135 2687 48 24 had

661 2725 107 23 received
791 2724 63 22 their
872 2724 155 30 preliiniaery
1055 2724 128 24 education

661 2764 27 22 m
711 2762 42 24 the
774 2762 106 30 hunting
906 2760 66 25 field.
1009 2761 39 24 Mr
1072 2762 25 24 S.
1114 2761 70 24 Weld

661 2802 87 31 plajed
760 2801 40 24 the
812 2801 77 24 comic
906 2802 57 23 note
975 2800 48 25 and
1035 2800 69 25 made
1117 2809 67 16 eoihb

663 2843 81 24 rather
756 2844 108 28 pungent
877 2842 67 23 hints
953 2841 96 31 against
1058 2841 42 24 the
1108 2844 74 28 sport.

664 2880 39 25 Mr
714 2880 81 31 Lugar
807 2879 91 31 replied
909 2879 44 24 but
977 2887 29 23 oy
1029 2887 66 16 some
1117 2887 66 17 over-

664 2920 66 30 sight
737 2920 42 23 the
791 2917 54 26 vote
857 2927 48 16 was
919 2922 43 21 not
974 2918 82 25 taken.

697 2964 52 24 The
759 2964 132 24 Chairman
901 2964 8 31 (
918 2963 38 24 Mr
965 2963 23 25 J.
1000 2964 98 31 Ingram
1108 2964 8 31 )
1125 2964 60 24 then

664 3002 120 25 informed
795 3002 42 24 the
849 3002 120 24 members
981 3004 54 22 tnat
1047 3002 40 24 the
1100 3002 88 24 Editor

664 3040 28 23 of
701 3040 42 23 the
754 3040 135 30 imaginary
900 3045 74 23 paper
990 3038 78 25 would
1079 3037 57 25 read
1147 3037 39 24 his

666 3078 218 25 communications
896 3086 33 16 on
940 3078 110 30 Tuesday
1061 3080 59 21 next
1139 3077 48 24 and

666 3117 55 24 that
732 3116 43 24 tbe
783 3116 47 24 five
838 3114 106 25 minutes
953 3115 114 31 speeches
1075 3124 31 16 on
1117 3115 70 25 catch

667 3154 105 31 subjects
784 3153 80 24 wouid
877 3153 27 24 be
915 3154 112 30 repeated
1039 3154 48 23 and
1099 3161 26 17 as
1138 3154 50 24 this

666 3194 58 32 plan
736 3194 119 31 produced
868 3201 26 15 so
907 3193 72 23 much
991 3195 153 22 amusement
1156 3201 31 16 on

668 3240 15 16 a
695 3232 89 23 former
796 3230 110 24 occasion
918 3238 15 16 a
944 3230 78 31 heavy
1045 3230 144 24 attendance

668 3279 55 17 may
736 3270 29 24 be
777 3270 115 31 expected
903 3270 48 23 and
964 3270 18 23 it
992 3278 47 15 was
1047 3270 79 31 hoped
1134 3271 55 23 that

668 3311 42 25 the
738 3310 76 24 ladies
833 3310 78 24 would
942 3312 44 28 put
1016 3309 26 24 m
1070 3317 14 16 a
1107 3311 84 29 strong

669 3352 156 30 appearance.
861 3350 50 23 The
924 3349 132 25 Chairman
1071 3350 70 30 again
1155 3358 35 16 re-

668 3388 87 32 peated
785 3389 42 22 the
855 3387 60 24 wish
943 3386 54 25 that
1020 3387 41 23 the
1084 3394 107 24 younger

670 3427 118 25 members
802 3427 76 24 would
899 3433 96 17 recoine
1008 3434 65 16 more
1085 3427 105 30 promin-

668 3471 42 21 ent
726 3468 27 23 m
765 3467 92 24 debate.
1154 3474 21 26 £

830 3579 89 23 VIEW
939 3579 81 23 HILL.

699 3662 25 24 A
736 3662 108 30 meeting
861 3669 50 16 was
934 3660 57 24 held
1011 3662 26 22 m
1059 3661 42 23 the
1123 3661 68 24 View

668 3704 53 26 Hill
738 3705 151 25 schoolroom
913 3712 31 16 on
957 3704 110 31 Tuesday
1087 3704 102 31 evening

666 3749 38 24 for
715 3748 42 24 the
775 3756 103 22 purpose
890 3747 27 24 of
932 3747 107 31 forming
1059 3754 14 16 a
1096 3746 97 25 Cricket

668 3791 61 25 Club
741 3791 37 24 for
800 3791 42 24 the
865 3790 102 25 district.
1002 3789 90 32 Nearly
1115 3789 75 32 thirty

668 3842 101 24 persons
797 3833 111 32 signified
932 3834 63 24 their
1016 3834 121 24 intention
1165 3835 26 23 to

1247 177 98 24 become
1357 179 129 26 members,
1499 177 48 24 and
1557 177 21 24 it
1600 185 49 16 was
1668 177 99 24 decided

1247 222 26 22 to
1285 223 25 22 at
1321 228 59 17 once
1392 220 55 25 take
1459 222 66 29 steps
1538 222 22 23 to
1576 220 39 31 lay
1637 220 71 24 down
1735 228 32 15 an

1248 263 110 31 asphalte
1369 263 67 31 pitch
1447 264 28 22 m
1496 263 43 24 the
1555 262 68 24 View
1645 263 54 23 Hill
1721 262 48 24 Do-

1247 306 68 24 main
1327 306 88 26 Board.
1450 306 35 23 To
1496 306 63 23 raise
1570 306 73 22 funds
1665 304 104 25 towards

1248 348 50 25 this
1309 356 103 24 purpose
1423 349 19 24 it
1454 356 48 16 was
1513 347 98 25 decided
1629 350 25 21 to
1677 347 58 24 hold
1755 356 15 14 a

1249 393 96 22 concert
1367 390 47 24 and
1438 390 49 25 ball
1510 399 33 16 on
1565 390 42 25 the
1630 391 68 27 26th,
1722 391 49 22 and

1250 434 91 24 Messrs
1364 434 26 24 C.
1425 433 101 28 Gorton,
1561 433 27 25 T.
1623 433 82 27 Harle,
1739 433 30 24 B.

1251 476 123 27 M'Grath,
1387 476 39 24 W.
1440 476 30 24 G.
1484 476 139 24 Maberand
1635 476 33 24 H.
1690 476 81 24 Smith

1249 527 62 17 were
1324 520 128 31 appointed
1470 525 21 17 a'
1497 520 145 24 Committee
1654 521 25 22 to
1702 527 69 24 carry

1251 565 42 21 out
1301 562 43 24 the
1354 564 184 29 arrangements
1550 570 56 16 conr
1614 561 67 25 ected
1694 562 77 24 there-

1250 605 67 24 with.

1284 668 21 24 A
1315 668 54 24 well
1381 667 113 25 attended
1505 667 83 31 public
1600 667 107 31 meeting
1723 674 50 17 was

1252 710 58 24 held
1320 711 26 23 m
1423 710 162 25 school-room
1603 718 32 17 on
1663 710 110 31 Tuesday

1253 753 111 31 evening,
1377 754 36 23 for
1423 754 41 24 the
1474 761 104 23 purpose
1586 754 27 23 of
1622 753 152 30 considering

1253 796 42 25 the
1313 796 90 24 Oxford
1427 796 102 25 Domain
1548 796 102 25 Board's
1666 796 59 24 offer
1742 797 31 25 of,

1253 845 71 21 trees,
1339 840 37 23 for
1386 840 42 22 the
1445 847 103 23 purpose
1564 839 27 24 of
1604 839 113 31 planting
1733 838 42 25 the

1254 882 66 25 View
1337 882 53 24 Hill
1408 883 142 23 Recreation
1579 881 110 25 Ground.
1723 881 52 25 The

1270 926 43 28 ffe.r
1331 934 48 16 was
1396 926 164 30 exhaustively
1579 925 130 28 discussed,
1727 925 48 24 and

1254 968 42 25 the
1308 969 98 30 opinion
1428 968 124 32 generally
1574 968 127 31 expressed
1722 968 52 24 that

1254 1012 68 24 View
1343 1011 52 26 Hill
1418 1011 48 24 had
1486 1012 59 23 been
1567 1011 84 25 rather
1670 1011 105 31 unfairly

1254 1055 67 24 dealt
1332 1055 59 23 with
1403 1055 26 25 m
1441 1054 86 31 regard
1539 1057 25 21 to
1576 1054 41 24 the
1640 1054 134 24 recreation

1255 1097 102 31 ground,
1369 1106 27 16 as
1407 1106 16 15 a
1433 1098 66 30 large
1518 1099 101 23 amount
1642 1097 26 24 of
1688 1104 88 24 money

1255 1141 49 26 had
1317 1141 59 24 been
1388 1144 71 28 spent
1470 1148 32 17 on
1515 1141 42 24 the
1569 1140 90 24 Oxford
1669 1140 106 24 Domain

1256 1184 48 24 and
1315 1184 94 30 hardly..
1413 1192 47 22 any
1471 1184 26 23 m
1509 1183 67 25 View
1587 1183 62 24 Hill.
1683 1183 25 24 It
1726 1190 50 17 was

1256 1227 85 31 finally
1350 1226 117 31 proposed
1479 1226 31 31 by
1521 1226 40 24 Mr
1571 1226 83 28 Bunn,
1678 1226 97 24 second-

1258 1270 29 24 ed
1299 1269 30 32 by
1341 1269 40 25 Mr
1400 1269 81 25 Smith
1504 1269 48 24 and
1569 1269 99 29 carried,
1712 1269 64 24 That

1257 1313 21 24 if
1293 1313 41 24 the
1346 1313 106 24 Domain
1463 1312 81 25 Board
1555 1312 50 24 will
1616 1320 100 23 prepare
1733 1311 43 25 the

1257 1356 58 24 land
1327 1356 46 24 and
1398 1358 123 22 construct
1544 1355 41 24 the
1607 1355 105 31 fencing,
1736 1355 42 23 the

1257 1399 85 30 people
1365 1398 26 25 of
1411 1398 67 25 View
1499 1398 54 24 Hill
1572 1399 47 24 will
1644 1399 69 30 plant
1735 1398 43 23 the

1258 1443 64 22 trees
1333 1442 128 30 according
1472 1444 25 20 tt>
1519 1442 64 22 their

1258 1485 123 31 Proposed
1395 1484 28 31 by
1435 1484 40 24 Mr
1487 1483 100 28 Gorton,
1606 1483 118 25 seconded
1747 1483 31 31 by-

1259 1529 40 23 Mr
1313 1527 103 32 Wright,
1497 1527 43 25 the
1562 1526 80 25 Board
1663 1526 50 25 will
1734 1528 44 23 not

1259 1580 71 23 agree
1341 1575 26 21 to
1378 1579 43 16 our
1433 1571 54 24 first
1505 1570 120 32 proposal,
1649 1570 50 25 will
1722 1570 57 32 they

1259 1616 89 31 permit
1359 1623 29 15 us
1407 1617 26 21 to
1454 1614 63 24 form
1534 1622 14 16 a
1570 1614 105 24 Domain
1698 1613 81 25 Board

1247 1657 4 9 :
1260 1659 128 27 ourselves,
1401 1657 47 25 and
1462 1657 54 24 take
1527 1665 57 16 over
1595 1657 42 24 the
1658 1656 125 31 ground.'".

1258 1701 104 26 Carried.
1398 1701 51 24 The
1480 1700 132 25 Chairman
1634 1699 39 24 Mr
1706 1699 72 31 Boys,

1258 1753 50 16 was
1325 1744 72 25 asked
1410 1746 25 22 to
1451 1744 177 24 communicate
1640 1743 42 24 the
1703 1743 76 24 result

1259 1788 27 24 of
1295 1788 43 24 the
1359 1787 108 29 meeting
1494 1788 25 21 to
1542 1786 41 23 the
1592 1806 5 3 .
1608 1786 52 23 Sec.
1684 1786 26 23 of
1731 1786 47 23 Do-

1259 1831 68 24 main
1338 1830 88 28 Board,
1438 1830 49 23 and
1509 1837 32 15 on
1563 1828 120 31 receiving
1704 1828 75 31 reply,

1259 1877 26 22 to
1296 1874 45 24 call
1355 1873 102 25 another
1464 1873 113 31 meeting,
1588 1872 49 25 and
1647 1872 41 25 the
1699 1872 80 25 Board

1251 1918 147 30 ■adjourned.

1294 2042 93 24 FROM
1405 2042 67 24 OUR
1499 2042 78 24 OWN
1606 2041 142 25 CORRES-

1437 2082 167 23 PONDENT.

1294 2173 34 24 As
1338 2180 48 24 you
1404 2180 39 16 ire
1465 2180 86 19 aware,
1575 2171 13 24 I
1610 2171 61 24 have
1693 2172 89 30 always

1262 2211 132 24 advocated
1403 2211 41 23 the
1456 2210 120 30 necessity
1587 2210 27 24 of
1633 2209 62 24 local
1717 2209 65 24 trad-

1260 2249 44 31 ing
1315 2256 27 16 as
1354 2248 130 25 conducive
1495 2249 26 23 to
1532 2255 44 17 our
1592 2248 110 27 comfort,
1726 2255 56 16 con-

1261 2287 114 23 venience
1392 2286 47 24 ond
1462 2285 141 32 prosperity,
1627 2285 47 24 and
1693 2286 11 23 I
1726 2292 58 24 may

1262 2324 47 25 add
1320 2324 58 24 with
1402 2324 67 24 truth
1492 2324 26 23 to
1537 2331 44 16 our
1604 2323 73 24 social
1699 2323 84 31 happi-

1262 2370 57 16 ness
1336 2362 48 24 and
1411 2362 148 30 enjoyment.
1594 2361 38 24 On
1654 2361 43 24 the
1718 2361 65 31 prin-

1263 2402 61 30 ciple
1336 2401 55 24 that
1402 2401 94 30 charity
1507 2400 84 30 begins
1603 2402 26 22 at
1645 2400 81 29 home,
1748 2408 37 15 we

1264 2439 87 26 should
1369 2439 89 31 always
1481 2439 53 24 deal
1556 2439 59 24 with
1638 2438 70 25 those
1730 2439 54 24 who

1262 2487 40 16 are
1314 2481 96 22 nearest
1422 2478 48 24 and
1481 2481 93 21 dearest
1585 2481 25 21 to
1633 2486 29 16 us
1686 2479 47 30 (i.e.
1756 2479 26 23 m

1262 2525 31 17 an
1306 2519 110 29 amatory
1434 2516 88 32 sense.)
1556 2516 24 24 It
1602 2518 67 23 must
1691 2516 30 24 be
1743 2524 41 23 ap-

1262 2557 86 30 parent
1359 2556 26 22 to
1396 2554 33 25 all
1443 2554 54 24 that
1509 2554 42 24 the
1568 2556 103 29 country
1693 2554 91 24 trades-

1262 2606 57 16 man
1342 2597 98 24 labours
1463 2597 76 23 under
1560 2599 68 30 great
1658 2597 127 25 disadvan-

1263 2639 68 30 tages
1342 2637 26 23 m
1382 2637 91 30 having
1485 2639 24 21 to
1531 2640 110 27 compete
1664 2637 59 24 with
1746 2646 38 16 co-

1263 2675 122 30 operative
1405 2677 76 21 stores
1503 2674 47 24 and
1575 2674 111 24 hawkers
1713 2678 73 25 carts,

1264 2714 43 24 the
1318 2714 48 23 two
1377 2712 73 24 latter
1462 2712 97 32 dealing
1580 2711 56 32 only
1660 2713 37 25 for
1719 2715 67 27 cash,

1264 2752 47 23 and
1324 2749 43 26 the
1379 2752 89 22 former
1480 2750 133 31 compelled
1625 2752 25 23 to
1661 2752 55 30 give
1738 2752 50 24 tick

1265 2792 25 21 to
1302 2789 42 24 the
1361 2789 104 30 iuipecuj
1476 2789 54 23 ious
1552 2788 48 24 and
1622 2788 43 25 the
1688 2790 99 30 unprin-

1265 2827 76 30 cipled
1353 2826 140 31 purchaser,
1505 2834 28 16 or
1544 2826 58 25 shut
1613 2834 33 23 up
1658 2826 68 32 shop,
1739 2827 48 24 and

1263 2867 67 23 often
1340 2865 122 25 rewarded
1473 2865 36 25 for
1520 2865 39 25 his
1571 2865 115 26 kindness
1698 2867 30 31 by
1737 2867 48 24 dis-

1262 2906 113 31 covering
1387 2905 53 25 that
1451 2905 42 25 the
1505 2905 59 25 cash
1577 2906 78 24 which
1667 2907 77 30 ought
1755 2909 26 22 to

1265 2943 63 25 have
1338 2943 107 31 paiu?his
1458 2943 42 24 bill
1507 2944 22 23 is
1546 2951 62 23 gone
1627 2946 26 22 to
1676 2946 64 23 town
1763 2945 26 24 m

1267 2985 42 23 the
1321 2984 110 24 hawkers
1443 2985 59 26 cart,
1516 2992 26 16 or
1554 2984 45 24 has
1610 2984 61 24 been
1683 2985 60 22 used
1765 2987 27 21 to

1267 3029 101 24 procure
1401 3030 14 16 a
1446 3021 171 31 consignment
1649 3022 63 26 from
1747 3024 45 24 the

1266 3060 168 30 cooperative.

1298 3107 33 24 As
1343 3115 47 23 you
1410 3115 40 16 are
1472 3115 79 17 aware
1573 3108 45 29 Sir,
1639 3108 14 25 I
1675 3108 62 25 have
1756 3117 34 16 no

1268 3147 113 31 personal
1392 3147 101 24 interest
1510 3147 27 24 m
1559 3148 50 25 this
1631 3151 98 26 matter,
1752 3157 40 17 ex-

1269 3187 55 28 cept
1335 3194 15 14 a
1362 3185 76 24 desire
1450 3188 25 22 to
1491 3186 70 30 point
1582 3189 43 22 out
1648 3187 66 24 what
1732 3187 60 24 both

1269 3229 48 24 you
1329 3222 48 24 and
1388 3222 13 24 I
1424 3222 90 25 believe
1537 3225 26 23 to
1586 3223 28 25 be
1636 3224 75 31 really
1732 3224 60 32 just,

1269 3260 48 23 and
1337 3260 47 28 Sir,
1396 3260 14 24 I
1422 3268 72 23 guess
1505 3269 36 16 we
1563 3260 62 26 have
1647 3262 64 24 lived
1733 3263 59 30 long

1270 3298 97 31 enough
1379 3302 25 20 to
1416 3299 68 24 learn
1496 3298 54 25 that
1561 3307 31 16 an
1605 3299 88 25 honest
1709 3308 85 17 course

1270 3335 22 24 is
1305 3336 41 23 the
1358 3342 65 18 most
1434 3336 126 30 profitable
1571 3338 27 22 m
1610 3337 41 23 the
1663 3338 59 31 long
1737 3347 55 15 run.

1271 3373 15 23 I
1297 3371 88 25 should
1397 3372 47 24 like
1457 3374 25 24 to
1493 3373 70 32 point
1582 3377 43 22 out
1636 3378 26 21 to
1674 3375 42 24 the
1728 3384 66 22 wage

1272 3417 85 17 earner
1367 3410 55 24 that
1434 3411 19 23 it
1464 3410 20 24 is
1498 3414 25 21 to
1535 3410 38 26 his
1585 3412 101 24 interest
1698 3415 26 22 to
1740 3413 54 25 deal

1271 3448 60 23 with
1342 3447 43 25 the
1396 3448 62 24 local
1472 3448 138 26 tradesman
1622 3450 45 24 has
1679 3458 14 16 a
1717 3452 78 24 mor^l

1271 3486 67 32 right
1350 3488 25 23 to
1385 3486 40 25 his
1437 3490 101 28 support
1549 3488 37 24 for
1607 3488 43 25 the
1672 3490 124 31 following

1272 3533 108 16 reasons.
1415 3526 52 24 The
1495 3526 62 25 local
1580 3528 80 23 trader
1683 3528 72 31 being
1780 3537 15 15 a

1271 3564 115 27 resident,
1399 3573 59 23 pays
1479 3565 64 24 local
1562 3568 69 23 taxes
1653 3568 48 23 and
1724 3568 70 31 helps

1272 3606 26 23 to
1310 3606 99 28 support
1426 3612 44 16 our
1480 3605 64 24 lo«al
1559 3606 162 25 institutions.
1756 3608 39 24 He

1273 3643 21 23 is
1305 3642 52 24 also
1370 3650 14 16 a
1406 3642 131 30 purchaser
1559 3643 26 24 of
1605 3643 62 25 local
1690 3645 104 31 require-

1273 3681 88 26 ments,
1384 3679 48 25 and
1455 3688 32 16 an
1509 3681 122 31 employer
1651 3682 25 24 of
1701 3683 93 24 labour.

1274 3719 39 25 He
1324 3719 21 25 is
1361 3719 123 31 generally
1505 3720 72 31 fairly
1599 3721 125 28 educated,
1747 3722 50 24 ard

1274 3766 55 17 uses
1351 3758 40 25 his
1412 3758 120 26 influence
1554 3760 26 23 m
1603 3760 43 25 the
1678 3761 117 25 advance-

1274 3798 68 22 ment
1364 3796 27 25 of
1411 3797 42 23 the
1476 3797 101 24 district.
1612 3798 53 23 The
1697 3799 99 23 hawker

1272 3840 32 18 on
1316 3833 42 25 the
1370 3833 71 25 other
1450 3833 66 24 band
1533 3834 75 25 walks
1664 3836 58 23 with
1733 3843 62 23 your

1859 179 65 27 cash,
1933 186 60 23 pays
2005 187 31 16 no
2059 181 75 25 taxes,
2154 178 68 31 gives,
2243 185 33 16 no
2299 170 132 47 assist^H

1856 223 60 16 ance
1938 219 25 21 to
1985 225 61 22 your
2068 216 96 24 schools
2187 215 49 25 and
2262 214 98 26 librarie
2361 207 70 47 (^H

1857 254 57 23 with
1918 254 81 24 -holds
2022 254 38 24 his
2083 254 66 24 hand
2172 254 26 23 m
2220 260 61 24 your
2307 242 124 51 socia^H

1856 291 150 31 gatherings,
2020 292 47 24 and
2081 291 139 25 Christmas
2233 292 87 30 sports,
2333 282 98 47 ant^H

1856 327 82 26 flatter
1959 337 61 22 your
2043 330 82 30 vanity
2148 329 31 30 by
2212 329 88 30 selling
2332 320 99 47 yoi^H

1856 365 74 30 goods
1945 367 41 23 ten
2007 375 43 23 per
2071 372 57 20 cent
2149 367 111 30 cheaper,
2285 366 48 24 and
2356 359 75 43 <*^H

1856 404 54 31 fifty
1921 413 43 22 per
1975 407 56 23 cent
2041 407 49 23 less
2106 406 78 25 value.

1890 443 12 23 I
1914 443 61 25 have
1987 445 117 23 excellent
2116 452 99 16 reasons
2228 443 48 29 Sir,
2287 443 37 25 for
2340 437 91 43 be-^H

1858 481 89 32 lieving
1959 482 54 25 that
2026 484 35 30 (to
2072 491 43 16 use
2138 491 14 16 a
2174 484 86 30 vulgar
2281 474 150 46 pbrasej^H

1885 521 94 32 Things
1997 522 25 25 is
2045 522 99 32 looking
2165 531 33 23 up
2239 523 27 24 m
2289 512 142 50 Oxfcrd^H

1858 559 48 24 and
1917 559 27 24 m
1955 567 15 17 a
1982 560 68 24 short
2061 561 59 23 time
2132 564 82 28 empty
2226 562 88 23 houses
2330 551 101 47 will^B

1857 597 29 24 be
1914 599 160 30 conspicuous
2107 599 32 32 by
2172 600 64 24 their
2269 592 162 43 absence.^B

1857 635 158 31 Fortunately
2027 644 44 16 our
2083 638 63 23 class
2158 637 156 24 distinctions
2330 628 101 47 and^J

1858 675 119 25 sectarian
1988 675 134 32 prejudices
2134 684 40 17 are
2185 679 44 22 not
2248 685 27 16 so
2295 667 136 47 strong^M

1859 720 26 16 as
1898 714 24 23 to
1934 715 100 28 prevent
2046 722 28 16 us
2085 714 62 24 from
2170 714 94 32 pulling
2287 714 33 25 all
2343 716 37 23 to-
2386 705 45 35 H

1857 752 86 30 gethcr
1953 752 37 23 for
2002 753 41 23 the
2055 754 121 24 universal
2194 754 66 24 weal.
2295 752 51 24 But
2368 744 63 33 iH

1858 792 89 28 repeat,
1961 789 94 32 charity
2068 790 86 25 should
2167 792 71 29 begin
2255 794 26 21 at
2300 782 131 37 home,H

1858 828 59 25 then
1940 828 34 25 let
1986 837 29 16 us
2037 829 70 31 begin
2120 833 24 21 to
2156 831 103 24 exercise
2271 830 20 25 it
2306 830 75 31 freely
2392 821 39 34 H

1859 871 115 29 amongst
1986 870 130 29 ourselves,
2129 870 48 24 and
2199 870 70 25 when
2292 879 15 16 a
2330 879 52 16 sur-
2393 861 38 34 H

1857 906 55 30 plus
1924 914 91 21 occurs,
2034 907 78 24 which
2124 908 22 23 is
2156 910 45 21 not
2222 908 82 30 likely,
2326 908 54 30 give
2395 898 36 34 I

1857 945 75 31 freely
1944 948 25 21 to
1978 945 70 25 thoie
2060 947 53 23 vvho
2126 948 63 23 most
2208 947 94 31 require
2319 947 28 25 it.
2396 937 35 35 I

1892 983 57 24 Just
1961 991 15 16 a
1987 984 65 24 word
2065 983 75 25 about
2150 984 43 24 the
2215 985 63 30 legal
2300 987 84 28 aspect
2398 976 33 33 I

1860 1020 26 24 of
1914 1020 42 24 the
1993 1020 106 24 hawker.
2136 1021 62 25 Who
2229 1023 78 23 issues
2339 1022 43 24 the
2400 1022 31 24 ■

1860 1059 91 24 license
1961 1060 12 22 ?
2006 1060 37 24 To
2064 1060 66 24 what
2152 1067 103 24 purpose
2277 1068 41 17 are
2339 1061 47 25 th&
2401 1053 30 32 I

1859 1098 76 24 funds
1946 1098 96 24 derived
2064 1100 130 23 therefrom
2217 1100 101 24 devoted
2337 1103 25 21 to
2371 1101 15 23 t
2403 1101 28 24 ■

1862 1136 66 23 Dods
1940 1136 39 23 his
1989 1136 90 25 license
2090 1144 120 24 empower
2221 1136 57 25 him*
2291 1142 25 19 to
2338 1137 45 25 sell
2405 1128 26 33 I

1859 1175 128 31 anywhere
1998 1175 51 24 aud
2063 1176 150 31 everywhere
2223 1177 11 23 ?
2292 1170 19 14 ''-
2316 1171 4 13 !
2322 1171 16 13 -'
2342 1172 33 15 !;r
2379 1183 3 3 -
2407 1171 24 22 ■

1892 1225 13 24 I
1919 1225 63 24 have
1992 1226 105 30 nothing
2109 1227 24 22 to
2146 1234 41 23 say
2209 1225 96 32 against
2327 1223 52 28 him
2408 1219 23 33 I

1860 1263 148 31 personalK,
2034 1263 44 25 but
2087 1263 13 24 I
2123 1263 32 25 do
2173 1263 72 25 think
2266 1260 28 28 if
2347 1267 11 10 •'
2361 1265 22 24 is
2409 1255 22 34 I

1862 1303 130 31 permitted
2005 1305 24 22 to
2041 1305 111 29 compete
2172 1303 59 25 with
2253 1312 45 16 our
2320 1304 62 25 local
2410 1293 21 36 I

1860 1342 150 35 tradesmep,
2023 1343 30 23 he
2065 1343 77 30 ought
2153 1342 26 24 m
2187 1343 89 30 justice
2288 1346 25 21 to
2325 1343 59 25 bear
2411 1333 20 35 I

1861 1390 14 16 a
1883 1381 48 25 fair
1940 1382 96 31 portion
2048 1382 26 24 cf
2084 1382 41 25 the
2137 1382 61 24 local
2210 1382 116 25 taxation.
2413 1373 18 33 I

1859 1516 125 26 LADIES
2000 1516 133 26 LETTER
2159 1517 92 25 FROM
2274 1517 105 25 MANA-

2072 1555 105 23 WATU.

1895 1639 70 24 Dear
1992 1640 106 27 Mollie,
2101 1655 31 3 —
2133 1641 71 24 Rain,
2238 1641 62 28 rain,
2334 1641 51 24 and

1860 1679 62 28 rain,
1935 1679 54 24 that
2009 1679 45 24 has
2074 1679 59 24 been
2153 1688 44 15 our
2218 1681 107 23 weather
2345 1681 41 23 for

1862 1718 43 25 the
1922 1719 48 24 last
1992 1719 37 23 six
2051 1719 85 24 weeks.
2170 1719 95 31 Expaot
2284 1719 54 24 rain
2357 1721 32 22 ak

1864 1757 34 25 all
1910 1758 103 24 stations
2025 1766 32 15 on
2070 1757 40 26 the
2122 1761 58 21 west
2191 1761 67 20 coast
2270 1759 26 22 of
2305 1759 84 23 North).

1862 1795 93 25 Island.
1989 1796 78 25 Thats
2090 1797 42 24 the
2155 1803 51 17 sort
2226 1797 27 24 of
2273 1805 110 24 message

1862 1833 55 25 that
1928 1832 104 33 Captain
2056 1834 86 25 Edvviu
2166 1835 72 24 sends
2261 1843 29 17 us
2313 1843 72 24 every

1862 1874 84 26 other,
1959 1874 54 30 day.
2048 1874 32 24 Of
2100 1883 85 15 course
2206 1876 42 22 the
2267 1883 72 22 grass,
2361 1877 24 22 is

1864 1912 66 23 fresh
1942 1912 47 23 and
2000 1919 83 23 green,
2095 1912 43 23 bat
2147 1912 40 24 the
2200 1912 60 24 mad
2267 1913 24 23 is
2306 1920 85 17 some-

1864 1949 71 31 thing
1946 1949 83 28 awful,
2040 1949 49 24 and
2099 1949 46 24 the
2152 1957 59 24 poor
2222 1951 63 24 little
2302 1950 89 25 lambs-

1864 1989 38 24 die
1925 1996 58 23 very
2002 1989 99 31 quickly
2121 1989 28 23 m
2169 1989 50 24 this
2251 1989 140 24 inclement-

1864 2027 112 24 weather.
2010 2027 14 24 I
2046 2027 70 32 fancy
2138 2027 56 32 they
2217 2036 40 17 are
2283 2036 26 17 so
2336 2029 50 23 dis-

1864 2067 86 30 gusted
1963 2067 34 30 by
2004 2067 63 23 their
2078 2069 70 28 entry
2158 2067 52 24 into
2221 2067 60 24 such
2288 2074 15 16 a
2311 2066 78 31 damp,

1864 2103 161 30 uncongenial
2047 2104 76 23 world
2142 2104 54 24 that
2219 2104 57 31 they
2307 2105 77 29 really

1864 2141 101 24 commit
1977 2140 97 30 suicide,
2088 2149 30 15 so.
2123 2149 75 24 many
2215 2149 42 16 are
2272 2142 75 24 found
2358 2142 29 24 m

1864 2184 76 21 water
1950 2180 78 25 holes.
2060 2180 64 25 This,
2129 2180 22 25 is
2170 2181 53 24 said
2245 2183 28 22 to*
2292 2181 29 24 be
2344 2181 41 24 the

1865 2222 94 22 wettest
1971 2221 86 24 winter
2067 2220 37 25 for
2126 2227 75 24 many
2222 2228 76 22 years.
2333 2220 54 25 Tue

1867 2258 139 24 Manawatu
2111 2265 48 17 was
2189 2258 27 24 m
2248 2258 45 25 fall
2321 2258 66 25 flood

1864 2297 133 32 yesterday,
2011 2305 18 16 a.
2038 2297 76 31 grand
2126 2297 65 31 sight
2203 2298 93 28 indeed,
2317 2305 27 17 as
2366 2298 20 25 it

1866 2343 71 16 came
1946 2335 105 31 dashing
2070 2335 73 31 along
2164 2342 32 17 on
2218 2336 42 23 the
2282 2335 107 25 Ashui-st

1866 2373 51 23 side
1939 2373 27 23 of
1982 2373 42 23 the
2046 2380 80 23 gorge.
2161 2372 69 24 Bush
2262 2372 123 24 accidents

1866 2412 27 24 of
1912 2412 111 29 frequent
2045 2418 143 17 occurrence
2210 2410 64 30 here,
2298 2412 49 24 and
2372 2412 15 23 I

1867 2451 68 24 often
1947 2450 71 24 think
2037 2450 54 24 how
2112 2450 94 24 blessed
2227 2459 48 23 you
2297 2450 90 26 Oxford

1866 2488 65 25 folks
1943 2496 40 16 are
1995 2490 25 23 to
2032 2488 61 24 have
2112 2488 70 25 three
2205 2488 103 25 medical
2331 2497 58 17 men

1867 2529 77 30 living
1955 2528 26 24 m
2004 2528 98 25 Oxford.
2137 2528 24 24 A.
2169 2528 68 25 short
2248 2530 59 23 time
2334 2536 54 23 ago,

1869 2574 15 16 a
1896 2574 58 24 poor
1964 2565 79 26 fellow
2054 2566 56 25 who
2120 2573 53 18 was
2183 2566 158 28 bush-felling
2362 2566 27 25 m

1870 2604 153 25 Fitzherbert
2034 2606 42 29 got
2086 2604 40 25 Ms
2136 2604 40 32 leg
2185 2604 93 25 broken
2292 2605 27 24 m
2341 2606 53 23 two-

1869 2643 80 31 places
1961 2642 32 30 by
2003 2642 50 24 afa
2064 2642 52 30 ling
2128 2641 100 26 branch.
2260 2642 25 24 It
2296 2650 50 16 was
2358 2650 33 16 on

1870 2688 14 14 a
1898 2679 119 31 Saturday
2029 2678 113 31 evening,
2150 2678 37 32 jm
2192 2681 10 22 t
2213 2678 75 26 about
2300 2678 93 26 knock-

1869 2717 44 31 ing
1922 2716 35 24 off
1968 2716 64 28 time,
2045 2716 50 24 and
2102 2717 40 23 his
2152 2718 78 22 mates
2241 2724 62 17 were
2314 2716 77 25 afraid

1870 2755 26 24 of
1905 2755 105 30 starting
2022 2754 57 25 with
2093 2754 52 24 him
2166 2754 37 25 for
2224 2754 157 25 Pa;merston
2384 2772 13 10 X

1871 2794 43 23 ten
1926 2793 71 24 miles
2012 2792 106 31 through
2140 2792 117 25 trackless
2280 2792 63 25 bush
2366 2800 27 17 so

1873 2831 50 24 late
1942 2830 26 24 m
1980 2829 42 25 the
2032 2830 57 31 day,
2100 2838 28 16 so
2139 2830 67 25 there
2218 2830 32 25 he
2260 2830 40 32 lay
2312 2831 26 24 m
2351 2831 41 24 the

1874 2876 71 23 camp
1956 2867 35 25 all
2011 2867 81 32 night,
2114 2867 26 25 m
2163 2876 88 23 agony.
2284 2868 33 25 At
2337 2868 57 32 day-

1872 2906 63 31 light
1947 2906 40 24 his
1997 2907 81 23 mates
2089 2906 91 24 started
2203 2908 25 23 to
2250 2914 69 27 carry
2341 2906 58 26 him.

1874 2947 53 24 into
1938 2946 164 29 Palmerston,
2121 2946 59 32 they
2201 2946 49 25 had
2272 2949 25 22 to
2319 2947 79 25 travel

1876 2984 89 30 up-hill
1978 2984 49 23 and
2039 2985 79 27 down,
2135 2990 82 18 across
2235 2982 90 29 creeks,
2349 2983 49 25 and

1874 3021 75 24 fallen
1961 3022 71 26 trees,
2044 3020 49 25 and
2104 3021 22 25 it
2135 3029 50 17 was
2208 3021 100 32 Sunday
2326 3029 71 18 even-

1875 3059 44 31 ing
1938 3059 70 24 when
2031 3059 59 31 they
2111 3059 102 24 reached
2235 3059 163 31 Palmerston,

1876 3096 49 25 and
1937 3097 59 24 then
2010 3097 58 31 they
2084 3105 63 17 were
2168 3099 44 23 not
2234 3097 54 26 able
2309 3100 28 23 to
2357 3099 45 25 ob-

1876 3134 52 25 tain
1941 3135 41 24 the
1994 3135 103 25 services
2109 3135 27 24 of
2155 3143 15 17 a
2192 3135 84 25 doctor
2298 3137 37 24 for
2356 3137 44 25 the

1875 3182 60 23 poor
1957 3182 58 16 man
2038 3174 53 24 that
2114 3175 80 30 night.
2228 3175 79 25 There
2329 3177 23 23 is
2385 3184 15 17 a

1876 3211 61 31 good
1949 3212 105 31 opening
2075 3212 39 24 for
2134 3221 15 15 a
2171 3213 103 25 medical
2297 3222 57 16 man
2375 3215 26 23 m

1877 3250 42 24 the
1931 3252 101 29 country
2044 3250 108 25 districts
2165 3251 106 26 between
2289 3252 112 28 Palmer-

1878 3292 55 22 ston
1945 3290 49 24 and
2007 3290 119 31 Fielding,
2139 3299 27 17 as
2175 3292 20 23 it
2206 3292 22 24 is
2245 3300 14 16 a
2281 3300 57 23 very
2361 3301 42 16 ex-

1877 3330 100 30 pensive
1997 3330 73 31 thing
2091 3333 25 22 to
2138 3332 42 29 get
2201 3338 16 17 a
2238 3330 83 25 doctor
2340 3331 63 25 from

1877 3369 79 24 either
1966 3368 69 32 place
2047 3371 25 22 to
2084 3370 87 24 attend
2182 3378 20 16 a-
2208 3378 56 16 case
2275 3371 27 24 m
2324 3371 79 25 either

1879 3408 113 29 AsLurst,
2024 3408 186 32 Bunnythorpe,
2246 3410 94 26 Tanuie
2373 3419 28 16 or

1879 3447 125 28 Awahuri,
2017 3448 48 24 and
2085 3457 76 16 worse
2184 3449 49 24 still
2257 3452 25 21 at
2305 3449 96 26 Pahan-

1879 3487 58 30 giha
1960 3487 79 24 which
2061 3488 22 23 is
2105 3488 112 30 eighteen
2246 3488 71 25 miles
2339 3489 64 25 from

1878 3526 155 25 Pdlmersion
2053 3527 89 23 North.

1912 3575 109 31 Perhaps
2040 3583 48 23 you
2119 3576 72 24 think
2225 3577 91 29 Mollie,
2347 3577 56 26 that

1881 3613 67 25 these
1968 3614 80 29 places
2071 3621 41 16 are
2144 3614 164 31 insignificent
2341 3616 63 25 little

1879 3650 109 30 villages,
2001 3650 43 25 but
2055 3652 44 23 not
2111 3659 36 19 so,
2164 3651 106 25 Ashurst
2286 3653 22 24 is
2330 3653 75 25 about

1879 3689 49 24 like
1950 3689 91 24 Oxford
2066 3697 27 16 as
2115 3691 98 29 regards
2241 3692 162 30 inhabitants,

1878 3727 45 23 but
1933 3726 21 24 it
1965 3727 45 22 has
2022 3733 14 16 a
2048 3727 67 29 larga
2124 3728 79 30 newly
2215 3727 89 25 settled
2327 3737 74 16 coun-

1879 3767 38 30 try
1928 3769 26 20 at
1963 3764 47 26 the'
2018 3765 61 25 back
2091 3767 28 23 of
2126 3766 28 24 it.
2190 3767 55 23 And
2255 3767 87 24 within
2354 3770 49 22 two

1877 3809 70 24 yea,rs
1968 3802 56 30 fifty
2053 3809 67 16 more
2152 3802 71 24 fatnil
2231 3811 26 16 es
2289 3804 51 24 will
2373 3805 30 26 be

1877 3843 45 23 S3tl
1926 3841 39 24 led
1977 3841 68 24 there
2054 3845 32 19 oil
2103 3840 46 26 the
2171 3842 73 22 small
2264 3842 99 22 farms—
2363 3850 46 14 as—

515 62 167 32 OXFORD
722 60 89 32 AND
854 59 103 30 CUST
1000 59 219 33 OBSERVER
1263 60 233 36 SATURDAY,
1539 60 171 32 AUGUST
1743 62 50 34 13,
1842 63 89 30 1892.
