2450 3920
50 171 127 23 'somtions
178 192 2 1 .
188 171 62 22 lamT.
282 170 28 24 In
325 171 183 31 -Rairnythorpe,
530 171 45 24 five

54 207 66 26 iriiWs
129 210 57 23 from
197 209 154 29 Palraerston,
363 218 32 15 we
407 210 58 23 Ua«*
475 219 12 14 a
497 210 77 24 school

54 254 76 23 ivitha
144 256 49 22 ll>o>
209 254 100 24 children
332 255 24 22 m
374 256 91 29 regular
484 256 93 23 attend-

54 308 66 15 ant.
153 300 52 23 Yt»i»
217 300 42 23 will
273 301 127 22 lvmenilvr
410 301 15 23 I
447 302 129 23 mentioned

55 343 88 24 Messrs
179 344 103 23 Holland
325 345 46 23 ami
423 344 50 25 Mill
516 346 61 27 heiv,

54 386 13 23 I
80 395 36 14 am
129 386 110 25 iiiforiK'tl
250 387 51 23 that
314 387 39 23 the
363 392 84 25 output
459 388 60 22 from
532 388 46 23 this

56 433 47 23 mill
117 432 41 23 lv*3
168 433 54 23 been
234 433 78 30 uiuety
330 433 117 24 thousand
471 435 46 22 feet
539 442 40 23 per

56 478 81 23 moiitU
153 479 37 22 for
210 480 40 21 the
271 479 47 22 last
339 482 40 19 ten
397 480 102 27 months,
532 481 45 21 and

56 522 53 28 they
122 524 84 20 cannot
217 521 33 23 fill
262 522 58 22 their
331 522 76 22 orders
419 522 47 22 fast
476 522 102 30 enough,

56 575 28 16 so
96 575 44 22 you
153 567 43 23 will
218 576 40 15 see
278 567 66 24 there
365 567 21 23 is
404 567 48 24 still
475 568 103 23 business

55 612 74 31 doing
140 613 23 23 m
175 612 153 25 Palmerston.
360 614 14 23 I
386 621 67 16 tever
463 621 46 16 saw
520 615 56 23 such

53 664 14 14 a
78 656 64 29 place
164 657 37 22 for
217 656 50 23 tires
290 657 45 22 ami
358 657 124 30 buildings.
515 658 61 22 How

54 698 72 31 lovely
141 698 87 24 Oxford
247 699 42 23 will
301 699 24 23 Iw
339 698 94 32 looking
453 708 58 16 now.
535 701 42 23 but

53 744 39 23 col
97 745 48 22 luo
165 746 78 23 liuaWt.
279 746 13 23 I
315 746 58 30 ln>i>e
395 746 41 23 the
457 746 119 31 Debating

56 786 60 23 Club
129 787 18 24 is
158 795 13 14 a
183 795 98 19 success,
290 788 48 22 who
352 789 78 22 knows
448 790 59 21 what
529 789 47 23 elo-

53 834 70 25 quent
136 833 88 20 orators
236 838 51 23 may
297 830 65 24 shine
384 839 40 14 tnn
445 831 58 23 from
528 830 49 24 Ox-

56 876 48 23 fonl
118 876 23 23 m
160 878 38 21 the
209 881 68 18 sweet
290 877 42 29 bye
349 878 46 21 and
409 878 48 28 bye,
480 885 25 16 as
534 885 43 16 one

56 918 72 23 result
145 918 24 23 of
179 918 38 24 the
230 918 66 25 Olnb.
330 918 55 24 Just
409 920 59 26 here,
487 919 14 23 I
524 928 51 21 may

56 970 40 22 say
108 962 50 24 that
179 964 39 25 the
230 967 34 19 art
275 963 24 24 of
311 964 96 29 reciting
423 964 18 23 is
463 964 111 30 practised

56 1007 85 31 largely
153 1007 24 24 iv
189 1009 39 23 the
237 1008 82 27 North,
332 1008 44 23 and
400 1009 130 23 recitations
552 1011 24 21 at

56 1052 40 23 the
105 1052 88 23 various
216 1052 187 25 entertainments
431 1061 38 16 are
491 1052 86 25 invari-

56 1095 53 29 ably
121 1095 49 24 first
188 1095 67 24 class.

87 1141 61 23 lam
177 1141 122 30 preparing
320 1150 14 14 a
357 1140 66 24 letter
445 1141 70 23 about
537 1149 38 22 my

54 1185 120 29 charming
195 1185 36 23 old
252 1185 70 29 lady's
346 1185 39 23 life
409 1186 51 23 here
482 1186 25 23 m
537 1186 39 23 the

56 1228 139 28 Manawatu,
219 1231 59 28 forty
300 1237 64 20 years
387 1237 51 22 ago,
461 1229 74 24 which
562 1229 14 24 I

54 1275 59 30 hope
125 1279 24 19 to
157 1276 54 23 send
223 1284 43 22 yon
285 1284 63 15 soon.

248 1322 74 24 Yours
341 1323 39 29 &c,

456 1367 85 25 Doris.

56 1540 184 59 LOCAL
257 1547 33 55 AND
312 1541 262 58 GENERAL

91 1674 240 27 Oddpellowship,—
331 1683 5 9 :
337 1675 51 24 Tbe
416 1676 69 24 usual
519 1676 57 25 fort-

56 1717 96 31 nightly
164 1718 108 31 meeting
283 1718 26 23 of
324 1718 41 24 the
388 1719 75 31 Loyal
487 1719 89 25 Oxford

56 1759 91 31 Lodge,
171 1760 37 24 No
233 1761 70 27 6172,
327 1769 47 16 was
397 1761 56 25 held
481 1765 25 22 at
536 1763 40 24 the

58 1803 145 24 Oddfellows
231 1804 66 28 Hall,
321 1804 69 25 West
412 1805 98 29 Oxford,
544 1815 32 16 on

59 1846 120 30 Saturday
201 1847 102 29 evening
324 1847 55 27 last,
403 1849 71 23 when
508 1849 67 24 thery

57 1896 62 16 were
136 1890 104 28 present,
259 1888 33 25 all
313 1889 42 25 the
378 1890 92 25 officers
491 1893 84 30 except

56 1930 43 24 the
110 1930 28 24 P.
143 1931 24 24 S.
179 1932 54 23 who
245 1933 54 23 sent
318 1940 32 16 an
372 1934 101 31 apology
494 1935 80 24 which

56 1981 50 16 was
117 1974 90 24 receive
214 1974 17 27 1,
256 1975 48 23 and
325 1982 14 17 a
358 1976 63 30 good
438 1980 91 21 muster
552 1979 26 24 of

57 2016 127 25 members.
219 2017 52 24 The
282 2017 64 25 N.G.
360 2019 48 24 Bro
420 2019 38 24 W.
477 2020 97 32 Young-

56 2067 59 16 inan
126 2060 117 29 presided,
256 2060 48 24 and
315 2062 92 28 opened
429 2062 42 24 the
492 2064 83 29 Lodge

55 2101 26 24 m
93 2102 43 23 the
147 2102 69 24 usual
240 2110 110 16 manner.
385 2103 52 25 The
459 2107 115 23 accounts

56 2144 47 23 and
117 2144 105 25 minutes
237 2145 26 24 of
272 2146 42 24 the
336 2147 111 29 previous
469 2149 107 31 meeting

56 2194 62 16 were
129 2187 57 24 read
199 2188 48 24 and
269 2188 139 25 confirmed.
443 2190 51 25 The
518 2191 56 25 Sick

56 2229 103 25 Visitors
170 2233 88 28 report,
271 2231 58 24 with
347 2232 143 25 certificates
511 2234 63 25 from

55 2272 84 32 Lodge
151 2281 109 23 surgeon,
273 2281 49 17 was
334 2275 114 29 received,
467 2276 108 32 shewing

56 2316 15 23 4
95 2316 119 24 members
237 2325 31 15 on
286 2316 42 25 the
350 2317 80 29 funds,
453 2319 43 25 but
529 2328 46 18 one

56 2358 109 24 member
177 2359 48 24 had
237 2360 109 25 declared
358 2361 40 28 off,
411 2362 57 24 thus
480 2363 96 32 leaving

43 2401 1 8 :
56 2401 15 23 3
85 2401 50 25 still
146 2408 40 18 on.
223 2403 69 23 After
309 2403 41 24 ihe
372 2405 71 24 usual
466 2405 110 26 business

55 2443 49 23 had
135 2443 60 24 been
240 2446 144 24 transacted.
431 2447 57 24 Sick
529 2456 47 24 pay

55 2487 146 31 amounting
211 2488 25 24 to
258 2488 33 24 £5
310 2487 43 26 13s
369 2489 32 25 4d
418 2498 49 17 was
488 2492 88 31 passed

54 2529 38 24 for
103 2533 123 27 payment,
240 2531 42 24 the
293 2533 101 30 receipts
418 2534 71 31 being
508 2535 66 33 11/6,

54 2572 63 25 after
129 2573 78 25 which
218 2575 41 24 the
270 2575 83 32 Lodge
375 2584 50 17 was
447 2577 79 26 closed
548 2579 27 24 m

56 2615 47 24 due
118 2615 70 25 form.

89 2680 76 24 Dairy
182 2681 116 28 Factory,
301 2697 31 3 —
335 2683 42 24 We
389 2684 60 25 wish
469 2687 25 23 to
510 2686 66 25 draw

55 2730 44 16 our
111 2724 97 23 readers
219 2726 120 23 attention
352 2728 24 22 to
390 2727 39 24 the
442 2727 47 25 fact
498 2728 54 25 that
561 2737 14 17 a

56 2766 107 30 meeting
179 2767 50 24 will
249 2767 29 23 be
300 2768 56 24 held
367 2768 26 24 m
416 2770 41 23 the
480 2771 96 31 Orange

55 2808 58 24 Hill
127 2817 31 15 on
169 2809 125 32 Thursday
305 2814 65 26 next,
383 2820 32 16 on
427 2812 41 24 the
487 2814 87 24 arrival

54 2852 27 23 of
103 2852 40 23 the
165 2854 103 29 evening
287 2857 71 25 trim,
382 2856 129 32 regarding
534 2857 40 25 the

53 2895 118 32 proposed
180 2895 75 32 Dairy
271 2897 112 31 Factory.
417 2899 23 24 It
452 2900 21 24 is
495 2901 79 31 hoped

52 2939 56 22 that
120 2947 14 15 a
146 2940 65 30 large
232 2939 103 25 number
359 2941 24 24 jf
403 2942 101 25 farmers
526 2945 49 23 and

53 2981 71 24 thos?
135 2982 130 25 interested
276 2982 27 25 m
315 2983 41 25 the
369 2984 75 25 above
461 2986 49 24 will
531 2989 44 28 put

55 3023 27 24 m
104 3032 156 24 appea'anee.
294 3025 40 25 Mr
363 3027 114 34 Murphy,
499 3029 27 24 F.
545 3029 29 25 L.

56 3066 27 25 S.
97 3068 49 24 will
158 3068 98 26 address
266 3069 42 25 the
315 3071 115 31 meeting.

84 3135 159 31 Lscture,—
245 3136 37 24 On
300 3137 128 33 Thursday
462 3139 42 25 the
521 3141 52 24 4th.

53 3178 52 25 inst
114 3179 42 24 the
237 3180 24 24 J.
279 3180 114 32 Benning
410 3183 108 31 engaged
535 3184 42 24 the

52 3222 122 25 attention
185 3222 26 25 of
226 3231 14 16 a
252 3231 55 24 very
325 3224 117 25 attentive
460 3226 115 25 audience

50 3268 28 20 at
96 3266 41 23 the
154 3266 69 23 West
240 3266 89 24 Oxford
347 3267 91 29 Chapel
467 3276 32 16 on
532 3270 42 24 the

50 3308 107 31 delivery
167 3309 25 23 of
202 3310 38 23 his
253 3310 88 23 second
358 3311 72 23 serial
441 3310 91 25 lecture
543 3320 33 16 on

49 3351 44 24 the
115 3352 135 31 Humanity
268 3353 49 23 and
334 3353 72 31 Deity
432 3353 26 24 of
484 3354 90 26 Christ.

51 3395 137 31 Ripeating
218 3396 19 23 it
265 3398 25 21 at
324 3396 41 23 the
394 3396 62 25 East
485 3397 91 25 Oxford

50 3437 94 32 Chapel
157 3447 31 16 on
207 3438 101 31 Sunday
325 3438 104 31 evening
446 3441 25 23 to
488 3448 15 16 a
519 3449 57 24 very

49 3481 49 25 fair
110 3482 124 24 audience.

85 3545 68 24 Band
165 3554 29 15 op
207 3546 79 28 Hope,
291 3560 30 3 —
322 3545 52 24 The
373 3545 5 11 1
388 3546 70 24 Band
471 3547 27 23 of
507 3547 70 31 Hope

52 3589 109 31 meeting
182 3591 25 23 at
233 3588 44 25 the
293 3589 98 31 Baptist
419 3588 98 26 Church
545 3598 33 17 on

52 3631 90 32 Friday
154 3632 52 23 sth.
219 3640 49 16 was
280 3640 14 15 a
303 3640 56 23 very
367 3633 132 24 successful
508 3633 73 26 affair,

52 3675 110 22 eliveued
179 3675 31 28 by
228 3683 14 14 a
259 3675 73 23 series
349 3675 27 23 of
380 3683 91 22 jsongp,
486 3676 90 28 music,

51 3717 48 23 and
118 3718 140 23 recitations
269 3718 25 22 m
311 3718 78 23 which
406 3725 27 16 so
452 3726 73 22 many
554 3718 27 25 of

47 3768 17 16 o
73 3767 21 16 ir
105 3767 16 23 y
130 3767 58 22 mng
208 3759 90 25 friend-9
316 3761 66 29 quxie
399 3759 99 32 disfcing.
508 3760 9 24 i
531 3761 47 24 hed

44 3803 163 27 Xieniselves.
282 3798 41 35 (H>.

698 175 33 25 St
758 175 131 27 Andrew**
914 178 109 30 Chxirch,
1025 193 27 3 —
1056 179 39 24 On
1122 179 64 25 San-

664 217 46 31 day
731 221 68 25 next,
821 220 42 23 the
885 221 53 23 Rev
960 221 29 24 T.
1012 221 98 28 Teakle,
1143 223 43 24 the

662 260 78 31 newly
762 263 130 29 appointed
915 263 125 31 Secretary
1073 265 37 24 for
1142 265 45 24 tha

662 303 82 24 Home
755 304 104 25 Mission
870 306 71 23 Fund
954 307 26 23 of
990 307 69 24 these
1078 306 105 31 diocese,

663 345 48 24 will
722 346 89 30 preach
823 351 25 20 at
872 348 29 24 St
924 349 127 24 Andrew's
1077 350 108 29 Church

663 388 62 24 Eiisfc
748 388 89 24 Oxford
859 390 26 24 m
909 391 42 23 the
974 391 120 32 morning,
1119 392 66 25 View

662 430 55 24 Hill
727 431 26 24 m
765 432 44 24 the
819 432 134 29 afternoon,
964 434 54 30 and,
1022 437 25 21 at
1058 434 27 25 St
1097 435 88 31 Mary's

662 473 98 24 Church
773 475 67 23 West
853 476 90 23 Oxford
953 477 26 22 m
992 477 41 23 the
1045 478 112 29 evening.

693 536 70 23 Roai>
779 536 117 29 Board,—
905 538 51 24 The
967 539 123 24 members
1106 540 26 24 of
1142 541 43 23 the

659 577 81 24 Board
753 578 49 24 had
824 587 16 15 a
859 583 68 27 great
950 582 85 30 outing
1056 590 32 15 on
1113 582 70 25 Wed-

659 621 100 31 nosday,
772 621 65 25 their
846 622 79 32 object
938 623 72 33 being
1028 627 26 22 to
1075 625 57 31 gain
1155 634 27 16 as

660 664 73 23 much
746 665 111 29 personal
869 665 141 33 knowledge
1021 668 28 23 of.
1056 668 42 24 the
1121 668 61 25 Gust

661 710 73 21 water
744 708 112 30 question
878 717 27 17 a3
928 710 114 31 possible.
1077 712 21 23 A
1117 719 66 17 care-

660 749 36 24 ful
706 750 136 30 inspection
854 751 26 24 of
889 751 43 25 the
953 753 63 23 river
1037 754 50 24 and
1108 754 72 24 lands

661 793 99 23 att'tsctod
791 793 108 32 thereby,
934 803 49 16 was
1016 797 71 23 made
1119 797 63 24 from

661 835 111 25 Baxter's
784 839 24 21 to
820 837 41 24 the
875 838 120 32 oouaday.
1030 839 40 24 Mr
1091 839 88 33 Finlay

662 881 49 21 mat
724 880 76 27 them,
814 880 47 24 and
873 888 59 24 gave
944 889 14 16 a
980 881 59 25 kind
1061 882 76 25 invite
1157 886 25 22 to

660 929 32 16 an
704 923 119 23 excellent
835 925 42 28 pot
898 930 24 17 ox
950 927 47 26 tea,
1020 922 80 27 which
1123 925 58 32 they

661 972 61 16 were
744 965 74 24 much
840 967 27 23 m
889 967 61 24 need
962 968 40 26 .of
1023 968 61 24 after
1116 969 65 24 their

660 1007 106 25 arduous
788 1011 89 29 tramp.
911 1009 67 32 They
1011 1013 81 29 report
1124 1012 56 25 that

659 1049 20 24 0
687 1050 102 25 sborne's
799 1056 71 27 party
882 1060 39 17 are
934 1052 74 32 doing
1028 1054 63 31 good
1113 1054 65 25 work

660 1099 31 17 on
704 1092 41 25 the
758 1093 122 32 boundary
889 1096 66 24 road.
990 1097 39 23 Mr
1040 1097 92 25 Djan's
1143 1100 36 22 at-

659 1134 94 25 tention
776 1143 48 17 wa3
847 1137 92 31 mainly
961 1138 107 26 directed
1090 1141 25 23 to
1138 1140 41 25 the
1190 1160 2 2 .

658 1178 80 31 pretty
746 1178 95 31 clumps
852 1179 27 25 of
887 1188 70 23 gorse
968 1181 73 31 along
1051 1182 42 24 the
1110 1185 69 22 route

658 1219 49 23 and
728 1224 62 20 trom
813 1221 42 25 the
889 1223 92 24 mental
1014 1224 165 31 photog.ajks

657 1262 81 24 which
749 1263 32 24 he
793 1265 77 28 made,
884 1265 48 25 and
944 1273 30 16 a,n
986 1267 137 25 occasional
1136 1276 43 17 usd

657 1305 27 23 of
693 1305 38 24 his
739 1307 79 29 pencil
830 1307 47 25 and
888 1308 86 30 pocket
986 1309 69 29 book,
1070 1319 34 16 we
1123 1319 56 24 may

658 1351 84 28 expect
753 1350 25 23 to
790 1349 59 25 hear
860 1359 66 17 more
944 1359 72 17 anon.

691 1412 32 25 St
741 1413 125 26 Andrew's
884 1415 91 30 Guild,
981 1431 28 4 —
1010 1416 22 25 A
1046 1425 57 24 very
1125 1426 53 16 suc-

657 1456 88 24 cessful
767 1458 129 31 gathering
918 1460 57 24 took
997 1460 69 31 place
1088 1464 25 22 at
1136 1463 44 24 the

658 1498 152 26 OldfelWs'
833 1500 68 25 Hill.
925 1501 68 25 West
1016 1503 98 29 Oxford,
1146 1512 32 17 on

659 1540 152 34 Wednesday
823 1544 109 31 evening.
971 1545 103 26 Various
1096 1555 82 17 amus-

658 1583 43 32 ing
722 1592 83 24 games
824 1594 61 17 were
908 1587 115 33 indulged
1044 1589 27 25 m
1092 1590 90 33 during

659 1627 42 24 the
712 1627 49 25 fore
773 1632 54 27 part
838 1630 27 24 of
875 1630 40 25 the
927 1632 111 31 evening,
1051 1634 41 24 the
1115 1637 64 23 most

659 1671 120 31 amusing,
793 1671 78 32 being,
884 1675 98 30 putting
993 1682 14 16 a
1019 1675 44 25 tail
1084 1684 33 16 on
1139 1677 42 25 the

660 1712 102 31 donkey.
796 1715 32 23 At
840 1715 53 25 Lalf
898 1719 55 28 past
962 1717 65 25 nine,
1036 1718 42 24 the
1089 1727 91 23 young-

661 1757 61 23 sters
733 1757 62 24 after
806 1758 147 33 thoroughly
964 1761 114 32 enjoying
1101 1762 79 25 them-

662 1799 86 30 selves,
758 1801 96 28 retired,
865 1802 48 25 and
925 1802 41 25 the
978 1804 81 25 adults
1079 1806 101 26 amused

660 1842 145 26 themselves
826 1845 58 24 with
907 1846 105 32 dancing
1035 1847 38 25 till
1094 1856 16 16 a
1131 1849 50 25 late

659 1884 70 26 hour.

692 1948 115 30 Pianos,-
823 1951 105 26 Persons
939 1954 115 33 thinking
1077 1956 26 24 of
1122 1956 59 32 buy-

660 1991 43 31 ing
714 1999 15 17 a
739 1993 73 30 piano
823 1995 88 25 should
922 1997 56 24 read
993 1998 34 24 all
1049 1999 134 31 important

661 2039 197 22 announcement
868 2046 32 16 on
918 2039 41 25 the
982 2042 154 31 supplement
1159 2044 27 24 of

661 2077 49 23 this
721 2079 73 22 issue.
828 2080 92 25 Messrs
932 2082 118 25 Bowman
1070 2086 49 22 and
1132 2087 49 23 Son

661 2118 184 32 Christchurch,
870 2123 70 25 make
959 2133 32 16 an
1019 2126 59 25 offer
1110 2128 28 24 of
1167 2137 16 15 a

661 2162 89 30 spc-cial
761 2163 125 27 reduction
898 2166 26 24 of
932 2168 34 24 all
977 2168 86 31 pianos
1083 2170 53 25 sold
1157 2172 26 24 to

661 2205 118 25 residents
791 2207 26 24 of
826 2208 90 25 Oxford
927 2211 47 24 and
986 2211 79 26 North
1083 2213 100 26 Canter-

661 2246 69 32 bury,
751 2256 27 17 as
800 2250 91 26 Messr3
918 2253 119 26 Bowman
1055 2256 48 25 and
1124 2257 58 29 Son,

661 2289 115 34 formerly
787 2293 52 24 sold
851 2295 85 29 pianos
955 2296 27 25 of
1005 2299 63 30 good
1090 2301 93 32 quality

661 2335 26 22 at
705 2334 46 24 low
762 2335 85 31 prices,
861 2338 40 24 the
913 2339 59 24 offer
982 2340 22 24 is
1026 2349 14 16 a
1063 2343 122 32 tempting

659 2383 54 18 one.

694 2523 176 31 Hospitals,—
871 2526 91 32 Report
998 2529 132 27 submitted
1157 2533 27 25 to

661 2562 151 27 Parliament
828 2573 33 16 on
892 2567 41 24 the
955 2568 118 31 hospitals
1082 2571 40 26 Aqf
1141 2571 42 26 the

661 2601 92 31 Colony
765 2603 78 24 shows
866 2604 54 25 thatfc
942 2606 89 31 during
1054 2610 61 24 1891
1138 2610 43 25 the

662 2648 66 17 eases
741 2643 92 23 treated
844 2644 27 23 m
884 2643 40 25 the
934 2644 105 32 hospital
1050 2648 26 24 of
1084 2648 99 26 chronic

662 2680 141 25 alcoholism
815 2690 63 17 were
892 2685 52 24 111.
957 2684 49 25 and
1020 2686 27 24 of
1066 2687 117 27 delerium

662 2720 107 22 trenaens
781 2721 38 23 72.
852 2721 66 23 Four
930 2722 85 24 deaths
1022 2725 62 22 from
1095 2726 88 24 intem-

662 2764 104 23 perance
778 2765 40 17 are
829 2761 121 27 recorded,
974 2763 48 22 and
1042 2770 59 18 once
1123 2766 60 24 each

662 2795 63 23 from
755 2795 116 25 delerium
906 2799 106 24 tremens
1035 2803 25 22 at
1089 2802 93 26 Christ-

663 2832 98 29 church,
795 2834 164 30 Waipukurau
993 2838 48 23 and
1069 2839 113 26 Thames.

664 2869 110 33 Nothing
784 2879 49 16 was
844 2875 70 29 spent
922 2873 88 33 during
1019 2875 42 25 the
1083 2884 57 25 year
1151 2886 30 18 on

663 2911 118 23 alcoholic
791 2911 91 31 liquors
893 2915 25 22 at
930 2914 42 23 the
984 2915 69 29 Ross,
1077 2916 107 30 Queens-

664 2950 64 21 town
745 2948 48 24 and
810 2949 161 26 Coromandel
994 2952 126 32 hospitals.
1154 2956 30 24 In

664 2987 176 24 Christchurch
851 2989 41 24 the
905 2993 102 22 amount
1018 3000 27 16 so
1062 2995 122 30 expended

664 3034 49 16 was
726 3027 69 24 £268
814 3029 42 22 19s
873 3029 39 28 8d;
925 3029 25 24 m
963 3031 42 24 the
1024 3032 70 25 other
1116 3034 68 25 three

662 3067 68 30 large
755 3068 95 23 centres
878 3068 20 23 it
931 3077 51 17 was
1010 3072 77 25 under
1109 3074 74 30 £200,

663 3105 115 24 Dunedin
798 3107 56 27 only
867 3107 77 25 £170.

696 3219 107 24 Maxims
814 3219 37 25 for
867 3220 142 30 Milkers,—
1010 3223 96 32 Always
1123 3227 61 24 treat

663 3271 61 22 your
734 3272 63 16 cows
808 3266 92 30 gently,
913 3274 60 17 even
984 3267 69 26 when
1064 3278 48 22 you
1116 3265 68 31 .'have

663 3318 72 16 cause
752 3311 25 23 to
804 3309 30 25 be
867 3311 128 30 provoked.
1029 3313 67 33 Keep
1122 3325 62 22 your

664 3354 75 31 finger
749 3355 64 24 nails
830 3358 41 21 cut
883 3357 68 23 short
968 3358 48 24 and
1032 3360 67 24 wash
1124 3368 60 24 your

663 3391 79 24 hands
755 3392 145 30 thoroughly
912 3393 26 24 m
953 3402 74 17 warm
1045 3399 80 27 water.
1161 3399 22 23 A

663 3431 72 21 cow'°
747 3431 62 22 teat-;
821 3437 40 16 are
874 3438 53 23 very
941 3433 122 28 sensitive,
1077 3434 48 24 and
1142 3435 42 24 the

663 3467 113 25 animal's
788 3469 145 24 restiveness
944 3470 21 24 is
980 3471 66 26 often
1063 3474 84 31 owing,
1159 3476 25 23 to

663 3508 42 24 the
719 3507 48 25 fact
785 3508 54 24 that
856 3509 44 24 she
917 3509 85 26 dreads
1018 3520 61 22 yo.ur
1105 3514 78 31 rough

662 3553 65 22 ways
739 3546 48 24 and
802 3547 82 23 touch.
919 3547 69 26 Have
1004 3557 60 23 your
1081 3553 102 23 utensils

661 3592 15 17 a
681 3593 7 15 3
701 3585 68 24 clean
781 3593 26 16 as
818 3593 61 24 your
890 3586 86 26 hands.
1010 3589 25 24 If
1044 3589 26 25 of
1084 3591 44 28 tin,
1147 3594 36 21 set

662 3625 69 22 thSrn
742 3626 43 21 out
795 3624 26 23 m
834 3624 41 24 the
887 3626 116 30 sunlight.
1029 3627 25 24 If
1063 3636 46 23 you
1121 3629 62 25 have

661 3660 10 25 1
680 3668 39 24 >ng
736 3660 37 25 tin
790 3669 65 21 cans,
869 3662 65 31 hang
945 3665 68 23 them
1025 3673 33 23 up
1075 3674 26 16 so
1129 3666 54 26 that

663 3698 42 24 the
716 3705 62 23 opon
790 3699 47 23 end
848 3699 28 24 of
884 3700 42 23 the
943 3708 46 17 can
1005 3702 22 23 is
1054 3709 59 18 near
1140 3704 42 24 the

661 3737 80 24 earfch.
775 3737 111 25 Ther&is
903 3747 33 16 no
953 3739 77 26 better
1047 3742 136 26 deodoriser

661 3775 60 24 than
738 3775 42 25 the
798 3776 53 25 soil.
885 3777 78 36 Nev,er
974 3779 52 25 feed
1042 3789 61 23 your
1119 3790 64 19 cows

659 3812 72 29 wEl'e
742 3823 47 22 yog
801 3824 41 17 are
854 3817 125 33 milking...
999 3821 52 24 One
1068 3821 72 29 thing
1157 3825 26 22 at

1276 203 14 16 a
1301 196 67 30 time,
1380 197 34 24 let
1425 205 61 23 your
1496 197 103 25 animals
1611 198 70 25 know
1698 199 54 25 that
1769 202 28 23 at

1275 242 104 31 milking
1397 242 56 33 they
1470 245 68 23 must;
1557 250 47 25 pay
1621 244 120 25 attention
1769 245 25 26 to

1268 292 56 25 you.

1304 419 44 24 We
1355 418 56 24 take
1419 418 42 24 the
1473 417 122 32 following
1606 418 61 24 from
1680 419 80 25 Trvihi
1760 433 33 5 —

1369 454 41 44 t^ie
1426 463 147 32 application
1591 463 26 24 of
1631 471 15 18 a
1669 463 123 33 bankrupt

1270 507 90 24 named
1370 507 107 30 Enright
1493 507 38 24 for
1545 507 40 24 his
1613 507 126 31 discharge
1766 510 24 23 at

1270 551 92 32 Bango,
1375 551 42 25 the
1445 551 70 24 other
1542 551 54 30 day,
1625 551 43 24 the
1696 551 94 26 Official

1270 596 114 23 Receiver
1395 595 126 27 remarked
1535 595 55 24 that
1600 595 43 24 the
1660 595 128 36 bankrupt

1270 639 54 24 who
1336 638 48 25 had
1394 639 59 32 only
1469 638 57 31 paid
1544 640 27 23 Is
1582 638 48 33 B£d
1646 639 26 24 m
1689 638 42 26 the
1760 639 29 29 £,

1271 691 49 17 was
1330 685 44 23 not
1390 683 29 25 fit
1436 685 25 23 to
1479 684 67 24 trade
1564 691 79 22 again.
1676 684 36 24 To
1739 684 50 24 this

1270 729 40 25 Mr
1320 729 48 25 Em
1374 729 53 31 ight
1439 730 90 30 replied
1541 729 54 26 that
1621 729 32 26 lie
1680 730 49 26 had
1756 738 33 17 no

1269 776 76 24 desire
1358 778 25 22 to
1392 776 67 25 trade
1471 777 80 30 again,
1564 784 26 16 as
1607 776 32 26 he
1650 776 49 25 had
1715 777 72 25 taken

1269 819 65 31 Holy
1347 818 88 26 Orders
1447 819 66 25 since
1521 819 39 23 his
1571 818 146 32 bankruptcy
1725 837 5 9 ,
1740 819 48 24 and

1268 863 49 24 had
1328 863 60 24 been
1397 863 129 31 appointed
1535 865 25 22 to
1567 871 15 16 a
1589 871 86 23 curacy
1684 864 26 23 of
1719 864 69 25 £120

1268 917 14 15 a
1293 916 66 23 year*
1393 908 32 24 Of
1435 908 59 24 such
1505 908 22 24 is
1544 908 42 24 the
1613 908 123 31 Kingdom
1763 909 26 23 of

1752 962 5 8 '
1768 955 20 29 ||

1397 1101 21 24 A
1450 1101 90 24 BUSY
1571 1101 88 24 CITY.

1299 1186 53 25 The
1362 1185 125 33 following
1498 1187 113 31 clipping,
1623 1186 80 25 which
1720 1186 67 25 deals

1266 1230 60 24 with
1335 1237 48 17 one
1392 1230 48 30 city
1452 1230 65 30 only,
1527 1229 66 31 givee
1610 1237 67 17 some
1693 1229 54 24 idea
1763 1229 27 24 of

1266 1276 43 25 the
1321 1279 110 22 vastress
1446 1276 26 25 of
1481 1276 94 24 British
1592 1276 197 30 manufacturing

1268 1320 128 23 interests:
1432 1322 15 11 i;
1457 1319 23 23 A
1499 1318 145 25 statistician
1660 1318 46 24 has
1740 1318 47 24 cal-

1266 1366 97 24 culated
1375 1366 54 24 that
1442 1374 15 16 a
1473 1366 87 24 weeks
1572 1364 65 25 work
1653 1364 26 25 m
1707 1364 80 24 Birm-

1266 1411 102 31 ingham
1396 1411 131 30 comprises
1544 1418 90 23 among
1643 1409 33 25 its
1693 1409 96 25 various

1268 1455 89 23 results
1369 1454 44 24 the
1428 1453 143 26 fabrication
1589 1453 27 25 of
1642 1453 146 28 14,000,000

1268 1503 68 23 pens,
1356 1498 74 26 6,000
1455 1496 137 28 bedsteads,
1620 1498 74 26 7,000
1718 1503 71 23 guns,

1270 1542 163 27 300,000,000
1442 1543 41 23 cut
1499 1541 72 28 nails,
1585 1542 129 27 3,000,000
1736 1541 54 23 but-

1270 1590 63 26 tons,
1352 1588 73 24 1.000
1435 1587 96 26 saddles
1554 1588 130 27 5,000,000
1705 1594 87 25 copper

1269 1643 27 16 or
1324 1634 89 26 bronze
1435 1634 75 29 coins,
1540 1635 89 29 20,000
1651 1634 138 31 spectacles,

1270 1680 36 23 six
1319 1682 55 21 tons
1391 1679 27 24 of
1437 1679 169 31 papiermache
1628 1686 81 23 wares,
1735 1686 59 17 over

1271 1727 112 27 £30,000
1392 1725 79 24 worth
1489 1725 130 31 jewellery,
1635 1726 75 27 4,000
1720 1725 72 24 miles

1270 1771 26 24 of
1302 1771 53 24 iron
1368 1769 50 25 and
1429 1770 58 24 steel
1499 1769 65 26 wire,
1581 1771 32 23 10
1624 1771 56 23 tons
1691 1769 26 25 of
1726 1769 64 31 pins,

1269 1814 47 25 five
1327 1816 56 23 tons
1394 1813 27 26 of
1434 1813 56 24 hair
1500 1813 56 31 pins
1573 1812 48 28 and
1644 1812 76 25 hooks
1741 1812 49 25 and

1270 1868 63 22 eyes,
1348 1860 104 26 180,000
1460 1866 68 22 gross
1537 1858 27 23 of
1573 1865 85 17 screws
1667 1858 37 23 for
1712 1857 77 24 wood-

1269 1904 65 25 work
1347 1905 48 23 500
1407 1907 54 21 tons
1473 1903 27 24 of
1508 1905 66 26 nuts,
1587 1910 73 17 screw
1672 1901 64 27 bolts
1743 1901 48 25 and

1272 1947 80 32 spikes
1364 1947 31 24 50
1407 1948 56 22 tons
1474 1946 27 24 of
1509 1945 112 31 wrought
1632 1945 52 24 iron
1696 1945 94 30 hinges,

1272 1995 47 23 850
1331 1993 71 24 miles
1413 1992 85 31 length
1510 1992 24 24 of
1550 1999 53 17 wax
1614 1993 37 23 for
1662 1994 88 26 vestas,
1759 1992 31 23 40

1270 2039 56 22 tons
1338 2037 26 24 of
1371 2036 79 25 rt-find
1461 2035 84 29 metal,
1557 2035 31 23 40
1607 2037 56 23 tons
1685 2035 25 23 of
1732 2035 58 23 Ger-

1270 2090 58 15 man
1340 2082 80 26 silver,
1450 2081 74 26 1,000
1542 2080 76 24 dozen
1641 2080 27 24 of
1687 2079 103 28 fenders,

1271 2129 72 27 3,500
1355 2128 106 26 bellows,
1475 2129 47 23 800
1534 2129 55 21 tons
1601 2127 26 23 of
1653 2126 67 24 brass
1743 2124 49 25 and

1270 2178 87 24 copper
1367 2178 84 20 wares,
1471 2171 25 23 to
1519 2177 41 24 pay
1583 2169 104 31 nothing
1709 2168 27 24 of
1749 2168 43 25 the

1269 2215 95 32 myraid
1375 2215 70 24 other
1456 2214 104 28 artioles,
1578 2214 59 24 such
1660 2221 27 16 as
1708 2213 83 31 piano-

1269 2263 81 27 fortes,
1360 2262 107 31 cylinder
1475 2261 116 31 castings,
1600 2260 192 31 perambulators

1269 2309 74 28 axles,
1355 2307 95 29 wheels,
1461 2307 70 28 safes,
1541 2307 74 24 locke.
1625 2308 46 22 etc.
1681 2307 14 10 '*

472 55 165 33 OXFORD
679 57 90 31 AND
812 59 107 30 CUST
961 57 222 35 OBSERVER
1225 63 233 41 SATURDAY,
1500 69 170 32 AUGUST
1713 74 47 33 13,
1806 76 86 30 1532.

1859 3630 30 31 C:
1991 3643 4 4 •
2159 3630 7 6 s
2213 3648 2 2 ■
2270 3643 5 4 -
2290 3646 2 2 •
2309 3630 19 21 ■■•'
2397 3631 21 27 v

1859 3667 124 40 printed
2006 3674 49 23 ard
2093 3674 92 26 Pnblisl
2196 3678 29 22 «d
2235 3678 7 22 1
2249 3684 17 27 y
2292 3667 123 36 TXicbar/

1916 3714 105 26 lloi,mak
2044 3717 96 30 Parish,
2164 3723 26 21 at
2208 3720 38 25 his
2265 3718 122 34 itegisterf'

1915 3756 113 33 Printinp
2040 3759 82 28 'Wic^
2145 3762 49 30 Hif
2195 3762 9 15 1
2204 3770 6 16 !
2235 3762 89 27 Street,
2345 3763 24 26 F

1982 3843 131 31 Satbrday,
2127 3848 98 25 August
2237 3850 72 25 13th.

2014 203 258 46 NOTICE.

1883 325 90 79 ALL
1994 334 125 31 persons
2137 327 196 38 tresspassins
2361 337 40 21 on

1962 367 127 29 sections
2133 367 108 33 20025,
2290 366 109 38 2G<)2&

1883 406 107 35 27590,
2033 407 108 35 27591,
2338 408 63 31 and

1883 447 107 35 34549,
2011 447 82 31 West
2122 447 126 35 Oxford,
2275 448 63 32 wiU
2361 449 54 31 be-.
2417 465 1 27 ;

1881 489 176 37 prosecuted
2072 498 33 19 as
2119 489 52 28 the
2185 487 70 35 Jjaw
2260 496 7 28 .'.
2275 489 124 29 uirects*
2407 490 11 28 S

1880 526 47 31 All
1958 532 87 34 stray.
2069 526 76 43 dog&
2170 525 63 35 will
2333 528 65 30 des-

1883 568 116 30 troyed.
2264 566 25 34 4

1994 614 28 31 r
2051 616 34 31 f.
2107 614 218 52 Thomas;^

1896 1221 84 113 If
1991 1221 391 112 Sf^^jfli

1879 1442 48 31 All
1945 1444 94 31 Work
2052 1446 79 31 dane
2140 1456 38 20 on
2189 1446 52 30 tie
2253 1446 150 31 PreaMtea

2002 1492 59 28 and
2084 1493 195 38 guaranteed.

1914 1551 38 25 Mr
1964 1552 52 26 Gus
2028 1552 75 26 Jones
2111 1554 48 24 will
2167 1554 56 24 visit
2232 1554 89 25 Oxford
2330 1562 71 23 every

1881 1589 69 24 other
1971 1591 54 23 bale
2047 1591 56 31 day*
2124 1592 166 31 commencing
2312 1592 90 25 Thurs-

1880 1629 53 31 day,
1948 1629 54 25 Fib.
2015 1631 48 27 4th,
2063 1649 2 7 ,
2077 1631 48 24 and
2143 1632 48 23 will
2204 1632 70 31 bring
2295 1640 14 17 a
2331 1632 71 24 stock

1913 1668 25 23 of
1951 1667 120 28 Watches,
2086 1668 93 28 Clucks,
2192 1669 46 24 and
2251 1668 116 31 Jetvellry.

1915 1729 84 26 Orders
2017 1730 43 25 left
2078 1733 25 22 at
2122 1733 41 22 the
2186 1731 115 32 Working
2322 1732 83 25 Mm'a

1915 1763 67 29 Club,
1994 1763 97 29 Oxford,
2102 1763 50 26 will
2174 1765 87 23 receive
2271 1768 97 28 prompt

2074 1797 127 25 attention.
2263 1813 5 10 i

1884 1917 120 58 EH.
2021 1917 135 31 PAKIgH,
2181 1919 77 33 hopes
2284 1920 54 25 that
2362 1921 42 25 hia

1925 1961 8 13 i
1969 1950 143 32 continuing
2127 1954 26 22 to
2175 1954 64 23 close
2260 1952 40 25 his
2322 1954 80 24 estab-

1881 1989 117 27 lishment
2024 1998 32 17 on
2075 1991 150 32 Wednesday
2258 1992 143 31 Afternoon,

1879 2029 50 25 will
1941 2037 70 16 cause
2023 2029 38 25 his
2072 2030 90 25 friends
2173 2031 48 24 and
2230 2032 41 24 the
2282 2032 81 31 public
2375 2034 29 25 cf

1882 2069 89 25 Oxford
1981 2077 35 16 no
2025 2069 194 30 inconvenience,
2232 2072 49 24 and
2302 2072 31 25 he
2349 2073 52 25 wLI

1882 2110 25 22 at
1924 2109 31 24 ail
1978 2109 71 24 times
2072 2110 136 25 endeavour
2232 2114 28 20 to
2281 2113 123 29 p.urciias'*

1882 2147 73 29 goods
1966 2145 37 24 for
2014 2145 58 25 cash
2084 2148 24 23 at
2121 2147 59 24 such
2197 2148 66 31 price
2284 2148 54 25 that
2361 2149 41 24 hia

1881 2185 133 23 customers
2025 2183 50 26 will
2086 2186 43 23 not
2140 2184 57 32 only
2220 2184 50 26 find
2291 2182 111 37 t)rapery

1880 2221 134 31 purchased
2027 2224 25 22 at
2063 2222 39 24 his
2113 2222 185 27 establishment
2312 2225 87 31 cheap-

1882 2269 25 16 er
1919 2261 47 25 and
1979 2261 75 25 better
2066 2262 59 24 than
2138 2263 57 32 they
2207 2271 44 17 can
2263 2264 25 24 m
2307 2263 92 27 Christ-

1882 2299 98 27 church,
1997 2299 44 24 but
2053 2300 38 24 his
2102 2300 74 26 client
2194 2302 48 23 will
2270 2303 51 24 also
2344 2311 57 18 save

1882 2338 105 32 carriage
2004 2339 47 24 aid
2074 2340 128 33 travelling
2223 2349 111 24 expense.
2367 2343 32 25 R.

1882 2376 33 25 H.
1938 2376 86 25 Parish
2047 2376 45 25 has
2110 2377 54 31 just
2185 2378 93 26 cleared
2305 2382 43 22 out
2385 2389 16 17 a

1883 2416 228 23 Warehouseman's
2149 2417 68 24 stock
2265 2418 26 23 of
2334 2420 67 30 Boys

1882 2455 106 24 Knieier
2006 2455 68 24 Suits
2100 2457 35 24 all
2157 2457 68 31 sizes,
2256 2458 44 32 5/-,
2323 2460 77 23 worth

1882 2495 51 32 8/6.

1925 2623 51 79 IN
2016 2624 61 30 this
2125 2634 67 23 now
2237 2626 167 38 important

1962 2665 115 29 branch
2091 2665 32 30 of
2140 2676 52 28 my
2218 2666 139 32 fciusiness
2385 2668 33 41 Ij

1883 2705 77 30 have
1987 2705 123 31 secured
2139 2700 79 43 the/
2227 2716 73 31 very
2335 2709 67 29 best

1884 2749 113 27 cutters
2011 2746 32 29 m
2056 2747 52 30 tbe
2122 2747 116 38 colony,
2254 2748 148 31 therefore

1884 2796 58 29 you
1959 2796 52 19 can
2027 2785 114 43 depend
2159 2797 79 30 upon
2252 2788 118 39 getting
2385 2799 19 21 a

1884 2826 115 41 perfect
2025 2827 68 35 fit.*'.
2112 2826 54 41 My
2197 2828 139 30 selection
2370 2830 32 29 of

1884 2867 73 31 New
1972 2864 132 34 Zealand
2118 2867 134 37 Tweeds,
2265 2878 12 25 &
2293 2861 108 48 iSerges

1885 2908 60 30 and
1959 2908 271 41 FancyjOoatings
2244 2910 26 30 is
2285 2921 55 19 one
2368 2912 34 30 oi
2415 2911 3 5 '

1884 2949 52 30 the
1949 2950 113 39 largest
2072 2951 29 28 m
2117 2951 51 29 the
2183 2951 119 31 district
2312 2952 89 30 while

1884 2991 17 29 I
1916 2996 161 33 guarantee
2107 3001 48 29 my
2183 2992 98 38 prices
2304 2998 31 24 to
2366 2994 36 28 be

1885 3031 60 29 still
1962 3031 92 29 about
2082 3032 38 28 25
2136 3042 52 28 per
2216 3032 67 30 ebnt
2310 3032 108 31 lower*

1883 3071 75 31 than
1986 3073 96 39 prices
2111 3073 121 41 usually
2260 3073 139 41 charged.

1882 3112 50 30 All
1973 3113 113 30 tweeds
2127 3125 50 18 are
2218 3114 183 40 thoroughly

1883 3153 124 37 shrunk,
2019 3154 218 40 workmanship
2249 3156 58 30 and
2322 3156 80 40 style

1882 3195 106 29 second
2004 3196 32 29 to
2063 3205 86 20 none.

1941 3234 176 32 KAIAPOI
2171 3236 205 31 CLOTHING

2044 3276 190 31 FACTOEY.

1947 3316 47 38 R.
2023 3316 54 35 H.
2112 3317 229 46 PARISH,

2016 3357 87 30 East
2130 3358 137 31 Oxfokd.

1916 3396 92 31 Special
2019 3397 62 25 lines
2093 3401 25 21 to
2129 3399 28 24 be
2168 3398 50 24 sold
2238 3399 46 24 this
2305 3399 96 28 month,

1883 3432 26 21 at
1920 3429 49 24 less
1978 3430 57 24 than
2049 3431 137 25 Wholesale
2197 3433 57 26 cost,
2275 3432 47 24 and
2344 3440 58 17 con-

1870 3486 2 3 ,
1882 3462 119 31 siderably
2014 3462 75 25 below
2100 3464 78 31 prices
2189 3464 102 31 charged
2301 3465 36 25 for
2359 3465 43 25 the

1868 3491 81 27 'same
1964 3496 90 31 quality
2068 3505 14 16 o
2084 3497 9 17 f
2101 3496 95 27 articles
2204 3500 24 22 at
2239 3497 164 32 Co-operative

1884 3527 90 25 Stores.

1860 3603 29 20 ?;
1970 3612 1 10 ;
2132 3621 29 2 ._
2303 3596 115 27 _-&

1417 2488 226 45 DKINK

1287 2535 203 57 HYSL^P'S
1504 2551 121 41 PURE
1647 2550 123 41 TEAS.

1270 2604 62 30 The
1347 2605 90 29 finest
1450 2605 53 28 the
1516 2603 103 30 World
1636 2604 154 39 produces.

1266 2655 132 45 J3oldby
1427 2655 97 30 MrF.
1540 2656 38 29 A.
1607 2655 184 35 Waterman,

1311 2695 78 31 East
1399 2695 126 35 Oxford.

1270 2737 51 29 Mr
1339 2737 38 34 B,
1392 2737 116 31 Fisher,
1525 2736 86 29 West
1624 2737 128 28 Oxford.

1271 2775 48 31 Mr
1335 2776 35 30 B.
1386 2776 49 30 W.
1464 2775 125 40 Coopor,
1619 2775 85 37 Oust,
1732 2777 61 29 and

1311 2827 91 30 many
1421 2817 108 30 others.
1767 2819 2 13 !

1376 3000 305 90 .NOTICE^
1760 3020 10 53 i

1271 3148 58 26 VTO
1346 3149 143 25 Huntsmen
1501 3158 27 16 or
1539 3151 105 24 Hounds
1654 3151 51 25 will
1715 3151 31 24 be
1757 3153 33 23 al-

1270 3176 30 29 li
1339 3182 78 24 lowed
1428 3185 26 22 to
1466 3185 106 29 trespass
1589 3191 32 17 on
1628 3182 4 28 !
1642 3191 42 24 my
1707 3184 83 26 Farm.

1319 3227 3 4 •
1440 3222 37 25 W.
1494 3222 151 40 DUDER,^

1567 3277 21 11 ..;
1607 3257 66 37 Yikf
1695 3263 82 34 Hill,|,

1416 3478 299 99 FOgTJ^.
1766 3511 6 31 ;
1775 3534 24 33 ;:
1811 3492 10 71 ;

1423 3588 2 2 •
1441 3577 65 23 BAY
1526 3563 93 43 ROM,
1755 3555 68 59 .^

1393 3680 99 34 Pinus
1520 3685 181 41 Insignis:%
1726 3680 8 12 '
1754 3686 22 37 7
1776 3680 47 43 '""r?

1271 3732 94 31 Trai^
1370 3754 7 12 K
1380 3744 19 22 >}
1403 3751 3 14 :
1420 3740 81 35 \ited,
1532 3744 59 27 and
1632 3745 49 34 fforr
1691 3742 7 20 r
1722 3730 99 57 sale^^

1270 3774 100 42 Apple
1409 3780 12 27 v<
1438 3789 30 18 0..
1493 3781 31 29 m
1549 3782 83 44 large
1645 3796 37 21 or
1704 3789 89 32 small

1279 3820 171 35 quaptities.
