2540 4039
43 262 2430 39 THE

43 301 384 56 NEW
555 301 895 56 ZEALAND
1578 301 895 56 GAZETTE

43 357 2430 55 AND

43 412 972 55 WELLINGTON
1112 412 292 55 AND
1501 412 972 55 SPECTATOR.

602 498 219 38 PUBLISHED
867 500 131 36 EVERY
1042 500 256 38 WEDNESDAY
1331 526 10 15 ,
1341 501 87 37 AND
1474 502 228 39 SATURDAY
1747 505 205 40 MORNING.

686 616 113 31 PORT
820 614 259 41 NICHOLSON,
1101 614 224 35 SATURDAY
1345 620 212 38 MORNING*
1578 623 127 30 APRIL
1726 627 28 33 8,
1780 627 88 29 1843.

2263 628 92 43 [Vol.
2378 633 54 43 W)

113 616 66 30 No.
202 614 88 40 235.]

179 710 53 19 For
246 708 163 27 Valparaiso
424 708 95 26 direct,

69 744 105 30 •^jS^a.
217 746 93 22 fTiHE
334 745 46 23 fine
406 745 136 28 fast-sailing
560 747 84 27 barque

92 766 97 41 Jg£L
225 766 29 31 X
371 774 168 31 JfAVARINO,

62 799 149 29 /jaggu^
231 800 24 21 C.
266 799 29 22 A.
306 799 116 28 Warming
436 800 152 28 commander,
600 801 44 22 will

59 822 153 27 jBIE
231 826 41 22 sail
289 827 36 21 for
344 826 132 28 Valparaiso
499 835 28 14 on
549 827 96 29 -Sunday

229 856 63 24 next,
303 853 38 22 the
352 853 38 22 9th
405 853 73 28 April.
506 854 54 22 This
574 855 72 22 vessel

229 879 47 22 has'
288 880 100 27 superior
402 881 193 22 accommodation
612 882 45 22 for.

57 907 70 21 cabin
143 907 46 22 and
208 910 100 30 steerage
326 914 137 21 passengers;
483 908 46 21 and
548 908 65 22 offers
632 915 14 15 a

57 933 58 27 good
131 934 142 28 opportunity
280 935 45 30 ior_
329 941 92 20 persons
437 935 90 27 visiting
537 935 39 22 the
588 936 57 21 Con-

57 960 73 22 tinent
138 961 25 21 of
170 961 68 22 South
249 960 112 27 America,
372 961 44 22 and
426 961 46 22 also
480 961 82 28 parties
575 962 67 22 wish-

57 986 40 27 ing
112 994 14 14 a
141 987 67 27 quick
217 987 44 27 trip
276 990 23 19 to
316 987 111 26 England.
456 988 45 23 For
514 995 132 21 passengers

58 1016 60 23 only,
130 1014 68 27 apply
208 1016 21 19 to
240 1015 94 26 Captain
348 1015 114 27 Warming
466 1021 31 15 ■on
506 1015 78 27 board,
592 1023 24 14 or
623 1019 22 18 to

371 1048 85 22 Waitt
470 1048 45 22 and
530 1049 86 22 T-tser.

57 1072 146 28 Wellington,
214 1073 64 27 April
287 1075 21 24 .4*
320 1074 62 22 1843.
412 1091 3 5 .
425 1092 4 4 .
466 1091 2 4 .

102 1125 40 20 To
162 1125 189 26 Inn-keepers,
369 1124 159 28 Publicans,
548 1128 55 20 and

301 1152 99 21 others.

57 1185 90 49 MR.
175 1185 81 21 JOHN
276 1186 98 20 MOSES
397 1187 50 26 begs
466 1190 23 18 to
507 1189 79 20 iaform
609 1190 36 21 the

133 1213 72 26 public
214 1214 22 19 in
242 1214 92 25 general,
346 1215 46 19 that
401 1215 28 19 he
441 1215 39 21 has
489 1218 36 23 got
535 1223 58 14 some
600 1218 45 20 fine

55 1241 105 19 flavoured
170 1241 108 25 Highland
287 1241 101 27 whiskey,
403 1242 42 20 and
453 1244 133 25 peppermint
596 1245 25 20 of
633 1251 13 14 a

57 1268 94 26 superior
162 1268 134 26 description,
308 1276 28 14 on
353 1270 43 19 sale
405 1272 23 18 at
437 1270 36 20 the
487 1273 67 18 stores
564 1272 25 19 of
600 1272 44 20 Mr.

55 1295 57 21 John
123 1295 74 27 Wade,
209 1296 67 20 which
285 1296 28 21 he
322 1296 42 21 will
372 1297 85 26 dispose
466 1298 24 19 of
497 1298 23 20 in
530 1299 115 25 quantities

55 1322 26 20 of
91 1323 40 20 five
139 1323 82 26 gallons
231 1329 24 15 or
264 1330 65 21 more,
341 1326 22 19 at
371 1331 51 20 very
431 1325 89 20 reduced
529 1326 76 26 prices.

84 1357 75 21 March
169 1358 34 24 29,
215 1359 62 21 1843.

240 1411 94 22 House
350 1413 29 20 to
395 1413 57 21 Let.

56 1443 51 50 A
136 1444 87 22 GOOD
243 1445 132 22 substantial
395 1446 74 27 house,
485 1446 53 23 with
551 1447 93 22 kitchen

135 1471 42 22 and
188 1472 135 27 out-houses,
334 1476 24 18 to
367 1472 34 23 let
409 1473 24 22 in
447 1474 196 22 Manners-street.

57 1498 42 21 For
114 1498 136 28 particulars,
262 1499 67 27 apply
339 1502 23 19 to
374 1500 45 21 Mr.
430 1500 121 23 Brewer's
564 1501 79 23 Office.

278 1552 54 20 For
346 1552 70 21 Sale.

58 1583 91 49 THE
170 1584 106 24 CAEGO
292 1585 40 22 OF
346 1583 104 25 MAIZE
464 1594 41 19 per
516 1587 71 21 Ariel.

429 1613 76 22 Levin
519 1614 46 22 and
576 1615 39 22 Co.

84 1637 100 32 January
195 1638 33 27 27,
240 1640 61 20 1843.

196 1685 9 8 '
227 1684 77 21 Land
320 1686 29 19 at
362 1684 107 22 XCarori.

58 1717 65 49 TO
138 1717 38 22 BE
192 1718 86 27 SOLD,
294 1721 43 19 two
356 1719 13 21 5
389 1726 50 15 acre
454 1719 134 28 allotments,
609 1722 34 20 to-

129 1744 78 27 gether
215 1752 25 14 or
255 1749 107 24 separate,
373 1753 30 15 on
418 1745 87 23 Yule's
515 1747 89 22 Section
619 1750 24 18 at

58 1771 89 26 Karori';
167 1771 24 21 in
209 1778 41 15 one
259 1773 4 4 '
270 1772 124 27 allotment,
415 1772 37 22 the
471 1773 71 22 whole
563 1775 26 20 of
604 1773 38 22 the

55 1798 89 22 inferior
153 1797 80 23 timber
242 1798 46 22 and
297 1799 134 22 brushwood
441 1799 20 22 is
476 1803 37 19 cut
519 1808 6 19 ;
541 1800 42 22 has
596 1803 44 19 two

56 1825 55 26 good
126 1829 91 18 streams
233 1825 99 28 running
347 1826 103 27 through,
461 1827 47 21 and
523 1827 20 21 is
558 1834 30 15 an
603 1835 39 14 ex-

57 1851 78 23 cellent
151 1852 104 22 situation
274 1852 34 22 for
327 1860 43 21 any
390 1860 81 21 person
495 1853 100 23 desirous
619 1854 26 22 of

55 1878 100 28 building
163 1879 24 21 in
198 1879 46 22 that
252 1879 193 28 neighbourhood.
475 1881 76 27 Apply
562 1884 24 18 to

273 1913 26 22 R.
315 1913 83 27 Davis,
414 1914 90 21 Aurora
516 1914 96 21 Tavern.

25 1984 16 5 ..
62 1978 84 15 _4~-
162 1984 10 4 -
193 1958 45 31 •...._'
278 1959 38 20 Fo
318 1964 14 15 *
346 1959 34 20 Sa
374 1959 52 33 Jgk
457 1977 3 7 .

57 1989 89 49 THE
161 1991 144 21 COTTAGE
320 1990 95 22 situated
422 1991 27 21 in
466 1991 101 21 Oriental
583 1991 57 27 Bay,

129 2016 44 22 and
188 2017 67 26 lately
264 2017 107 26 occupied
386 2017 30 26 by
426 2015 37 23 She
480 2017 160 27 undersigned.

55 2043 21 21 A
90 2043 53 26 long
160 2043 60 21 lease
238 2043 26 21 of
279 2043 39 22 the
332 2043 85 22 section
433 2051 57 20 upon
509 2044 75 21 which
602 2044 39 22 the

55 2069 68 22 house
133 2069 75 22 stands
217 2069 45 22 will
271 2070 28 21 be
308 2069 103 28 granted.

81 2096 68 22 Town
159 2095 55 23 land
223 2096 44 22 will
275 2097 28 21 be
312 2096 68 22 taken
390 2097 24 21 in
424 2097 120 28 exchange.

82 2123 43 22 For
133 2123 84 22 further
226 2123 135 28 particulars,
372 2123 67 28 apply
449 2126 22 19 to

374 2155 97 22 George
486 2155 90 28 Duppa,
591 2163 24 14 or

57 2213 35 3 __
373 2182 37 21 W.
426 2182 28 21 V.
470 2182 102 22 Brewer

57 2227 66 49 TO
141 2227 38 21 BE
201 2227 86 26 SOLD,
302 2227 25 22 in
341 2227 43 22 lots
398 2230 23 19 to
441 2228 44 21 suit
504 2228 138 27 purchasers

120 2253 38 22 the
173 2253 70 22 whole
262 2254 25 22 of
297 2257 61 19 town
372 2262 50 14 acre
439 2255 44 21 No.
494 2255 47 27 134,
559 2262 27 14 on
603 2255 38 21 the

55 2281 50 26 plan
116 2281 26 21 of
144 2279 38 23 the
187 2281 67 21 Town
261 2281 24 21 of
289 2280 144 29 Wellington,
438 2282 84 27 having
527 2281 115 29 frontages

55 2311 21 18 to
85 2307 190 23 Taranaki-street
285 2307 45 23 and
340 2309 195 27 Ingestrie-street.
563 2310 78 22 Terms

52 2333 85 23 liberal.
165 2335 75 28 Apply
249 2338 25 18 to

389 2363 37 22 W.
438 2363 27 21 V.
476 2363 108 28 Brewer,

447 2390 193 25 Manners-street.

244 2434 27 21 J.
285 2427 39 28 i/I.
339 2434 109 26 Taylor,

68 2468 150 22 LICENSED
243 2468 240 24 CUSTOM-HOUSE
508 2470 115 29 AGENT,

299 2503 28 15 TE
341 2503 53 14 ARO.

55 2540 86 32 TjiOß
155 2541 84 26 SALE,
255 2548 30 15 ex
295 2542 119 27 Margaret,
425 2542 48 26 &c,

51 2566 35 24 UJ
102 2586 4 2 .
123 2568 27 21 25
164 2568 78 21 tierces
253 2568 58 28 beef,

79 2596 13 20 3
106 2597 51 20 tons
167 2594 97 23 colonial
271 2595 51 28 hay,

79 2623 13 20 3
105 2624 51 19 tons
165 2622 60 21 Siain
235 2629 71 21 sugar,

78 2650 27 20 30
118 2648 84 22 barrels
210 2649 84 22 bottled
305 2649 42 25 ale,

78 2676 27 21 50
118 2675 68 22 boxes
196 2678 42 25 tea,

77 2702 27 22 50
117 2702 41 22 ash
167 2710 56 19 oars,

77 2730 27 21 30
116 2732 49 19 tons
174 2730 66 26 coals,

78 2755 59 28 Port,
149 2756 84 28 sherry,
243 2756 46 23 and
299 2756 105 23 Madeira
418 2758 25 21 in
450 2757 78 27 bottle,
539 2758 99 22 Ruther-

53 2782 48 22 ford
110 2782 46 23 and
165 2783 97 27 Drury's
272 2784 77 26 brand,

78 2809 100 28 Liquers,
189 2810 25 21 in
224 2810 74 22 dozen'
306 2818 69 20 cases,

78 2836 149 28 Champagne,

77 2863 97 27 Brandy,
185 2871 56 19 rum,
252 2863 47 22 and
305 2864 39 27 gin
354 2864 24 23 in
389 2864 73 28 hhds.,

76 2891 28 20 30
117 2893 51 18 tons
175 2890 51 22 best
235 2890 91 28 Sydney
334 2890 64 27 flour,
407 2914 3 2 .

76 2917 28 21 50
116 2919 50 20 tons
175 2916 89 23 Chilian
273 2917 62 28 flour,
348 2925 28 15 ex
388 2920 104 25 Cheerful.

100 2972 3 4 .
362 2953 84 26 Wait,t
461 2953 46 23 and
520 2955 86 22 Tyser.
649 2950 1 39 j

213 2998 90 21 Beach
320 2998 146 28 Frontage.

52 3030 63 48 TO
130 3031 39 22 BE
182 3031 66 28 LET,
264 3032 71 22 beaoh
344 3032 102 27 frontage
460 3033 45 22 lots
514 3034 24 21 in
549 3037 86 20 section

120 3059 42 21 490
172 3065 29 15 on
216 3058 38 22 the
264 3058 57 23 Plan
331 3059 26 22 of
364 3059 39 22 the
412 3060 68 22 Town
494 3061 26 21 of
526 3060 109 29 Welling-

48 3086 44 25 ton,
104 3084 115 27 adjoining
228 3085 44 22 Mr.
280 3085 89 22 Taine's
376 3089 69 24 store;
461 3087 45 22 and
514 3087 24 22 in
544 3088 89 25 .section

46 3111 49 26 616,
101 3110 102 22 between
210 3111 75 28 Major
291 3112 94 22 Baker's
395 3113 44 21 and
446 3114 45 21 Mr.
499 3114 135 23 Swainson's

47 3135 87 23 houses.

73 3163 56 23 Also
139 3163 36 22 the
184 3163 114 28 following
307 3165 97 22 sections
414 3173 29 14 on
452 3166 38 22 the
497 3167 58 22 Plan
563 3168 26 22 of
594 3168 39 23 the

46 3189 77 28 Town,
134 3190 45 24 viz:
179 3202 31 5 —

148 3218 26 20 55
311 3220 42 20 319
502 3222 41 20 922

134 3245 41 21 240
311 3245 41 23 718
488 3245 54 24 1079

72 3271 76 28 Apply
160 3274 24 19 to

220 3299 26 21 E.
262 3299 23 22 J.
299 3299 151 28 Wakefield,
457 3308 35 14 •or
525 3312 5 5 '

218 3325 36 21 W.
270 3326 28 22 V.
313 3327 109 27 Brewer,
437 3330 193 21 Manners-street.

273 3372 41 21 On
329 3372 70 26 Sale',

47 3401 90 49 THE
166 3403 72 23 NEW
262 3405 153 23 ZEALAND
443 3407 187 27 PORTFOLIO,

118 3430 126 23 conducted
261 3432 30 27 by
310 3433 24 21 H
336 3445 6 9 k
359 3434 21 21 S.
400 3434 122 27 Chapman,
544 3434 37 26 (of
592 3435 38 22 the

47 3456 84 22 Middle
138 3457 109 28 Temple,)
259 3458 215 25 Barrister-at-JLaw.
516 3478 4 4 .
541 3476 2 4 .

72 3482 43 22 No.
127 3483 71 23 1.-r-A
214 3485 76 24 Letter
304 3488 24 20 to
346 3486 38 22 the
401 3487 70 29 Right
487 3487 62 22 Hon.
568 3488 62 25 Lord

47 3508 95 29 Stanley,
161 3511 117 28 Secretary
297 3513 26 21 of
339 3514 60 21 State
418 3514 35 22 for
471 3514 38 22 the
529 3512 101 25 Colonial

47 3536 151 28 Department,
210 3537 5 11 l
215 3538 9 18 ?
230 3539 37 21 On
274 3538 37 23 the
317 3539 189 24 Administration
511 3541 26 22 of
541 3542 87 22 Justice

46 3567 22 15 in
78 3562 47 25 New
287 3571 10 11 •<
311 3568 11 14 '■
376 3563 14 12 *

72 3588 196 27 Nq..ll.^Letter
281 3595 25 20 to,
318 3592 62 23 John
394 3594 63 22 Abel
469 3595 79 27 Smith,
565 3595 61 28 Esq.,

48 3616 65 27 M.P.,
134 3618 47 22 'On
190 3618 38 23 the
234 3619 145 28 Advantages
385 3621 73 22 which
464 3622 73 22 would
546 3629 81 17 accrue

46 3644 22 17 to
76 3644 93 25 English
178 3645 130 28 Capitalists'
311 3645 59 23 from
379 3647 39 22 the
429 3649 167 22 establishment
604 3650 26 21 of

47 3668 78 22 &Lorn
135 3671 105 28 Company
244 3673 41 22 fat-
287 3669 54 30 jfrew
346 3669 5 13 1
351 3671 98 29 Zealand,
460 3675 84 22 similar
555 3675 24 22 tb
588 3675 38 23 the

47 3693 123 27 Australian
169 3698 3 12 1
479 3699 10 23 '."

47 3745 12 3 _
71 3721 42 26 No,
119 3723 81 25 JIL—
201 3726 14 11 «
222 3726 37 23 An
271 3727 97 22 Address
378 3730 24 19 to
410 3727 39 23 fihe
459 3729 56 22 New
525 3729 101 26 Zealand

47 3751 62 19 i*and
117 3751 135 29 Proprietors
262 3753 99 23 resident
372 3754 26 22 in
407 3754 37 23 the
454 3755 87 26 United
553 3755 73 27 &to£-

46 3781 27 22 ??
74 3779 21 17 m
93 3783 49 18 J°n
156 3780 84 22 several
254 3783 93 20 matters
356 3781 26 22 of
388 3781 145 28 importance,
535 3786 24 19 to
568 3782 62 23 their

45 3802 125 24 interests;"'
221 3810 6 4 -
283 3807 3 7 '
392 3810 3 4 ■
514 3805 1 6 '
589 3803 41 25 ,\i

61 3837 2 4 '
228 3833 76 23 pßifck'
315 3838 119 19 sixrjJNCß.
473 3833 97 20 «••'•!

73 3854 169 33 gaygfleiQffice,
253 3861 89 26 March,
354 3863 61 20 1843.
438 3859 23 19 •■'
508 3856 122 28 ..«',•'••

47 3894 168 52 QHj^to
222 3901 230 31 PAR^rES,fdr«ale
463 3901 66 32 ai'ttfe
537 3906 93 28 Gazette,

679 709 170 22 Allotments
871 709 30 22 in
920 708 108 24 Wade's
1046 712 85 21 Town
1148 714 54 20 and
1222 714 36 20 Te

921 737 95 22 Maire.

678 770 162 49 MESSRS.,
849 771 142 21 BETHUNE
1008 773 63 20 AND
1084 773 124 22 HUNTER
1225 781 34 14 are

768 798 119 21 instructed
893 801 24 19 to
921 799 85 26 dispose
1013 800 31 25 of,
1048 801 29 26 by
1082 801 71 23 Public
1158 802 100 26 Auction,

676 830 28 14 on
721 825 36 20 the
774 826 123 20 conclusion
915 827 24 20 of
950 827 40 20 the'
1002 831 87 22 present
1106 828 73 27 sitting
1188 829 25 20 of
1223 829 36 20 the

676 851 100 27 Supreme
787 853 67 21 Court
864 852 45 29 (the
924 854 42 27 day
980 856 24 19 to
1020 855 27 20 be
1064 856 54 20 fixed
1125 856 30 21 -in
1164 858 52 19 next
1223 856 36 21 ad-

675 879 152 28 vertisement),
1198 888 5 7 '

675 913 21 20 A
718 914 129 21 NUMBER
875 915 38 21 OP
939 915 196 23 ALLOTMENTS
1160 924 27 15 in
1212 924 47 15 the

732 947 66 15 WBLL
814 948 89 16 KNOWN
924 949 115 15 LOCALITY
1052 950 30 16 OP
1094 945 110 21 WADE'S

921 970 95 26 TOWN,

675 1003 64 26 being
748 1004 75 27 chiefly
830 1005 113 26 composed
950 1006 23 20 of
979 1006 63 21 those
1048 1008 95 20 reserved
1151 1010 22 18 at
1182 1008 81 22 former,

675 1031 54 20 sales
739 1037 28 15 on
783 1035 98 17 account,
889 1033 25 20 of
927 1033 55 20 their
998 1034 111 26 eligibility
1118 1035 40 20 and
1171 1035 60 21 value
1233 1045 26 4 —

675 1058 47 20 well
737 1058 108 27 deserving
861 1060 36 20 the
915 1061 104 20 attention
1035 1062 29 20 of'
1074 1063 126 21 mechanics!
1216 1062 43 20 And

675 1086 108 20 moderate
791 1088 124 25 capitalists.

741 1120 83 21 Several
833 1121 127 22 Allotments
969 1122 23 20 in
1001 1123 37 20 the
1051 1124 111 27 Township
1172 1125 25 20 of

864 1155 45 20 TE
941 1155 132 27 MAIRE,

675 1191 29 14 on
713 1186 37 20 the
765 1186 128 26 Manawatu,
903 1187 121 28 embracing
1038 1190 36 19 the
1091 1196 110 15 numerous
1217 1191 41 20 and

676 1213 94 21 valuable
786 1214 125 26 advantages
928 1216 95 25 peculiar
1040 1218 22 19 to
1079 1218 41 20 this
1139 1218 118 27 Township,
1268 1218 2 4 '

674 1240 43 20 and
724 1241 70 20 which
803 1241 18 20 it
829 1242 20 19 is
857 1242 79 22 known
944 1244 22 19 to
975 1249 95 20 possess.

701 1272 139 28 Wellington,
849 1274 77 22 March
936 1277 35 24 28,
982 1277 63 19 1843.

675 1323 169 49 WANTED
854 1331 13 14 a
873 1326 143 25 house-maid,
1027 1328 41 19 and
1078 1329 26 20 ah
1115 1330 65 20 active
1188 1336 70 21 young

757 1357 50 14 man
822 1358 23 14 as
860 1353 80 25 waiter,
957 1356 21 17 at
990 1354 103 22 Barrett's
1111 1356 64 21 Hotel
1183 1365 5 17 ;
1204 1364 54 14 none

675 1378 54 19 need
738 1378 63 27 apply
810 1379 90 21 without
915 1381 133 28 satisfactory
1056 1383 137 23 testimonials
1202 1391 23 14 as
1234 1387 24 18 to

676 1404 108 22 character
793 1407 42 20 and
844 1407 81 27 ability.

703 1439 76 22 March
792 1442 34 24 29,
839 1443 62 20 1843.
1270 1427 2 36 !

906 1496 117 22 Observe
1030 1496 5 22 !

676 1526 74 49 ON
765 1528 85 26 SALE,
862 1531 23 19 at
894 1528 37 22 the
942 1530 74 22 Stores
1024 1530 25 22 of
1056 1533 37 19 the
1102 1531 155 29 undersigned,

754 1554 94 28 Raisins,
858 1556 108 27 almond*,
976 1557 43 21 and
1027 1558 93 22 walnuts
1131 1559 24 21 of
1161 1560 98 27 superior

675 1580 92 28 quality,
777 1581 54 22 with
847 1589 14 15 a
877 1582 76 22 choice
969 1583 106 23 selection
1091 1585 26 22 of
1123 1586 75 27 cigars,
1204 1601 3 4 .
1214 1586 45 22 and

673 1607 112 26 groceries
795 1608 26 22 of
827 1616 68 20 every
905 1609 140 28 description.

891 1641 34 22 M.
941 1642 89 28 Asher,
1044 1643 186 29 Lambton-quay.

805 1691 171 28 Wellington
990 1695 134 27 Brewery.

675 1724 91 48 THE
779 1724 137 24 inhabitants
926 1727 26 21 of
958 1728 138 27 Wellington
1103 1737 36 15 are
1148 1730 111 22 informed

748 1751 49 22 that
807 1752 53 27 they
870 1761 42 14 can
927 1754 27 22 be
967 1755 102 31 supplied
1078 1756 56 22 from
1143 1757 38 21 the
1191 1757 68 22 Wel-

673 1785 103 15 lington
794 1779 124 28 Brewery,
935 1780 138 29 Wellington
1091 1783 99 28 Terrace,
1206 1785 52 21 with

793 1812 63 22 ALE
871 1814 68 22 AND
953 1814 102 23 TABLE
1071 1817 68 27 ALE,

671 1838 24 22 in
704 1838 105 28 Draught
819 1847 24 14 or
852 1840 82 28 Bottle,
945 1841 23 21 in
977 1849 46 20 any
1033 1844 105 27 quantity,
1146 1844 55 22 from
1214 1847 44 19 two

834 1867 86 26 gallons
935 1869 44 21 and
988 1869 109 27 up\vards.

700 1899 56 22 N.B.
757 1911 29 4 —
787 1900 80 23 Grains
877 1902 45 22 and
937 1902 70 22 Yeast
1016 1904 82 27 always
1110 1912 27 14 on
1147 1905 67 23 hand.

772 1951 107 26 SEEAR,
895 1953 140 23 Carpenter
1049 1956 43 21 and
1106 1956 111 29 Builder,
1223 1966 44 15 re-

685 1980 16 31 J
708 1977 15 20 ▼
743 1987 11 10 •
785 1978 119 26 spectfully
911 1986 131 16 announces
1048 1984 23 18 to
1077 1982 38 21 the
1122 1983 142 25 inhabitants-

671 2003 26 19 of
713 2003 54 21 Port
784 2003 130 28 Nicholson,
932 2004 49 23 that
995 2006 29 22 he
1035 2007 40 22 has
1085 2010 124 26 complered
1224 2012 34 22 his

671 2035 49 15 new
739 2029 190 28 workshops,iand
941 2032 18 21 is
976 2040 51 15 now
1045 2036 68 27 ready
1129 2039 22 19 to
1166 2038 52 25 give
1233 2039 23 21 in

671 2055 100 22 Tenders
779 2057 36 21 for
824 2057 39 21 the
873 2058 97 23 erection
980 2060 26 21 of
1012 2060 124 30 Buildings.

699 2086 193 30 Manners-street,
903 2090 32 22 Te
944 2091 53 27 Aro,
1009 2093 60 23 Nov.
1080 2096 19 20 9.

711 2138 254 25 ROWLAND'S
1000 2144 215 28 EALTDOR,

687 2170 22 26 A
739 2170 225 25 PREPARATION
973 2174 58 23 from
1042 2177 94 21 Oriental
1138 2180 93 25 Exotics,
1237 2181 19 21 is

672 2198 102 20 -CXnow
783 2198 135 28 universally
925 2200 81 23 known
1017 2210 25 15 as
1051 2204 38 21 the
1098 2206 46 25 only
1154 2207 46 22 safe
1211 2208 45 21 and

672 2225 98 20 efficient
774 2227 111 23 protector
894 2227 45 21 and
948 2229 109 27 leaulifier
1066 2232 26 21 of
1099 2232 35 22 the
1145 2233 57 22 Skin
1212 2235 43 21 and

673 2251 157 23 Complexion.
861 2253 31 22 Its
911 2254 83 24 virtues
1012 2264 39 15 are
1070 2260 125 28 commonly
1212 2262 33 21 dis

670 2280 83 24 played
770 2286 23 14 in
813 2280 135 28 thoroughly
964 2283 136 29 eradicating
1118 2286 29 22 all
1159 2290 95 23 pimples,

670 2306 64 26 spots,
745 2306 88 27 redness,
844 2309 45 23 tan,
899 2308 103 27 freckles,
1013 2312 45 21 and
1068 2313 62 21 other
1141 2315 113 26 unsightly

671 2334 111 20 cutaneous
798 2335 86 26 defects,
903 2335 25 22 in
945 2337 90 28 healing
1054 2340 112 28 chilblains,
1184 2344 63 25 chaps

671 2360 47 21 and
732 2368 23 14 in
772 2362 119 27 rendering
906 2363 38 22 the
954 2368 58 18 most
1025 2367 72 27 rough
1107 2368 45 21 and
1165 2376 89 16 uneven

671 2388 56 25 skm,
739 2388 123 29 pleasantly
871 2389 45 23 soft
925 2391 43 22 and
987 2394 97 21 smooth.
1111 2395 32 22 To
1153 2396 37 22 the
1200 2404 54 14 com-

666 2415 93 27 plexion,
770 2415 19 21 it
797 2415 92 28 imparts
903 2425 14 14 a
928 2418 100 27 juvenile
1044 2425 85 18 roseate
1146 2422 51 28 hue,
1209 2425 45 21 and

671 2445 23 18 to
703 2443 39 21 the
751 2444 57 25 neck,
820 2444 63 27 hand,
894 2445 47 21 and
949 2452 53 21 arm,
1014 2454 16 14 a
1040 2447 99 29 delicacy
1149 2450 43 22 and
1202 2451 52 23 fair-

670 2476 51 14 ness
730 2470 131 23 unrivalled.

697 2504 23 21 It
729 2504 19 22 is
757 2504 127 24 invaluable
890 2514 24 14 as
920 2514 14 14 a
939 2509 132 28 renovating
1079 2511 43 21 and
1131 2512 123 27 refreshing

670 2532 76 26 Wash,
765 2532 80 27 during
865 2534 123 29 travelling,
1009 2544 27 14 or
1054 2544 106 21 exposure
1179 2543 22 18 to
1215 2540 38 21 the

670 2565 49 19 sun,
730 2558 58 27 dust,
799 2566 24 14 or
838 2559 153 30 harsh-winds,
1003 2563 44 22 and
1057 2565 57 21 after
1123 2565 37 22 the
1172 2566 81 22 heated

670 2585 139 28 atmosphere
824 2587 27 21 of
864 2588 101 22 crowded
982 2591 135 22 assemblies.
1118 2603 26 4 —
1147 2593 106 22 Gentle-

668 2612 109 26 MEN/will
786 2612 46 22 find
841 2613 18 21 it
868 2615 120 28 peculiarly
994 2618 97 26 grateful
1101 2619 55 22 after
1161 2620 92 26 shaving

667 2645 25 15 m
703 2639 99 27 allaying
810 2639 38 23 the
857 2641 116 24 irritation.

669 2670 63 22 Price
738 2672 31 21 4s.
776 2671 35 22 6d.
820 2673 46 21 and
872 2674 30 21 Bs.
910 2674 34 21 6d.
951 2681 40 21 per
997 2675 77 29 bottle,
1081 2677 53 28 duty
1139 2678 112 23 included.

817 2722 87 22 Town
920 2724 30 21 of
967 2725 136 23 Moreton.

668 2754 89 48 FOR
771 2755 86 28 SALE,
873 2756 37 23 the
926 2757 51 23 land
992 2759 97 23 situated
1104 2766 23 17 at
1142 2762 36 22 the
1190 2763 63 26 point

750 2782 86 22 formed
854 2783 31 27 by
903 2784 39 22 the
962 2786 130 23 confluence
1108 2789 26 21 of
1148 2789 37 22 the
1203 2790 50 22 four

667 2815 70 14 rivers
748 2815 5 14 :
762 2820 30 4 —
802 2809 64 28 Hutt,
892 2811 112 29 Oukoutu,
1030 2814 56 22 Awa
1111 2815 72 23 Motu.
1207 2817 45 22 and

755 2835 111 24 Waiwatu
875 2837 52 23 with
937 2839 37 21 the
984 2847 45 20 sea,
1041 2841 45 22 laid
1096 2845 38 19 out
1143 2850 23 15 as
1265 2835 1 19 '

668 2869 21 21 A
718 2869 99 27 TOWN,
849 2869 36 23 IN
919 2871 210 27 ALLOTMENTS
1162 2877 40 22 OF
1229 2878 23 21 A

722 2895 149 25 QUARTER
890 2898 40 22 OP
944 2899 46 22 AN
1004 2901 84 22 ACRE
1104 2903 92 28 EACH,

852 2929 53 22 with
915 2932 153 23 commodious

667 2961 140 28 streets,
840 2962 117 24 public
990 2966 95 27 quay,
1118 2968 133 25 market

693 2978 114 38 place,'
817 2989 138 30 church,
971 2975 199 47 cemetryX
1183 2998 33 21 &c

665 3022 55 23 This
729 3026 49 24 spot
785 3023 20 22 is
816 3024 48 22 well
874 3024 83 24 known
967 3034 23 16 as
1000 3027 39 22 the
1049 3028 52 28 only
1110 3029 61 28 place
1181 3031 23 22 in
1213 3032 37 22 the

666 3051 70 20 River
751 3051 61 21 Hutt
826 3051 73 22 where
910 3060 14 14 a
932 3054 72 21 vessel
1020 3054 27 22 of
1058 3063 61 15 more
1134 3057 53 23 than
1201 3059 50 21 four

663 3078 51 20 tons
722 3077 54 22 -and
790 3078 102 27 upwards
907 3081 23 20 to
941 3080 75 28 eighty
1028 3088 42 16 can
1084 3083 67 23 reach
1161 3085 43 22 and
1212 3085 38 28 lay

664 3110 23 14 m
707 3104 72 27 safety
787 3104 25 22 in
830 3112 44 20 any
890 3107 103 28 weather,
1009 3109 47 21 and
1069 3109 24 23 in
1110 3110 54 29 deep
1183 3116 67 18 water

664 3131 59 21 close
733 3134 23 18 to
765 3131 38 22 the
812 3131 73 23 shore.
915 3133 22 22 It
946 3134 19 22 is
974 3134 92 28 pointed
1080 3141 39 18 out
1132 3138 30 27 by
1169 3142 80 19 nature

923 3168 25 14 as
958 3161 37 22 the

663 3190 105 24 DEPOT
787 3192 63 25 FOR
869 3194 65 23 THE
958 3196 146 25 PRODUCE
1124 3200 38 22 OF
1185 3198 63 24 THE

831 3220 86 23 HUTT
930 3222 154 25 DISTRICT.

663 3250 47 23 The
720 3251 122 23 advertiser
850 3253 75 24 leaves
934 3254 49 24 it'to
993 3257 39 23 the
1041 3259 59 26 good
1110 3267 62 16 sense
1183 3261 25 21 of
1214 3261 34 22 his

663 3280 74 20 fellow
746 3280 103 22 colonists
864 3283 23 19 to
900 3281 71 28 judge
987 3284 27 21 of
1025 3284 39 22 the
1073 3286 99 23 ultimate
1183 3287 64 23 value

661 3306 26 20 of
694 3311 14 15 a
718 3308 89 24 quarter
822 3307 27 21 of
860 3314 29 15 an
905 3316 57 20 acre,
977 3310 75 23 tfh'ich
1067 3315 24 19 at
1104 3313 38 22 the
1158 3318 89 23 present

661 3335 101 19 moment
769 3340 20 14 is
798 3334 83 22 ottered
892 3337 23 19 at
924 3335 38 22 the
971 3336 42 23 low
1021 3337 61 28 price
1093 3340 27 21 of
1129 3341 53 26 £10,
1192 3341 54 22 with

662 3364 13 15 a
683 3360 61 25 right
758 3360 26 21 of
795 3361 93 27 priority
903 3362 26 22 of
941 3363 83 27 choice,
1042 3366 113 27 regulated
1165 3368 30 26 by
1207 3368 38 21 the

661 3388 92 25 priority
771 3387 27 21 of
812 3388 117 26 purchase.
957 3389 48 23 The
1021 3396 48 18 rest
1085 3393 30 22 x>f
1129 3395 36 22 the
1184 3394 60 27 land,

661 3413 106 26 reaching
776 3413 59 23 from
844 3414 41 23 Dr.
896 3415 94 29 Healy's
1000 3417 38 23 bid
1047 3426 70 15 warre
1125 3423 23 19 to
1165 3421 48 22 that
1223 3422 25 21 of

662 3441 37 18 the
721 3441 120 21 advertiser
850 3447 16 21 s,
887 3441 69 29 being
972 3443 47 23 laid
1039 3448 39 20 out
1094 3446 25 22 in
1136 3448 111 22 suburban

661 3466 135 22 allotments'
804 3468 25 20 of
842 3470 43 20 two
904 3476 63 16 acres
984 3471 63 23 each.
1223 3475 26 21 of

661 3493 123 25 townjand
793 3493 57 23 have
860 3502 15 15 a
884 3495 83 23 chance
976 3498 26 21 of
1016 3500 104 27 securing
1128 3508 14 15 a
1150 3501 62 27 piece
1222 3501 25 22 of

657 3520 88 23 garden
769 3520 54 24 laud
846 3522 25 22 in
895 3522 38 23 the
955 3524 131 24 immediate
1108 3527 92 27 vicinity
1223 3528 26 22 of

660 3546 112 22 Moreton.
781 3549 3 5 '
810 3570 4 5 ,
827 3568 3 4 .
852 3570 4 2 .
865 3553 4 3 '

660 3579 109 29 _Apply,
784 3589 29 14 on
830 3583 111 29 Tuesday,
947 3585 156 31 .Wednesday,
1120 3588 122 27 Thursday,

659 3611 90 23 Jmaay,
760 3611 45 18 and
816 3611 111 27 Saturday
942 3613 122 28 mornings,
1075 3619 23 17 at
1111 3614 38 23 the
1165 3615 78 23 adver-

657 3635 54 20 tise*
720 3641 10 14 s
753 3635 70 27 office-,
849 3640 55 19 next
927 3638 53 23 door
1002 3642 24 20 to
1049 3641 38 21 the
1106 3641 135 28 Wellington

660 3662 93 25 lavern,
765 3662 74 22 where
847 3662 38 23 the
892 3664 56 27 plan
964 3666 49 27 lays
1022 3666 36 23 fdr
1066 3668 136 28 inspection.;
1218 3676 25 15 or

657 3689 24 18 at
689 3693 47 22 any
748 3690 61 25 time,
821 3689 65 26 from,
895 3691 109 29 Saturday
1013 3693 35 22 till
1064 3694 101 29 Monday
1172 3702 71 16 even-

657 3719 45 21 ing,
713 3716 24 20 at
745 3715 34 21 his
788 3716 123 28 residence,
926 3718 76 31 onjfhe
1012 3720 68 22 Hutt.
1112 3736 2 5 .

866 3749 107 26 Charles
988 3751 27 23 E.
1031 3751 53 23 Yon
1098 3754 116 22 Alsdorf.

666 3776 131 31 /February
807 3782 35 28 ?4,
856 3784 60 24 J843.
930 3809 6 8 ,
970 3804 2 5 ,
991 3804 3 4 .
1013 3802 3 4 .

664 3826 27 40 T
692 3829 57 23 UST
745 3857 6 5 .
763 3831 133 25 OPENED,
902 3834 46 22 arid
958 3839 30 18 oh
998 3835 51 22 Sale
1059 3839 24 19 at
1091 3836 38 23 the
1139 3837 70 22 Office
1220 3835 25 24 of

657 3860 26 17 V
719 3857 44 22 this
772 3857 78 28 Paper,
858 3859 45 23 ink
908 3861 80 22 itand*
997 3863 28 20 of
1027 3863 92 22 -various
1128 3863 62 22 sizes.

657 3905 73 51 ON
743 3909 85 27 SALE,
844 3906 168 33 at.tks'onjce.,
1016 3913 71 23 blank
1097 3915 56 21 Bill
1164 3915 77 22 Books

732 3934 19 13 v
756 3933 94 25 CJaSttrttii
887 3934 71 31 Affic*,
969 3937 56 24 Deo.
1035 3939 21 22 4.

1291 712 94 47 MR.'
1396 712 93 23 JOHN'
1497 714 95 21 WADE
1601 714 20 22 is
1630 715 123 22 instructed
1762 719 24 18 to
1795 715 41 23 sell
1845 716 30 28 by

1381 740 104 27 Auction,
1496 740 24 22 hi
1532 747 14 15 a
1556 740 42 22 few
1609 740 62 28 days,
1683 741 37 22 the

1291 768 214 29 .^SCHOONER
1532 774 124 21 BLACK
1684 771 171 31 WARRIOR,

1289 801 63 36 |rith,
1360 804 89 27 anchor,
1463 804 72 31 choi»j
1553 804 59 29 sails,
1629 804 81 30 tackle;
1726 808 44 21 and
1785 808 89 27 apparel

1291 830 115 27 complete,
1417 831 44 22 and
1471 831 69 34 ready
1548 832 37 22 for
1593 840 46 15 sea.

1282 868 23 20 -^
1317 855 54 23 This
1379 857 72 22 vessel
1466 865 49 16 was,
1524 855 60 28 (built
1600 861 24 20 at
1637 858 128 28 Wanganui
1785 861 67 23 about
1860 863 13 20 8

1289 882 88 22 months
1386 882 68 30 since,
1466 884 30 28 by
1501 885 44 22 Mr.
1555 885 61 22 John
1621 886 129 28 M'Gregor,
1757 888 117 27 especially

1290 908 34 22 for
1332 909 35 22 his
1376 914 47 18 own
1433 917 46 21 use-,
1492 911 45 23 and
1546 912 19 22 is
1575 919 43 16 one
1629 913 26 21 of
1661 912 38 23 the
1708 914 49 21 best
1767 921 37 15 sea
1810 915 63 21 boats

1291 941 27 16 on
1380 940 67 19 coast.
1477 938 43 22 She
1535 938 21 22 is
1571 940 74 21 carvel
1659 939 65 31 built,
1735 941 45 21 and
1790 945 41 24 put
1840 945 33 18 to-

1289 961 77 27 gether
1382 962 24 23 in
1422 963 39 22 the
1478 968 60 19 most
1557 965 132 23 substantial
1711 975 102 20 manner;
1833 968 40 22 her

1289 989 84 22 bottom
1388 989 22 22 is
1426 990 26 22 of
1465 994 42 19 two
1525 992 54 21 inch
1592 993 76 27 plank,
1687 994 44 21 and
1747 993 39 23 her
1803 1002 70 20 upper

1289 1015 130 24 wfarksinch
1430 1018 45 22 and
1482 1017 57 23 half.
1555 1026 4 6 '
1569 1018 43 23 She
1626 1020 21 21 is
1656 1028 53 14 now
1716 1023 22 19 at
1748 1021 83 22 anchor
1842 1022 33 21 off

1290 1042 68 23 Waitt
1377 1043 55 28 and;
1446 1044 88 28 Tyser's
1560 1046 75 28 wharf,
1658 1047 74 22 where
1755 1048 118 27 intending

1287 1069 131 27 purchasers
1426 1077 53 21 may
1488 1072 87 27 inspect
1583 1072 49 23 her.

1294 1097 3 15 ;
1315 1096 77 21 Terms
1410 1097 45 22 and
1473 1098 87 22 further
1572 1100 132 26 particulars
1721 1101 24 22 in
1764 1109 14 14 a
1794 1102 78 22 future

1289 1122 181 24 advertisement.

1552 1159 62 18 ALSO,

1289 1176 109 23 POAD'S
1418 1177 98 23 BRICK
1535 1176 231 26 BLACKSMITH'S
1780 1182 90 29 SHOP,

1289 1202 94 24 situated
1397 1204 23 21 in
1433 1204 39 22 the
1482 1208 77 19 centre
1574 1206 27 21 of
1614 1206 110 23 Lambton
1739 1208 71 28 Quay,
1827 1209 45 22 and

1287 1230 158 28 commanding
1454 1239 14 14 a
1477 1238 54 21 very
1539 1232 133 28 flourishing
1679 1234 107 22 business.

1482 1265 76 16 TERMS
1572 1267 29 14 AT
1616 1267 63 15 SALE.

1318 1283 64 27 April
1394 1286 20 24 4,
1425 1286 61 21 1843.

1289 1328 60 21 Sale
1365 1328 30 21 of
1406 1329 78 22 Land
1495 1330 32 21 in
1542 1332 44 20 the
1596 1333 107 20 Nelson
1713 1334 159 22 Settlement

1451 1356 31 21 of
1498 1357 69 21 New
1580 1359 130 22 Zealand.

1281 1389 135 27 rfTIOWN,
1431 1389 289 31 ACCOMMODATION,
1735 1394 20 21 &
1764 1394 108 24 RURAL

1296 1414 29 23 X
1364 1415 99 22 Sections
1479 1416 24 21 of
1517 1416 76 23 Land-
1597 1418 35 21 for
1648 1418 51 23 Sale
1719 1420 28 27 by
1764 1421 106 27 Auction,

1288 1444 23 19 at
1330 1442 90 27 Nelson,
1435 1443 66 27 being
1520 1443 38 22 the
1576 1445 129 23 remainder
1726 1447 26 22 of
1772 1448 36 22 the
1831 1450 41 21 200

1288 1468 136 23 Allotments
1447 1470 118 28 originally
1586 1472 105 22 reserved
1713 1474 35 22 for
1772 1475 100 23 Colonial

1288 1495 137 28 purchasers.

1315 1522 47 22 The
1378 1523 70 22 above
1463 1523 137 23 Allotments
1614 1526 81 21 consist
1705 1527 25 21 of
1743 1528 60 22 three
1819 1530 53 22 Sec-

1288 1548 65 28 tions,
1364 1549 69 22 viz.—
1437 1550 49 21 One
1497 1550 60 22 Acre
1567 1551 25 22 of
1604 1552 69 22 Town
1684 1553 70 28 Land,
1764 1556 28 20 50
1800 1557 72 21 Acres

1282 1575 33 22 -of
1327 1576 115 22 Suburban
1459 1577 70 27 Land,
1551 1578 44 22 and
1614 1580 40 21 150
1673 1580 71 22 Acres
1762 1582 26 21 of
1800 1583 72 22 Rural

1289 1601 71 24 Land.
1388 1603 47 22 The
1451 1603 99 23 Section's
1567 1608 22 18 to
1604 1606 29 21 be
1647 1610 42 24 put
1698 1615 29 19 up
1743 1610 127 27 separately,

1289 1629 57 22 after
1354 1629 43 22 due
1407 1630 80 27 notice,
1498 1634 23 19 to
1533 1631 44 22 suit
1585 1632 137 28 purchasers,
1733 1638 24 18 at
1769 1643 28 14 an
1807 1641 65 22 upset

1288 1657 67 26 price,
1368 1657 117 27 according
1501 1660 23 19 to
1537 1658 57 22 their
1604 1659 116 23 estimated
1729 1662 70 28 value,
1811 1666 22 18 to
1844 1663 28 22 be

1289 1681 93 24 decided
1391 1691 61 19 upon
1461 1684 30 28 by
1501 1684 37 22 the
1546 1685 134 29 Company's
1687 1688 75 27 Agent
1773 1690 99 25 previous

1289 1712 22 19 to
1322 1710 36 21 the
1371 1710 55 22 Sale.

1317 1737 69 27 Many
1401 1737 26 22 of
1442 1737 62 22 these
1524 1738 99 23 Sections
1642 1739 58 23 have
1718 1741 56 23 been
1791 1743 81 23 chosen

1289 1763 68 27 early,
1369 1764 45 21 and
1428 1771 36 14 are
1480 1769 101 23 amongst
1596 1766 38 21 the
1649 1767 49 22 best
1712 1768 22 21 in
1750 1769 36 21 the
1796 1771 76 21 settle-

1289 1794 67 17 ment.
1384 1790 48 23 The
1446 1792 201 23 Accommodation
1661 1794 56 21 land
1725 1794 19 23 is
1759 1797 113 26 generally

1289 1817 76 22 within
1378 1818 27 21 20
1421 1817 64 22 miles
1495 1819 26 20 of
1532 1818 37 22 the
1579 1819 77 27 Town,
1672 1821 45 22 and
1731 1826 57 18 most
1798 1824 25 21 of
1833 1824 39 22 the

1289 1843 146 23 Sections'are
1446 1845 119 22 accessible
1576 1849 21 18 to
1608 1853 14 15 a
1632 1846 61 29 dray,
1705 1855 24 15 or
1738 1849 56 22 have
1803 1855 69 18 water

1289 1871 186 22 communication
1485 1875 23 18 to
1517 1872 78 22 within
1604 1881 15 14 a
1628 1873 62 23 short
1699 1875 102 23 distance.

1477 1905 102 23 Arthur
1585 1907 14 28 /
1599 1907 144 28 Wakefield,

1351 1938 56 23 New
1417 1938 100 23 Zealand
1527 1940 134 28 Company's
1670 1942 109 24 Resident
1787 1945 82 28 Agent,

1562 1967 93 24 Nelson.

1316 1991 79 21 March
1406 1992 31 25 14,
1450 1993 60 20 1843.

1333 2035 270 24 ROWLAND'S
1632 2040 20 19 O
1663 2041 89 21 DON
1763 2043 61 26 TO,

1563 2078 36 19 OR,

1415 2102 102 23 PEARL
1541 2104 198 31 DENTIFRICE,

1303 2137 18 20 A
1337 2132 2 7 '
1355 2137 101 20 WHITE
1472 2138 134 28 POWDER,
1619 2141 27 24 of
1658 2142 95 21 Oriental
1760 2144 71 21 Herbs
1847 2145 26 22 of

1287 2163 51 21 .£l.
1365 2163 37 22 the
1422 2168 58 17 most
1489 2166 112 26 delightful
1603 2168 152 26 fragrance.—
1759 2170 21 22 lt
1799 2172 70 22 eradi-

1287 2192 58 19 cates
1357 2192 77 19 Tartar
1444 2191 43 21 and
1498 2192 99 28 decayed
1607 2195 64 27 Spots
1681 2196 57 22 from
1748 2198 37 21 the
1797 2200 63 20 Teeth

1285 2223 113 20 preserves
1407 2218 37 21 the
1453 2218 93 28 Enamel,
1559 2221 42 21 and
1611 2222 56 22 fixes
1678 2222 36 23 the
1724 2225 62 20 Teeth
1795 2225 73 28 firmly

1285 2250 23 14 m
1317 2243 57 22 their
1380 2244 93 27 sockets,
1480 2246 122 28 rendering
1607 2248 61 23 them
1676 2251 107 27 delicately
1792 2254 75 20 White.

1279 2271 79 26 .Being
1380 2278 29 14 an
1433 2272 188 29 Anti-Scorbutic,
1646 2276 17 21 it
1687 2279 119 23 eradicates
1831 2281 37 21 the

1285 2299 86 26 bcurvy
1380 2301 57 18 trom
1454 2299 37 22 the
1503 2301 68 26 Gums,
1585 2304 137 28 strengthens,
1736 2307 70 21 braces
1823 2309 45 21 and

1285 2325 90 21 renders
1384 2325 61 22 them
1461 2326 26 21 of
1498 2334 12 14 a
1519 2328 91 28 healthy
1619 2332 51 22 red,-
1685 2332 18 21 it
1710 2340 101 16 removes
1823 2342 43 14 un-

1285 2350 100 26 pleasant
1402 2354 68 20 tastes
1483 2353 57 23 from
1559 2355 37 22 the
1612 2358 86 27 mouth,
1716 2359 70 23 which
1806 2361 61 23 often

1284 2383 85 16 remain
1379 2379 58 20 after
1451 2379 79 29 fevers,
1543 2382 77 28 taking
1635 2385 117 28 medicine,
1763 2388 48 25 &c,
1823 2389 45 22 and

1284 2408 91 23 imparts
1384 2413 13 13 a
1406 2406 113 26 delightful
1524 2409 118 26 fragrance
1653 2415 22 18 to
1685 2413 37 21 the
1731 2413 85 24 breath.

1352 2439 63 22 Price
1424 2442 24 20 2s
1450 2457 7 7 t
1466 2442 36 22 9d.
1512 2450 41 20 per
1560 2444 52 28 box,
1625 2445 55 27 duty
1690 2446 112 25 included.

1284 2474 50 23 e^°
1352 2474 126 21 Notice—
1478 2476 47 22 The
1541 2478 73 22 Name
1625 2479 45 22 and
1684 2481 101 23 Address
1793 2484 25 21 of
1830 2484 37 22 the

1503 2504 144 29 Proprietors,

1282 2532 28 20 A.
1331 2533 153 22 ROWLAND
1499 2535 18 28 Sf
1532 2537 65 25 SON,
1613 2539 35 26 20,
1668 2540 84 21 Hatton
1777 2542 88 28 Garden,

1505 2574 4 5 •
1529 2564 94 22 London.

1282 2598 39 15 are
1331 2593 112 26 engraved
1453 2601 27 14 on
1491 2594 43 23 the.
1540 2596 152 24 Government
1701 2599 84 28 Stamp,
1795 2602 71 22 which

1281 2624 20 15 is
1310 2619 76 26 pasted
1398 2627 28 15 on
1655 2626 45 21 and
1739 2627 95 23 Odonto

1283 2645 144 29 alsoprinted,
1440 2647 25 22 in
1480 2649 44 27 red,
1535 2657 28 14 on
1579 2650 37 22 the
1632 2651 108 29 Wrapper
1753 2653 25 23 in
1795 2655 71 23 which

1283 2676 37 17 tne
1331 2676 101 24 Jvalydor
1440 2681 19 15 is
1469 2676 110 22 enclosed.

1308 2706 110 22 Beware
1437 2709 31 21 of
1480 2710 185 23 Counterfeits
1673 2713 6 21 !
1687 2713 5 21 !
1709 2716 117 26 composed
1842 2717 28 21 of

1282 2733 38 20 the
1330 2739 57 16 most
1396 2735 123 27 pernicious
1530 2737 45 22 and
1585 2739 75 27 trashy
1668 2740 143 28 ingredients,
1823 2744 44 21 arid

1282 2760 73 21 which
1365 2768 38 14 are
1418 2762 125 29 frequently
1552 2766 91 26 pressed
1658 2773 61 20 upon
1728 2768 38 22 the
1776 2776 91 17 unwary

1282 2786 71 22 under
1363 2787 37 23 the
1410 2788 48 23 lure
1470 2790 26 22 of
1500 2791 59 26 being
1569 2793 70 26 cheap.
1646 2805 1 5 •

1303 2819 32 22 Be
1345 2828 48 15 sure
1404 2826 22 19 to
1437 2824 39 22 ask
1486 2824 34 23 for
1550 2827 160 23 Rowland's
1743 2829 103 23 Articles.

1282 2854 53 22 Sold
1342 2855 29 28 by
1378 2863 66 22 exery
1452 2859 127 24 Perfumer
1586 2862 46 21 and
1640 2862 120 24 Medicine
1767 2864 98 24 Vender

1385 2885 134 27 throughout
1529 2887 37 22 the
1576 2888 188 25 civilized'world.

1305 2927 36 17 The
1351 2928 78 18 FIRST
1437 2930 188 20 PRODUCTIONS
1635 2933 20 18 in
1668 2934 31 17 the
1708 2934 92 20 WORLD
1807 2937 38 21 for

1280 2956 56 21 The
1346 2957 103 22 HAIR!
1465 2960 54 20 The
1531 2961 102 21 SKIN!!
1650 2963 55 21 The
1715 2964 148 23 TEETH!!!

1446 3008 250 27 ROWLAND'S

1365 3040 286 25 MACASSAR
1688 3046 93 26 OIL,

1407 3081 14 14 A
1436 3081 132 16 VEGETABLE
1582 3083 152 18 PRODUCTION.

1280 3107 44 22 HP
1328 3107 44 22 HE
1382 3108 52 27 only
1444 3109 76 22 article
1535 3109 49 23 that
1593 3111 109 26 produces
1712 3113 44 22 and
1769 3118 93 19 restores

1286 3128 31 28 X
1327 3134 92 27 HAIR;
1428 3135 46 22 also
1480 3136 380 31 WHISKERS,MUSTACHIOS.

1278 3161 46 21 and
1332 3161 193 29 EYE-BROWS;
1539 3169 105 22 prevents
1651 3167 58 20 Hair
1715 3167 58 23 from
1782 3168 80 28 falling

1278 3187 33 23 off
1317 3195 25 14 or
1350 3189 90 27 turning
1455 3196 54 21 grey
1519 3193 23 19 to
1557 3191 38 22 the
1611 3191 66 23 latest
1684 3194 77 27 period
1776 3196 26 21 of
1807 3196 53 28 life;

1278 3215 96 27 changes
1383 3223 54 20 grey
1447 3215 50 23 hair
1505 3221 24 18 to
1538 3217 28 22 its
1576 3218 95 28 original
1686 3228 115 16 colour—
1802 3223 59 22 frees

1277 3244 17 18 it
1308 3242 59 22 from
1375 3241 66 28 scurf,
1452 3243 44 23 and
1512 3244 78 23 makes
1604 3246 19 22 it
1637 3246 130 26 beautifully
1778 3250 75 22 SOFT

1277 3268 111 29 CURLY,
1406 3267 44 25 arid
1468 3271 125 23 GLOSSY.
1622 3273 27 21 In
1661 3273 99 30 dressing
1769 3276 84 23 HAIR
1865 3282 3 5 •

1275 3297 18 19 it
1306 3295 69 28 keeps
1384 3297 18 21 it
1411 3297 49 22 firm
1475 3297 24 23 in
1510 3297 37 23 the
1563 3300 53 24 curl,
1626 3301 119 27 uninjured
1760 3303 30 27 by
1799 3304 71 26 damp-

1275 3323 97 27 weather,
1390 3325 96 20 crowded
1499 3332 74 19 rooms,
1590 3325 37 23 the
1642 3328 70 23 dance,
1735 3336 25 15 or
1778 3331 22 21 in
1821 3331 39 22 the

1276 3350 98 22 exercise
1381 3351 26 21 of
1412 3352 77 26 riding.
1518 3353 33 22 To
1559 3353 103 28 Children,
1670 3355 19 21 it
1698 3356 18 21 is
1724 3355 127 24 invaluable

1275 3382 24 16 as
1416 3386 13 14 a
1443 3377 133 24 foundation
1594 3380 36 22 for
1647 3388 14 15 a
1680 3382 186 24 BEAUTIFUL'

1302 3437 43 22 ON
1359 3438 212 29 PURCHASING,
1588 3441 120 27 (Beware
1726 3443 31 21 of
1769 3444 91 22 Coun-

1275 3464 145 28 terfeits!!)
1438 3466 41 22 ask
1497 3466 34 22 for
1550 3467 163 24 "Rowland's
1733 3469 127 25 Macassar

1277 3492 44 20 Oil
1342 3502 29 5 —
1372 3492 46 23 and
1433 3500 43 15 see.
1489 3493 50 22 thait
1555 3494 63 22 those
1637 3495 72 22 words
1723 3503 37 15 are
1778 3504 28 15 on
1821 3498 39 22 the

1275 3517 114 29 envelope,
1398 3519 53 23 with
1460 3520 38 21 the
1508 3520 117 27 Signature
1635 3522 45 22 and
1685 3523 106 28 Address,
1800 3524 58 28 thus,

1299 3551 30 21 A.
1341 3552 161 23 ROWLAND
1513 3555 21 21 &
1544 3555 67 26 SON,
1621 3556 35 26 20,
1663 3556 87 23 Hatton
1760 3558 98 28 Garden,

1539 3581 103 23 London.

1344 3627 4 8 .
1371 3613 195 29 Counter-signed,
1576 3614 96 24 ALEX.
1688 3617 170 27 ROWLAND.

1298 3645 38 26 To.
1349 3653 77 15 ensure
1441 3647 38 22 the
1497 3648 95 27 genuine
1606 3649 85 27 article,
1706 3657 36 16 see
1759 3651 48 23 that
1820 3655 40 20 the

1273 3672 60 22 word
1346 3672 139 23 "Rowland'i
1503 3676 111 20 Macassar
1630 3677 36 20 Oil
1696 3685 38 14 are
1745 3685 114 20 engraven

1273 3705 27 15 on
1310 3698 38 23 the
1356 3699 59 23 back
1426 3701 26 22 of
1458 3701 38 22 the
1506 3702 110 28 envelope
1632 3703 79 29 nearly
1721 3705 55 22 1500
1786 3706 72 28 times,

1273 3726 127 27 containing
1409 3729 76 26 29,028
1494 3728 104 23 letters—
1600 3737 108 16 without
1724 3738 54 16 this
1796 3739 66 16 nonk

1273 3759 19 15 IS
1307 3760 111 17 GENUINE.'

1273 3783 63 23 Price
1344 3786 32 21 3a.
1386 3784 51 28 6d.;
1449 3786 45 27 75.;
1509 3787 88 28 Family
1614 3788 94 28 Bottles,
1720 3789 138 29 (containing
1863 3799 8 3 -

1297 3810 51 23 four
1355 3810 134 29 smalljlOs.
1499 3813 44 29 6d.,
1555 3814 45 22 and
1609 3814 83 23 double
1703 3816 48 22 that
1759 3817 45 21 size
1810 3819 48 21 21s.

1297 3843 41 21 per
1345 3837 78 24 bottle.
1717 3858 4 3 .
1757 3850 8 4 -

1456 3885 66 21 Just
1536 3885 132 21 received.
1705 3894 3 5 ■

1273 3914 125 49 PLANS
1421 3914 27 23 of
1468 3915 38 22 the
1529 3915 71 23 Toww
1618 3916 28 22 of
1660 3917 169 25 Wel&inoton.

1343 3941 57 22 Plan
1420 3941 27 21 of
1452 3940 39 23 the
1500 3941 108 23 Harbour
1616 3943 27 22 of
1654 3943 56 22 Port
1724 3944 130 25 Nicholson.

2105 721 40 21 To
2164 722 124 21 Packers.

1905 751 173 49 WANTED,
2089 759 13 14 a
2110 759 77 20 person
2196 755 124 25 acquainted
2328 757 51 21 with
2387 759 97 25 packing,

1987 781 21 18 to
2019 780 48 19 take
2075 780 77 26 charge
2162 781 23 20 of
2196 788 13 13 a
2218 782 56 20 Flax*
2279 782 68 22 Press.

2220 814 82 21 Waitt
2315 821 48 15 and
2373 816 87 23 Tysbb.

1904 836 75 21 March
1989 838 35 20 31.

2012 883 112 28 Storage
2141 891 30 14 or
2185 886 75 21 Store
2275 889 30 19 to
2321 888 59 22 Let.

1904 915 91 49 MR.
2009 916 85 23 JOHN
2109 918 93 23 WADE
2217 928 41 14 can
2272 921 55 22 offer
2345 923 92 27 Storage
2451 920 35 26 for

1995 946 43 23 tfny
2046 945 101 28 quantity
2156 946 25 22 of
2188 947 84 28 Goods,
2279 955 29 14 on
2317 948 78 23 liberal
2404 954 68 18 terms
2477 959 5 13 :

1903 975 24 14 or
1936 971 28 19 he
1975 969 45 21 will
2029 970 27 21 be
2067 970 104 28 disposed
2180 975 22 20 to
2212 973 32 22 let
2252 981 14 14 a
2276 975 70 27 Stoic,
2357 976 72 22 which
2441 977 44 22 will

1902 996 54 20 hold
1966 997 40 20 600
2016 999 49 19 tons
2075 997 25 21 of
2113 998 82 28 Goods,
2207 1002 23 20 to
2245 1007 45 21 any
2298 1006 65 22 party
2371 1003 114 25 requiring
2498 1013 5 3 -

1903 1022 37 20 the
1951 1029 67 15 same.

1929 1053 31 22 Te
1970 1054 54 27 Aro,
2035 1055 80 22 March
2126 1057 34 26 22,
2173 1058 61 21 1843.

1901 1103 300 25 HOLLOWAY'S
2228 1109 256 24 OINTMENT.

2008 1139 233 27 holloway:s
2263 1143 113 26 pills.

1901 1192 310 26 EXTRAORDINARY
2211 1197 3 6 1
2225 1197 92 22 CURE
2333 1199 30 21 of
2370 1205 17 15 a
2396 1201 87 21 CASE

2075 1222 228 28 ABANDONED,

1902 1251 34 22 By
1947 1252 96 27 GUY'S,
2055 1261 45 15 the
2110 1255 256 31 METROPOLITAN,
2378 1258 106 24 KING'S

1952 1279 149 29 COLLEGE,
2116 1289 47 14 and
2178 1283 148 23 CHARING
2340 1285 91 23 CROSS

2104 1308 179 24 HOSPITALS.

1902 1337 53 22 This
1970 1338 54 22 Fact
2039 1347 45 14 was
2099 1341 111 22 SWORN
2229 1343 40 21 TO
2284 1343 45 22 this
2347 1345 38 21 Bth
2404 1345 44 27 day
2463 1347 25 21 of

1930 1364 86 28 March,
2024 1367 60 25 1842,
2093 1366 78 23 before
2182 1369 36 21 the
2228 1369 70 28 Right
2307 1370 131 24 Honorable
2446 1373 38 22 the

1930 1392 61 21 Lord
2000 1392 87 28 Mayor,
2098 1397 24 18 at
2130 1394 38 22 the
2181 1396 193 24 Mansion-house.

2020 1425 141 28 Summary
2181 1428 32 21 of
2229 1429 137 22 Affidavit.

2020 1456 134 30 BROOKE,
2171 1460 137 28 Messenger,
2327 1462 26 21 of
2362 1463 21 27 2,
2399 1463 85 23 Uhion-

1918 1488 13 17 f
1940 1484 14 21 T
1997 1486 73 24 street,
2079 1485 136 27 Sbuthwark,
2223 1487 101 26 London,
2334 1490 91 21 maketh
2431 1491 53 21 oath

1902 1509 44 21 and
1957 1509 64 27 saith,
2038 1510 48 22 that
2100 1512 29 21 he
2140 1512 52 27 (this
2202 1514 120 28 deponent)
2334 1523 45 14 was
2388 1517 97 23 afflicted

1903 1536 50 21 with
1958 1537 77 26 fifteen
2044 1540 90 24 running
2143 1540 67 21 ulcers
2224 1548 29 15 on
2269 1541 35 22 his
2319 1541 40 22 left
2373 1550 54 21 arm,
2439 1545 45 21 and

1902 1563 112 22 ulcerated
2029 1571 59 16 sores
2102 1566 46 22 and
2165 1568 89 21 wounds
2272 1575 31 14 on
2318 1568 53 22 both
2384 1570 54 27 legs-,
2449 1571 35 22 for

1902 1589 73 22 which
1996 1590 116 28 deponent'
2127 1600 45 15 was
2195 1594 108 22 admitted
2326 1602 29 15 an
2379 1598 105 22 out-door

1902 1618 85 24 patient
1997 1621 23 18 at
2028 1618 37 21 the
2080 1619 160 28 Metropolitan
2255 1621 110 28 Hospital,
2375 1623 24 21 in
2409 1624 73 28 April,

1903 1644 59 25 1841,
1974 1644 71 21 which
2055 1644 28 23 he
2093 1646 118 23 continued
2217 1648 34 21 for
2259 1648 77 27 nearly
2345 1649 49 22 four
2402 1651 80 23 weeks.

1902 1669 88 22 Unable
2006 1674 22 18 to
2042 1672 88 22 receive
2145 1680 15 15 a
2174 1681 50 14 cu*e
2241 1674 67 28 there,
2321 1675 36 22 the
2372 1676 112 27 deponent

1901 1697 80 26 sought
1990 1697 66 22 relief
2061 1702 25 18 at
2094 1698 39 23 the
2142 1700 62 21 three
2214 1700 113 28 following
2336 1702 105 28 hospitals
2449 1713 35 13 :—

1903 1724 80 24 King's
1992 1724 88 27 College
2091 1725 104 27 Hospital
2205 1727 23 22 in
2236 1728 62 27 May,
2308 1729 35 21 for
2343 1731 45 25 five
2395 1731 73 23 weeks
2475 1740 6 14 :

1904 1750 51 27 Cruy
1965 1757 10 14 s
1985 1750 103 28 Hospital
2103 1753 23 21 in
2138 1752 61 28 July,
2209 1754 35 21 for
2257 1756 35 19 aim
2307 1756 83 28 weeks;
2406 1759 45 21 and
2461 1763 23 17 at

1903 1776 97 28 Charing
2010 1778 63 21 Cross
2089 1778 101 28 Hospital
2206 1784 22 19 at
2242 1781 37 22 the
2290 1782 44 22 end
2348 1784 27 20 of
2387 1784 94 29 August,

1901 1804 35 20 lor
1952 1810 61 15 some
2028 1804 73 23 weeks
2116 1813 74 21 more;
2213 1808 72 22 which
2304 1808 111 29 deponent
2433 1812 48 27 left,

1902 1829 67 28 being
1978 1830 23 21 in
2010 1837 14 15 a
2032 1831 35 22 far
2073 1839 70 15 worse
2150 1834 110 22 condition
2267 1835 54 22 than
2328 1837 64 21 when
2401 1837 27 22 he
2438 1838 46 24 had

1902 1857 86 26 quitted
1999 1857 76 28 Guy's,
2087 1859 73 23 where
2176 1861 35 21 Sir
2225 1861 101 28 Bransby
2336 1863 90 28 Cooper,
2437 1866 46 22 and

1902 1884 63 20 other
1974 1884 100 30 medical,
2082 1886 123 23 officers'of
2214 1888 37 22 the
2261 1888 167 24 establishment
2437 1891 46 23 had

1901 1911 47 19 told
1958 1911 110 26 deponent
2078 1912 48 22 that
2136 1913 36 22 the
2182 1914 54 27 only
2245 1915 84 22 chance
2341 1917 25 21 of
2371 1919 71 24 saving
2451 1920 33 20 his

1901 1937 39 23 life
1953 1944 42 13 was
2009 1940 21 17 to
2039 1940 41 19 lose
2093 1940 34 20 his
2136 1947 45 14 arm
2187 1944 10 17 I
2223 1942 49 21 The
2289 1943 112 27 deponent
2409 1945 74 23 there-

1901 1970 59 19 upon
1970 1964 70 22 called
2049 1972 60 20 upon
2119 1966 41 23 Dr.
2171 1968 84 26 Bright,
2267 1968 61 23 chief
2334 1970 115 28 physician
2460 1973 25 22 of

1903 1991 52 25 Guy
1964 1998 17 19 s,
1998 1991 55 26 who,
2065 1999 29 14 on
2109 1993 97 28 viewing
2221 1994 127 27 deponent's
2361 1998 120 28 condition,

1901 2017 79 26 kindly
1989 2018 154 28 and-hberally
2153 2021 54 26 said,
2301 2024 79 26 utterly
2390 2027 23 18 at
2422 2032 12 14 a
2441 2029 41 19 loss

1901 2043 56 20 what
1967 2045 21 18 to
1998 2044 25 20 do
2029 2044 41 25 for
2078 2051 41 19 you
2125 2048 11 19 t
2148 2047 37 20 but
2194 2049 48 20 here
2253 2050 19 19 is
2282 2050 183 29 half-a-sovereign
2473 2063 7 11 :

1899 2076 27 19 go
1936 2072 21 18 to
1966 2072 43 19 Mr.
2020 2072 115 28 Holloway,
2147 2075 42 20 and
2195 2077 35 24 try
2239 2077 56 20 what
2310 2078 60 24 effect
2384 2080 32 20 his
2425 2081 56 21 Pills

1900 2098 43 19 and
1953 2098 103 21 Ointment
2071 2101 44 19 will
2124 2102 56 26 have,
2192 2109 24 14 as
2223 2104 17 19 I
2244 2104 51 21 have
2297 2105 124 28 frequently
2432 2110 49 19 wit-

1900 2126 71 19 nessed
1980 2126 33 20 the
2021 2127 115 26 wonderful
2144 2130 70 24 effects
2226 2131 48 26 they
2282 2133 52 19 have
2342 2135 22 18 in
2374 2134 106 27 desperate

1900 2158 61 15 cases.
1992 2154 43 20 You
2045 2161 38 14 can
2093 2156 29 20 let
2130 2163 33 14 me
2171 2163 33 14 see
2209 2164 43 19 you
2260 2160 69 24 again.
2333 2160 4 9 '
2341 2160 5 8 '
2374 2161 53 22 This
2437 2170 43 15 un-

1899 2179 129 27 prejudiced
2034 2181 77 23 advice
2120 2190 44 15 was
2171 2184 103 23 followed
2281 2186 29 27 by
2318 2187 37 21 the
2361 2187 118 28 deponent,

1899 2208 46 19 and
1954 2214 13 13 a
1976 2207 84 27 perfect
2075 2216 52 15 cure
2138 2210 91 22 effected
2244 2212 24 21 in
2282 2213 63 22 three
2354 2215 79 26 weeks,
2450 2217 31 25 by

1900 2234 37 20 the
1946 2240 39 15 use
1992 2234 63 21 alone
2066 2236 25 20 of
2098 2236 137 29 Holloway's
2242 2239 52 22 Pills
2305 2239 45 23 and
2355 2241 124 28 Ointment,

1900 2260 55 21 after
1965 2260 49 23 four
2030 2261 112 28 Hospitals
2157 2264 45 22 had
2216 2265 68 22 failed
2294 2267 6 21 !
2308 2267 6 21 !
2322 2267 6 21 !
2357 2268 73 22 When
2439 2270 41 22 Dr.

1899 2286 79 27 Bright
1989 2295 43 14 was
2046 2288 74 23 shown
2136 2290 30 28 by
2176 2291 38 21 the
2230 2292 118 28 deponent,
2359 2294 38 22 the
2411 2297 70 21 result

1900 2314 26 20 of
1932 2314 33 21 his
1976 2314 78 23 advice
2067 2316 45 21 and
2122 2317 92 28 charity,
2225 2318 28 23 he
2267 2320 55 27 said,
2430 2325 50 19 both

1898 2342 113 20 astounded
2025 2343 42 20 and
2080 2344 104 26 delighted
2190 2347 10 19 /
2207 2346 42 25 for
2256 2347 17 19 I
2283 2348 88 26 thought
2381 2351 46 19 that
2436 2352 24 25 if
2465 2352 17 20 I

1898 2374 46 14 ever
1952 2375 43 14 saw
2002 2375 41 20 you
2052 2372 67 26 again,
2127 2373 59 25 alive,
2195 2374 19 19 it
2222 2375 69 20 would
2300 2375 23 21 be
2330 2377 88 21 without
2425 2385 55 19 your

1898 2402 53 14 arm.
1970 2398 59 19 lean
2039 2399 47 25 only
2093 2405 94 21 compare
2194 2401 42 20 this
2242 2408 49 15 cure
2300 2405 21 18 to
2329 2410 13 14 a
2352 2405 71 20 charm
2433 2406 46 22 "/.'/

1926 2431 75 21 Sworn
2011 2435 22 18 at
2039 2432 36 21 the
2085 2433 101 22 Mansion

1952 2458 30 21 of
1985 2458 38 21 the
2030 2459 43 27 city
2082 2460 26 21 of
2114 2460 102 28 London,
2223 2462 43 23 this
2274 2454 9 31 L
2290 2464 52 22 Wm.
2352 2466 120 22 BROOKE

1952 2485 39 21 Bth
2001 2485 42 27 day
2053 2486 26 21 of
2085 2487 87 28 March,
2183 2490 59 22 1842.
2267 2482 12 38 J

1953 2522 120 28 Beforeme,
2131 2524 85 23 JOHN
2230 2527 94 29 PIRIE,
2340 2530 93 24 Mayor.

1899 2555 35 22 IN
1949 2556 61 22 ALL
2025 2556 102 24 Diseases
2137 2559 26 21 of
2175 2559 36 22 the
2227 2561 60 28 Skin,
2300 2563 48 22 Bad
2359 2565 64 26 Legs,
2435 2566 49 22 Old'

1898 2582 108 28 Wounds,
2014 2583 44 22 and
2067 2584 85 28 Ulcers^
2160 2586 48 22 Bad
2214 2587 96 29 Breasts,
2319 2590 53 22 Sore
2380 2592 98 26 Nipples,

1898 2609 83 27 Stoney
1988 2610 44 22 and
2041 2610 121 24 Ulcerated
2169 2613 101 29 Cancers,
2279 2616 115 29 Tumours,
2402 2620 77 21 Swell-

1896 2642 57 21 ings,
1973 2636 65 28 Gout,
2053 2638 161 28 Rheumatism,
2230 2642 44 21 and
2288 2643 121 27 Lumbago,
2422 2646 57 22 like-

1897 2663 51 21 wise
1957 2670 24 14 in
1992 2671 60 15 cases
2062 2665 25 21 of
2094 2665 59 22 Piles
2159 2674 6 19 ;
2176 2666 38 22 the
2224 2667 60 28 Pills,
2291 2669 25 22 in
2326 2670 30 22 all
2363 2671 38 22 the
2406 2673 72 22 above

1898 2696 66 20 cases,
1976 2690 68 28 ought
2059 2695 21 18 to
2096 2692 28 22 be
2134 2693 54 21 used
2203 2694 52 22 with
2270 2695 38 23 the
2321 2697 121 29 Ointment,
2454 2707 25 15 as

1897 2717 28 25 by
1945 2717 43 21 this
2007 2725 78 15 means
2103 2726 64 16 cures
2184 2720 45 22 will
2247 2722 28 21 be
2290 2723 93 23 effected
2397 2726 54 22 with
2465 2735 14 14 a

1898 2744 66 21 much
1980 2747 85 23 greater
2080 2746 116 28 certainty,
2213 2748 44 22 and
2270 2749 26 22 in
2310 2749 50 23 half
2372 2751 37 22 the
2424 2753 54 22 time

1897 2770 48 21 that
1960 2774 20 18 it
1995 2772 72 21 would
2084 2773 87 27 require
2185 2774 30 27 by
2227 2775 66 28 using
2307 2777 37 22 the
2361 2778 117 24 Ointment

1898 2798 70 20 alone.
2000 2798 44 21 Ihe
2054 2798 117 24 Ointment
2179 2801 19 21 is
2207 2803 82 25 proved
2300 2806 22 18 to
2332 2804 27 22 be
2369 2812 14 14 a
2393 2806 84 23 certain

1896 2824 92 27 remedy
1997 2824 35 22 for
2040 2825 37 22 the
2088 2826 45 22 bite
2143 2827 27 21 of
2176 2828 152 24 moschettoes.

1924 2857 78 28 Burns,
2023 2859 83 28 Scalds,
2124 2860 129 29 Chilblains,
2273 2862 105 30 Chapped
2397 2866 80 23 Hands

1896 2885 46 19 and
1952 2885 59 30 Lips,
2023 2885 45 22 also
2079 2887 99 22 Bunions
2193 2888 46 22 and
2253 2890 47 21 Soft
2310 2891 74 27 Corns,
2396 2893 44 21 will
2449 2894 28 22 be

1895 2911 152 28 immediately
2056 2913 68 22 cured
2135 2914 29 27 by
2173 2914 38 22 the
2220 2923 39 14 use
2269 2917 26 20 of
2305 2917 36 22 the
2353 2918 123 24 Ointment.

1923 2946 70 20 THE
2007 2946 98 22 PILLS
2115 2954 37 15 are
2162 2951 39 19 not
2211 2949 52 28 only
2270 2950 37 22 the
2313 2951 65 23 finest
2384 2954 93 26 remedy

1895 2972 82 21 known
1986 2972 63 22 when
2058 2974 56 22 used
2124 2975 53 21 with
2190 2975 37 22 the
2243 2977 122 28 Ointment,
2376 2979 39 22 but
2424 2987 24 14 as
2463 2989 14 14 a

1896 2998 98 22 General
2013 3000 113 22 Medicine
2145 3001 62 23 there
2221 3003 20 21 is
2258 3003 94 28 nothing
2369 3007 66 26 equal
2451 3011 22 18 to

1895 3025 67 22 them.
1992 3026 28 22 In
2030 3033 94 16 nervous
2131 3028 114 23 affections
2255 3029 53 29 they
2316 3031 42 22 will
2368 3032 28 22 be
2405 3033 71 24 found

1894 3051 70 23 ofthe
1973 3055 95 24 greatest
2077 3054 91 26 service.
2196 3055 72 23 These
2284 3057 54 23 Pills
2350 3066 45 20 are,
2411 3060 65 22 with-

1894 3082 39 18 out
1942 3079 124 28 exception,
2076 3080 38 22 the
2131 3081 66 23 finest
2207 3083 93 22 Purifier
2314 3085 24 21 of
2349 3085 38 22 the
2402 3087 73 23 Blood

1894 3112 52 15 ever
1955 3106 135 27 discovered,
2101 3108 45 22 and
2164 3109 110 23 OUGHT
2286 3111 40 22 TO
2341 3111 39 23 BE
2394 3113 80 22 USED

1893 3132 42 22 BY
1948 3133 62 22 ALL
2025 3134 153 23 FEMALES.

1912 3166 81 22 Orders
2001 3168 102 22 received
2112 3172 24 18 at
2145 3169 39 22 the
2362 3174 94 23 Office.

1891 3224 88 21 Town
2002 3226 54 21 and
2079 3226 123 27 Country
2220 3229 78 21 Land
2319 3231 29 20 to
2369 3231 49 21 Let
2438 3238 36 16 on

2079 3254 80 27 Long
2178 3255 108 22 Leases.
2308 3257 2 6 '

1890 3286 100 48 NOS.
2007 3286 25 22 of
2047 3286 38 22 the
2103 3290 61 20 town
2182 3295 62 16 acres
2263 3297 29 15 on
2308 3290 38 23 the
2365 3292 110 27 Surveyor

2089 3314 117 23 General's
2216 3316 63 28 Plan,

1999 3348 40 21 224
2164 3349 42 23 510
2326 3353 40 21 263

1891 3372 45 22 For
1944 3373 138 28 particulars,
2093 3375 68 28 apply
2170 3379 23 19 to

2054 3408 123 30 Wallace,
2188 3410 93 29 White,
2293 3410 45 25 and
2351 3413 123 23 Wallace.

1919 3440 55 28 May
1983 3442 34 26 31,
2029 3443 61 21 1842.
2440 3440 3 3 '

2094 3488 40 22 To
2141 3490 41 21 Tie
2198 3491 74 24 Sold,

1891 3520 106 36 rpWO,
2009 3521 153 35 substantially
2176 3523 57 23 built
2249 3523 103 23 Wooden
2371 3524 99 22 Houses.

1898 3546 30 23 JL
1966 3547 78 23 situate
2062 3549 25 22 in
2106 3549 204 28 Mulgrave-street.
2344 3551 43 21 For
2404 3552 68 26 parti-

1891 3574 78 28 culars,
1981 3574 65 29 apply
2054 3578 23 19 to

2034 3606 91 23 Messrs.
2141 3608 101 23 Brewer
2254 3609 21 22 &
2289 3609 158 27 Blathwayt,.

2134 3635 109 22 Manners
2258 3635 78 22 Street.

1918 3657 81 25 March
2009 3660 33 27 17,
2054 3662 60 21 1843.
2237 3658 21 31 ■'.

1917 3704 43 21 Ex
2187 3705 55 20 and
2353 3705 93 23 York

1893 3760 103 26 OAA
2010 3762 101 25 BOXES
2126 3763 40 23 OF
2180 3762 148 29 CANDLES,

1888 3786 108 24 vW
2025 3790 102 27 Superior
2136 3788 96 24 Manilla
2242 3789 79 29 cigars,

2024 3816 102 29 Superior
2138 3816 93 22 London
2245 3817 66 23 made
2325 3819 146 27 gentlemen's

1889 3841 108 28 clothing.

1917 3869 32 21 At
1955 3869 40 22 the
2004 3870 72 22 Stores
2086 3869 26 21 of

2168 3918 5 5 .
2211 3896 23 23 J.
2249 3897 35 24 M.
2300 3899 112 25 Tatxor,'

1916 3948 80 22 March
2005 3949 32 25 21,
2050 3949 60 24 1845,
2363 3931 13 17 *
2411 3931 34 18 *°*
