2540 4039
124 1359 170 25 SHIPPING
313 1359 273 25 INTELLIGENCE.

286 1416 141 20 ARRIVED.

91 1448 62 26 April
163 1449 20 24 6,
194 1449 103 21 schooner
309 1449 86 26 Gannet,
405 1449 28 20 40
449 1451 54 24 tons,
516 1448 131 27 Popplewell,

65 1476 54 20 from
131 1475 91 27 Poverty
230 1477 52 25 Bay-

93 1502 61 21 Same
164 1503 48 26 day,
221 1503 118 26 brigantine
350 1504 83 27 Sisters,
449 1504 38 21 130
497 1506 56 23 tons,
562 1504 86 24 Clarke,

62 1531 56 20 from
132 1530 84 27 Sydney
224 1531 34 20 via
264 1530 91 22 Nelson.

93 1559 61 19 Same
163 1559 49 25 day,
228 1561 68 17 cutter
313 1559 116 26 Elizabeth,
449 1559 26 20 20
486 1560 59 25 tons,-
552 1559 95 26 Morton,

62 1586 56 20 from
127 1585 91 22 Akaroa.

91 1613 62 26 April
162 1614 21 24 7,
193 1613 104 21 schooner
311 1613 72 27 Mana,
396 1613 26 21 27
433 1616 56 22 tons,
500 1613 82 27 Swany,
593 1614 56 20 from

62 1640 75 21 Mana.

92 1668 61 20 Same
161 1668 49 27 day,
221 1668 101 21 schooner
331 1668 52 26 Imp,
395 1668 26 20 20
438 1670 56 23 tons,
504 1668 79 25 Tulett,
593 1669 57 20 from

64 1694 89 22 Nelson.

91 1722 61 22 Same
161 1723 49 27 day,
217 1722 101 21 schooner
326 1724 65 21 Three
395 1724 106 24 Brothers,
511 1723 55 21 from
574 1723 75 23 Queen

60 1749 113 22 •Charlotte
183 1750 80 21 Sound.

85 1778 67 21 .Same
160 1778 49 26 day,
219 1778 119 26 brigantine
349 1779 77 25 Scotia,
437 1779 54 20 from
503 1779 90 25 Sydney.

304 1828 117 21 SAILED.
467 1832 5 6 '

90 1860 62 26 April
160 1860 21 25 6,
192 1860 104 21 schooner
306 1861 39 20 Sir
358 1861 57 21 John
429 1861 109 27 Franklin,
552 1864 26 20 52
592 1866 57 23 tons,

64 1887 117 26 Campbell,
191 1888 34 20 for
234 1887 89 21 Nelson.

91 1915 63 26 April
171 1916 19 24 7,
209 1917 68 19 cutter
292 1915 98 27 Nimrod,
402 1917 40 22 20,
446 1918 55 25 tons,
512 1917 90 28 Waddy,
616 1919 35 20 for

63 1942 81 26 Tologa
153 1943 53 26 Bay.

91 1970 61 20 Same
162 1970 49 27 day,
220 1971 104 21 schooner
333 1972 62 24 Kate,
407 1971 27 21 62
445 1973 56 24 tons,
511 1973 138 26 Macfarlane,

42 2013 2 3 .
62 1997 34 19 for
105 1998 38 18 the
151 2000 66 16 coast.

289 2044 35 20 IN
337 2044 86 21 PORT.

87 2077 87 26 Barque
181 2076 130 26 Indemnity,
319 2077 43 19 450
379 2079 62 23 tons,
446 2077 87 26 Adams,
547 2078 102 27 refitting.

62 2105 91 26 Agents,
163 2104 70 20 Waitt
242 2104 45 20 and
297 2104 77 27 Tyser.

88 2133 112 20 Schooner
221 2133 57 24 Ann,
302 2133 28 19 22
350 2135 57 23 tons,
433 2133 88 27 Brown,
544 2135 45 21 laid
611 2142 38 20 up.

62 2161 79 26 Agent,
150 2160 71 20 Waitt
229 2161 43 19 and
282 2160 78 27 Tyser.

90 2188 76 21 Cutter
188 2188 115 26 Pickwick,
324 2189 27 20 38
376 2191 58 24 tons,
452 2190 63 27 Jury.
550 2191 99 27 Captain,

63 2216 78 26 Agent.

91 2244 109 20 Schooner
207 2244 124 26 Richmond,
342 2245 27 20 30
378 2246 58 24 tons,
447 2246 97 21 Sinclair.
572 2246 77 27 Agent,

62 2272 37 20 W.
110 2271 139 21 Fitzherbert.

91 2298 110 22 Schooner
218 2299 71 20 Maori
303 2300 72 24 Davis,
397 2301 26 20 15
439 2302 56 24 tons,
515 2301 83 27 Wylde.
626 2302 23 20 J.

62 2326 74 24 Wade,
146 2326 77 26 Agent.

91 2354 109 20 Schooner
214 2354 68 21 Black
300 2355 100 25 warrior,
420 2356 25 20 15
456 2359 56 21 tons,
529 2357 120 21 Anderson.

92 2381 110 21 Schooner
216 2381 110 21 Susannah
334 2383 56 26 Ann,
407 2383 27 21 79
447 2386 56 22 tons,
518 2384 131 27 Dougherty.

63 2409 23 21 J.
96 2409 76 25 Wade,
186 2409 77 25 Agent.

91 2437 86 25 Barque
188 2437 114 24 Navarino,
313 2437 42 21 463
365 2439 56 24 tons,
438 2438 116 27 Warming.
582 2439 69 21 Waitt

64 2464 44 21 and
116 2464 73 26 Tyser,
201 2466 88 23 Agents.

94 2491 108 21 Schooner
223 2491 52 21 New
297 2492 121 27 Zealander,
442 2493 28 21 27
492 2496 58 23 tons,
571 2494 78 21 Guard.

141 2519 42 20 and
193 2519 71 26 Tyser,
274 2519 89 26 Agents.

94 2546 109 20 Schooner
215 2546 86 27 Gannet,
310 2547 27 20 40
347 2550 55 23 tons,
413 2547 132 28 Popplewell.
572 2548 77 27 Agent,

63 2575 28 20 A.
102 2573 136 22 Hornbrook.
275 2591 3 11 ,

93 2601 123 26 Brigantine
225 2601 84 26 Sisters,
321 2602 39 21 130
370 2604 57 23 tons,
438 2602 82 22 Clarke.

93 2629 78 20 Cutter
177 2629 117 25 Elizabeth,
305 2630 27 19 20
343 2632 55 23 tons;
410 2630 95 21 Morton.

93 2656 108 21 Schooner
209 2657 73 25 Mana,
292 2658 28 19 27
330 2659 56 23 tons,
397 2658 83 27 Swany.

92 2684 108 20 Schooner
214 2684 55 27 Imp,
280 2684 27 20 20
324 2686 56 24 tons,
390 2685 78 23 Tulett.
497 2686 97 21 Johnson
609 2687 42 20 and

62 2712 85 24 Moore,
158 2712 86 25 Agents.

91 2740 109 20 Schooner
211 2740 67 20 Three
286 2740 109 21 Brothers.

90 2767 124 26 Brigantine
225 2768 80 21 Scotia.

91 2831 52 21 The
395 2843 28 4 —
423 2832 51 21 This
491 2834 74 24 vessel,
582 2834 70 20 which

63 2858 40 21 left
113 2859 85 26 Sydney
207 2865 28 14 on
243 2860 37 19 the
289 2860 40 19 3rd
338 2860 24 20 of
374 2859 83 25 March,
466 2860 61 25 1842,
538 2861 82 21 arrived
628 2862 23 20 in

64 2888 51 24 port
125 2886 115 26 yesterday,
251 2886 55 21 after
315 2893 28 14 an
353 2888 145 20 unsuccessful
510 2889 67 20 cruise
586 2889 24 20 in
616 2889 36 20 the

64 2914 69 21 South
143 2914 50 20 Seas
204 2915 25 20 of
239 2914 73 26 nearly
321 2915 72 20 twelve
403 2915 92 25 months,
512 2916 78 26 having
598 2916 54 20 been

64 2942 118 26 compelled
197 2943 21 19 to
233 2944 40 24 put
287 2942 24 20 in
325 2943 49 20 here
388 2943 23 20 in
428 2949 142 21 consequence
580 2943 25 21 of
616 2944 37 20 the

65 2969 78 20 refusal
153 2969 24 21 of
190 2976 12 13 a
216 2973 60 22 great
284 2972 49 24 part
348 2970 24 20 of
384 2970 37 20 the
437 2976 54 15 crew
503 2973 24 18 to
541 2973 112 24 prosecute

64 2996 37 20 the
110 3003 80 20 voyage
199 3003 41 20 any
248 2997 90 21 further.
367 2997 21 21 It
397 2997 45 21 will
450 2998 25 20 be
485 2998 23 20 in
517 2999 36 20 the
563 3005 89 14 remem-

64 3024 77 20 brance
157 3025 25 19 of
194 3030 38 14 our
245 3025 84 20 readers
338 3025 45 21 that
392 3032 13 13 a
419 3027 58 24 great
487 3026 106 20 sensation
608 3032 41 15 was

64 3051 85 21 created
165 3052 24 20 in
198 3051 84 27 Sydney
297 3053 82 25 shortly
388 3052 55 21 after
458 3053 36 21 the
503 3053 111 26 departure
630 3054 26 20 of

63 3079 45 20 this
117 3080 69 20 vessel
195 3085 27 15 on
231 3083 91 17 account
331 3080 23 20 of
365 3081 39 19 her
414 3081 138 26 commander,
562 3081 91 26 Captain

66 3106 101 25 Christal,
177 3107 77 26 having
263 3107 54 21 been
332 3107 40 21 left
380 3108 28 25 by
425 3108 32 20 his
466 3114 54 14 crew
529 3111 23 18 at
567 3108 85 21 Howe's

64 3133 82 25 Island,
156 3140 57 20 upon
223 3134 69 24 which,
301 3140 23 16 co
334 3136 64 20 much
405 3135 39 20 has
453 3135 84 28 already
546 3137 54 19 been
607 3136 46 21 said

64 3162 48 19 that
125 3161 20 20 it
154 3161 69 21 would
238 3161 27 21 be
274 3162 79 20 useless
370 3165 21 17 to
401 3163 136 26 recapitulate
552 3164 36 19 the
604 3170 48 19 par-

55 3204 4 7 ,
64 3189 95 21 ticulars.
188 3189 44 19 The
241 3194 61 19 crew,
313 3189 102 24 however,
425 3189 46 27 give
487 3196 26 14 an
524 3193 90 18 account
631 3191 24 20 of

65 3216 38 20 the
120 3215 129 21 transaction
264 3216 68 20 which
341 3219 118 24 represents
474 3218 18 19 it
501 3217 23 20 in
540 3218 114 21 somewhat

66 3243 98 21 different
174 3243 90 20 colours.
291 3243 64 22 Their
364 3246 113 19 statement
484 3245 19 20 is
512 3247 23 18 to
545 3245 36 20 the
592 3246 62 20 effect

66 3271 47 20 that
131 3269 89 28 Captain
236 3270 93 21 Christal
343 3274 56 17 went
416 3278 27 14 on
458 3272 62 21 shore
529 3275 22 18 at
567 3272 87 22 Howe's

66 3298 73 20 Island
158 3298 49 20 with
223 3297 35 21 his
272 3297 69 22 boat's
356 3305 54 14 crew
425 3299 34 20 for
473 3300 35 20 the
523 3306 91 20 purpose
631 3301 24 20 of

64 3326 117 26 procuring
193 3331 12 14 a
221 3326 77 26 supply
312 3326 26 20 of
341 3326 124 26 -provisions
481 3327 41 20 and
539 3330 63 18 water
618 3328 35 20 for

64 3354 39 19 the
120 3359 39 14 use
174 3352 25 21 of
216 3352 37 21 the
269 3353 73 24 vessel,
359 3354 78 26 having
454 3354 120 28 previously
591 3356 61 25 given

66 3380 78 21 orders,
149 3383 24 17 to
183 3379 42 21 Mr.
237 3379 64 27 King,
312 3380 36 21 the
360 3382 58 19 chief
429 3382 76 25 officer,
516 3385 23 18 to
553 3383 54 26 keep
618 3383 35 20 the

65 3408 69 20 vessel
148 3407 85 25 beating
242 3407 64 20 about
320 3414 50 15 near
379 3409 36 22 the
430 3409 57 25 land,
498 3410 116 26 promising
628 3412 24 19 to

65 3435 29 20 be
103 3441 28 14 on
141 3434 65 21 board
215 3434 67 21 either
292 3434 75 27 during
376 3436 37 21 the
428 3443 56 14 same
494 3437 88 27 evening
592 3443 25 15 or
631 3439 22 19 at

66 3469 29 14 an
114 3462 57 26 early
189 3462 55 20 hour
263 3462 36 20 the
317 3462 107 27 following
442 3464 110 26 morning.,
583 3465 69 20 These

66 3490 73 21 orders
155 3495 54 15 were
224 3489 80 26 obeyed
313 3492 23 20 to
351 3490 37 21 the
397 3490 68 27 letter,
483 3492 42 20 and
534 3492 36 20 the
585 3493 67 21 vessel

65 3524 43 14 was
127 3517 98 21 detained
247 3517 87 26 tacking
351 3518 65 20 about
439 3519 34 19 for
491 3519 79 21 several
580 3526 4 2 •
593 3519 58 28 days,

64 3545 106 26 awaiting-
174 3545 35 20 the
219 3543 109 27 Captain's
337 3545 82 25 arrival,
430 3545 75 27 during
514 3547 71 20 which
601 3547 59 25 time.

41 3578 11 8 ■■
65 3573 80 26 signals
155 3577 52 15 were
212 3574 61 18 made
278 3574 23 18 to
307 3572 36 22 the
353 3572 62 20 shore
419 3572 39 21 but
466 3573 89 21 without
560 3580 91 19 success,

64 3601 37 19 for
156 3596 90 30 Captain
255 3599 36 20 did
300 3601 38 19 not
346 3599 62 21 make
414 3600 33 21 his
456 3606 136 21 appearance.
620 3602 32 26 By

64 3627 46 21 this
118 3628 53 20 time
181 3628 34 20 the
225 3633 53 15 crew
285 3627 67 26 began
361 3629 23 18 to
391 3627 85 21 become
481 3628 119 27 impatient,
611 3629 41 20 and

65 3657 66 19 wrote
163 3655 62 21 letter
273 3654 35 20 the
327 3654 61 20 chief-
397 3655 76 24 officer,
489 3655 23 20 in
522 3656 68 20 which
602 3657 51 26 they

64 3683 110 26 protested
190 3681 96 27 strongly
294 3681 82 27 against
390 3682 37 21 the
438 3688 138 21 unnecessary
594 3683 59 27 delay

66 3713 23 17 to
99 3710 70 21 which
182 3710 36 20 the
226 3709 68 21 vessel
306 3715 42 15 was
358 3708 66 28 being'
435 3709 117 26 subjected,'
561 3710 43 20 and
619 3716 33 15 re-
658 3729 3 5 .

66 3738 89 27 quested
168 3738 46 21 that
228 3737 72 21 officer
312 3740 24 18 to
351 3737 48 20 take
411 3738 111 20 command
532 3738 30 20 of.
567 3738 40 20 her
619 3738 33 20 for

65 3766 38 19 the
115 3771 91 21 purpose
216 3765 24 20 of
252 3765 68 20 either
334 3764 136 27 prosecuting
483 3765 36 20 the
527 3770 87 21 voyage,
628 3771 24 14 or

64 3793 112 25 returning
184 3795 23 18 to
216 3793 38 20 the
263 3795 49 24 port
317 3792 55 20 from
381 3792 85 20 whence
473 3792 49 26 they
531 3792 41 20 had
578 3792 72 21 sailed.

65 3820 32 19 To
108 3820 42 20 this
157 3822 83 24 request
249 3820 27 21 he
282 3819 108 27 acceeded,
400 3819 41 20 and
448 3819 36 21 the
494 3819 66 23 vessel
565 3820 86 21 accord-
657 3835 4 4 .

64 3846 60 26 ingly
140 3847 60 20 stood
214 3850 39 18 out
270 3850 23 18 to
306 3853 35 15 sea
357 3849 23 18 to
398 3846 98 21 continue
512 3847 38 20 her
565 3853 96 21 voyage,,

66 3874 84 26 leaving
158 3875 36 20 the
204 3875 90 26 Captain
303 3874 42 22 and
351 3874 47 21 his*
404 3874 68 21 boat's
482 3880 54 15 crew
544 3880 59 20 upon
616 3875 36 20 the

67 3900 80 28 Island,
162 3907 23 15 as
193 3902 18 21 is
224 3902 85 26 already
322 3903 77 20 known
412 3904 24 19 to
449 3902 36 20 the
500 3901 78 27 public.
607 3902 44 21 Mr.

67 3928 59 27 King
141 3929 40 21 left
198 3930 36 19 the
250 3930 68 21 vessel
333 3930 65 20 about
413 3930 14 20 4
443 3929 83 21 o'clock
543 3930 109 27 yesterday

66 3956 105 27 morning,
191 3957 47 22 and,
256 3963 31 16 we
304 3957 136 26 understand,
460 3957 37 20 has
515 3956 135 23 surrendered

685 134 87 21 himself
783 137 23 18 to
819 135 44 20 the-
870 135 143 25 water-police
1027 135 133 26 authorities,
1169 137 23 19 in
1207 137 50 21 6rde
1258 138 11 13 r

660 179 2 4 .
685 156 46 27 tfc&t.
747 162 37 19 the
792 155 92 26 'matter'
891 162 67 25 might
976 162 27 20 be
1249 163 22 21 if

660 203 2 9 ,
685 194 122 20 jiecessary;
831 188 22 21 in
868 188 40 21 the
927 189 112 23 meantime
1057 189 44 21 Mr.
1120 190 92 26 Walker,
1231 191 41 21 the'

676 209 78 38 cogent
766 215 38 20 for
809 215 38 20 the
862 216 74 23 vessel,
946 216 39 19 has
999 216 73 26 placed
1083 216 90 27 Captain
1187 217 81 21 Grimes

676 240 32 24 iin
723 241 109 27 charge-ef
843 243 46 19 her.
889 252 28 5 —
917 242 148 22 Australasian
1082 243 113 26 Chronicle,
1214 245 59 20 23rd-

684 269 113 26 February.
1272 276 1 11 i

711 296 45 20 The
775 297 74 19 Water
866 296 70 20 Witch
951 296 77 26 picked
1043 303 29 20 up
1088 304 13 14 a
1109 305 53 20 proa
1175 299 93 21 between

684 322 71 21 Ocean
765 323 42 20 and
816 323 89 25 Byron's
916 323 81 21 Islands
1007 324 51 20 with
1066 325 136 26 twenty-four
1218 332 49 14 men

684 356 27 14 on
720 350 72 24 board,
804 350 47 20 who
856 356 52 14 were
917 351 23 19 in
950 357 13 13 a
971 353 53 18 state
1033 351 26 21 of
1070 352 35 20 the
1115 354 56 18 most
1177 355 90 19 extreme

684 377 122 25 starvation,
812 383 57 15 some
876 377 27 20 of
915 376 58 22 them
979 378 77 26 having
1061 379 92 26 actually
1159 379 47 21 died
1211 380 56 21 from

683 406 56 18 want
746 404 73 20 before
827 405 50 26 they
885 410 53 15 were
946 405 75 26 picked
1030 412 37 19 up.
1095 406 60 27 They
1164 407 40 21 had
1213 407 54 21 been

682 431 127 26 proceeding
823 431 55 21 from
884 432 45 20 -the'
936 433 79 19 former
1026 432 70 20 island
1111 435 23 19 to
1143 433 37 21 the
1195 434 70 26 latter,

682 459 38 19 but
729 459 78 25 having
814 459 66 19 beeen
889 459 68 20 blown
966 459 64 21 above
1045 460 41 20 five
1094 460 98 22 hundred
1206 461 60 21 miles

682 486 30 19 off
723 485 37 21 the
768 485 55 25 land,
832 486 51 26 they
891 486 41 20 had
937 487 54 19 been
1000 488 21 18 at
1029 492 36 15 sea
1073 488 95 25 upwards
1176 489 24 19 of
1206 489 60 20 three

682 513 92 25 months,
784 513 51 19 with
844 513 91 26 scarcely
950 520 42 19 any
1000 514 126 25 provisions.
1153 516 46 20 The
1213 522 53 14 crew

682 539 24 21 of
716 539 42 21 the'
766 539 73 21 Water
850 540 71 21 Witch
929 546 52 20 gave
989 541 37 20 the
1035 541 193 22 unfortunatesmen
1237 543 28 20 all

681 567 36 19 the
726 566 115 21 assistance
851 566 50 27 they
911 567 62 21 could
980 575 7 17 ;
1010 568 42 20 and
1061 569 101 26 although
1176 576 58 16 some
1242 569 25 21 of

661 605 4 4 -
681 593 57 21 them
747 593 50 21 died
801 594 38 20 the
844 595 67 25 major
917 597 48 24 part
974 595 25 20 of
1009 595 57 20 them
1073 596 72 27 finally
1154 597 112 21 recovered

681 620 55 21 their
743 621 87 26 healthy
839 623 60 22 state,
910 621 42 21 and
960 628 54 14 were
1022 622 122 21 afterwards
1157 624 75 21 landed
1239 626 24 19 at

680 654 26 13 an
715 647 70 21 island
793 648 92 21 situated
893 654 58 21 upon
960 649 37 20 the
1005 649 51 21 line.
1058 660 25 5 —
1083 648 57 23 Ibid.

708 675 146 21 Discovery.
855 686 27 5 —
882 675 45 21 The
940 676 73 21 Water
1020 677 78 24 Witch,
1107 683 68 21 sperm
1180 679 82 24 whaler,

679 702 69 21 which
757 708 40 16 our
806 703 82 21 readers
903 703 43 21 will
955 704 122 25 remember,
1086 711 43 13 was
1147 705 117 27 piratically

680 729 69 21 seized
764 729 28 28 by
807 730 37 21 the
859 736 61 19 crew,
935 730 59 26 eight
1009 737 25 14 or
1048 732 53 20 nine
1115 733 84 21 months
1215 740 47 20 ago,

679 757 100 20 returned
796 759 23 18 to
837 758 91 20 harbour
947 764 29 14 on
995 758 133 26 Wednesday
1145 759 47 22 last.
1221 761 41 20 She

679 786 82 24 reports
767 784 36 21 the
812 784 108 28 discoyery
926 784 24 21 of
957 787 42 18 two
1004 786 78 20 islands
1089 786 26 20 of
1122 787 140 22 considerable

661 815 2 5 '
680 813 79 23 extent,
768 812 43 19 and
819 812 79 21 several
906 812 54 21 reefs
969 813 24 20 in
1009 813 31 21 St.
1053 812 100 27 George's
1167 815 94 25 channel,

679 840 38 19 not
724 839 122 26 previously
853 839 41 20 laid
906 839 61 20 down
980 840 23 19 in
1012 846 42 20 any
1063 840 67 21 chart.
1158 841 44 22 The
1216 844 46 19 first

680 866 30 19 of-
725 866 37 19 the
770 870 2 5 '
779 866 79 21 islands
877 866 43 21 Mr.
939 866 60 26 King
1022 867 147 22 denominated
1188 869 73 27 Gipp's

677 892 75 21 Island
760 892 54 22 after
824 893 36 20 Sir'
865 893 90 25 George.
985 894 22 19 It
1014 894 19 21 is
1044 894 92 22 situated
1143 896 24 20 in
1174 896 87 22 latitude

677 920 26 20 4»
714 921 34 19 15'
757 920 29 23 S.,
798 921 43 20 and
851 920 110 26 longitude
972 921 53 21 149°
1035 922 34 20 16'
1076 923 37 20 30.
1142 923 22 20 It
1171 924 19 20 is
1199 924 63 21 about

678 947 59 20 three
759 948 60 19 miles
841 947 23 20 in
886 948 172 24 circumference,
1080 950 45 20 and
1147 950 113 22 inhabited.

677 974 68 21 There
759 974 19 21 is
786 980 13 15 a
807 971 80 30 boiling
893 976 73 26 spring
975 981 28 15 on
1013 976 36 21 the
1057 976 60 26 S.E.,
1127 978 42 20 and
1176 979 85 21 another

678 1007 28 15 on
714 1002 38 20 the
762 1002 57 21 S.W.
830 1002 52 24 side,
887 1003 70 20 which
965 1003 120 22 sometimes
1090 1005 67 20 threw
1164 1012 29 20 up
1199 1009 62 18 water

676 1031 23 18 to
709 1029 37 20 the
762 1029 74 26 height
844 1030 24 20 of
880 1030 27 20 20
924 1030 50 21 feet.
1002 1031 46 20 The
1063 1032 78 20 second
1155 1033 68 22 island
1237 1035 24 19 in

677 1056 137 26 importance,
826 1063 46 20 ;was
891 1057 75 20 named
982 1058 29 26 by
1026 1058 45 22 Mr.
1082 1059 65 26 King,
1164 1060 97 27 Friendly

678 1083 79 21 Island.
786 1084 23 20 It
818 1085 19 19 ts
846 1084 91 21 situated
945 1084 24 21 in
982 1085 90 22 latitude
1082 1087 39 20 14°
1131 1087 33 21 26'
1174 1087 30 26 S.,
1220 1089 41 20 and

677 1111 108 26 longitude
796 1111 51 21 167°
857 1112 35 20 59'
903 1111 26 21 E.
959 1111 33 21 Its
999 1113 74 26 length
1087 1114 57 20 from
1153 1115 70 21 North
1237 1119 24 18 to

678 1138 67 20 South
754 1138 19 21 is
790 1138 63 20 about
863 1141 36 18 ten
915 1139 68 25 miles,
993 1140 42 20 and
1051 1141 19 20 it
1077 1148 106 20 possesses
1200 1150 13 14 a
1221 1143 40 28 bay

677 1171 28 14 on
714 1165 38 21 the
760 1165 61 22 West
837 1166 51 25 side,
899 1167 51 20 with
964 1168 116 26 anchorage
1089 1169 36 20 for
1138 1171 76 20 vessels
1223 1174 38 19 not

677 1193 113 26 exceeding
799 1194 40 19 200
849 1196 49 18 tons
904 1193 90 21 burden.
1022 1195 46 21 The
1077 1197 105 27 principal
1190 1198 24 21 of
1226 1201 36 20 the

677 1226 112 14 numerous
799 1221 53 20 reefs
862 1221 122 21 discovered
989 1221 28 27 by
1026 1223 37 20 the
1073 1224 74 20 Water
1157 1226 71 22 Witch
1244 1228 19 20 is

676 1247 22 20 in
707 1248 89 20 latitude
806 1249 26 19 3°
841 1249 34 19 58'
887 1248 32 25 S.,
934 1249 110 26 longitude
1054 1251 58 20 151»-
1124 1252 35 21 24'
1171 1254 34 26 E.,
1221 1256 42 20 and

676 1275 37 19 has
722 1275 53 20 been
786 1275 75 20 named
870 1275 111 21 Elizabeth
990 1277 52 21 reef.
1070 1278 69 29 Being
1148 1281 39 27 dry
1195 1285 23 18 at
1223 1283 41 20 low

675 1304 64 18 water
749 1302 44 20 Mr.
804 1302 57 26 King
869 1303 76 20 landed
959 1310 29 14 on
997 1305 36 20 the
1044 1306 51 28 reef,
1113 1309 42 20 and
1164 1310 66 20 found
1246 1310 17 21 it

675 1331 23 18 to
714 1330 81 20 consist
804 1329 25 21 of
841 1331 93 20 volcanic
952 1334 83 26 matter,
1049 1335 42 20 and
1107 1338 22 17 to
1139 1338 74 19 extend
1229 1338 34 20 for

676 1357 64 20 about
760 1364 12 13 a
791 1357 49 21 mile
859 1358 42 20 and
916 1365 13 14 a
946 1359 49 22 half
1010 1361 56 22 from
1085 1362 53 21 East
1155 1365 23 19 to
1196 1364 66 22 West.

677 1383 83 22 Several
769 1385 54 20 reefs
842 1385 84 27 diverge
934 1386 25 22 in
974 1388 97 22 different
1080 1390 113 22 directions
1209 1392 54 20 from

676 1411 43 21 this
728 1412 107 27 principal
844 1412 52 23 line,
906 1414 29 21 all
945 1416 24 20 of
981 1417 68 20 which
1058 1424 35 14 are
1101 1418 102 27 probably
1212 1420 23 20 of
1251 1426 13 14 a

677 1445 97 14 common
785 1440 75 26 origin.
875 1441 68 22 There
948 1443 20 20 is
977 1450 13 14 a
996 1445 55 25 good
1060 1451 93 21 passage,
1161 1447 102 25 however,

676 1473 77 19 among
762 1467 37 20 the
807 1468 63 25 reefs,
886 1470 69 20 which
966 1477 22 14 as
1003 1472 60 20 there
1071 1473 20 19 is
1107 1479 29 14 no
1145 1477 84 18 current
1245 1475 18 21 is

676 1494 163 28 comparatively
847 1496 44 21 safe
901 1500 73 23 except
989 1499 24 20 in
1021 1506 51 20 very
1080 1499 42 21 bad
1138 1501 96 22 weather.

679 1521 92 21 Colonial
783 1523 104 27 Observer,
898 1526 108 26 February
1015 1527 35 20 25.

664 1579 94 72 New
789 1579 219 72 Zealand
1039 1579 218 72 Gazette

717 1651 69 22 AND
801 1653 215 24 WELLINGTON
1035 1654 187 24 SPECTATOR.

804 1708 132 23 Saturday,
952 1709 76 22 April
1043 1710 20 21 8,
1079 1710 61 21 1843.

712 1760 30 24 In
753 1768 42 16 our
806 1761 45 24 last
861 1762 106 30 number,-
984 1770 33 16 we
1028 1763 114 23 refrained
1153 1764 58 23 from
1228 1765 35 23 of-

678 1794 75 31 fering
769 1801 45 24 any
825 1795 102 23 remarks
943 1795 71 24 either
1025 1804 63 23 upon
1100 1796 38 24 the
1155 1805 75 23 power
1242 1798 25 23 of

677 1827 38 24 the
728 1828 73 23 Court
818 1832 22 19 to
851 1828 72 23 frame
935 1828 39 24 the
992 1829 50 23 rule
1053 1834 22 19 to
1089 1830 73 24 which
1176 1839 40 15 our
1228 1835 35 19 at-

679 1862 85 23 tention
776 1868 47 17 was
834 1861 80 30 called,
927 1870 25 15 or
969 1862 122 31 admitting
1107 1863 38 24 the
1156 1871 75 23 power
1242 1865 25 23 of

677 1895 86 31 raising
782 1894 38 24 the
839 1896 105 29 questiqn
964 1896 58 28 how,
1035 1896 33 23 far
1088 1896 57 23 such
1160 1905 14 15 a
1190 1905 74 23 power

678 1927 72 24 called
760 1928 35 24 for
807 1927 128 25 immediate
946 1929 85 31 repeal.
1204 1940 5 7 -
1254 1933 5 24 \

711 1960 63 25 That
785 1962 31 23 all
823 1961 82 24 Courts
916 1962 25 23 of
950 1961 63 29 Law,
1027 1962 82 24 should
1120 1971 91 23 possess
1220 1964 43 24 lull

677 2002 86 23 powers
785 1999 22 19 to
826 1994 72 24 frame
917 1994 55 25 laws
990 1995 35 23 for
1044 1995 37 23 the
1098 1996 127 31 regulation
1242 1988 25 39 o|

678 2028 59 23 their
747 2028 106 30 practice,
866 2027 89 30 nobody
964 2028 45 22 will
1017 2028 35 22 for
1063 2035 14 16 a
1087 2033 100 19 moment
1197 2029 66 31 deny;

677 2060 45 24 and
733 2060 50 23 that
793 2060 31 23 all
833 2060 84 30 parties
929 2060 50 23 who
997 2068 52 23 may
1061 2068 64 16 come
1135 2061 78 23 within
1227 2061 37 25 thi

677 2101 68 24 scope
757 2093 26 24 of
792 2093 69 29 them,
874 2092 82 25 should
967 2093 27 24 be
1007 2094 109 31 expected
1128 2098 22 19 to
1162 2094 101 25 conform

677 2131 22 20 to
710 2127 71 23 them.
1207 2127 4 4 '
1257 2140 3 5 ■

710 2161 35 24 At
757 2161 39 24 the
812 2164 92 28 present
914 2164 102 21 moment
1034 2169 31 16 we
1077 2161 57 24 have
1152 2161 57 25 been
1220 2170 44 17 un-

677 2194 50 24 able
741 2199 22 19 to
779 2195 112 23 ascertain
901 2195 100 23 whether
1019 2195 37 23 the
1069 2195 111 31 Supreme
1193 2196 73 23 Court

677 2228 26 23 of
720 2228 47 23 this
787 2228 95 30 Colony,
899 2235 60 16 owes
975 2228 29 23 its
1022 2228 74 31 origin
1110 2232 23 19 to
1134 2230 4 5 -
1150 2237 12 15 a
1176 2229 89 24 charter

677 2261 87 23 similar
776 2265 23 20 to
812 2261 63 23 those
894 2261 123 31 belonging
1037 2266 22 19 to
1071 2267 60 18 most
1143 2261 63 25 other
1219 2262 46 24 Co-

677 2294 72 24 lonies
756 2304 6 19 ;
783 2302 24 16 or
819 2294 71 31 solely
901 2299 23 18 to
944 2294 37 23 the
1000 2294 139 30 Ordinance,
1157 2295 42 24 sth
1209 2295 55 25 Vie.

677 2328 47 24 No.
739 2329 22 28 1,
774 2328 92 23 entitled
954 2328 130 23 Odrinance
1096 2328 35 23 for
1143 2328 122 24 establish-

676 2361 41 30 ing
730 2369 13 14 a
754 2361 111 31 Supreme
1016 2361 52 24 Our
1086 2366 178 28 contemporary,

676 2394 19 23 it
706 2402 104 23 appears,
828 2398 59 19 rests
906 2394 44 23 his*
963 2398 131 27 arguments
1112 2395 24 23 in
1148 2395 79 24 favour
1244 2396 25 23 of

677 2428 38 23 the
726 2427 93 31 validity
828 2427 25 23 of
861 2427 38 24 the
907 2427 57 29 rule,
974 2435 51 16 now
1035 2427 38 24 the
1086 2428 88 31 subject
1183 2428 25 24 of
1216 2429 48 23 dis-

678 2461 100 28 cussion,
799 2467 61 24 upon
878 2460 39 24 the
938 2460 57 24 13th
1012 2468 46 16 sec.
1081 2460 25 24 of
1124 2461 38 23 the
1181 2462 86 24 recited

678 2493 140 29 Ordinance,
828 2493 75 24 which
913 2494 106 30 provides
1030 2493 50 24 that
1088 2503 6 15 :
1094 2507 35 4 —

705 2533 34 21 13.
753 2531 49 23 The
812 2532 68 22 Court
889 2531 57 23 shall
954 2532 71 27 enrol,
1040 2535 22 19 to
1072 2532 96 28 practice
1178 2533 89 23 therein

677 2566 26 15 as
719 2559 126 26 Barristers,
861 2558 54 22 such
931 2566 92 19 persons
1037 2559 55 28 only
1101 2567 25 15 as
1138 2560 58 22 shall
1209 2561 58 22 have

677 2586 59 22 been
746 2585 107 22 admitted
863 2585 118 23 Barristers
992 2593 24 14 or
1025 2586 128 22 Advocates
1161 2587 24 22 in
1198 2587 70 22 Great

677 2613 89 22 Britain
781 2620 25 14 or
819 2611 96 27 Ireland,
931 2613 45 21 and
990 2616 23 18 to
1028 2613 98 28 practice
1142 2613 86 23 therein
1244 2622 23 15 as

679 2639 120 28 Solicitors,
816 2639 55 22 such
884 2646 92 21 persons
990 2639 54 28 only
1053 2647 26 15 as
1091 2639 58 23 have
1157 2640 57 23 been
1228 2641 40 22 ad-

678 2666 81 22 mitted
769 2673 24 15 as
800 2666 110 25 Solicttor,
922 2667 122 27 Attomies,
1056 2674 25 14 or
1089 2667 92 22 Writers
1190 2669 23 20 in
1223 2675 42 15 one

679 2693 26 22 of
710 2693 38 22 the
760 2693 78 22 Courts
847 2696 24 18 at
880 2693 162 26 Westminster,
1056 2693 93 33 Dublin,
1160 2701 25 15 or
1195 2695 72 22 Edin-

679 2720 80 27 burgh,
774 2727 26 15 or
809 2719 102 23 Proctors
924 2721 24 21 in
964 2728 46 19 any
1020 2720 165 23 Ecclesiastical
1199 2722 69 22 Court

678 2747 24 21 in
713 2746 112 27 England,
841 2754 25 14 or
877 2747 56 21 shall
948 2747 58 22 have
1021 2747 80 22 served
1110 2747 54 22 such
1178 2751 58 20 term
1246 2749 24 22 of

680 2773 116 28 Clerkship
806 2773 53 22 with
869 2780 13 15 a
891 2773 102 23 Solicitor
1002 2775 26 21 of
1041 2774 38 22 the
1088 2774 74 27 Court,
1174 2782 23 15 as
1207 2775 58 22 shall

679 2801 28 21 be
722 2799 104 29 required
838 2800 33 27 .by
886 2800 38 22 the
938 2801 90 26 general
1040 2801 51 22 rule
1108 2801 92 22 thereof.
1230 2802 38 22 All

679 2834 24 15 so
713 2827 101 22 enrolled
821 2826 58 22 shall
893 2827 29 22 be
931 2827 141 22 removeable
1082 2827 59 22 from
1154 2829 39 22 the
1202 2829 66 22 Rolls

679 2854 27 22 of
712 2854 38 22 the
760 2854 69 22 Court
839 2861 60 20 upon
908 2854 132 22 reasonable
1049 2862 73 15 cause.

705 2888 57 25 .He,
766 2888 61 24 them
834 2888 110 31 proceeds
951 2893 23 19 to
981 2889 89 23 discuss
1081 2889 38 23 the
1124 2889 143 33 .expediency

679 2921 26 24 of
711 2923 27 23 it.
767 2921 91 29 Before,
868 2921 112 30 however,
993 2929 33 17 we
1037 2922 76 23 follow
1124 2930 42 16 our
1176 2923 91 25 learned

680 2960 173 27 contemporary
863 2963 31 16 on
906 2955 40 23 the
962 2955 69 24 latter
1047 2957 72 30 point,
1138 2963 33 16 we
1183 2957 44 31 beg
1245 2962 22 19 to

679 2997 50 23 say,
748 2989 51 24 that
813 2996 33 16 we
867 2988 66 24 differ
946 2989 53 23 with
1020 2989 47 24 him
1083 2996 61 24 upon
1161 2989 36 24 his
1217 2990 51 24 first

679 3023 73 31 pointj
764 3022 99 31 namely,
876 3022 37 23 the
924 3021 97 32 validity
1032 3022 26 24 of
1066 3022 39 24 the
1114 3022 73 24 rulein
1199 3031 68 24 ques-

679 3056 58 23 tion.

715 3090 52 23 Our
785 3092 173 29 contemporary
977 3089 108 23 observes
1086 3102 33 3 —
1188 3089 28 25 do
1229 3095 38 19 not

681 3122 44 24 feel
736 3122 59 31 fully
806 3121 105 32 qualified
923 3126 23 19 to
952 3123 3 6 '
964 3122 84 30 decide,
1066 3122 101 24 whether
1177 3123 39 24 the
1227 3124 39 24 de-

680 3155 110 24 claration
802 3159 22 19 to
837 3154 73 25 which
929 3156 49 23 Mr.
997 3155 52 25 Fox
1068 3154 86 33 objects
1172 3156 20 24 is
1211 3157 56 24 such

680 3196 26 16 as
719 3189 71 31 ought
801 3192 40 19 not
852 3193 23 19 to
886 3189 29 23 be
927 3188 105 32 required
1043 3189 27 23 of
1085 3196 14 16 a
1115 3189 109 25 barrister
1242 3192 25 23 in

821 3229 40 15 we.
873 3221 74 24 would
965 3221 53 32 just
1039 3222 100 29 remark,
1163 3222 50 25 that
1235 3232 32 16 we

680 3255 72 23 doubt
770 3254 108 29 whether,
897 3262 56 16 even
972 3255 46 23 had
1035 3262 43 16 our
1096 3259 172 30 contemporary

680 3288 42 24 felt
732 3287 95 24 himself
841 3287 107 32 qualified
960 3292 23 19 to
994 3287 80 24 decide
1085 3288 39 24 the
1140 3290 73 31 point,
1231 3290 36 24 his

681 3321 85 24 Honor
776 3321 74 24 would
861 3321 58 24 have
929 3321 42 23 felt
981 3321 96 23 himself
1085 3322 76 24 bound
1178 3323 33 31 by
1230 3323 37 24 his

680 3353 101 25 decision
790 3363 7 21 ;
816 3354 52 30 and,
888 3354 120 29 therefore,
1028 3354 60 24 shall
1106 3359 39 20 not
1164 3357 104 30 question

681 3396 42 15 our
734 3387 79 31 ability
825 3392 22 19 to
866 3387 79 24 decide
963 3387 40 24 the
1021 3388 64 30 point
1093 3396 7 21 ;
1119 3388 41 24 but
1182 3391 86 31 merely

680 3429 95 23 express
799 3428 41 16 our
858 3421 100 32 opinion,
981 3420 77 24 which
1075 3422 21 22 is
1114 3421 31 24 all
1156 3429 33 18 we
1209 3423 58 28 shall

680 3462 106 24 presume
805 3458 23 20 to
849 3455 28 23 do
888 3462 6 21 ;
920 3454 52 29 and,
997 3461 33 17 we
1051 3459 66 25 trust,
1136 3455 24 24 in
1179 3457 58 24 such
1254 3465 14 15 a

679 3493 107 18 manner'
803 3495 33 22 as,
866 3488 114 24 whatever
1008 3495 55 23 may
1084 3488 29 24 be
1134 3487 31 25 its
1187 3490 79 29 Worth,

680 3521 89 23 neither
781 3520 38 24 the
828 3520 59 32 style
898 3529 27 16 or
936 3520 38 24 the
985 3524 61 26 tone,
1060 3520 47 25 will
1121 3521 29 24 be
1168 3523 58 24 such
1242 3531 25 16 as

680 3561 42 17 can
733 3555 53 30 give
797 3554 86 24 offence
894 3554 26 24 in
931 3561 45 24 any
987 3558 101 27 quarter.

714 3587 64 24 First
789 3587 53 24 then
853 3595 25 16 as
889 3592 24 19 to
925 3587 38 24 the
974 3587 96 31 validity
1078 3587 25 24 of
1110 3587 47 25 •'the
1168 3588 64 25 Rule
1244 3590 26 23 of

681 3620 80 30 Court,
773 3620 74 24 which
858 3621 102 31 requires
971 3629 14 16 a
1006 3620 107 25 Member
1124 3622 25 23 of
1164 3622 39 23 the
1220 3623 48 24 Bar

679 3653 123 32 possessed
822 3653 25 24 of
868 3653 37 25 his
924 3653 144 30 credentials,
1087 3653 32 32 by
1140 3655 76 24 which
1239 3657 28 23 he

680 3686 80 24 claims
771 3686 36 23 his
819 3686 61 32 right
892 3691 24 20 to
934 3687 107 31 practice,
1055 3691 24 20 to
1098 3687 89 25 declare
1206 3697 61 24 upon

679 3719 43 24 his*
734 3719 80 30 honor,
929 3728 51 17 one.
990 3728 28 16 or
1033 3728 65 16 more
1115 3721 26 23 of
1154 3721 43 25 her
1212 3723 55 24 Ma-

677 3752 83 32 jesty's
774 3752 83 24 Courts
869 3752 26 25 of
900 3752 46 25 law
952 3753 29 27 .in
995 3753 77 24 Great
1075 3753 98 31 Britain,

679 3785 22 23 is
713 3790 143 20 tantamount
867 3791 22 18 to
901 3785 36 25 his
949 3785 67 33 oath)
1027 3786 57 30 that,
1156 3787 58 26 have
1227 3794 40 19 not

680 3823 25 20 at
715 3827 46 23 any
773 3819 53 24 time
837 3818 85 30 before,
930 3827 32 19 .or
972 3820 64 23 since
1048 3827 40 25 my
1097 3820 92 33 leaving
1200 3822 67 33 Eng-

679 3852 62 29 land,
755 3852 58 24 done
824 3860 45 23 any
880 3856 37 20 act
936 3852 106 31 whereby
1054 3852 15 24 I
1080 3852 83 26 should
1174 3855 29 24 be
1213 3864 54 24 pre-

680 3885 80 24 cluded
771 3885 58 24 from
848 3886 126 31 practising
993 3893 27 16 as
1030 3886 59 24 such
1096 3888 4 5 '
1109 3887 158 27 barrister-at-

783 3918 66 31 Now,
863 3926 33 17 we
914 3919 98 25 contend
1023 3919 57 31 that,
1094 3920 38 24 the
1146 3921 121 26 ordinance

680 3952 73 25 under
763 3952 71 25 which
854 3952 37 25 his
904 3952 83 25 Honor
1006 3952 79 26 claims
1093 3959 3 8 '
1105 3951 39 28 the
1153 3962 80 24 power
1244 3961 26 19 to*

1295 139 71 25 frame
1376 139 36 23 his
1424 139 73 24 Rules
1509 140 26 23 of
1544 141 78 29 Conrt,
1630 141 64 30 gives
1703 141 48 23 him
1762 148 28 16 no
1797 148 78 24 power

1272 190 2 5 .
1296 174 28 26 to,
1331 171 80 30 frame
1428 179 28 16 or
1474 172 92 30 enforce
1585 173 37 23 the
1641 173 60 23 Rule
1711 172 34 24 •in
1765 173 108 31 question.

1296 203 51 25 Out
1364 209 170 27 contemporary
1547 213 53 25 says
1601 219 32 4 —
1719 205 84 24 Courts
1818 207 57 24 have

1273 243 5 18 :
1291 237 43 23 the
1345 237 61 32 tight
1416 238 105 23 inherent
1531 238 33 24 in'
1575 239 58 23 their
1652 246 55 23 very
1719 239 154 30 constitution,

1273 276 4 11 1
1294 273 78 27 except
1383 278 24 15 so
1419 270 35 24 far
1465 278 25 16 as
1501 271 45 23 this
1554 271 62 31 right
1625 279 54 23 may
1689 271 29 24 be
1730 271 106 31 qualified
1844 273 31 31 by

1291 302 97 30 positive
1500 304 125 29 Admitted,
1639 304 45 24 and
1699 304 55 24 here
1766 312 42 16 our
1819 313 55 16 con-

1295 339 125 28 temporary
1432 336 45 24 and
1488 344 31 16 we
1531 344 37 16 are
1580 341 23 19 at
1609 338 70 28 issue,
1689 337 35 23 for
1733 344 33 16 we
1778 339 96 24 contend

1294 368 49 23 that
1354 369 63 23 there
1428 369 22 24 is
1460 377 15 16 a
1491 370 97 30 positive
1599 370 47 30 law,
1660 370 30 30 by
1701 369 74 24 which
1794 371 57 24 such
1862 380 13 16 a

1294 401 61 23 Rule
1365 402 26 23 of
1406 402 73 24 Court
1489 403 20 23 is
1524 406 40 20 not
1575 402 59 31 only,
1639 402 107 31 qualified
1763 402 43 24 but
1822 412 52 23 pro-

1293 433 93 25 hibited.
1421 435 25 23 It
1456 436 20 23 is
1488 443 29 16 an
1528 435 108 24 admitted
1651 435 76 24 axiom
1744 436 25 23 in
1787 436 88 27 British

1291 466 179 32 jurisprudence,
1482 468 50 24 that
1550 475 31 17 no
1601 476 55 16 man
1676 468 60 24 shall
1756 469 27 23 be
1803 470 71 24 called

1293 507 61 23 upon
1365 505 22 19 to
1403 502 117 23 criminate
1538 501 98 29 himself,
1658 501 43 24 and
1712 501 94 30 farther,
1825 503 49 24 that

1293 540 29 16 no
1334 541 51 15 man
1395 534 21 24 is
1428 534 72 26 called
1510 541 62 25 upon
1583 539 23 19 to
1626 534 82 24 defend
1724 534 96 26 himself
1834 536 39 24 be-

1292 565 48 24 fore
1351 565 36 28 he,
1389 567 20 24 is
1430 568 104 23 accused.
1570 567 58 26 Now
1647 568 60 24 what
1718 576 53 23 says
1783 569 39 24 the
1836 577 36 16 or-

1293 597 92 26 dinance
1387 612 33 5 —

1318 636 36 21 23,
1368 635 21 22 It
1397 635 57 23 shall
1463 637 28 22 be
1500 637 76 23 lawful
1593 637 34 22 for
1641 637 39 22 the
1695 637 88 28 Judges
1799 638 26 22 of
1836 638 37 22 the

1293 661 66 22 Court
1367 661 56 23 from
1433 663 53 22 time
1496 666 23 19 to
1529 664 54 22 time
1593 667 22 19 to
1624 664 66 22 make
1696 664 61 22 rules
1763 665 37 21 for
1809 672 64 20 regu-

1291 687 72 26 lating
1373 689 37 22 the
1421 689 53 23 time
1484 690 45 22 and
1538 691 62 27 place
1610 691 27 22 of
1647 690 93 28 holding
1750 690 38 23 the
1799 692 72 25 Court,

1291 713 46 23 and
1345 712 37 24 the
1398 715 101 24 Practice
1515 717 44 22 and
1573 717 123 28 Pleadings
1712 725 60 20 upon
1790 718 31 22 all
1835 718 39 22 In-

1292 740 122 29 dictments,
1427 743 166 28 Informations,
1605 744 66 27 Suits,
1682 744 46 23 and
1744 744 65 22 other
1823 751 51 21 pro-

1291 767 101 28 ceedings
1402 769 86 22 therein
1494 778 6 19 ;
1512 770 38 22 the
1556 770 145 28 proceedings
1709 771 26 21 of
1740 770 38 23 the
1785 771 86 29 Sheriff,

1291 793 45 23 and
1351 795 62 22 other
1430 796 134 23 Ministerial
1579 797 103 28 Officers;
1698 798 38 21 the
1754 797 118 23 admission

1291 821 25 21 of
1336 821 119 24 Barristers
1474 824 44 21 and
1541 824 114 23 Solicitors
1661 832 7 19 ;
1695 825 38 24 the
1753 824 65 22 Fees-
1829 824 44 23 and

1291 847 118 28 Poundage
1420 852 22 18 to
1451 850 30 21 be
1497 850 53 28 paid
1566 854 24 19 to
1606 859 45 19 any
1661 851 96 27 Officer;
1773 851 63 22 Costs
1852 852 25 21 of

1291 873 64 28 Suits,
1366 875 44 22 and
1425 875 38 22 the
1478 877 78 27 taxing
1569 878 99 27 thereof;
1686 877 45 22 and
1741 878 30 22 all
1782 881 91 19 matters

1289 901 92 28 relating
1389 904 22 20 to
1421 902 37 22 the
1467 903 102 23 business
1580 905 25 21 of
1615 904 39 23 the
1672 905 76 27 Court,
1760 904 46 23 and
1818 904 54 23 such

1289 927 129 23 rulesfrom
1437 929 52 22 time
1507 933 22 18 to
1545 931 54 21 time
1618 934 24 18 to
1660 931 56 22 alter
1736 938 25 15 or
1778 932 94 21 revoke:

1289 953 109 23 Provided
1408 955 49 22 that
1467 956 36 22 the
1513 964 61 15 same
1584 957 57 22 shall
1651 961 40 18 not
1698 977 3 4 .
1707 958 29 21 be
1749 962 125 24 repugnant

1290 984 22 18 to
1333 988 43 20 any
1395 981 25 23 of
1441 983 38 22 the
1496 983 125 31 provisions
1637 984 164 22 herein-before
1821 992 52 15 con-

1289 1007 83 23 tained.

1322 1047 58 24 Now
1399 1056 36 17 we
1454 1050 42 24 ask
1517 1058 40 16 our
1579 1051 93 24 learned
1693 1056 178 28 contemporary,

1289 1080 99 26 whether
1397 1084 63 22 since
1472 1083 38 24 the
1521 1084 55 31 days
1597 1085 24 23 of
1635 1084 39 24 the
1692 1085 54 23 Star
1759 1085 113 25 Chamber

1290 1114 45 25 and
1345 1116 38 24 the
1401 1116 146 32 Inquisition,
1562 1117 21 24 if
1596 1117 29 24 he
1647 1125 42 16 can
1707 1118 60 24 refer
1787 1122 24 19 to
1830 1126 42 24 any

1290 1148 47 25 Act
1355 1148 25 25 of
1395 1150 148 29 Parliament,
1568 1150 102 24 Colonial
1689 1151 140 29 Ordinance,
1848 1160 24 16 or

1291 1190 56 16 even
1358 1190 13 16 a
1387 1182 63 25 Rule
1471 1183 25 23 of
1510 1191 45 23 any
1573 1184 71 23 Court
1662 1185 120 23 instituted
1801 1185 70 24 under

1282 1215 80 24 ■either
1373 1216 24 23 of
1413 1216 38 24 the
1463 1216 69 24 above
1545 1225 25 15 or
1581 1225 58 15 even
1655 1218 72 23 under
1740 1218 96 29 charter,
1849 1219 23 23 in

1291 1249 73 23 which
1374 1249 58 24 such
1443 1257 29 16 an
1484 1254 128 20 enactment
1630 1251 42 23 has
1689 1251 59 24 been
1759 1251 111 30 declared,

1291 1290 26 16 or
1353 1282 55 23 such
1445 1291 14 15 a
1492 1282 49 25 rule
1578 1284 45 23 laid
1661 1284 72 29 down,
1771 1292 27 16 as
1834 1285 37 23 the

1292 1323 41 16 one
1354 1322 47 17 now
1421 1316 39 23 the
1480 1316 88 31 subject
1588 1317 25 23 of
1628 1317 148 24 discusssion.
1811 1318 59 31 Nay,

1291 1356 33 16 we
1345 1348 43 24 will
1407 1357 30 22 go
1459 1349 93 29 farther,
1576 1350 44 23 and
1642 1350 43 24 ask
1705 1358 42 16 our
1769 1355 101 20 contem-

1290 1389 88 23 porary,
1392 1382 19 23 if
1425 1382 29 23 he
1465 1382 78 24 thinks
1552 1383 29 23 he
1594 1391 41 15 can
1646 1391 66 16 name
1725 1392 44 22 any
1787 1384 82 23 indivi-

1292 1414 51 24 dual
1351 1415 22 23 in
1384 1415 39 24 the
1435 1415 70 24 whole
1523 1416 67 23 circle
1609 1416 26 23 of
1649 1416 36 23 his
1703 1418 167 29 acquaintance,

1291 1448 57 29 who,
1361 1456 24 15 as
1397 1456 13 16 a
1418 1449 101 23 member
1531 1449 24 23 of
1566 1457 43 23 any
1619 1449 128 31 legislative
1760 1451 112 31 assembly

1293 1482 24 23 of
1332 1481 36 24 the
1378 1486 92 26 present
1482 1487 101 26 century,
1601 1482 76 24 would
1687 1482 58 24 have
1762 1485 110 30 proposed

1292 1515 56 23 such
1359 1523 12 15 a
1382 1516 114 29 proyision
1508 1522 25 16 as
1544 1515 39 23 the
1593 1515 123 31 following,
1729 1517 24 22 in
1766 1524 45 23 any
1827 1517 45 24 Act

1293 1548 24 23 of
1331 1546 147 30 Parliament,
1491 1556 25 15 or
1528 1548 130 24 Ordinance
1676 1548 89 24 framed
1782 1550 36 23 for
1835 1550 36 24 the

1293 1581 133 24 Institution
1436 1581 25 23 of
1470 1588 44 24 any
1526 1581 71 24 Court
1609 1581 25 24 of
1645 1581 56 24 Law
1702 1595 34 4 —
1760 1583 112 24 Provided

1293 1614 87 32 always,
1394 1614 44 23 and
1449 1614 28 23 be
1496 1615 18 22 it
1533 1614 101 30 enacted,
1658 1615 49 23 that
1728 1616 78 24 before
1828 1625 42 23 any

1291 1655 81 24 person
1384 1647 58 23 shall
1451 1647 28 23 be
1491 1647 108 24 admitted
1610 1652 23 19 to
1644 1648 68 31 plead
1721 1648 79 25 before
1817 1651 54 22 such

1293 1681 77 29 Court,
1392 1689 24 15 or
1434 1681 97 31 practice
1551 1689 25 15 as
1593 1689 30 16 an
1640 1681 115 31 Attorney
1771 1683 26 23 in
1819 1683 52 23 such

1293 1715 77 28 Court,
1387 1713 29 24 he
1433 1713 56 24 shall
1508 1713 53 24 take
1578 1713 38 25 the
1633 1715 116 30 following
1768 1715 61 30 oath,
1849 1724 22 16 or

1291 1746 67 25 make
1369 1746 38 24 the
1418 1747 114 31 following
1543 1747 145 29 declaration,
1701 1748 46 23 viz.
1757 1757 6 15 :
1764 1761 35 5 —

1349 1787 61 24 That
1418 1786 14 25 I
1442 1787 58 24 have
1509 1795 67 16 never
1587 1788 24 23 in
1622 1795 39 23 my
1670 1788 74 23 whole
1757 1788 48 30 life,
1816 1789 55 24 done

1292 1829 44 24 any
1347 1825 36 19 act
1394 1821 35 23 for
1441 1820 78 29 which,
1532 1821 21 23 if
1562 1821 84 23 known
1657 1826 22 18 to
1687 1829 14 16 a
1709 1821 84 25 second
1801 1827 69 27 party,

1292 1854 72 24 would
1374 1854 89 30 subject
1474 1861 36 16 me
1522 1858 23 19 to
1559 1853 35 24 the
1607 1861 168 25 consequences
1787 1855 25 24 of
1826 1863 42 24 any

1291 1887 66 32 penal
1368 1895 25 15 or
1405 1887 103 23 criminal

1325 1926 41 24 We
1390 1930 82 26 repeat,
1496 1927 20 23 is
1535 1926 62 24 there
1617 1934 14 16 a
1652 1926 102 24 member
1783 1927 26 24 of
1830 1936 40 24 any

1292 1960 98 30 existing
1413 1959 139 31 Legislative
1571 1960 132 30 Assembly,
1729 1960 49 23 who
1802 1961 68 24 would

1291 2000 95 24 propose
1410 1992 56 24 such
1494 2000 14 15 a
1530 1992 93 24 clause?
1674 1992 86 24 Where
1787 1994 21 22 is
1835 1994 35 22 the

1291 2025 123 30 Assembly
1427 2024 48 23 who
1494 2024 74 23 would
1585 2024 68 31 adopt
1676 2025 19 22 it
1701 2025 10 22 ?
1764 2025 67 23 Even
1855 2026 18 23 if

1292 2058 56 23 such
1357 2065 57 15 were
1423 2057 99 31 possible
1540 2061 23 18 to
1580 2056 28 24 be
1626 2057 78 29 found,
1725 2065 32 15 we
1776 2065 48 23 say,
1844 2066 26 16 no

1291 2090 124 31 Assembly
1435 2089 72 24 would
1530 2094 64 19 enact
1606 2089 56 24 such
1674 2098 14 14 a
1699 2090 43 23 law
1750 2091 7 23 !
1804 2091 26 23 If
1842 2099 28 16 we

1292 2132 37 16 are
1340 2124 68 31 right,
1421 2123 54 24 than
1487 2131 28 15 no
1528 2122 74 31 Judge
1613 2122 21 24 is
1646 2124 139 30 empowered
1792 2124 30 31 by
1831 2132 40 23 any

1292 2157 46 24 Act
1349 2165 24 16 or
1386 2157 130 23 Ordinance
1528 2161 23 19 to
1562 2156 71 24 frame
1644 2155 61 25 lules
1723 2157 45 23 and
1785 2157 85 31 regula-

1293 2192 58 22 tions
1362 2191 35 23 for
1409 2190 38 23 the
1460 2190 97 31 practice
1568 2190 26 23 of
1608 2189 36 24 his
1658 2190 78 29 Court,
1754 2191 21 22 is
1794 2191 76 24 autho-

1292 2224 60 24 rised
1372 2228 23 20 to
1413 2224 71 23 frame
1503 2231 45 23 any
1566 2223 49 23 rule
1632 2223 82 28 which,
1733 2231 26 16 as
1775 2224 19 23 it
1804 2224 28 29 is,
1852 2229 18 19 to

1293 2258 56 23 have
1359 2257 40 24 the
1407 2264 63 17 same
1481 2256 66 24 effect
1564 2264 25 15 as
1609 2256 21 23 if
1655 2256 95 23 enacted
1773 2257 24 24 in
1820 2258 51 23 such

1294 2291 128 23 Ordinance
1430 2289 70 29 itself,
1508 2289 73 24 would
1587 2289 29 23 be
1625 2293 104 28 contrary
1738 2294 21 19 to
1768 2289 38 25 the
1812 2291 59 31 prin-

1294 2324 56 31 ciple
1357 2324 26 23 of
1392 2331 42 16 our
1444 2322 184 32 Jurisprudence,
1641 2322 51 30 and,
1706 2324 164 31 consequently,

1293 2356 153 25 inadmissible
1457 2357 25 23 in
1493 2363 41 16 our
1548 2360 105 24 statutes,
1675 2355 74 24 which
1768 2362 60 19 must
1842 2357 30 24 -be

1293 2390 151 24 conformable
1456 2394 23 19 to
1489 2389 57 28 law;
1559 2389 104 29 because,
1676 2388 39 24 the
1726 2389 115 32 authority
1852 2395 20 19 to

1294 2424 65 24 make
1369 2423 51 31 Bye
1430 2422 69 24 Laws
1509 2427 82 19 cannot
1606 2422 28 24 be
1654 2423 121 23 construed
1792 2427 23 20 to
1834 2431 38 17 ex-

1294 2457 53 24 tend
1357 2461 23 19 to
1392 2456 95 31 making
1497 2456 64 28 laws,
1574 2455 124 31 exceeding
1709 2456 23 23 in
1746 2456 73 30 effect,
1839 2457 33 24 the

1294 2498 85 24 powers
1391 2490 30 30 by
1430 2489 71 23 which
1515 2489 48 23 that
1574 2489 82 30 liberty
1662 2489 22 23 is
1690 2489 105 30 granted.
1830 2490 40 24 We

1294 2532 45 21 are,
1348 2523 117 28 therefore,
1472 2522 26 24 of
1507 2522 99 32 opinion,
1615 2522 54 23 with
1674 2522 29 23 all
1711 2522 137 25 submission
1852 2528 20 19 to

1295 2557 38 24 the
1343 2556 102 32 superior
1452 2555 60 32 legal
1521 2555 133 31 knowledge
1661 2555 25 23 of
1696 2562 41 17 our
1745 2561 127 27 contempo-

1294 2599 58 23 rary,
1364 2589 45 24 and
1417 2589 54 24 with
1479 2596 66 24 every
1553 2593 88 27 respect
1646 2589 36 23 for
1688 2589 37 23 his
1731 2589 89 30 Honor,
1828 2590 45 23 that

1296 2624 37 24 the
1340 2623 47 24 rule
1395 2627 82 19 cannot
1483 2623 29 22 be
1518 2622 103 31 justified
1627 2629 60 24 upon
1695 2622 38 24 the
1738 2623 109 32 principle
1853 2623 22 24 of

1294 2657 68 32 right.
1409 2656 45 23 Let
1472 2663 28 16 us
1518 2663 51 16 now
1587 2663 40 16 see
1643 2655 52 24 how
1710 2656 19 23 it
1743 2656 21 23 is
1776 2656 49 24 that
1837 2664 37 17 our

1294 2695 171 26 contemporary
1481 2689 99 31 justifies
1599 2688 38 24 the
1656 2688 143 32 expediency,
1822 2698 51 24 sup-

1294 2724 80 31 posing
1382 2724 38 23 the
1428 2722 62 31 right
1498 2726 23 19 to
1529 2722 90 23 enforce
1627 2721 38 24 the
1672 2722 49 24 rule
1731 2723 141 24 established.

1296 2757 38 24 He
1345 2764 54 23 very
1413 2756 75 31 justly
1498 2755 113 29 observes,
1633 2756 24 23 in
1674 2756 46 23 this
1731 2756 68 24 latter
1811 2764 63 24 ques-

1296 2790 52 29 tion,
1383 2789 38 24 the
1439 2789 72 24 whole
1536 2789 139 31 community
1696 2789 21 23 is
1740 2789 117 25 interested
1865 2799 7 21 ;

1294 2823 103 29 because,
1420 2822 22 24 if
1467 2822 64 24 those
1555 2822 61 23 rules
1639 2830 38 16 are
1706 2822 57 24 such
1790 2823 48 24 that
1862 2832 13 16 a

1294 2856 124 32 gentleman
1429 2860 89 24 cannot,
1532 2855 94 24 without
1636 2863 14 16 a
1666 2855 110 25 violation
1794 2857 24 24 of
1833 2857 42 24 self

1295 2895 94 26 respect,
1400 2889 100 24 conform
1512 2893 31 24 to,
1556 2888 54 24 then
1622 2888 39 24 the
1673 2889 117 24 character
1801 2891 25 23 of
1840 2890 34 24 the

1294 2923 125 31 profession
1431 2927 61 19 must
1503 2923 28 22 be
1543 2922 112 31 degraded
1664 2931 6 20 ;
1684 2923 45 23 and
1740 2923 40 23 the
1791 2923 83 24 admin-

1294 2957 94 23 stration
1411 2956 25 23 of
1456 2956 38 24 the
1512 2956 56 23 Law
1585 2959 62 21 must
1655 2956 71 24 suffer
1736 2956 23 23 in
1773 2964 28 16 an
1814 2957 60 30 equal

1294 2989 89 31 degree.
1419 2989 24 24 It
1453 2990 21 22 is
1489 2989 37 24 the
1543 2989 106 24 assumed
1664 2989 113 31 tendency
1795 2990 25 23 of
1841 2990 33 23 the

1291 3025 91 30 present
1402 3022 139 31 regulations
1568 3028 23 18 to
1611 3022 99 31 produce
1731 3022 47 23 this
1799 3023 73 28 result,

1295 3056 71 23 which
1377 3063 33 16 we
1421 3063 98 24 purpose
1531 3060 22 19 to
1729 3055 46 23 We
1792 3055 44 31 beg
1851 3060 22 19 to

1295 3097 45 24 say,
1353 3097 34 16 we
1399 3090 59 22 refer
1467 3093 22 19 to
1501 3095 42 17 one
1549 3088 62 31 only.
1646 3088 52 23 Our
1709 3092 165 28 contemporary

1294 3123 71 23 draws
1381 3130 14 16 a
1408 3122 131 23 distinction
1557 3121 104 24 between
1678 3128 14 16 a
1708 3119 94 33 general
1820 3122 52 29 rule,

1295 3160 22 20 to
1327 3155 79 24 which*
1411 3154 30 24 all
1451 3162 96 24 persous
1559 3162 38 15 are
1609 3154 77 23 bound
1695 3157 23 20 to
1728 3154 93 30 submit,
1834 3155 40 23 and

1294 3197 14 16 a
1317 3187 122 33 particular
1449 3188 58 28 rule,
1521 3187 125 31 applicable
1665 3187 54 31 only
1738 3191 23 20 to
1778 3196 14 15 a
1803 3189 69 31 single

1294 3222 129 29 individual,
1437 3229 24 15 or
1473 3225 23 19 to
1506 3229 14 15 a
1530 3221 42 23 few
1588 3228 105 24 persons.
1740 3220 52 25 The
1802 3221 70 30 latter,

1294 3257 24 22 in
1329 3264 40 15 our
1386 3255 98 31 opinion,
1595 3254 39 29 be,'
1649 3254 21 23 if
1689 3254 108 31 possible,
1816 3263 58 16 more

1294 3289 120 28 invidious,
1425 3288 22 24 if
1461 3291 41 21 not
1519 3286 69 25 much
1606 3295 62 16 more
1685 3287 120 32 insulting,
1823 3288 51 24 than

1294 3323 39 24 the
1359 3321 84 24 former
1451 3330 7 21 ;
1484 3321 54 29 and,
1559 3320 119 29 therefore,
1705 3328 35 16 we
1768 3329 53 23 pass
1846 3330 28 16 on

1295 3360 23 20 to
1344 3355 39 23 the
1411 3354 94 32 parallel
1540 3362 59 21 case,
1636 3361 25 17 as
1700 3361 42 16 our
1778 3359 95 20 contem-

1294 3396 81 25 porary
1394 3389 116 22 conceives
1531 3387 28 24 he
1580 3388 42 23 has
1642 3387 132 24 discovered
1792 3389 26 22 in
1838 3389 36 24 the

1295 3422 78 24 Bench
1385 3422 25 22 of
1425 3421 156 32 Magistrates.
1618 3420 44 24 We
1759 3421 69 24 taken
1837 3422 37 24 the

1295 3455 86 24 trouble
1393 3458 23 20 to
1427 3462 81 23 peruse
1514 3453 43 25 'the
1569 3454 66 24 oaths
1641 3453 109 25 tendered
1759 3458 23 20 to
1788 3455 84 31 gentle-

1294 3496 59 22 men,
1366 3488 81 24 named
1458 3488 24 23 in
1493 3487 40 25 the
1544 3487 154 24 Commission
1707 3486 26 25 of
1747 3487 39 24 the
1795 3488 77 30 Peace,

1293 3522 40 23 but
1362 3523 89 22 confess
1479 3528 33 17 we
1544 3528 39 16 are
1611 3520 84 24 unable
1722 3524 24 20 to
1778 3521 96 25 discover

1294 3555 38 24 the
1342 3554 107 32 slightest
1460 3554 99 23 allusion
1576 3558 25 19 to
1620 3561 45 23 any
1675 3552 68 33 thing
1753 3555 120 31 approach-

1294 3589 39 31 ing
1343 3592 24 19 to
1383 3587 56 24 such
1456 3596 14 15 a
1488 3587 137 24 declaration
1643 3594 30 19 as.
1686 3586 40 24 the
1747 3595 42 16 one
1806 3589 68 23 under

1294 3622 134 24 discussion.
1473 3620 70 24 What
1559 3627 55 24 may
1630 3619 30 24 be
1681 3620 38 23 the
1739 3621 95 24 conduct
1851 3622 25 24 of

1294 3655 128 31 gentlemen
1433 3653 62 30 here,
1508 3654 57 24 after
1576 3653 70 31 being
1665 3660 76 18 sworn
1755 3655 30 28 jn
1804 3655 70 24 nnder

1294 3696 42 23 any
1348 3695 51 17 new
1418 3687 121 24 ordinance
1556 3686 76 25 which
1650 3694 53 24 may
1721 3688 92 24 contain
1832 3696 42 23 any

1294 3721 133 33 requisition
1438 3721 27 24 of
1473 3721 57 23 such
1539 3728 14 16 a
1563 3720 121 31 tendency,
1693 3720 20 24 it
1718 3721 22 23 is
1747 3721 127 32 impossible

1327 3748 49 39 sayj
1388 3754 44 24 but
1439 3758 24 20 at
1475 3758 91 27 present
1585 3753 54 31 they
1653 3761 39 16 are
1710 3754 99 24 relieved
1819 3754 55 25 from

1294 3789 37 24 the
1354 3787 177 25 consideration-
1548 3786 26 25 of
1597 3786 58 24 such
1677 3793 31 17 an
1735 3787 137 25 alternative.

1292 3822 67 30 Now,
1371 3829 26 16 as
1408 3825 23 20 to
1443 3820 38 25 the
1501 3820 95 32 legality
1606 3819 27 24 of
1646 3820 20 23 it
1688 3827 26 16 as
1735 3820 92 32 regards
1836 3822 39 23 the'

1401 3862 27 24 ,iq
1534 3848 26 31 ,it
1582 3860 50 17 was
1652 3852 109 26 tendered
1783 3859 23 19 to
1827 3854 45 25 Mr.

1293 3888 64 30 Fox,,
1364 3895 33 17 we
1403 3907 4 7 r
1408 3888 87 24 believe
1512 3886 113 25 whatever
1636 3886 57 24 code
1713 3886 25 25 of
1752 3887 63 24 rules
1832 3888 43 24 and

1293 3922 139 32 regulations
1449 3921 93 31 maybe
1562 3919 48 25 laid
1627 3919 74 30 down,
1714 3919 55 33 they
1788 3928 39 17 are
1835 3926 40 19 not

1273 3968 4 9 r
1293 3956 59 24 valid
1363 3954 59 26 until
1434 3955 54 32 they
1498 3954 57 25 have
1573 3954 59 25 been
1643 3953 147 33 proclaimed.
1825 3954 49 25 The

1900 141 45 23 rule
1958 149 26 16 as
2002 142 119 32 originally
2242 144 45 25 and
2304 145 130 31 published,
2446 155 35 15 we

1900 174 91 29 believe,
2002 175 105 30 required
2126 176 38 24 the
2181 177 116 32 following
2307 177 173 26 declaration—-

1899 207 52 28 viz.,
2055 207 14 24 I
2088 208 57 25 have
2161 214 49 25 not,
2222 213 25 20 at
2265 217 45 25 any
2328 210 54 24 time
2402 210 79 31 before

1900 246 22 16 or
1933 240 71 28 since,
2095 242 41 23 but
2153 243 151 29 whether,'in
2323 250 156 25 consequence

1899 271 23 24 of
1937 272 39 24 the
1996 278 165 20 remonstrance
2181 275 27 24 of
2226 276 48 23 Mr.
2295 276 60 29 Fox,
2374 284 26 15 or
2419 277 59 24 from

1898 304 111 25 whatever
2025 313 73 23 cause,
2119 314 37 20 we.
2162 307 64 25 learn
2239 309 36 23 for
2291 309 39 23 the
2349 309 53 23 first
2423 310 54 24 time

1899 337 55 29 that,
1966 338 38 23 the
2015 338 73 24 words
2125 330 141 48 a^nyftime
2274 342 78 23 before
2361 349 26 16 or
2420 342 58 24 have

1898 369 57 24 been
1966 370 85 30 erased,
2063 379 25 16 or
2098 372 22 23 if
2133 369 89 34 n'ot'sp,'
2229 374 49 24 that
2288 375 25 23 in
2324 374 40 23 the
2375 374 104 25 instance

1898 403 24 23 of
1936 403 49 25 Mr.
1998 403 51 25 Fox
2059 403 55 32 they
2124 407 138 29 were«ty*be
2277 407 122 31 dispensed
2414 408 65 25 with.

1898 433 26 26 If
1937 436 57 24 such
2004 437 21 23 is
2035 436 37 24 the
2089 445 58 22 case,
2159 438 56 25 then
2232 447 35 16 we
2284 440 99 24 contend
2400 440 50 24 that
2460 442 21 23 it

1898 475 45 17 was
1953 469 83 30 illegal,
2049 477 24 16 as
2085 470 64 24 there
2161 470 45 25 had
2223 471 60 25 been
2302 481 29 15 no
2343 473 133 31 promulga-

1898 502 46 23 tion
1955 503 28 22 of
1995 502 38 23 the
2045 503 48 23 rule
2103 511 25 16 as
2140 504 116 30 amended,
2269 506 44 23 and
2324 506 21 23 if
2353 506 19 23 it
2382 506 22 23 is
2415 510 24 20 to
2450 507 29 23 be

1897 534 85 24 altered
2001 539 23 19 to
2044 539 60 20 meet
2123 536 124 24 individual
2269 546 71 21 cases,
2361 539 56 23 then
2439 539 40 24 the

1898 572 118 26 argument
2026 568 26 23 of
2064 576 43 21 pur
2127 573 170 28 contemporary
2308 572 25 23 in
2350 577 95 26 support
2456 573 27 23 of

1898 600 36 24 the
1946 600 183 25 reasonableness
2140 602 26 23 of
2178 602 39 24 the
2236 603 50 23 rule
2307 611 30 17 on
2349 609 95 19 account
2455 605 28 24 of

1896 633 30 23 its
1937 634 132 31 generality,
2081 634 51 24 falls
2144 639 24 19 to
2178 635 39 24 the
2234 637 89 30 ground
2331 645 7 20 ;
2357 637 53 29 and,
2423 645 56 16 con-
2493 655 1 4 .

1897 666 125 32 sequently,
2035 667 37 23 the
2089 668 187 24 reasonableness
2292 670 27 22 of
2332 670 39 23 the
2392 670 88 31 object-

1896 699 38 24 ion
1945 701 191 30 proportionately
2146 701 170 31 strengthened.

1930 732 94 32 Having
2046 734 74 23 stated
2147 741 42 16 our
2216 735 105 30 opinions
2350 743 61 24 upon
2439 736 41 24 the

1896 765 95 32 subject,
2004 774 33 16 we
2048 774 38 16 are
2097 771 40 20 not
2156 772 175 27 presnmptuous
2352 769 91 31 enough
2455 774 24 19 to

1896 805 98 25 suppose
2011 800 18 23 it
2046 800 19 23 is
2086 800 56 24 such
2154 808 26 16 as
2199 800 45 24 will
2262 809 66 23 carry
2339 809 46 25 any
2395 802 85 31 weight

1896 831 54 23 with
1961 832 25 28 it,
1999 837 23 19 at
2032 833 38 23 the
2082 840 61 17 same
2154 834 62 29 time,
2237 842 32 15 we
2282 834 67 24 could
2368 840 42 19 not
2420 835 60 24 have

1896 865 114 24 remained
2022 866 67 23 silent
2107 866 43 24 and
2169 866 94 31 thereby
2274 868 58 23 have
2352 867 59 25 been
2422 876 55 23 sup-

1896 897 70 31 posed
1977 902 22 19 to
2011 899 115 30 acquiesce
2147 900 24 23 in
2183 899 37 24 the
2233 901 55 23 view
2309 900 71 24 taken
2399 901 27 24 of
2439 901 39 24 the

1896 934 81 20 matter
1987 931 31 31 by
2029 939 41 16 our
2086 937 179 26 contemporary.

1929 964 69 23 Since
2014 965 91 30 writing
2121 965 39 23 the
2174 965 78 29 above,
2265 972 33 16 we
2305 965 61 24 have
2376 967 103 23 received

1896 996 39 23 the
1952 996 115 31 following
2084 997 75 29 letter,
2178 998 73 23 which
2270 998 37 23 his
2330 998 83 25 Honor
2441 999 41 24 the

1897 1029 71 24 Chief
1989 1030 94 29 Justice,
2114 1030 40 24 has
2183 1030 120 25 addressed
2332 1037 24 19 to
2385 1032 95 24 Colonel

1896 1062 134 29 Wakefield,
2049 1063 22 23 in
2091 1071 87 16 answer
2198 1069 22 18 to
2240 1064 38 24 the
2296 1064 123 25 document
2437 1066 42 23 ad-

1896 1096 93 24 dressed
2001 1101 21 18 to
2035 1096 35 24 his
2080 1096 89 31 Honor,
2183 1098 44 23 and
2243 1098 127 24 forwarded
2390 1103 23 19 to
2431 1098 48 24 him

1895 1127 88 33 by'that
1994 1129 137 32 gentleman.

2102 1190 144 28 Wellington,
2258 1190 65 28 April
2331 1191 22 26 6,
2364 1192 61 20 1843.

1923 1216 47 27 Sir,
1972 1227 28 5 —
2001 1216 11 23 I
2029 1216 55 21 have
2102 1217 102 21 received
2221 1218 38 20 the
2278 1217 118 21 memorial
2414 1217 67 21 dated

1896 1242 65 28 April
1974 1245 20 25 3,
2010 1242 71 23 which
2095 1250 45 21 you
2149 1251 58 15 were
2220 1244 119 28 requested
2353 1246 23 19 to
2386 1243 96 23 forward

1895 1273 22 18 to
1926 1276 44 16 me.
2027 1274 3 8 '

1922 1296 59 22 That
1989 1296 113 22 memorial
2112 1296 18 21 is
2140 1296 24 22 in
2175 1297 28 21 its
2212 1296 45 22 self
2263 1297 27 21 of
2296 1304 13 14 a
2318 1304 56 20 very
2383 1296 100 28 singular

1895 1326 87 24 nature,
1998 1324 40 21 but
2054 1323 37 22 the
2107 1330 78 15 names
2199 1322 129 23 subscribed
2341 1324 87 24 thereto
2443 1331 44 15 are.

1896 1349 55 22 such
1961 1357 22 14 as
1993 1353 22 18 to
2025 1349 49 27 give
2085 1357 14 14 a
2108 1349 80 27 degree
2198 1350 24 22 of
2234 1350 83 27 weight
2326 1353 24 19 to
2360 1358 44 19 any
2414 1350 68 22 docu-

1895 1379 68 18 ment.
1992 1376 43 21 For
2048 1375 37 22 the
2095 1376 142 23 information
2247 1377 26 22 of
2283 1377 38 22 the
2331 1381 89 23 greater
2430 1380 51 25 part

1895 1402 107 28 probably
2009 1403 27 21 of
2040 1402 36 22 the
2083 1403 162 27 memorialists,
2251 1404 19 21 it
2279 1411 52 20 may
2338 1405 26 21 be
2373 1411 80 21 proper
2459 1407 23 19 to

1896 1432 56 19 state
1968 1429 47 22 that
2030 1429 36 22 the
2076 1429 140 29 declaration,
2228 1430 73 22 which
2317 1432 19 20 is
2352 1430 94 23 deemed
2456 1438 26 14 so

1896 1456 167 28 objectionable,
2074 1456 40 22 has
2123 1456 57 23 been
2189 1458 65 21 made
2261 1458 44 21 and
2314 1457 79 28 signed
2402 1458 30 27 by
2437 1461 46 18 two

1896 1482 126 28 Barristers,
2033 1482 72 23 whom
2115 1483 12 22 I
2136 1483 58 23 have
2200 1491 30 14 no
2239 1491 80 15 reason
2330 1489 22 17 to
2361 1484 87 22 believe
2458 1488 23 18 to

1895 1510 33 31 be_
1941 1509 91 22 inferior
2045 1513 24 18 to
2081 1510 58 22 their
2151 1510 104 22 brethren
2270 1512 23 21 in
2309 1512 64 23 point
2386 1511 27 22 of
2427 1511 55 27 high

1895 1536 107 28 principle
2011 1543 25 15 or
2043 1536 153 28 intelligence;
2208 1538 44 22 and
2262 1537 86 23 further
2356 1538 50 22 that
2415 1538 17 21 it
2441 1538 41 22 has

1896 1566 58 19 been
1964 1564 109 27 approved
2082 1563 30 29 by
2122 1564 37 21 the
2169 1564 87 22 Leader
2266 1565 25 21 of
2302 1564 40 22 the
2350 1565 47 21 Bar
2406 1565 25 21 of
2438 1565 45 21 this

1898 1590 88 27 Colony,
1996 1590 53 22 than
2055 1590 73 23 whom
2135 1590 12 23 I
2155 1598 36 15 am
2198 1590 53 23 bold
2257 1595 22 18 to
2285 1598 48 21 say,
2342 1591 63 22 there
2413 1592 68 22 exists

1896 1620 41 18 not
1955 1624 13 14 a
1982 1624 60 15 more
2061 1617 128 27 sensitively
2204 1625 25 14 or
2245 1618 84 27 sternly
2345 1618 136 22 honourable

1896 1650 61 15 man.
1986 1644 11 21 I
2008 1644 100 22 mention
2117 1644 63 22 these
2185 1644 56 22 facts
2250 1645 82 28 simply
2338 1646 35 21 for
2383 1645 37 22 the
2430 1653 53 20 pur-

1896 1677 53 21 pose
1959 1671 25 21 of
1989 1670 74 28 giving
2070 1670 153 23 information.

1926 1697 92 27 Having
2031 1697 78 27 regard
2124 1701 23 18 to
2164 1698 37 22 the
2216 1699 173 21 circumstances
2401 1699 26 21 of
2439 1699 43 22 this

1898 1724 92 27 Colony,
2001 1724 11 22 I
2023 1731 35 15 am
2069 1724 97 22 satisfied
2175 1725 48 21 that
2233 1725 10 21 I
2255 1733 36 14 am
2301 1725 69 28 doing
2380 1733 38 20 my
2427 1726 54 27 duty

1897 1750 94 23 towards
2001 1751 51 22 both
2060 1751 38 22 the
2105 1750 61 28 legal
2174 1752 122 27 profession
2305 1752 44 22 and
2357 1752 37 22 the
2404 1753 77 27 people

1897 1778 27 21 of
1936 1777 38 22 the
1983 1778 53 21 land
2044 1778 24 21 in
2082 1778 98 27 refusing
2189 1781 22 19 to
2222 1779 69 27 enrol,
2306 1786 25 15 as
2341 1779 71 23 either
2427 1780 56 22 Bar-

1896 1805 66 21 rister
1975 1812 25 14 or
2014 1804 101 22 Solicitor
2128 1805 27 21 of
2168 1805 36 22 the
2220 1806 108 27 Supreme
2345 1806 75 27 Court,
2438 1813 45 20 any

1897 1839 53 14 man
1960 1831 48 22 who
2017 1831 45 23 will
2076 1834 40 19 not
2129 1835 93 19 consent
2235 1835 24 19 to
2272 1832 68 28 bring
2352 1833 78 22 within
2444 1832 39 23 the

1898 1858 134 28 cognizance
2041 1858 26 22 of
2075 1858 39 22 the
2123 1859 69 21 Court
2201 1858 38 23 the
2248 1867 77 14 course
2335 1860 26 21 of
2366 1859 37 22 his
2411 1860 72 31 previ-

1898 1892 40 15 ous
1948 1885 142 27 professional
2098 1884 46 23 life.
2174 1886 71 22 When
2260 1886 38 22 the
2314 1886 131 22 authorities
2462 1889 22 19 at

1897 1912 73 26 home,
1982 1915 22 18 to
2009 1912 73 22 whom
2091 1912 25 22 in
2125 1912 44 22 this
2180 1913 43 21 and
2232 1913 25 21 in
2268 1920 67 21 every
2341 1916 82 19 matter
2432 1920 51 14 con-

1897 1939 81 21 nected
1987 1938 52 22 with
2055 1939 39 21 the
2107 1939 176 23 administration
2292 1940 27 21 of
2330 1940 86 22 Justice
2430 1940 53 22 here

1898 1966 12 21 I
1927 1973 36 14 am
1978 1966 139 26 responsible,
2139 1966 57 22 shall
2214 1966 39 22 tell
2272 1974 36 14 me
2328 1967 49 21 that
2396 1967 12 21 I
2425 1967 58 21 have

1897 1992 65 21 acted
1979 1990 147 27 erroneously,
2133 1995 2 5 '
2143 1992 39 21 the
2197 1994 127 24 regulation
2338 1994 25 19 in
2381 1994 101 26 question

1898 2016 45 23 will
1952 2023 63 15 cease
2025 2022 22 16 to
2056 2018 30 21 be
2099 2017 112 22 enforced.

1953 2043 11 22 I
1973 2042 57 23 have
2040 2043 37 22 the
2088 2043 87 22 honour
2184 2047 22 19 to
2215 2044 29 23 be
2255 2045 41 27 Sir,

2059 2070 61 28 Very
2129 2071 143 28 respectfully
2280 2079 69 20 yours

2221 2098 111 23 Willtam
2349 2100 107 22 Martin.

1926 2125 32 21 To
1969 2124 47 23 Col.
2027 2124 97 23 William
2135 2124 130 24 Wakefield.

1933 2161 43 23 We
1988 2166 81 18 cannot
2087 2168 67 24 agree
2165 2161 55 24 with
2230 2162 37 23 his
2286 2162 85 24 Honor
2383 2162 49 24 that
2444 2163 39 24 the

1898 2201 93 17 reasons
2002 2194 105 31 assigned
2119 2194 30 31 by
2159 2195 56 28 him,
2227 2195 25 23 in
2264 2195 38 23 the
2321 2196 71 24 above
2408 2195 78 30 letter,,

1899 2227 72 24 afford
1990 2235 44 23 any
2048 2228 150 31 justification
2210 2228 26 24 of
2253 2228 37 24 the
2304 2228 127 25 obnoxious
2443 2229 38 24 de-

1900 2260 115 24 claration.
2051 2261 31 23 In
2101 2261 64 31 point
2183 2261 26 24 of
2225 2261 54 30 fact,
2292 2261 54 32 they
2357 2262 58 24 have
2428 2263 53 23 both

1899 2294 57 24 been
1968 2294 114 24 answered
2100 2294 33 32 by
2143 2295 146 32 anticipation
2310 2296 25 23 in
2350 2295 49 25 Mr.
2412 2295 70 24 Fox's
2497 2321 2 5 n

1898 2327 68 23 letter
1976 2331 22 19 to
2009 2327 35 23 his
2055 2328 78 24 Hono.
2136 2341 32 4 —
2168 2329 50 23 Ist.
2232 2328 63 24 That
2307 2333 44 19 two
2358 2329 125 23 Barristers

1898 2361 58 23 have
1968 2360 64 24 made
2042 2361 39 23 the
2093 2361 136 24 declaration
2248 2366 24 19 at
2288 2361 125 25 Auckland
2431 2370 51 24 may

1899 2395 29 23 be
1940 2399 48 19 true
1989 2406 32 5 —
2021 2394 41 24 but
2074 2394 60 24 what
2145 2402 59 17 were
2216 2395 58 24 their
2285 2395 88 32 private
2385 2395 95 25 circum-

1900 2433 89 18 stances
1996 2428 11 23 ?
2025 2427 38 24 did
2074 2428 54 31 they
2143 2436 26 16 or
2186 2428 39 24 did
2236 2428 55 32 they
2305 2433 42 19 not
2357 2433 93 20 amount
2461 2434 22 18 to

1900 2460 139 33 compulsion
2049 2461 10 24 ?
2077 2461 52 30 and,
2150 2462 25 23 in
2192 2462 108 29 addition,
2319 2461 59 25 have
2394 2462 54 31 they
2459 2470 24 16 or

1900 2494 57 24 have
1968 2494 53 31 they
2032 2499 40 18 not
2082 2495 57 24 been
2151 2496 74 30 guilty
2234 2496 26 24 of
2268 2503 14 16 a
2293 2495 91 32 neglect
2396 2496 24 23 of
2429 2496 54 30 duty

1902 2527 94 25 towards
2018 2528 59 23 their
2095 2528 151 31 professional
2261 2529 118 29 brethren,
2392 2528 51 30 and,
2454 2529 28 30 by

1901 2561 58 23 their
1971 2561 158 24 inadvertence
2140 2562 24 23 in
2175 2567 40 18 not
2227 2562 116 32 objecting
2354 2566 24 19 to
2396 2562 38 23 the
2445 2562 37 23 de-

1900 2594 115 29 claration,
2027 2594 89 24 thrown
2133 2595 40 23 the
2188 2603 58 15 onus
2265 2595 24 24 of
2299 2594 71 32 doing
2387 2604 26 15 so
2424 2602 59 24 upon

1901 2628 48 24 Mr.
1963 2627 50 24 Fox
2021 2629 10 23 ?
2067 2628 78 31 2ndly.
2159 2628 76 24 There
2246 2629 20 23 is
2274 2636 31 16 no
2316 2629 85 23 refusal
2411 2636 28 17 on
2448 2629 47 23 the-

1901 2665 51 28 part
1961 2662 24 22 of
1991 2661 46 24 Mr.
2046 2661 50 23 Fox
2103 2665 22 20 to
2131 2665 43 28 put
2179 2662 37 23 his
2223 2662 107 31 previous
2335 2662 148 31 professional

1900 2687 40 31 life
1945 2695 48 23 into
1999 2694 38 24 the
2044 2694 73 24 hands
2125 2695 25 24 of
2154 2695 38 24 the
2199 2695 72 24 Court
2276 2704 6 20 ;
2292 2703 30 16 on
2328 2696 39 23 the
2372 2700 110 26 contrary,

1901 2728 30 24 he
1940 2728 80 24 admits
2032 2728 38 23 the
2079 2736 75 23 power
2164 2728 24 24 of
2197 2728 39 24 the
2248 2729 74 23 Court
2332 2733 31 23 to.
2368 2728 68 25 make
2447 2728 36 24 the

1903 2763 101 29 enquiry,
2016 2762 21 23 if
2051 2762 19 23 it
2089 2761 80 24 thinks
2189 2769 81 25 proper
2279 2771 7 20 ;
2304 2762 43 23 but
2363 2762 31 25 he
2410 2762 74 24 denies

1903 2794 39 24 the
1952 2795 61 31 right
2022 2794 27 24 of
2057 2795 39 23 the
2108 2796 73 23 Court
2191 2800 24 19 to
2225 2795 70 25 make
2306 2796 40 23 the
2357 2797 94 30 enquiry
2462 2795 24 23 of

1902 2828 99 29 himself,
2013 2829 43 23 and
2069 2829 49 23 that
2128 2829 24 24 in
2164 2833 70 20 terms
2245 2829 74 24 which
2330 2829 90 24 involve
2431 2836 53 24 sup-

1902 2863 110 30 positions
2023 2862 138 31 derogatory
2173 2867 40 19 not
2230 2863 54 30 only
2295 2867 23 19 to
2335 2862 99 29 himself,
2445 2862 40 23 but

1903 2900 23 19 to
1938 2895 38 24 the
1985 2895 61 31 body
2057 2900 24 19 to
2091 2895 73 24 which
2173 2895 30 24 he
2214 2895 103 32 belongs.

1937 2955 30 22 In
1978 2955 94 23 another
2089 2955 91 23 column
2198 2956 25 22 of
2239 2963 41 15 our
2295 2963 80 22 paper,
2396 2955 46 23 will
2457 2955 27 23 be

1903 2987 77 29 found,
2001 2987 38 23 the
2060 2987 85 24 results
2163 2988 25 23 of
2203 2995 41 16 our
2262 2987 47 24 last
2318 2987 167 24 Horticultural

1903 3020 75 24 Show.
2013 3020 111 24 Whether
2136 3020 38 24 the
2185 3020 56 31 long
2256 3020 136 31 prevalence
2409 3022 26 22 of
2449 3021 37 23 the

1902 3053 45 23 late
1959 3053 41 31 dry
2009 3053 98 24 weather
2119 3061 47 16 was
2176 3053 135 24 occasioned
2356 3054 38 23 the
2406 3058 80 25 comet,

1903 3094 25 15 or
1940 3086 59 23 what
2009 3091 47 25 not,
2069 3094 33 16 we
2114 3086 45 24 had
2171 3087 90 23 evident
2270 3087 75 31 proof,
2363 3087 51 25 that
2430 3095 54 15 even

1902 3119 39 24 the
1962 3119 129 31 scortching
2114 3120 77 24 effects
2213 3120 25 24 of
2263 3128 14 16 a
2300 3124 83 25 comet,
2406 3126 80 18 cannot

1883 3172 2 3 .
1903 3152 71 25 check
1985 3153 37 24 the
2032 3161 108 23 progress
2152 3154 25 23 of
2190 3154 131 31 vegetation
2333 3154 25 23 in
2375 3154 47 24 this
2432 3157 49 28 part

1903 3186 25 24 of
1942 3186 38 24 the
2002 3187 96 31 Colony.
2147 3187 100 31 Though
2269 3195 43 16 our
2328 3187 118 24 collection
2465 3187 23 23 of

1902 3220 95 30 flowers,
2006 3220 73 31 owing
2085 3225 23 18 to
2115 3220 39 24 the
2161 3229 82 15 season
2248 3221 25 23 of
2277 3221 39 23 the
2323 3229 63 23 year,
2391 3228 52 24 may
2448 3224 36 20 not
2498 3230 1 11 <

1901 3253 58 24 have
1969 3253 58 24 been
2039 3262 26 15 so
2077 3262 122 16 numerous
2211 3262 26 16 or
2248 3253 77 25 varied
2337 3262 26 16 as
2381 3258 23 20 at
2422 3254 60 23 other

1903 3294 100 22 seasons,
2015 3286 63 24 there
2096 3295 46 15 was
2164 3295 13 15 a
2193 3287 97 24 marked
2308 3288 135 31 superiority
2460 3293 23 16 as

1903 3324 23 19 to
1945 3320 85 31 quality
2053 3320 45 24 and
2120 3321 105 31 quantity
2240 3321 25 23 of
2280 3321 32 23 all
2329 3321 41 24 the
2387 3320 96 30 culinary

1902 3354 144 30 productions
2070 3354 25 23 of
2120 3354 40 23 the
2182 3353 95 24 kitchen
2296 3354 96 31 garden.
2442 3352 39 25 We

1902 3387 57 23 have
1976 3387 60 23 been
2058 3394 14 16 a
2091 3391 105 20 constant
2215 3387 125 30 attendant,
2363 3388 35 23 for
2418 3393 80 29 nrany^

1902 3427 73 23 years,
1994 3424 23 19 at
2029 3427 41 16 our
2079 3424 66 27 great
2161 3420 131 24 Sraithfield
2310 3421 136 23 exhibitions
2461 3422 20 20 at

1902 3453 73 29 home,
1995 3452 44 24 and
2068 3460 31 16 we
2123 3453 74 25 would
2223 3453 122 33 fearlessly
2371 3453 109 30 challenge

1903 3486 96 24 Messrs.
2023 3486 84 30 Gibbs,
2130 3486 109 33 Phillips,
2262 3487 45 25 &c.
2331 3492 25 19 to
2377 3482 59 29 beat'
2445 3485 36 24 the

1902 3519 144 32 productions
2059 3519 25 24 of
2098 3519 59 25 Port
2168 3520 136 25 Nicholson.
2340 3521 37 24 As
2385 3528 13 16 a
2406 3518 73 29 whole,

1902 3560 33 16 we
1945 3556 60 20 must
2015 3560 50 24 say,
2076 3560 34 17 we
2119 3561 69 17 never
2200 3561 46 17 saw
2263 3562 45 23 any
2327 3554 116 24 collection
2460 3556 19 18 to

1902 3585 65 32 equal
1979 3585 37 25 the
2027 3586 131 31 vegetables
2169 3587 101 24 exibited
2281 3587 31 31 by
2323 3587 85 24 Daniel
2424 3584 54 26 Rid-

1902 3613 80 35 diford,
1994 3618 68 32 Esq.,
2074 3620 26 23 of
2114 3620 40 24 the
2171 3620 65 25 Hutt
2236 3633 33 5 —
2269 3620 101 25 whether
2380 3620 34 23 for
2429 3620 49 25 size,

1902 3660 26 16 or
1935 3652 75 31 purity
2022 3653 26 23 of
2062 3653 96 30 growth,
2171 3654 25 24 of
2201 3660 78 25 -every
2291 3654 122 31 specimen.
2452 3650 36 24 In-

1903 3686 69 28 short,
1990 3692 33 17 we
2046 3693 52 25 may
2119 3686 68 33 fairly
2273 3686 51 25 that
2342 3686 39 25 the
2399 3684 79 31 Judges

1902 3726 59 16 were
1969 3718 74 32 sorely
2055 3719 97 32 puzzled
2162 3713 119 33 to?cWose
2292 3720 39 24 the
2335 3720 57 24 .best
2403 3723 76 23 among

1902 3752 39 24 the
1962 3752 66 30 good.
2075 3752 54 25 One
2157 3754 107 31 cabbage,
2288 3760 83 24 grown,
2384 3752 31 31 by
2434 3749 42 25 Mr.

1891 3798 5 3 -
1902 3785 85 29 James,
1997 3792 13 16 a
2021 3790 102 27 cottager
2135 3791 24 20 at
2168 3786 95 24 Wade's
2278 3786 86 29 Town,
2383 3780 94 35 weighed

1902 3818 113 32 forty-one
2027 3819 98 31 pounds.
2178 3819 70 25 Some
2256 3819 115 24 excellent
2381 3815 95 27 varieties

1903 3852 25 23 of
1942 3855 101 28 potatoes
2054 3860 59 16 were
2131 3852 124 29 exhibited,
2272 3852 46 24 and
2338 3859 33 17 we
2387 3851 56 23 have
2451 3853 26 18 no

1903 3885 77 29 doubt,
1992 3884 49 24 that
2050 3885 46 24 had
2107 3893 35 17 we
2152 3885 58 25 been
2220 3886 25 23 in
2255 3885 141 31 possession,
2407 3891 13 16 a
2430 3886 46 27 year

1904 3925 24 17 or
1940 3923 43 19 two
1994 3926 50 23 ago,
2057 3919 25 24 of
2097 3919 60 32 good
2168 3918 62 30 seed,
2241 3926 35 16 we
2291 3917 82 30 would,
2385 3923 36 17 ere
2429 3913 46 27 this,

1902 3952 71 24 have'
1989 3952 108 31 exported
2124 3956 104 28 potatoes
2248 3956 24 19 to
2296 3959 14 16 a
2332 3944 144 31 considerable

574 46 102 46 fcije
699 47 119 42 ttfeta
844 47 209 42 Zmlmxti
1077 48 192 47 i&amu
1291 50 93 40 mh
1402 50 305 45 tmtMnqtim
1732 49 248 46 &pmatot\

42 149 26 11 <r
70 147 3 3 -
290 133 62 23 Salo
372 133 30 22 of
416 134 202 22 Merchandize.

184 158 89 41 J^feN,
283 156 95 33 WAJOE
391 167 40 21 has
445 161 103 28 received
552 166 107 23 <Unstruc-

66 189 73 35 pja.
168 193 60 21 tioM
240 193 57 21 from
306 191 92 30 Messrs.
408 193 71 22 Want
489 193 49 28 and.
548 193 77 28 Tyser;
636 197 23 18 to

38 235 4 3 .
75 224 49 18 sew
135 219 29 27 by
185 218 78 23 Public
281 219 106 27 Auction,
411 222 23 19 at
445 217 64 26 'their
527 218 89 29 stores?,/
628 226 30 16 on

38 242 249 31 g^Jwlnesday&xext,
301 246 38 22 the
344 245 55 24 12th
408 245 93 28 instaritV
509 246 67 22 at£!2
590 253 66 20 noon,

75 271 39 23 the
122 271 115 28 following
247 273 82 28 Goods,
339 280 29 15 ex
379 273 83 26 Sisters,
473 273 40 21 &c.
514 283 29 6 —

101 306 14 20 9
131 310 59 15 cases
200 303 98 29 tobacco,

93 346 2 8 ,
101 332 15 21 2
128 329 55 27 kegs
193 330 101 26 tobacco,

101 358 27 23 13
141 356 51 23 half
198 356 72 23 chests
280 361 43 25 tea,

100 384 25 21 3S
125 385 3 18 I
142 386 91 25 quarter
242 384 72 23 chests
324 387 41 23 tea,
372 397 25 9 >
484 400 4 5 .
514 381 7 6 '
555 396 7 4 -

101 412 91 25 100,000
206 409 175 24 Van-Diemefa's
391 410 69 25 Land:
465 410 102 28 shingles,
630 417 4 4 •

101 438 12 20 1
128 436 50 23 bale
187 436 67 24 blank
257 435 71 28 ets/f'
343 438 14 23 '7
393 439 4 20 ;
527 437 12 22 i
540 433 15 22 '"•

101 464 11 21 1
129 464 52 21 cask
191 462 73 28 cyder,
271 465 10 8 •*
294 464 10 8 l'"t"l
309 466 14 7 '"
323 464 4 7 t
402 463 3 6 '
454 463 4 5 '

99 490 28 21 17
141 490 54 26 bags
205 493 54 23 oats,

101 518 26 19 10
141 516 54 27 bags
204 516 81 27 barley,

99 542 22 21 A
131 541 60 28 large
201 542 45 22 and
261 543 75 22 varied
351 545 132 20 assortment
492 543 25 22 of
531 542 122 27 hardware)

72 568 66 28 slops,
147 569 40 22 &c.
433 586 4 7 ,

38 602 202 28 ■^.-Wellington,
251 602 64 29 April
322 602 21 28 1,
356 604 60 21 1843.
588 619 4 3 .
622 602 4 10 '
649 598 13 25 *i

73 652 72 49 ON
160 652 87 27 SALE,,
254 656 23 18 at
285 652 37 23 the
332 654 73 23 Stores
415 654 25 22 of
447 653 37 22 the
494 652 157 28 undersigned,

150 687 28 14 ex
188 679 72 22 Scotia
260 690 28 6 —

170 711 84 28 -Flour,

179 739 79 26 Rice,;
314 754 3 6 ,
370 751 4 9 f

135 780 11 14 
179 765 77 28 Sugar,
285 784 4 4 .
365 783 6 3 .
397 783 3 10 ,
414 783 4 3 .

177 793 100 27 Brandy,
307 811 4 5 .
421 808 3 4 .
555 799 3 3 '
586 805 5 7 <

120 840 4 5 ,
127 838 11 13 (i
166 821 3 3 '
177 819 89 22 Bottled
277 819 34 22 a?e
322 818 43 22 and
376 821 80 26 porter,
467 819 21 22 D
491 817 78 29 unbar,

313 852 96 22 Thomas
424 852 34 22 M.
473 852 148 23 Machattje.

57 898 4 3 .
95 878 66 28 April
171 879 24 27 7,-
203 880 59 21 1843.

132 929 29 21 R.
183 926 81 24 TOHN
284 928 95 22 WADE
394 927 44 23 will
449 927 41 22 sell
503 927 30 27 by
543 927 106 26 Auction,

159 958 23 19 at
193 962 29 15 an
232 955 61 27 early
303 955 50 28 day,
365 962 28 15 ex
402 955 107 21 Navarino
510 965 28 4 —

55 1008 5 3 ,
93 990 14 24 9.
117 987 64 24 hlids.
191 988 93 28 brandy,
295 988 105 27 superior,

92 1016 44 21 200
144 1015 72 22 dozen
226 1015 85 22 bottled
322 1018 82 24 porter,

91 1043 30 21 50
130 1042 138 28 Westphalia
277 1042 73 27 hams,

92 1070 14 21 5
117 1077 25 14 or
150 1071 14 20 6
174 1073 50 18 tons
232 1069 52 27 hay,

92 1097 14 20 3
117 1096 73 22 dozen
201 1096 82 22 Dutch'
287 1096 82 28 clocks,
403 1113 4 5 .

67 1141 6 8 t
92 1124 14 20 2
113 1130 64 15 cases
197 1123 87 27 writing
304 1123 72 27 desks,
394 1122 78 23 ladies'
491 1123 59 22 work
570 1123 77 26 boxes,

65 1149 44 22 and
120 1153 38 19 tea,
165 1150 97 26 caddies,

91 1177 13 20 5
115 1175 79 23 ladies'
204 1177 100 26 bonnets,
315 1176 69 23 latest
390 1176 106 28 fashions,
507 1178 20 20 &
537 1176 112 27 trimmed,

92 1204 13 21 1
117 1203 45 22 box
171 1203 102 22 artificial
282 1203 97 27 flowers,'

81 1231 23 20 '1
114 1230 46 21 box
169 1230 148 27 gentlemen's
325 1232 87 26 stocks,.

65 1264 78 21 Terms
148 1263 46 22 and
203 1263 129 28 particulars
338 1265 23 21 in
368 1272 13 14 a
387 1265 73 22 future
467 1265 180 23 advertisement.

89 1296 66 28 April
164 1298 21 25 4,
197 1298 60 20 1843,
