2510 4020
102 74 6 20 NEW
108 74 2 20 ZEALAND
109 74 2 20 GAZETTE

36 94 2434 201 AND

36 295 1217 200 WELLINGTON
1375 295 1095 200 SPECTATOR

578 504 217 36 PUBLISHED
842 504 131 35 EVERY
1016 504 257 34 WEDNESDAY
1317 504 86 34 AND
1450 504 227 36 SATURDAY
1721 504 204 37 MORNING.

530 614 129 34 PORT
685 614 286 41 NICHOLSON,
992 615 304 34 WEDNESDAY
1317 616 240 40 MORNING,
1578 620 258 33 FEBRUARY
1858 625 52 32 23,
1936 626 87 28 1842.

2253 623 99 41 [Vol.
2376 622 49 31 11.

36 623 3 5 '
71 625 64 31 No.
159 623 84 39 118.]

1400 707 169 20 Allotments
1584 707 29 20 of
1628 708 84 19 Land.

1267 738 87 48 FOR
1368 740 83 26 SALE,
1470 739 126 21 allotments
1610 740 27 21 of
1652 740 51 22 land
1713 748 29 14 on
1757 740 31 22 Te
1798 741 47 22 Aro

1325 766 56 27 Plat,
1391 766 53 22 with
1453 766 112 26 frontages
1575 770 20 17 to
1606 766 62 22 Cuba
1677 767 44 21 and
1728 767 117 22 Ghuznee-

1267 795 85 19 streets.
1380 792 44 22 No.
1436 792 23 21 of
1471 800 57 18 acre,
1541 794 46 19 154.

1293 818 43 22 For
1345 819 63 27 plans
1419 819 44 22 and
1472 818 136 28 particulars,
1619 819 66 28 apply
1697 823 21 18 to

1668 847 28 21 A.
1712 846 105 23 Ludlam.

1292 870 155 28 Willis-street,
1458 872 53 21 Jan.
1522 873 33 25 12,
1567 873 58 21 1342.

1266 915 65 47 TO
1346 916 38 21 BE
1399 916 65 26 LET,
1480 916 38 22 the
1534 919 59 19 town
1612 924 50 14 acre
1679 917 43 21 No.
1738 918 48 27 210,
1797 925 29 14 on

1337 942 101 27 building
1447 943 68 27 lease,
1524 943 35 21 for
1567 943 101 21 fourteen
1679 950 70 21 years.

1291 967 32 23 To
1331 969 29 21 be
1370 969 31 21 let
1408 976 25 15 or
1442 969 54 28 sold,
1508 970 37 22 the
1557 973 56 19 town
1622 977 50 14 acre
1682 970 44 22 No.
1736 971 47 22 642.

1532 1003 24 22 J.
1571 1002 24 23 T.
1610 1002 145 28 Wicksteed,

1597 1029 219 27 Hawkstone-street,

1475 1074 39 20 To
1529 1074 33 20 be
1577 1074 56 24 Let,

1268 1105 160 49 SEVERAL
1442 1107 92 21 TOWN
1545 1107 103 26 ACRES,
1656 1107 23 22 in
1690 1107 87 22 various
1786 1111 59 24 parts

1313 1133 42 21 'of
1367 1133 144 27 Wellington.
1540 1133 44 22 For
1591 1133 136 28 particulars,
1742 1135 63 27 apply
1822 1138 22 18 to

1439 1167 26 21 E.
1481 1167 140 27 Catchpool,
1633 1167 107 22 Dickson*
1745 1171 73 19 street.

1475 1219 162 26 Wanganui.

1265 1250 87 48 FOR
1366 1251 83 22 SALE.
1450 1263 29 3 —
1479 1251 66 22 Land
1562 1252 99 22 between
1680 1260 42 14 one
1740 1253 45 21 and
1802 1256 42 18 two

1336 1277 62 22 miles
1416 1279 24 21 of
1452 1278 37 22 the
1505 1278 107 28 township
1630 1283 24 18 at
1672 1279 126 27 Wanganui
1811 1280 35 21 for

1263 1303 51 27 sale,
1325 1304 24 21 in
1359 1304 76 22 blocks
1445 1306 26 20 of
1481 1305 44 21 five
1534 1312 61 15 acres
1608 1306 43 21 and
1666 1306 106 27 upwards,
1785 1313 24 15 or
1822 1309 28 19 to-

1263 1329 31 22 let
1303 1338 29 14 on
1345 1338 53 20 very
1410 1331 79 22 liberal
1499 1335 73 23 terms,
1584 1332 52 22 with
1645 1332 37 22 the
1696 1332 58 27 right
1763 1333 25 21 of
1794 1340 51 20 pur-

1264 1356 72 24 chase.
1365 1358 75 27 Apply
1450 1358 60 22 to-R.
1522 1358 64 27 Park,
1597 1359 60 27 Esq.,
1667 1366 24 14 or
1700 1362 23 19 to

1598 1392 22 21 J.
1635 1392 44 22 and
1695 1393 28 21 G.
1738 1392 80 23 Wade.

1262 1437 79 22 PORT
1363 1438 181 22 NICHOLSON
1573 1439 67 22 AND
1663 1439 181 23 WANGANUI.

1374 1473 91 20 Lands
1475 1474 29 19 to
1514 1473 33 20 be
1559 1473 47 20 Let
1616 1479 31 14 or
1657 1474 72 20 Sold.

1263 1504 162 49 SEVERAL
1445 1505 70 22 Town
1533 1505 45 22 and
1591 1507 99 26 Country
1708 1507 94 21 sections
1820 1507 24 21 in

1325 1531 39 22 the
1376 1532 53 22 Port
1438 1532 124 22 Nicholson
1579 1533 89 26 district,
1684 1533 45 21 and
1746 1534 98 26 Country

1261 1558 95 21 sections
1362 1558 23 22 in
1396 1559 37 21 the
1443 1558 127 28 Wanganui
1579 1559 90 26 district,
1680 1560 52 21 with
1741 1560 37 22 the
1786 1560 59 27 right

1261 1585 26 20 of
1305 1585 62 26 early
1385 1585 87 22 choices
1480 1605 3 4 ,
1489 1585 83 26 {under
1588 1587 34 25 14)
1642 1587 25 21 of
1686 1587 38 21 the
1738 1587 106 21 intended

1261 1611 108 28 township
1376 1611 68 28 there,
1453 1615 23 18 to
1482 1612 27 22 be
1515 1613 49 21 sold
1571 1620 23 14 or
1600 1613 39 21 let.
1666 1613 44 21 For
1716 1614 128 27 particulars

1261 1637 45 22 and
1314 1642 74 23 terms,
1400 1639 66 27 apply
1477 1643 22 17 to

1444 1672 94 22 Robert
1553 1672 27 21 R.
1595 1673 98 27 Strang,
1708 1673 108 22 Solicitor.

1287 1698 145 28 Wellington,
1442 1699 59 22 Nov.
1511 1700 33 26 25,
1556 1701 50 20 1841

1337 1743 131 26 Building
1482 1743 170 21 Allotments
1666 1745 28 19 to
1710 1745 57 21 Let,

1262 1775 90 22 riIHE
1370 1776 199 22 ADVERTISER
1584 1777 64 21 offers
1660 1785 64 19 upon
1736 1777 108 27 Building

1268 1799 30 24 _L
1335 1802 88 27 Leases,
1435 1810 13 14 a
1457 1803 96 21 number
1564 1804 23 21 of
1597 1804 70 21 Town
1675 1804 136 22 Allotments
1819 1804 25 21 in

1262 1829 36 21 the
1307 1833 60 18 most
1375 1829 108 22 desirable
1492 1834 61 23 parts
1563 1830 24 21 of
1598 1830 46 21 this
1652 1831 137 21 Settlement.

1283 1862 51 23 -The
1353 1863 110 21 attention
1480 1864 27 20 of
1523 1863 38 21 the
1578 1864 74 27 public
1668 1864 18 22 is
1702 1864 142 27 particularly

1262 1889 70 22 called
1351 1893 22 17 to
1393 1890 37 21 the
1448 1890 124 27 advantage
1591 1891 26 21 of
1633 1891 106 27 Building
1755 1891 87 26 Leases,

1261 1916 72 22 which
1343 1916 36 22 the
1389 1916 152 27 undersigned
1549 1918 19 20 is
1579 1917 93 22 enabled
1681 1921 22 18 to
1713 1922 72 23 grant,
1793 1919 50 26 viz.,

1261 1943 57 22 from
1327 1950 69 15 seven
1406 1947 23 17 to
1445 1943 138 27 twenty-one
1598 1951 72 20 years,
1687 1945 120 26 according
1821 1948 23 18 to

1261 1970 37 21 the
1316 1970 65 22 value
1400 1970 26 21 of
1445 1970 39 21 the
1508 1970 111 27 buildings
1640 1971 110 28 proposed
1771 1975 22 18 to
1816 1971 28 22 be

1262 1996 95 22 erected.
1385 1996 76 28 Apply
1472 1999 23 19 to

1305 2047 12 8 
1423 2029 22 22 J.
1459 2030 27 22 T.
1501 2030 145 25 Wicksteed,
1659 2038 24 14 or

1420 2062 36 21 ~W.
1473 2062 28 22 V.
1517 2063 110 27 Brewer,'
1639 2064 192 22 Manners-street.

1410 2108 38 20 To
1463 2108 34 20 be
1513 2108 65 20 Sold
1597 2114 29 15 or
1641 2109 55 20 Let.

1260 2138 13 13 rrWOr
1276 2138 76 22 rWo
1366 2138 100 21 Wooden
1477 2138 95 27 Houses,
1583 2146 28 14 on
1620 2139 38 21 the
1663 2140 180 27 Tinakore-road,

1268 2166 25 19 X
1336 2165 37 21 the
1392 2165 83 22 second
1493 2173 50 14 acre
1562 2166 56 21 from
1639 2166 92 28 Captain
1748 2168 95 26 Smith's,

1305 2192 130 26 containing
1447 2192 52 21 four
1507 2199 74 15 rooms
1590 2192 45 22 and
1649 2199 14 14 a
1675 2200 98 21 passage,
1790 2194 55 21 each

1261 2218 52 22 with
1331 2219 51 21 zinc
1400 2219 67 24 roofs,
1494 2219 45 22 and
1562 2219 22 22 in
1607 2227 68 19 every
1692 2225 87 23 respect
1797 2220 48 22 well

1259 2245 102 22 finished.
1389 2245 77 22 Terms
1470 2257 26 4 —
1496 2246 24 21 If
1527 2246 54 26 sold,
1592 2246 60 22 £150
1663 2246 33 23 for
1703 2247 54 22 each
1763 2247 67 22 house
1839 2255 5 19 ;

1261 2272 19 21 if
1291 2272 38 28 let,
1341 2272 31 22 £1
1384 2279 40 20 per
1433 2272 63 22 week
1505 2273 34 22 for
1549 2272 54 23 each
1611 2273 78 23 house.
1716 2274 76 27 Apply
1802 2278 21 18 to
1837 2276 9 25 |

1651 2307 75 22 James
1739 2307 79 23 Watt.

1285 2332 144 27 Wellington,
1439 2333 59 22 Nov.
1507 2333 35 26 27,
1552 2335 57 21 1841.

1450 2378 79 21 Land
1539 2378 42 21 for
1591 2379 66 21 sale.

1263 2411 92 34 npHE
1373 2411 90 22 TOWN
1480 2411 84 22 ACRE
1580 2412 121 22 numbered
1719 2414 26 20 93
1761 2420 29 14 on
1809 2413 36 22 the

1269 2434 29 25 JL
1323 2438 240 27 Surveyor-General's
1577 2446 57 20 map,
1646 2440 45 20 and
1700 2439 37 22 the
1752 2443 92 24 country

1263 2465 84 21 section
1357 2465 123 22 numbered
1488 2467 34 25 27,
1532 2472 29 14 on
1568 2465 36 22 the
1615 2466 92 22 Porirua
1712 2467 64 21 Road
1783 2475 5 18 ;
1800 2467 44 21 also

1264 2491 35 21 the
1311 2495 58 18 town
1381 2498 50 16 acre
1447 2492 125 22 numbered
1580 2494 40 20 383
1637 2500 29 14 on
1676 2493 37 22 the
1724 2501 56 19 map,
1792 2493 52 22 with

1263 2518 37 21 the
1310 2519 190 27 country-section
1509 2519 24 21 in
1544 2519 36 21 the
1591 2519 64 22 order
1665 2521 25 20 of
1702 2520 75 22 choice
1786 2521 47 21 434.

1583 2555 86 22 Henry
1680 2555 30 23 Sti
1722 2556 69 22 Hill.

1282 2599 87 21 Town
1384 2601 54 19 and
1452 2600 124 26 Country
1588 2601 77 20 Land
1680 2603 28 19 to
1724 2601 32 21 be
1772 2603 56 19 Let.

1265 2632 167 49 SECTIONS
1447 2633 47 22 and
1509 2634 98 26 portions
1624 2634 26 21 of
1663 2634 99 22 Sections
1777 2634 24 22 in
1816 2634 29 22 all

1333 2663 60 23 parts
1411 2660 26 21 of
1451 2660 38 21 the
1510 2660 66 21 Town
1594 2660 26 22 of
1636 2660 143 28 Wellington,
1799 2661 45 22 also

1263 2686 101 27 Country
1372 2686 101 23 Sections
1487 2687 25 21 in
1522 2686 38 22 the
1576 2686 94 23 districts
1687 2688 25 21 of
1726 2688 36 21 the
1779 2688 65 27 Hutt,

1263 2712 37 21 the
1315 2713 84 27 Kaiori,
1411 2714 36 21 the
1458 2713 77 27 Ohiro,
1548 2714 44 21 and
1604 2714 45 21 the.
1656 2714 97 22 Porirua.
1782 2714 64 28 Long

1263 2739 70 22 leases
1344 2740 25 21 of
1375 2740 38 22 the
1430 2744 94 23 country
1534 2740 52 22 land
1602 2740 46 22 will
1663 2741 27 22 be
1705 2742 94 26 granted
1816 2749 28 14 on

1263 2766 129 23 reasonable
1405 2771 72 18 terms.
1508 2768 44 20 For
1560 2767 129 27 particulars
1698 2768 65 27 apply
1774 2772 22 17 to

1289 2799 98 23 Hanson
1398 2801 45 21 and
1457 2801 117 26 Alzdorf,
1582 2801 197 28 Thorndon-quay,
1790 2809 24 14 or
1823 2805 21 18 to

1289 2834 96 22 Robert
1395 2835 93 26 Stokes,
1500 2834 64 22 Land
1578 2835 110 27 Surveyor
1704 2834 44 23 and
1762 2836 82 27 Agent,

1445 2861 216 22 Woolcomb-street.

1486 2907 53 19 For
1554 2906 68 25 Sale,

1280 2939 16 21 A
1324 2939 163 22 PORTABLE
1501 2939 102 22 FORGE
1613 2940 115 27 complete,
1739 2940 51 22 with
1800 2940 46 23 bel-

1262 2965 51 22 jOk.
1333 2966 53 21 lows
1394 2966 45 21 and
1449 2966 57 22 tools
1512 2973 5 20 ;
1529 2973 38 20 say
1578 2966 67 28 anvil,
1655 2966 117 28 hammers,
1781 2972 63 22 seats,

1261 2993 107 27 punches,
1380 2996 71 23 tongs,
1468 2993 62 27 rake,
1541 2993 83 27 shovel,
1640 2994 93 28 pincers,
1747 2999 37 23 top
1801 2994 46 22 and

1261 3019 87 22 bottom
1357 3020 64 26 tools,
1432 3020 41 21 &c.
1484 3020 38 21 &c.

1589 3046 81 23 Waitt
1681 3047 45 22 and
1734 3048 82 21 Tyser.

1263 3073 144 27 Wellington,
1418 3073 52 22 Jan.
1481 3075 21 25 6;
1513 3075 60 20 1842.

1491 3118 125 26 Wanted,

1261 3151 51 49 A
1327 3151 135 22 NUMBER
1476 3151 39 22 OF
1532 3151 152 22 WHALERS
1694 3155 23 18 to
1727 3159 84 20 engage
1820 3151 24 22 in

1341 3178 106 22 Barrett's
1458 3178 94 27 Fishery
1561 3182 22 18 at
1591 3179 118 22 Taranaki.
1738 3179 75 27 Apply
1821 3182 23 18 to

1419 3212 132 26 Ridgways,
1567 3212 103 26 Guyton,
1686 3212 45 21 and
1744 3212 71 22 Earp.

1356 3256 142 26 Millinery
1515 3256 119 20 Fashion
1652 3257 97 20 Room.

1262 3289 107 49 MRS.
1386 3290 28 21 A.
1430 3289 97 27 LOWE,
1538 3288 81 33 haying
1629 3289 100 22 received
1737 3296 13 15 a
1759 3290 85 27 variety

1339 3316 26 21 of
1376 3316 37 22 the
1423 3316 66 21 latest
1497 3315 96 23 fashions
1604 3318 57 19 from
1670 3316 109 27 England,
1792 3317 52 27 begs

1260 3346 23 18 to
1292 3343 85 25 inform,
1391 3339 41 25 her
1446 3343 85 22 friends
1550 3343 43 22 and
1610 3343 37 21 the
1661 3343 68 22 ladies
1748 3344 25 21 of
1793 3344 52 21 Part

1259 3369 124 22 Nicholson
1395 3370 48 21 that
1457 3369 53 27 they
1524 3377 37 14 are
1576 3377 51 14 now
1641 3377 57 20 open
1712 3370 34 21 for
1758 3370 87 28 inspec-

1260 3396 55 28 tion,
1327 3403 30 15 on
1366 3396 38 22 the
1414 3396 106 28 premises
1531 3396 25 21 of
1567 3396 43 23 Mr.
1621 3396 71 23 Jabez
1701 3396 75 23 Allen.

1287 3429 190 28 Lanibton-quay.

1450 3476 67 21 Coal
1538 3475 117 27 Mining.
1805 3478 6 4 *
1830 3477 3 5 '

1259 3508 99 49 ANY
1378 3508 102 22 PARTY
1506 3508 91 27 wishing
1621 3512 22 18 to
1653 3512 92 23 'engage
1763 3509 23 21 in
1806 3508 36 22 the

1320 3544 11 9 >*
1338 3535 97 28 mining*
1443 3535 47 21 and
1508 3535 49 22 coal
1574 3535 69 26 trade,
1661 3542 52 20 may
1731 3535 56 22 have
1806 3535 36 22 the

1259 3562 96 22 services
1365 3563 25 21 of
1397 3570 13 14 a
1420 3569 79 20 person
1506 3562 48 27 just
1564 3561 85 23 arrived
1659 3565 23 18 at
1691 3562 96 27 Sydney,
1799 3562 44 22 arid

1259 3588 50 25 who
1319 3589 112 25 .has.been
1441 3596 14 14 a
1465 3589 72 21 miner
1546 3589 43 21 and
1603 3588 49 22 coal
1666 3589 121 27 merchant,
1799 3589 43 21 and

1260 3615 49 22 who
1318 3615 20 21 is
1348 3615 134 27 thoroughly
1490 3615 131 27 acquainted
1632 3613 52 23 with
1694 3615 37 21 the
1742 3615 99 22 business

1258 3643 24 21 in
1292 3642 31 22 all
1332 3643 28 21 its
1369 3642 86 22 details.
1485 3642 36 21 He
1536 3642 18 20 is
1569 3641 82 27 willing
1660 3645 22 18 to
1693 3649 83 20 engage
1793 3647 22 17 at
1830 3650 12 14 a

1259 3669 79 26 salary,
1353 3676 24 14 or
1394 3673 22 17 to
1432 3669 87 21 receive
1536 3675 14 14 a
1563 3669 63 21 share
1644 3669 24 21 in
1684 3669 38 21 the
1739 3676 102 14 concern.
1850 3684 1 3 •

1259 3702 77 27 Apply
1347 3705 20 18 to
1379 3702 37 21 the
1428 3701 77 22 Editor
1512 3701 26 21 of
1539 3701 47 25 .this
1597 3701 78 27 Paper.
1832 3717 1 4 .
1850 3708 3 26 j

1430 3747 40 20 To
1491 3746 180 26 Trespassers.

1259 3780 146 49 NOTICE
1420 3779 27 22 IS
1461 3779 125 21 HEREBY
1602 3779 106 28 GIVEN,
1728 3780 48 23 that
1794 3769 60 39 per-!

1351 3814 51 15 sons
1420 3805 97 27 walking
1537 3812 51 15 over
1607 3805 38 22 the
1663 3807 73 27 newly
1753 3807 101 28 planted!

1259 3837 90 24 potatoe
1364 3833 88 27 ground
1469 3837 22 17 al
1506 3832 81 22 Evans'
1598 3833 56 26 Bay,
1666 3834 44 21 will
1727 3835 26 20 be
1769 3841 85 20 prose-

1259 3861 68 21 cuted
1336 3860 53 22 with
1397 3859 36 23 the
1444 3862 85 19 utmost
1537 3859 75 27 rigour
1621 3860 25 21 of
1654 3859 36 23 the
1704 3860 48 22 law.
1851 3864 3 14 >

1630 3893 35 22 W.
1680 3894 30 21 K.
1725 3893 90 23 Hulke.
1851 3887 4 22 '

1287 3928 160 27 Cowpaatures,
1458 3925 110 29 Tuesday,
1578 3927 101 27 January
1687 3929 21 26 4,
1720 3929 59 20 1842.

139 717 54 20 For
207 714 104 22 Nelson
324 712 95 21 Haven
434 709 93 24 direct,

40 751 40 23 To,
83 752 40 20 tail
130 751 30 20 in-
168 757 13 13 a
189 750 46 26 few
241 748 3 20 .
249 748 57 25 days,
318 745 74 26 having
402 745 55 25 part
472 743 28 25 of
508 743 37 19 her
561 747 61 20 cargo

282 772 96 27 engaged,

207 811 112 22 mHAT
333 809 46 22 fine
384 807 59 23 'fast
460 806 79 27 sailing
556 806 65 26 Al,

70 840 107 28 AETSSjv
207 831 34 33 JL
254 837 88 27 'brigan
344 835 46 22 tine
395 834 130 26 'Vanguard,
536 834 25 20 61
573 835 50 18 tons

68 858 130 38 KSB^^'
265 864 100 27 register,
376 862 60 22 John
436 862 4 13 I
445 861 104 25 'Murray,
562 866 60 15 com-

47 884 152 37 _Mp»l™^W^
218 891 105 27 mander;
343 889 41 22 has
397 888 60 28 good
463 901 3 6 .
471 886 153 24 accommoda-

43 910 171 38 gflffjjj^p-
219 919 46 21 tion
316 922 138 22 passengers.
458 938 3 5 ,
481 912 142 29 Application

214 945 80 22 should
316 944 27 21 be
372 941 65 23 made
464 938 158 28 immediately.

38 973 192 28 Forrfreight-and
237 969 179 30 passage,-_apply
425 972 24 18 to

210 1005 122 24 Wallace,
343 1002 92 25 White,
445 1000 45 21 and
499 999 122 21 Wallace.

127 1057 3 6 •
162 1045 4 15 :
170 1051 66 21 oFor
245 1049 110 20 -Nelson
356 1044 11 14 11
370 1046 102 21 H&ven.

71 1087 4 3 '
82 1081 73 33 i*55T
195 1089 2 4 '
212 1083 90 24 MnHE
367 1083 42 21 fast
418 1081 80 26 sailing
512 1079 109 23 schooner

71 1104 112 38 .gSjj^v
208 1104 39 29 iJL
280 1111 66 25 'Kate,
366 1108 93 28 Captain
463 1112 5 10 J
469 1107 150 26 Macfarlane;

56 1151 6 9 j
69 1131 133 37 Z^fiSpaW'
217 1138 47 21 <has
349 1135 104 28 superior.
467 1133 144 23 accommoda
612 1135 8 14 i

224 1165 47 20 tion
282 1164 34 21 for
324 1169 139 21 passengers.
490 1161 44 22 For
539 1159 82 29 freight

225 1198 24 15 or
257 1184 178 34 passage,-apply
445 1192 23 17 to
616 1184 1 20 I

312 1222 59 22 'Hay
385 1222 51 22 and-
445 1221 147 22 Machattie.
616 1220 1 24 I

186 1271 52 20 For
252 1270 105 19 Nelson
498 1272 4 5 l
590 1264 4 8 '
616 1273 2 14 i

36 1305 111 28 Expected,
153 1305 47 19 here
209 1304 22 20 in
243 1310 13 13 a
265 1303 47 25 few
320 1302 58 26 days,
389 1301 41 20 and
445 1301 21 19 to
480 1300 41 20 sail
522 1300 41 24 for
572 1300 48 19 that

78 1338 6 5 -
123 1338 4 4 ■
149 1332 55 20 Port
212 1329 26 21 in'
238 1332 51 25 Jive
358 1326 57 28 after
414 1332 3 6 l
423 1328 86 23 arrival,
584 1326 7 3 '
616 1335 3 15 \

39 1370 109 28 'jj*£3La
195 1369 92 31 fTfIHE
295 1368 61 24 .well
372 1368 84 21 known
474 1366 44 22 fast
539 1366 81 26 sailing

193 1390 38 28 ,JL
269 1397 109 21 schooner
386 1395 56 26 Gem,
454 1394 62 28 Capt.
525 1393 92 26 Pearce;

40 1416 147 33 Jfff&m&L.
207 1423 40 22 has
257 1430 14 14 a
287 1423 61 26 large
357 1422 88 27 portion
460 1419 25 23 of
499 1420 39 21 her
553 1426 66 20 cargo

36 1444 155 37 2bhßk£
196 1455 6 8 ''
208 1449 94 28 already'
309 1448 106 27 engaged,
427 1446 44 23 and
486 1446 46 23 will
544 1445 76 23 there-

233 1500 227 28 ThisdfFersia'-good
471 1499 146 29 .opportunity

35 1532 36 22 for
80 1533 99 27 shippers
189 1530 25 24 of
227 1529 69 28 stock,
306 1529 50 22 who
367 1528 43 22 will
419 1528 57 21 have
486 1527 37 22 the
535 1526 84 21 benefit

37 1559 30 21 of.
76 1559 37 23 the
129 1557 112 29 Captain's
250 1556 131 28 experience
395 1555 24 21 in
436 1554 48 21 that
497 1553 86 22 branch
598 1552 25 22 of

34 1585 74 23 trade;
122 1582 3 6 '
135 1586 45 22 For
189 1583 82 28 freight
282 1590 24 15 or
315 1589 97 21 passage,
416 1581 74 27 'apply
500 1583 25 23 to,

377 1609 14 13 1i
391 1615 89 21 Willi3
487 1613 51 22 'and
553 1613 39 21 Co.

180 1663 53 21 For
246 1662 106 21 Nelson
372 1660 103 21 Haven.

181 1703 98 22 ■ITTIHE
294 1702 119 22 Jfine-fast
435 1700 80 27 sailing
531 1699 90 28 .packet

56 1723 117 39 jßSkjEk.
198 1733 24 19 ■*■
263 1725 119 31 Pickwick,'
389 1728 84 26 having
482 1728 38 21 the
534 1729 87 25 greater

35 1750 147 39 /jjSgSgw
231 1774 4 5 '
252 1761 60 24 -part
320 1756 26 24 of,
358 1756 40 21 her
408 1761 65 19 cargo
483 1754 45 21 and
543 1753 77 22 cabins

35 1777 149 38 jg||gaßpji
205 1783 107 27 engaged,
341 1782 45 22 will
423 1782 40 21 sail
494 1780 123 26 positively,

203 1810 98 22 weather
309 1808 171 29 permiting,for
496 1806 83 23 Nelson
591 1813 28 15 on

205 1837 110 26 Saturday
329 1839 62 23 next,
407 1835 38 21 the
461 1834 52 22 26th
528 1834 91 21 instant.

34 1864 46 22 For
88 1864 81 27 freight
178 1871 25 15 or
209 1870 107 21 .passage,-
322 1862 67 28 apply
395 1865 22 18 to
428 1862 62 27 Capt.
501 1860 121 26 Williams,,

35 1898 26 15 or
71 1891 37 22 the
118 1890 156 27 undersigned.
619 1892 4 27 j

292 1916 36 22 W.
344 1915 37 23 B»'
385 1916 95 21 Rhodes
493 1914 45 23 and
553 1914 38 22 Co.
621 1921 2 7 '

32 1970 54 20 For
90 1973 4 13 i
97 1974 4 12 i
105 1970 105 20 Nelson
216 1973 8 13 i
228 1969 95 20 Haven
322 1973 4 5 I
332 1965 31 23 '&'
376 1968 69 20 New
462 1964 159 27 Plymouth,:

35 2004 30 20 To
78 2004 42 20 sail
136 2003 23 19 in
176 2008 13 15 a
202 2003 47 26 few
268 2003 50 24 days
334 2001 58 26 after
410 2001 39 19 her
466 1999 80 21 arrival
556 1998 63 26 from

266 2029 130 24 Avcklwd,-
438 2041 5 5 .
497 2039 4 3 ■

186 2061 90 22 fTIHE
290 2061 46 22 fine
345 2061 44 22 fast
398 2060 81 27 sailing
491 2055 131 29 brigaritine'

193 2093 28 17 -*-
245 2088 151 24 Abercrombie,
409 2087 62 27 Capt.
482 2086 29 22 A.
527 2085 89 25 Devlin,

34 2109 148 38 >JfflgJ£Nk
198 2114 45 23 will
257 2114 35 23 be'
299 2114 47 23 laid
355 2121 29 15 on
394 2112 42 24 for
436 2112 86 24 Nelson
533 2112 20 21 &
562 2112 57 21 New

33 2137 149 29 ■ifUßrou*
199 2142 119 28 Plymouth
343 2149 29 14 on
397 2141 46 22 her.
461 2143 75 18 return
560 2137 62 22 from!

198 2168 127 23 Auckland.
354 2168 44 21 She
407 2167 42 22 has
457 2173 53 20 very
521 2165 100 27 superior

196 2195 192 22 accommodation
416 2194 36 21 for
478 2194 144 26 .passengers,'

33 2224 46 22 and
86 2224 44 22 will
140 2224 56 21 have
206 2222 128 22 immediate
345 2220 113 29 despatch.
485 2221 44 20 For
537 2218 83 28 freight

33 2258 27 14 or
74 2258 97 20 passage,
184 2249 65 28 apply
619 2253 4 25 ;

99 2279 3 6 '
128 2294 6 4 .
274 2276 75 26 Hort,
360 2275 122 25 Mocatta,
497 2275 44 20 and
552 2275 39 19 Co.
620 2275 3 29 j

62 2304 101 26 January
175 2304 34 26 14,
220 2304 61 20 1842.
621 2307 2 17 i

207 2347 116 26 Sydney,
338 2345 45 22 via
396 2345 113 21 Nelson.
620 2340 3 40 j

45 2370 95 40 ,^J3Ui
188 2377 92 33 npHE
297 2377 53 27 fine,
370 2378 51 26 Al,
436 2376 109 23 schooner
558 2376 63 26 Lady
621 2395 2 14 {

69 2399 95 39 jffi^teL
184 2399 41 28 ~_L
251 2412 4 3 •
262 2405 67 26 Leigh
335 2404 49 22 -will
389 2405 4 10 '
399 2403 44 23 call
452 2403 28 22 at'
490 2402 84 23 Nelson
586 2401 3 12 :
590 2410 33 24 on;

202 2431 39 22 her
257 2439 49 20 way
321 2434 23 19 to
362 2431 96 27 Sydney,
466 2431 28 20 -if
500 2427 123 29 -sufficient^

35 2453 151 39 -gjjggS&E
201 2458 146 22 inducement
370 2457 81 22 should
473 2457 61 22 offer.
576 2457 44 21 For

35 2479 151 39 SgjsSjggp
202 2485 138 27 particulars,
351 2485 67 27 apply
428 2487 24 18 to

297 2518 111 22 William
422 2518 170 22 Fitzherbekt.
621 2520 2 27 j

50 2551 5 2 •
63 2545 113 27 February
189 2546 33 26 18,
232 2546 62 21 1842.
401 2567 8 5 „
621 2546 2 15 '

261 2590 53 20 For
328 2589 69 26 Sale,
621 2582 3 27 i

49 2645 5 2 .
56 2618 73 35 jjß2l
167 2624 19 24 A
205 2623 81 22 'FINE
295 2622 44 23 fast
346 2623 79 27 sailing
431 2622 113 27 schooner,
552 2623 69 22 about

38 2667 11 15 o
50 2645 94 39 ||^P&
151 2648 52 24 jljL
229 2650 28 22 70
273 2653 50 19 tons
339 2650 103 26 burthen,
461 2650 111 27 coppered
586 2650 35 21 for

36 2671 112 30 Jaalifc
165 2677 44 22 five
217 2684 72 20 years,
304 2676 44 22 and
358 2683 81 21 copper
447 2676 102 23 fastened
556 2685 6 19 ;
578 2676 46 22 this'

36 2698 115 30 ?Shgfegi^<
165 2704 71 22 vessel
246 2704 19 21 is
275 2703 78 27 nearly
429 2703 45 22 and
482 2702 54 23 well
534 2702 3 9 1
541 2702 78 23 found.

151 2735 4 12 :
162 2730 144 22 For'tfur-ther:
309 2730 138 28 particulars,
458 2730 67 27 apply
531 2733 25 18 to
563 2737 4 8 '
623 2728 2 23 i
628 2732 2 27 J

346 2763 90 23 'Waitt
450 2763 46 23 and
508 2763 84 23 TVser.
623 2772 2 8 '

61 2798 145 26 Wellington,
215 2797 163 28 January-13^1
382 2798 48 21 842.
624 2812 1 6 ,

222 2848 43 21 Eac
624 2865 2 8 ,

32 2879 119 23 mOWN
160 2879 66 23 made
237 2876 326 30 WELLINGTONBOOiTS,
588 2900 6 11 

43 2901 63 33 X,
161 2922 15 11 „
231 2906 62 22 cloth
365 2905 117 28 'do.,'drab
492 2906 44 21 and
544 2906 74 27 blaclc,

87 2944 19 16 >
163 2948 14 12 
230 2932 154 23 Blu'cheratfd
390 2933 110 21 Oxonian!
503 2933 62 27 ditto,
574 2934 45 21 arid

32 2960 110 26 aTariety
151 2959 26 21 of
181 2959 72 22 ;other
259 2959 64 22 boots
333 2966 29 15 an
364 2960 18 21 d>
386 2959 72 23 shoes.

61 2986 112 26 Salad-oil,
184 2994 52 14 fine
246 2986 95 22 French
355 2993 86 20 olives,
452 2986 57 22 Chili
514 2986 103 27 .vinegar,

32 3019 128 15 mushroom
172 3020 50 14 .and
237 3019 97 17 walnut
344 3020 110 20 ketchuf,
464 3016 77 24 strong
556 3014 63 21 vine-

32 3045 41 21 gar
88 3040 40 23 for,
135 3039 109 28 .pickling,
254 3039 73 21 'India
342 3046 46 21 soy,
410 3040 111 27 anchovy,
542 3040 76 22 lemon

124 3066 112 22 CAyenne
243 3067 98 26 peppejr/
348 3073 99 15 soldbee
457 3073 47 15 and
514 3073 103 21 common,

32 3092 58 22 end'-
97 3100 37 14 an-
142 3096 135 18 assortment
290 3092 26 22 of
325 3097 4 5 '
334 3092 75 28 'fruits,
419 3093 97 28 -pickle's,
525 3097 92 24 'sauces,

32 3119 91 25 &C.-.&C.
153 3125 32 19 '-.

52 3146 137 28 .Raspberry,
194 3146 48 27 jam
252 3145 24 22 in
285 3146 49 25 71b,.
336 3146 47 27 jars
393 3146 73 22 suited
475 3150 22 18 to
507 3146 101 28 families,

50 3189 2 5 ,
58 3196 4 5 (
88 3175 16 25 ,)
153 3189 21 11 .„
221 3172 55 33 tin
287 3172 101 22 Üb.',arid'
394 3173 44 25 jib.
446 3173 53 28 jars,

372 3199 47 27 Jib/
421 3200 54 26 jars,

32 3239 4 4 ■
55 3226 103 22 'OrANOE
167 3231 143 17 MA'RitALADE
319 3233 25 15 IN
356 3227 42 21 lib.
408 3226 61 28 JARS,

52 3252 31 21 rA
92 3253 103 28 quantity
205 3253 26 21 of
236 3254 142 23 cfcrnfits-and
386 3253 105 28 lozenges
498 3253 29 23 of:
530 3254 89 22 various
628 3253 2 27 j

32 3278 155 28 descriptions,
196 3280 24 22 in
228 3280 63 27 large
301 3287 24 15 or
335 3280 64 22 small
409 3280 92 27 parcels,

61 3304 97 24 Essence
165 3306 75 22 lemon
252 3307 45 21 and
306 3307 30 21 oil
345 3307 147 32 peppermint,

54 3331 109 23 •A^maH'
166 3335 137 21 assortment
309 3334 28 21 of
346 3334 79 22 choree'
433 3334 68 22 snuffs
509 3334 23 21 in
541 3333 55 28 jars,

49 3365 5 9 ;
55 3358 120 32 »Allpkirtds
182 3360 29 21 <of
221 3361 77 21 men's'
302 3360 69 28 lfea'dy
381 3361 69 22 made'
456 3360 107 28 clothing,
574 3361 44 23 arid

33 3391 20 15 a-
57 3385 120 27 varietycof
177 3396 5 12 i
187 3386 64 22 other
252 3384 84 30 'goods.

35 3435 5 8 t
48 3435 14 5 '•
308 3429 3 13 !
316 3421 107 22 Johnson
430 3421 53 23 rand
496 3421 94 23 Moore.

139 3458 9 6 '
198 3461 11 15 s
209 3460 43 28 ifcc
255 3462 6 15 1
264 3467 18 12 «

32 3490 192 35 WGR-'SAIiE,
332 3499 82 23 'Stores
434 3501 27 22 of
480 3500 38 23 the
534 3498 84 25 Un'dfer-

32 3520 36 24 aJ
229 3539 3 3 .

50 3554 65 24 'Fine
124 3551 57 26 flour
189 3557 23 22 in
222 3558 40 22 205
271 3559 46 22 and
326 3560 84 27 102§lb.
412 3559 5 16 J
419 3560 62 28 bajjs,

59 3582 91 22 Bottled
159 3582 34 23 ale
198 3583 28 22 in
234 3586 23 20 3.
257 3584 56 24 d0z.;
316 3593 68 21 cases,
393 3588 56 27 pine
457 3588 87 22 cheese.
555 3606 3 3 .

279 3619 84 23 -W.-B;
379 3621 95 22 Rhodes
489 3622 45 21 and
549 3622 39 22 Co.

200 3668 59 31 \To
274 3669 32 21 be
322 3671 72 25 Spld.

32 3701 97 50 TWO
251 3703 71 22 maori
331 3711 86 21 warres,
431 3705 38 23 the
479 3709 109 26 property,
595 3708 25 21 of

106 3728 45 22 Mr.
156 3727 126 23 'Frederick
292 3728 71 30 Hunt,
375 3732 45 22 arid
436 3734 98 24 opposite
551 3734 63 24 Capt.

32 3754 285 28 Smith's/Tinakore-road.

47 3781 73 27 ''•Alfeo,
132 3789 14 14 a.
153 3782 85 26 garden
257 3782 49 21 well
316 3782 115 25 furnished
442 3786 52 21 with
504 3786 30 22 all
543 3787 73 22 -kinds

32 3808 27 21 of
69 3808 132 27 vegetables,
219 3808 45 23 and
281 3808 51 23 half
351 3817 28 14 an
398 3818 52 15 acre
469 3812 26 23 of
514 3813 102 28 building

32 3833 51 24 land
87 3842 3 10 '
94 3835 121 28 adjoining.
252 3835 45 22 For
306 3835 87 23 further,
401 3838 136 29 particulars,
543 3853 2 6 .
548 3840 67 28 apply

32 3862 21 20 to
63 3885 6 5 m
76 3868 9 10 *
383 3860 6 17 '

162 3888 134 23 Frederick
309 3889 78 28 Hont,
403 3890 185 25 Tinokore-road.

56 3918 142 33 Wellington,
207 3923 54 23 Feb.
271 3925 32 26 22,
316 3925 60 22 1842.
626 3915 3 39 j

1971 710 90 21 Union
2075 711 79 20 Bank
2167 712 30 20 of
2213 712 148 22 Australia.

1878 743 95 22 London
1990 743 91 27 Office,
2096 743 44 22 No.
2154 745 36 26 33,
2208 745 50 21 Old
2273 745 183 24 Broad-street.

1931 776 92 26 Capital,
2033 776 120 28 £800,000;
2174 777 51 27 paid
2233 785 37 20 up,
2284 778 118 27 £500,000.

2107 814 109 13 DIRECTORS
2221 816 6 12 :

1981 837 68 21 George
2055 837 39 17 Fife
2100 838 66 20 Angas,
2174 839 49 20 Esq.,

1981 857 67 17 Robert
2054 858 73 20 Brooks,
2136 859 50 20 Esq.,

1980 878 60 16 James
2048 879 47 16 John
2103 879 97 19 Cummins,
2209 880 48 20 Esq.,

1980 898 67 17 Robert
2054 900 94 19 Gardener,
2160 901 48 20 Esq.,
2220 900 121 21 Manchester,

1981 919 47 16 John
2037 919 44 17 Gore
2096 920 48 20 Esq.,

1980 940 47 16 John
2035 940 78 17 William
2120 941 74 18 Buckle,
2199 941 48 20 Esq.,

1980 960 94 20 Benjamin
2082 961 19 16 E.
2108 961 63 20 Liudo,
2180 962 46 19 Esq.,

1981 981 72 16 Charles
2060 982 74 16 Edward
2141 981 87 21 Mangles,
2237 983 47 19 Esq.,

1980 1002 114 20 Christopher
2100 1002 83 19 Rawson,
2192 1003 47 20 Esq.,
2250 1003 81 20 Halifax,

1980 1022 78 17 Thomas
2063 1023 64 19 Sands,
2134 1023 49 20 Esq.,
2191 1023 97 21 Liverpool,

1980 1042 60 17 James
2048 1043 53 20 Bogle
2110 1043 63 19 Smith,
2180 1044 47 19 Esq.,

1980 1063 60 16 James
2048 1063 78 17 Euddell
2132 1064 56 19 Xodd,
2195 1065 43 19 Esq.

1875 1092 96 16 Trustees:
1987 1091 78 17 George
2078 1092 54 16 Carr
2144 1092 60 19 Glyn,
2216 1092 49 20 Esq.,
2274 1093 53 15 John
2339 1093 60 19 Gore,
2409 1093 48 21 Esq.,

2021 1112 36 16 and
2063 1112 66 16 James
2136 1112 17 16 J.
2160 1112 99 20 Cujimins,
2268 1114 43 19 Esq.

1903 1139 80 17 Bankers
1989 1143 4 11 :
2005 1138 74 17 Messrs.
2086 1139 59 19 Glyn,
2157 1140 113 20 Hallifax,
2278 1140 71 20 Mills,
2357 1140 35 17 and
2399 1140 31 18 Co.

1994 1166 99 21 Secretary:
2105 1167 83 16 Samuel
2194 1167 93 20 Jackson,
2294 1168 44 20 Esq.

1967 1193 79 16 Colonial
2052 1194 91 21 Inspector
2148 1200 5 11 :
2166 1194 17 16 J.
2190 1194 18 17 C.
2215 1195 102 20 M'Laken,
2326 1195 42 21 Esq.

1996 1241 67 20 New
2082 1241 121 21 Zealand
2221 1242 113 21 Branch.

1876 1275 53 16 Local
1936 1275 90 16 Directors
2032 1279 4 10 :
2052 1275 45 15 Geo.
2109 1274 17 16 S.
2137 1274 72 18 Evans,
2222 1275 42 20 Esq.
2265 1285 9 10 r
2282 1275 70 20 D.C.L.,
2362 1276 38 17 and
2411 1276 46 17 Geo.

2094 1295 91 19 Hunter,
2197 1296 42 19 Esq.

1876 1322 95 21 Manager:
1983 1321 47 17 John
2038 1321 71 20 Smith,
2117 1322 47 20 Esq.,
2174 1322 34 16 late
2215 1322 21 16 of
2244 1323 30 16 the
2281 1323 119 17 Commercial
2405 1323 53 17 Bank

2042 1343 19 16 of
2070 1342 88 21 England,
2170 1343 119 17 Manchester.

1985 1370 112 22 Branches
2108 1374 23 18 at
2145 1371 96 28 Sydney,

2145 1405 87 22 Hobart
2241 1406 74 26 Town,
2424 1416 4 4 •

2145 1439 146 27 launceston,
2303 1439 47 21 and

2144 1472 13 21 1
2165 1474 34 19 ort
2208 1471 79 29 Philip.

1876 1505 53 22 Port
1938 1504 128 28 Nicholson,
2079 1505 77 22 March
2166 1507 34 25 24,
2211 1507 61 21 1840.

1876 1558 91 34 npHE
1983 1558 113 22 Directors
2113 1558 25 22 of
2153 1559 39 21 the
2207 1558 57 22 New
2279 1559 100 22 Zealand
2390 1558 68 23 Land

1882 1580 30 27 JL
1950 1585 115 28 Company
2079 1585 83 28 hereby
2178 1585 50 27 give
2244 1586 80 26 noiice,
2343 1586 47 21 that
2406 1586 52 28 they

1875 1612 57 22 have
1940 1619 111 15 EFFECTED
2060 1619 29 14 AN
2100 1619 169 15 ARRANGEMENT
2277 1612 54 22 with
2339 1613 35 21 the
2383 1611 74 23 UniOll

1875 1639 66 21 Bank
1953 1639 27 21 of
1995 1638 119 27 Australia,
2131 1639 44 21 No.
2192 1640 33 25 38,
2240 1639 43 21 Old
2299 1639 157 28 Broad-street,

1875 1665 102 27 London,
1988 1665 33 21 for
2031 1665 37 21 the
2081 1665 166 22 establishment
2261 1666 25 21 of
2298 1673 14 14 a
2329 1665 128 23 BRANCH

1875 1692 89 22 BANK
1978 1691 33 22 IN
2026 1691 70 22 NEW
2111 1692 156 27 ZEALAND,
2279 1692 97 29 through
2386 1692 72 23 which

1875 1719 37 21 the
1922 1719 100 22 business
2035 1719 25 21 of
2073 1718 37 22 the
2127 1719 56 21 New
2200 1719 98 21 Zealand
2311 1719 65 22 Lund
2393 1719 65 23 Com-

1875 1753 61 20 pany
1945 1745 43 22 will
1998 1745 27 21 be
2034 1745 133 22 transacted.
2194 1745 48 22 The
2258 1746 112 21 Directors
2385 1745 73 23 there-

1874 1773 48 21 fore
1930 1772 145 22 recommend
2083 1775 22 19 to
2122 1772 110 22 Colonists
2247 1772 37 22 the
2303 1772 73 22 Union
2393 1773 73 21 Bank'

1875 1799 26 21 of
1919 1798 113 23 Australia
2049 1806 24 14 as
2091 1806 28 14 an
2145 1799 167 22 establishment
2334 1800 125 27 possessing

1875 1825 58 22 their
1948 1825 69 22 entire
2041 1825 135 27 confidence,
2196 1825 45 22 and
2260 1825 47 22 able
2327 1830 22 17 to
2367 1827 91 26 provide

1875 1851 125 28 effectually
2015 1851 35 22 for
2065 1852 37 22 the
2116 1852 105 22 financial
2235 1856 70 18 wants
2322 1853 25 21 of
2357 1853 38 21 the
2411 1853 48 22 first

1874 1879 134 22 settlement.

2042 1905 33 27 By
2086 1905 64 22 order
2159 1905 28 22 of
2195 1905 37 22 the
2242 1906 80 27 Board,
2349 1917 3 17 ;

2118 1938 83 22 JOHN
2216 1938 104 27 WARD,
2336 1940 122 27 Secretary.

1875 1973 56 22 New
1941 1971 99 23 Zealand
2049 1972 65 22 Land
2122 1972 134 27 Company's
2265 1973 78 27 Office,

1903 2008 20 22 1.
1934 2006 157 25 Adam-street,
2102 2004 105 28 Adelphi;
2217 2005 121 27 2?th'Aug.
2355 2006 27 21 18

1879 2058 25 13 -.
1910 2058 11 18 \
1945 2051 132 20 'London-
2082 2051 165 25 Newspaper
2251 2064 4 3 •
2261 2051 121 26 Agency.

1884 2081 129 25 TOSEPH
2034 2084 151 26 CLAYTON,
2203 2084 105 22 General-
2319 2084 139 28 -Newspaper

1875 2116 26 17 V
1941 2110 42 22 and
2000 2110 143 27 Advertising
2157 2112 82 26 Agent,
2260 2110 112 28 publisher
2382 2110 26 21 of
2420 2111 38 22 the

1875 2139 112 25 Spectator
2009 2137 44 22 and
2079 2138 99 24 Colonial,
2193 2139 89 25 Gazette,
2307 2138 41 20 320
2368 2138 88 26 Strand,

1875 2166 102 25 London,
1995 2164 141 27 respectfully
2155 2165 93 22 informs
2264 2164 37 21 the
2319 2167 80 24 gentry
2414 2165 44 21 aud

1874 2192 137 21 inhabitants
2035 2192 26 21 of
2088 2191 53 21 Port
2159 2191 129 27 Nicholson,
2312 2191 144 27 Wellington,

1875 2219 54 21 Port
1939 2218 90 26 Nelson,
2038 2218 44 21 aud
2087 2218 28 21 all
2126 2221 59 23 parts
2192 2219 26 20 of
2228 2217 55 23 New
2293 2217 107 27 Zealand,
2411 2218 49 22 that

1875 2245 28 22 he
1913 2245 105 22 forwards
2028 2244 36 23 the
2077 2246 115 26 Spectator,
2211 2246 91 19 Colonial
2310 2245 92 26 Gazette,
2413 2245 44 22 and

1875 2272 29 21 all
1915 2272 63 21 other
1987 2271 95 22 London
2091 2279 86 22 papers,
2181 2272 110 27 regularly
2301 2276 23 17 to
2337 2272 55 21 New
2402 2271 55 22 Zea-

1874 2298 62 28 land,
1946 2298 71 22 either
2027 2298 97 28 through'
2132 2295 45 25 the'
2187 2299 130 25 Post-office,
2334 2306 23 14 or
2373 2298 31 27 by
2420 2298 37 23 the

1874 2326 57 21 New
1944 2324 100 23 Zealand
2060 2326 133 27 Company's
2207 2325 71 29 ships:
2281 2337 26 4 —
2308 2326 110 26 Payment
2432 2325 24 22 in

1875 2352 106 26 advance,
1992 2359 23 14 or
2026 2359 13 14 a
2048 2352 111 22 reference
2166 2352 24 22 in
2200 2352 93 23 London
2304 2357 59 17 must
2369 2359 87 14 accom-

1875 2387 61 19 pany
1942 2378 35 23 the
1989 2378 69 22 order.
2087 2379 191 22 Advertisements
2285 2378 98 23 inserted
2390 2376 66 34 ifc_the

1875 2406 94 22 London
1978 2406 142 27 Newspapers
2126 2406 21 21 &
2154 2406 138 23 Periodicals.
2323 2405 134 22 Gentlemen

1875 2433 105 26 ordering
1990 2432 143 27 Newspapers
2143 2440 37 14 are
2189 2432 142 28 respectfully
2340 2432 117 27 requested

1875 2463 22 18 to
1908 2464 56 17 state
1974 2458 98 23 whether
2086 2459 50 27 they
2147 2460 73 26 prefer
2233 2460 90 28 having,
2329 2459 60 21 them
2400 2458 56 22 thro'

1876 2487 37 21 the
1924 2487 52 21 Post
1987 2486 73 26 Office,
2073 2493 23 14 or
2106 2486 27 26 by
2144 2486 37 21 the
2192 2486 133 28 Company's
2335 2486 60 26 ships

1905 2520 86 21 Letters
2007 2519 117 22 addressed
2143 2523 23 18 to
2172 2533 3 4 •
2184 2519 37 21 the
2240 2519 115 23 Publisher
2374 2519 27 21 of
2420 2518 36 22 the

1875 2548 53 19 New
1942 2547 92 20 Zealand
2051 2547 90 26 Gazette,
2162 2547 139 27 Wellington,
2320 2545 44 23 will
2382 2546 27 21 be
2423 2550 33 18 at-

1875 2573 82 23 tended
1967 2577 30 18 to.

1901 2608 113 26 February
2025 2609 33 26 11,
2070 2609 58 21 1842.

2044 2654 65 20 Port
2124 2653 30 21 of
2171 2654 122 20 London.

1931 2686 85 21 Notice
2037 2693 26 14 to
2083 2693 44 14 the
2150 2686 91 22 Public.
2242 2697 28 5 —
2270 2686 124 24 Travellers
2414 2688 45 23 and

1876 2712 74 22 others
1960 2712 47 22 who
2018 2712 55 21 send
2082 2712 105 28 baggage,
2199 2714 70 21 works
2279 2714 26 21 of
2316 2719 39 22 art,
2363 2722 25 14 or
2395 2716 63 22 other

1877 2740 64 21 value
1950 2745 103 21 property
2064 2744 22 17 to
2095 2739 110 27 England,
2223 2740 85 28 shpuld.
2318 2742 92 26 consign
2421 2742 40 22 the.

1876 2767 109 27 packages
1996 2770 22 17 to
2029 2768 36 19 the
2076 2773 48 14 care
2131 2766 26 21 of
2164 2773 13 14 a
2183 2766 97 22 licensed
2287 2768 171 23 Custom-house

1876 2797 74 23 agent,
1966 2800 24 14 as
2006 2792 85 22 articles
2097 2804 4 4 •
2107 2800 38 14 are
2160 2793 126 27 frequently
2300 2794 95 28 injured,
2413 2796 45 21 and

1875 2820 102 21 needless
1987 2826 95 20 expense
2096 2820 110 26 incurred,
2224 2820 34 22 for
2273 2820 37 22 the
2327 2826 58 17 want
2402 2823 25 20 of
2444 2830 15 14 a

1875 2853 81 21 proper
1966 2853 79 20 person
2054 2850 24 18 to
2088 2846 50 21 take
2149 2847 79 26 charge
2239 2847 24 22 of
2279 2847 62 22 them
2355 2855 30 14 on
2401 2848 58 23 their

1877 2873 86 27 arrival,
1974 2873 44 21 and
2028 2880 36 14 see
2079 2873 60 21 them
2157 2874 97 26 entered,
2271 2874 125 28 examined,
2413 2876 46 21 and

1875 2899 108 27 carefully
1997 2900 116 26 repacked.
2147 2900 47 21 The
2214 2899 80 27 charge
2310 2901 19 22 is
2344 2901 36 22 the
2397 2909 61 15 same

1876 2926 98 23 whether
1983 2933 24 14 so
2018 2925 120 28 consigned
2148 2933 25 14 or

1926 2959 169 24 Custom-rhouse
2105 2959 116 27 Chamber,
2232 2961 102 28 London,

1877 3020 138 50 DEVOY
2025 3020 106 27 and.CO.,
2147 3022 45 19 who
2204 3029 37 14 are
2257 3024 35 19 the
2305 3024 155 22 LICENSED

1957 3048 123 20 AGENTS
2088 3048 27 25 of
2122 3049 49 20 Her
2177 3050 109 26 Majesty's
2294 3052 165 22 Commissioners

1877 3076 27 24 of
1916 3076 97 23 Customs,
2024 3076 43 19 and
2079 3076 65 19 under
2152 3078 65 25 heavy
2224 3078 62 21 bonds
2293 3079 43 25 for
2345 3080 35 20 the
2388 3080 69 27 safety

1877 3102 26 26 of
1908 3104 102 24 property
2026 3103 144 25 consigned-to
2185 3106 62 24 them,
2266 3106 44 27 beg
2329 3107 62 21 those
2408 3108 50 22 who

1875 3130 57 21 send
1940 3129 108 27 packages
2058 3133 22 18 to
2091 3130 57 22 their
2157 3139 57 19 care,
2229 3136 24 18 to
2261 3140 37 14 see
2308 3132 49 23 that
2366 3133 54 23 each
2428 3135 29 21 be

1875 3155 113 27 distinctly
2006 3156 94 23 marked
2145 3158 81 22 Devoy
2245 3160 44 21 and
2308 3160 46 27 Co.,
2374 3161 85 21 Lower

1874 3183 199 27 Thames-street,
2213 3186 44 22 and
2261 3186 37 22 the
2305 3186 40 23 bill
2350 3187 26 21 of
2381 3187 77 28 lading

1875 3217 33 14 or.
1914 3209 84 27 receipt
2011 3209 123 23 forwarded
2152 3215 23 18 to
2187 3210 70 29 'them,
2272 3213 71 23 direct
2356 3214 31 27 by
2400 3219 56 23 post,

1875 3236 54 22 with
1937 3236 142 23 instructions
2088 3237 50 22 how
2149 3239 54 21 such
2213 3240 68 26 goods
2291 3247 37 15 are
2338 3244 22 18 to
2374 3242 26 20 be
2414 3241 44 21 dis-

1875 3263 68 26 posed
1953 3263 25 20 of
1990 3269 29 15 on
2028 3264 78 21 arrival
2115 3273 5 19 ;
2136 3266 45 21 and
2188 3273 24 15 as
2220 3274 66 20 every
2293 3267 99 28 package
2399 3272 59 18 must

1875 3290 27 21 be
1920 3290 84 27 opened
2025 3294 22 17 at
2067 3290 36 23 the
2120 3292 178 28 Custom-house,
2317 3294 21 21 if
2350 3301 52 20 ,any
2420 3302 37 15 are

1875 3316 86 27 locked,
1972 3316 37 22 the
2019 3316 55 28 keys
2082 3318 81 22 should
2172 3320 27 21 be
2209 3320 129 22 forwarded.

1903 3343 76 22 Goods
1989 3344 45 21 and
2042 3345 109 27 package's
2162 3353 35 14 are
2207 3346 124 22 forwarded
2339 3347 29 27 by
2377 3347 81 27 D.evoy

1875 3370 45 21 and
1931 3371 38 21 Co.-
1979 3374 21 17 to
2011 3370 30 21 all
2055 3376 59 22 parts
2127 3373 27 21 of
2167 3373 36 21 the
2220 3374 125 27 Continent,
2358 3371 102 25 the^Mst

1875 3398 45 21 and
1931 3396 61 23 West
2000 3397 81 27 Indies,
2091 3398 108 29 Colonies,
2212 3401 39 21 &c.
2262 3396 39 26 &c.
2311 3408 6 18 ;
2329 3400 51 26 and,
2390 3400 21 22 if
2423 3408 36 15 re-

1875 3423 85 29 quired,
1971 3428 51 17 sent
2035 3427 23 19 to
2068 3425 37 22 the
2117 3433 50 15 care
2183 3426 25 22 of
2218 3426 135 28 responsible
2369 3434 88 21 nouses,

1876 3451 48 22 who
1938 3450 46 22 will
1999 3458 36 14 see
2052 3451 37 22 the
2105 3452 143 22 instructions
2262 3456 52 18 sent
2328 3453 52 22 with
2395 3455 63 21 them

1874 3478 130 27 punctually
2015 3479 107 24 attended,
2129 3483 31 18 to.

1901 3505 40 22 All
1950 3504 69 28 goods
2029 3505 44 22 and
2082 3506 108 27 packages
2198 3506 36 21 for
2242 3506 112 27 shipment
2360 3510 60 19 must
2428 3508 29 22 be

1875 3531 159 27 accompanied
2043 3532 30 27 by
2088 3532 87 22 written
2188 3533 150 27 instructions,
2348 3533 54 22 with
2418 3535 39 21 the

1874 3565 66 15 name
1950 3558 45 21 and
2004 3558 89 22 address
2103 3559 24 21 of
2141 3559 37 22 the
2187 3560 80 26 parties
2275 3560 31 26 by
2317 3560 74 22 whom
2403 3561 55 28 they

1874 3593 37 14 are
1926 3588 55 24 sent,
1997 3584 45 23 and
2058 3585 38 22 the
2109 3589 101 18 contents
2222 3586 44 21 and
2281 3586 65 22 value
2364 3587 26 21 of
2402 3590 56 20 each

1874 3612 99 27 package
1983 3612 78 21 stated.
2088 3612 47 21 The
2151 3612 55 28 duty
2215 3612 109 22 outwards
2336 3614 19 21 is
2365 3615 43 20 10s.
2416 3622 40 19 per

1873 3639 62 22 j£loo
1950 3638 71 22 value.
2060 3638 47 22 The
2121 3643 48 18 rate
2185 3639 26 21 of
2223 3639 117 22 insurance
2357 3640 101 28 depends

1875 3673 59 19 upon
1945 3665 179 22 circumstances.
2153 3666 42 21 For
2213 3666 83 21 further
2312 3666 145 24 information

1874 3692 67 28 apply
1966 3695 22 18 to
2011 3692 45 21 Mr.
2074 3692 93 22 Samuel
2192 3692 99 27 Revans,
2312 3693 144 29 Wellington,

1876 3719 54 22 Port
1937 3718 130 22 Nicholson.

2047 3746 4 10 r

2112 3763 102 21 Bricks.
2243 3779 4 3 .
2272 3776 3 4 -

1876 3797 140 51 BRICKS
2027 3804 27 15 on
2068 3796 89 28 Saleby
2166 3796 37 22 the
2213 3796 149 32 undersigned
2374 3801 24 19 at
2411 3800 46 22 60s.
2473 3805 4 7 '

1938 3831 39 21 per
1987 3825 59 20 1000.
2077 3822 24 22 if
2107 3822 66 23 taken
2181 3823 23 21 in
2215 3824 119 27 quantities
2341 3824 27 22 of
2374 3827 82 27 15,000,

1877 3861 12 14 a
1898 3850 116 24 reduction
2023 3850 23 21 of
2054 3852 43 19 10s.
2108 3856 38 20 per
2159 3851 51 20 1000
2220 3850 41 22 will
2272 3850 27 22 be
2308 3852 72 22 made.

1902 3879 79 22 Terms
1981 3888 26 4 —
2009 3876 52 23 cash
2071 3883 29 15 on
2109 3876 98 27 delivery
2213 3881 24 18 at
2247 3876 36 23 the
2293 3877 64 24 kiln.'

2250 3910 2 7 '
2280 3904 30 22 A.
2325 3905 105 23 Ludlam.

1868 3935 2 3 •
1903 3930 157 27 Willis-street,
2071 3930 51 21 Jan.
2133 3931 33 25 12,
2178 3930 59 22 1842.
2258 3946 9 7 .
2303 3941 4 5 «
2387 3934 2 4 '
2409 3942 12 11 *

655 707 25 20 A
689 707 88 20 'Great
786 707 124 27 'Bargain
934 707 56 20 and
1004 705 181 22 convenience
1207 706 29 20 to

694 733 159 21 Gentlemen
868 733 169 27 proceeding
1045 735 29 19 to
1084 733 112 21 Nelson.

655 767 65 47 TO
736 766 38 22 BE
788 766 85 27 SOLD,
890 774 13 14 a
917 766 91 26 Cottage
1025 766 45 22 and
1086 765 64 22 small
1166 765 69 21 Store.

727 793 47 21 The
784 793 91 27 Cottage
885 792 45 22 and
940 794 62 20 Store
1012 799 42 14 can
1064 792 27 21 be
1101 799 51 14 seen
1162 791 75 22 stand-

653 820 45 27 ing,
709 819 45 22 and
763 827 40 14 can
813 820 28 22 be
849 820 107 22 removed
969 818 44 22 and
1025 818 93 27 shipped
1132 819 23 20 in
1166 825 14 14 a
1195 818 42 21 few

654 846 66 22 hours
729 847 82 21 notice.
847 846 76 28 Apply
932 849 25 19 to
967 846 28 21 G.
1006 845 22 22 S.
1039 845 68 26 Pope,
1122 847 115 25 carpenter

654 870 45 25 and
706 873 94 21 builder.

681 900 187 27 Lahibton-quay.
889 912 4 5 •

800 944 40 20 To
852 944 35 20 be
903 943 65 20 Sold
984 948 29 14 or
1028 942 57 24 Let,

671 977 16 21 A
713 975 194 24 -BAKEHOUSE
917 974 45 23 arid
973 974 86 23 OVEN
1068 974 23 23 in
1101 974 135 27 goodwork-

654 1002 50 23 XjL
730 1004 39 26 ing
778 1002 121 22 condition.
910 1011 7 4 -
929 1002 76 27 Apply
1014 1005 23 18 to

727 1037 125 21 Anderson
863 1035 45 22 and
917 1035 55 23 Row
974 1042 52 19 and,
1037 1033 196 30 Tho'rndon-quay.

678 1070 150 27 Wellingtoh,'
833 1069 114 28 February
957 1071 34 25 24,
1001 1071 61 20 1842.

831 1121 3 5 '
843 1115 25 20 J.
884 1115 37 21 M.
937 1114 109 26 Taylor,

664 1147 150 22 LICENSED
839 1147 241 22 CUSTOM-HOUSE
1103 1147 116 28 AGENT,

881 1189 44 15 •TE
941 1189 52 15 ARO.
1028 1195 11 14 ,;
1053 1193 10 14 «.
1142 1202 3 4 .
1165 1188 9 17 ;:

703 1223 134 25 FRANCIS
852 1226 182 22 GREENHOW
1049 1225 67 23 AND
1131 1225 53 25 CO.,

663 1260 142 21 General
826 1259 233 22 -Commission
1086 1260 133 26 Agents,

798 1300 94 21 NELSON,
910 1301 50 14 NEW
975 1300 110 15 ZEALAND.

695 1341 2 5 '
726 1338 123 22 ALFRED
863 1337 80 22 FELL
957 1337 67 22 AND
1041 1336 117 28 COMPy.,-

650 1375 155 20 Merchants
833 1375 56 21 and
912 1374 184 21 Commission
1119 1375 114 26 Agents,

893 1415 96 19 NELSON,

817 1442 77 20 NEW
910 1442 153 21 ZEALAND.
1107 1432 4 5 *
1125 1458 5 2 .
1168 1458 3 4 .

885 1487 112 20 Nelson.

652 1520 91 48 MR.
758 1519 91 28 PARK,
857 1520 68 26 -C.E.,
943 1521 128 26 Surveyor,
1083 1520 48 27 &c,
1143 1519 89 22 intends

741 1547 67 26 being
823 1550 90 23 present
927 1551 24 17 at
967 1547 37 21 the
1019 1547 106 21 selection
1141 1546 24 22 of
1179 1546 52 22 land

650 1573 67 22 about
726 1576 23 20 to
759 1573 50 22 take
818 1573 64 27 place
891 1577 24 18 at
924 1573 53 22 Port
991 1573 91 27 Nelson,
1093 1573 46 21 and
1151 1573 44 21 will
1205 1573 26 21 be

649 1601 74 26 happy
739 1604 23 18 to
776 1600 123 22 undertake
915 1607 44 21 any
974 1601 101 26 agencies
1091 1600 53 22 with
1159 1599 72 22 which

650 1627 28 21 he
688 1634 51 19 may
749 1627 26 21 be
785 1627 122 21 honoured.

678 1653 143 28 Wellington,
833 1654 114 27 February
956 1655 34 25 21,
1001 1655 61 20 1842.

749 1698 103 21 Nelson
868 1699 77 20 Land
960 1698 143 27 Agencies.

638 1732 22 19 ~T
668 1736 10 17 1
686 1731 55 22 1HE
756 1731 150 28 undersigned
918 1732 44 27 beg
972 1735 21 18 to
1004 1732 55 21 offer
1068 1731 131 22 themselves
1209 1733 22 19 to

657 1753 29 27 JL
725 1758 45 22 the.
770 1758 75 27 public
854 1766 25 14 as
888 1763 79 22 agents
976 1759 35 21 for
1020 1758 37 22 the
1067 1757 106 23 selection
1187 1758 44 21 and

650 1785 95 27 disposal
755 1786 24 20 of
787 1789 58 18 town
855 1785 46 21 and
910 1788 103 23 country'
1020 1785 69 21 lands'
1093 1785 24 21 in
1124 1784 41 22 'the
1181 1791 50 15 new

650 1812 126 22 settlement
803 1812 25 21 of
852 1812 93 22 Nelson.
984 1812 75 27 Apply
1081 1815 23 18 to
1125 1811 105 28 Wallace,

650 1838 82 27 White,
743 1839 43 21 and
795 1838 106 27 Wallace,
913 1839 144 26 Wellington.

769 1872 121 22 Patchett
903 1872 45 22 and
963 1872 91 26 White,
1065 1872 64 21 Land
1138 1872 92 27 Agents,

946 1899 92 22 Nelson.

676 1925 130 27 December,
817 1927 63 20 1841.

759 1971 76 20 Land
849 1971 120 26 Agency,
974 1973 29 17 at
1016 1971 112 20 Nelson.

656 2003 106 24 TOHN-
776 2003 36 21 W.
832 2003 189 27 BARNICOAT,
1035 2018 5 10 ..
1047 2004 119 21 Surveyor
1185 2011 46 15 and

649 2026 26 24 fcl
713 2030 66 21 Civrc
787 2030 135 25 'Engineer,
934 2030 106 25 'Nelson,,
1049 2030 43 20 will
1111 2030 31 20 ho.
1157 2030 74 27 happ^y

649 2059 22 18 to
682 2062 83 21 engage
779 2055 92 22 himself
884 2055 24 21 in
918 2055 38 22 the
1049 2056 82 21 named
1146 2063 85 19 capaci-

649 2082 47 27 ties,
708 2089 24 14 as
741 2090 28 14 an
783 2086 67 23 agent
858 2082 36 21 for
904 2081 38 23 the
952 2081 105 23 selection
1068 2082 25 21 of
1103 2082 59 27 land,
1174 2089 24 14 or
1207 2083 23 21 in

649 2116 50 19 any.
703 2109 63 21 other
775 2116 48 19 way
834 2109 124 21 connected
968 2109 52 21 with
1030 2109 33 21 his
1077 2109 139 26 professions.

730 2152 131 28 Building
870 2153 169 21 Allotments
1049 2155 29 19 to
1092 2154 56 21 Let,

649 2188 52 48 A
728 2187 131 21 NUMBER
873 2187 27 21 of
910 2187 69 21 Town
997 2187 69 21 Acres
1085 2187 25 21 in
1126 2187 37 21 the
1174 2191 57 18 most

729 2213 110 23 desirable
849 2213 118 22 situations
978 2214 22 21 in
1000 2213 144 28 Wellington,
1164 2217 22 18 to
1202 2214 28 22 be

638 2241 42 22 ''let
688 2248 30 14 on
728 2240 59 22 lease
797 2247 26 15 or
832 2240 121 27 otherwise,
963 2240 44 22 and
1016 2241 43 21 will
1067 2241 26 21 be
1101 2241 129 21 subdivided

650 2272 22 18 to
682 2268 44 21 suit
736 2271 95 19 tenants.
859 2267 67 21 Plans
939 2267 45 22 and
997 2267 130 27 particulars
1141 2274 52 21 may
1203 2267 27 23 be

649 2295 74 21 learnt
732 2302 28 14 on
770 2293 133 28 application
911 2298 23 18 to

983 2320 85 22 Henry
1083 2321 35 21 St.
1134 2321 68 21 Hjll.

789 2366 88 21 Town
890 2366 87 21 Acres
990 2367 29 19 to
1034 2367 57 20 Let.

649 2399 179 49 NUMBERS
839 2406 28 14 on
879 2398 36 22 the
924 2399 238 26 Surveyor-General's
1172 2407 58 19 map,

835 2426 42 20 510
1038 2427 41 21 263

669 2453 4 11 :
676 2453 45 21 Fdr
728 2451 135 29 particulars,
874 2452 67 28 apply
948 2455 24 19 to
981 2452 106 29 Wallace,
1101 2453 78 26 White,
1188 2454 44 22 and

650 2479 106 23 Wallace.

704 2525 87 21 .AND
816 2524 257 23 AG-ENCIES.—
1073 2525 39 22 TO
1136 2525 97 22 LAND-

725 2551 181 22 HOLDERS.—
906 2551 48 22 The
972 2551 156 28 Undersigned
1144 2552 44 27 beg
1210 2556 23 18 to

638 2595 5 3 -
650 2578 54 22 offer
714 2578 131 21 themselves
855 2581 23 18 to
887 2577 59 22 their
954 2578 86 22 friends
1049 2578 45 22 and
1107 2579 37 22 the
1160 2578 73 28 public

649 2612 24 15 as
683 2605 86 26 Agents
777 2605 36 21 for
823 2605 36 21 the
870 2605 95 27 disposal
974 2605 25 22 of
1005 2605 69 22 Town
1084 2606 45 22 and
1136 2606 98 28 Country

650 2632 82 27 Lands,
744 2631 49 22 and,
797 2635 58 18 trust
862 2631 58 22 their
930 2632 96 21 colonial
1038 2632 131 27 experience
1182 2640 52 20 may

649 2658 79 22 entitle
737 2659 61 21 them
807 2661 24 18 to
840 2666 13 14 a
864 2659 66 21 share
940 2659 27 21 of
977 2659 36 21 the
1023 2659 75 27 public
1106 2662 127 25 patronage.

672 2692 121 27 :They-will
803 2692 28 21 be
839 2692 109 27 happyto
955 2699 96 20 arrange
1052 2699 2 6 1
1062 2693 36 21 for
1106 2693 44 21 arid
1160 2700 75 20 super-

648 2718 81 22 intend
738 2718 36 22 the
783 2726 93 20 surveys
882 2719 46 21 And
935 2718 158 22 sub-divisions
1101 2719 25 21 of
1132 2719 37 22 the
1174 2719 59 23 land.

642 2744 98 23 -Liberal
750 2745 109 22 advances
868 2745 45 22 will
927 2746 28 22 be
969 2745 65 23 made
1045 2753 28 14 on
1082 2746 65 22 lands
1156 2746 79 27 placed

649 2773 24 21 in
683 2772 58 22 their
750 2772 70 21 hands
827 2772 34 22 for
867 2772 54 22 sale.
950 2772 63 27 They
1020 2773 44 21 will
1072 2773 46 23 also
1122 2773 30 21 -be
1161 2780 72 21 nappy

639 2802 33 19 .to
678 2799 70 21 -assist
755 2799 141 27 proprietors.
898 2799 24 21 in
931 2799 88 27 leasing
1028 2799 57 22 their
1094 2799 72 23 lands.

701 2855 3 5 .
727 2855 3 4 .
845 2842 2 4 ■
929 2836 62 21 John
1002 2836 45 21 and
1058 2836 57 22 Geo.
1126 2836 79 23 Wade.

859 2883 164 27 Wanganui.

725 2915 204 23 'ALEXANDER
948 2916 203 28 ALEXANDER,

774 2951 126 20 Auctioneer
910 2950 19 27 $•
941 2951 87 20 General
1035 2951 76 26 Agent,

648 2983 164 35 rpXAVING
826 2983 86 22 resided
928 2984 24 22 in
970 2984 125 28 Wanganui
1109 2991 61 15 more
1179 2984 53 23 than

649 3006 58 26 XX
737 3012 25 20 12
770 3010 97 28 months,
878 3010 40 22 has
927 3010 66 23 made
1002 3011 92 22 himself
1101 3012 132 27 acquainted

649 3037 53 22 with
712 3036 37 23 the
762 3038 49 21 best
827 3038 51 21 sites
894 3038 35 21 for
946 3038 38 21 the
999 3038 106 22 selection
1120 3040 25 20 of
1161 3039 54 21 land
1225 3048 6 18 ;

648 3064 44 22 and
703 3071 42 14 can
755 3064 52 22 with
817 3064 130 22 confidence
956 3065 145 22 recommend
1108 3064 92 24 himself
1210 3070 22 18 to

648 3090 138 23 landowners
805 3098 25 15 as
848 3098 29 15 an
896 3094 68 24 agent
979 3091 35 22 for
1032 3092 38 22 the
1086 3092 105 22 selection
1210 3093 25 22 of

649 3120 59 20 town
718 3118 44 22 and
769 3121 93 25 country
871 3118 66 22 lands
944 3121 23 19 at
974 3118 37 23 the
1019 3119 94 27 ensuing
1119 3120 111 22 selection.

642 3162 162 27 'Wanganui
826 3163 77 21 Land
926 3164 93 26 Agent
1039 3164 55 20 and
1116 3164 115 22 General

765 3189 185 22 Commission
964 3190 150 22 Merchant.

650 3222 92 35 'npHE
759 3222 151 28 undersigned
929 3224 54 26 begs
998 3226 23 19 to
1037 3224 54 22 offer
1106 3224 91 23 himself
1207 3228 24 19 to

657 3245 29 26 X
725 3249 35 22 the
776 3249 74 28 public
866 3257 24 14 as
906 3250 65 22 Land
983 3250 77 27 Agent
1075 3251 45 21 and
1135 3251 96 22 General

650 3276 146 22 Comtriission
810 3275 127 24 'Merchant
964 3277 34 22 for
1026 3277 37 22 the
1092 3278 84 22 district
1208 3280 26 20 of

649 3302 134 28 Wanganui.
811 3303 38 22 He
859 3303 107 23 has'been
976 3304 36 21 for'
1020 3304 37 21 the
1066 3304 44 22 last
1118 3306 13 21 9
1142 3305 88 22 months

650 3332 38 19 on'
696 3332 38 19 the
749 3327 54 24 staff
816 3330 120 28 surveying
952 3330 48 22 that
1019 3331 91 27 district,
1129 3332 44 21 and
1191 3332 39 22 has

819 3356 57 23 been
887 3357 95 22 enabled
992 3360 22 18 to
1023 3358 97 26 ,'acquire
1129 3363 101 18 accurate

648 3380 152 25 infdrm'a'titiir
807 3383 125 28 respecting
946 3384 37 21 the
998 3384 62 22 lsnd.
1088 3384 60 27 This,
1159 3385 71 23 added

645 3408 303 28 'to"the"eXperience~be'has
956 3410 46 22 had
1010 3410 25 23 in
1045 3411 105 23 Scotland
1159 3412 23 22 in
1193 3412 37 22 the

645 3437 170 26 management'
823 3437 25 21 of
861 3436 54 22 land
932 3436 45 23 and
991 3438 70 26 stock,
1073 3438 28 21 he
1111 3439 65 22 trustis
1187 3439 43 22 will

643 3462 86 32 friable
737 3462 47 23 him
794 3465 27 20 to'
827 3462 28 23 db
866 3470 67 21 every
939 3463 81 28 justice
1030 3467 23 19 to
1062 3464 35 22 his
1106 3466 124 27 employers

645 3490 27 21 in
690 3490 39 21 the
747 3490 105 22 selection
872 3495 29 16 'Or
921 3490 107 28 purchase
1052 3491 26 21 of
1097 3491 61 23 land.
1192 3492 37 22 He

643 3516 4 10 ;
649 3516 85 22 flatters
756 3516 95 28 himself,
862 3518 4 8 '
872 3516 48 22 that
943 3517 34 22 his
995 3518 160 27 acquaintance
1177 3519 53 22 with

645 3543 94 27 general
753 3544 99 22 business
861 3543 47 22 will
925 3543 80 22 enable
1020 3544 44 22 him'
1077 3549 22 17 to
1108 3546 50 27 give
1167 3546 63 22 satis-

647 3570 83 22 faction
747 3574 22 18 to
779 3570 63 23 those
850 3570 51 23 who
915 3577 53 21 may
977 3571 92 27 consign
1084 3572 69 26 goods
1165 3575 21 18 to
1196 3572 33 22 his

646 3597 82 27 charge
737 3597 34 22 for
781 3596 52 23 sale.
861 3596 62 22 With
936 3605 14 14 a
959 3597 57 22 view
1023 3601 23 18 to
1063 3598 82 28 adding
1154 3602 27 20 ,to
1195 3598 34 23 his

646 3624 103 22 facilities
755 3624 22 22 in
788 3624 114 28 disposing
911 3624 26 21 of
942 3624 63 22 stock
1012 3624 45 22 and
1067 3625 161 28 merchandize,

646 3650 29 23 he
684 3651 41 22 has
734 3650 68 23 taken
811 3654 38 19 out
859 3658 29 15 an
898 3651 157 22 Auctioneer's
1063 3652 104 23 Licence.

1005 3685 63 23 John
1084 3685 117 23 Cameron.

670 3711 50 22 *Kaiwarrai
728 3715 70 19 w'arra
805 3718 77 21 warra,
891 3711 126 23 December
1025 3714 34 24 31,
1070 3713 59 22 1841.

647 3756 120 26 Country
781 3756 123 21 Sections
925 3756 44 21 for
986 3757 61 20 Sale
1068 3763 36 14 on
1123 3757 105 22 Liberal

889 3783 101 21 Terms.

646 3816 164 49 SEVERAL
845 3816 101 22 Sections
974 3817 26 21 of
1031 3817 99 28 Country
1157 3817 70 27 Land,

711 3843 89 26 already
810 3842 82 22 chosen
901 3843 25 21 in
937 3843 37 21 the
986 3843 94 22 Porirua
1095 3843 89 28 district,
1195 3844 34 22 for

642 3869 62 28 sale,
715 3876 79 16 TERMS.
798 3876 105 15 LIBERAL.
932 3869 81 28 Apply
1017 3873 24 18 to
1113 3869 5 12 '

741 3902 24 21 F.
780 3902 29 20 A.
824 3902 171 26 MoLEswoßTii,
1005 3900 190 33 .'Murphy-street,
1205 3910 23 15 or
1238 3897 3 28 !

738 3927 36 22 W.
793 3930 26 19 V.
833 3925 311 30 BKEWBR/Idarine'rs-sfreet.
1238 3931 3 15 ;
