3300 4360
203 104 416 276 Hot
758 104 692 276 Lakes
1589 104 1385 276 Chronicle.

436 423 214 37 JLIfcTID
704 421 503 40 TOTJBISTS'
2081 423 44 36 J~
2133 424 282 39 OTTJE&IiT
2418 426 143 37 J^JL*.

453 537 447 85 Circulating
922 534 456 84 throughout
1401 532 125 68 the
1551 533 288 68 Tourist
1885 534 302 70 Resorts
2236 539 80 67 of
2350 538 125 69 the
2520 539 268 69 World.

77 692 53 17 VOL.
145 693 18 16 -1.
192 691 40 18 No.
248 691 43 17 200.

1214 684 140 22 BOTOEUA,
1371 684 57 19 N.Z..
1446 682 184 24 WEDNESDAY,
1649 682 164 21 SEPTEMBER
1828 685 30 21 30,
1877 686 48 16 1896

2844 691 254 24 PBICE—THKEEPEK
3104 696 30 19 CE

134 834 48 26 Do
194 833 56 25 not
263 832 118 30 Forget

134 879 249 47 CRAIG'S

99 944 162 21 CURIOSITY
280 942 80 20 SHOP
379 941 46 18 and
450 941 8 30 |

190 971 140 21 MUSEUM,

121 1012 111 24 Opposite
240 1010 78 19 Grand
325 1009 77 21 Hotel,

94 1053 115 27 WINCES
220 1052 44 25 ST.
275 1048 205 33 AUCKLAND.!)

156 1115 122 21 sd'&Ziy*'-*.

134 1175 139 17 INSURS
299 1173 92 17 WITH

58 1209 123 21 THESOXJTH
192 1208 95 17 BRITISH
296 1207 76 17 FIRES
382 1204 98 18 MARINE

123 1232 40 17 Coy.
174 1231 29 15 OF
214 1229 56 17 NEW
277 1227 121 18 ZEALAND.

57 1266 65 15 C.uhal
333 1249 147 27 '.....€1,900,000

92 1289 94 20 Unlimited
200 1288 75 21 liability
282 1288 19 16 of
307 1286 129 17 Shareholders.

57 1315 63 19 Beiuga
130 1310 76 18 Colonial
220 1309 102 17 Institution
336 1309 62 15 rrolits
412 1312 28 11 are
452 1306 18 16 in-

196 1331 57 16 vested
260 1331 69 20 locally.

58 1358 15 15 \t,
80 1362 7 11 u
94 1348 3 25 I
113 1354 57 19 Office,
389 1348 92 18 Auckland

57 1378 43 17 Local
108 1376 52 20 agent
337 1373 11 14 -T
367 1369 104 21 W.Wrigle;

59 1443 152 45 ROTORUA
234 1441 91 41 BOOT
348 1440 24 40 &
390 1438 90 41 SHOE

200 1506 125 41 DEPOT.

57 1902 14 17 A
90 1900 65 24 Large
174 1899 61 19 Stock
256 1900 21 18 of
294 1898 94 23 German,
406 1895 79 19 French

120 1926 38 18 and
169 1926 91 19 Colonial
271 1925 63 19 Boots
344 1924 75 24 always

214 1952 19 18 in
252 1951 68 19 Stock.

59 1990 61 20 BEST
130 1989 18 19 M
156 1990 51 18 ATE
212 1988 71 20 RIAL.
322 1987 29 20 BE
359 1987 30 19 ST
400 1985 86 21 WORK

58 2109 157 23 Hand-sewn
226 2108 79 23 Boots
315 2114 15 16 a
346 2105 139 31 Specialty.

61 2180 204 45 Hotorua
289 2174 196 49 Sawmill

142 2235 246 55 Company.

66 2324 30 25 l\
98 2323 13 9 T
117 2323 63 17 HTTE
193 2323 54 16 AND
265 2321 53 18 RED
336 2320 62 19 PINE
419 2320 19 16 of
456 2319 31 18 the

69 2339 32 26 W
141 2345 55 18 finest
203 2345 75 23 quality
286 2344 38 18 and
340 2343 91 22 carefully
448 2344 38 15 cut.

238 2367 65 19 ALSO

59 2397 84 24 Matai,
174 2396 127 27 Pukatea,
331 2394 51 23 and
409 2394 79 22 Tawa

94 2427 129 29 Shingles,
235 2426 115 28 Palings,
365 2424 96 23 Blocks

197 2457 52 22 and
256 2456 83 23 Posts-

81 2490 16 17 A
112 2488 51 26 good
176 2488 39 19 and
226 2487 91 19 assorted
328 2486 73 26 supply
412 2485 77 25 always

59 2522 19 13 on
90 2514 52 20 hand
153 2516 21 18 at
184 2514 34 19 the
228 2513 83 20 Timber
325 2513 59 22 Yard,

177 2546 183 17 ROTORUH,

60 2575 156 26 JC.'B.—Special
225 2581 45 14 care
281 2575 63 19 taken
355 2575 19 18 in
393 2574 35 19 tlio
445 2580 34 12 sea-

230 2602 78 24 soning.

61 2640 100 20 PRICES
174 2640 40 17 AT
227 2638 144 19 CURRENT
384 2636 105 19 RATES.

93 2672 37 18 W.
149 2670 168 22 HENSHAW,
327 2669 118 23 Manager.

164 2740 215 58 BILL,

62 2812 429 36 carpekteb,

162 2864 104 18 FENTON
283 2863 102 20 STREET,

151 2915 99 18 Opposite
299 2914 80 18 Grand.

84 2951 65 17 Sashes
158 2950 54 17 made
221 2951 19 16 to
249 2949 61 17 order.

64 3086 109 21 BARBER
195 3086 59 19 AND
284 3083 209 24 HAIRDRESSER,

63 3127 88 43 I>EG<
161 3128 20 18 to
192 3132 105 14 announce
308 3125 45 19 that
360 3125 26 18 ho
397 3125 38 18 has
441 3130 42 12 com-

85 3149 13 20 )
127 3153 83 19 menced
221 3152 93 19 business
325 3152 21 18 in
357 3151 34 19 the
408 3150 51 25 shop
475 3150 20 18 in

63 3182 31 18 the
110 3179 33 19 old
158 3181 59 20 town,
238 3177 98 25 formerly
355 3176 95 25 occupied
469 3175 27 25 by

64 3208 29 18 Mr
103 3205 122 24 McFadyen,
235 3204 87 22 saddler,
341 3203 41 19 and
397 3203 64 24 hopes
475 3204 21 17 to

64 3233 55 20 merit
130 3239 12 11 a
151 3239 59 11 suuru
222 3231 21 17 of
252 3230 35 18 the
298 3229 70 26 public
379 3231 90 23 support

143 3264 158 20 RAZORS
331 3262 76 20 SET.

85 3334 21 17 A
115 3332 83 19 Choice
210 3330 151 19 Assortment
375 3328 26 19 of
412 3328 71 18 Tobac-

66 3362 41 17 cos,
118 3356 85 22 Cigars,
215 3354 131 23 Cigarettes
353 3353 19 17 &
380 3351 117 19 Smoker's

66 3379 134 24 Requisites.

216 3443 136 45 M°A

363 3443 19 18 U
394 3443 16 17 L
423 3442 17 17 E
448 3442 25 20 Y,

67 3525 118 23 Plumber
202 3523 22 22 &
235 3522 113 23 General
360 3519 137 24 Mechanic

283 3733 36 42 I.
355 3730 120 47 SIMON,

261 3787 62 23 (Late
330 3784 22 19 of
360 3783 137 22 Melbourne.)

271 3835 115 17 Practical
405 3832 83 17 Tailoii.

261 3906 106 24 Clothes
379 3904 76 23 made
473 3903 27 22 to

289 3932 74 23 order
381 3937 33 16 on
429 3929 46 22 the

315 3956 135 24 shortest

334 3982 94 23 notice.

275 4079 56 25 Style
341 4077 40 20 arcl
392 4075 36 21 Fit
438 4077 36 17 not
484 4077 19 16 to

264 4110 23 16 be
299 4103 96 27 equalled
413 4108 19 12 in
450 4104 53 16 t.,wn

264 4145 112 18 Adhkess:
393 4136 110 21 ArawaSt.

336 4167 101 19 Ilolorua.

792 945 281 48 ROTOROJL
1118 943 126 47 .NEW
1281 943 273 45 ZEJHJkND.

694 1036 31 16 'his
734 1035 104 18 wonderful
846 1036 72 16 district
927 1036 15 16 is
953 1033 128 25 unparalleled
1089 1033 19 18 in
1117 1033 32 17 the
1157 1033 70 18 known
1237 1033 59 18 world
1306 1032 29 18 for
1343 1032 33 18 the
1384 1032 80 18 number
1471 1032 38 17 and
1518 1032 73 24 variety
1600 1033 20 16 of
1628 1033 24 16 its
1661 1031 87 18 Thermal
1758 1030 84 23 Springs.

502 1058 43 21 AY
569 1059 27 18 As
603 1065 12 12 a
622 1059 68 18 health
697 1059 61 18 resort
765 1058 25 18 its
795 1058 113 23 popularity
915 1058 16 18 is
939 1058 77 23 rapidly
1021 1056 113 24 increasing,
1143 1056 39 18 and
1194 1056 44 19 that
1252 1056 81 22 entirely
1350 1061 25 12 on
1386 1055 26 18 its
1429 1061 42 11 own
1487 1056 71 20 merits,
1576 1061 21 12 as
1612 1056 84 17 hitherto
1713 1054 82 23 nothing
1811 1054 33 18 has

501 1083 47 17 been
556 1082 49 17 done
613 1082 20 18 in
642 1083 32 16 the
683 1088 42 16 way
734 1082 20 17 of
762 1081 121 24 advertising.

525 1105 84 19 Patients
618 1105 90 23 suffering
717 1105 48 17 from
775 1105 86 20 Chronic,
871 1104 101 20 Articular,
982 1104 37 16 and
1028 1103 97 17 Muscular
1133 1102 128 21 rheumatism,
1272 1103 57 18 Gout,
1339 1101 102 19 Rhumatic
1447 1101 56 19 Gout.
1518 1102 45 17 Skin
1572 1102 92 19 Diseases,
1682 1101 85 18 Sciatica,

501 1129 55 21 bajro.
576 1129 110 22 Neuralgia,
704 1128 85 18 Nervous
806 1128 125 19 Exhaustion,
949 1127 78 18 Uterine
1044 1126 98 20 Ailments,
1160 1125 38 18 and
1214 1124 56 24 tardy
1287 1125 141 18 convalesoense
1444 1125 49 16 from
1510 1126 54 16 aeuto
1581 1125 80 17 diseases
1678 1129 44 17 may
1738 1123 40 22 rely
1793 1129 51 16 upon

502 1152 99 22 obtaining
608 1152 91 17 immense
708 1151 59 20 relief,
777 1151 37 17 and
823 1152 19 15 in
849 1152 32 16 the
890 1150 90 24 majority
989 1150 21 17 of
1017 1155 51 12 cases
1077 1155 11 12 a
1097 1149 91 22 complete
1197 1154 50 12 cure.

524 1212 53 18 THE
590 1212 112 18 PRIESTS
711 1212 76 17 BATH.
789 1212 68 16 —This
865 1211 15 18 is
890 1211 87 22 strongly
985 1211 48 17 acid,
1047 1210 111 20 aluminous,
1175 1209 79 22 sulphur
1271 1210 65 19 water,
1354 1209 65 22 acting
1435 1214 20 12 as
1471 1213 12 12 a
1499 1209 93 21 powerful
1609 1208 42 17 skin
1667 1207 104 18 stimulant.
1804 1207 41 17 Hot

501 1237 38 15 and
548 1235 42 17 cold
599 1236 87 18 showers,
696 1235 38 17 and
742 1234 82 18 douches
833 1240 30 12 are
873 1234 89 23 provided
972 1235 35 16 and
1018 1232 125 23 comfortably
1151 1232 87 19 enclosed
1247 1232 86 22 dressing
1341 1237 62 12 rooms

525 1259 114 17 MADAME
660 1258 125 18 RACHEL'S
806 1258 145 17 bATH.—This
960 1256 104 19 celebrated
1074 1256 69 22 Spring
1151 1256 16 16 is
1176 1262 10 10 a
1202 1254 62 19 Saline
1280 1257 57 15 water
1351 1254 47 18 with
1415 1254 89 21 Silicates,
1519 1254 38 18 and
1569 1255 35 17 has
1621 1260 24 12 an
1659 1254 80 17 alkaline
1757 1252 87 19 reaction.

501 1282 39 17 The
549 1284 58 15 water
615 1282 16 16 is
640 1282 40 17 also
688 1287 22 11 us
716 1281 19 17 jd
743 1280 101 23 internally
854 1280 29 18 for
891 1281 24 16 its
925 1280 96 18 beneficial
1030 1279 62 17 action
1102 1285 23 10 on
1134 1279 31 16 the
1175 1278 84 22 kidneys.

525 1305 52 17 THE
598 1305 70 17 BLUE
688 1304 145 17 BATH.—This
849 1304 15 16 is
881 1304 32 17 the
929 1304 72 22 largest
1017 1302 76 18 natural
1109 1301 107 23 swimming
1233 1301 45 18 bath
1294 1301 19 18 in
1330 1301 31 17 the
1377 1300 94 18 Southern
1480 1300 130 24 Hemisphere.
1637 1300 18 18 It
1665 1299 69 19 affords
1743 1299 102 18 rheumatic

502 1327 79 19 invalids
591 1334 9 12 a
610 1334 64 11 means
683 1328 20 16 of
711 1326 68 24 taking
788 1327 80 22 painless
877 1327 87 21 exercise,
975 1326 60 17 which
1045 1326 45 21 they
1099 1324 66 24 highly
1174 1324 113 23 appreciate.

525 1350 52 19 THE
587 1351 122 17 SULPHUR
718 1350 106 18 VAPOUR
833 1350 146 17 BATH.—This
984 1350 16 17 is
1005 1355 12 12 a
1022 1348 78 18 natural
1103 1348 36 18 hot
1142 1353 79 18 vapour,
1227 1347 71 24 highly
1302 1346 84 24 oharged
1390 1346 47 18 with
1442 1346 80 23 sulphur
1530 1353 60 16 gases,
1603 1346 105 18 conducted
1722 1345 40 18 into
1777 1351 10 12 a
1802 1351 33 17 pro-

502 1374 53 23 perly
564 1373 119 19 constructed
694 1374 57 18 dust,
761 1373 18 17 in
790 1374 60 16 which
856 1373 31 17 the
895 1374 32 16 the
932 1373 75 22 patient
1015 1373 39 18 sits,
1064 1371 56 17 while
1129 1378 10 10 a
1146 1373 68 15 stream
1221 1372 20 16 of
1246 1371 88 22 palpable
1343 1370 80 21 sulphur
1428 1369 15 17 is
1449 1370 57 21 being
1511 1370 106 22 constantly
1624 1369 99 23 deposited
1727 1374 24 12 on
1759 1369 32 17 the
1798 1369 47 16 skin.

525 1397 52 17 THE
599 1397 58 17 NEW
679 1397 123 17 SULPHUR
822 1397 75 16 BATH.
901 1397 67 16 —This
980 1397 15 16 is
1009 1401 10 11 a
1032 1401 44 16 very
1090 1395 64 21 streng
1166 1393 60 18 acidic
1238 1397 59 14 water
1309 1394 20 16 of
1341 1393 47 20 high
1401 1394 131 21 temperature,
1546 1393 38 17 and
1600 1393 87 21 strongly
1706 1391 140 19 recommended

502 1420 19 17 in
539 1426 50 12 cases
605 1421 21 16 of
641 1419 125 19 rheumatism
773 1419 39 18 and
819 1419 57 18 allied
883 1419 87 18 diseases.
996 1419 39 16 The
1043 1418 46 17 bath
1104 1418 58 16 house
1177 1418 17 16 is
1210 1416 77 19 divided
1303 1416 40 18 into
1360 1416 67 17 Ladies
1444 1416 37 17 and
1497 1416 121 17 Gentlemens
1635 1416 129 22 departments
1778 1415 37 17 and
1831 1415 16 16 is

503 1443 76 23 capable
589 1444 19 17 of
616 1442 165 23 accommodating
788 1443 34 17 400
831 1442 76 18 bathers
916 1442 57 23 daily.

527 1466 52 18 THE
588 1466 163 18 ELECTRICAL
760 1465 252 19 DEPARTMENT.—This
1022 1465 119 22 department
1156 1464 15 16 is
1189 1465 71 21 replete
1276 1463 47 18 with
1337 1463 33 17 the
1386 1463 49 17 most
1449 1462 77 18 modern
1543 1463 107 22 appliances
1667 1462 29 18 for
1713 1462 87 22 carrying
1814 1463 33 15 out

504 1491 73 15 various
588 1491 57 15 forms
654 1491 20 15 of
683 1489 77 18 medical
771 1489 91 17 electrical
872 1490 101 16 treatment
983 1489 19 16 in
1012 1489 48 16 their
1072 1488 85 16 entirety.

528 1512 53 19 THE
586 1512 191 19 HYDROPATHIC
786 1512 111 18 PACKING
908 1512 52 17 AND
969 1510 117 19 MASSAGE
1092 1509 225 19 DEPARTMENT.—A
1323 1509 56 18 series
1384 1509 21 18 of
1410 1514 61 13 rooms
1477 1514 32 13 are
1518 1508 97 19 furni»hed
1624 1509 37 17 and
1671 1512 25 12 set
1706 1508 51 23 apari
1768 1508 78 18 foreach

504 1543 38 12 sex,
549 1536 19 17 in
575 1536 55 17 order
635 1537 20 16 to
664 1542 54 16 carry
724 1537 34 16 out
767 1536 37 16 this
810 1536 103 21 important
919 1535 23 17 ad
944 1535 6 22 j
955 1536 44 17 unct
1004 1536 19 16 to
1031 1536 106 16 treatment.
1144 1534 39 17 The
1189 1534 78 16 services
1274 1534 20 17 of
1299 1539 11 11 a
1315 1532 88 25 qualified
1410 1533 94 16 Masseuse
1510 1533 37 16 and
1553 1533 85 17 Masseur
1647 1538 31 10 are
1687 1531 113 17 obtainable.

574 1615 117 18 CAMILLE
704 1614 132 20 MALFKOY,
846 1614 46 19 Esq.

1397 1588 89 18 Resident
1495 1588 80 17 Medical
1586 1587 168 24 Superintendent:

1473 1612 103 17 ALFRED
1590 1611 120 18 UIXDERS,
1725 1611 52 17 Mi).

715 1901 58 24 Two
786 1901 69 23 miles
869 1900 76 33 from
965 1901 120 26 Rotonta,
1107 1898 134 31 adjoining
1255 1897 150 31 interesting
1416 1897 81 23 native
1508 1898 144 23 settlement.

687 1955 365 57 GEYSER
1107 1936 175 81 #?%
1337 1951 335 56 HOTEL-

1030 2056 25 23 P
1073 2042 156 37 A~f~R~d
1243 2042 35 35 ~N
1296 2054 21 23 S
1327 2063 9 16 ;

650 2098 54 20 Earl
728 2097 27 19 of
777 2097 106 22 Kintcre,
910 2096 55 19 Earl
989 2096 27 18 of
1038 2095 100 22 Onslow,
1160 2094 106 25 Marquis
1286 2094 27 18 of
1331 2093 128 24 Drogheda,
1483 2093 61 18 Lord
1565 2093 146 22 Carrington.

509 2131 89 47 THIS
612 2130 94 20 HOTEL
715 2130 37 18 has
762 2128 89 25 recoutly.
861 2129 52 18 been
923 2128 143 23 considerably
1075 2127 102 23 enlarged,
1189 2126 117 22 renovated,
1318 2126 40 19 and
1368 2125 129 19 refurnished
1507 2124 114 25 regardless
1631 2125 20 18 of
1668 2129 92 20 expanse,
1780 2123 39 18 and
1836 2124 17 17 is

576 2156 73 25 widely
659 2156 74 19 known
745 2155 30 19 for
786 2155 26 18 its
822 2154 99 19 excellent
932 2153 177 20 accommodation.
1121 2152 88 23 Cuisine,
1222 2154 33 18 &c.

885 2189 74 23 Here
972 2197 45 15 are
1029 2188 40 23 the
1084 2187 79 31 Chief
1171 2187 88 31 Sights
1271 2187 33 31 of
1311 2187 40 22 the
1363 2185 118 24 District.

639 2232 48 19 The
695 2230 140 20 Wonderful
845 2230 80 18 Steam
934 2230 46 18 and
990 2230 48 18 Hot
1047 2228 83 19 Water
1139 2228 130 23 Petrifying
1278 2228 99 22 Geysers
1392 2227 78 22 playing
1483 2227 65 21 nearly
1567 2227 32 17 100
1616 2227 38 16 feet
1671 2225 52 21 high.

509 2256 133 23 Petrifying
651 2256 106 22 Geysers,
768 2253 129 19 Cauldrons
906 2253 26 18 of
939 2253 91 22 Boiling
1038 2252 58 18 Mud
1104 2251 46 18 and
1160 2251 41 19 Oil.
1228 2251 76 23 Spout
1313 2250 66 22 Bath,
1390 2249 36 19 Oil
1435 2249 64 23 Bath,
1510 2249 71 18 Alum
1590 2249 60 18 Bath
1659 2248 21 18 &
1694 2248 60 18 Jack
1761 2253 11 13 s
1786 2248 65 19 Bath.

510 2280 79 18 Known
601 2280 32 18 for
639 2279 36 19 the
682 2277 154 25 extraordinary
845 2282 57 14 cures
909 2277 21 19 of
941 2276 149 23 Rheumatism,
1101 2275 118 25 Neuralgia,
1231 2275 112 24 Lumbago,
1352 2273 91 25 Sciatica,
1452 2272 87 26 Kidney,
1553 2274 60 17 Liver
1622 2272 41 18 and
1669 2272 58 18 other
1734 2272 119 24 complaints

627 2313 42 47 C.
695 2313 42 44 E.
760 2309 236 51 .NELSON,
1108 2336 18 5 -
1214 2336 17 5 -
1320 2335 17 5 -
1459 2307 278 55 Proprietor.

922 2368 102 26 Guide
1129 2381 9 4 -
1208 2381 11 4 -
1322 2364 124 33 Sophia.

1544 2455 150 54 N©s

933 2526 38 22 On
996 2525 40 23 the
1061 2524 88 23 Direct
1173 2524 81 23 Route
1274 2527 23 19 to
1317 2523 118 22 Rotorua-

748 2566 45 19 For
810 2566 106 23 Scenery,
933 2564 109 20 Curative
1054 2564 131 23 Properties
1195 2564 26 18 of
1227 2563 40 19 the
1276 2563 74 19 Baths
1359 2562 46 19 and
1413 2562 206 21 accommodation,

656 2599 123 25 EXCEL
810 2597 70 25 ALL
913 2596 140 26 PLACES
1085 2596 46 24 OF
1160 2596 75 24 THE
1270 2594 87 26 KIND
1391 2594 30 26 IN
1454 2594 73 24 THE
1560 2592 160 26 COLONY.

538 2665 66 19 These
615 2664 11 12 c
629 2664 79 26 pringß,
720 2662 66 20 which
796 2662 32 19 for
838 2661 54 18 their
910 2661 96 19 Curative
1017 2660 116 24 Properties
1143 2659 40 18 and
1193 2658 138 19 Comfortable
1341 2657 96 24 Fittings,
1449 2656 51 20 have
1512 2656 48 20 been
1579 2656 129 26 pronounced
1724 2656 27 25 by
1767 2656 27 19 all
1811 2656 45 19 who

512 2691 52 19 have
584 2691 74 19 visited
678 2690 56 19 them
751 2693 75 15 second
843 2693 24 13 to
885 2693 55 14 none
956 2693 22 12 in
995 2686 52 19 New
1064 2685 105 20 Zealand.
1197 2685 43 18 The
1254 2689 110 14 numerous
1374 2683 134 20 testimonials
1517 2683 93 19 received
1619 2689 23 13 as
1653 2684 21 18 to
1683 2682 56 20 their
1747 2689 58 13 cures
1814 2682 42 20 and

513 2717 84 19 comfort
610 2716 73 19 should
704 2716 25 17 be
747 2714 98 20 sufficient
862 2715 21 17 to
900 2713 73 18 induce
988 2712 92 19 Tourists
1096 2711 40 19 and
1149 2712 68 19 others
1233 2712 21 17 to
1264 2710 48 20 visit
1323 2710 62 19 them.
1414 2709 31 19 No
1456 2712 58 16 extra
1524 2709 74 25 charge
1609 2709 17 19 is
1636 2708 59 20 made
1704 2709 33 19 for
1746 2709 34 18 the
1790 2715 35 12 use
1836 2709 21 18 of

513 2744 34 19 the
558 2743 61 19 baths
629 2746 21 16 to
659 2748 84 20 persons
754 2741 81 23 staying
845 2742 21 17 at
875 2739 35 19 the
920 2739 62 18 hotel.

832 2787 83 25 THE
942 2766 530 46 OKOKOIRE~°SANATORIUM

540 2831 21 19 Is
571 2830 110 20 connected
690 2829 51 20 with
751 2829 35 19 the
796 2827 135 25 Telegraphic
941 2830 75 22 system
1026 2825 21 21 of
1057 2826 34 18 the
1102 2825 81 25 Colony,
1195 2825 34 19 the
1236 2823 117 27 Telegraph
1364 2823 60 20 Office
1435 2823 108 25 adjoining
1552 2823 35 20 the
1598 2823 70 19 notel.
1696 2822 36 19 All
1739 2822 119 26 Telegrams

515 2858 100 23 promptly
626 2856 78 25 replied
715 2859 26 15 to.

541 2883 96 23 Coaches,
648 2882 100 25 Buggies,
760 2881 40 18 and
810 2880 143 23 Conveyances
962 2879 20 18 of
993 2878 26 19 all
1029 2877 61 19 hinds
1109 2877 56 18 leave
1183 2877 41 19 this
1241 2876 64 19 Hotel
1322 2882 24 12 on
1365 2875 110 24 Tuesdays,
1496 2875 124 24 Thursdays,
1639 2875 41 18 and
1699 2875 118 23 Saturdays,
1837 2881 21 12 or

514 2909 54 24 daily
579 2910 16 18 if
607 2909 102 22 required.
752 2907 88 19 Persons
858 2912 25 12 en
902 2908 58 16 route
979 2905 31 18 for
1029 2904 91 19 Rotorua
1134 2910 34 12 are
1186 2903 104 18 therefore
1310 2901 85 20 enabled
1417 2903 18 18 to
1455 2901 44 18 visit
1513 2900 33 21 the
1563 2901 91 18 wonders
1664 2900 21 19 of
1699 2900 103 24 Okoroire,
1818 2900 41 19 and

514 2935 61 25 enjoy
586 2936 35 18 the
631 2933 90 21 Natural
732 2933 43 19 Hot
785 2932 64 19 Baths
859 2931 40 19 and
908 2938 11 12 a
930 2931 56 24 day's
996 2933 41 16 rest
1047 2930 93 24 previous
1151 2932 19 16 to
1182 2928 140 25 undertaking
1332 2933 11 14 a
1353 2927 86 25 journey
1450 2930 20 15 to
1480 2927 35 18 the
1526 2927 73 19 Lakes.

1075 2977 82 16 THIS
1183 2977 121 17 HOTEL

687 3010 46 19 Has
741 3008 89 25 recently
841 3008 49 18 leen
902 3007 86 23 erected,
997 3006 40 19 and
1051 3006 17 18 is
1078 3006 76 24 replete
1165 3005 49 19 with
1231 3011 60 17 every
1301 3004 86 19 comfort
1397 3003 31 19 for
1438 3003 91 19 Tourists
1539 3003 39 19 and
1589 3003 99 19 Invalids.

544 3037 66 20 Note.
638 3037 93 20 Tourists
739 3037 23 18 to
770 3029 103 28 Botorua!
902 3033 31 19 Be
942 3039 47 13 sure
1001 3034 21 17 to
1039 3032 47 18 take
1106 3038 50 17 your
1174 3032 31 18 rai
1214 3037 44 19 way
1278 3030 72 20 tickets
1369 3030 31 19 for
1416 3029 114 20 Okohoike.
1568 3029 142 24 Conveyances
1724 3030 53 17 meet
1795 3029 64 18 traius

516 3064 104 23 Okoroire,
631 3064 96 24 carrying
737 3067 121 20 passengers
868 3062 20 16 to
899 3059 64 18 Hotel
972 3059 44 18 free
1031 3058 21 18 of
1061 3057 80 25 charge.

690 3095 51 41 L.
781 3090 381 46 CALLAGHAN.
1259 3117 18 7 -
1375 3114 18 9 -
1488 3089 253 47 Manager.

1240 3367 12 52 I
1319 3366 163 53 AND
1530 3363 206 57 CO.'S

779 3439 245 44 EXPRESS
1060 3438 135 40 LINE
1230 3437 71 42 OF
1338 3436 264 39 COACHES.

521 3495 229 57 Carrying
769 3494 95 46 .Her
891 3490 253 56 .Majesty's
1181 3486 136 49 .Mails
1350 3499 50 34 as
1438 3498 82 44 per
1551 3485 309 60 Time-tables,

520 3602 38 17 Tau
560 3607 33 11 ran
596 3606 30 17 ga,

519 3625 25 16 To
553 3624 60 20 Puke,

520 3648 25 17 Te
554 3648 59 19 Puke,

520 3671 91 19 Rotorua,

520 3694 91 19 Rotorua,

509 3715 2 22 j
520 3717 25 16 Te
554 3716 59 20 Puke,

684 3564 275 21 TAURANGA-ROTORUA
971 3562 71 18 LINE.

676 3599 68 22 depart
790 3596 86 22 Tuesday
885 3595 38 17 and
932 3593 94 22 Saturday
1082 3592 10 18 8
1101 3598 43 10 a.m.
1193 3592 72 18 Rotoru

674 3622 61 17 arrive
830 3616 4 23 ,
979 3630 11 8 »
1041 3616 51 16 10.30
1101 3622 43 10 a.m.
1193 3616 72 16 Atcann

675 3645 67 20 depart
822 3656 12 7 ~
979 3653 11 7 »
1040 3639 52 17 10.45
1101 3644 43 11 a.m.
1193 3638 72 17 Wairal

676 3668 61 17 arrive
978 3676 11 8 ».
1082 3662 10 16 6
1098 3667 46 16 p.m.
1193 3662 71 20 Taupo,

673 3692 68 21 depart
788 3688 85 22 Monday
889 3686 39 19 and
943 3686 71 21 Friday
1082 3685 9 16 7
1101 3690 42 11 a.m.
1167 3685 3 30 j
1192 3685 71 20 Taupo,

1193 3613 98 19 Ateauiuri
1335 3613 67 22 depart

1193 3637 94 18 Wairakei
1334 3636 66 22 depart

1372 3558 216 19 ROTORUA-TAUPO
1605 3558 70 18 LINE,

1334 3587 66 25 depart
1447 3589 119 23 Wednesday
1582 3590 38 16 and
1641 3589 95 22 Saturday

520 3740 26 16 Te
555 3740 60 19 Puke,
672 3737 68 22 depart

520 3763 108 18 Tauransra,
673 3760 61 17 anivo

1039 3708 51 16 12.30
1099 3712 45 18 p.m.
1192 3705 95 19 Wairakei
1337 3704 66 22 depart

1038 3730 51 17 12.4.3
1098 3735 45 17 p.m.
1193 3728 104 20 Ateamuri,
1338 3728 66 21 depart

1049 3754 41 16 3.10
1099 3758 44 17 p.m.
1168 3749 2 26 I
1193 3753 90 19 Rotorua,
1337 3751 60 16 arrive

1336 3681 67 23 depart
1449 3681 99 23 Thursday
1563 3681 37 18 and
1616 3680 85 22 Monday

1780 3704 29 17 8.(5
1818 3709 42 11 a.iu,

1760 3727 52 16 11.30
1819 3732 41 11 a.m.

1767 3751 42 15 4.30
1817 3755 43 16 p.m.

691 3813 125 33 Special
829 3813 230 30 Conveyances
1073 3808 157 31 arranged
1243 3808 48 25 for
1304 3806 33 26 at
1350 3806 53 25 the
1417 3805 146 27 Shortest
1575 3805 121 26 Notice.

847 3847 202 29 STABLES:
1067 3845 168 26 Tutanekai
1265 3844 111 29 Street,
1399 3843 142 24 Rotorua.

687 3892 114 33 Buggies,
819 3890 118 31 ©Gaef?e§
954 3888 51 33 ar?d
1023 3886 95 28 Saddle
1245 3893 31 23 cr?
1294 3885 52 31 tyre
1363 3892 31 23 ei?
1412 3883 44 32 ti?e
1475 3883 119 31 Shortest
1612 3881 95 33 I^etiee.

1009 3927 128 18 TERMS
1166 3925 217 19 7UtODE3F2FCTe.

873 3960 146 31 Telegrams
1030 3957 53 23 and
1092 3957 99 23 Letters
1200 3954 150 33 ptinctually
1364 3953 116 24 attended
1489 3956 29 21 to.

525 4033 76 25 NB.
638 4029 115 26 Please
765 4027 74 25 note
852 4026 133 25 address

646 4071 61 63 e.
758 4062 458 70 ROBeftTSON
1264 4060 47 65 &
1347 4059 126 65 CO.,
1512 4066 234 45 Rotorua.

855 4144 307 45 contractors
1186 4137 77 45 for
1276 4135 181 46 .Messrs
1479 4133 45 46 T.
1546 4133 126 47 Cook,
1694 4132 47 45 &
1762 4130 92 49 Son

1867 790 436 59 GEYSER
2378 791 368 60 HOUSE

1896 903 338 56 Hydropathic
2257 904 159 54 Hotel,
2451 906 266 45 Wairakei.

2061 984 36 20 Six
2107 985 57 19 miles
2173 986 53 19 from
2235 986 58 19 Lake
2302 986 71 25 Tuupo
2384 986 98 26 (Eotoiua
2494 988 59 24 side.)

2043 1048 180 26 SUPERIOR
2243 1049 333 27 ACCOMMODATION.

2067 1104 50 18 ALL
2129 1105 52 17 THE
2195 1104 134 20 COMFOETS
2342 1106 31 16 OE
2386 1106 16 17 A
2416 1105 75 19 HOME
2504 1107 50 17 FOll

2112 1140 148 19 TOURISTS
2277 1141 64 18 AND
2354 1141 153 19 INVALIDS.

1868 1212 65 25 Hot
1957 1211 189 32 Swimming
2168 1212 109 31 Baths,
2303 1212 185 26 Kiri-o-Kai
2509 1220 35 18 or
2570 1214 79 26 New
2673 1214 80 26 Skin

1943 1252 94 32 Bath,
2050 1252 64 25 Hot
2127 1252 130 26 Douche
2271 1254 110 30 Baths,
2404 1254 109 26 Grand
2534 1255 144 26 Climate.

1986 1293 171 26 Elevation
2178 1294 91 31 1,350
2289 1294 62 26 feet
2364 1295 101 25 above
2479 1301 53 20 sea
2545 1296 92 25 level.

1870 1342 196 24 COMPETENT
2082 1343 120 23 GUIDES
2219 1350 121 19 accompanv
2355 1344 84 20 tourists
2455 1346 20 18 to
2492 1345 34 19 the
2548 1345 80 20 various
2649 1345 68 25 places
2735 1346 21 18 of

2001 1369 88 21 interest,
2101 1369 63 19 which
2178 1369 58 19 baflle
2247 1370 35 18 the
2293 1374 50 15 most
2354 1369 59 20 facile
2423 1376 45 19 pen,
2480 1371 40 19 and
2538 1377 37 13 can
2593 1372 48 24 only
2660 1371 24 19 bo
2703 1372 42 18 real-

2001 1395 43 18 ized
2055 1394 57 20 when
2122 1402 53 12 seen.

1940 1460 127 22 YSGR
2299 1461 91 19 contains
2406 1461 34 19 the
2459 1462 103 25 following
2580 1462 123 25 unequalled
2714 1463 28 18 Na-

1949 1487 55 17 tural
2024 1485 90 20 wonders
2136 1485 4 28 :
2143 1487 150 21 —Tuhuatahi,
2315 1493 21 13 or
2360 1487 62 19 Great
2446 1487 132 26 Champagne
2596 1487 112 25 Cauldron;
2722 1489 34 19 the

1950 1512 63 18 Great
2023 1512 105 19 Wairakei
2137 1513 78 23 Geyser
2223 1512 4 27 ;
2240 1513 35 18 tlie
2286 1513 85 24 Donkey
2382 1512 90 26 Engine;
2487 1514 35 18 tho
2532 1513 53 20 Bath
2597 1514 19 18 of
2627 1515 35 17 the
2672 1513 84 26 Fairies;

1949 1538 35 19 the
2004 1537 113 25 Lightning
2133 1537 63 26 Pool;
2210 1539 35 18 the
2261 1539 88 19 Cascade
2366 1539 82 22 Geyser,
2466 1546 22 13 or
2509 1540 99 23 Dragon's
2627 1540 82 20 Mouth;
2724 1540 33 20 the

1950 1563 64 20 Black
2022 1563 90 25 Geyser;
2128 1564 34 19 the
2176 1565 49 18 Mud
2238 1565 87 24 Geyser:
2341 1565 34 19 the
2394 1564 52 20 Blue
2463 1565 69 25 Lake;
2542 1565 35 20 the
2595 1565 31 20 Oil
2645 1566 65 24 Hath;
2724 1567 33 18 the

1950 1589 82 25 Eagle's
2041 1589 61 26 Nest;
2116 1590 34 19 the
2160 1590 75 19 Devil's
2244 1591 69 18 Punch
2323 1591 55 18 Howl
2388 1589 4 26 :
2408 1591 33 19 the
2451 1592 71 19 Prince
2531 1592 21 18 of
2561 1592 76 19 Wales'
2646 1592 98 19 Feathers
2753 1589 4 26 ;

1950 1616 35 19 the
2005 1616 84 23 Mirror;
2105 1616 34 18 the
2159 1617 56 18 Twin
2237 1616 87 26 Geyser:
2340 1617 34 18 the
2391 1616 59 20 Coral
2467 1618 88 24 Geyser;
2571 1618 35 19 the
2615 1617 66 20 Green
2697 1618 60 23 Pool;

1953 1640 127 21 Terekerehe
2090 1648 23 13 or
2133 1642 46 19 Hell
2200 1642 87 26 Geyser;
2310 1642 35 20 the
2364 1642 68 19 Steam
2453 1643 104 20 Hammer.
2586 1644 84 19 Guide's
2688 1644 32 19 fee
2739 1648 20 15 to

1951 1668 77 24 Geyser
2037 1667 78 25 Valley,
2128 1670 21 16 ;js
2158 1667 4 25 ;
2178 1669 89 18 distance
2279 1670 50 17 from
2338 1669 33 18 tho
2387 1669 60 23 hotel,
2462 1667 4 25 1
2481 1669 52 20 mile.

2326 1729 37 21 ;or
2382 1727 79 21 Ladder
2480 1727 83 27 Rapids.
2601 1727 4 27 r
2606 1727 2 27 J

1952 1754 78 24 Jinpids
2041 1754 20 18 in
2072 1754 35 19 the
2117 1754 100 20 Southern
2228 1754 147 25 Hemisphere;
2391 1754 73 24 falling
2481 1755 19 18 in
2518 1755 31 18 six
2568 1755 81 18 distinct
2668 1756 92 18 cascades

1954 1781 94 24 amongst
2056 1779 63 20 weird
2129 1779 41 20 and
2179 1780 79 26 rugged
2277 1786 81 18 scenery
2387 1779 94 20 Distance
2500 1781 51 18 from
2571 1780 33 20 tho
2623 1781 60 23 hotel,
2704 1782 56 18 three

1953 1806 63 18 miles.
2045 1805 74 19 Paddle
2129 1806 69 19 horses
2209 1811 19 14 to
2238 1806 47 19 visit
2300 1806 34 19 the
2348 1805 78 26 Rapids
2442 1808 21 17 7s
2474 1806 24 19 (id
2510 1807 54 18 each.

1877 1866 230 22 KSRHPITI
2126 1871 22 13 or
2157 1864 36 20 the
2201 1865 80 19 Devil's
2289 1865 98 25 Trumpet
2405 1865 18 18 is
2442 1865 42 19 said
2503 1868 21 16 to
2543 1865 49 19 emit
2611 1872 9 12 a
2639 1872 92 18 pressure
2741 1866 21 19 of

1957 1891 68 19 isolhs
2035 1891 22 19 of
2066 1894 63 16 steam
2143 1893 20 17 to
2172 1891 36 19 the
2217 1891 53 22 inch,
2284 1892 50 17 from
2346 1897 25 12 an
2388 1894 94 22 aperture
2492 1891 21 19 of
2532 1891 61 20 about
2613 1891 71 20 twelve
2692 1892 69 20 inches

1954 1918 20 18 in
1987 1917 102 19 diameter.
2119 1916 96 20 Distance
2235 1917 19 19 fr
2268 1923 18 13 m
2309 1917 53 18 hotel
2382 1916 56 20 three
2458 1918 38 18 and
2517 1925 12 11 a
2549 1917 44 20 half
2610 1918 68 23 miles;
2692 1918 69 18 saddle

1954 1945 70 17 horses
2034 1946 19 16 to
2061 1943 47 19 visit
2119 1943 33 19 tho
2162 1943 71 21 above,
2245 1945 22 17 2s
2278 1943 25 18 Gd
2314 1943 54 19 each.

2227 2004 95 23 LLS,
2340 2005 28 15 Im
2370 2001 3 26 '
2392 2001 100 20 Grandest
2510 2001 56 20 Falls
2575 2002 21 19 in
2614 2002 34 19 the
2666 2002 95 19 southern

2193 2035 37 12 mis
2241 2035 44 18 may
2300 2028 22 19 bo
2333 2028 71 18 visited
2415 2033 24 13 on
2451 2028 32 19 the
2497 2034 53 13 same
2570 2028 114 25 expedition
2695 2035 22 12 as
2728 2028 33 19 the

1957 2055 78 18 Devil's
2046 2054 104 25 Trumpet.
2180 2054 96 20 Distance
2286 2055 52 18 from
2348 2054 55 18 hotel
2414 2053 56 19 three
2481 2054 39 19 and
2531 2060 12 13 a
2559 2054 44 19 half
2613 2054 66 24 miles;
2693 2054 69 19 saddle

1955 2081 58 19 horse
2023 2086 23 14 or
2056 2080 70 26 buggy
2137 2083 22 17 '2s
2169 2081 26 19 Cd
2209 2080 57 20 each.

2434 2139 325 55 Proprietress.

2079 2286 58 24 Hot
2164 2286 97 25 Lakes
2281 2286 32 24 of
2331 2285 69 25 New
2420 2284 142 24 Zealand.

2019 2550 27 18 IS
2059 2550 17 18 A
2094 2550 192 19 FIRST-CLASS
2300 2550 205 18 TEMPERANCE
2518 2549 107 19 HOTEL.

1969 2619 235 22 HIN6MOK
2222 2618 198 23 STREET,
2441 2616 236 23 ROTORUH.

1880 2684 83 26 rpiIIS
1977 2683 58 18 NEW
2049 2684 53 16 -VXD
2116 2682 189 20 COMFORTABLE
2319 2681 216 19 ESTABLISHMENT
2542 2681 16 17 is
2566 2679 83 19 situated
2656 2679 21 18 in
2684 2679 34 18 the
2725 2683 40 13 new

1887 2699 20 28 JL
1942 2707 95 22 township
2046 2707 20 17 of
2073 2707 91 20 Rotorua,
2174 2706 49 18 close
2231 2707 21 16 to
2260 2705 33 17 the
2302 2705 126 18 Government
2443 2704 119 18 Sanatorium
2576 2704 37 16 and
2627 2703 64 21 Baths,
2707 2702 59 17 which

2201 2728 90 24 comprise
2300 2728 31 18 the
2340 2727 105 18 celebrated

1879 2759 94 18 Priest's
1982 2758 65 22 Bath,
2058 2757 108 19 Madame
2175 2757 86 19 Rachel
2271 2757 77 21 Baths,
2360 2755 139 19 Chameleon
2509 2755 94 18 Douche
2613 2754 64 21 Bath,
2694 2754 73 22 Large

1950 2782 56 18 Blue
2016 2781 137 23 Swimming
2162 2781 66 21 Bath,
2245 2780 102 22 Sulphur
2359 2779 95 23 Vapour
2463 2779 61 18 Bath
2532 2778 46 19 and
2588 2776 110 20 Galvanic

2236 2804 97 22 Battery
2342 2802 66 21 Bath,

1880 2829 69 17 OVER
1961 2828 92 17 WHICH
2068 2828 86 17 LARGE
2171 2827 118 18 BATHING
2307 2825 139 19 PAVILIONS
2467 2825 71 17 HAVE
2560 2824 69 18 BEEN
2649 2822 118 19 ERECTED

1986 2851 44 17 with
2040 2856 100 12 numerous
2151 2850 90 23 Dressing
2257 2850 75 20 Rooms,
2342 2849 34 18 etc.
2402 2848 76 19 Besides
2486 2849 52 16 these
2547 2848 52 17 (here
2609 2848 14 15 is
2632 2846 31 19 the

1880 2874 134 19 Pain-killer
2027 2874 64 22 Bath,
2108 2873 133 23 Coffee-pot,
2257 2872 131 19 Cameron's
2402 2872 46 17 and
2462 2871 128 18 Hinemaru
2604 2870 72 18 Baths
2690 2869 24 18 in
2728 2869 40 18 the

2184 2896 150 19 Sanatorium
2351 2895 113 18 Grounds.

1881 2943 114 19 Bathgate
2015 2942 73 19 House
2103 2941 38 19 has
2157 2941 52 19 been
2229 2940 79 26 greatly
2325 2939 96 23 enlarged
2437 2940 32 18 for
2484 2938 93 19 Tourists
2594 2945 22 11 as
2634 2936 46 21 well
2698 2943 21 13 as
2738 2937 12 19 f.
2759 2943 10 13 r

2117 2968 71 24 people
2202 2967 73 24 taking
2286 2973 11 12 a
2307 2972 69 13 course
2386 2966 21 17 of
2417 2966 34 18 the
2462 2965 71 18 Baths.

2136 3001 133 19 TERMS
2290 3000 229 20 MODERATE.

2058 3064 54 34 S.
2159 3064 52 34 T.
2266 3064 42 32 B
2335 3063 180 34 ReN
2538 3063 52 35 T.

2206 3108 240 17 PROPRIETOR.

1883 3136 126 18 X.B.—Most
2018 3136 19 18 of
2044 3137 55 17 those
2107 3138 43 17 who
2159 3138 44 17 visit
2211 3138 75 17 Brent's
2295 3138 24 17 do
2328 3144 20 11 so
2356 3138 84 23 through
2449 3138 32 17 the
2496 3138 46 17 kind
2556 3137 179 19 recommendations
2751 3139 20 17 of

2221 3161 88 22 previous
2318 3163 108 15 customers.

1977 3270 229 47 ROBERT
2237 3272 254 47 FURJJESS
2524 3271 46 48 &
2603 3272 81 49 Co.,

1924 3372 379 27 MANUFACTURERS
2340 3373 111 25 AND
2488 3373 250 28 IMPORTERS,

2079 3465 182 34 FORT
2296 3464 289 36 STR66T.

2023 3587 158 23 ROTORUA.

2343 3594 33 19 TO
2391 3594 57 19 THE
2463 3593 105 20 PUBLIC
2583 3594 33 18 OF
2634 3593 137 19 ROTORUA.

1887 3716 409 85 Langham

2028 3818 25 18 a's
2061 3818 50 17 walk
2119 3819 49 17 from
2175 3819 33 17 the
2213 3819 75 17 Govern

2073 3843 17 15 it
2098 3841 75 23 Baths.)

2346 3697 92 41 IBEG
2449 3699 20 15 to
2479 3696 64 19 thank
2552 3696 35 18 the
2601 3695 71 19 Public
2683 3695 20 19 of
2711 3695 48 18 Roto-

2398 3729 39 12 rua
2455 3723 31 17 for
2500 3722 52 18 their
2559 3723 82 17 favours
2653 3721 74 24 during
2739 3721 32 18 the

2343 3751 46 19 past
2399 3748 69 18 fifteen
2477 3754 65 17 years,
2554 3747 39 18 and
2608 3751 19 14 to
2644 3747 65 23 notify
2728 3746 43 20 that

2344 3775 32 17 for
2385 3774 35 18 the
2431 3773 131 19 convenience
2573 3773 20 18 of
2602 3772 98 19 residents
2710 3772 20 19 in
2738 3772 33 19 the

2346 3800 49 18 New
2406 3799 113 23 Township,
2533 3798 40 18 and
2583 3805 31 17 my
2627 3798 57 18 trade
2702 3805 58 17 gener-

2345 3825 46 25 ally,
2403 3825 11 18 I
2424 3825 51 18 have
2486 3824 52 19 built

2371 3879 52 19 New
2432 3879 95 19 Phemisei

2007 3943 189 23 T6RMS:

1914 3986 46 23 35s
1967 3992 46 23 per
2031 3986 88 27 week;
2138 3986 30 23 6s
2181 3993 47 22 per
2236 3986 57 29 day.

1915 4024 61 23 Two
1987 4024 89 22 weeks
2086 4031 28 15 or
2123 4024 99 28 longer,
2239 4024 55 22 30s.

1924 4106 28 31 C.
1985 4105 134 32 HAWKER
2147 4105 141 36 WILSON,

2016 4157 185 22 PROPRIETOR.

2345 3937 64 19 which
2420 3943 34 13 aie
2464 3942 44 12 now
2519 3942 50 17 open
2578 3935 31 18 for
2619 3934 98 23 business,
2733 3934 38 19 and

2343 3963 12 19 I
2365 3970 34 11 am
2416 3961 99 27 prepared
2536 3965 20 14 to
2569 3959 73 26 supply

2484 3999 69 19 PniME
2573 3998 61 19 Meat

2345 4040 21 18 in
2377 4040 50 19 both
2437 4039 50 19 New
2498 4038 40 19 and
2549 4038 38 18 Old
2596 4036 125 26 Townships.

2377 4118 43 22 An
2432 4116 151 30 Inspection
2598 4116 22 21 is
2634 4115 108 23 invited.

2552 4161 103 18 HENRY
2669 4161 80 18 KIRK.

2772 755 215 46 IMPERIAL
3044 760 107 43 BOTE
3173 755 2 48 .

2812 811 123 24 FORT
2959 814 193 24 STREET.

2904 850 160 21 AUCKLAND.

2798 911 94 27 Splendid
2909 915 165 20 accommodation
3086 918 31 18 for
3128 918 52 19 Tour-

2772 938 36 18 ists
2817 938 39 20 and
2866 938 116 22 Travellers,

2789 976 181 32 High-class
2989 979 108 26 Wines
3117 982 62 25 and

2883 1010 113 32 Spirits
3010 1012 81 31 kept.

2819 1089 40 24 W.
2893 1090 30 24 H.
2953 1090 200 33 PEARCE,

2899 1128 175 32 Proprietor.

2777 1183 46 26 W.
2836 1184 37 25 H.
2893 1184 28 26 &
2939 1185 38 25 H.
3005 1187 30 25 C.
3064 1188 134 32 Wright,

2848 1232 129 21 SURGEON
2994 1233 132 23 DENTISTS.

2821 1301 122 24 (Successors
2953 1304 20 16 to
2984 1302 24 18 A.
3020 1303 21 18 L.
3058 1303 100 26 Wright.)

2805 1334 71 24 Notify
2883 1335 44 19 that
2939 1335 46 25 they
2995 1341 34 15 are
3038 1337 118 26 continuing
3167 1338 34 20 the

2779 1360 95 20 Business
2884 1363 20 17 at
2912 1361 34 20 the
2958 1361 97 20 Premises
3064 1365 33 23 top
3104 1363 21 20 of
3133 1364 57 19 Short-

2779 1386 125 20 land-street.
2932 1387 40 20 The
2984 1387 109 26 high-class
3110 1390 52 19 work
3182 1390 19 19 of

2780 1412 32 19 the
2824 1412 38 19 late
2873 1412 32 20 Mr
2914 1412 23 19 A.
2949 1414 21 17 L.
2983 1412 81 27 Wright
3076 1414 38 20 will
3125 1415 24 20 be
3166 1416 24 19 ad-

2780 1438 58 19 hered
2850 1441 25 20 to,
2887 1438 39 19 and
2936 1445 39 19 any
2991 1438 36 21 left
3044 1440 112 21 unfinished
3177 1442 26 25 by

2780 1464 43 20 that
2834 1464 113 25 gentleman
2960 1464 38 20 will
3009 1465 24 20 be
3048 1467 110 25 completed
3176 1467 27 25 by

2873 1489 33 21 the
2913 1496 41 14 new
2965 1494 144 23 management.

2780 1523 113 26 Telephone
2904 1525 42 19 657.

2815 1577 22 25 J.
2860 1578 30 24 H.
2912 1578 259 33 BUCHANAN,

2855 1627 94 25 Stone
2962 1628 170 26 Merchant.

2806 1722 116 23 Statuary,
2949 1723 158 19 Monumental
3139 1725 45 18 and

2899 1746 95 18 General
3003 1746 87 19 Mason.

2784 1781 104 16 MAIM',!.!-:
2899 1781 12 17 &
2921 1781 145 19 FREESTONE
3074 1783 121 19 CHIMNEY
3204 1781 3 21 i

2810 1803 91 22 PIECES,
2921 1804 122 21 MANTELS,
3059 1805 81 21 VASES,
3152 1807 30 18 &c.

2812 1838 136 25 VICTORIA
2966 1839 115 26 STREET
3099 1840 80 28 EAST,

2787 1877 420 37 HUCKLHND.

2811 1937 88 27 Designs
2918 1939 38 19 and
2975 1938 63 20 Prices
3059 1939 109 21 forwarded
3187 1943 20 17 to

2785 1971 39 17 any
2834 1966 42 24 part
2889 1965 20 19 of
2920 1964 33 21 the
2965 1965 92 20 Province
3067 1972 22 13 or
3095 1965 77 27 Colony
3182 1973 25 13 on

2785 1990 128 26 application.

2836 2047 160 45 Steele
3019 2048 134 46 Bros.

2799 2146 187 40 HARAEROA
3030 2146 168 42 SAWMILL,

2790 2229 128 43 DESIRE
2927 2230 24 17 to
2961 2229 72 18 thank
3043 2230 38 17 the
3090 2230 76 22 public
3176 2231 34 17 for

2853 2254 54 21 past
2921 2252 77 19 favors
3012 2252 45 18 and
3071 2252 43 23 beg-
3133 2254 25 17 to
3173 2259 37 13 an-

2774 2272 2 26 I
2786 2280 90 14 nounce
2885 2277 51 17 that
2945 2275 84 23 having
3038 2281 14 12 a
3065 2276 61 22 large
3142 2277 67 17 stock

2787 2298 25 19 of
2822 2298 172 19 well-seasoned
3001 2298 119 20 first-class
3128 2299 82 18 timber

2775 2317 1 28 I
2787 2327 30 12 on
2826 2322 60 17 band
2895 2322 56 23 they
2959 2327 38 12 are
3005 2322 110 23 prepared
3122 2323 24 17 to
3154 2322 56 19 fulfil

2775 2341 2 27 |
2787 2345 78 18 orders
2874 2346 25 18 at
2907 2345 98 18 reduced
3014 2346 67 18 rates.

2805 2413 19 17 n
2831 2447 7 7 .
2879 2413 62 41 M.
2980 2411 46 43 II

3050 2412 94 22 RRISON,
3161 2413 42 17 B.A.

2825 2475 138 18 BARRISTER
2977 2474 51 19 AND
3039 2474 137 22 SOLICITOR,

2802 2515 36 21 118,
2862 2514 92 19 Victoria
2977 2513 85 22 Arcade,
3085 2514 93 19 Atjckxas

2789 2594 90 18 Barrister
2892 2593 35 18 and
2943 2593 84 18 Solicitor
3041 2593 19 17 of
3077 2593 30 18 the
3125 2593 52 23 Supr<

2881 2616 62 20 ('..in!.
2951 2616 81 20 (Ontario,
3041 2616 79 20 (!anoda.

2791 2847 72 18 Losses
2873 2847 50 18 Paid
3096 2846 119 22 £20,000,000

2791 2879 50 17 Fire
2854 2879 95 17 Premium
2967 2877 91 19 Exceeds
3108 2877 107 23 £1,100,000

2791 2910 149 18 Accumulated
2942 2908 109 19 FuxdsExi
3061 2913 36 13 eed
3111 2908 105 23 £1,000,000

2860 2949 38 19 W.
2919 2948 93 19 WARD
3030 2948 109 22 BAKER,

2824 2988 95 20 District
2928 2988 114 23 Manager,
3052 2987 128 19 Auckland.

2878 3028 36 19 W.
2927 3028 27 18 A.
2968 3027 163 22 WILLIAMS,

2851 3067 68 19 Local
2939 3068 82 21 Agent,
3049 3067 107 19 Rotorua.

2881 3203 108 20 FAMILY
3007 3203 46 19 BUI
3060 3203 80 24 CHER,

2848 3254 78 20 Arawa
2949 3254 90 21 Street,
3062 3252 105 19 Eotokua.

2821 3303 21 18 Is
2861 3308 43 13 now
2923 3300 92 26 carrying
3034 3307 24 12 on
3077 3300 34 19 the
3127 3300 93 20 business

2795 3336 60 25 lately
2876 3335 110 20 conducted
3005 3335 26 24 by
3048 3335 73 18 Messrs
3139 3335 80 19 Jecklin

2795 3371 39 18 and
2845 3369 73 23 Cotter,
2930 3369 39 19 and
2980 3369 16 18 is
3006 3368 97 25 prepared
3113 3371 20 16 to
3146 3368 73 26 supply

2794 3405 35 18 the
2840 3404 67 25 public
2917 3404 46 19 with
2975 3404 62 23 prime
3045 3402 78 25 quality
3133 3403 21 18 of
3166 3406 53 16 meat

2796 3440 40 18 and
2844 3439 57 19 .small
2911 3438 62 19 iroods

2822 3560 171 26 WYHYAED
3006 3561 21 22 &
3035 3559 158 29 PILRCHAS,

2796 3667 78 20 B.N.Z.
2883 3667 116 23 Chambers,
3008 3665 67 21 Queen
3080 3666 28 23 St,
3116 3665 104 19 Auckland

2890 3761 50 19 have
2951 3767 70 17 money
3031 3763 19 15 to
3060 3759 46 19 lend
3118 3766 24 11 on
3159 3758 48 19 Mbrt-

2813 3783 29 20 »▼'
2947 3787 21 17 of
2983 3785 97 19 Freehold
3095 3785 38 18 and
3149 3784 59 19 Lease-

2795 3813 48 17 liold
2853 3816 94 21 property
2958 3814 20 16 at
2987 3816 80 14 current
3076 3815 56 14 rates.

2812 3863 12 14 A
2841 3860 155 19 UCKLAND
3009 3855 210 21 ADYERTISING

2828 3890 11 13 L
2949 3882 110 19 AGENCY,

2822 3916 94 17 Victoria
2928 3914 87 19 Arcade,
3030 3912 67 19 Queen
3115 3910 81 17 Street.

3003 3972 25 17 all
3040 3972 18 16 it:
3071 3970 94 17 branches.

2796 3999 52 19 New,
2862 3997 75 23 Unique
2953 3997 36 16 and
3003 3993 80 20 Tasteful
3100 3992 119 23 Advertising

2966 4018 87 18 Medium.

2820 4043 68 18 Orders
2897 4043 48 16 from
2953 4041 26 17 all
2986 4041 50 23 parte
3045 4037 87 19 attended
3140 4039 20 16 to
3175 4037 44 18 with

2797 4073 42 10 cure
2847 4067 38 16 and
2893 4064 111 24 expedition.
