3300 4360
1221 95 59 18 THE
1294 94 57 19 HOT
1364 93 92 20 LAKES
1470 94 166 20 CHRONICLE
1648 94 189 24 WEDNESDAY,
1853 95 165 20 SEPTEMBER
2034 97 32 22 30,
2082 97 49 17 1896

2820 4065 79 19 Printed
2916 4066 37 16 and
2971 4065 100 24 published
3082 4066 26 24 by
3116 4067 22 17 F.
3149 4067 21 17 F.
3184 4066 50 18 WatX

2843 4091 20 15 at
2871 4089 33 17 the
2912 4089 104 23 registered
3029 4090 87 23 printing
3126 4091 57 17 office.
3227 4089 4 24 l
3233 4089 1 24 '

2842 4118 43 11 uioa
2894 4113 62 19 street,
2968 4113 89 17 ltotorua.

2822 4143 171 19 WEDNESDAY,
3001 4144 154 18 SEPTEMBER
3164 4145 28 17 30,
3202 4140 32 20 1896

211 314 47 20 One
272 315 23 19 of
312 314 33 19 the
355 312 118 20 necessities
482 311 23 20 of
514 312 35 20 the
559 313 80 25 coming
648 313 76 19 Season
734 313 42 19 will
785 313 25 20 be

67 370 25 23 A
131 371 113 24 COOL
284 370 97 24 AND
423 368 331 25 REFRESHING
794 370 163 25 DRINK

95 431 139 20 Uutinctured
246 431 25 24 by
279 436 38 16 auy
328 428 128 20 Deleterious
472 428 101 19 Chemical
583 429 138 25 Compounds.
749 429 20 18 A
778 428 59 20 dri-uk
848 431 22 17 at
879 436 51 13 once

289 482 185 29 Exhilarating
495 482 52 23 and
563 482 167 30 Refreshing,

70 541 37 17 rnd
120 539 63 19 which
199 537 36 19 *ill
246 544 62 19 prove
319 544 11 13 a
340 537 117 25 preventive
468 537 21 18 of
497 536 116 26 Dyspepsia
629 537 40 18 and
686 537 27 18 ail
729 537 93 19 Internal
841 537 115 21 Disorders.

95 565 86 19 Aerated
194 565 81 18 Waters
286 565 39 17 and
336 558 96 28 Cordials,
452 562 121 26 comprising
590 563 35 19 the
634 563 72 19 Purest
718 563 121 25 Lemonade,
856 565 35 19 the
901 565 56 20 Most

68 591 103 21 Deiicioua
181 590 79 25 Gii'ger
269 590 46 24 Ale,
329 589 177 25 Highly-charged
524 589 52 19 Soda
588 589 79 24 Water,

273 640 400 37 ZOLKKON
695 643 56 37 E,

67 710 11 12 a
88 709 42 13 new
138 702 150 25 Invigorating,
298 702 150 20 non-alcoholic
458 702 103 25 Beverage
570 711 5 15 ;
591 702 57 20 Lime
655 702 61 20 Juice
733 702 88 23 Cordial,
832 702 125 27 Raspberry,

68 730 137 25 l'eppermiot,
218 729 77 23 Ck-ves,
306 729 52 19 Pine
368 728 73 25 Apple,
452 728 40 18 and
503 729 75 18 Li-mou
590 729 76 25 Syrups
677 730 38 18 and
735 729 135 25 riarsaparilla
886 736 35 13 are
931 730 26 18 all

336 755 155 19 manufactured
502 761 26 13 on
536 755 36 19 the
579 756 105 23 premises.

256 780 117 20 Lemonade
381 780 42 19 and
432 780 78 25 Ginger
518 781 45 23 Ale,
574 784 72 22 quarts
656 781 41 19 and
703 781 63 25 pints.

91 881 74 79 a
216 881 82 76 A,
359 880 419 87 CLARKE,
825 881 106 79 Jr.

70 1059 537 72 CLEARANCE
686 1057 265 72 SALE.

96 1184 65 23 OUR
183 1183 166 23 PREMISES
372 1181 156 24 DISPOSED
552 1181 40 23 OF

461 1208 37 22 TO
512 1207 50 23 MR
587 1208 23 23 J.
632 1207 128 24 TONSON
775 1206 154 24 GARLICK.

72 1277 402 47 Electro-Plated
495 1277 149 45 Ware

669 1333 288 55 Lampware

70 1393 298 45 Brushware

493 1447 287 47 Enamelled
806 1447 151 46 Ware

74 1507 201 54 Knives,
310 1506 169 54 Forks,
502 1506 205 56 Spoons.

143 1625 56 38 CT.
254 1625 61 36 &c
474 1623 403 48 DICKEY,

70 1711 39 60 K
134 1725 108 28 Having
257 1724 56 23 sold
328 1731 46 15 cur
395 1724 88 25 Queen
498 1724 53 22 and
566 1724 83 22 Lome
665 1723 85 23 Street
764 1722 131 23 Premises

188 1757 26 21 to
227 1755 40 23 Mr
277 1755 23 23 J.
317 1755 25 23 T.
355 1754 113 26 Garlick,
479 1754 45 23 the
535 1755 87 23 whole
632 1754 28 23 of
669 1760 45 17 our
725 1753 79 23 Stock
817 1753 27 23 of

299 1796 434 31 IRONMONGERY,

95 1848 72 22 Must
176 1848 31 22 be
220 1847 56 23 sold
286 1847 39 23 for
335 1847 75 27 Cash,
420 1854 28 16 as
463 1854 40 16 we
512 1846 59 30 give
579 1854 34 22 up
621 1845 150 31 possession
781 1846 28 22 in
818 1845 113 23 October.

71 2037 160 47 WILL
250 2037 75 45 BE
344 2035 217 47 ISSUED
582 2035 163 47 NEXT
758 2035 198 47 WEEK.

594 2376 31 42 •

329 2479 52 32 By
399 2479 163 26 ELSDON
585 2479 111 25 BEST.

787 2569 38 12 IMS

89 2669 6 10 .
109 2657 6 11 S
118 2654 58 25 HE
195 2653 124 33 Papers
334 2659 73 20 now
420 2652 175 33 appearing
608 2652 34 25 in
657 2651 55 26 the
724 2651 85 26 HOT
822 2651 137 26 LAKES

85 2678 16 39 1
119 2686 244 27 CHRONICLE
376 2686 101 25 under
489 2686 54 25 the
557 2686 103 25 above
673 2685 71 25 title
757 2684 69 26 will
834 2685 125 32 shortly

68 2721 37 24 be
119 2720 169 33 published
301 2720 33 25 in
348 2719 163 33 pamphlet
523 2718 91 27 form.

275 2826 131 46 Price
430 2825 94 47 One
558 2825 200 57 Shilling.

101 3014 191 32 Advertising
304 3014 107 25 Terms
425 3020 36 19 on
477 3015 190 31 application
688 3015 33 24 at
742 3013 215 26 CHRONICLE

69 3047 105 25 Office.

70 3237 80 18 Under
156 3237 39 18 the
202 3236 173 24 distinguished
380 3237 128 23 patronage
515 3237 27 18 of
544 3237 44 18 His
594 3237 139 23 Excellency
743 3237 61 18 Lord
813 3237 145 24 Carrington,

92 3269 119 18 Governor
220 3269 26 17 of
252 3267 102 24 N.S.W.,
364 3268 46 18 and
420 3268 57 18 Lnrr)
498 3268 95 19 Onslow
602 3270 119 17 Governor
730 3269 26 17 of
762 3269 58 18 New
829 3269 106 19 Zealand.

70 3389 322 97 STAR
517 3392 439 106 HOTeL,

77 3634 24 19 _L
138 3637 43 18 best
190 3637 108 19 furnished
309 3637 63 20 Hotel
381 3637 21 20 in
412 3638 35 19 the
456 3638 68 20 North
535 3640 76 20 Island.

104 3667 135 27 Private
252 3669 107 26 Suites
369 3670 21 18 of
399 3670 132 25 Apartments
540 3671 33 19 for
583 3672 102 19 Families.

386 3702 102 31 Sample
502 3705 95 23 Rooms
618 3707 33 18 for
665 3707 131 21 Commercial
807 3709 126 22 Gentlemen.

70 3735 89 19 Coaches
167 3734 56 20 leave
233 3735 35 19 the
277 3736 63 19 Hotel
349 3737 32 19 for
397 3737 34 19 the
444 3738 66 19 Lakes
530 3746 26 12 on
572 3741 76 18 arrival
663 3742 22 18 of
702 3742 26 18 all
746 3746 104 17 steamers.
879 3746 80 24 Special

178 3760 91 27 Buggies
285 3763 41 18 and
336 3763 75 19 Saddle
421 3763 79 20 Horses
508 3771 38 13 can
562 3766 26 19 be
605 3767 97 19 obtained
719 3769 32 18 for
761 3769 27 18 all
799 3775 57 19 parts

425 3791 22 17 of
456 3791 35 18 the
507 3791 97 26 Country.

73 3821 185 26 First-class
270 3822 125 33 Sailing
408 3825 62 25 and
483 3825 138 34 Rowing
633 3826 100 28 Boats
745 3829 49 26 for
806 3831 154 27 Pleasure

334 3857 62 24 and
415 3857 134 33 Fishing
562 3860 134 26 Parties.

71 3896 64 26 The
167 3895 164 26 Saltwater
361 3897 127 33 Bathing
522 3900 128 27 Pavilion
686 3903 23 25 is
745 3904 101 26 within
870 3907 90 26 three

274 3929 138 25 minutes'
434 3932 75 25 walk
530 3927 33 31 of
578 3935 55 25 the

290 3969 119 26 Telegrams
428 3973 78 19 receive
533 3978 82 22 prompt
634 3977 107 19 attention.

380 4109 280 31 PROPRIETOR.

1343 312 152 34 THE

1214 414 203 106 Lakes

983 673 240 55 Published
1247 684 143 43 every
1409 670 283 57 Wednesday
1708 670 139 47 Jlfter-

1361 740 134 38 noon,

1187 912 113 41 RATES
1326 912 43 41 OF
1395 912 277 41 SUBSCRIPTION:

1143 985 63 17 PAID
1220 985 29 17 IN
1261 984 131 18 ADVANCE.

1166 1025 44 22 Six.
1222 1025 107 23 Months
1341 1026 27 21 5s
1379 1032 5 20 ;

1164 1051 54 23 One
1233 1051 69 23 Year
1312 1051 60 27 10s;

1159 1155 338 33 ADVERTISING
1515 1157 178 31 BATES:

1007 1212 65 18 Three
1083 1211 99 26 Shillings
1192 1218 37 19 per
1239 1212 47 19 inch
1293 1218 36 19 per
1340 1212 59 23 issue,
1409 1218 28 19 up
1444 1214 21 17 to
1472 1213 12 17 3
1492 1213 115 19 insertions.
1624 1213 130 24 Subsequent
1761 1213 113 20 Insertions

980 1237 45 20 half
1035 1242 59 15 rates.
1126 1238 80 25 Special
1216 1241 62 16 terms
1289 1239 33 18 for
1331 1238 71 25 longer
1415 1238 86 25 periods.

1006 1293 178 18 Announcements
1194 1291 22 19 of
1227 1291 71 19 Births
1309 1291 40 19 and
1359 1291 78 19 Deaths
1447 1298 34 12 are
1492 1292 89 22 charged
1596 1294 22 16 2s
1634 1292 55 23 each,
1710 1295 35 16 not
1763 1294 111 25 exceeding

980 1321 24 17 .10
1015 1318 72 20 words.
1115 1317 105 26 Marriage
1230 1319 172 17 announcements
1418 1319 28 17 3s.
1474 1317 93 24 NOTE.
1570 1318 111 23 —These
1698 1319 108 22 charaes
1830 1327 43 16 are

980 1345 40 23 for
1031 1344 176 30 Prepayment
1218 1343 73 30 Only-

1088 1492 241 48 JOBBING
1365 1493 397 49 DEPJIRT.ME.NT.

982 1580 157 33 Invoices,

1032 1622 174 32 Billheads,

1082 1663 103 26 Memo
1199 1665 122 31 Forms,

1133 1705 83 26 Bills
1229 1705 34 26 of
1273 1707 91 28 Fare,

1183 1748 155 25 Business
1363 1748 109 32 Cards,

1234 1789 141 32 Visiting
1396 1790 109 32 Cards,

1315 1830 96 26 Menu
1430 1832 109 32 Cards,

1369 1872 152 33 Luggage
1533 1874 125 32 Labels,

1412 1914 75 26 Ball
1505 1915 236 33 Programmes,

1465 1959 174 31 Circulars,

1536 2002 139 30 Posters,

1587 2043 182 32 Handbills,

1679 2084 197 33 Pamphlets,

1150 2123 66 33 &c,
1319 2124 67 32 &c-,
1487 2125 67 32 &c.,
1657 2126 57 25 &c

1044 2206 124 47 Done
1204 2213 50 40 at
1292 2208 81 54 tfye
1395 2208 223 54 Shortest
1639 2210 181 47 .Notice.

988 2394 540 59 STATIONERY!

1299 2484 575 59 STATIONERY!!

1232 2596 72 46 On
1329 2596 113 47 Sale
1472 2601 52 42 at
1560 2598 88 46 the

1053 2701 436 67 etißONiete
1525 2704 284 66 oppiee.

983 2799 66 19 Plain
1058 2801 45 18 and
1113 2801 80 23 Fancy
1202 2802 68 22 Note,
1286 2802 131 23 Envelopes
1426 2803 30 17 all
1465 2803 66 22 sizes,

983 2824 126 23 Mourning-
1117 2825 75 22 Paper
1201 2825 46 18 and
1257 2825 137 26 Envelopes,
1409 2825 153 20 Commercial
1571 2827 141 23 Stationery,

984 2847 114 23 Foolscap
1108 2848 74 23 Paper
1191 2849 46 18 and
1247 2848 90 19 Official
1346 2849 136 23 Envelopes,

983 2870 117 23 Drawing,
1111 2871 114 23 Exarcise,
1234 2872 179 18 Memorandum
1422 2873 46 18 and
1477 2873 110 19 Account
1596 2874 84 22 Books,

983 2893 107 23 Ledgers,
1103 2894 116 23 Journals,
1231 2895 51 23 Day
1291 2896 47 18 and
1348 2895 60 19 Cash
1416 2896 83 23 Books,

983 2917 80 18 Letter
1073 2918 83 22 Books,
1167 2918 108 22 Brushes,
1469 2920 48 22 &c,

983 2940 124 23 Stephen's
1115 2941 106 24 Writing
1229 2942 47 18 and
1285 2942 107 23 Copying
1400 2943 62 22 Inks,

983 2964 105 23 Blotting
1097 2965 79 22 Paper,
1187 2965 113 19 Business
1309 2966 47 18 and
1368 2966 99 23 Visiting
1476 2966 78 23 Cards,

983 2987 56 18 Blue
1049 2987 96 23 Pencils,
1156 2987 63 19 Lead
1228 2989 46 17 and
1284 2989 64 18 Slate
1358 2989 97 23 Pencils,
1465 2991 47 17 and
1521 2991 83 21 Slates,

982 3010 109 24 Marking
1101 3011 48 22 Ink,
1161 3011 67 19 India
1237 3012 94 18 Rubber
1340 3012 83 23 Bands,
1434 3013 61 19 Gum
1503 3014 47 18 and
1560 3013 116 19 Gummed
1684 3014 81 23 Paper,

983 3034 103 18 Indexed
1095 3034 66 23 Files,
1176 3035 47 18 and
1232 3036 75 23 Paper
1315 3036 68 23 Clips,

982 3057 134 22 Inkstands,
1127 3058 47 18 and
1183 3059 98 19 Bottles.

1381 3112 96 17 KLSO

1015 3159 22 25 A
1058 3159 138 26 CHOICE
1212 3160 209 26 SELECTION
1442 3161 47 25 OF
1505 3161 186 26 BIRTHDAY
1712 3161 130 27 CARDS.

985 3307 347 60 NEWS
1395 3307 477 62 AGENCY.

1046 3414 193 55 English),
1266 3412 206 57 Foreign,
1501 3414 90 45 and
1615 3414 202 48 Colonial

1135 3480 182 55 Papers,
1338 3478 282 56 .Magazines,
1644 3480 87 47 &e.

985 3556 186 42 SYDNEY
1211 3557 237 42 BULLETIN
1488 3558 31 41 &
1558 3560 316 41 CANTERBURY

1234 3614 147 41 TIMES
1408 3614 61 41 ON
1498 3615 130 41 SALE.

1178 3793 94 71 To
1323 3793 348 71 Tourists.

984 3913 192 58 .Agency
1200 3915 76 47 for
1296 3916 218 50 .Martin's
1540 3920 168 54 Photos
1728 3920 56 46 of
1796 3923 80 53 t\ie

1331 3975 208 46 District.

1922 286 340 57 Hydropathic
2305 286 160 57 Hotel,
2514 289 235 45 Rotorua.

2177 369 223 33 ESTABLISHED
2421 370 77 33 1881.

1893 428 73 19 Under
1979 428 35 19 the
2023 429 112 23 patronage
2145 428 22 18 of
2177 428 34 19 Sir
2220 427 35 20 W.
2276 427 87 24 Jervois,
2378 429 49 19 Ear!
2444 431 38 18 and
2501 430 103 20 Countess
2623 429 22 19 of
2663 428 120 26 Hoprtoun,

2063 454 36 19 the
2110 455 55 18 lion.
2176 454 90 19 Prenier
2275 454 40 19 and
2330 454 101 21 Members
2447 457 21 18 of
2480 457 131 20 Parliament.

1919 558 43 19 The
1973 558 63 19 Hotel
2048 558 15 18 is
2074 558 89 20 situated
2173 565 26 12 on
2209 565 25 12 an
2244 558 94 19 elevated
2349 558 87 25 position
2446 567 26 13 on
2482 561 35 20 the
2527 562 70 19 shores
2613 560 22 19 of
2651 559 56 20 Lake
2721 558 52 20 Boto-

1894 591 43 18 rua,
1948 586 122 18 convenient
2080 589 21 15 to
2111 586 26 18 all
2149 585 34 19 iho
2194 584 65 26 eights
2269 584 20 20 iu
2301 584 35 20 the
2345 582 87 24 district.

1966 637 113 29 Sulphur
2092 637 51 23 and
2156 637 114 23 Mineral
2283 637 83 22 Baths
2380 637 21 19 in
2411 638 35 19 the
2457 639 97 20 Grounds
2566 640 22 18 of
2597 639 36 18 the
2643 638 71 19 Hotel.

2027 742 19 18 A
2063 741 106 20 reduction
2187 741 16 19 is
2220 741 60 19 made
2295 743 22 17 to
2328 741 75 26 weekly
2414 750 23 11 or
2448 744 90 25 monthly
2548 744 106 19 boarders.

1896 793 70 19 Guide
1976 793 67 19 Books
2053 794 40 19 and
2102 794 135 20 information
2248 793 64 23 gratis
2322 796 21 16 at
2354 793 55 20 Gook
2425 795 38 19 and
2481 796 59 20 Sods'
2556 797 52 24 (sole
2624 796 81 25 cgent*)
2722 795 65 19 offices

2209 820 127 24 throughout
2347 819 34 20 the
2391 821 85 25 Colony.

1896 870 45 46 T.
1964 869 43 47 C.
2029 870 329 54 DR.QD.HJIRT.
2415 897 17 7 -
2484 899 17 7 -
2550 874 237 53 .Manager.

1933 1103 274 64 NOTICe
2240 1103 103 64 TO
2372 1103 381 66 TOURISTS.

1931 1244 64 25 The
2014 1244 217 32 undersigned
2251 1244 28 26 is
2301 1251 75 19 now
2397 1245 141 33 running
2561 1245 142 32 Buggies
2726 1245 64 26 and

1898 1277 141 26 Coaches
2061 1279 33 24 to
2114 1278 55 25 the
2183 1277 165 31 following
2360 1277 108 33 places
2481 1279 34 25 of
2529 1279 134 25 interest
2681 1279 35 24 in
2736 1279 54 24 the

1897 1310 241 31 neighborhood
2156 1316 33 20 at
2207 1311 129 32 greatly
2360 1311 138 27 reduced
2521 1313 95 25 rates.
2664 1311 126 33 Special

1898 1344 183 25 reductions
2090 1343 49 26 for
2152 1344 89 32 large
2249 1344 129 32 parties.

1897 1384 331 23 WHAKAREWAREWA;
2265 1384 172 23 WAIRAKEI,
2460 1386 101 18 TAUPO
2577 1386 20 18 &
2615 1386 60 18 THE

2039 1407 144 19 TIKITERE
2197 1408 20 18 &
2230 1408 106 18 OKERE
2350 1407 109 24 FALLS;
2473 1409 175 19 WAIOTAPU.

1922 1439 55 19 N.B.
1980 1439 70 19 —The
2059 1439 102 19 Tikitere
2171 1440 53 23 Trip
2234 1445 44 13 can
2287 1445 53 13 now
2348 1439 28 19 be
2385 1440 116 18 extended
2510 1441 26 17 to
2545 1440 40 19 the
2594 1440 58 19 head
2662 1440 26 18 of
2695 1440 94 22 Rotoiti,

1898 1463 85 18 thence
1998 1463 25 17 to
2037 1463 114 22 Rotoehu,
2168 1463 102 23 opening
2283 1468 32 18 up
2332 1468 65 13 some
2414 1464 27 18 of
2455 1464 40 18 the
2516 1464 115 18 Grandest
2644 1465 103 22 Scenery
2767 1464 25 18 in

1898 1486 59 19 New
1966 1486 106 19 Zealand.

1912 1533 94 28 Special
2017 1535 170 26 Conveyances
2199 1534 45 20 and
2256 1534 87 19 Saddle
2355 1534 83 23 Horses
2449 1538 23 16 to
2482 1535 29 19 all
2522 1538 61 24 parts
2599 1536 23 19 of
2634 1535 39 20 the
2690 1534 86 21 district

2224 1564 23 16 at
2260 1561 115 23 Moderate
2387 1562 78 23 Rates.

1946 1609 47 19 Bus
1999 1609 77 19 leaves
2084 1609 64 19 Lake
2154 1610 86 22 House,
2249 1609 85 24 calling
2341 1610 25 18 at
2373 1609 30 19 all
2410 1610 83 18 Hotels
2498 1610 47 18 and
2553 1610 114 23 Boarding
2674 1610 94 18 Houses

1922 1633 37 18 for
1967 1633 225 23 Whakarewarewa,
2202 1633 70 19 twice
2281 1633 117 22 forenoon,
2409 1633 68 19 twice
2486 1633 129 20 afternoon.

2204 1667 46 46 J.
2297 1666 324 56 FALLOONA,

2427 1741 302 57 Proprietor.

1914 1818 129 27 BOOKING
2058 1819 106 25 OFFICE
2176 1819 59 26 AND
2250 1818 133 26 STABLES
2398 1819 146 26 OPPOSITE
2555 1819 100 25 GRAND
2671 1818 105 26 HOTEL

2638 2376 25 14 *n

2265 2696 56 29 the
2349 2686 146 34 FINEST
2515 2687 164 33 WHISKY

1919 2677 37 35 m

2045 2783 8 15 2
2068 2783 26 15 J***
2108 2783 32 13 V
2151 2784 23 10 *-*

2045 2794 79 26 D.C.L.
2129 2795 81 25 BRAND!

1944 3055 235 29 whol:

1906 3112 61 53 L.
2038 3112 69 53 D.

2256 2856 207 49 Proprietors:-

2213 2917 52 56 *
2286 2906 284 67 DISTILLERS
2608 2909 48 62 C?
2686 2909 50 69 I?

2550 3057 195 28 ZEINTTS

2570 3109 51 57 &
2684 3112 83 54 Co

2127 3312 109 19 UNDER
2249 3312 75 18 NEW
2338 3312 226 19 MANAGEMENT.

2117 3343 458 65 JOSIfJOIeRJIE,

2097 3424 22 18 of
2128 3424 36 19 tho
2173 3424 57 18 Lake
2241 3423 71 19 House
2326 3423 40 18 and
2381 3423 74 19 Palace
2465 3423 80 21 Hotels,
2556 3423 109 25 Rotorua,)

2147 3455 50 18 Has
2203 3455 52 23 just
2264 3454 72 18 taken
2347 3459 55 13 over
2411 3454 47 18 this
2468 3454 77 18 Hotel.

1900 3477 128 20 Travellers
2037 3478 47 18 will
2093 3478 48 19 find
2151 3483 70 18 every
2230 3477 268 23 Modern.Convenience
2507 3477 123 18 combined
2635 3477 59 18 with
2700 3478 95 23 Civility

2206 3501 47 18 and
2259 3501 96 22 Prompt
2362 3501 124 18 attention.

1926 3547 43 18 The
1981 3546 98 19 situation
2089 3547 22 18 of
2125 3547 36 19 tho
2176 3546 126 19 Waveiiley
2320 3545 82 20 renders
2422 3546 15 19 it
2456 3545 98 25 specially
2573 3545 120 19 convenient
2711 3546 32 19 for
2759 3546 35 19 the

1900 3572 118 25 Travelling
2028 3572 73 20 T'ublic
2112 3573 41 19 and
2171 3573 88 19 Visitors
2276 3575 20 16 to
2313 3571 34 20 tbo
2364 3571 46 25 City
2426 3573 53 18 from
2495 3571 34 20 tho
2545 3571 91 25 Country
2653 3571 28 25 hy
2700 3572 54 19 train
2772 3579 23 12 or

1901 3602 92 16 steamer.

1901 3624 103 31 Special
2014 3624 208 30 Arrangements
2233 3624 75 23 made
2319 3624 38 22 for
2369 3624 44 22 the
2429 3624 179 23 convenience
2622 3623 27 23 of
2660 3623 133 25 Families.

2093 3663 203 17 NIGHT
2341 3663 21 15 F>
2385 3662 22 17 O
2433 3663 23 15 F2
2481 3664 19 15 T
2524 3663 23 15 E
2574 3662 30 16 R.

1903 3704 176 27 First-class
2094 3705 118 26 Billiard
2229 3705 118 25 Rooms.
2384 3704 100 26 Wines
2498 3704 61 26 and
2576 3704 109 31 Spirits
2699 3705 33 25 of
2738 3705 55 25 the

1981 3738 68 25 best
2066 3738 126 26 Brands.
2237 3737 169 26 Hancock's
2429 3737 83 26 Prize
2526 3737 104 25 XXXX
2645 3737 70 26 Ales

2175 3771 113 32 always
2307 3777 37 19 on
2371 3770 141 33 draught.

2006 3845 78 44 W.
2124 3846 46 44 J.
2202 3846 31 42 Is
2234 3845 94 21 TAPIEE
2330 3838 4 55 '
2364 3838 211 45 Rotorua
2601 3838 192 55 Library

1901 3909 171 19 BARRISTER
2084 3909 66 18 AND
2169 3907 165 21 SOLICITOR.

2360 3928 102 27 f\PEN
2474 3928 53 19 from
2540 3929 22 17 10
2575 3934 46 13 a.m.
2632 3930 21 16 to
2663 3930 11 16 5
2684 3934 48 18 p.m.
2754 3928 40 18 and

1901 3949 146 18 Commissioner
2063 3949 20 17 of
2095 3949 33 17 the
2142 3949 90 23 Supreme
2247 3948 59 18 Court
2316 3948 20 17 of

2118 3979 16 17 J1
2378 3984 163 23 Subscription
2550 3979 4 28 :
2567 3984 42 18 20s
2619 3984 43 17 Per
2670 3983 103 18 Annum.

1902 4004 88 17 Solicitor
1999 4006 19 14 to
2027 4004 33 16 the
2072 4003 47 19 N.Z.
2133 4003 128 35 Government
2275 4003 61 17 under
2386 4013 25 20 Tl
2414 4020 8 11 ,
2425 4013 49 19 ]U)rs
2605 4019 34 12 uro
2655 4012 69 19 Books
2742 4013 52 18 from

1967 4029 40 16 The
2014 4029 100 16 Advances
2120 4029 22 16 to
2148 4029 79 16 Settlers
2231 4029 43 16 Act.
2361 4039 13 8 ~
2404 4039 11 8 T
2424 4039 12 8 .,
2524 4029 9 9 J
2556 4029 8 9 l
2581 4038 5 4 ,
2597 4029 4 18 .
2684 4038 6 4 ,
2743 4038 5 5 .
2790 4039 5 4 .

2359 4040 36 17 tho
2404 4040 88 24 Library
2502 4046 26 11 on
2546 4040 86 23 making
2649 4045 11 12 a
2680 4040 79 23 deposit
2775 4040 20 17 of

1900 4058 100 17 Yictohia
2009 4060 89 19 Abcade,
2109 4059 111 20 Queen-st,
2230 4057 106 18 Auckland.
2359 4068 36 15 not
2404 4066 7 18 ]
2413 4072 32 12 ess
2454 4069 7 14 t
2463 4065 5 18 }
2469 4072 35 11 lan
2525 4066 28 22 SS)
2573 4071 25 12 an
2600 4064 11 19 d
2628 4064 126 26 purchasing
2775 4066 20 17 Is

1924 4098 72 21 Money
2004 4099 21 15 to
2031 4097 54 18 Lend
2093 4104 25 11 on
2127 4097 86 18 freehold
2227 4097 82 22 security
2317 4097 21 17 at
2359 4097 80 18 coupon
2449 4092 32 17 for
2491 4097 61 18 every
2563 4090 54 19 Four
2626 4090 71 19 hooks,

1901 4121 37 17 low
1956 4122 49 16 rates
2021 4121 20 17 of
2054 4121 84 17 interest.
2168 4121 71 21 Money
2252 4120 84 17 invested
2385 4116 43 19 Tho
2446 4116 88 25 Library
2557 4117 18 18 is
2593 4122 51 19 open
2667 4116 76 25 during
2760 4116 35 19 tho

1901 4145 31 16 for
1941 4144 66 17 clients
2016 4145 38 16 free
2062 4144 20 17 of
2090 4144 76 22 charge.
2359 4143 94 24 evening.

2805 155 413 59 HINEMOA_STORE

2806 224 166 25 TT/'ILLIAM
2993 224 109 20 BOGERB
3117 226 72 19 directs
3203 233 18 16 at-

2824 255 7 10 '
2839 245 11 10 *
2883 250 78 19 tention
2972 252 21 16 to
3000 250 34 19 the
3044 250 105 27 following
3156 252 48 21 lines
3212 259 17 17 of

2827 282 177 41 €H#I€S
3051 282 161 45 6##9S,

2806 329 101 24 Byeroft's
2917 329 110 19 Snowdrift
3037 330 52 18 N.Z-
3099 330 61 19 Flour

2806 355 103 22 Sultanas,
2920 355 100 19 Muscatel
3028 356 40 18 and
3076 356 97 21 Valencia
3187 359 42 21 Pai,

2859 381 47 20 sins,
2918 381 40 19 and
2967 381 98 20 Currants

2806 407 51 23 Figs
2864 407 40 19 and
2914 407 111 19 Preserved
3036 408 83 25 Ginger,
3130 409 68 26 Spices

2806 432 75 19 Lemon
2893 433 39 17 and
2943 433 81 25 Orange
3035 434 48 19 Peel

2862 459 70 18 White
2942 460 113 22 Sugar—A
3070 461 115 24 Speciality.

2809 484 50 20 New
2869 485 91 18 Zealand
2966 485 64 25 Dairy
3036 487 144 20 Association's
3188 489 35 22 Tint-

2911 513 38 17 ter.

2833 536 61 19 TEA.
2953 537 113 19 COFFEE.
3121 539 89 21 COCOA.

2808 585 88 19 General
2909 586 127 19 Assortment
3053 589 21 18 of
3091 588 141 27 Storekeeper'*

2987 612 74 21 Goods.

2870 664 157 41 HINEMOA
3058 666 122 42 STORE.

2812 743 53 42 B.
2905 743 45 43 S.
2998 743 34 45 C
3050 744 122 21 OELB
3187 748 45 24 "'

2918 798 221 27 ARCHITECT,

2891 833 98 25 Building
3003 835 109 26 Surveyor,
3130 837 35 19 <fec.

2814 909 69 22 Agent
2903 907 33 19 for
2954 907 35 19 the
3012 908 98 21 National
3135 910 45 20 Fire
3201 915 32 19 and

2904 933 81 20 Marine
2992 934 114 21 Inaurance
3116 936 37 20 Co.

2846 991 180 21 roKoiA
3097 994 137 37 yiEw

2966 1044 125 20 PRIVATE

2813 1076 421 39 BOABDIHGHOUS&

2813 1136 111 28 Opposite
2940 1136 39 20 the
2995 1138 54 19 Post
3060 1139 46 19 and
3118 1141 117 24 Teleqraph

2991 1164 78 20 Office.

2814 1194 45 19 And
2879 1201 49 12 npar
2949 1197 33 17 tr>e
3002 1195 121 21 Celebrated
3147 1198 89 23 PRIEST

2853 1220 117 20 RACHEL
2987 1223 39 19 and
3038 1230 5 10 <
3051 1223 45 19 t'.ier
3107 1224 89 20 BATHS

2958 1247 144 23 ROTORUA.

2814 1298 110 31 TERMS:
2934 1299 43 19 25s
2984 1305 41 18 per
3031 1301 72 23 week,
3114 1303 27 18 5s
3148 1308 41 18 per
3194 1305 39 24 day

2847 1331 114 40 MRS
3005 1332 205 47 YOUNG,

2947 1381 172 22 PIiOI'tIIETXESS.

2817 1447 217 49 Rotorua
3053 1451 183 61 Bakery

2817 1579 128 54 T.S.

2829 1650 104 32 BAKER
2944 1652 26 30 &
2981 1652 248 35 CONFECTIONER.

2868 1729 85 24 Bread
2965 1731 134 25 delivered
3115 1734 78 30 daily.

2869 1799 165 25 GROCERIES,

3013 1837 56 19 BRA
3075 1837 83 22 PERT.

3006 1874 46 14 AND

2814 1900 124 19 GENERAL
2944 1901 208 22 STOREKEEPER'S
3159 1905 80 19 GOODS.

2833 1952 43 47 J.
2907 1955 47 45 R.
2989 1955 234 53 LUNDO.N,

2949 2025 165 24 SOLICITOR,

2837 2061 28 20 2G,
2877 2061 216 23 SIIORTLAND-STREET,
3104 2064 116 18 AUCKLAND.

2812 2106 154 19 N.B.—Attends
2975 2111 80 20 country
3064 2110 69 17 Courts
3141 2111 26 22 by
3179 2112 59 21 special

2812 2131 139 23 arrangement.

2869 2187 315 50 JIOCK.UWD

2824 2265 175 43 COFFEE
3039 2267 189 43 PALACE.

2864 2338 143 31 QtXEEN
3027 2340 167 34 STREET,

2810 2397 65 24 Also
2898 2398 108 30 opposite
3027 2399 108 24 Herald
3163 2401 70 30 Ofjlci

2839 2510 53 45 E.
2944 2511 268 56 WATERS,

2910 2590 241 28 PROPRIETOR.

2862 2657 28 26 J.
2911 2657 49 26 W.
2985 2657 210 32 WRIGLEY,

2834 2723 192 20 ARCHI
3057 2726 112 19 TEC
3200 2728 20 21 T,

2940 2757 183 19 ROTORUK.

2839 2821 70 25 Agent
2917 2822 32 19 for
2965 2822 35 19 the
3017 2822 64 20 South
3103 2823 80 20 British
3202 2825 36 18 Fire

2813 2848 40 18 and
2864 2847 80 20 Marine
2953 2848 112 21 Insurance
3075 2849 112 27 Company.

2815 2908 120 32 UNITED
2956 2909 188 34 INSURANCE
3163 2912 74 35 COY.,

2876 3016 152 30 CAPITAL,
3043 3018 145 28 £500,000.

2820 3084 49 46 FI
2874 3084 33 20 RE
2916 3086 54 19 risks
2978 3087 21 18 of
3005 3088 27 18 all
3041 3088 74 20 classes
3121 3089 117 20 undertaken

2885 3115 20 16 at
2916 3112 70 20 lowest
2996 3117 80 16 current
3087 3118 61 16 rates.

2815 3146 76 20 Claims
2900 3147 73 19 settled
2982 3150 103 24 promptly
3095 3150 40 20 and
3148 3150 90 24 liberally.

2827 3196 48 17 New
2884 3196 82 17 Zealand
2977 3197 55 18 Head
3041 3199 63 21 Office,

2850 3223 92 18 Resident
2950 3224 47 21 Sec,
3006 3225 68 18 James
3083 3227 18 17 S.
3114 3227 99 17 Jameson.

2942 3259 100 18 Auckland
3051 3259 75 24 Agent:

2879 3286 23 16 A.
2914 3286 110 23 Hv.ATHER,
3034 3288 77 17 Custom
3120 3289 67 18 Street.

2949 3323 86 19 Rotorua
3043 3323 75 25 Agent:

2864 3357 21 17 F.
2899 3357 22 17 F.
2930 3357 68 21 Watt,
3012 3358 118 19 Chronicle
3141 3359 62 18 Office.

2816 3403 29 17 W.
2852 3403 22 17 L.
2881 3403 99 21 Foestee,
2991 3408 44 16 c.e.,
3060 3405 26 17 H.
3097 3406 30 16 W.
3137 3405 101 19 Mitchell.

2901 3439 39 11 LATE
3071 3441 99 11 AUTHORISED
3179 3442 38 10 LAND

2817 3455 80 11 ENGINEER
2904 3456 70 10 UIDLAND
2980 3457 75 13 RAILWAY,
3075 3458 10 11 &
3095 3458 56 11 MINING
3166 3457 70 12 SURVEYS

2817 3473 87 15 HaUKAKI
2913 3474 107 16 fhKINtULA.
3059 3475 85 16 TtOIOBUA
3152 3476 13 15 k
3175 3479 7 12 1
3189 3480 49 11 AEEUA.

2818 3543 161 41 FORSTER
3006 3545 25 40 &
3064 3545 174 41 MITCHELL

2845 3602 111 26 MINING
2973 3603 173 28 ENGINEERS
3164 3605 57 26 AND

2945 3638 186 31 SURVEYORS,

2816 3680 121 18 VALUERS
2949 3681 33 17 OF
2991 3681 99 19 MINING
3101 3683 55 17 AND
3166 3680 72 20 OTHER

2949 3704 167 22 PROPERTIES,

2887 3742 106 20 Hauraki,
3012 3742 50 17 New
3077 3744 105 16 Zealand.

2839 3805 96 17 Members
2943 3805 20 17 of
2972 3805 31 17 the
3012 3806 48 17 N.Z.
3070 3806 92 18 Institute
3174 3806 20 18 of
3206 3805 24 18 Sur-

2816 3834 73 16 veyors.

2816 3871 106 17 Address—

2886 3906 119 18 Normanby
3017 3908 64 19 Road,
3093 3909 89 17 Paeroa.

2827 3956 146 19 ,sn**mj\,

2817 3991 19 9 j-
2847 3991 6 8 i
2899 3991 81 19 printea
2993 3991 38 12 nea

2818 4013 20 16 at
2850 4010 106 19 Chronicle
2971 4011 56 18 office
