3540 4560
2942 877 3 2 The
2945 877 1 2 Oxford
2946 877 1 2 Obserber.

2958 962 87 21 PUBLISHED
3045 962 420 21 WEEKLY.

2940 983 155 38 SATURDAY
3114 983 154 38 DECEMBER
3287 983 78 38 29TH
3384 983 97 38 1894.

2986 1081 33 29 It
3031 1081 56 29 has
3101 1084 52 26 too
3163 1081 75 38 long
3248 1081 76 29 been
3335 1082 145 29 accredit-

2945 1122 37 29 ed
2996 1122 69 28 that
3079 1122 52 28 the
3151 1121 101 29 worth
3268 1121 31 29 of
3327 1132 19 18 a
3375 1123 106 27 nation

2944 1162 137 39 depends
3109 1171 86 30 upon
3210 1161 55 29 the
3293 1162 128 30 balance
3449 1168 32 24 at

2944 1204 52 30 the
3019 1202 144 30 National
3174 1201 100 36 Bank,
3286 1202 105 32 rather
3405 1204 77 28 than

2944 1251 84 31 upon
3064 1244 51 29 the
3144 1243 181 30 worthiness
3361 1243 35 29 of
3440 1244 40 29 its

2943 1283 136 39 people's
3095 1284 85 29 lives.
3224 1284 75 29 This
3317 1287 114 35 system
3447 1285 33 29 of

2944 1322 96 30 belief
3051 1322 57 30 has
3122 1323 78 29 been
3229 1324 34 28 of
3290 1324 190 40 professedly

2947 1362 74 41 long
3034 1363 149 39 standing
3194 1362 61 30 and
3269 1364 58 29 has
3342 1364 92 29 taken
3447 1374 35 20 so

2946 1405 77 37 deep
3022 1404 14 16 l:
3043 1415 19 19 a
3063 1404 5 11 ;
3080 1405 65 29 root
3160 1404 33 30 m
3207 1405 53 29 the
3288 1405 94 29 social
3396 1406 87 29 foun-

2947 1446 106 28 dation
3069 1446 33 28 of
3116 1446 126 38 society,
3255 1445 71 29 that
3354 1456 61 27 any
3434 1449 51 25 at-

2947 1488 100 38 tempt
3075 1488 33 27 to
3143 1485 163 29 introduce
3332 1485 153 40 anything

2946 1536 77 28 new,
3097 1536 69 30 way
3191 1527 33 28 of
3250 1526 233 38 improvement,

2946 1567 27 30 is
3059 1571 31 25 to
3104 1568 39 28 be
3159 1568 133 28 scanned
3311 1568 42 38 by
3365 1567 120 39 jealous

2947 1618 72 30 eyes
3034 1608 77 30 with
3122 1608 174 35 .disfavour,
3323 1608 61 29 and
3414 1618 71 20 con-

2947 1649 134 29 demned
3125 1649 33 28 m
3195 1658 39 19 no
3278 1649 209 29 unmeasured

2946 1691 98 27 terms
3059 1688 76 30 with
3153 1687 156 30 insolence
3325 1689 62 29 and
3415 1699 72 20 con-

2948 1731 109 38 tempt.
3088 1749 6 4 -

2988 1770 66 36 We,
3070 1770 163 40 certainly,
3255 1773 86 26 want
3370 1781 18 19 a
3416 1775 71 26 vast

2947 1811 227 39 improvement
3197 1811 34 28 m
3258 1811 54 29 the
3353 1815 133 26 stratum

2947 1860 84 30 upon
3043 1851 101 30 which
3155 1851 54 30 the
3216 1851 102 30 fabric
3328 1852 32 29 of
3370 1853 116 38 society

2947 1891 26 29 is
2989 1891 86 35 built,
3097 1891 168 40 especially
3278 1892 55 29 the
3347 1892 84 30 basis
3446 1903 38 19 on

2949 1930 99 31 which
3064 1932 26 30 is
3116 1932 110 29 reared
3252 1931 52 30 the
3332 1933 106 30 edifice
3455 1933 34 29 of

2946 1973 54 30 the
3020 1973 194 30 fashionable
3226 1973 132 40 religion
3374 1973 33 30 of
3431 1974 54 30 the

2947 2014 73 39 day.
3080 2013 57 31 We
3151 2017 85 27 want
3251 2025 18 19 a
3297 2014 131 40 religion
3454 2016 32 29 of

2946 2057 99 36 truth,
3059 2055 120 40 justice,
3196 2055 123 38 charity
3334 2057 61 29 and
3405 2057 77 30 love.

2989 2097 65 29 Not
3069 2097 54 29 the
3138 2097 110 38 d«3gree
3273 2097 34 29 of
3319 2097 88 40 piety
3434 2107 50 20 as-

2947 2137 107 29 sumed
3081 2138 51 29 for
3161 2136 126 40 Sunday
3318 2138 83 39 only,
3424 2138 59 29 and

2946 2178 174 40 chicanery,
3183 2178 297 37 uncharitableness,

2946 2218 61 29 aiid
3031 2219 146 38 injustice
3205 2219 54 29 the
3285 2223 63 25 rest
3370 2220 33 28 of
3429 2220 54 29 the

2947 2259 93 30 week.
3083 2259 58 29 We
3156 2262 86 26 want
3266 2260 55 29 the
3348 2259 74 31 code
3450 2260 36 29 of

2945 2301 121 38 private
3080 2300 128 37 honour,
3224 2300 62 30 and
3300 2300 53 31 the
3381 2300 100 31 bonds

2945 2340 34 31 of
2989 2341 129 30 faithful
3128 2342 150 29 domestic
3290 2343 191 28 attachment,

2946 2382 118 32 carried
3106 2383 67 28 into
3213 2382 42 29 all
3290 2392 58 19 our
3375 2384 105 37 public

2946 2422 116 32 affairs.

2984 2464 57 31 We
3064 2468 85 27 want
3177 2476 18 19 a
3229 2464 190 36 realization,
3448 2465 34 30 m

2943 2507 76 35 fact,
3034 2507 33 30 of
3080 2507 55 29 the
3149 2506 206 31 brotherhood
3366 2507 32 29 of
3408 2518 73 19 man

2944 2555 48 22 We
3019 2547 75 31 hear
3127 2558 33 20 so
3195 2547 94 30 much
3325 2549 94 29 about
3447 2548 34 30 m

2944 2588 120 39 theory.
3106 2589 33 30 It
3153 2589 27 30 is
3190 2589 130 29 because
3329 2599 46 20 we
3389 2589 92 30 know

2944 2630 52 30 the
3017 2631 146 38 meaning
3188 2630 33 29 of
3252 2629 142 40 heredity
3419 2631 63 29 and

2943 2671 222 30 environment,
3197 2671 131 29 because
3356 2681 47 19 we
3432 2672 48 28 be-

2942 2711 80 31 lieve
3036 2712 70 30 that
3119 2722 70 19 men
3205 2721 52 20 are
3285 2712 84 30 what
3395 2712 84 29 their

2942 2753 223 39 surroundings
3177 2752 91 30 make
3282 2753 85 29 them
3370 2777 6 6 .
3421 2752 57 31 We

2942 2795 85 28 want
3031 2794 113 39 justice
3158 2794 48 29 for
3221 2794 51 35 all,
3288 2794 68 30 love
3371 2794 57 32 for.
3436 2794 42 29 all

2942 2844 106 29 mercy
3061 2834 51 29 for
3137 2834 51 30 all.
3250 2833 57 30 We
3343 2845 52 18 are
3424 2835 53 28 the

2942 2877 94 37 party
3050 2875 32 29 of
3095 2875 174 40 humanity,
3284 2874 62 30 and
3360 2876 116 38 profess

2941 2915 54 30 the
3006 2916 129 39 religion
3147 2916 32 30 of
3184 2916 172 38 humanity.
3379 2916 98 29 With-

2941 2958 55 27 out
3011 2956 53 30 the
3080 2957 78 37 Jove,
3174 2956 54 30 the
3255 2956 134 35 counsel,
3415 2956 62 30 aud

2941 2996 53 31 the
3008 2996 50 31 aid
3073 2996 33 31 of
3120 3007 56 20 our
3195 2996 100 31 fellow
3299 3000 176 31 -creatures,

2941 3038 54 30 the
3017 3038 68 31 best
3113 3039 33 28 of
3173 3049 37 19 us
3238 3038 79 29 have
3345 3037 131 39 nothing

2941 3080 93 27 much
3049 3083 33 24 to
3097 3079 89 28 boast
3198 3078 40 29 of.

2981 3118 101 33 What
3088 3129 46 20 we
3149 3129 52 19 are
3228 3119 72 40 they
3314 3118 89 29 made
3428 3128 46 26 us,

2940 3161 85 30 what
3039 3172 46 19 we
3098 3160 93 31 know
3205 3160 74 39 they
3301 3159 114 40 taught
3428 3170 45 25 us,

2941 3201 83 29 what
3038 3211 46 20 we
3098 3202 80 29 have
3188 3201 79 38 they
3275 3210 79 29 gave
3363 3211 37 19 us
3406 3210 8 26 ;
3429 3212 46 19 we

2941 3251 53 20 are
3007 3241 107 36 theirs,
3130 3241 58 29 and
3204 3241 77 38 they
3311 3250 52 19 are
3392 3250 82 27 ours,

2940 3281 63 31 and
3017 3282 74 30 thus
3106 3281 111 31 should
3230 3282 54 30 the
3298 3285 70 27 true
3383 3283 91 39 relig-

2940 3325 52 27 ion
3007 3323 33 30 of
3054 3323 163 40 humanity
3247 3324 122 29 become
3398 3319 119 34 cem-^

2941 3365 92 28 ented
3046 3365 50 28 for
3111 3364 51 29 the
3177 3365 79 38 good
3272 3364 31 29 of
3317 3365 157 29 mankind.

2940 3403 50 32 No
3005 3414 58 22 one
3077 3415 57 21 can
3150 3408 3 6 '
3164 3405 80 40 deny
3329 3420 11 19 :
3361 3415 24 24 a,
3405 3408 78 27 vast-

2941 3452 126 23 amount
3082 3447 33 29 of
3142 3446 191 39 inspiration,
3360 3447 49 29 for
3423 3447 52 29 do-

2941 3486 54 39 ing
3008 3488 65 28 real
3087 3487 87 39 good,
3192 3487 55 29 has
3262 3488 78 28 been
3369 3487 108 30 drawn

2940 3526 80 30 from
3030 3527 54 29 the
3099 3527 159 38 teachings
3273 3527 33 28 of
3319 3526 53 30 the
3387 3530 88 35 great

2940 3567 131 30 founder
3093 3567 31 29 of
3135 3567 132 39 genuine
3278 3566 196 40 Christianity

2941 3608 76 30 than
3031 3608 82 31 from
3137 3619 62 28 any
3214 3607 89 30 other
3318 3617 114 21 source.
3475 3635 3 4 .

2983 3645 104 40 Many,
3108 3660 40 19 no
3164 3648 104 37 doubt,
3283 3648 32 30 of
3337 3648 139 32 the/best

2941 3691 136 30 workers
3087 3691 61 30 and
3155 3690 54 31 the
3217 3692 83 28 most
3308 3690 167 32 self-sacri-

2940 3732 95 41 ficing
3051 3733 61 28 and
3129 3732 110 29 honest
3265 3731 150 30 believers
3443 3732 35 29 m

2941 3772 54 29 the
3032 3773 104 28 truths
3172 3772 163 29 contained
3362 3773 34 28 m
3423 3772 55 29 the

2942 3813 165 31 matchless
3117 3821 124 23 sermon
3252 3823 39 19 on
3302 3813 55 30 the
3365 3813 114 30 Mount

2942 3854 78 30 have
3034 3855 76 30 been
3128 3854 108 31 driven
3252 3858 55 25 out
3321 3854 80 30 from
3426 3855 53 29 the

2942 3892 150 33 churches
3106 3895 44 39 by
3173 3894 34 30 tb
3211 3905 16 19 c
3255 3894 165 40 burlesque
3449 3895 34 31 of

2942 3934 54 31 the
3011 3934 143 42 Gospel.,-
3190 3950 6 5 •
3295 3960 4 4 .
3373 3955 5 14 :

2982 3976 57 31 We
3046 3978 80 30 have
3135 3978 26 30 it
3169 3987 40 20 on
3218 3978 108 30 record
3336 3978 77 36 that,
3426 3979 52 31 the

2942 4027 142 21 common
3091 4019 120 39 people,
3221 4030 35 19 or
3267 4020 94 30 lower
3371 4021 108 30 orders

2942 4058 97 30 heard
3049 4058 93 32 Jesus
3157 4060 127 39 gladly,,
3290 4061 62 29 and
3363 4065 37 29 to;
3420 4062 61 40 day

2942 4098 54 29 the
3012 4108 140 21 common
3166 4101 110 40 people
3284 4101 62 30 rise
3356 4112 125 31 respon-

2943 4140 65 30 sive
3022 4143 33 28 to
3070 4141 60 31 His
3142 4142 170 41 teachings,
3338 4144 63 31 and.
3430 4155 52 21 are

2942 4181 34 29 m
2990 4181 53 30 the
3058 4192 63 20 van
3135 4183 33 30 of
3182 4193 146 30 progress
3342 4187 33 27 to
3401 4187 82 30 initi-

2943 4225 51 26 ate
3008 4222 89 32 these
3112 4225 126 40 sayings
3250 4226 62 29 and
3323 4228 160 42 teachings

2943 4265 32 31 to
2990 4263 139 42 practice
3143 4265 32 31 m
3192 4267 92 31 order
3298 4271 32 27 to
3345 4268 138 41 improve

2943 4314 40 19 on
2999 4305 157 39 anything
3169 4305 35 31 m
3214 4308 55 29 the
3284 4307 101 40 shape'
3394 4312 34 29 of
3437 4323 46 19 re-

2942 4343 107 38 ligion,
3060 4354 45 21 we
3117 4345 90 32 have,
3222 4357 33 19 as
3281 4351 64 34 yet,
3360 4351 123 31 witnes-

2943 4383 63 31 sed.
3079 4383 5 9 :
3257 4389 6 13 :

2984 4425 112 39 Again,
3110 4436 42 20 on
3160 4427 54 31 the
3229 4429 90 31 other
3327 4430 94 39 hand,
3436 4445 45 21 we

2942 4465 146 31 welcome
3101 4467 77 31 with
3197 4468 171 41 unfeigned
3392 4475 88 34 satis.-

1130 63 169 33 OXFORD
1337 63 228 34 OBSERVER
1610 63 239 35 SATURDAY,
1927 60 234 32 DECEMBER
2202 61 51 35 29,
2296 60 91 29 1894.

3073 196 269 50 NOTICE.

2939 271 218 25 IMPOUNDED
3176 272 25 22 at
3219 270 43 23 the
3279 268 94 25 VIEW
3392 266 87 25 EILL

2938 294 21 35 1
2977 305 125 28 POUND,
3117 304 53 25 One
3184 301 134 26 Crossbred
3335 301 65 24 Rani
3413 299 65 25 frran

2938 343 41 24 Mr
2989 343 16 24 J
3017 343 31 24 E.
3063 343 119 25 Gorton's
3192 341 56 29 E.un
3259 348 34 16 no
3303 339 78 25 brand
3391 337 87 26 visible

2937 383 76 24 notch
3025 384 42 22 out
3079 383 27 23 of
3115 383 44 23 left
3172 389 49 17 ear.
3257 379 26 25 If
3305 381 43 23 not
3371 378 105 25 claimed

2939 419 49 25 and
3000 427 118 24 expenses
3130 419 58 31 paid
3196 421 26 21 to
3234 418 34 24 be.
3273 425 26 16 so
3303 417 24 24 id
3340 424 33 16 on
3385 416 93 24 WED-

2939 456 139 26 NESDAY
3091 456 164 26 JANUARY
3276 455 56 24 2nd.
3356 456 26 23 at
3407 455 31 22 12
3447 453 29 24 0'

2939 494 69 26 clock
3026 503 74 17 noon.

3106 534 140 26 THOMAS
3261 533 149 29 CLEEVE,

3255 573 187 31 Poundkeeper.

41 203 437 400 ISAVILLS
516 206 167 41 A.3STD
731 205 389 44 COMPANY

85 268 285 27 ENGINEERS
399 268 105 26 AND
536 269 166 26 CYCLE
732 268 451 28 MANUFACTURERS

85 329 28 17 ye
125 321 37 24 for
174 321 49 24 sale
235 329 14 16 a
261 321 127 30 shipment
400 321 26 23 of
468 320 104 25 ORION
617 322 87 31 cycles.
717 322 48 25 No.
778 324 24 28 1,
816 323 51 24 £12
886 323 43 23 10s
939 329 5 20 ;
980 321 48 25 No.
1042 323 24 27 2,
1084 322 52 23 £14
1154 321 53 24 10s.

229 382 63 24 Cash
302 390 27 16 or
339 389 57 24 easy
407 384 127 29 payment,
580 382 83 32 Every
675 383 114 25 machine
800 383 160 31 guaranteed.

151 456 144 25 Illustrated
307 456 49 24 and
367 456 155 32 Descriptive
534 456 151 32 Catalogues
873 456 88 32 Cycles
973 460 56 28 post
1039 457 59 24 free.

112 530 184 31 SAVILLE
321 531 28 28 &
372 529 63 36 Co.,
464 529 153 31 Colombo
633 530 136 37 Street,
800 530 348 32 CHRISTCHUKCH.

1290 205 196 40 MUSICAL
1527 204 180 40 TUITION

1235 272 141 38 PIANO,
1402 271 158 35 VIOLIN,
1585 270 189 36 SINGING,

1278 313 148 30 ORGAN
1492 311 85 30 ETC.
1640 311 93 31 ETC.

1341 358 63 30 MR
1442 358 30 30 S.
1503 356 182 32 MAYSON.

1240 399 121 39 (holder
1386 398 33 29 of
1434 397 184 29 Certificate.
1650 396 124 38 Trinity

1363 437 124 40 College
1509 436 140 40 London)

1272 478 104 32 Having
1392 478 76 25 taken
1485 485 34 24 up
1552 477 39 24 his
1608 476 125 24 residence
1750 475 26 24 m

1240 512 91 23 Oxford
1347 512 22 22 is
1386 511 117 30 prepared
1531 512 26 22 to
1574 509 93 24 receive
1686 508 91 31 'pupils

1239 543 38 24 for
1287 551 48 22 any
1347 543 27 23 of
1397 543 43 22 the
1469 542 76 23 above
1556 541 91 23 named
1659 540 117 31 subjects.

1275 576 43 22 All
1340 575 210 23 communication
1585 572 133 25 addressed
1751 574 27 22 to

1240 606 138 26 Methodist
1419 606 143 31 Parsonage
1600 605 51 23 will
1684 604 94 24 receive

1240 640 96 31 prompt
1348 638 132 24 attention.
1515 638 119 23 Distance
1642 644 34 17 no
1687 636 90 31 object.

1242 681 188 44 Pianos
1454 679 99 43 and
1579 677 198 56 Organs

1369 745 81 24 .tuned
1468 745 50 24 and
1533 744 121 30 repaired.

1242 885 224 26 PREVENTION
1483 884 33 25 IS
1533 884 139 24 BETTER
1684 883 94 25 THAN

1291 917 4 33 ;
1328 948 3 4 .
1475 922 103 27 cure.
1626 919 4 28 :
1680 919 96 31 .■■■/■

1242 997 94 26 \TOW
1355 998 54 23 that
1421 995 44 26 the
1476 996 131 25 Influenza
1619 995 127 31 Epidemic
1757 995 23 24 is

1243 1021 31 34 JM
1315 1030 77 24 about
1411 1030 41 23 the
1471 1028 182 32 neighbouring
1671 1028 109 24 districts

1243 1063 36 23 no'
1287 1063 73 23 home
1372 1063 87 24 should
1472 1061 29 25 be
1513 1061 104 24 without
1629 1061 43 23 the
1692 1060 86 31 Platy-

1244 1094 136 32 pusßrand
1392 1094 25 24 of
1429 1094 154 30 Eucalyptus
1593 1092 123 25 Globulus
1727 1092 51 24 Ex-

1243 1129 64 23 tract
1318 1128 27 24 to
1356 1127 30 24 be
1398 1126 75 25 taken
1492 1133 67 24 upon
1576 1133 81 23 fugar,
1677 1133 28 15 or
1727 1124 28 23 m
1766 1133 14 14 a

1243 1160 69 25 little,
1319 1159 70 24 milk.
1432 1159 50 24 The
1494 1160 67 22 most
1573 1158 148 24 convenient
1732 1157 49 24 and

1244 1192 111 31 pleasant
1367 1199 52 24 way
1432 1195 25 20 to
1469 1191 56 24 take
1543 1190 156 31 Eucalyptus
1715 1190 23 24 is
1753 1190 27 23 m

1245 1225 42 23 the
1299 1225 120 30 Platypus
1432 1223 87 24 Brand
1527 1223 27 24 of
1564 1223 155 30 Eucalyptus
1735 1221 45 25 Ju-

1240 1256 82 30 jubes,
1334 1256 57 30 they
1400 1263 42 17 are
1453 1256 27 23 m
1490 1256 60 23 such
1560 1263 14 16 a
1582 1254 125 31 palatable
1715 1254 65 24 form

1243 1289 112 30 pleasant
1397 1289 26 22 to
1466 1289 70 26 taste,
1573 1286 131 30 antiseptic
1732 1286 49 23 and

1244 1320 138 24 stimulant.
1433 1319 116 30 Sprinkle
1567 1326 63 24 your
1658 1318 123 23 handker-

1244 1352 67 25 chief
1320 1352 49 24 iind
1380 1359 83 17 rooms
1475 1351 60 25 with
1548 1350 44 25 the
1604 1350 41 25 oil.

1245 1394 27 23 BE
1282 1392 58 24 SURE
1348 1392 42 24 YOU
1400 1391 116 25 PURCHASE
1524 1391 46 24 THE
1579 1390 114 24 PLATYPUS
1702 1383 88 38 BRAND|

1323 1426 30 23 R.
1367 1425 91 24 Parish
1470 1425 83 30 Agent
1564 1424 39 23 for
1615 1423 101 24 Oxford.

1245 1469 74 25 Office
1328 1468 39 25 No
1378 1469 13 23 9
1406 1467 137 26 Cathedral
1551 1474 36 24 sq.
1601 1465 181 26 Christchurch
1789 1486 2 3 .

1300 1628 63 29 MR
1387 1626 177 32 SPECIAL
1594 1620 151 36 RAPID.

1342 1686 3 2 •
1384 1671 115 37 /AND
1524 1670 92 31 SUN.

1245 1728 202 38 TRAVELLING
1486 1725 295 42 PHOTOGRAPHERS.

1287 1785 115 35 Views,
1421 1783 129 38 Houses,
1566 1783 132 39 Groups,
1708 1783 73 29 Por-

1245 1827 99 34 traits,
1373 1825 140 30 Animals
1543 1824 54 38 <&g,
1620 1823 95 30 taken
1751 1825 34 28 at

1247 1866 183 38 anyplace;
1462 1863 59 40 6/-;
1534 1865 81 39 10/-;
1633 1862 67 41 24/-
1729 1873 56 29 per

1246 1907 106 29 dozen.
1397 1906 163 38 Specimen
1573 1905 111 38 kindly
1699 1904 85 30 exhi-

1246 1947 82 29 bited
1345 1947 33 29 m
1402 1946 51 30 Mr
1483 1945 134 31 Parish's
1641 1945 142 31 window.

1247 1991 115 29 Address,
1364 2006 34 3 —

1345 2029 52 24 MR
1410 2028 147 26 SPECIAL
1568 2028 115 30 RAPID,

1512 2066 196 31 Photographer,

1558 2103 225 25 SWANNANOA.

1246 2253 46 45 J.
1315 2253 54 45 T.
1397 2253 201 54 Brown,
1621 2254 42 44 &
1684 2254 97 44 Son

1300 2320 111 20 TIMBER
1421 2321 18 20 &
1450 2320 72 21 COAL
1536 2319 184 23 MERCHANTS.
1757 2317 3 26 ;

1421 2358 166 19 IMPORTERS

1247 2393 34 27 Of
1311 2392 141 28 TIMBER
1483 2395 54 26 and
1566 2394 50 26 All
1646 2394 88 27 Kinds
1759 2394 28 27 of

1300 2440 189 28 BUILDING
1512 2441 224 27 MATERIALS.

1437 2487 152 27 CORNER
1739 2504 4 4 •

1247 2528 164 26 COLOMBO
1453 2530 19 23 &
1501 2528 98 26 TUAM
1630 2528 155 26 STREETS

1406 2573 194 24 Christohubch

1303 2743 157 47 MISS
1487 2745 236 46 DENCH

1403 2831 227 22 DRESSMAKER.

1300 2878 163 34 BAY
1506 2879 215 33 ROAD-

1376 2933 89 26 EAST
1500 2932 147 26 OXFORD.

1240 3077 315 81 BDRRELL
1583 3077 193 91 BROS.,

1355 3167 124 33 Photo
1479 3172 41 38 g?
1529 3167 144 42 aphers

1240 3217 191 40 VICTORIA
1454 3217 150 49 STUDIO,
1627 3217 60 39 CH.
1715 3218 59 38 CH.

1323 3270 69 24 Take
1410 3271 41 22 the
1468 3269 57 24 lead
1541 3278 62 15 once
1619 3276 71 17 more

1242 3314 66 37 Our
1316 3312 250 49 Photographs
1573 3312 114 39 alithe
1692 3323 86 40 rage

1242 3389 120 26 November
1379 3382 60 39 FOR
1463 3382 18 38 2
1506 3382 141 39 MONTHS
1662 3388 125 27 November.

1277 3423 45 15 AND
1459 3433 85 11 rixTT-w
1693 3422 45 15 AND

1243 3443 117 24 DECEMBER
1398 3466 3 1 .
1459 3433 85 21 ONLY
1614 3454 13 7 -
1662 3443 118 24 DECEMBER

1242 3483 107 80 Wof
1356 3490 41 14 our
1406 3483 52 20 well
1464 3484 80 20 known
1554 3484 82 25 highly
1651 3486 57 29 |A
1731 3484 45 19 /A

1312 3510 100 21 finished
1417 3509 122 22 enamelled
1539 3509 110 22 Cabinets
1656 3504 13 29 1
1677 3504 13 29 1
1696 3504 13 29 1
1722 3504 12 31 /
1745 3516 31 17 M

1468 3537 35 21 for
1529 3537 57 24 ®§T
1652 3525 77 40 lU/
1745 3532 32 30 U

1244 3602 15 38 1
1272 3601 104 38 dozen
1397 3601 204 39 Enamelled
1617 3601 162 40 Cabinets

1241 3652 171 39 withone
1419 3652 214 39 15xl2Matt
1643 3653 142 40 surface.

1242 3704 303 48 Enlargement'
1556 3704 224 49 Beautifully

1350 3748 149 38 Framed
1521 3748 53 39 for
1597 3749 61 38 £1.

1242 3796 72 24 This.
1315 3796 22 24 is
1348 3803 34 17 no
1392 3796 81 25 sham,
1486 3795 46 25 but
1543 3804 16 16 a
1571 3796 107 32 real/giffc
1689 3796 37 26 for
1734 3798 44 25 the

1242 3833 100 30 corning
1360 3833 122 31 holidays.
1524 3833 46 24 All
1590 3835 67 24 work
1672 3836 64 24 done
1747 3836 32 30 by

1242 3869 160 32 experienced
1424 3869 89 25 hands.
1566 3871 148 25 Renieniber
1734 3881 45 16 our

1259 3907 155 29 Concession,
1425 3908 31 24 18
1468 3908 26 24 to
1505 3907 43 26 the
1556 3907 79 27 dozen
1646 3908 38 26 for
1694 3909 67 33 10/6.

1242 3950 61 25 This
1321 3950 44 25 the
1383 3951 59 31 only
1456 3951 61 26 time
1532 3951 27 25 m
1577 3952 44 26 the
1640 3953 104 34 History
1756 3954 26 25 of

1242 3990 179 32 Photography
1433 3991 56 24 that
1506 3992 63 24 such
1586 4000 14 16 a
1623 3993 92 25 chance
1732 3994 48 25 has

1242 4034 57 18 ever
1319 4027 59 25 been
1399 4027 106 32 brought
1524 4028 81 26 before
1625 4030 43 25 the
1687 4031 91 31 public,

1242 4066 50 25 and
1303 4074 59 25 may
1372 4074 76 18 never
1463 4074 74 18 occur
1559 4069 81 31 again.
1661 4070 39 25 Sit
1712 4071 68 31 early

1242 4108 184 31 appointments
1439 4107 91 26 should
1541 4108 30 26 be
1582 4109 73 25 made
1673 4110 22 24 if
1711 4118 69 24 poss-

1240 4139 58 30 ible.
1321 4144 201 26 REMEMBER
1542 4146 70 25 OUR
1626 4147 63 25 BIG
1701 4149 77 25 CON-

1242 4182 148 26 CESSION
1402 4183 68 27 FOR
1485 4185 15 23 2
1512 4184 145 28 MONTHS
1677 4187 101 26 ONLY.

1240 4255 101 27 Letters
1351 4256 33 32 by
1394 4258 57 30 post
1461 4258 150 32 punctually
1621 4260 119 25 attended
1752 4260 36 25 to'

1254 4301 510 45 picture7~f:raming
1778 4334 3 3 ■

1360 4365 4 5 ,
1390 4349 26 20 m
1425 4349 33 21 all
1466 4349 32 21 its
1506 4349 130 23 branches..
1648 4368 24 3 ...
1689 4360 5 11 -.
1710 4368 2 2 .
1722 4368 7 4 .

1240 4378 166 28 BURRELL
1422 4381 107 29 BROS.,
1551 4381 209 34 Photographers,

1367 4419 111 26 Victoria
1490 4422 84 28 street,
1587 4422 189 27 Christchurch.

1240 4461 111 33 opposite
1363 4462 43 27 the
1417 4462 129 28 Salvation
1557 4464 77 34 Army
1646 4466 130 27 Barracks.

1836 212 36 23 To
1884 211 42 24 the
1943 210 161 24 Inhabitants
2124 209 28 24 of
2169 208 94 25 Oxford
2291 208 50 24 and

1804 254 61 24 Cust
1877 253 50 24 and
1939 252 169 30 surrounding
2124 251 116 25 districts.

2037 293 71 25 THE

1804 340 244 66 HFATTH
2108 337 232 69 SUPPLY

1973 437 207 31 COMPANY.

2066 496 30 17 OF

1807 541 59 28 245
1889 538 169 31 CASHBL
2084 538 58 29 £T.
2174 537 99 30 CH—
2275 536 66 30 CH.
2349 552 2 27 ;

1814 594 79 29 .Beg
1903 595 26 23 to
1941 593 80 30 notify
2030 593 57 25 that
2098 593 65 30 they.
2166 592 64 24 have
2242 592 100 30 appoin-

1806 630 43 25 ted
1861 630 53 24 Mrs
1924 629 184 25 NEWNHAM
2131 637 28 15 as
2171 628 66 24 their
2251 628 90 31 Ag^nt,

1806 670 49 24 and
1867 670 63 24 from
1943 669 51 25 her*
2009 676 58 24 may
2095 667 31 25 be
2154 668 123 29 obtained,
2307 667 37 24 Dr

1809 707 238 28 SCHUbSLER'S
2087 711 101 21 famous
2221 707 122 25 BIOCH-

1807 749 86 24 EMIC
1927 748 194 25 REMEDIES
2147 748 50 24 and
2223 747 119 24 INFLU-

1806 788 94 23 ENZA
1933 786 173 25 POWDERS
2156 786 45 24 Dr.
2227 785 116 26 CROSS-

1807 825 114 24 LANDS
1930 824 135 25 wonderful
2074 823 127 31 vegetable
2209 823 134 24 Headache

1806 864 120 31 powders;
1943 863 124 28 Enemas,-
2087 862 135 31 Syringes,-
2231 861 112 32 -Sprays,

1807 903 49 24 and
1868 902 32 25 all
1912 901 125 25 Chemists
2050 901 120 28 sundries,
2183 908 38 18 as.
2234 901 55 25 well
2317 908 28 17 as

1810 940 215 28 STATIONARY
2037 941 42 23 &c.

1840 979 54 25 Mrs
1906 979 152 29 Newnham,-
2069 979 67 24 Next
2164 980 26 23 to
2213 978 41 24 the
2267 1002 3 2 .
2282 978 64 26 Eree

1808 1016 137 27 Methodist
1952 1016 100 26 Church

1935 1056 101 26 WEST
2071 1056 152 24 OXFORD.

1908 1188 357 66 forsalC

1801 1398 8 6 -
1917 1381 111 32 EAST
2051 1380 184 32 OXFORD.
2313 1376 3 45 ;

1854 1430 66 29 Has
1935 1440 40 19 on
1992 1429 84 29 hand
2093 1439 16 19 a
2134 1427 143 40 splendid
2305 1427 45 29 lot

1813 1478 32 30 of
1859 1476 145 32 BACON
2020 1475 252 32 and.LAßDfor
2287 1475 63 30 sale

1812 1526 82 29 from
1909 1536 18 19 a
1943 1526 105 38 pound
2064 1528 32 26 to
2112 1534 19 20 a
2144 1526 64 27 ton.

1910 1571 105 31 Bacon
2029 1571 71 40 pigs
2116 1570 129 39 bought.

1952 1707 116 31 Copies
2091 1715 39 23 of
2151 1715 62 22 the

1866 1778 174 31 OXFOED
2074 1778 224 32 OBSERVES
2349 1762 2 6 '

1929 1838 54 25 Can
2004 1838 31 25 be
2058 1837 118 26 obtained
2197 1839 26 23 at
2256 1853 5 2 -
2314 1842 2 13 ;

1813 1886 178 26 CARGILL'S
2003 1894 87 17 comer
2112 1885 28 25 of
2154 1884 137 26 CASHEL
2303 1882 47 27 and!

1914 1935 163 27 COLOMBO
2098 1935 155 27 STREETS
2349 1935 2 14 !

1988 1986 186 25 Christchurch.

1844 2087 49 44 L.
1945 2086 374 45 GRIFFITHS.

1987 2160 197 32 CARRIER.

1836 2211 128 38 OXFORD
1990 2211 43 37 TO
2052 2209 277 40 CHRISTCHURCH.

1854 2258 94 25 Leaves
1983 2258 94 25 Oxford
2105 2265 73 23 every
2198 2256 152 25 MONDAY

1815 2297 50 24 and
1888 2296 201 28 THURSDAY,
2124 2295 131 31 returning
2281 2303 69 23 every

1815 2336 20 25 T
1840 2336 89 25 CJESD
1932 2336 45 25 AY
1985 2336 49 25 and
2045 2335 139 26 FRIDAY.

1965 2607 231 30 PRECAUTION

1924 2652 129 44 AVOID
2065 2655 165 43 HOTELS

1977 2714 93 32 which
2077 2714 38 32 do
2123 2713 46 34 not

2018 2771 129 35 SELL

1922 2817 175 65 Wolfe's

1867 3179 251 38 HEALTH
2156 3179 132 36 TEA.

1835 3282 54 24 The
1900 3281 224 25 undermentioned
2135 3281 66 25 firms
2208 3281 64 25 have
2282 3280 64 25 been

1808 3314 132 32 appointed
1964 3315 88 31 agents
2069 3314 44 28 .for
2129 3314 52 25 tMs
2204 3313 141 25 celebrated

1809 3347 78 23 brand
1896 3347 26 23 of
1933 3346 51 24 Tea
1995 3347 82 23 which
2089 3346 47 24 has
2148 3347 51 23 met
2210 3346 60 24 with
2282 3346 63 25 sueh
2349 3347 1 11 1

1809 3387 14 16 a
1835 3379 169 31 phenomenal
2016 3379 52 24 sale
2086 3379 26 24 m
2134 3379 42 24 the
2199 3377 145 26 Australian
2348 3384 2 8 1

1809 3412 115 25 Colonies
1936 3412 50 25 and
1999 3412 123 25 wherever
2129 3411 21 25 it
2161 3412 46 24 has
2220 3411 63 25 been
2305 3412 45 24 in-;

1808 3445 115 24 troduced
1940 3445 27 24 m
1985 3445 62 24 New
2058 3445 119 24 Zealand.

1841 3484 147 23 HEALTH
2000 3485 72 22 TEA
2083 3485 22 23 is
2122 3486 46 22 not
2180 3492 14 17 a
2206 3484 139 25 medicated

1809 3516 47 24 Tea
1868 3515 46 26 but
1924 3516 22 24 is
1955 3516 116 24 blended-
2082 3516 65 25 from
2170 3516 45 25 the
2238 3516 106 25 choicest

1808 3549 50 24 and
1885 3550 86 29 purest
1997 3549 106 31 growths
2132 3548 28 25 of
2180 3548 96 32 Ceylon
2294 3549 56 24 and-

1809 3581 91 24 Indian
1911 3581 63 25 Teas
1992 3581 32 32 by
2037 3583 96 30 experts
2152 3581 27 25 of
2187 3581 44 24 the
2242 3581 107 32 highest,

1808 3613 79 26 order.

1842 3656 54 25 One
1908 3657 91 30 special
2111 3655 77 26 about

1809 3690 51 23 Tea
1870 3690 21 24 is
1903 3691 42 23 the
1955 3697 98 23 process
2065 3688 82 26 which
2164 3689 20 25 it
2206 3687 144 33 undergoes*

1809 3721 82 25 which
1902 3721 102 25 renders
2014 3722 21 24 it
2047 3723 53 23 free
2113 3722 63 24 from
2188 3721 44 25 the
2254 3722 90 24 tannin

1809 3761 27 16 so
1844 3754 129 30 prevalent
1983 3754 28 23 m
2023 3754 113 30 ordinary
2147 3754 73 27 Teas,
2232 3753 83 25 whilst
2323 3754 26 29 it,

1809 3786 101 25 renders
1920 3786 45 24 the
1976 3786 92 25 release
2079 3786 27 24 of
2117 3787 42 23 the
2183 3786 80 24 better
2274 3786 69 31 qual-

1808 3819 57 24 ities
1877 3819 26 24 of
1912 3819 44 24 the
1968 3819 59 24 Tea.
2031 3826 67 17 more
2116 3826 65 23 easy.

1841 3857 147 25 HEALTH
2011 3857 68 24 TEA
2097 3858 22 24 is
2135 3848 155 40 unequalled'
2306 3857 38 24 for
2345 3858 3 8 1

1809 3890 124 31 strength,
1947 3890 125 25 beautiful
2091 3897 87 17 aroma
2190 3889 51 25 and
2263 3889 85 31 lovely,

1808 3922 104 26 flavour.
2344 3939 3 21 j

1841 3961 93 30 Prices,
1947 3961 43 33 2/6
2000 3961 50 25 and
2059 3961 37 33 2/-
2107 3964 25 27 $•
2139 3960 27 25 Tb
2178 3961 28 24 m
2216 3963 18 28 £
2242 3960 51 25 and
2302 3959 46 39 llfy

1807 3994 101 30 packets
1917 3994 50 23 and
1984 3996 15 22 5
2011 3994 50 24 and
2074 3996 32 22 10
2112 3993 28 24 Hb
2151 3994 60 24 tins.

1887 4029 7 4 '
1920 4031 4 12 '
1938 4026 90 30 lAgent
2038 4026 37 24 for
2088 4026 101 24 Oxford.
2209 4045 1 2 .
2225 4034 14 7 ■-■
2342 4026 3 14 ;

1889 4069 4 4 -
1907 4058 52 25 MR
1971 4059 29 23 F.
2014 4057 30 24 A.
2053 4057 207 25 WATERMAN.

1808 4095 81 33 Agent
1901 4096 39 25 for
1953 4095 71 26 Cust.
2043 4095 41 25 Mr
2096 4095 33 25 E.
2142 4095 42 30 W,,
2199 4094 146 32 COpPER.

1837 4245 197 56 George
2053 4244 272 46 Gardener.
2340 4233 5 22 [

1865 4295 7 13 ;
1938 4304 158 25 CARRIER
2134 4305 76 24 ETC.
2338 4324 4 3 .

1933 4418 120 37 for
2070 4417 162 38 sale;
2270 4410 73 46 ■'■-■;

1807 4467 183 31 OATSHEAF
2007 4468 122 31 CHAFF,
2160 4462 33 31 T.
2204 4468 31 26 F.
2249 4468 94 26 OATS.

2394 210 22 23 A
2435 205 145 28 SPECIAL
2597 204 84 25 LINE
2702 204 68 25 FOR
2788 204 103 25 XMAS.

2378 288 532 434 tSWTS

2573 583 339 57 ita»7/Bt»*/8

2632 682 81 31 sizes
2737 684 72 28 Ito
2825 682 28 30 8.
2910 681 11 39 j
2920 691 2 2 1

2618 830 75 21 new
2803 849 3 2 .
2918 830 1 21 ;

2373 908 294 44 SUMMER

2500 994 40 4 ~
2584 992 330 48 DiaPEET

2512 1072 103 21 EXS.S.
2630 1072 119 22 TAINTJI.

2420 1185 59 25 Just
2493 1185 102 29 arrived,
2609 1185 49 24 arid
2669 1185 52 24 will
2729 1185 32 24 be
2773 1184 55 26 sold
2839 1187 27 22 at

2462 1254 186 33 LOWEST
2687 1254 152 32 PRICES

2575 1313 34 16 on
2625 1305 96 24 record.

2395 1430 239 24 MANCHESTER
2650 1429 247 25 DEPARTMENT.

2380 1501 115 36 Prints,
2517 1501 114 30 checks
2646 1501 61 29 and
2729 1500 114 40 stripes
2858 1525 4 4 .

2381 1549 96 31 Table
2499 1548 161 37 Damasks,
2683 1548 231 37 unbleached—;

2415 1627 2 3 .
2463 1599 113 41 special
2597 1599 93 31 value
2707 1598 82 34 from
2806 1598 49 41 1/-.

2380 1656 116 29 Brown
2517 1655 138 29 Holland
2670 1665 78 28 very
2764 1655 98 37 cheap
2877 1653 40 40 4J

2381 1706 192 30 Flannelette
2589 1705 60 30 and
2665 1705 150 39 Shirting,
2837 1704 80 39 good

2463 1757 90 30 value
2574 1756 79 30 from
2675 1757 63 29 4d.«

2382 1806 94 31 Floor
2498 1804 91 33 Cloth
2610 1807 81 39 good
2713 1809 33 28 at
2768 1804 50 31 9'd.

2380 1857 90 31 Wide
2491 1858 113 30 Forfar
2625 1861 32 27 at
2680 1858 49 30 6d.
2917 1849 4 38 I

2463 1944 9 5 ,
2519 1928 136 22 —r—
2718 1928 56 3 —
2827 1940 2 1 ■
2918 1918 3 28 !

2414 1964 253 26 FLANNELETTS
2680 1965 19 24 &
2711 1962 189 32 aALATEAS,
2918 1978 3 4 •

2380 2023 30 25 In
2433 2025 123 30 quantitie
2579 2025 51 25 and
2649 2023 117 33 qualities
2783 2032 74 17 never
2876 2025 45 30 yet;

2379 2062 88 32 placed
2477 2063 82 25 before
2571 2063 92 25 Oxford
2675 2063 98 32 buyers.
2784 2062 69 26 Such
2863 2063 54 30 pat-
2919 2086 2 14 (

2380 2102 76 28 terns,
2470 2101 178 28 such-colours,
2661 2101 62 24 such
2735 2102 119 27 textures,
2863 2102 58 23 thatf

2380 2145 48 18 one
2439 2138 126 31 naturally
2576 2138 58 25 asks
2646 2139 55 24 how
2712 2138 60 32 they
2783 2146 43 17 are
2845 2138 72 25 made

2380 2178 38 24 for
2439 2178 44 24 the
2504 2179 76 30 price.
2623 2179 44 31 My
2691 2178 115 31 Glasgow
2829 2178 89 32 buyers

2379 2216 114 30 pounced
2510 2223 67 23 upon
2597 2223 15 16 a
2634 2216 52 24 line
2707 2216 68 24 fresh
2793 2215 65 25 from
2874 2216 43 24 the

2379 2253 87 30 looms,
2478 2253 72 24 made
2562 2253 122 24 excellent
2695 2254 76 23 terms
2791 2253 61 24 with
2872 2253 45 25 the

2380 2291 94 29 maker,
2483 2291 103 32 shipped
2597 2293 25 24 at
2634 2298 61 19 once
2707 2292 27 25 to
2742 2298 49 23 me,
2802 2290 49 27 arid
2858 2290 59 27 here

2380 2330 59 33 they
2450 2339 49 23 are,
2513 2339 66 17 some
2591 2333 49 23 100
2651 2331 89 33 pieces,
2749 2331 49 25 and
2805 2331 18 25 I'
2829 2332 87 25 intend

2379 2372 27 22 to
2416 2370 73 25 iriake
2501 2378 15 17 a
2527 2371 70 25 noise
2617 2371 77 25 about
2716 2371 71 25 them
2796 2379 7 21 ;
2816 2379 32 17 no
2868 2379 48 17 one

2380 2408 48 26 else
2439 2409 47 26 has
2498 2410 41 24 the
2550 2411 113 31 patterns
2670 2418 6 23 ;
2689 2418 34 18 no
2745 2418 48 18 one
2815 2410 52 26 else
2888 2410 33 25 m:

2379 2448 45 26 the
2435 2448 70 26 trade
2515 2457 46 17 can
2575 2449 60 26 offer
2651 2450 63 26 such
2724 2451 81 25 value.

2406 2489 256 27 FLANNELETTE
2674 2492 33 24 -2s
2726 2491 48 24 lid
2783 2490 78 25 dozen
2869 2490 47 33 yds

2377 2538 28 17 or
2416 2538 47 25 any
2474 2531 88 32 length
2573 2532 43 24 cut
2628 2533 27 23 at
2675 2531 32 25 3d
2725 2539 44 24 per
2788 2531 71 31 yard,
2893 2531 22 24 A

2377 2568 112 32 splendid
2506 2577 76 24 range
2600 2569 27 25 of
2641 2571 120 30 patterns.

2406 2673 143 47 mm
2600 2670 296 51 mm&tM

2376 2774 94 49 Iflfl
2501 2774 36 49 P
2538 2772 99 31 AIRS
2654 2773 32 30 of
2703 2772 218 35 OUETAINS,

2376 2803 94 49 lUU
2500 2803 36 47 JT
2579 2813 110 30 I-iatesfe
2713 2813 136 39 Designs
2916 2832 4 11 ,

2470 2858 82 31 from
2577 2856 53 42 2/6
2656 2868 57 30 per
2726 2858 78 40 pair.

2917 3013 4 22 ti

2375 3052 121 31 Ladies'
2519 3051 89 32 Eock
2622 3051 103 32 Straw
2738 3052 132 31 Boatex*s

2412 3126 22 14 „
2519 3102 107 42 Fancy
2649 3102 100 31 Sailor
2870 3132 2 3 ,
2916 3102 3 5 '

2374 3154 94 41 Boys'
2483 3155 62 30 and
2559 3154 101 32 Maids
2677 3154 141 31 Galateas

2375 3243 105 35 Black?
2491 3247 122 31 French
2629 3246 180 32 Cashmeres
2910 3243 9 30 .'

2373 3299 101 31 Black
2488 3300 29 28 &
2530 3299 65 30 Col.
2614 3299 124 30 French
2757 3299 155 30 Meririoes
2915 3300 2 6 1

2372 3417 246 52 siiipei
2660 3422 37 47 f
2698 3418 214 51 mmm.

2373 3506 124 78 FULL
2512 3506 144 29 RANGE
2669 3507 34 29 of
2710 3506 63 30 this
2787 3506 132 33 Season'^

2452 3546 145 31 Patterns
2616 3549 34 27 to
2679 3547 93 30 hand.
2913 3555 4 23 i

2483 3604 1 2 '
2502 3604 8 9 ■'
2536 3604 21 23 '_■
2577 3617 5 4 .
2634 3612 15 15 »
2649 3617 37 4 —
2686 3617 19 3 _
2720 3602 21 5 ■■'
2870 3608 3 5 ■
2896 3605 21 17 ■■---'

2421 3657 229 45 GEEAT
2693 3658 170 45 SALE

2632 3725 33 29 of
2851 3732 5 4 •
2902 3716 19 37 '/!

2372 3772 153 26 EDWARD
2559 3774 187 26 BENNETTS
2794 3775 118 26 STOCK.

2418 3843 454 40 PLANNELETTS

2389 3917 118 26 Reduced
2522 3918 65 26 from
2606 3920 40 24 6d.
2663 3921 28 23 to
2707 3920 42 25 4d.
2766 3928 44 25 per
2819 3921 76 33 ,yard.
2915 3919 4 9 '

2406 3968 116 26 Reduced
2533 3970 66 31 from
2612 3970 40 25 9d.
2665 3972 27 24 to
2705 3972 40 24 6d.
2755 3972 124 33 jperyard.

2406 4021 117 25 Reduced
2534 4022 56 25 frori
2607 4023 37 32 1/-
2663 4025 26 23 to
2707 4024 40 24 Bd.
2765 4033 44 23 per
2825 4026 71 31 yard.

2443 4072 3 4 ■
2480 4071 124 16 ."••■-.••■.'
2629 4066 26 23 at

2477 4107 37 31 &
2537 4107 41 30 H.
2602 4108 199 33 PARISH'S

2514 4167 92 26 EAST
2624 4169 148 27 OXFORD.

2370 4367 2 2 .
2433 4315 421 59 C.--GLEAVER,
2893 4314 24 43 -i

2485 4405 3 14 ;
2532 4408 182 22 'CARRIER
2749 4417 19 14 .;
2786 4417 13 14 .;

2389 4458 128 42 OXFORD
2547 4454 43 43 Tt)
2622 4457 275 51 CHRISTCHURCH.

41 621 24 252 II
186 656 263 47 NOTICE.

62 771 69 24 THE
144 770 125 30 following
282 769 88 24 Clause
383 769 24 23 of
419 769 42 23 the
496 768 87 24 Public

62 793 16 34 L
116 803 79 24 works
292 802 21 22 is
325 801 132 30 published
480 801 38 22 for
541 801 42 22 the

62 840 147 23 nforination
221 839 24 23 of
258 838 43 23 the
320 842 148 25 ratepayers.

69 879 122 23 Removal
204 885 29 16 of
245 884 84 20 goese,
341 877 50 27 &c,
404 884 68 15 Fitoai
482 882 85 16 roads.

85 913 54 21 135.
160 910 44 31 (1.)
224 909 51 22 The
287 908 79 24 Board
388 916 56 22 may
457 907 72 24 order
541 907 43 24 the

59 944 107 29 >ccupie;',
177 950 33 18 or,
219 942 27 22 m
255 949 52 15 case
317 942 69 22 there
395 940 21 24 is
425 949 31 15 no
464 940 119 30 occupier,

62 977 50 23 hen
123 976 40 23 the
176 982 88 21 owner,
287 974 26 23 of
323 982 47 22 any
390 973 60 24 Jand
470 972 116 31 abutting

58 1017 61 22 upon
134 1016 48 22 any
195 1007 59 24 road
266 1015 26 15 or
304 1008 73 22 street
379 1020 32 4 —

86 1042 45 30 («.)
151 1041 35 22 To
198 1047 98 16 remove
308 1047 48 22 any
368 1041 55 26 pa«t
435 1037 26 25 of
468 1046 12 14 a
489 1039 60 26 tree,
560 1045 27 15 or
604 1043 1 8 ;

62 1081 65 15 owor
139 1080 27 16 or
179 1072 55 23 trim
248 1079 46 21 any
303 1072 55 29 part
370 1071 25 23 of
407 1079 14 15 a
430 1070 78 30 hedge
518 1077 68 16 over-

61 1105 102 30 langing
176 1112 14 15 a
201 1103 60 24 road
270 1111 27 16 or
310 1105 74 21 stroet
395 1110 28 16 so
433 1110 28 16 as
468 1104 26 22 to
505 1102 82 30 injure

59 1138 56 24 such
127 1136 59 25 road
203 1144 26 15 or
253 1138 83 25 street,
360 1143 28 16 or
411 1135 110 24 obstruct
544 1135 44 23 the

59 1170 71 24 iraffic
139 1170 110 27 thereon,
260 1176 26 16 or
295 1168 154 30 obstructing
463 1175 48 22 any
519 1166 70 24 ditch

55 1210 24 16 or
87 1201 68 24 drain
165 1201 172 29 appertaining
346 1200 95 24 thereto
452 1208 7 20 ;
475 1201 48 22 and

87 1234 43 29 (7>.)
150 1234 34 22 To
196 1234 42 21 cut
250 1233 73 23 down
335 1240 27 16 or
373 1241 16 21 g
403 1232 31 23 ub
450 1240 42 22 up,
506 1239 27 16 as
545 1230 43 24 the

41 1265 93 122 |3o:ird
146 1272 57 22 may
216 1265 85 27 direct,
314 1264 48 23 and
376 1271 101 16 remove
489 1265 33 21 all
545 1262 41 23 ob-

53 1297 131 24 structions
197 1298 24 21 to
235 1297 76 22 traffic
323 1296 160 29 ordrainitge,
494 1295 95 29 arising

53 1330 62 23 from
128 1329 42 23 the
182 1329 93 30 growth
292 1328 26 24 of
327 1330 82 28 plants
435 1335 68 23 upon
527 1328 61 24 such

53 1363 57 23 mad
120 1371 26 15 or
159 1364 81 25 stroet,
252 1361 73 30 along
335 1361 41 24 the
388 1360 80 24 whole
476 1360 114 30 frontage

53 1396 27 22 of
90 1395 40 23 th'
142 1395 59 22 land
212 1393 117 31 occupied
342 1401 27 16 or
381 1394 85 23 owned
483 1393 35 31 by
529 1393 58 23 him.

89 1429 9 29 (
107 1428 34 30 2.)
160 1427 30 23 In
203 1427 42 23 the
260 1427 70 22 event
343 1425 26 25 of
374 1434 48 23 any
433 1426 60 23 such
502 1432 86 23 occup-

53 1461 36 23 ier
102 1469 27 15 oi-
146 1467 80 16 owner
250 1458 86 30 failing
359 1460 25 23 to
408 1458 97 31 comply
528 1457 60 25 with
603 1460 2 5 '

54 1493 61 24 such
127 1493 69 23 order
209 1492 87 23 within
309 1494 49 21 two
367 1491 97 25 months,
476 1491 60 24 from
547 1490 42 24 the

54 1526 90 24 sorvice
157 1524 101 28 thereof,
271 1524 32 23 he
316 1524 63 23 shall
400 1523 28 24 be
439 1523 73 25 liable
524 1524 27 23 to
574 1530 16 16 a

54 1558 98 31 penalty
164 1559 43 21 not
224 1556 130 31 exceeding
377 1564 46 16 one
445 1555 85 32 pound
553 1555 37 25 for

41 1591 6 105 I
57 1599 12 15 e
73 1599 55 18 wry
141 1591 46 29 day
201 1590 88 29 during
311 1589 79 23 which
414 1589 61 24 such
486 1588 71 24 order
567 1588 23 24 is

57 1626 43 20 not
113 1622 97 30 obeyed,
224 1622 48 22 and
280 1630 13 14 a
305 1622 95 22 further
412 1629 56 15 sum
480 1620 73 31 equal
564 1622 27 22 to

56 1655 43 24 the
112 1658 51 20 cost
187 1653 114 25 incurred
313 1654 30 30 by
354 1653 42 24 the
409 1653 82 24 Board
503 1653 26 23 m
553 1660 37 16 re-

55 1689 101 29 moving
169 1686 59 25 such
243 1688 56 25 tree,
313 1694 26 16 or
351 1686 119 31 lowerk-g
482 1693 26 16 or
520 1685 70 24 trini-

55 1721 70 23 mir,'>-
138 1720 60 24 such
209 1720 85 29 hedge,
308 1727 25 15 or
353 1719 97 30 cutting
468 1719 73 23 down
563 1725 28 16 or

57 1752 121 30 grubbing
191 1759 30 23 up
234 1752 49 23 and
306 1752 128 29 removing
457 1759 47 21 any
529 1750 62 24 such

57 1785 84 30 plants
153 1784 60 24 thc-n
225 1784 109 29 growing
353 1791 30 16 on
396 1784 60 23 such
480 1784 60 23 road
563 1790 28 16 or

59 1820 72 21 street
141 1826 5 19 ;
160 1817 49 23 and
221 1816 42 23 the
285 1816 52 23 said
361 1818 52 21 cost
436 1815 65 24 shall
524 1814 29 24 be
576 1822 16 16 a

59 1850 89 29 charge
161 1857 31 15 on
205 1849 41 23 the
264 1848 65 28 laiad,
344 1848 47 23 and
404 1855 55 23 may
470 1849 27 22 bo
510 1854 81 17 recov-

59 1882 56 23 ered
127 1883 31 29 by
170 1881 42 24 the
224 1880 83 24 Board
318 1888 28 16 as
357 1883 65 21 rates
433 1888 39 16 are
480 1886 110 18 recover-

58 1915 54 23 able
126 1915 29 30 by
167 1923 13 15 a
193 1913 69 25 Road
275 1912 80 25 Board
367 1913 78 24 under
457 1919 50 24 any
529 1912 61 24 Eat-

58 1948 43 29 ing
115 1948 48 22 Act
174 1947 36 23 for
235 1946 43 24 the
289 1947 59 22 time
362 1945 70 31 being
444 1946 26 23 m
487 1945 65 25 force
563 1945 28 23 m

59 1982 41 21 tlio
113 1979 96 24 district
222 1978 26 24 of
258 1979 43 22 the
313 1978 52 24 said
378 1978 80 23 Board
468 1986 5 15 :
490 1992 2 4 ■

118 2012 47 24 Cut
177 2012 71 24 down
283 2012 26 22 m
322 2012 50 23 this
384 2011 94 24 section
501 2017 88 17 means

123 2045 97 29 cutii'jg
253 2043 71 24 down
348 2043 49 24 and
422 2043 105 31 keeping
548 2044 43 23 cut

122 2078 71 22 down
207 2077 40 23 the
260 2078 62 22 stem
346 2076 49 23 and
418 2078 55 22 root
496 2077 26 22 of
542 2083 49 22 any

122 2111 83 29 plants
216 2118 26 15 so
252 2117 26 16 as
288 2110 24 23 to
320 2110 102 29 prevent
430 2108 64 25 their
502 2107 88 25 throw-

123 2144 42 28 ing
174 2144 42 22 out
223 2150 48 22 any
282 2142 52 27 leaf,
343 2142 113 27 offshoot,
467 2149 28 16 or
503 2142 87 23 flower.

92 2173 15 15 ''
120 2175 84 23 Plants
240 2181 85 16 means
336 2174 45 23 and
391 2173 113 24 includes
513 2181 77 22 gorse,

125 2206 148 27 s-.vyetbriar,
316 2206 148 29 blackberry,
499 2205 91 29 acacia,

125 2240 92 27 broom,
231 2239 48 25 and
292 2238 89 25 fennel.

158 2279 94 24 Notice
275 2286 30 16 to
318 2286 76 16 clear
407 2286 84 16 gorse.

90 2321 55 21 I>H>.
160 2319 45 30 (1.)
224 2318 89 28 When,
337 2318 79 24 under
435 2317 43 24 the
500 2318 91 29 provis-

55 2351 39 24 ion
101 2359 9 14 s
123 2351 25 23 of
160 2351 42 22 the
212 2350 193 30 last-preceding
429 2350 101 28 section,
557 2358 33 15 an

55 2384 71 24 order
138 2385 20 21 is
171 2383 69 23 made
255 2383 30 30 by
297 2391 15 15 a
324 2382 90 29 Board,
433 2382 61 24 such
519 2382 72 24 order

55 2418 63 23 shall
130 2417 29 24 bo
172 2417 26 23 m
221 2417 95 30 writing
330 2416 84 30 signed
431 2415 30 31 by
473 2424 49 22 any
536 2423 53 23 per-

54 2459 44 15 son
134 2449 141 31 appointed,
299 2449 78 24 either
407 2450 121 30 generally
563 2457 28 16 or

54 2483 124 31 specially,
191 2481 32 32 by
236 2482 42 24 the
290 2482 83 24 Board
385 2481 37 23 for
434 2481 43 25 the
487 2489 103 23 purpose

54 2517 26 23 of
91 2516 83 30 giving
186 2515 61 24 such
259 2515 99 29 notices,
372 2514 49 24 and
433 2514 66 25 shall
510 2514 30 25 be
548 2514 41 25 de-

54 2549 88 24 livered
156 2551 25 22 to
195 2549 40 23 the
251 2556 89 23 person
351 2547 82 30 liable,
447 2547 79 25 either
536 2556 52 23 per-

54 2582 95 30 sonally
162 2589 26 16 or
199 2581 32 30 by
243 2581 98 31 k-aving
360 2582 42 23 the
423 2588 66 17 same
513 2583 26 22 at
562 2589 28 16 or

53 2615 99 30 posting
164 2614 43 23 the
219 2621 68 16 same
299 2614 25 22 m
336 2621 15 15 a
369 2614 135 30 registered

52 2648 31 23 ad
91 2647 93 24 1,-esscd
195 2648 26 22 to
235 2647 36 23 ins
294 2645 48 24 last
365 2645 89 26 known
472 2645 69 32 place
562 2646 28 25 of

52 2680 77 24 abode
142 2688 27 15 or
180 2679 113 24 business
302 2679 26 23 m
336 2678 60 25 New
407 2678 120 31 Zealand;
537 2680 50 24 and

50 2714 21 23 it
85 2713 63 24 shall
161 2713 29 24 be
199 2720 127 22 necessary
336 2714 24 22 to
370 2720 72 23 prove
452 2713 43 24 the
504 2713 83 24 actual

50 2747 92 29 receipt
154 2746 26 24 of
190 2746 61 24 such
275 2745 69 24 order
356 2745 32 32 by
400 2746 42 23 the
459 2754 89 23 person
561 2749 26 22 to

50 2779 82 24 whom
145 2779 19 22 it
176 2779 21 23 is
207 2778 138 24 addressed.

84 2812 45 32 (2.)
148 2812 23 22 It
184 2819 48 22 any
244 2819 88 23 person
350 2819 66 23 upon
429 2810 81 26 whom
523 2812 63 24 such

49 2845 71 24 order
133 2845 89 24 should
233 2845 30 24 be
276 2844 86 25 served
378 2845 21 24 is
412 2845 132 29 unknown-,
558 2853 28 17 or

48 2880 61 22 after
123 2878 46 23 due
181 2878 99 30 inquiry
292 2879 90 23 cannot
405 2877 30 24 be
447 2877 85 29 found,
557 2886 29 16 or

47 2912 21 23 is
78 2911 87 24 absent
177 2911 63 23 from
253 2911 42 23 the
307 2910 96 31 colony,
416 2910 61 24 then
500 2919 13 14 a
535 2918 53 19 ser-.

47 2944 53 24 vice
109 2951 66 23 upon
187 2942 41 25 his
240 2942 89 25 known
347 2944 74 30 agent
433 2951 26 16 or
471 2944 114 30 attorney

48 2977 63 24 shall
134 2979 28 21 be
184 2976 99 25 deemed
296 2984 15 16 a
331 2976 121 24 sufficient
476 2977 90 24 service
577 2984 6 21 ;

47 3010 49 24 and
104 3010 19 23 if
135 3010 61 23 such
209 3017 87 23 person
308 3008 45 25 has
365 3017 33 16 no
410 3009 87 24 known
508 3011 76 29 agent

47 3051 28 15 or
87 3047 110 25 attorney
209 3042 24 23 m
244 3041 43 24 the
296 3041 96 31 colony,
401 3050 28 15 or
438 3041 63 24 such
510 3044 74 29 agent
607 3064 2 2 .

49 3084 26 15 or
87 3077 112 29 attorney
212 3076 99 26 cannot,
332 3073 62 25 after
405 3074 48 24 due
476 3074 107 32 inquiry,

47 3109 30 24 be
90 3109 83 28 found,
188 3108 59 25 then
261 3116 14 16 a
297 3107 152 32 publication
473 3108 25 23 of
521 3108 62 24 such

47 3142 70 23 order
130 3143 25 22 m
169 3149 14 16 a
194 3148 144 23 newspaper
350 3140 146 31 circulating
504 3141 25 23 m
539 3141 45 24 the

47 3174 95 23 district
160 3175 26 22 m
198 3174 82 23 which
297 3173 61 24 such
370 3173 70 23 order
450 3173 21 23 is
491 3174 91 26 issued,

47 3207 49 23 and
109 3207 101 31 affixing
223 3214 14 16 a
249 3213 60 24 copy
322 3205 26 24 of
359 3205 43 24 the
412 3204 71 25 order
491 3212 66 26 upon
567 3214 16 16 a

47 3241 162 29 conspicuous
221 3243 55 27 part
289 3239 24 24 of
325 3239 41 24 the
381 3240 115 30 property
506 3239 28 24 m
545 3247 37 17 re-

49 3276 66 25 spect
128 3273 25 22 of
163 3273 79 22 which
255 3273 61 22 such
327 3272 71 23 order
416 3271 22 24 is
450 3271 91 30 issued,
555 3280 28 16 or

49 3311 32 15 on
94 3312 66 15 some
172 3304 83 29 public
269 3304 58 23 road
339 3304 113 30 adjacent
475 3305 106 29 thereto,

49 3335 64 24 shall
126 3335 29 23 be
167 3335 120 24 sufficient
297 3337 91 22 service
398 3344 5 20 ;
417 3337 50 23 and
477 3337 42 24 the
529 3339 54 23 cost
596 3349 2 2 ■

49 3369 26 23 of
87 3368 141 31 publishing
240 3368 58 24 such
310 3369 153 25 notification
477 3370 66 24 shall
552 3369 38 26 be,

49 3409 14 15 a
76 3402 87 29 charge
176 3409 64 22 upon
252 3402 42 23 the
306 3402 67 28 land,
391 3403 49 23 and
463 3403 67 25 shall
553 3403 29 25 be

48 3433 150 24 recoverable
212 3435 28 29 by
252 3435 42 23 the
307 3435 81 23 Board
397 3435 28 24 m
448 3436 42 24 the
513 3443 69 18 same

48 3473 58 15 man
111 3473 40 15 nor
163 3473 27 15 as
203 3468 62 21 rates
278 3473 40 16 are
337 3466 152 24 recoverable
511 3468 33 30 by
567 3476 15 16 a

49 3497 68 23 Road
130 3497 81 24 Board
224 3497 76 24 under
311 3506 47 22 any
370 3498 94 32 Rating
475 3500 48 23 Act
541 3499 38 25 for

49 3530 42 23 the
104 3530 59 24 time
176 3530 73 31 being
260 3530 24 23 m
297 3530 65 25 force
379 3530 27 24 m
419 3531 42 24 the
485 3532 97 25 district

49 3563 27 23 of
86 3563 41 23 the
140 3563 52 23 said
205 3563 90 23 Board.

49 3602 140 23 Tjiijmixgs
202 3610 29 15 of
244 3610 105 21 helges,
363 3603 50 28 &c,
426 3611 46 16 not
496 3612 30 16 to
548 3612 33 16 he

196 3643 102 16 thrown
310 3643 31 16 on
352 3643 84 17 roads.

82 3674 55 23 187.
156 3672 25 24 If
191 3680 48 23 any
261 3680 90 23 person
363 3673 65 24 shall
449 3673 85 31 throw,
555 3683 28 16 or

48 3713 72 15 cause
133 3707 25 21 to
170 3705 29 24 be
211 3706 104 26 thrown,
339 3705 43 24 the
404 3706 142 31 trimmings
558 3707 27 23 of

49 3745 45 22 any
106 3737 76 30 hedge
194 3745 27 16 or
233 3739 58 26 tree,
304 3745 26 16 or
343 3745 48 24 any
403 3745 80 24 gorse,
497 3741 84 21 sweet-

50 3769 73 28 briar,
133 3769 152 31 blackberry,
299 3770 91 30 broom,
403 3778 27 17 or
442 3770 71 25 other
523 3771 58 24 rub-

49 3801 56 23 bish
117 3810 65 21 upon
195 3810 47 22 any
253 3802 66 28 road,
332 3801 49 25 and
405 3803 62 23 shall
486 3803 97 31 neglect

49 3836 26 20 to
87 3841 96 16 remove
195 3834 43 23 the
250 3842 65 15 same
327 3835 87 23 within
430 3837 49 22 two
501 3836 82 23 weeks

49 3866 61 23 from
123 3865 42 24 the
176 3866 91 30 receipt
279 3866 27 24 of
315 3874 32 16 an
359 3866 70 24 order
454 3875 26 16 so
503 3869 24 22 to
551 3868 31 24 do

49 3899 65 24 from
126 3899 41 24 the
179 3898 89 31 Board,
282 3899 42 25 the
336 3899 82 25 Board
429 3907 57 23 may
509 3908 74 17 cause

49 3932 61 24 such
139 3932 150 32 trimmings,
324 3940 77 24 gorse,
431 3933 150 29 sweetbriar,

49 3964 150 31 blackberry,
212 3964 92 28 broom,
316 3973 27 16 or
356 3966 72 23 other
438 3966 103 24 rubbish
553 3969 27 21 to

49 3996 28 24 bo
88 3997 115 24 removed
210 4007 6 17 ;
230 3997 50 24 and
288 3998 39 23 the
339 3999 52 22 cost
400 3998 27 23 of
432 3997 43 27 the
483 4006 97 16 remov-

49 4029 24 23 al
80 4030 25 23 of
116 4030 43 23 the
171 4037 68 16 same
250 4031 50 23 and
311 4030 34 24 all
354 4037 117 24 expenses
483 4031 97 23 attend-

49 4063 44 23 ant
102 4061 136 32 thereupon
250 4063 62 24 shall
325 4063 29 24 be
374 4063 155 26 recoverable
541 4071 39 16 ac-

47 4094 126 32 cordingly
193 4095 64 25 from
285 4096 61 25 such
369 4103 87 24 person
478 4096 31 31 by
538 4096 44 24 the

47 4127 90 24 Board.

225 4294 175 44 LOST.

45 4364 22 21 T
80 4362 62 25 OST
182 4361 22 24 A
238 4358 152 27 CARVING
418 4359 111 24 KNIFE
553 4360 27 25 at

42 4394 36 25 JJ
112 4396 64 22 East
188 4393 100 25 Oxford.
318 4392 90 24 Finder
419 4392 51 24 will
492 4392 28 23 be
541 4400 36 16 re-

42 4428 98 24 warded
153 4427 30 32 by
195 4426 125 31 returning
330 4425 44 25 the
392 4430 65 20 same
478 4425 26 23 to
527 4424 52 24 this
616 4437 2 10 ;

41 4463 85 25 Office.

1107 624 11 11 r•
1126 624 3 8 •■
1155 624 16 6 ■■■
1192 625 1 2 ■

696 662 243 46 OXFORD
972 661 223 44 SPORTS

736 746 113 38 ITEW
869 745 166 38 YEAR'S
1057 743 96 39 DAY

823 819 64 16 WILL
904 819 32 15 BE
954 818 67 16 HELD
1037 819 26 15 IN

678 871 316 31 PEARSON'S
1036 870 180 31 PARK..

711 965 52 24 The
775 963 180 26 Chrisfcchurch
967 963 75 25 Brass
1071 962 74 25 Band
1162 962 52 25 will

675 1011 32 24 be
718 1011 27 23 m
757 1010 150 25 attendance
919 1009 90 31 during
1021 1010 41 23 the
1075 1008 54 31 day.

696 1116 226 47 TOWN
985 1116 228 53 HALL,

737 1184 147 31 EAST
927 1183 239 34 OXFORD
1207 1210 9 8 ,

679 1243 102 24 Eevival
793 1243 25 23 of
825 1243 48 26 .the
886 1241 92 24 Oxford
989 1241 137 26 Dramatic,
1131 1241 84 24 Corn's

677 1285 179 31 performances
877 1284 78 24 under
971 1284 54 25 .the,
1033 1288 183 26 .management'

794 1326 27 25 of
830 1326 39 24 Mr
887 1326 42 24 W.
947 1326 31 24 V.
998 1326 105 24 Wilson.

715 1371 116 39 ■SEW
853 1369 167 39 YEAR'S
1042 1370 137 38 NIGHT

753 1422 51 23 The
818 1421 131 30 charming
960 1421 15 23 3
988 1420 47 23 Act
1046 1420 86 24 drama

677 1461 294 81 TKII^IP
992 1462 221 65 FIi@YD

679 1555 96 25 Aurora
786 1554 78 32 Floyd
901 1573 26 5 ...
942 1554 63 25 Miss
1018 1553 83 25 Carrie
1113 1552 103 25 Fischer

678 1599 55 23 Mrs
744 1597 91 26 Powell
882 1617 27 4 ...
964 1596 62 25 Miss
1038 1596 73 31 Ruby
1120 1596 96 25 Wilton

730 1641 58 32 (late
800 1640 25 24 of
832 1639 43 25 the
887 1639 121 32 .Kennedy
1020 1638 147 32 Company.)

682 1683 69 26 John
769 1682 102 26 Mellish
922 1700 27 7 ...
1021 1700 27 5 ...
1166 1691 2 12 :

679 1726 41 24 Mr
737 1726 80 30 Floyd
830 1726 10 32 (
847 1733 16 16 a
871 1724 93 25 banker
971 1725 10 33 )
1020 1744 5 4 .
1031 1744 5 4 .
1042 1744 5 4 .
1165 1735 2 11 ;

680 1768 53 24 Jim
745 1768 111 31 Conyers
913 1786 27 5 ...
1061 1774 2 12 :

681 1811 55 24 Mat
748 1811 122 24 Harrison
908 1829 26 5 ...

680 1852 89 25 Talbot

679 1892 96 25 Wilson
904 1909 27 6 ...
1014 1909 28 5 ...

680 1935 75 26 Steve
767 1935 157 31 Hargreaves

744 1977 191 31 Gamekeepers,
949 1976 121 32 Villagers
1079 1977 41 24 &c.
1143 1995 4 5 .
1153 1994 5 5 .
1164 1995 5 5 .

678 2021 39 31 By
734 2021 123 25 Members
869 2020 27 25 of
905 2020 44 25 the
972 2020 93 25 Oxford
1087 2019 129 25 Dramatic

679 2064 137 31 Company,

712 2107 27 24 to
750 2106 30 25 be
790 2105 112 26 followed
915 2105 31 32 by
958 2106 44 25 the
1009 2105 132 32 laughable
1152 2105 64 25 farce

771 2160 107 31 THE
896 2159 233 32 HOYDEN.

680 2220 54 24 The
745 2220 106 32 Hoyden
893 2238 27 6 ...
957 2220 62 25 Miss
1032 2219 84 26 Carrie
1127 2220 89 24 Fisher

681 2263 61 25 Tom
895 2283 27 5 ...
959 2263 42 25 Mr
1036 2263 37 25 H.
1110 2263 106 32 Laming

680 2306 108 31 Charley
897 2325 27 5 ...
960 2307 41 23 Mr
1012 2306 42 24 W.
1068 2306 31 24 V.
1118 2306 98 25 Wilson

680 2349 85 29 Harry
900 2366 5 6 .
911 2366 5 6 .
923 2366 4 6 .
965 2349 40 23 Mr
1033 2349 30 23 A.
1093 2348 87 24 Bluett
1214 2368 2 3 .

679 2391 92 31 Young
795 2391 115 31 Simpson
923 2409 27 6 ...
998 2391 96 24 Master
1124 2390 92 32 Sidney

810 2436 26 23 to
854 2434 116 25 conclude
995 2434 56 25 with
1071 2443 14 16 a

744 2478 118 25 POUND
884 2478 121 25 SOCIAL
1022 2478 125 24 DANCE.

710 2521 143 25 Admission
864 2522 25 24 to
908 2521 85 25 Dance
1019 2521 149 25 Gentlemen
1179 2521 37 33 2/-

678 2565 91 26 Ladies
782 2565 42 24 IR>
845 2564 26 25 of
897 2565 187 28 refreshments.

798 2723 296 47 WANTED.

689 2794 14 23 A
717 2792 224 26 PPLICATIONS
969 2792 97 23 invited
1102 2791 39 24 for
1169 2791 43 23 the

675 2816 40 34 A
734 2843 2 3 •
746 2826 69 25 office
838 2826 26 24 of
885 2823 208 28 CARETAKER
1123 2824 26 26 to
1170 2822 42 26 the

674 2859 100 24 TOWN
788 2859 94 24 HALL
904 2859 64 24 East
981 2859 100 25 Oxford.
1122 2858 90 26 Duties

673 2894 26 22 to
711 2899 142 17 commence
876 2900 34 16 on
932 2893 113 30 January
1059 2893 64 27 81st,
1138 2892 73 24 1895.

674 2924 171 30 Applications
857 2926 27 23 to
894 2925 32 24 be
938 2926 56 23 sent
1005 2925 28 23 m
1044 2932 33 17 on
1089 2932 28 17 or
1128 2924 84 25 before

674 2956 159 26 JANUARY
858 2956 69 26 15th.
991 2957 51 24 For
1063 2957 148 32 particulars

869 2990 82 32 Apply
962 2991 26 24 to
1002 2990 43 25 the

949 3028 194 25 CHAIRMAN.

800 3185 143 24 CHURCH
962 3184 121 26 SOCIAL

772 3257 63 17 WILL
863 3257 31 16 BE
923 3257 68 16 HELD
1014 3257 26 16 IN
1063 3257 50 16 THE
1165 3255 2 6 '

671 3324 298 48 TOWHHALt,..
982 3329 89 37 Bast
1087 3329 124 43 Oxford

706 3412 155 30 MONDAY,
880 3411 162 25 JANUARY
1060 3414 24 26 7,
1104 3414 73 24 1895.

849 3544 42 18 HIS
908 3544 121 18 LOBDSHIP

736 3593 201 33 BISHOP
971 3579 195 53 JULIUS!

839 3670 63 25 Will
913 3670 92 25 deliver
1016 3678 34 17 an

784 3744 39 21 _A_
833 3744 36 19 ID
880 3744 35 20 3D
927 3744 37 21 IR,
974 3744 35 21 IE
1021 3744 27 21 S
1059 3744 28 21 S

673 3808 49 24 and
739 3808 132 25 distribute
882 3809 82 23 Prizes
976 3810 27 23 to
1021 3809 45 23 the
1078 3809 136 24 successful

673 3847 146 24 candidates
837 3849 26 22 at
874 3847 44 24 the
929 3847 73 24 Bible
1011 3848 66 24 class
1085 3847 127 24 examina-

724 3890 52 25 tion
792 3889 77 32 lately
886 3890 59 24 held
955 3890 28 24 m
995 3890 42 24 the
1049 3889 104 26 district.

690 3930 83 25 Doors'
783 3938 63 24 open
858 3931 27 24 at
898 3932 13 23 7
915 3928 48 28 130.
993 3929 141 27 Admission
1155 3929 40 26 6d.

722 4111 26 21 A.
762 4111 87 21 Flesher
859 4110 19 28 ].
889 4123 5 1 -
1064 4132 2 1 .
1080 4111 36 27 [F.
1129 4111 81 23 Fuller.

687 4156 205 42 FLESHER
913 4157 70 40 and
1005 4156 189 41 PULLER.

649 4212 79 19 ■'■•■-■
852 4214 181 26 SOLICITORS,

715 4254 12 19 9
738 4252 124 21 Cathedral
872 4252 93 26 Square,
981 4253 190 20 Chbistcshtjbch.

675 4286 116 27 (Between
800 4285 111 21 Morten's
919 4285 118 27 buildings
1047 4287 19 19 &
1075 4287 56 19 Post
1138 4287 74 20 Office.

673 4387 35 20 On
717 4386 33 21 all
757 4385 58 21 kind
824 4386 25 20 of
858 4385 112 27 Security,
978 4386 26 21 at
1022 4386 56 21 Low
1092 4386 79 21 Rates
1189 4386 24 21 of

698 4429 107 22 Interest.
836 4428 89 26 Special
938 4428 78 21 Terms
1025 4428 37 21 for
1070 4428 111 22 Farmers.
