2529 4050
586 508 218 39 PUBLISHED
849 506 133 38 EVERY
1025 501 259 40 WEDNESDAY
1327 500 87 37 AND
1460 501 229 36 SATURDAY
1736 501 203 36 MORNING.

541 626 129 31 PORT
692 623 285 37 NICHOLSON,
1000 615 307 39 WEDNESDAY
1329 615 240 41 MORNING,
1592 619 224 32 OCTOBER
1841 623 48 33 12,
1915 623 88 28 1842.

77 635 63 31 No.
158 633 85 38 184.]

2254 622 98 40 [Vol.
2375 623 66 31 111.

1234 49 97 33 THE

58 120 455 134 NEW
620 107 873 137 ZEALAND
1600 107 861 140 GAZETTE

1233 270 98 33 AND

52 303 1148 158 WELLINGTON
1315 303 1148 158 SPECTATOR.

1276 708 284 49 JLEWTHWAITE
1574 709 143 27 respectfully
1734 716 125 15 announces

1315 747 9 10 •
1355 736 48 21 that
1413 735 28 21 he
1451 736 39 21 has
1500 736 101 21 received
1619 736 141 21 instructions
1772 740 21 17 to
1807 736 52 21 offer

1277 763 31 20 for
1324 762 52 26 sale,
1388 762 29 28 by
1427 762 78 22 Public
1516 763 105 26 Auction,
1639 770 28 13 on
1682 763 37 21 the
1731 763 36 21 6th
1779 762 44 28 day
1837 763 26 21 of

1277 789 121 22 December
1417 793 61 21 next,
1499 790 29 21 all
1548 790 47 21 that
1615 790 102 21 valuable
1738 790 85 21 Section
1838 790 25 21 of

1277 816 63 21 Town
1354 816 63 21 Land
1427 816 24 21 in
1463 816 54 21 New
1533 816 127 28 Plymouth,
1672 816 68 27 being
1754 817 71 21 Order
1839 816 24 21 of

1277 843 78 23 Choice
1375 844 46 26 277,
1444 844 71 20 which
1531 851 111 19 possesses
1658 843 153 27 unparalleled
1823 844 38 21 ad-

1277 875 103 21 vantages
1387 878 24 13 as
1420 878 12 13 a
1439 871 46 19 mill
1493 872 45 25 site,
1549 870 83 26 having
1638 873 22 18 at
1665 874 90 23 present
1761 870 100 27 upwards

1277 898 23 20 of
1307 899 26 19 20
1343 898 44 20 feet
1401 898 46 26 fall,
1460 898 43 20 and
1519 898 18 20 is
1555 897 37 21 the
1613 897 52 27 only
1675 897 49 21 mill
1741 897 40 21 site
1796 898 29 25 in,
1839 905 23 13 or

1278 924 81 26 within,
1371 932 68 19 many
1450 924 63 22 miles
1524 924 25 21 of
1557 924 37 21 the
1604 924 68 21 Town
1682 931 4 14 :
1703 924 18 21 is
1731 924 77 21 within
1820 927 42 18 two

1277 951 94 23 minutes
1378 951 57 21 walk
1443 951 65 21 ofthe
1515 951 78 25 beach,
1600 950 46 22 and
1653 951 68 21 fronts
1731 951 130 26 Carrington

1277 978 67 27 Road,
1356 978 37 22 the
1402 980 70 25 grand
1484 979 96 26 opening
1588 978 47 21 into
1653 977 36 22 the
1699 979 67 25 finest
1780 979 83 19 district

1277 1005 26 26 of
1309 1007 34 19 the
1346 1008 66 25 finest
1423 1009 89 23 country
1519 1007 22 19 in
1552 1007 34 19 the
1595 1007 73 19 world.

1540 1041 62 18 ALSO,

1303 1059 38 22 All
1362 1061 61 22 those
1443 1065 43 17 two
1507 1060 155 27 substantially
1682 1060 57 22 built
1762 1060 99 22 Wooden

1279 1087 85 21 Houses
1384 1088 96 21 situated
1499 1095 58 20 upon
1579 1086 36 22 the
1635 1087 47 21 said
1704 1088 95 26 Section,
1820 1087 42 21 and

1278 1114 63 26 lately
1353 1115 23 21 in
1391 1115 37 21 the
1446 1115 128 26 occupation
1595 1115 25 21 of
1633 1114 91 22 Messrs.
1736 1115 24 21 T.
1773 1114 44 22 and
1827 1114 35 22 W.

1277 1141 77 26 Bayly.

1304 1169 48 21 Sale
1372 1172 22 17 to
1414 1169 51 21 take
1484 1168 63 27 place
1567 1175 28 15 on
1610 1167 38 22 the
1665 1169 96 26 Section,
1774 1172 22 18 at
1805 1175 57 15 noon

1278 1195 113 28 precisely.

1305 1229 52 22 New
1370 1229 126 27 Plymouth,
1509 1229 100 22 October
1618 1230 20 25 5,
1651 1230 60 21 1842.

1428 1276 40 19 To
1484 1275 33 19 be
1533 1275 63 20 sold
1611 1275 94 26 cheap,

1277 1308 73 49 AN
1365 1308 113 22 excellent
1488 1316 79 20 square
1583 1312 54 23 tent,
1648 1308 62 21 lined
1721 1308 141 28 throughout,

1341 1336 53 21 with
1406 1343 13 14 a
1428 1336 98 21 boarded
1536 1336 63 21 floor.

1305 1370 73 27 Apply
1389 1374 23 18 at
1423 1370 37 22 the
1474 1371 85 19 Gazette
1570 1370 78 22 Office.

1391 1416 123 26 Country
1529 1417 77 20 Land
1621 1416 42 21 for
1677 1417 70 20 Sale.

1280 1449 65 49 TO
1361 1449 37 22 BE
1414 1450 78 22 SOLD
1511 1450 34 22 IN
1562 1450 81 27 LOTS,
1660 1453 22 19 to
1700 1450 43 22 suit
1757 1450 38 22 the
1812 1457 53 15 con-

1352 1477 108 21 venience
1472 1477 24 21 of
1503 1477 137 27 purchasers,
1651 1477 42 21 No.
1701 1479 13 19 3
1724 1477 24 21 in
1758 1477 37 21 the
1806 1481 57 17 town

1279 1503 88 27 district,
1380 1504 42 21 No.
1433 1505 28 20 44
1470 1505 22 20 in
1503 1504 38 21 the
1555 1504 61 22 Hutt
1626 1504 91 26 district,
1730 1504 43 22 and
1785 1504 42 21 No.
1837 1506 26 20 68

1278 1530 22 21 in
1317 1530 36 21 the
1374 1531 91 21 Porirua
1485 1531 86 21 district
1579 1539 4 13 :
1599 1531 50 21 half
1660 1531 26 21 of
1702 1531 38 21 the
1756 1531 108 28 purcha.se

1279 1564 79 20 money
1368 1557 44 22 will
1427 1558 27 21 be
1465 1557 92 23 allowed
1574 1561 21 17 to
1605 1559 86 20 remain
1702 1565 29 14 on
1742 1562 121 23 mortgage,

1278 1589 22 16 at
1312 1586 23 20 10
1343 1592 40 20 per
1393 1588 59 18 cent.
1482 1585 43 21 For
1534 1585 138 27 particulars,
1684 1585 66 27 apply
1761 1588 22 18 to

1548 1619 99 21 Hanson
1660 1619 45 21 and
1721 1620 115 20 Alzdori\

1412 1672 86 20 Town
1514 1672 76 20 Land
1602 1672 42 20 for
1659 1672 70 20 Sale.

1280 1705 89 35 rpHE
1385 1705 71 21 whole
1474 1705 25 21 of
1513 1708 59 18 town
1583 1705 95 22 sections
1693 1705 55 22 Nos.
1757 1707 48 26 285,
1817 1707 46 26 106,

1286 1727 28 27 JL
1353 1731 43 23 and
1413 1734 47 25 878,
1473 1732 44 22 and
1531 1736 50 23 part
1591 1733 25 21 of
1630 1736 59 18 town
1705 1733 97 21 sections
1816 1734 47 25 204,

1279 1760 45 24 248,
1336 1759 44 21 and
1394 1760 41 20 528
1452 1766 37 14 are
1503 1759 82 21 offered
1595 1759 34 21 for
1639 1759 52 22 sale.
1721 1759 60 22 Half
1792 1760 24 21 of
1827 1759 37 22 the

1279 1786 106 27 purchase
1401 1794 83 19 money
1493 1790 23 17 to
1526 1786 85 21 remain
1623 1794 28 13 on
1668 1790 122 23 mortgage,
1802 1789 23 19 at
1839 1788 26 20 10

1279 1820 38 20 per
1327 1817 57 18 cent.
1414 1813 44 21 For
1467 1813 137 27 particulars,
1616 1813 65 28 apply
1691 1817 23 18 to

1550 1847 98 22 Hanson
1662 1848 45 22 and
1722 1848 116 22 Alzdorf.

1299 1893 84 20 Town
1400 1894 54 20 and
1470 1893 122 26 Country
1607 1894 77 20 Land
1700 1896 28 18 to
1745 1894 32 20 be
1793 1895 56 19 Let.

1284 1926 165 48 SECTIONS
1465 1926 46 21 and
1526 1927 101 25 portions
1644 1927 24 21 of
1682 1927 101 21 Sections
1800 1927 22 21 in
1837 1927 30 21 all

1350 1957 60 23 parts
1427 1953 26 21 of
1468 1953 38 21 the
1524 1954 70 21 Town
1614 1953 26 21 of
1656 1954 145 27 Wellington,
1822 1954 45 22 also

1282 1980 96 25 Country
1389 1980 101 21 Sections
1505 1980 22 19 in
1540 1980 37 21 the
1594 1980 96 21 districts
1708 1981 25 20 of
1747 1981 36 21 the
1802 1981 64 26 Hutt,

1281 2006 36 21 the
1331 2005 89 27 Karori,
1434 2005 36 22 the
1481 2005 75 27 Ohiro,
1571 2006 44 21 and
1628 2006 37 21 the
1675 2007 100 22 Porirua.
1804 2007 64 27 Long

1281 2032 69 22 leases
1361 2032 69 21 ofthe
1448 2036 95 22 country
1552 2033 54 21 land
1623 2033 45 21 will
1684 2034 28 20 be
1727 2034 93 26 granted
1838 2042 29 13 on

1281 2058 128 23 reasonable
1421 2063 74 17 terms.
1525 2059 44 22 For
1579 2060 131 26 particulars
1720 2061 65 27 apply
1796 2065 22 17 to

1309 2093 95 21 Hanson
1416 2092 46 22 and
1476 2093 116 24 Alzdori\
1602 2093 199 28 Thorndon-quay,
1813 2101 22 14 or
1846 2098 22 18 to

1309 2120 93 21 Robert
1413 2121 94 26 Stokes,
1519 2120 64 21 Land
1598 2121 112 26 Surveyor
1726 2121 45 21 and
1785 2122 82 27 Agent,

1465 2147 217 22 Woolcomb-street.

1336 2200 66 20 Port
1416 2200 153 20 Nicholson
1585 2201 54 19 and
1649 2201 165 26 Wanganui.

1284 2232 164 50 SEVERAL
1463 2233 68 21 Town
1548 2233 44 22 and
1609 2234 99 26 Country
1729 2234 98 21 Sections
1845 2234 24 22 in

1347 2260 61 21 these
1420 2259 94 22 districts
1524 2263 23 18 to
1557 2261 28 20 be
1595 2260 50 22 sold
1655 2268 23 14 or
1694 2261 39 21 let.
1762 2261 45 21 For
1820 2268 49 20 par-

1282 2287 89 21 ticulars
1381 2286 44 22 and
1436 2290 74 24 terms,
1521 2287 66 28 apply
1598 2292 22 16 to

1588 2320 94 22 Robert
1697 2321 28 21 R.
1742 2321 99 22 Strang.

1310 2347 87 26 August
1405 2348 20 25 4,
1439 2348 60 21 1842.

1282 2399 85 21 Town
1392 2400 55 20 and
1472 2401 122 24 Country
1614 2401 77 19 Land
1713 2402 29 19 to
1764 2401 50 20 Let
1834 2407 35 15 on

1472 2428 78 25 Long
1571 2428 107 20 Leases.

1282 2461 98 49 NOS.
1397 2462 26 20 of
1440 2461 36 21 the
1496 2464 59 18 town
1575 2469 62 13 acres
1656 2469 28 13 on
1703 2462 38 21 the
1761 2463 109 26 Surveyor

1482 2488 116 22 General's
1609 2489 63 27 Plan,

1388 2517 41 19 224
1555 2517 42 20 510
1720 2517 40 21 263

1282 2542 43 20 For
1333 2542 139 27 particulars,
1484 2542 67 28 apply
1561 2547 22 17 to

1444 2576 124 28 Wallace,
1580 2576 92 28 White,
1684 2577 47 22 and
1745 2577 122 22 Wallace.

1308 2610 54 27 May
1372 2612 34 25 31,
1418 2612 61 20 1842.

1282 2656 65 48 TO
1366 2656 39 21 BE
1426 2655 87 27 SOLD,
1528 2656 24 21 in
1568 2656 42 21 lots
1626 2659 22 18 to
1668 2657 44 20 suit
1731 2656 135 28 purchasers,

1346 2683 37 21 the
1398 2683 72 21 whole
1488 2683 26 20 of
1524 2686 60 18 town
1599 2690 51 14 acre
1666 2684 45 21 No.
1722 2686 47 24 134,
1787 2691 28 14 on
1830 2684 37 22 the

1280 2709 50 27 plan
1342 2710 25 21 of
1371 2710 36 21 the
1413 2710 68 21 Town
1488 2710 25 21 of
1517 2710 143 26 Wellington,
1667 2710 83 27 having
1756 2712 113 26 frontages

1280 2742 21 15 to
1311 2737 190 22 Taranaki-street
1512 2736 44 23 and
1567 2737 196 27 Ingestrie-street.
1792 2738 77 22 Terms

1278 2764 84 22 liberal.
1391 2764 76 28 Apply
1477 2768 23 17 to

1617 2791 36 22 W.
1665 2790 28 22 V.
1706 2791 107 27 Brewer,

1675 2818 192 23 Manners-street.

1307 2846 57 22 June
1374 2845 33 24 17.
1420 2847 61 20 1842.

1280 2891 115 49 LAND
1413 2894 21 18 to
1444 2891 28 21 be
1484 2890 52 22 Sold
1547 2898 25 14 or
1583 2890 43 22 Let
1639 2898 28 14 on
1683 2890 103 27 building
1799 2891 68 21 leases

1355 2918 23 21 in
1388 2918 30 22 all
1428 2922 61 23 parts
1498 2918 26 21 of
1531 2917 38 22 the
1579 2918 76 22 Town.
1686 2917 75 28 Apply
1773 2923 21 16 to

1388 2952 91 21 Messrs.
1494 2952 79 21 Evans
1588 2951 43 22 and
1647 2952 122 25 Chetham,

1585 2983 118 27 Solicitors,

1651 3010 188 28 Lambton-quay.

1308 3037 55 28 May
1373 3039 33 25 23,
1418 3039 61 21 1842.

1282 3083 171 28 Wellington
1474 3084 53 20 and
1547 3083 156 27 Wanganui
1705 3093 26 5 —
1733 3083 90 21 Lands
1838 3083 29 20 to

1521 3111 33 20 be
1570 3111 58 20 Let.

1284 3144 119 21 HHOWN
1428 3144 212 22 ALLOTMENTS
1663 3144 25 20 in
1712 3143 30 21 all
1764 3146 60 24 parts
1848 3143 23 21 of

1291 3164 28 28 X
1357 3171 136 27 Wellington
1511 3171 44 21 and
1566 3171 132 26 Wanganui,
1712 3170 44 21 and
1773 3171 97 26 Country

1284 3198 95 21 Sections
1394 3199 23 21 in
1435 3198 53 22 both
1505 3197 103 27 districts,
1626 3201 22 17 to
1663 3198 26 20 be
1705 3197 31 21 let
1746 3204 29 14 on
1792 3197 77 21 leases.

1284 3224 41 22 For
1334 3225 63 27 plans
1407 3225 47 22 and
1463 3225 138 28 particulars,
1613 3224 66 27 apply
1689 3228 23 17 to

1616 3258 87 22 Henry
1719 3259 36 21 St.
1773 3258 69 22 Hill.

1310 3286 53 28 July
1374 3288 18 24 1,
1405 3288 60 20 1842.

1449 3332 91 20 Beach
1557 3332 146 26 Frontage.

1287 3366 63 49 TO
1366 3366 38 22 BE
1420 3366 66 26 LET,
1501 3366 71 21 beach
1583 3365 101 26 frontage
1700 3365 43 22 lots
1754 3365 22 21 in
1788 3368 83 18 section

1356 3395 41 20 490
1407 3401 29 14 on
1454 3393 37 22 the
1502 3393 55 22 Plan
1569 3392 26 22 of
1603 3392 37 21 the
1650 3392 68 22 Town
1734 3392 25 21 of
1767 3392 105 26 Welling-

1284 3425 43 22 ton,
1340 3420 115 29 adjoining
1466 3421 42 21 Mr.
1518 3420 89 21 Taine's
1615 3423 67 23 store;
1700 3419 44 21 and
1754 3420 23 20 in
1788 3419 82 21 section

1283 3449 46 25 616,
1338 3448 100 22 between
1447 3448 75 26 Major
1532 3447 91 22 Baker's
1633 3446 44 22 and
1686 3446 45 22 Mr.
1740 3446 132 22 Swainson's

1283 3474 86 23 houses.

1310 3509 54 21 Also
1376 3508 37 22 the
1421 3509 115 26 following
1547 3508 96 23 sections
1653 3515 29 15 on
1693 3507 38 21 the
1739 3507 56 22 Plan
1804 3507 24 21 of
1835 3506 37 22 the

1283 3535 76 29 Town,
1369 3536 46 22 viz:
1418 3547 26 5 —
1444 3547 3 6 ■

1385 3565 27 20 55
1550 3564 41 20 319
1742 3561 41 21 922

1372 3592 42 20 240
1550 3590 42 22 718
1729 3589 54 21 1079

1310 3617 74 28 Apply
1399 3622 23 17 to

1460 3644 26 22 E.
1501 3644 22 21 J.
1540 3643 151 26 Wakefield,'
1707 3649 26 15 or

1460 3671 34 21 W.
1511 3671 28 22 V.
1555 3671 107 26 Brewer,
1679 3670 191 22 Manners-street.

1284 3715 120 28 Country
1419 3716 126 22 Sections
1564 3716 45 21 for
1627 3716 59 21 Sale
1709 3719 36 16 on
1764 3714 108 21 Liberal

1528 3744 102 20 Terms.

1285 3775 164 51 SEVERAL
1484 3775 102 22 Sections
1613 3775 26 22 of
1670 3775 103 27 Country
1800 3773 71 29 Land,

1348 3803 91 28 already
1449 3802 82 22 chosen
1542 3802 23 22 in
1576 3802 37 22 the
1628 3802 94 23 Porirua
1736 3801 91 28 district,
1839 3801 35 23 for

1284 3830 57 28 Sale,
1340 3833 7 5 J
1353 3830 74 22 term's
1437 3837 106 15 liberal.
1573 3829 76 28 Apply
1659 3832 22 19 to

1355 3865 4 6 '
1379 3858 32 38 F^
1419 3857 39 28 A'J
1463 3864 172 26 Molesw'orth,
1653 3862 184 29 Murphy-street,
1849 3869 25 15 or

1357 3893 4 18 '.
1474 3891 107 26 Brewer,
1592 3890 196 22 Manners-street.

1285 3944 74 26 ifi\N;
1373 3934 85 33 SAlbf.
1474 3946 23 19 at
1505 3942 51 25 this;
1560 3941 73 27 office,
1642 3940 71 26 blink
1722 3942 58 23 Bat
1790 3942 84 23 Boon.

1285 3963 49 31 \J
1347 3958 154 37 MSSfce!'
1516 3966 72 30 oifite,
1599 3969 57 23 Dk.
1665 3970 22 21 4.

849 713 203 23 TO-MORROW.

687 750 157 27 Postponed
867 750 29 19 in
919 752 188 21 consequence
1131 746 29 21 of
1173 746 44 20 the

721 778 111 24 sittings
847 776 30 21 of
889 776 46 21 the
952 776 126 25 Supreme
1094 774 90 20 Court.

663 812 90 48 MR.
776 810 83 23 JOHN
880 809 95 21 WADE
995 809 44 21 will
1060 807 41 22 sell
1119 807 28 25 by
1168 806 78 22 Public

753 837 103 26 Auction,
870 840 22 18 at
902 837 37 21 the
952 837 71 20 Stores
1033 835 27 20 of
1073 834 91 21 Messrs.
1177 833 70 21 Waitt

661 866 42 21 and
714 866 76 26 Tyser,
799 873 25 13 on
835 863 117 26 Thursday
963 866 59 21 next,
1031 861 37 21 the
1080 860 51 22 13th
1141 860 105 27 October,

809 896 22 17 at
840 894 10 18 1
863 890 85 22 o'clock
960 890 107 27 precisely
1068 899 29 4 —

743 921 26 19 10
779 922 48 17 tons
838 918 100 27 superior
948 917 63 24 flour,
1024 917 32 19 Ist
1066 914 91 28 quality,

743 948 26 19 10
779 950 47 16 tons
836 943 110 22 excellent
955 950 71 19 sugar,

708 972 112 26 Together
830 971 50 22 with
891 978 12 13 a
916 970 83 27 variety
1011 970 24 20 of
1042 969 64 21 other
1115 968 74 27 goods.

853 1005 75 14 TERMS
945 1004 27 14 AT
988 1004 62 14 SALE.

706 1024 103 21 Without
818 1031 93 20 reserve,
924 1028 22 17 to
957 1023 57 22 close
1026 1023 172 28 consignments.

661 1057 96 21 October
769 1057 31 26 10,
813 1058 58 20 1842.

662 1103 157 48 MESSRS.
832 1103 153 22 MACLEOD
1000 1103 44 21 and
1061 1103 46 21 CO.
1119 1102 57 22 have
1187 1108 60 15 com-

752 1129 92 22 menced
865 1130 36 22 the
920 1131 101 20 business
1037 1130 25 20 of
1080 1129 166 26 Store-keepers

660 1164 26 14 on
708 1157 38 21 the
766 1158 103 25 premises
887 1157 70 27 lately
977 1156 106 27 occupied
1107 1156 27 27 by
1155 1156 91 20 Messrs.

661 1183 121 22 Anderson
798 1184 42 21 and
856 1183 110 27 Rowand,
986 1184 23 21 in
1027 1183 157 25 Willis-street,
1202 1182 45 22 and

660 1215 74 21 trusts,
745 1211 30 27 by
786 1218 13 14 a
809 1211 73 27 steady
894 1211 44 22 and
949 1211 146 26 unremitting
1105 1210 108 22 attention
1224 1212 23 18 to

659 1238 108 26 business,
778 1241 21 18 to
809 1239 63 20 merit
882 1238 38 21 the
930 1242 121 23 patronage
1063 1237 44 22 and
1124 1241 89 23 support
1223 1244 24 13 so

659 1264 101 27 liberally
772 1265 112 21 conferred
895 1272 29 14 on
936 1265 57 21 their
1002 1264 161 28 predecessors.

687 1297 58 21 N.B.
748 1308 26 4 —
776 1296 46 22 The
832 1297 48 21 best
891 1296 91 23 articles
992 1297 26 21 of
1031 1304 69 19 every
1112 1296 135 27 description

661 1327 21 18 at
691 1324 113 21 moderate
814 1324 77 26 prices.

687 1356 98 21 October
796 1358 30 24 11,
839 1357 59 21 1842.

783 1402 38 19 On
835 1402 71 24 Sale,
922 1408 35 14 ex

663 1439 41 20 r^\
715 1436 129 22 UNTER'S
859 1443 116 20 preserves
988 1436 45 22 and
1044 1436 84 22 bottled
1144 1436 65 22 fruits
1224 1435 23 22 in

663 1462 52 24 vJB~
743 1464 96 20 assorted
858 1471 69 19 cases,
948 1463 84 22 bottled
1049 1464 98 26 vinegar,
1160 1470 86 19 sauces,

661 1491 92 26 herring
762 1494 67 23 paste,
840 1493 51 24 pats
901 1498 30 14 au
941 1490 79 26 diable,
1031 1491 91 26 pickles,

687 1518 83 22 Choice
783 1517 99 22 Chedder
893 1517 80 22 cheese
984 1518 43 21 and
1038 1517 173 27 confectionery,

687 1544 173 23 London-made
871 1545 89 21 saddles
971 1545 43 21 and
1025 1545 88 26 bridles,

687 1572 138 21 Bush-made
835 1572 87 21 saddles
933 1572 43 21 and
986 1572 87 27 bridles,

688 1600 58 25 10-4,
759 1600 55 25 11-4,
825 1599 45 21 and
880 1600 53 20 12-4
941 1599 108 26 blankets,
1062 1599 110 26 coloured,

688 1627 52 20 12-4
750 1633 51 20 rugs
811 1626 43 21 and
865 1630 170 23 counterpanes,
1046 1626 65 21 toilet
1120 1633 84 19 covers,

689 1654 115 21 Women's
814 1657 64 23 stays,
891 1654 40 21 red
942 1653 71 27 shirts,

687 1681 55 22 Two
750 1688 60 14 cases
820 1680 139 22 fashionable
970 1680 83 27 shaped
1062 1680 102 27 bonnets,

689 1708 100 21 Ribbons
799 1708 43 21 and
853 1708 91 26 general
953 1708 119 26 millinery,

689 1735 75 22 Coffee
774 1735 23 21 in
808 1735 60 27 bags,

690 1763 76 21 Green
777 1765 35 18 tea
821 1762 21 21 in
853 1762 74 21 chests
937 1761 45 22 and
991 1762 49 21 half
1048 1762 79 26 chests,

689 1790 64 26 Oars,
764 1789 74 22 mould
850 1789 98 27 candles,

689 1816 65 22 Nails
764 1816 26 21 of
796 1823 64 21 every
872 1816 141 27 description,

689 1844 82 21 Tinn'd
784 1847 34 18 tea
827 1843 88 27 kettles,
929 1851 130 20 saucepans,
1071 1844 48 26 &c,

689 1870 76 22 White
775 1870 57 28 lead,
842 1870 82 28 paints,
936 1878 60 20 soap,
1009 1872 40 21 &c.
1061 1872 40 20 &c.

975 1905 21 21 J.
1013 1905 33 21 M.
1062 1905 100 22 Taylor.

1124 1933 31 21 Te
1166 1933 54 21 Aro.

690 1958 98 22 October
798 1960 30 24 11,
841 1960 59 21 1842.

892 2004 41 19 On
948 2003 70 24 Sale,

663 2037 139 49 POLICE
818 2035 90 23 DARK
923 2035 174 27 LANTERNS,

736 2063 120 22 American
868 2070 77 14 ovens.

978 2089 21 22 J.
1016 2090 32 22 M.
1064 2090 102 26 Taylor,

1120 2118 32 21 Te
1167 2117 55 22 Aro.

690 2145 99 21 October
799 2147 31 24 11,
842 2146 60 20 1842.

754 2192 40 19 On
809 2191 68 24 Sale,
894 2197 36 14 ex
1114 2190 43 20 &c.

663 2224 165 50 MARINE
843 2224 221 26 BAROMETERS,

755 2251 131 27 Quadrants,
899 2255 105 22 sextants,

690 2279 160 27 Hydrometers
859 2278 45 22 and
915 2278 185 27 saxharometera,

689 2307 183 26 Thermometers,
884 2305 64 28 spirit
957 2305 73 27 levels,

689 2333 108 27 Drawing
806 2333 151 26 instruments,
970 2333 127 28 telescopes,

690 2361 48 27 Log
748 2361 45 21 and.
802 2360 54 22 hour
865 2360 90 27 glasses,
967 2360 40 21 &c.
1018 2361 40 21 &c.

1004 2394 22 21 J.
1043 2394 33 21 M.
1093 2395 102 25 Taylor,

1126 2422 31 22 Te
1168 2422 54 21 Aro.

663 2450 97 22 October
771 2451 31 24 11,
815 2451 58 20 1842.

689 2495 40 21 To
741 2494 200 26 Ship-builders
957 2494 54 21 and
1026 2494 195 25 Ship-owners.

665 2529 71 49 ON
752 2528 76 22 SALE
842 2528 30 27 by
882 2528 38 21 the
932 2528 148 26 undersigned
1087 2536 35 13 :—

727 2556 103 22 Anchors
842 2556 26 20 of
878 2555 30 21 all
919 2555 63 27 sizes,

690 2583 70 23 Chain
772 2583 71 21 cables
854 2582 44 22 and
914 2582 61 22 short
989 2582 77 21 linked
1083 2582 83 26 chains,
1178 2582 73 21 tested

661 2611 30 27 by
701 2618 13 14 a
724 2610 133 28 hydrostatic
868 2609 88 28 engine,
966 2609 98 22 assorted
1074 2609 56 22 sizes
1140 2609 43 21 and
1194 2616 55 15 war-

661 2638 85 26 ranted,

689 2664 106 24 Bitheads
805 2663 43 23 and
858 2671 63 20 spare
933 2663 106 27 shackles,

689 2692 113 22 Windlass
811 2692 65 22 metal
887 2691 25 21 in
924 2691 108 27 complete
1042 2693 61 24 Betts,

689 2719 112 23 Mariners
812 2726 129 19 compasses,

689 2747 46 22 Sail
746 2753 90 15 canvass
846 2746 45 21 and
901 2745 73 28 twine,

689 2773 72 26 Pitch,
773 2776 39 23 tar,
825 2773 38 21 &c.
875 2773 40 21 &c.

1025 2799 89 23 Willis
1125 2808 45 14 and
1181 2799 39 21 Co.

663 2827 98 21 October
771 2828 32 24 11,
815 2827 58 21 1842.

663 2872 38 21 To
717 2872 165 25 Merchants,
899 2872 112 26 general
1033 2873 216 25 Store-keepers,

934 2900 44 19 &c.

663 2933 51 49 A
729 2932 219 22 RESPECTABLE
962 2932 112 22 YOUNG
1090 2933 72 23 MAN
1173 2941 77 15 accus-

744 2960 74 21 tomed
827 2963 21 17 to
858 2959 37 21 the
906 2959 91 27 general
1007 2964 59 17 store
1076 2960 109 27 business,
1197 2961 17 21 is
1226 2961 23 22 in

664 2990 60 18 want
741 2987 25 21 of
777 2994 14 14 a
804 2987 103 21 situation
922 2994 25 14 as
964 2986 104 22 assistant
1085 2994 25 14 or
1123 2987 61 22 clerk
1199 2989 23 21 in
1237 2996 13 14 a

663 3013 135 23 merchants'
807 3014 127 22 warehouse
952 3021 24 14 or
990 3014 91 26 general
1091 3018 64 18 store.
1185 3015 37 21 He
1232 3015 18 22 is

665 3041 97 22 desirous
774 3041 25 21 of
809 3041 85 28 getting
910 3041 150 28 employment
1075 3041 73 23 where
1163 3041 29 23 he
1209 3050 41 14 can

663 3068 99 27 improve
772 3068 90 22 himself
873 3069 24 21 iv
914 3068 129 22 mercantile
1060 3069 80 26 affairs,
1152 3069 45 22 and
1206 3070 45 21 will

663 3095 50 28 give
724 3095 34 22 his
767 3095 93 22 services
875 3096 35 21 for
926 3103 13 14 a
955 3103 53 20 very
1018 3095 115 24 moderate
1147 3104 104 15 remune-

664 3123 84 21 ration.

691 3150 201 27 Mostrespectable
898 3150 125 22 references
1033 3157 42 15 can
1085 3150 28 22 be
1124 3151 74 27 given,
1207 3151 44 22 and

665 3177 95 27 secuiity
771 3177 19 21 if
802 3177 108 27 required.

691 3204 75 27 Apply
778 3208 21 17 to
811 3204 43 22 Mr.
866 3204 56 27 Roe,
934 3207 23 18 at
967 3204 36 22 the
1016 3206 87 19 Gazette
1116 3204 78 23 Office.

665 3237 142 27 Wellington,
820 3238 95 22 October
926 3240 33 24 11,
971 3240 59 20 1842.

752 3283 173 21 Dissolution
940 3284 31 20 of
983 3284 184 27 Partnership.

664 3318 183 48 NOTICE.—
847 3318 48 20 The
906 3317 101 22 business
1016 3318 97 22 hitherto
1126 3319 87 22 carried
1223 3326 28 14 on

746 3344 72 22 under
827 3344 37 22 the
879 3345 50 21 firm
947 3345 25 21 of
988 3345 51 28 Hay
1057 3345 46 22 and
1117 3346 133 27 Machattie,

665 3371 129 22 Merchants
804 3371 40 22 and
856 3372 145 21 Commission
1013 3373 94 27 Agents,
1126 3374 17 20 is
1153 3373 45 22 this
1209 3374 45 27 day

664 3398 111 22 dissolved
785 3399 30 26 by
831 3399 85 21 mutual
933 3405 99 21 consent,
1053 3400 46 21 and
1113 3400 30 22 all
1159 3408 93 19 persons

664 3425 106 22 indebted
779 3429 22 17 to
812 3425 52 28 Hay
875 3425 45 22 and
932 3426 130 27 Machattie,
1080 3434 37 15 are
1132 3428 120 29 requested

664 3457 21 17 to
694 3460 44 20 pay
748 3452 37 22 the
795 3460 58 14 same
864 3457 22 17 to
898 3453 45 22 Mr.
955 3453 25 22 T.
999 3454 32 21 M.
1052 3454 131 27 Machattie,
1202 3455 49 22 who

664 3479 42 23 will
718 3479 115 28 discharge
844 3479 30 23 all
884 3479 79 23 claims
973 3481 88 26 against
1071 3483 39 20 the
1120 3482 48 22 said
1178 3482 57 22 firnt.

989 3515 34 22 W.
1037 3515 63 22 Hay.
1244 3523 6 15 £

988 3542 26 22 T.
1026 3542 34 22 Mi
1071 3543 152 22 Machattie.

689 3568 97 22 Witness
787 3580 26 4 —
814 3568 75 23 James
898 3568 81 23 Smith.

689 3595 75 23 Dated
774 3599 23 18 at
806 3596 144 28 Wellington,
962 3597 89 27 August
1060 3599 20 25 9,
1093 3598 53 21 1842

882 3650 55 21 For
952 3650 69 26 Sale,

663 3684 50 48 A
729 3683 59 26 good
806 3683 132 22 substantial
958 3684 49 22 well
1029 3684 60 22 built
1111 3684 69 22 house
1205 3685 49 22 and

743 3710 110 27 premises,
879 3711 54 21 with
957 3719 14 14 a
971 3719 3 8 1
994 3711 128 22 Publican's
1151 3712 102 26 General

663 3738 94 21 License
774 3737 106 28 attached,
900 3739 24 20 in
946 3745 13 14 a
979 3738 159 28 commanding
1154 3740 47 21 and
1218 3739 35 22 in-

662 3764 102 27 creasing
788 3764 190 28 neighbourhood'
992 3765 23 22 in
1040 3765 157 28 Wellington,-
1208 3763 50 24 and'

663 3791 48 22 well
722 3791 84 28 worthy
822 3792 36 21 the
875 3792 110 22 attention
1000 3792 26 21 of
1042 3792 65 22 small
1122 3792 130 30 capitalists.

662 3819 46 22 The
725 3821 69 19 terms
807 3819 122 27 moderate,
949 3819 46 22 and
1014 3827 52 19 may
1082 3820 32 21 be*
1124 3820 84 23 ktfiown
1224 3819 38 27 by

662 3845 112 29 applying.
778 3850 22 18 to
1014 3866 2 4 
1058 3860 2 7 ,
1129 3841 21 38 jt
1175 3865 3 2 .

825 3873 21 22 J.
861 3872 132 28 Zillwqod,
1001 3872 225 26 Wiltsbire-lJavern.

689 3900 58 23 Haw
747 3900 3 11 i
750 3897 156 24 ks'tone-stteet
907 3915 6 11 >
918 3900 96 27 ,Atigust
1023 3901 33 25 19,
1067 3895 79 32 1842./
1179 3900 19 30 ;\
1214 3897 6 4 *
1221 3921 5 9 4

669 3945 88 23 TUST
771 3945 134 30 OPENED,
911 3943 180 23 and.on.Sale.at
1100 3925 39 41 thi
1149 3945 109 30 O#p«©f
1257 3958 4 10 ;

662 3968 27 28 O
726 3972 45 23 this
780 3972 78 28 Paper,
868 3971 40 24 ink
919 3971 76 23 stands
1005 3970 27 24 of
1037 3972 90 22 various
1136 3973 66 23 sizei.

190 727 52 20 For
257 724 115 21 London
388 722 95 24 direct,

157 763 28 19 To
198 760 41 19 sail
259 759 35 19 the
310 757 38 21 end
361 757 27 25 of
399 756 121 25 November,

54 791 103 35 ■^S^Sl.
198 795 92 21 fTIHE
314 794 49 22 well
384 793 80 22 known
488 793 43 21 fast
551 791 79 26 sailing

67 815 105 37 Jgrj^tgß
205 815 28 30 JL
286 822 82 26 barque
404 821 112 25 Clydeside,
550 819 80 21 Alfred

46 842 145 39 /^Pjg^
211 850 86 21 Adams
307 848 151 22 commander.
486 847 53 22 This
549 847 44 21 will
602 847 27 20 be

44 877 149 28 ggggißgwga
210 877 37 21 the
264 876 47 22 first
325 875 30 22 oil
374 875 48 27 ship
433 875 42 21 this
488 881 84 18 season,
585 873 44 22 and

211 911 24 14 as
254 906 49 25 part
322 902 25 22 of
362 902 41 22 her
423 910 64 19 cargo
506 901 18 21 is
539 900 90 26 already

212 929 106 28 engaged,
334 929 99 28 shippers
443 928 44 22 will
505 929 87 25 require
607 931 21 17 to

44 959 66 22 make
131 959 60 25 early
210 957 138 28 application.
388 956 46 21 The
457 955 103 26 Clydeside
578 953 50 26 will,

44 986 153 26 immediately
207 993 27 13 on
246 983 139 27 discharging
398 982 40 21 her
456 988 64 19 cargo
530 981 23 21 in
570 981 59 21 Lon-

47 1012 50 26 don,
108 1019 92 20 prepare
211 1016 20 17 to
249 1014 76 18 return
341 1012 21 18 to
379 1009 54 20 New
450 1007 105 22 Zealand.
586 1007 42 21 She

44 1038 44 22 will
105 1038 110 21 therefore
231 1037 69 22 afford
317 1043 27 14 an
361 1035 111 21 excellent
489 1033 139 28 opportunity

43 1066 34 21 for
96 1065 69 27 goods
184 1063 101 28 required
303 1066 22 17 at
339 1061 39 21 the
398 1061 87 21 earliest
503 1060 76 27 period
600 1060 28 25 by

43 1092 82 27 parties
135 1092 60 23 here,
204 1091 48 21 who
264 1096 36 15 are
310 1087 117 28 requested
436 1090 23 18 to
468 1087 92 21 instruct
571 1087 57 20 their

43 1122 77 24 agents
130 1118 44 21 and
184 1117 85 22 friends
279 1119 22 18 at
311 1115 66 21 home
387 1117 22 18 to
420 1114 50 26 give
477 1114 43 20 this
527 1113 100 21 Colonial

43 1145 73 22 trader
135 1145 36 20 the
190 1145 129 27 preference
335 1149 28 14 on
381 1141 30 21 all
431 1141 118 22 occasions.
585 1140 43 22 For

42 1172 82 26 freight
133 1179 25 14 or
166 1178 100 21 passage,
278 1169 63 28 apply
353 1172 21 18 to

359 1202 83 22 Waitt
458 1202 44 22 and
515 1202 85 21 Tyser.

70 1237 144 27 Wellington,
226 1236 97 22 October
332 1237 33 24 11,
378 1236 60 21 1842.

246 1282 53 19 For
313 1280 113 21 Nelson.

219 1315 91 31 npHE
338 1314 49 22 well
411 1314 82 21 known
522 1313 108 21 schooner

78 1334 100 39 jaSKctv
225 1334 29 30 J_
279 1343 70 24 Mana,
362 1341 43 21 will
417 1341 40 21 sail
467 1341 34 21 for
511 1339 37 22 the
558 1340 70 21 above

76 1361 132 38 pSsSEjjw*'
231 1372 51 23 port
301 1376 26 14 on
348 1376 24 13 or
391 1367 70 22 about
479 1367 149 26 Wednesday,

71 1389 138 43 AA7O|^
233 1395 50 22 12th
295 1395 103 22 October.

54 1425 158 36 TLTu&S&fc
260 1434 43 21 For
318 1433 82 27 freight
411 1440 24 14 or
452 1439 96 20 passage,
564 1432 66 27 apply

231 1464 24 18 to
266 1461 36 21 the
313 1460 94 27 Captain
418 1466 29 15 on
457 1459 75 26 board,
542 1466 23 14 or
575 1463 23 17 to

362 1494 82 21 Waitt
460 1493 44 22 and
517 1493 78 22 Tyser

76 1528 143 27 Wellington,
230 1527 128 27 September
368 1527 32 26 29,
414 1527 60 20 1842.

176 1574 52 19 For
244 1572 147 21 Auckland
407 1571 92 21 direct.

57 1602 105 30 s*^£2^L,
202 1607 90 31 rpiHE
309 1606 107 21 schooner
430 1607 82 25 Osprey,
524 1606 39 21 150
573 1608 56 23 tons,

73 1632 110 34 JgSZflH^
209 1627 28 27 JL
282 1633 27 21 R.
330 1632 119 28 Sedgwick
466 1635 88 22 master,
572 1632 58 26 daily

53 1663 146 31 /JaHSEip
215 1660 105 27 expected
340 1660 58 21 from
424 1660 54 20 New
503 1658 126 28 Plymouth,

50 1684 150 31 greXEEfflßus
216 1688 43 20 and
274 1687 44 21 will
332 1687 27 21 be
376 1686 128 27 dispatched
518 1686 49 22 four
578 1686 53 27 days

73 1752 43 21 For
126 1750 82 28 freight
216 1757 24 14 or
250 1755 96 21 passage,
359 1747 67 28 apply
436 1750 23 18 to

200 1784 132 25 Ridgways,
350 1783 107 25 Guyton,
472 1781 45 21 and
532 1781 70 21 Earp.

73 1818 143 26 Wellington,
228 1817 97 22 October
336 1818 32 24 11,
381 1816 60 21 1142.

153 1861 167 27 Survey-office,
331 1861 55 21 New
398 1860 100 21 Zealand
509 1860 120 27 Company,

235 1888 144 27 Wellington,
391 1887 49 21 Oct.
453 1887 18 27 7,
484 1888 59 20 1842.

44 1922 147 50 NOTICE
207 1922 26 21 IS
251 1921 127 22 HEREBY
393 1920 107 27 GIVEN,
524 1919 48 22 that
593 1919 38 21 the

127 1950 96 25 Country
235 1948 64 23 Land
310 1955 47 14 now
368 1947 73 21 under
452 1954 78 19 survey
542 1946 43 21 will
603 1946 27 21 be

44 1976 85 21 thrown
142 1983 54 19 open
208 1976 31 20 for
255 1974 104 22 selection
376 1974 36 21 for
431 1974 35 21 the
484 1973 147 26 Preliminary

45 2003 106 25 Sections,
171 2005 22 17 at
211 2005 88 22 present
317 2000 125 26 remaining
461 1999 120 25 unchosen,
603 2006 28 13 on

44 2028 106 26 Monday,
162 2028 36 21 the
210 2030 32 19 Ist
253 2028 106 25 January,
372 2028 61 24 1843,
453 2027 43 20 and
515 2025 116 26 following

45 2056 52 27 days
99 2067 27 3 —
128 2054 154 27 commencing
292 2057 22 18 at
329 2055 23 20 11
371 2060 60 19 a.m.,
450 2053 42 21 and
510 2052 84 27 closing
609 2056 23 17 at

41 2084 17 20 4
67 2090 61 20 p.m.,
139 2082 116 27 precisely,
266 2081 45 21 and
320 2081 67 26 being
397 2088 24 13 as
432 2079 84 22 follows
524 2088 5 13 :—:
531 2091 27 3 —

472 2114 34 15 No.
518 2114 20 15 of
551 2112 80 17 Section*

481 2135 58 16 under
546 2135 74 19 Survey.

71 2159 113 21 District
196 2165 25 13 of
228 2164 45 14 the
282 2157 101 25 Oiiariu,
390 2155 38 22 the
435 2156 100 21 Sections

100 2193 37 13 are
148 2185 93 21 situated
258 2183 22 21 in
298 2183 35 21 the
345 2183 80 26 valley,
445 2182 91 27 parallel

97 2212 54 21 with
171 2211 48 21 that
237 2211 66 26 given
324 2213 38 19 out
382 2215 23 16 at
430 2209 36 22 the
491 2210 43 21 last

98 2239 113 25 selection,
223 2237 44 22 and
278 2237 106 27 comprise
395 2240 23 18 at
426 2236 66 22 least.
499 2252 6 4 .
515 2252 4 4 .
527 2252 5 4 .
577 2237 27 20 44

81 2266 79 27 [Plans
171 2272 55 20 open
240 2265 35 21 for
289 2264 125 27 inspection
424 2267 22 18 at
458 2263 34 22 the
505 2263 88 26 Office.]

72 2300 114 21 District
201 2307 25 13 of
242 2306 46 13 the
304 2298 68 21 Hutt
565 2299 39 20 100

98 2326 48 22 The
165 2326 99 22 Sections
284 2333 35 13 are
341 2324 46 22 laid
402 2328 38 17 out
458 2329 20 17 at
498 2325 38 21 the

97 2361 70 20 upper
176 2357 49 23 part
231 2352 25 22 of
265 2352 36 21 the
310 2352 65 26 river,
385 2352 44 21 and
438 2359 36 14 are
483 2359 54 14 con-

98 2380 81 22 nected
198 2380 54 21 with
273 2379 62 22 those
360 2379 92 27 already
470 2380 67 26 given

97 2411 46 18 out.
173 2407 66 22 Plans
249 2410 23 18 to
282 2406 27 21 be
319 2406 69 27 ready
398 2408 33 19 Ist
440 2406 96 22 Decem-

96 2435 47 26 ber,
157 2435 59 21 1842.

71 2469 113 22 District
195 2476 26 13 of
231 2468 104 25 Horoki,
348 2467 122 27 extending
480 2468 54 21 from

97 2503 55 14 near
162 2496 90 21 Section
264 2497 32 24 10,
307 2495 118 27 Kinapora
434 2495 100 26 District,

97 2522 95 22 towards
215 2522 38 21 the
278 2526 60 17 coast
360 2526 25 17 r.t
409 2521 128 22 Wai-kanai

96 2549 109 28 probably
565 2550 39 20 150

86 2575 80 29 [Plans
177 2581 22 16 to
209 2576 27 21 be
246 2575 69 28 ready
326 2578 32 19 Ist
370 2575 132 26 December,
515 2575 73 29 1842.]

73 2611 113 21 District
215 2618 27 14 of
276 2610 81 22 Loury
391 2610 59 27 Bay,
485 2611 53 21 Port

101 2637 120 23 Nicholson
591 2638 13 20 5

218 2663 78 28 [Plans
306 2672 49 14 now
365 2663 91 29 ready.]

70 2692 113 26 Porirua,
196 2691 132 27 Kinapora,
337 2693 44 21 and
387 2692 84 27 sundry
477 2695 61 24 parts

97 2719 86 22 around
194 2719 53 22 Port
257 2719 122 22 Nicholson
579 2721 25 19 18

85 2746 79 26 [Plans
173 2749 23 18 to
205 2746 27 21 be
243 2746 68 27 ready
322 2747 33 20 Ist
367 2745 136 27 November,
515 2744 74 29 1842.]

70 2778 114 21 District
195 2785 26 14 of
231 2778 149 25 Manawatu,
388 2776 39 22 the
437 2778 100 21 Sections

97 2804 84 22 extend
209 2804 67 25 along
304 2804 38 21 the
364 2803 61 22 bank
450 2804 24 21 of
499 2804 38 21 the

97 2831 70 22 River
176 2830 70 22 above
258 2830 60 21 those
329 2831 66 27 given
408 2833 39 18 out
461 2834 22 18 at
499 2830 38 22 the

97 2858 45 22 last
154 2858 115 26 selection,
288 2857 81 22 thence
387 2860 23 18 to
430 2857 37 22 the
486 2857 52 22 hills

97 2885 44 22 and
151 2884 110 28 comprise
277 2887 24 18 at
316 2884 56 22 least
564 2886 41 20 300

89 2912 79 26 [Plans
179 2916 22 17 to
213 2912 26 21 be
249 2911 68 27 ready
328 2914 33 19 Ist
372 2911 131 27 December,
516 2912 72 27 1842.]
614 2929 4 9 >

70 2944 49 22 The
130 2943 63 23 Field
207 2943 61 22 Plots
277 2950 52 20 may
342 2943 27 21 be
384 2950 52 14 seen
454 2947 23 18 at
489 2943 37 22 the
543 2947 90 24 present

42 2971 54 22 time
108 2975 23 17 at
141 2971 36 21 the
188 2971 85 26 Survey
285 2970 97 22 Stations
397 2970 27 21 of
433 2970 37 22 the
488 2971 86 21 several
588 2971 45 21 dis-

42 2999 64 21 tricts
115 2997 155 28 respectively.

71 3032 28 22 In
108 3032 66 21 order
183 3035 23 18 to
216 3030 168 23 accommodate
393 3031 39 22 the
440 3031 89 22 holders
541 3032 24 21 of
572 3032 61 28 early

44 3059 96 27 choices,
152 3062 167 23 arrangements
327 3058 58 23 have
402 3058 58 23 been
475 3058 64 23 made
550 3059 34 22 for
595 3059 37 22 the

42 3091 66 23 party
118 3086 126 27 possessing
261 3085 37 22 the
315 3085 48 22 first
373 3085 65 22 order
456 3086 24 21 of
488 3086 83 26 choice,
584 3094 49 14 suc-

42 3114 109 27 cessively
161 3113 93 27 making
270 3112 57 22 their
341 3112 108 23 selection
459 3116 22 19 at
497 3112 36 23 the
548 3114 84 28 Survey

44 3142 71 21 Office
127 3149 23 14 as
160 3147 54 15 soon
225 3147 24 15 as
259 3139 38 22 the
307 3139 67 23 Plans
385 3147 37 15 are
432 3140 74 27 ready.

289 3172 94 22 Samuel
398 3172 108 22 Charles
522 3172 82 27 Brees,

390 3206 54 21 Prin
447 3206 64 28 cipal-
515 3206 83 28 Survey
602 3214 30 14 or.

255 3260 73 22 THIS
345 3260 75 22 DAY.

227 3293 61 21 Sale
305 3292 31 20 of
348 3292 98 20 Cattle.

46 3328 159 48 MESSRS.
228 3327 96 26 HORT,
346 3326 160 26 MOCATTA,
524 3334 45 14 and
585 3326 45 22 CO.

135 3354 56 22 have
210 3354 101 22 received
324 3353 143 22 instructions
483 3353 55 22 fiom
556 3353 76 22 James

45 3380 79 27 Watt,
137 3382 61 26 Esq.,
210 3381 44 22 and
266 3380 43 22 will
319 3380 55 23 offer
384 3380 34 21 for
428 3380 45 21 sale
484 3388 28 14 on
526 3380 106 22 Wednes-

45 3407 42 27 day
109 3411 60 23 next,
181 3408 50 22 12th
242 3408 104 26 October,
363 3411 24 18 at
406 3408 10 20 1
435 3407 92 27 o'clock,
546 3410 22 19 at
587 3408 44 21 Mr.

45 3434 79 21 Watt's
144 3435 140 27 Stock-yard,
304 3436 68 21 about
390 3436 29 20 40
438 3434 59 22 head
515 3434 26 21 of
557 3434 73 26 cattle,

44 3461 58 22 from
113 3462 40 21 Dr.
164 3462 92 27 Imlay's
271 3461 127 23 celebrated
412 3461 68 22 herds
494 3464 23 19 at
531 3461 101 22 Twofold

204 3488 55 28 Bay,
270 3490 120 27 consisting
405 3489 26 21 of
438 3497 5 13 :
445 3502 28 3 —

72 3522 64 21 Cows
144 3521 72 27 heavy
226 3521 23 22 in
260 3522 49 27 calf,

71 3548 72 25 Dairy
153 3555 55 15 cows
217 3549 23 21 in
251 3549 41 21 full
301 3549 61 27 milk,

71 3575 111 27 Working
192 3575 107 27 bullocks,
311 3576 47 23 well
369 3577 88 22 broken
466 3577 31 28 in,

71 3603 74 21 Steers
156 3601 44 22 and
211 3602 87 27 heifers,

45 3629 61 21 Most
125 3629 25 21 of
166 3628 37 22 the
223 3629 70 21 above
308 3631 66 21 cattle
393 3631 60 22 have
471 3632 58 21 been
548 3631 23 22 in
592 3631 37 22 the

44 3656 84 27 Colonj'
139 3656 33 21 for
183 3663 60 15 some
260 3657 95 27 months,
366 3658 44 21 and
426 3665 37 15 are
477 3659 59 27 quite
550 3659 80 22 inured

249 3685 23 19 to
282 3682 36 22 the
329 3683 96 24 climate.

44 3709 80 23 Lunch
138 3709 45 23 will
198 3709 28 23 be
240 3709 108 28 provided
365 3714 23 18 at
403 3712 46 22 Mr.
460 3712 87 28 Watt's,
565 3715 24 19 at
604 3714 26 20 12

293 3737 92 22 o'clock.

238 3770 82 16 TERMS'
329 3772 28 14 AT
373 3772 62 15 SALE.

70 3798 130 28 September
209 3796 37 28 30?.
256 3799 59 20 1942.

129 3841 86 28 SALE,
231 3846 23 18 at
264 3842 37 22 the
313 3843 86 22 Gazette
405 3862 4 4 ,
415 3844 77 27 Office,
510 3853 29 21 ap
551 3850 79 18 exten-

44 3866 45 24 \J
139 3876 26 15 ve
175 3870 45 22 and
230 3869 76 24 varied
315 3874 137 19 assortment
466 3872 26 22 of
508 3873 122 27 stationery

43 3896 23 21 of
77 3904 67 20 every
154 3895 143 29 description.

42 3940 180 25 "OOR'SA-LE
275 3941 43 23 this
334 3942 76 30 office^
424 3942 79 29 Hymn
517 3944 114 23 Booki'in

42 3966 33 23 JU
113 3968 43 23 tb«-
160 3968 76 23 native
240 3967 125 31 langdajgb;
372 3969 4 13 :

1896 709 158 22 HMHOMAS
2076 710 208 24 MACNAMARA
2308 715 53 26 begs
2380 720 96 24 respect-

1902 734 28 23 JL
1969 736 55 27 fully
2041 740 21 18 to
2079 738 80 21 inform
2178 739 37 21 the
2231 740 133 24 inhabitants
2382 743 25 21 of
2423 743 53 22 Port

1895 762 127 28 Nicholson,
2034 764 48 20 that
2097 764 26 22 he
2134 765 40 21 has
2189 767 63 21 made
2268 774 164 21 arrangements
2446 771 30 26 by

1895 789 69 22 which
1975 790 27 21 he
2013 791 43 21 will
2068 791 55 22 have
2133 800 12 14 a
2157 793 79 28 supply
2246 794 25 21 of
2277 795 60 21 fresh
2345 801 58 17 meat
2410 797 64 27 daily.

1895 816 61 26 Also,
1968 817 41 21 salt
2019 818 53 21 beef
2079 819 42 21 and
2133 819 63 27 pork.

1964 851 103 26 Shipping
2080 854 94 24 supplied
2184 861 22 14 at
2215 856 106 21 wholesale
2330 858 76 25 prices.

2164 888 28 22 T.
2210 889 158 29 Macnamara,

1895 916 189 30 Lambton-quay,
2099 925 54 16 next
2168 921 55 22 door
2241 926 21 18 to
2282 924 44 21 Mr.
2348 925 126 28 M'Gregor,

2099 946 173 25 Watch-maker.

1895 989 200 48 ALYALL
2116 997 56 16 most
2184 993 142 26 respectfully
2338 995 53 27 begs
2413 995 63 24 leave

1949 1026 10 11 •
1991 1020 22 17 to
2026 1025 114 15 announce
2154 1023 21 17 to
2196 1020 37 21 the
2253 1021 80 27 public,
2345 1023 48 21 that
2401 1023 27 21 he
2439 1024 39 21 has

1895 1043 90 22 entered
2004 1044 47 21 into
2071 1051 169 22 arrangements
2263 1052 21 17 to
2307 1049 92 27 receive,
2419 1051 59 22 from

1896 1070 148 28 Berhampore
2055 1072 71 27 Farm,
2138 1080 14 14 a
2163 1074 60 27 daily
2234 1075 77 27 supply
2319 1076 24 21 of
2351 1077 60 22 fresh
2420 1078 57 27 beef,

1895 1098 43 21 and
1949 1097 69 27 hopes
2027 1099 54 26 that,
2093 1099 56 22 from
2161 1100 37 22 the
2209 1102 98 26 superior
2317 1104 84 27 quality
2410 1105 24 21 of
2441 1105 37 22 tha

1896 1129 65 21 meat,
1973 1125 37 21 the
2027 1126 95 22 reduced
2138 1128 79 25 prices,
2229 1129 43 21 and
2284 1129 32 21 hi
2319 1129 13 21 3
2332 1131 147 28 unremitting

1895 1152 106 21 attention
2023 1155 22 18 to
2064 1153 33 21 his
2116 1158 128 23 customers,
2264 1159 22 17 to
2309 1157 90 22 deserve
2422 1159 57 21 their

1895 1180 128 25 patronage.

1922 1217 129 28 September
2060 1220 33 26 39,
2107 1221 59 20 1842.

1896 1271 72 48 ON
1984 1272 85 27 SALE,
2081 1280 27 14 ex
2116 1275 110 24 Eagle:—

1961 1298 20 20 A
1992 1301 102 26 quantity
2104 1301 25 20 of
2140 1301 68 27 coals,

1959 1324 97 24 Dantzic
2067 1327 65 27 deals,

1959 1352 72 27 Ships'
2042 1353 82 28 fittings
2124 1366 29 3 —
2154 1356 51 25 viz.,
2216 1355 52 23 inch
2283 1357 88 26 boards,
2384 1359 94 27 battens,

1895 1379 45 21 and
1948 1379 70 28 poles,
2030 1381 70 21 suited
2110 1381 33 22 for
2153 1383 138 27 stock-yards
2302 1392 24 14 or
2335 1385 95 28 fencing.

1900 1439 13 3 _
1952 1439 7 7 ,
2002 1440 13 6 _
2284 1418 89 22 Willis
2383 1426 46 15 and
2439 1420 39 22 Co.

1896 1439 95 22 October
2002 1440 20 28 7,
2034 1443 59 20 1842.

1996 1494 41 21 On
2053 1496 57 20 Sale
2126 1502 37 15 ex

1895 1526 173 49 BOTTLED
2079 1529 33 21 ale
2122 1529 45 22 and
2177 1533 66 24 stout,

1976 1554 55 21 Fine
2043 1556 78 21 Scotch
2131 1556 106 28 whiskey,

1977 1581 150 29 Champagne,

1977 1608 67 22 Paint
2054 1609 28 21 oil
2093 1610 22 21 in
2126 1618 62 19 cans,

1977 1635 81 27 Barley
2070 1637 41 21 and
2121 1638 96 22 oatmeal
2227 1639 22 21 in
2259 1639 100 27 air-tight
2369 1640 70 28 casks,

1976 1662 105 22 Anchors
2091 1664 42 22 and
2145 1665 66 21 chain
2222 1666 79 27 cables,

1978 1689 122 23 Iron-work
2111 1691 33 21 for
2154 1692 136 28 windlasses,

1978 1716 57 22 Irish
2046 1718 54 25 pork
2109 1718 21 22 in
2142 1719 92 26 barrels,

1977 1744 105 27 Superior
2092 1745 95 22 watches
2197 1747 45 20 and
2251 1747 82 22 clocks.

2252 1781 88 22 Willis
2356 1790 45 14 and
2415 1784 39 22 Co.

1925 1812 187 28 Lambton-quay,
2124 1815 61 27 Sept.
2196 1816 33 26 26,
2241 1817 58 21 1842.

2012 1866 55 21 For
2081 1867 68 24 Sale,
2166 1873 36 14 ex

1898 1898 107 50 PALE
2022 1898 94 23 INDIA
2131 1900 64 22 ALE
2210 1900 24 22 in
2249 1901 76 27 bottle,
2338 1902 85 27 Bryant
2437 1903 46 22 and

1971 1925 97 27 Davis's,

1926 1953 69 25 Stout,
2007 1953 86 27 Bryant
2102 1954 43 20 and
2156 1954 97 27 Davis's,

1926 1980 61 21 Bass'
1999 1980 85 21 Burton
2095 1980 40 26 ale,

1926 2006 52 21 Pale
1999 2006 77 26 sherry
2095 2007 43 21 and
2156 2007 109 27 Madeira,
2286 2008 136 24 Rutherford
2438 2011 45 21 and

1898 2033 93 26 Drury's
2002 2032 77 27 brand,

1927 2060 59 26 Very
1996 2059 37 22 old
2046 2060 106 27 Madeira,
2164 2063 51 25 port
2229 2061 43 22 and
2287 2061 76 30 sherry
2373 2064 23 22 in
2411 2065 70 27 wood,

1899 2086 135 22 Rutherford
2044 2087 44 21 and
2098 2088 93 26 Drury's
2203 2088 77 27 brand,

1928 2114 43 21 Old
1981 2121 85 19 cognac
2077 2114 84 27 brandy
2171 2115 23 21 in
2206 2115 74 27 bottle,

1927 2141 82 26 Cherry
2022 2141 85 27 brandy
2116 2141 21 21 in
2149 2149 69 20 cases,

1926 2168 120 27 Sparkling
2055 2168 143 27 champagne,

1927 2195 143 21 Maraschion
2082 2195 42 21 and
2131 2197 78 26 punch
2219 2204 96 21 essence,

1928 2221 48 22 Eau
1986 2221 28 22 de
2029 2222 102 27 Cologne,

1928 2250 10 20 I
1950 2256 49 14 case
2011 2249 87 22 French
2108 2257 58 19 rugs.

1927 2276 107 21 Assorted
2046 2276 99 27 anchors,

1928 2303 69 21 Chain
2009 2303 80 27 cables,
2101 2304 89 22 various
2199 2305 62 27 sizes,

1927 2330 80 22 Patent
2018 2335 91 23 carpets,

1928 2357 97 28 Glasses,

1927 2385 124 27 Tumblers,

1929 2412 94 27 Pickles,

1888 2444 2 26 j
1928 2439 77 22 Butter
2015 2440 22 20 in
2046 2439 52 27 jars,

1888 2465 2 23 i
1928 2467 54 21 Pine
1993 2466 86 27 cheese,
2094 2467 37 21 &c.
2143 2467 43 22 &c.

2213 2495 82 22 Waitt
2310 2496 46 22 and
2373 2498 83 23 Tyser.

1928 2525 144 27 Wellington,
2084 2526 130 28 September
2223 2529 32 26 30,
2269 2529 60 21 1842.

2126 2581 42 19 On
2190 2580 68 26 Sale,

1901 2607 91 34 rpHE
2008 2606 75 23 BEST
2098 2607 75 22 CASE
2190 2608 64 27 GIN,
2269 2608 23 22 in
2303 2616 61 14 cases
2378 2609 45 23 and
2439 2610 51 23 half

1908 2634 29 22 JL
1975 2641 69 14 cases.

2215 2662 82 22 Waitt
2313 2663 46 22 and
2373 2665 83 21 Tyser.

1928 2689 59 21 June
1997 2690 33 24 24,
2044 2689 60 21 1842.

2022 2743 41 20 On
2077 2742 68 25 Sale,
2161 2748 36 15 ex

1900 2774 122 51 SLOPS,

1952 2803 80 20 Cotton
2044 2801 70 28 shirts,

1953 2829 97 27 Regatta
2060 2829 43 26 do.,

1954 2856 89 21 Double
2053 2856 44 21 and
2107 2855 188 28 single-barrelled
2307 2857 90 27 fowling
2406 2858 79 27 pieces,

1900 2883 60 27 (flint
1969 2883 45 22 and
2026 2883 143 27 percussion,)

1952 2910 105 27 Farming
2070 2910 146 27 implements,

1953 2938 138 26 Carpenters'
2102 2938 61 25 tools,
2176 2944 62 20 saws,
2249 2945 43 14 saw
2303 2938 54 27 files,
2370 2938 47 28 &c,

1954 2964 167 28 Ironmongery,
2132 2964 65 26 nails,
2209 2964 46 27 &c,

1953 2991 72 22 Glass.

2169 3018 25 22 F.
2211 3018 28 22 V.
2255 3018 99 23 Martin
2367 3019 44 23 and
2420 3020 40 23 Ce.

1898 3051 32 22 Te
1940 3051 54 26 Aro,
2006 3051 128 28 September
2143 3050 34 27 27,
2190 3051 60 21 1842.

1954 3104 53 20 For
2028 3103 60 20 Sale
2109 3105 29 19 at
2162 3104 46 19 the
2225 3104 105 20 Nelson
2349 3104 83 26 Dairy

2182 3131 29 20 at

2081 3157 106 20 Nelson
2201 3157 103 21 Haven.

1905 3195 64 25 qa
1987 3190 85 21 COWS
2088 3190 33 21 IN
2137 3191 88 26 CALF,

1901 3218 69 25 *J\J
2000 3219 28 20 30
2038 3217 80 21 heifers
2128 3217 22 21 in
2161 3217 52 27 calf,

2000 3245 29 20 50
2037 3251 75 20 young
2122 3244 90 27 heifers,

1929 3272 14 21 4
1952 3271 117 22 halt-bred
2079 3271 103 22 Durham
2194 3272 66 27 bulls,

1931 3300 23 20 II
1966 3302 75 22 steers,

1957 3327 13 20 6
1982 3325 99 27 working
2089 3325 111 28 bullocks,

1956 3354 15 19 4
1980 3352 64 22 stock
2053 3352 82 28 horses,

1958 3381 40 20 100
2008 3387 65 19 ewes,

1957 3408 27 20 50
1994 3406 102 28 wethers,

1930 3434 47 22 The
1993 3434 71 21 above
2079 3441 36 14 are
2130 3434 58 22 from
2204 3434 39 21 Dr.
2255 3433 90 27 Imlay's
2363 3432 126 23 celebrated

1903 3461 62 22 stock
1975 3465 22 17 at
2008 3461 100 22 Twofold
2121 3462 55 26 Bay.
2206 3461 46 22 The
2263 3460 65 22 cattle
2344 3467 36 14 are
2390 3460 37 21 the
2439 3460 51 21 best

1905 3488 59 26 bred,
1975 3487 58 22 have
2047 3488 55 22 been
2112 3488 84 22 landed
2206 3488 22 21 in
2241 3488 36 21 the
2288 3486 65 22 finest
2364 3486 69 27 order,
2444 3486 44 23 and

1903 3516 58 21 form
1971 3515 38 21 the
2024 3515 52 22 best
2083 3516 106 21 selection
2196 3514 25 23 of
2228 3521 41 20 any
2276 3513 31 22 lot
2316 3517 38 23 yet
2363 3513 95 28 brought
2467 3517 22 19 to

1905 3543 55 22 New
1970 3542 109 23 Zealand.
2108 3543 44 21 For
2158 3541 134 29 particulars,
2304 3540 66 28 apply
2380 3544 21 19 to

2095 3577 21 21 S.
2131 3577 101 25 Revans,
2248 3573 142 28 Wellington,
2402 3582 24 14 or

2095 3603 28 22 D.
2133 3603 146 25 Dromuond,
2290 3601 86 23 Nelson
2386 3601 89 23 Haven.

1931 3631 54 27 July
1996 3631 20 24 7,
2029 3632 60 21 1842.

2027 3682 170 26 Wellington
2212 3681 161 21 Almanack.

1905 3716 48 51 IT
1961 3716 43 22 has
2012 3716 56 21 been
2079 3714 109 27 arranged
2199 3718 22 18 to
2230 3714 58 22 issue
2298 3721 13 14 a
2326 3714 86 22 Pocket
2423 3714 45 23 and
2477 3721 15 16 a

1962 3743 68 22 Sheet
2040 3741 125 24 Almanack
2175 3742 34 21 for
2219 3742 61 26 1843,'
2288 3740 57 23 from
2356 3740 37 23 the
2406 3742 87 22 Gazette

1906 3771 77 22 Office.
2013 3770 92 22 Persons
2120 3768 70 28 being
2203 3768 22 22 in
2234 3767 123 29 possession
2368 3768 29 22 of'
2404 3776 44 20 any
2458 3770 34 22 in-

1905 3797 120 23 formation
2036 3796 71 22 which
2117 3796 52 26 they
2181 3795 64 22 think
2255 3794 73 28 likely,
2333 3799 23 18 to
2366 3796 45 23 add
2420 3801 23 17 to
2454 3796 37 24 the

1905 3825 117 22 attraction
2032 3823 69 22 ofthe
2111 3823 61 22 work
2183 3822 23 22 in
2222 3822 108 28 question,
2341 3829 37 16 are
2392 3823 101 23 solicited

1906 3856 23 18 to
1938 3850 85 23 furnish
2034 3850 38 21 the
2082 3857 59 15 same
2153 3853 22 18 to
2187 3850 37 21 the
2233 3850 85 20 Gazette
2324 3849 77 28 Office;
2411 3850 35 26 for,

1905 3886 39 15 use
1954 3877 70 23 ofthe
2034 3876 76 23 Editor
2119 3877 26 22 of
2152 3884 14 14 a
2176 3876 61 23 work
2245 3876 79 27 which,
2333 3876 21 23 if
2360 3884 49 16 wen
2418 3877 74 23 stored

1905 3906 52 22 with
1967 3904 58 22 local
2035 3906 91 26 .matter,
2138 3906 85 20 cannot
2231 3903 39 23 fail
2284 3907 23 19 to
2324 3910 63 17 serve
2397 3904 37 23 the
2434 3911 4 9 1

1905 3932 103 23 interests
2019 3932 25 21 of
2051 3931 38 24 the
2099 3931 135 23 settlement.
2245 3953 3 3 .
2330 3939 3 19 ;
2442 3936 4 13 t
2474 3940 3 6 •
2484 3953 4 3 .
2500 3953 5 4 „

1936 3966 86 21 Gazette
2032 3959 78 33 Office,
2121 3963 55 28 July
2187 3965 34 26 30,
2232 3965 59 22 1842.
