2529 4050
671 126 75 24 tained
758 127 23 22 in
789 133 13 17 a
810 126 85 24 similar
904 134 101 21 manner,
1014 126 67 23 while
1091 127 24 23 in
1122 126 54 30 fact,
1188 126 63 24 when

671 168 42 15 our
731 159 64 24 trade
814 160 19 22 is
853 168 29 15 on
912 159 39 24 the
969 159 50 24 best
1038 159 101 31 possible
1158 159 93 31 footing,

671 193 76 29 cattle,
766 192 76 32 sheep,
860 192 44 24 and
922 192 88 29 horses,
1028 192 49 24 will
1095 192 29 24 be
1142 192 39 24 the
1201 192 51 31 only

671 226 86 31 objects
769 226 25 24 of
807 227 147 31 importation
974 234 33 15 we
1027 225 61 24 shall
1106 225 77 25 derive
1195 225 57 24 from

671 259 51 24 that
732 267 87 16 source.
844 259 30 24 In
881 258 100 32 looking
989 263 22 19 to
1021 258 59 25 New
1092 258 74 25 South
1176 258 76 24 Wales

671 293 35 23 for
718 293 89 23 articles
817 293 113 30 imported
942 297 22 19 to
976 292 48 24 that
1040 292 97 31 Colony,
1150 292 37 24 the
1200 291 52 32 only

671 326 85 23 benefit
764 326 89 23 derived
864 326 20 23 is
896 334 14 15 a
922 325 85 31 trifling
1014 325 66 30 delay
1091 326 23 22 in
1125 326 39 23 the
1176 325 77 31 period

673 359 24 23 of
706 359 95 31 making
810 363 116 27 payment.
958 359 46 23 For
1015 359 39 23 the
1066 359 71 30 goods
1149 359 105 23 obtained

672 391 98 32 through
783 392 55 24 New
851 392 74 23 South
934 391 78 24 Wales
1022 392 39 23 the
1072 391 115 24 Colonists
1197 391 55 24 have

673 430 23 19 to
708 434 43 22 pay
764 434 12 14 a
788 425 63 23 short
863 426 54 22 time
934 425 58 23 after
1004 425 54 31 they
1070 426 71 22 arrive
1153 424 55 24 with
1218 432 34 21 us,

672 459 45 23 and
729 459 33 23 for
774 458 70 32 goods
864 458 112 32 imported
996 458 57 23 from
1072 458 38 23 the
1129 465 91 17 sources
1232 458 24 23 of

672 492 139 31 production,
824 492 38 23 the
874 492 68 23 funds
962 496 61 18 must
1041 491 29 23 be
1083 496 50 18 sent
1151 491 53 24 with
1217 491 37 24 the

673 525 85 24 vessels
770 526 22 23 in
805 525 72 23 which
888 526 53 30 they
951 533 37 15 are
1001 530 22 18 to
1031 525 31 23 be
1072 524 113 27 conveyed
1192 524 60 24 here.

673 558 47 24 For
743 558 45 24 this
811 558 86 31 trifling
920 559 80 30 saving
1023 559 24 22 in
1070 558 95 24 interest
1192 565 61 24 upon

673 600 81 22 money
767 600 31 16 we
809 592 57 23 have
882 597 22 18 to
924 599 44 24 pay
979 599 30 15 an
1028 592 110 23 immense
1157 591 97 23 advance

673 633 61 23 upon
746 625 68 30 goods
823 635 7 18 ;
849 625 89 23 besides
958 624 73 24 which
1052 632 33 15 we
1105 632 37 16 are
1156 625 98 30 exposed

673 664 23 17 to
708 658 84 32 having
810 659 92 22 inferior
921 658 90 23 articles
1028 658 36 23 for
1083 665 41 16 our
1136 665 88 23 money,
1237 658 17 23 it

673 693 69 30 being
753 691 38 24 the
803 697 86 18 custom
901 691 53 23 with
972 699 53 23 very
1036 699 68 22 many
1117 691 102 32 shippers
1232 695 21 19 to

673 725 63 23 these
748 730 69 26 parts,
831 730 22 18 to
871 725 112 31 purchase
1001 729 23 18 at
1042 725 90 22 auction
1153 725 100 31 portions

675 759 24 23 of
715 766 99 23 cargoes,
827 759 37 23 the
885 758 51 31 only
949 765 79 16 reason
1040 758 37 22 for
1089 758 82 31 selling
1183 758 71 23 which

674 793 23 22 in
717 792 50 23 that
786 799 92 16 manner
896 793 28 27 is,
944 792 50 23 that
1011 791 54 31 they
1082 799 37 16 are
1137 792 75 23 refuse
1230 799 24 15 or

673 825 57 23 have
741 825 57 23 been
811 825 107 31 damaged
931 833 28 15 on
975 825 37 23 the
1024 832 94 23 voyage.

708 858 34 23 As
756 858 36 23 the
805 858 69 24 credit
886 858 24 24 of
925 858 46 24 this
985 858 86 30 Colony
1085 858 77 23 stands
1174 858 80 31 higher

673 893 24 22 in
710 892 105 31 England
828 898 23 18 at
862 892 37 23 the
911 897 93 26 present
1021 897 103 18 moment
1139 892 56 23 than
1206 892 48 23 that

675 925 24 23 of
715 926 56 23 New
785 926 72 23 South
869 926 86 28 Wales,
968 926 44 22 and
1023 933 25 15 as
1061 925 62 24 there
1136 933 37 16 are
1188 933 66 23 many

674 959 79 31 highly
772 959 137 31 respectable
927 958 44 24 and
990 958 96 30 wealthy
1098 958 83 24 houses
1200 966 54 16 con-

674 992 80 25 nected
766 992 53 23 with
839 992 38 23 the
897 992 137 31 Company's
1055 992 149 28 settlements,
1222 1000 32 15 we

673 1034 53 21 may
744 1025 44 23 feel
806 1025 93 24 assured
922 1025 49 23 that
990 1025 167 24 henceforward
1178 1025 76 24 Euro-

672 1067 59 23 pean
743 1059 69 30 goods
824 1059 45 22 will
887 1059 28 23 be
936 1059 105 23 obtained
1061 1059 54 22 here
1127 1067 61 23 upon
1200 1067 55 16 even

673 1092 73 23 better
757 1097 68 18 terms
847 1092 54 23 than
920 1092 54 30 they
986 1092 44 23 will
1051 1092 28 23 be
1099 1093 112 30 procured
1230 1093 24 23 in

674 1125 58 24 New
744 1126 73 23 South
827 1125 86 24 Wales.

706 1159 43 23 We
762 1159 55 32 hope
837 1165 22 17 at
871 1168 28 15 no
912 1159 84 23 distant
1016 1159 58 29 date,
1095 1167 32 16 we
1139 1160 59 24 shall
1217 1165 38 18 not

673 1193 52 31 only
737 1193 96 31 produce
852 1192 30 23 all
903 1193 37 23 the
958 1193 64 30 grain
1042 1193 106 30 required
1165 1194 34 23 for
1218 1194 36 23 the

673 1234 40 15 use
726 1227 24 22 of
760 1226 56 23 New
828 1226 108 29 Zealand,
948 1227 42 23 but
1000 1227 56 22 have
1069 1234 13 15 a
1092 1227 63 30 large
1165 1227 90 32 surplus

672 1260 36 23 for
725 1264 148 26 exportation.
910 1260 76 23 When
1007 1259 48 24 that
1073 1260 78 30 period
1171 1262 83 22 arrives

671 1293 70 23 bread
762 1293 43 24 will
823 1295 27 22 be
871 1293 96 32 cheaper
988 1293 53 23 than
1063 1294 24 22 in
1107 1293 57 24 New
1183 1294 73 24 South

672 1326 86 30 Wales,
777 1335 25 15 as
814 1327 44 24 this
871 1328 46 22 will
934 1328 28 22 be
974 1335 29 15 an
1020 1328 121 29 exporting
1153 1333 101 26 country,

673 1360 66 24 while
753 1360 61 24 there
826 1362 19 22 is
861 1361 57 23 little
938 1361 77 28 doubt,
1034 1361 49 22 that
1097 1360 86 32 Colony
1196 1367 60 18 must

673 1402 52 15 ever
737 1395 104 22 continue
859 1399 22 18 to
894 1395 83 29 import
995 1393 146 31 agricultural
1158 1395 96 31 produc-

673 1428 67 22 tions.
776 1427 47 23 But
841 1436 24 15 so
884 1427 54 31 long
955 1435 25 15 as
1002 1427 56 23 New
1076 1427 99 24 Zealand
1195 1434 61 18 must

673 1461 82 31 import
768 1469 39 14 our
823 1461 129 23 merchants
965 1460 80 24 should
1058 1461 56 22 seek
1126 1461 38 24 the
1176 1470 78 16 neces-

673 1502 51 23 sary
733 1494 98 31 supplies
844 1495 22 23 in
878 1495 37 22 tbe
927 1494 106 31 cheapest
1040 1494 110 24 markets.
1181 1495 75 25 There

673 1528 73 23 would
767 1528 26 23 be
817 1536 12 15 a
849 1528 81 23 double
954 1528 58 31 good
1035 1528 23 23 in
1082 1528 108 32 adopting
1210 1530 45 23 this

673 1568 87 21 course,
777 1561 34 23 for
830 1562 52 30 they
895 1561 73 23 would
987 1562 22 22 in
1022 1561 66 23 effect
1106 1562 100 24 increase
1219 1564 36 23 the

674 1603 76 15 means
772 1595 25 23 of
816 1595 37 24 the
875 1594 97 29 settlerSj
996 1596 29 30 by
1048 1595 148 33 diminishing
1218 1598 37 22 the

672 1629 62 31 price
746 1629 52 30 they
810 1634 60 19 must
880 1637 45 23 pay
934 1629 35 23 for
981 1628 161 31 commodities,
1156 1631 65 24 while
1233 1637 23 18 at

673 1671 43 23 any
737 1663 53 24 time
807 1663 80 24 should
910 1662 54 33 they
982 1663 46 24 find
1051 1664 55 30 they
1124 1664 56 25 have
1204 1674 52 16 over

672 1697 103 31 supplied
787 1706 39 14 our
844 1697 108 30 markets,
972 1698 52 31 they
1037 1698 73 30 might
1127 1704 80 27 export
1218 1700 36 23 the

673 1731 89 30 surplus
786 1735 22 19 to
831 1732 37 22 the
892 1732 164 31 neighbouring
1080 1732 113 31 Colonies,
1216 1739 39 18 not

671 1764 52 30 only
737 1764 92 23 without
840 1766 47 22 fear
899 1765 25 23 of
933 1766 55 28 loss,
1005 1766 41 23 but
1058 1765 55 23 with
1124 1774 67 24 every
1202 1775 52 23 pro-

671 1798 93 30 bability
777 1799 24 22 of
816 1799 73 30 profit,
903 1800 62 22 since
983 1800 38 22 the
1032 1799 71 31 goods
1118 1800 52 31 they
1183 1801 71 23 would

671 1831 56 23 have
740 1836 21 18 to
775 1838 84 25 export,
873 1832 44 23 will
930 1833 57 22 have
1005 1833 56 23 been
1078 1833 87 32 bought
1183 1835 22 22 in
1218 1834 36 23 the

671 1865 87 23 market
764 1865 56 23 from
826 1866 72 22 which
906 1866 37 23 the
950 1866 63 23 other
1019 1867 98 23 colonies
1124 1876 36 15 are
1167 1868 87 31 usually

671 1898 110 31 supplied.
818 1900 50 23 Our
879 1900 128 23 merchants
1020 1900 93 32 happily
1124 1910 61 15 seem
1198 1902 56 23 alive

670 1937 22 17 to
705 1932 37 23 the
753 1934 113 30 propriety
880 1934 23 23 of
918 1934 93 31 putting
1025 1934 59 23 their
1096 1935 62 23 trade
1171 1944 27 14 on
1217 1935 37 23 the

671 1966 70 23 safest
760 1967 66 28 basis,
849 1967 43 22 and
909 1975 32 14 we
961 1967 55 23 have
1037 1975 68 23 every
1116 1974 103 26 prospect
1232 1968 25 24 of

669 1999 84 30 having
771 2000 56 22 flour
847 2001 23 21 in
890 2008 13 15 a
924 2001 41 22 few
988 2001 91 23 months
1098 2003 153 29 permanently

669 2033 126 29 materially
806 2032 95 23 reduced
914 2033 23 21 in
950 2033 68 30 price.
1054 2033 52 22 The
1115 2033 137 31 Brougham,

670 2065 43 23 and
724 2064 94 30 Nelson,
840 2065 55 23 have
909 2066 58 22 been
980 2066 132 31 dispatched
1132 2071 21 19 to
1166 2067 86 32 Valpa-

669 2099 59 23 raiso
740 2099 34 23 for
787 2106 91 23 cargoes
891 2099 24 23 of
924 2099 67 28 flour,
1005 2099 43 23 and
1059 2100 54 28 will,
1124 2108 32 15 we
1168 2109 37 14 are
1218 2102 34 22 in-

669 2131 93 29 formed,
780 2132 28 23 he
820 2132 119 23 continued
958 2133 113 30 regularly
1085 2134 22 22 in
1120 2132 49 25 that
1182 2134 69 29 trade,

670 2166 19 22 if
704 2166 17 22 it
737 2174 68 22 prove
817 2166 136 30 sufficiently
965 2166 115 29 lucrative,
1094 2167 25 23 of
1135 2168 72 23 which
1221 2176 31 15 we

670 2199 80 23 should
762 2207 40 22 say
814 2199 62 23 there
889 2207 41 15 can
945 2200 27 22 be
985 2208 28 15 no
1026 2200 78 24 doubt.

704 2233 74 22 There
798 2234 20 21 is
835 2240 68 24 every
915 2233 135 31 probability
1063 2234 25 23 of
1107 2234 37 23 the
1163 2235 89 23 articles

670 2274 31 15 we
714 2267 88 30 require
819 2266 56 23 from
891 2267 75 28 India,
985 2267 68 32 being
1070 2268 106 31 supplied
1192 2276 60 23 upon

670 2300 87 30 equally
775 2301 165 30 advantageous
958 2305 77 19 terms.
1071 2301 181 31 Arrangements

670 2341 31 15 we
720 2334 136 23 understand
873 2342 37 15 are
928 2334 69 31 being
1016 2342 48 16 now
1077 2335 65 23 made
1153 2336 36 23 for
1207 2335 45 24 dis-

668 2367 108 31 patching
788 2376 12 14 a
812 2368 73 23 vessel
898 2372 21 19 to
938 2367 103 29 Manilla,
1061 2369 36 22 for
1116 2377 13 14 a
1141 2377 67 23 cargo
1219 2370 35 23 for

670 2401 45 23 this
727 2406 57 25 port,
798 2401 43 23 and
854 2401 48 23 that
911 2400 40 24 she
964 2402 45 22 will
1018 2407 60 18 most
1089 2402 72 31 likely
1171 2403 27 23 be
1210 2403 42 23 fol-

670 2435 71 22 lowed
752 2435 30 30 by
795 2435 92 23 another
899 2436 23 23 in
936 2435 38 24 the
986 2443 78 16 course
1078 2436 25 23 of
1113 2444 12 15 a
1138 2437 79 31 couple
1230 2436 25 25 of

670 2468 98 24 months.

703 2501 74 24 When
790 2510 40 15 our
842 2503 100 31 supplies
954 2511 37 15 are
1004 2503 102 24 received
1113 2504 71 23 direct
1195 2504 58 23 from

669 2534 38 24 the
724 2536 90 22 various
833 2544 91 16 sources
943 2537 24 23 of
982 2537 142 30 production,
1143 2545 34 16 we
1195 2537 58 24 shall

669 2568 53 31 only
733 2569 79 24 labour
830 2569 70 24 under
912 2577 42 16 one
974 2570 160 32 disadvantage
1154 2579 25 16 as
1192 2579 60 16 com-

668 2603 68 30 pared
749 2603 53 23 with
820 2603 55 24 New
889 2603 73 24 South
975 2603 84 30 Wales,
1079 2605 45 23 and
1143 2605 49 23 that
1209 2605 44 23 will

669 2636 26 23 be
706 2637 24 22 in
742 2636 37 23 the
791 2638 60 30 price
864 2637 25 23 of
899 2637 176 29 butcher-meat,
1088 2638 41 23 but
1139 2638 65 24 when
1222 2647 31 15 we

668 2670 53 22 bear
733 2671 24 22 in
774 2670 63 24 mind
854 2671 48 23 that
919 2671 86 30 though
1025 2671 52 24 beef
1094 2671 44 24 and
1156 2676 95 25 mutton,

668 2708 61 19 must
739 2704 28 23 be
777 2703 84 31 dearer,
876 2704 48 24 that
933 2713 41 15 our
986 2704 58 32 pork
1056 2706 19 23 is
1086 2706 112 23 excellent
1211 2706 42 23 and

668 2737 102 32 cheaper,
791 2738 42 23 and
846 2739 48 23 that
906 2739 129 30 vegetables
1048 2739 45 23 and
1105 2740 90 30 poultry
1208 2740 45 23 will

667 2770 27 23 be
706 2776 59 18 most
777 2771 114 24 abundant
909 2772 44 24 and
966 2772 147 31 exceedingly
1124 2774 78 31 cheap,
1216 2774 37 23 the

668 2804 160 32 disadvantage
835 2805 44 24 will
889 2814 55 16 soon
956 2806 29 23 be
996 2807 85 30 merely
1091 2807 108 23 nominal.
1231 2807 23 24 It

668 2838 19 23 is
704 2846 54 23 very
771 2839 88 24 evident
880 2839 119 29 therefore,
1019 2839 48 24 that
1085 2848 34 16 we
1137 2841 59 23 shall
1215 2849 38 15 ere

667 2871 55 31 long
732 2871 28 23 be
773 2873 93 23 enabled
878 2877 23 19 to
912 2873 90 23 declare
1013 2873 48 24 that
1074 2874 57 23 New
1144 2875 108 29 Zealand,

667 2904 20 23 is
699 2910 39 17 not
757 2906 121 30 surpassed
895 2907 25 22 in
940 2914 45 23 any
995 2915 42 15 one
1057 2913 91 25 respect
1167 2908 30 31 by
1210 2917 42 23 any

668 2937 63 24 other
745 2937 86 32 Colony
843 2941 23 21 in
885 2939 45 24 this
951 2944 53 27 part
1015 2941 25 23 of
1056 2941 39 23 the
1106 2941 77 30 world,
1203 2950 25 15 as
1241 2951 13 14 a

666 2972 64 30 place
749 2977 22 18 to
782 2972 74 24 which
873 2973 39 24 the
929 2981 56 23 poor
1004 2982 59 20 man,
1084 2983 25 14 or
1128 2983 83 23 person
1231 2976 25 24 of

667 3005 65 24 small
744 3006 81 31 capital
837 3014 51 23 may
896 3007 109 30 emigrate
1017 3007 53 24 with
1082 3009 135 31 advantage.

699 3066 52 25 The
768 3068 157 31 importations
945 3069 24 23 of
992 3069 73 29 stock,
1085 3070 126 31 especially
1230 3071 24 23 of

666 3101 66 23 cattle
745 3101 44 23 and
800 3102 85 29 horses,
906 3110 32 15 we
955 3110 38 16 are
1005 3103 75 31 happy
1092 3107 23 19 to
1128 3103 27 24 be
1167 3104 51 23 able
1230 3110 22 17 to

665 3139 84 26 report,
760 3134 57 24 have
837 3136 24 23 of
875 3136 45 24 late
940 3136 59 23 been
1016 3137 71 30 large.
1136 3136 32 25 So
1189 3137 63 32 large

664 3167 89 30 indeed,
766 3169 50 22 that
826 3169 38 24 the
880 3169 45 24 last
937 3178 67 22 cargo
1023 3171 49 23 sold
1092 3169 54 24 here
1165 3171 45 24 and
1228 3177 24 18 at

666 3201 94 29 Nelson,
773 3203 110 31 averaged
898 3204 52 31 only
969 3204 38 24 8
1024 3205 35 23 ss.
1078 3204 56 22 with
1152 3212 35 22 us,
1207 3205 44 23 and

665 3234 69 25 about
744 3236 54 23 10
811 3241 23 18 at
845 3237 37 23 the
902 3237 67 24 latter
987 3238 64 30 place
1059 3247 7 19 ;
1085 3245 25 15 or
1131 3246 61 23 upon
1212 3238 39 25 the

664 3268 58 23 sales
746 3273 23 19 at
791 3270 54 23 both
873 3270 77 31 places
979 3271 111 32 averaged
1120 3271 54 32 only
1202 3273 47 24 9.

664 3301 76 24 These
753 3302 42 23 low
806 3303 72 31 prices
891 3304 57 23 have
960 3304 98 24 afforded
1071 3312 69 24 many
1160 3314 14 15 a
1195 3313 55 24 poor

663 3342 52 16 man
728 3335 37 23 the
777 3338 144 30 opportunity
933 3338 25 22 of
973 3338 87 31 greatly
1070 3339 130 31 increasing
1212 3339 38 24 the

663 3369 96 23 comfort
771 3369 25 23 of
810 3369 35 24 his
864 3371 87 31 family,
970 3371 30 31 by
1018 3371 120 32 providing
1157 3372 95 25 himself

663 3401 54 24 with
736 3410 14 15 a
768 3410 55 16 cow.
869 3404 51 24 The
932 3404 68 24 cattle
1011 3412 59 16 were
1080 3412 56 25 very
1149 3405 100 31 inferior,

662 3435 43 23 and
724 3439 40 20 not
786 3437 71 23 worth
875 3437 50 24 half
943 3438 39 23 the
1005 3439 59 30 price
1080 3438 74 25 which
1175 3440 74 23 would

661 3468 57 24 have
731 3474 23 18 to
765 3469 28 23 be
802 3470 51 31 paid
873 3471 35 23 for
925 3472 58 23 such
1003 3472 65 23 stock
1087 3480 26 16 as
1133 3480 13 16 a
1165 3481 84 24 person

661 3503 74 23 would
746 3504 110 30 purchase
868 3504 49 23 who
929 3505 114 31 purposed
1061 3505 111 33 breeding
1190 3506 58 25 from

662 3536 69 24 them.
767 3536 24 24 It
802 3538 28 28 is,
842 3538 111 29 however,
964 3538 67 32 proof
1040 3538 49 24 that
1099 3539 38 23 the
1150 3539 97 25 demand

661 3569 35 23 for
718 3569 66 24 stock
802 3571 20 22 is
840 3572 133 31 apparently
995 3571 49 33 just
1065 3580 52 15 now
1138 3574 109 29 satisfied,

660 3602 35 23 for
711 3603 64 23 these
795 3605 66 23 cattle
879 3613 58 16 were
957 3606 71 24 worth
1047 3613 63 17 more
1129 3606 53 24 than
1202 3615 45 16 was

661 3635 52 31 paid
725 3637 35 23 for
769 3637 62 24 them
864 3639 31 31 by
905 3639 75 24 which
990 3647 33 16 we
1037 3647 69 17 mean
1116 3639 54 32 they
1181 3641 68 24 could

661 3673 39 19 not
710 3669 29 24 be
750 3671 112 31 imported
872 3672 35 24 for
924 3672 39 24 the
979 3673 63 31 price
1057 3678 24 20 at
1101 3674 74 24 which
1193 3674 55 32 they

660 3702 57 24 sold.
765 3703 51 25 The
839 3706 72 23 vessel
933 3706 38 25 did
994 3710 41 20 not
1051 3706 50 25 lose
1117 3716 14 15 a
1149 3707 58 24 head
1225 3708 25 25 of

661 3735 75 29 cattle,
746 3736 50 30 but,
807 3738 45 24 had
869 3739 41 24 she
927 3739 45 25 lost
984 3748 29 16 an
1029 3748 96 24 average
1142 3741 104 30 number,

659 3767 45 25 this
716 3769 48 24 sale
773 3771 74 24 would
855 3776 41 20 not
906 3773 58 24 have
975 3774 108 24 returned
1096 3782 43 16 one
1151 3774 97 33 shilling

659 3801 25 24 of
699 3801 38 24 the
749 3804 95 30 original
854 3806 146 24 investment.

693 3835 93 30 Indeed,
805 3837 77 24 unless
901 3839 38 23 the
958 3840 67 23 stock
1044 3840 44 24 and
1112 3841 38 24 the
1169 3840 87 26 vessel'

657 3866 58 25 have
726 3868 57 25 been
795 3870 105 25 obtained
911 3879 29 16 on
952 3880 56 24 very
1019 3873 131 25 favourable
1162 3879 79 26 terms,
1252 3870 4 38 J

658 3908 55 18 even
725 3910 49 16 now
787 3903 38 24 the
837 3909 79 19 return
927 3905 45 24 will
986 3914 70 24 prove
1067 3915 46 23 *ny
1124 3907 67 33 thing
1202 3909 42 24 but

657 3936 160 32 encouraging.
852 3938 44 24 We
916 3946 39 16 are
972 3940 54 31 glad
1046 3945 22 19 to
1087 3948 38 16 see
1138 3948 24 16 so
1174 3941 69 25 much

657 3967 67 26 cattle
740 3970 119 31 imported,
871 3971 97 24 because
989 3980 34 16 we
1035 3973 104 24 consider
1147 3975 22 22 it
1186 3975 22 22 is
1220 3974 36 26 of/

1279 135 57 15 even
1351 135 61 16 more
1425 129 139 30 importance
1585 132 21 20 to
1619 128 118 24 introduce
1748 129 37 23 the
1797 129 68 23 stock

1279 161 59 22 from
1349 161 71 23 which
1433 166 21 19 to
1467 161 69 24 breed
1552 161 113 24 sufficient
1678 166 22 18 to
1712 162 80 31 supply
1808 170 56 15 even

1280 201 42 16 our
1333 201 50 16 own
1395 199 79 24 wants,
1487 194 56 24 than
1555 199 23 18 to
1596 194 69 24 make
1677 194 64 32 rapid
1758 203 105 24 progress

1280 227 23 23 in
1324 227 144 30 agriculture,
1481 227 119 24 inasmuch
1618 236 24 15 as
1655 228 18 23 it
1691 229 20 22 is
1728 228 95 31 cheaper
1840 234 23 18 to

1280 260 83 31 import
1385 262 65 29 grain
1472 261 55 23 than
1547 261 44 23 live
1614 261 66 23 stock
1704 266 21 19 to
1748 266 59 18 meet
1827 262 36 24 the

1280 293 127 24 immediate
1414 299 72 18 wants
1494 295 25 22 of
1529 302 13 15 a
1553 294 136 24 settlement.
1724 295 44 23 We
1780 295 83 24 should

1281 326 27 23 be
1320 326 91 31 pleased
1421 328 21 22 if
1456 335 32 15 we
1505 328 65 22 could
1582 336 37 15 see
1631 337 13 13 a
1656 332 89 27 greater
1757 328 72 23 desire
1840 333 23 19 to

1280 367 94 23 procure
1392 361 67 31 sheep
1473 361 54 23 than
1541 366 23 18 at
1574 366 92 26 present
1679 362 78 28 exists,
1767 362 96 24 because

1280 392 70 32 sheep
1362 392 108 32 breeding
1480 394 21 23 is
1520 394 105 24 attended
1636 394 55 24 with
1712 395 47 23 still
1776 399 87 26 greater

1281 425 125 33 advantage
1428 431 22 19 to
1473 427 39 23 the
1534 427 137 30 settlement,
1696 436 31 21 as,
1753 428 64 23 while
1846 429 17 23 it

1281 458 82 25 affords
1376 468 29 15 an
1415 461 102 22 increase
1529 460 25 23 of
1564 460 58 29 food,
1635 462 18 22 it
1665 461 48 24 also
1723 462 140 23 contributes

1282 493 94 23 towards
1399 502 41 14 our
1463 498 100 26 greatest
1586 499 58 18 want
1679 503 29 15 an
1737 495 77 24 article
1841 496 24 23 of

1282 531 86 26 export.

1331 558 76 24 Three
1440 568 70 20 rams,
1546 560 48 23 said
1629 565 23 19 to
1686 561 29 24 be
1750 563 24 23 of
1799 563 64 23 Lord

1281 592 126 23 Western's
1418 594 127 23 celebrated
1555 593 67 24 breed
1639 594 26 23 of
1675 595 77 23 Saxon
1772 596 90 24 Merino

1281 632 57 16 were
1360 626 114 24 exhibited
1490 627 42 23 but
1548 630 37 20 not
1606 627 58 24 sold.
1713 629 41 22 We
1775 631 88 22 confess

1282 666 31 15 we
1337 665 56 17 were
1414 667 13 16 a
1450 660 59 30 good
1536 660 49 23 deal
1613 661 116 30 surprised
1756 667 23 18 at
1807 664 54 22 this.

1282 691 51 24 One
1356 693 24 22 of
1408 693 37 23 the
1474 701 62 15 rams
1566 702 43 15 was
1633 694 93 29 horned,
1751 695 42 24 and
1822 705 40 22 ap-

1280 725 82 31 peared
1374 734 13 15 a
1397 733 57 23 pure
1472 726 45 23 and
1538 735 54 23 very
1603 728 43 22 fair
1665 728 120 30 specimen,
1807 738 55 14 con-

1282 758 99 31 sidering
1393 759 48 23 that
1458 759 19 23 it
1494 760 45 23 had
1553 760 49 31 just
1613 761 58 23 been
1684 761 79 24 landed
1776 763 56 23 from
1850 771 13 16 a

1281 792 54 31 long
1345 800 94 23 voyage,
1456 793 44 23 and
1512 794 58 23 from
1583 802 13 15 a
1611 794 75 23 vessel
1698 796 99 22 crowded
1809 797 54 22 with

1281 826 72 22 stock.
1390 825 75 24 There
1484 834 66 21 were,
1564 835 32 15 we
1613 827 74 29 know,
1707 829 58 30 good
1781 829 82 31 judges

1282 858 24 23 of
1319 859 68 31 sheep
1400 860 65 23 stock
1484 865 92 26 present
1588 865 22 18 at
1622 861 38 23 the
1677 862 54 28 sale,
1746 862 42 23 and
1800 864 63 22 there

1281 898 82 18 cannot
1372 893 27 23 be
1412 901 13 15 a
1436 893 70 24 doubt
1519 893 48 24 that
1579 902 61 16 some
1651 895 60 31 good
1726 904 79 15 reason
1818 897 45 23 will

1281 926 27 22 be
1320 927 104 30 assigned
1437 928 34 22 for
1484 932 39 19 not
1541 928 85 30 buying
1638 937 30 22 up
1682 936 24 15 so
1719 930 101 24 valuable
1835 938 28 16 an

1281 959 143 31 importation
1437 969 24 14 as
1474 969 13 15 a
1499 969 56 23 pure
1574 963 114 30 specimen
1702 962 24 23 of
1741 971 44 23 any
1797 964 68 23 breed

1282 992 24 23 of
1315 993 77 31 sheep.
1418 994 42 23 We
1473 994 103 31 disagree
1588 996 96 29 entirely
1693 996 52 23 with
1754 997 36 23 the
1799 998 63 30 prin-

1282 1026 57 31 ciple
1352 1027 24 23 of
1385 1031 23 19 at
1425 1035 54 16 once
1493 1029 111 30 directing
1615 1037 41 15 our
1669 1031 109 23 attention
1791 1036 22 17 to
1826 1032 37 23 the

1282 1060 136 30 superiority
1430 1060 24 23 of
1466 1061 105 31 qualities
1582 1063 23 22 of
1615 1062 53 23 skin
1682 1071 24 14 or
1720 1064 82 23 muscle
1809 1073 54 23 pro-

1282 1093 71 23 duced
1363 1093 28 31 by
1400 1095 83 22 certain
1494 1095 80 22 breeds
1583 1095 24 23 of
1614 1095 70 31 sheep
1692 1097 23 22 in
1724 1097 56 23 New
1790 1099 73 22 South
1872 1090 2 35 j

1282 1126 85 29 Wales,
1387 1126 53 23 Van
1458 1127 120 24 Diemen's
1600 1128 72 28 Land,
1694 1137 25 15 or
1738 1138 43 23 any
1800 1132 64 23 other

1281 1160 60 24 land.
1379 1159 49 25 The
1447 1161 108 23 statistics
1579 1161 24 23 of
1625 1161 57 23 New
1706 1163 97 24 Zealand
1827 1173 37 15 are

1282 1193 45 24 still
1341 1198 21 18 to
1374 1194 28 23 be
1414 1194 139 23 ascertained
1565 1194 30 30 by
1606 1203 13 14 a
1632 1196 70 22 series
1715 1195 24 24 of
1749 1196 48 24 well
1809 1206 54 14 con-

1282 1226 81 24 ducted
1371 1228 159 30 experiments,
1539 1227 168 25 authenticated
1720 1229 28 30 by
1756 1238 13 15 a
1773 1230 91 32 journal

1282 1261 24 22 of
1315 1262 162 28 observations,
1491 1262 44 22 and
1548 1262 71 23 which
1632 1270 33 15 we
1677 1270 42 15 can
1734 1271 77 16 assure
1824 1273 40 15 our

1282 1294 89 24 readers
1395 1295 44 23 will
1463 1300 46 23 not,
1538 1296 23 22 in
1585 1296 48 22 face
1660 1296 26 23 of
1705 1299 160 28 preconceived

1282 1328 110 30 opinions,
1404 1328 28 23 be
1443 1337 55 15 soon
1510 1337 25 15 or
1548 1329 160 31 satisfactorily
1716 1332 146 23 ascertained.

1284 1361 34 24 No
1332 1369 40 15 one
1386 1362 43 23 will
1442 1363 104 30 question
1556 1363 37 23 the
1605 1364 115 30 propriety
1732 1365 25 21 of
1766 1366 99 31 availing

1283 1395 112 24 ourselves
1418 1396 24 23 of
1456 1396 106 31 previous
1581 1398 140 29 experience,
1734 1398 40 23 but
1790 1400 17 21 it
1820 1400 45 22 will

1282 1429 27 23 be
1327 1429 132 23 recollected
1479 1430 55 29 that,
1547 1431 29 30 by
1588 1439 13 15 a
1621 1431 87 31 change
1729 1432 24 23 of
1768 1433 94 24 circum-

1282 1467 96 24 stances,
1389 1462 38 24 the
1435 1464 178 23 mostunlooked
1623 1465 35 23 for
1666 1466 81 22 results
1782 1467 81 23 results

1283 1497 123 30 altogether
1420 1497 104 24 different
1543 1499 58 23 from
1619 1498 65 24 those
1696 1500 135 31 anticipated

1283 1530 55 23 have
1350 1530 56 24 been
1420 1530 43 25 and
1474 1541 38 15 are
1529 1540 68 23 every
1609 1533 43 31 day
1665 1533 68 31 being
1752 1533 110 25 obtained.

1284 1563 57 24 This
1352 1570 65 25 great
1428 1567 110 31 principle
1558 1568 19 22 is
1590 1575 48 15 now
1657 1567 51 24 well
1728 1567 136 25 understood

1283 1598 22 22 in
1320 1598 115 31 England,
1449 1601 44 22 and
1510 1601 65 23 acted
1592 1609 59 23 upon
1670 1601 30 32 by
1713 1601 30 24 all
1760 1604 103 30 properly

1283 1631 107 25 educated
1404 1641 100 23 persons.
1542 1634 43 23 We
1597 1636 58 23 shall
1671 1635 27 24 be
1712 1642 102 25 amongst
1827 1638 36 23 the

1283 1666 49 24 first
1350 1671 22 18 to
1385 1667 69 23 admit
1466 1667 48 23 that
1526 1667 36 24 the
1576 1669 83 31 quality
1673 1669 43 23 and
1729 1672 101 30 quantity
1843 1671 24 23 of

1284 1700 36 23 the
1339 1700 63 29 wool,
1421 1701 44 22 and
1484 1701 37 23 the
1539 1702 57 23 bulk
1614 1702 25 23 of
1655 1711 98 21 carcass,
1771 1712 37 15 are
1828 1705 36 23 the

1283 1734 106 24 essential
1412 1735 75 30 points
1515 1739 21 19 to
1566 1735 27 23 be
1621 1736 85 31 sought
1732 1737 62 29 after,
1824 1739 41 22 but

1283 1768 133 30 experience
1445 1768 41 23 has
1515 1768 83 31 clearly
1621 1770 79 23 shown
1729 1770 47 24 that
1802 1772 63 24 these

1283 1801 103 30 qualities
1416 1810 37 14 are
1483 1802 87 23 seldom
1599 1803 127 30 combined,
1756 1805 41 23 and
1833 1814 32 15 we

1283 1834 56 23 shall
1353 1836 105 23 continue
1470 1840 23 18 to
1506 1843 55 23 urge
1571 1844 29 15 on
1612 1845 40 15 our
1660 1837 73 23 fellow
1743 1838 121 31 Colonists,

1283 1868 36 22 the
1340 1869 139 31 importance
1498 1869 25 23 of
1539 1874 42 18 not
1597 1870 109 31 breeding
1724 1872 64 23 stock
1808 1873 57 24 from

1282 1909 43 23 any
1338 1910 87 15 crosses
1437 1903 102 23 however
1553 1904 119 24 excellent.
1709 1904 51 24 The
1773 1912 57 18 want
1843 1908 25 22 of

1282 1935 75 23 fences
1370 1937 51 27 &c,
1441 1944 45 20 are,
1506 1944 32 16 we
1552 1944 36 16 are
1601 1946 79 20 aware,
1702 1938 130 25 drawbacks
1844 1946 21 17 to

1282 1968 37 24 the
1331 1969 116 31 obtaining
1457 1970 143 31 satisfactory
1608 1972 90 28 results,
1712 1973 22 22 in
1747 1973 120 31 observing

1282 2002 37 22 the
1336 2003 94 29 gradual
1449 2004 164 29 improvement
1630 2006 24 20 in
1673 2005 68 29 sheep
1760 2007 103 29 farming.

1281 2034 43 23 We
1341 2040 75 25 regret
1435 2040 21 17 to
1475 2035 66 23 make
1562 2044 43 21 any
1623 2037 153 24 observations
1793 2039 72 23 which

1282 2076 50 23 may
1344 2076 82 23 appear
1437 2069 113 30 personal,
1571 2069 40 23 but
1623 2070 17 22 it
1658 2070 42 23 has
1721 2073 110 28 appeared
1844 2077 21 18 to

1282 2109 33 20 us,
1336 2109 61 16 more
1416 2101 54 23 than
1488 2109 62 21 once,
1571 2102 47 23 that
1637 2103 63 24 there
1712 2104 19 23 is
1750 2113 13 14 a
1774 2111 59 17 want
1845 2107 25 22 of

1282 2134 46 24 that
1350 2135 109 23 Patriotic
1479 2136 66 30 spirit
1558 2144 24 15 so
1595 2136 103 24 valuable
1711 2138 22 23 in
1746 2146 28 14 an
1793 2139 74 23 infant

1282 2168 94 31 Colony,
1397 2170 22 21 in
1439 2169 38 23 the
1497 2170 96 23 conduct
1611 2170 25 23 of
1654 2171 65 23 those
1740 2172 48 23 who
1809 2172 57 24 have

1280 2202 98 23 hitherto
1392 2202 52 24 held
1457 2210 11 15 a
1482 2208 47 18 sort
1541 2203 25 23 of
1582 2204 121 31 monopoly
1714 2206 23 22 in
1749 2206 37 23 the
1799 2206 67 31 sheep

1281 2236 96 23 market.
1414 2236 43 23 We
1475 2236 49 23 fear
1547 2237 49 22 that
1618 2238 68 30 profit
1706 2238 41 24 has
1769 2239 96 24 hitherto

1281 2269 86 24 formed
1386 2270 37 23 the
1441 2269 48 24 sole
1501 2269 75 32 (soul)
1595 2271 82 31 object.
1715 2272 57 23 This
1789 2275 20 21 is
1827 2278 40 19 not

1280 2311 25 14 as
1317 2304 17 23 it
1347 2303 82 23 should
1439 2304 36 28 be,
1494 2304 45 23 and
1552 2304 65 24 could
1628 2305 72 30 easily
1715 2306 27 23 be
1755 2306 76 24 shewn
1844 2313 22 17 to

1281 2341 35 19 act
1334 2337 127 31 ultimately
1474 2342 22 18 to
1517 2337 38 24 the
1569 2337 160 33 disadvantage
1741 2341 25 22 of
1781 2341 37 23 the
1830 2342 35 22 in-

1281 2370 112 23 dividuals
1399 2370 143 25 themselves.
1563 2372 76 31 Every
1646 2372 66 31 thing
1718 2373 69 23 which
1793 2375 23 22 in
1822 2382 44 23 any

1280 2411 48 24 way
1341 2404 64 24 tends
1424 2409 21 19 to
1459 2412 106 16 encrease
1578 2405 38 24 the
1627 2407 61 29 price
1701 2407 25 22 of
1736 2407 37 23 the
1787 2416 77 15 neces-

1281 2438 70 23 saries
1361 2438 25 23 of
1395 2438 45 29 life,
1454 2438 82 24 should
1544 2439 27 23 be
1580 2439 140 32 deprecated,
1733 2441 22 22 in
1766 2449 23 15 as
1799 2443 66 22 much

1281 2480 25 14 as
1317 2472 18 22 it
1346 2477 49 17 acts
1406 2472 25 22 in
1441 2472 116 31 retarding
1569 2474 134 30 emigration
1712 2483 7 20 ;
1741 2475 126 31 producing

1281 2505 94 23 distress
1383 2505 73 24 where
1468 2506 64 23 there
1544 2506 80 23 should
1632 2508 43 22 and
1687 2508 72 30 might
1772 2509 25 23 be
1806 2517 58 15 none

1281 2539 46 28 felt,
1346 2539 44 23 and
1403 2539 113 31 evidently
1527 2539 32 31 by
1571 2539 97 32 keeping
1680 2541 58 23 back
1754 2549 28 16 an
1794 2543 73 23 influx

1281 2572 25 23 of
1314 2572 92 29 labour;
1420 2572 149 32 diminishing
1581 2575 37 21 the
1630 2574 103 24 ultimate
1745 2582 92 18 amount
1844 2577 25 23 of

1281 2612 77 18 return
1371 2610 21 20 to
1405 2605 37 24 the
1454 2607 65 23 stock
1531 2607 91 24 farmer.
1660 2607 23 24 It
1693 2609 19 21 is
1722 2609 87 23 evident
1818 2610 48 23 that

1281 2648 24 15 as
1317 2640 39 23 the
1367 2645 94 26 country
1469 2645 50 26 gets
1533 2641 86 30 opened
1630 2649 31 23 up
1673 2640 39 24 the
1722 2642 94 24 demand
1823 2643 42 29 for,

1281 2673 43 23 and
1344 2674 161 30 consequently
1519 2674 37 23 the
1575 2675 60 30 price
1649 2675 25 23 of
1689 2675 65 23 stock
1767 2676 44 23 will
1828 2678 35 21 in-

1282 2715 82 16 crease.
1400 2708 94 29 Among
1505 2708 38 23 the
1562 2708 77 23 horses
1658 2709 111 30 imported
1787 2710 28 30 by
1827 2710 38 24 the

1282 2740 81 32 Eagle,
1376 2741 63 23 there
1451 2749 58 16 were
1529 2750 61 15 some
1602 2742 74 23 useful
1696 2743 95 23 animals
1804 2751 61 16 more

1282 2775 120 31 especially
1414 2783 12 14 a
1447 2775 70 23 brood
1537 2783 70 15 mare.
1642 2776 45 23 We
1706 2776 55 24 have
1780 2777 85 24 seldom

1282 2816 52 15 seen
1343 2817 12 14 a
1367 2816 61 16 mare
1440 2809 121 31 possessed
1571 2809 25 22 of
1604 2817 24 15 so
1637 2817 68 23 many
1713 2810 58 31 good
1783 2812 82 29 points.

1282 2842 45 23 She
1339 2850 46 15 was
1406 2850 52 15 over
1475 2842 51 23 four
1545 2850 66 23 years
1630 2843 44 28 old,
1696 2844 45 23 and
1758 2844 56 29 sold,
1833 2853 33 15 we

1280 2875 93 29 believe,
1393 2876 34 23 for
1446 2876 53 24 50
1519 2877 110 31 sterling;
1653 2878 38 22 the
1712 2877 54 32 long
1782 2886 85 23 voyage

1281 2910 41 22 and
1342 2910 69 31 being
1428 2909 73 32 heavy
1514 2910 24 22 in
1559 2910 45 24 foal
1617 2911 142 24 contributed
1776 2917 21 18 to
1816 2913 51 30 give

1281 2943 39 22 her
1339 2951 13 15 a
1373 2943 74 31 sickly
1467 2943 62 29 look,
1554 2944 46 23 and
1622 2951 28 16 no
1669 2944 71 24 doubt
1759 2946 64 23 acted
1843 2946 24 23 in

1281 2976 147 31 diminishing
1449 2977 38 23 the
1505 2977 62 32 price
1577 2986 6 20 ;
1604 2977 49 24 that
1670 2978 20 23 if
1706 2979 41 23 she
1764 2981 102 23 survives

1281 3011 39 22 she
1341 3010 46 24 will
1409 3019 69 23 prove
1502 3019 14 16 a
1536 3011 103 24 valuable
1661 3012 120 31 pnrchase.
1822 3013 45 24 We

1281 3049 81 19 cannot
1374 3044 108 24 conclude
1494 3045 46 23 this
1557 3045 77 24 rather
1645 3045 56 31 long
1713 3047 73 23 notice
1797 3047 68 23 with-

1281 3082 38 19 out
1330 3078 133 31 remarking
1480 3086 28 15 on
1521 3078 38 23 the
1571 3086 54 24 very
1635 3078 124 25 admirable
1774 3088 93 16 manner

1280 3111 23 23 in
1312 3111 72 24 which
1392 3111 36 24 the
1437 3111 64 24 stock
1513 3111 96 32 keepers
1619 3113 110 23 executed
1736 3113 57 24 their
1801 3113 63 32 duty.

1385 3169 201 24 MUNICIPAL
1600 3170 161 24 COUNCIL.

1373 3251 125 22 TUESDAY,
1512 3252 115 16 OCTOBER
1640 3247 39 27 11,
1695 3246 73 23 1841.
1775 3241 34 34 Jy
1816 3238 25 35 \+

45 3330 93 62 New
169 3330 216 62 Zealand
416 3330 216 62 Gazette

84 3392 69 24 AND
169 3392 215 23 WELLINGTON
403 3393 187 24 SPECTATOR.

132 3446 157 26 Wednesday,
306 3447 108 22 October
430 3449 33 23 12,
480 3450 59 22 1842.

78 3500 35 24 As
127 3501 118 31 compared
265 3500 53 24 with
339 3500 56 24 New
416 3501 74 23 South
508 3501 78 25 Wales
600 3512 31 15 we

45 3532 57 25 have
114 3534 100 24 hitherto
226 3533 107 25 laboured
342 3533 72 24 under
424 3534 38 23 the
471 3534 160 34 disadvantage

46 3567 25 23 of
80 3567 86 32 having
176 3572 24 19 to
211 3575 43 24 pay
266 3572 90 27 greater
367 3568 75 31 prices
454 3567 35 24 for
503 3567 38 25 the
551 3577 80 16 neces-

45 3601 71 24 saries
129 3600 26 24 of
169 3600 46 25 life.
251 3601 24 24 It
285 3602 21 23 is
325 3601 62 24 alike
406 3601 35 24 for
453 3601 39 24 the
504 3602 127 25 immediate

46 3635 151 23 convenience
216 3635 24 23 of
266 3634 38 24 the
325 3635 124 28 Colonists,
470 3635 44 23 and
537 3635 36 24 for
595 3636 36 24 the

45 3668 103 24 increase
169 3668 26 23 of
216 3667 58 25 their
297 3669 105 30 coasting
421 3668 73 29 trade,
515 3668 50 24 that
586 3668 45 25 this

46 3701 83 24 should
139 3701 30 24 he
179 3705 40 28 got
228 3702 36 24 rid
276 3702 31 24 of.
334 3701 62 25 With
409 3710 13 16 a
433 3702 58 24 view
503 3706 22 20 to
537 3702 94 32 making

45 3734 46 24 this
112 3734 130 25 settlement
264 3735 92 32 equally
384 3736 120 24 attractive
532 3736 25 23 in
585 3736 46 24 this

44 3772 90 27 respect
156 3768 54 23 with
233 3769 37 23 the
289 3769 63 23 older
376 3769 116 29 Colonies,
514 3776 33 16 we
569 3774 62 19 must

45 3800 81 25 hasten
150 3806 22 19 to
195 3806 38 26 get
256 3802 30 24 all
309 3810 42 15 our
373 3802 102 32 supplies
499 3802 59 24 from
581 3803 50 24 first

45 3841 101 18 sources.
194 3835 33 23 At
245 3839 94 28 present
356 3844 34 16 we
410 3837 79 23 obtain
510 3843 40 17 our
571 3836 59 24 flour

45 3866 82 32 chiefly
147 3868 58 24 from
226 3868 56 25 New
304 3869 73 24 South
398 3870 89 30 Wales,
500 3878 14 15 a
534 3874 96 27 country

44 3900 73 24 which
129 3901 20 23 is
160 3901 63 25 itself
238 3902 90 31 obliged
347 3907 23 19 to
387 3903 85 31 import
489 3903 47 24 this
551 3903 78 24 article

44 3933 26 24 of
92 3934 123 32 necessity.
251 3936 51 23 Our
320 3935 68 24 India
405 3936 73 31 goods
497 3937 44 23 and
560 3944 68 24 many

42 3966 95 26 Article*
154 3966 27 27 of
200 3965 123 34 European
343 3969 173 30 manufacture,,
528 3976 39 17 are
587 3969 41 24 ob-

1312 3305 50 24 The
1383 3305 117 24 Members
1519 3306 26 23 of
1562 3306 38 23 the
1614 3306 128 32 Municipal
1760 3307 103 29 Council,

1277 3341 34 21 for
1322 3339 38 24 the
1373 3339 109 32 Borough
1495 3339 25 25 of
1527 3339 150 32 Wellington,
1689 3340 57 24 New
1756 3341 107 28 Zealand,

1277 3377 46 19 met
1343 3372 46 24 this
1401 3373 44 31 day
1456 3378 23 19 at
1493 3376 30 21 10
1536 3373 89 24 o'clock
1642 3381 67 22 a.m.,
1729 3374 44 24 and
1785 3376 55 22 after
1852 3384 13 14 a

1277 3406 64 24 short
1359 3406 92 24 address
1463 3407 59 24 from
1539 3407 37 23 his
1588 3407 109 32 Worship
1718 3408 37 24 the
1773 3409 90 31 Mayor,

1275 3440 125 30 proceeded
1418 3444 24 19 to
1459 3440 115 25 business.
1611 3441 67 24 After
1698 3441 38 24 the
1748 3442 116 24 Members

1276 3473 44 24 had
1334 3474 56 24 been
1408 3481 73 17 sworn
1499 3476 32 27 in,
1546 3474 39 24 the
1604 3474 123 24 Chairman
1747 3476 117 23 remarked

1277 3506 48 25 thac
1335 3515 62 24 upon
1409 3515 30 16 an
1451 3508 105 23 occasion
1569 3507 24 24 of
1609 3515 24 16 so
1645 3508 70 23 much
1727 3509 138 31 importance

1276 3540 44 24 aud
1331 3541 77 31 public
1418 3541 95 23 interest
1525 3548 26 16 as
1563 3541 50 23 that
1620 3541 25 24 of
1654 3542 38 23 the
1703 3542 52 23 first
1766 3543 99 31 meeting

1276 3571 47 33 (for
1340 3575 38 23 the
1397 3574 102 31 dispatch
1515 3574 26 23 of
1555 3574 119 32 business)
1693 3575 26 23 of
1737 3575 37 24 the
1793 3576 71 24 Town

1277 3607 104 30 Council,
1390 3616 13 15 a
1414 3607 42 24 few
1464 3607 156 25 observations
1632 3607 75 25 would
1718 3613 41 19 not
1769 3609 28 24 be
1809 3610 55 23 mis-

1275 3641 87 31 placed.
1399 3640 51 25 The
1468 3646 94 26 present
1581 3641 92 24 address
1684 3642 75 24 would
1770 3647 46 25 not,
1835 3643 29 24 he

1274 3673 98 33 pledged
1386 3673 98 30 himself,
1505 3682 87 24 occupy
1604 3675 68 23 much
1684 3675 25 23 of
1725 3675 58 24 their
1797 3677 52 24 time
1856 3686 6 20 ;

1274 3708 28 24 he
1313 3708 48 25 bad
1378 3716 14 16 a
1403 3708 83 23 dislike
1498 3712 24 19 to
1540 3708 57 30 long
1608 3708 109 31 speeches
1739 3710 70 23 under
1820 3718 43 22 any

1275 3741 184 25 circumstances.
1497 3741 24 24 It
1532 3741 46 24 had
1590 3742 56 23 been
1656 3743 120 23 remarked
1788 3743 29 31 by
1826 3743 37 24 the

1274 3772 90 27 Bishdto
1375 3783 29 16 on
1417 3774 94 32 Sunday
1520 3774 54 30 last,
1586 3775 49 24 that
1645 3774 65 25 there
1718 3784 44 15 was
1774 3785 14 15 a
1798 3777 66 24 noble

1274 3816 76 16 career
1356 3800 65 39 \now
1432 3808 76 24 before
1520 3808 40 24 the
1578 3809 87 31 parties
1677 3809 72 24 called
1762 3818 60 23 upon
1833 3811 30 30 by

1274 3842 58 23 their
1343 3840 76 33 fellqw
1431 3842 103 30 citizens,
1554 3846 24 20 to
1590 3841 96 25 conduct
1697 3842 39 24 the
1754 3843 75 24 affairs
1841 3844 25 24 of

1273 3875 38 23 the
1322 3868 120 39 Boroiigh.
1466 3875 40 24 He
1515 3873 51 33 (the
1575 3873 135 35 Chairman)
1720 3877 88 23 trusted
1816 3877 48 24 that

1273 3907 39 25 the
1327 3915 48 18 acts
1387 3908 29 25 o\f
1431 3909 39 24 the
1481 3909 58 31 first
1552 3909 104 30 Council,
1675 3909 76 24 would
1760 3918 69 23 prove
1840 3914 24 20 at

1272 3940 57 25 least
1346 3942 130 29 beneficial,
1495 3943 46 23 and
1552 3943 51 24 that
1613 3943 54 31 they
1684 3942 76 25 -would
1776 3943 63 24 leave
1851 3951 13 16 a

1272 3974 116 25 memorial
1402 3979 30 23 0
1443 3975 60 24 their
1515 3983 131 17 successors
1663 3976 24 23 in
1705 3976 73 29 office,
1790 3976 73 24 which

1891 130 75 22 would
1976 130 25 23 in
2021 130 55 24 after
2086 131 68 25 times
2167 140 67 16 cause
2245 133 63 24 them
2319 140 29 16 no
2361 133 114 27 discredit.

1893 163 138 31 Unanimity
2052 164 22 22 in
2098 164 31 23 all
2153 164 58 25 their
2234 166 75 23 future
2331 168 147 31 proceedings

1892 196 74 22 would
1978 196 28 23 be
2018 196 36 24 the
2064 202 65 25 great
2141 198 151 25 desideratum
2300 208 6 20 ;
2321 200 92 24 without
2420 201 57 25 such

1891 229 129 31 unanimity
2032 230 42 23 and
2088 230 81 31 kindly
2182 232 94 31 feelings
2289 233 26 23 of
2324 232 153 31 forbearance,

1893 262 59 23 their
1962 263 146 31 proceedings
2127 264 74 24 would
2211 270 39 19 not
2265 265 28 24 be
2306 266 104 24 attended
2425 268 54 23 with

1893 295 49 23 that
1954 297 92 29 general
2062 297 86 23 benefit
2169 301 23 19 to
2204 298 37 23 the
2253 300 139 30 community
2403 300 74 25 which

1892 329 18 22 it
1922 336 45 15 was
1975 337 26 15 so
2011 329 108 24 desirable
2127 335 23 18 to
2159 330 83 24 obtain.
2278 333 51 23 The
2338 339 139 18 movements

1893 362 44 23 and
1945 362 73 23 whole
2026 363 145 31 proceedings
2180 364 25 23 of
2210 364 36 23 the
2255 365 104 30 Council,
2368 366 72 23 would
2449 367 28 24 he

1893 394 39 24 felt
1945 395 112 23 confident
2067 397 28 22 be
2105 396 103 24 watched
2214 397 54 24 with
2280 398 37 24 the
2326 399 90 31 deepest
2426 407 51 17 care

1892 428 44 23 and
1950 429 92 30 anxiety
2053 429 28 31 by
2094 430 58 23 their
2166 430 74 23 fellow
2258 430 122 31 Colonists,
2394 432 43 24 and
2450 434 28 24 he

1893 466 59 18 most
1962 462 110 31 sincerely
2084 463 74 31 hoped
2170 464 48 23 that
2230 464 29 23 all
2275 465 37 23 the
2326 465 116 25 Members
2455 469 26 22 of

1893 495 96 22 Council
2013 495 69 24 would
2105 497 22 22 in
2152 497 58 24 their
2230 498 158 25 deliberations
2412 507 65 17 exert

1892 528 136 23 themselves
2048 533 20 18 to
2087 530 37 22 the
2136 535 86 19 utmost
2233 531 25 23 of
2274 531 58 24 their
2343 540 74 23 power
2431 535 46 23 and

1891 562 80 29 ability
1983 563 24 21 in
2025 563 129 30 promoting
2166 563 38 24 the
2223 571 103 17 common
2346 566 65 30 good,
2424 575 55 24 pre-

1891 594 75 31 fering
1985 594 38 24 the
2040 596 92 22 interest
2150 596 44 23 and
2214 596 82 24 benefit
2315 599 26 23 of
2359 599 36 23 the
2415 609 62 16 com-

1892 629 88 30 munity
1993 633 23 18 at
2034 629 59 30 large
2107 634 22 17 to
2142 629 30 23 all
2192 631 83 29 private
2291 633 185 25 considerations.

1893 660 38 24 He
1944 661 88 23 trusted
2045 661 45 23 that
2103 662 59 23 their
2176 662 157 26 deliberations
2347 666 22 22 in
2382 667 97 24 Council

1891 695 75 23 would
1982 695 29 23 be
2023 695 91 24 marked
2127 695 44 24 and
2190 696 129 30 conducted,
2340 699 52 23 with
2404 705 74 26 syste-

1891 728 69 23 matic
1978 729 130 31 regularity.
2145 729 63 23 That
2225 730 37 23 the
2275 731 71 23 Chair
2357 734 73 23 would
2451 735 28 23 be

1892 762 124 30 supported
2034 763 52 22 with
2108 763 105 23 firmness
2237 764 44 23 and
2302 765 48 23 that
2370 766 23 23 in
2414 767 65 24 short

1892 802 67 22 every
1971 794 66 31 thing
2047 796 44 23 like
2103 801 67 26 party
2177 797 66 30 spirit
2253 797 43 23 and
2309 803 85 27 temper
2405 801 74 23 would

1892 835 30 15 on
1933 828 30 22 all
1977 829 113 23 occasions
2102 829 28 23 be
2143 831 144 29 suppressed.
2320 831 37 24 He
2370 832 108 26 admitted

1891 860 80 32 freely,
1984 861 50 24 that
2052 862 32 23 his
2103 871 50 14 own
2166 868 163 25 temperament
2342 873 44 16 was
2408 875 69 17 warm

1893 894 43 24 and
1957 895 99 31 perhaps
2075 897 150 29 occasionally
2237 897 73 31 hasty,
2329 898 41 24 but
2389 908 29 15 on
2441 901 38 23 the

1892 928 65 23 other
1969 928 60 23 hand
2041 929 26 23 he
2078 929 39 23 felt
2128 930 112 23 confident
2249 932 47 22 that
2306 940 28 14 no
2345 940 41 16 one
2395 938 23 18 at
2428 934 49 24 that

1894 961 97 24 Council
2016 962 66 23 board
2106 963 74 23 would
2204 971 59 16 more
2288 965 85 31 readily
2393 968 86 23 submit

1893 999 21 19 to
1927 996 87 23 rebuice
2027 996 40 23 and
2089 998 126 22 correction
2235 998 65 23 when
2312 999 36 23 led
2361 1005 74 26 astray
2448 1001 30 32 by

1892 1029 95 23 warmth
2002 1030 23 22 in
2045 1029 86 24 debate.
2169 1030 50 23 The
2239 1032 54 23 time
2310 1032 25 23 of
2350 1033 37 23 the
2400 1034 77 25 Mem-

1891 1062 52 23 bers
1956 1064 22 22 in
1993 1063 93 23 Council
2097 1071 46 15 was
2162 1064 109 29 valuable,
2284 1065 45 23 and
2348 1067 68 30 ought
2435 1074 41 18 not

1892 1100 22 19 to
1927 1097 28 22 be
1967 1097 75 22 trifled
2056 1097 57 28 with,
2127 1097 43 24 and
2190 1099 18 22 it
2226 1107 44 15 was
2291 1106 61 17 most
2366 1101 111 25 desirable

1893 1129 48 23 that
1953 1138 68 22 every
2034 1130 62 31 thing
2108 1132 23 22 in
2144 1131 38 23 the
2195 1132 68 31 shape
2272 1133 24 22 of
2307 1133 55 31 long
2369 1135 108 30 speeches

1893 1163 81 23 should
1986 1164 28 22 be
2025 1163 90 24 avoided
2126 1173 6 19 ;
2146 1164 30 23 he
2185 1166 131 23 considered
2325 1166 44 25 five
2378 1169 99 23 minutes

1893 1203 13 14 a
1917 1203 54 23 very
1985 1196 43 23 fair
2040 1196 118 24 allowance
2171 1205 28 15 on
2219 1203 58 18 most
2296 1202 122 29 occasions,
2432 1203 45 23 and

1893 1229 64 23 when
1971 1229 76 23 fifteen
2060 1231 96 22 minutes
2175 1238 57 15 were
2245 1233 115 30 occupied,
2374 1234 52 23 then
2439 1236 38 23 the

1884 1283 2 3 .
1893 1262 89 31 subject
1995 1267 79 18 matter
2087 1263 74 23 would
2177 1265 87 30 require
2278 1269 21 19 to
2314 1266 26 23 be
2354 1275 40 15 one
2406 1269 26 22 of
2447 1277 30 15 no

1893 1295 66 23 small
1973 1297 144 29 importance.

1926 1329 68 24 After
2007 1330 38 23 the
2059 1330 115 24 Members
2183 1330 44 24 had
2238 1332 55 23 been
2305 1341 72 16 sworn
2390 1335 22 23 in

1927 1363 47 23 Mr.
1991 1363 62 23 Hort
2064 1372 48 15 rose
2125 1365 44 22 and
2182 1366 109 30 proposed
2305 1367 47 24 Mr.
2364 1368 77 24 White
2451 1378 24 15 as

1893 1396 71 23 Town
1978 1396 71 24 Clerk
2059 1406 4 19 ;
2083 1397 48 23 Mr.
2146 1398 93 31 Guyton
2252 1400 110 24 seconded
2375 1401 53 25 him.

1926 1430 48 23 Mr.
1997 1430 77 30 Wade,
2094 1439 25 14 as
2141 1440 30 14 an
2194 1433 150 29 amendment,
2365 1437 112 30 proposed

1893 1464 47 23 Mr.
1955 1464 120 29 Brandon;
2096 1465 113 23 seconded
2221 1466 29 31 by
2261 1467 43 23 Dr.
2319 1467 92 26 Dorset.

1926 1497 48 23 Mr.
1989 1497 90 24 Wade's
2092 1499 145 24 amendment
2248 1501 83 31 having
2344 1502 55 23 been
2411 1504 63 28 read,,

1893 1531 37 23 the
1942 1532 144 22 amendment
2102 1539 45 15 was
2166 1537 42 26 put
2220 1538 21 18 to
2254 1534 37 23 the
2312 1535 102 30 Council,
2430 1538 45 23 and

1893 1565 122 23 thereafter
2035 1565 35 23 the
2089 1566 96 30 original
2204 1568 130 30 resolution,
2354 1570 64 23 when
2437 1570 39 24 the

1892 1600 117 31 following
2021 1599 69 24 result
2102 1600 114 31 appeared

1920 1640 44 20 For
1974 1640 37 20 the
2023 1640 141 21 amendment
2434 1645 15 19 2

1921 1667 45 21 For
1975 1667 38 20 the
2025 1667 90 26 original
2127 1667 120 22 resolution
2437 1673 14 19 9

1996 1694 104 27 Majority
2110 1694 33 21 for
2155 1694 36 22 the
2202 1695 90 27 original
2303 1697 117 22 resolution
2451 1699 13 22 7

1928 1729 51 24 The
1992 1730 92 23 election
2094 1729 23 24 of
2127 1730 48 24 Mr.
2186 1731 77 23 White
2273 1740 44 15 was
2329 1733 53 23 thus
2391 1735 86 23 carried

1893 1763 29 30 by
1936 1772 12 14 a
1967 1763 104 31 majority
2083 1764 25 23 of
2122 1772 69 15 seven
2208 1770 62 18 votes
2282 1775 5 19 ;
2308 1774 42 15 one
2372 1768 105 23 Member

1894 1796 102 24 declined
2011 1798 82 30 voting.

1928 1831 24 23 It
1971 1838 45 16 was
2035 1831 51 23 then
2107 1833 112 29 proposed
2238 1833 28 31 by
2285 1833 46 24 Mr.
2348 1834 67 29 Hort,
2435 1835 46 24 and

1894 1864 113 23 seconded
2016 1864 30 31 by
2058 1865 43 23 Mr.
2112 1864 151 31 Fitzherbert,
2272 1867 50 23 that
2331 1867 38 23 the
2382 1868 97 24 Council

1894 1897 28 23 do
1942 1903 60 18 meet
2021 1906 28 15 on
2070 1899 120 30 Saturday,
2211 1899 37 24 the
2268 1901 57 22 15th
2344 1902 92 28 instant,
2456 1908 23 18 at

1894 1931 50 23 half
1960 1936 53 26 past
2025 1933 14 22 9
2060 1932 84 23 o'clock
2164 1941 65 20 a.m.,
2244 1938 21 19 to
2284 1934 53 24 take
2356 1935 46 23 into
2424 1944 55 15 con-

1894 1965 124 23 sideration
2047 1965 35 23 the
2112 1965 97 24 election
2237 1968 24 22 of
2288 1968 38 23 the
2355 1969 123 24 additional

1894 2006 122 22 necessary
2028 1999 86 22 officers
2126 2000 26 21 of
2169 1999 37 23 the
2227 2000 155 30 Corporation.
2420 2003 59 23 This

1894 2031 94 27 motion,
2012 2038 60 23 upon
2091 2031 70 30 being
2183 2038 42 24 put
2248 2038 22 17 to
2289 2033 39 23 the
2351 2040 58 23 vote,
2432 2043 47 16 was

1895 2063 87 23 carried
1995 2064 166 30 unanimously.

1929 2097 118 30 Proposed
2056 2097 26 30 by
2089 2097 47 23 Mr.
2148 2097 155 31 Molesworth,
2312 2101 45 22 and
2369 2102 110 24 seconded

1894 2130 30 31 by
1943 2130 45 24 Dr.
2011 2130 90 28 Dorset,
2117 2131 49 23 that
2187 2132 44 23 this
2255 2135 99 29 meeting
2378 2135 26 23 do
2428 2143 50 15 now

1895 2164 95 31 adjourn
2004 2164 59 23 until
2080 2165 121 30 Saturday,
2220 2165 36 24 the
2271 2167 55 23 15th
2345 2168 91 30 instant,
2458 2175 22 18 at

1894 2197 50 24 half
1954 2202 52 26 past
2018 2199 53 22 nine
2079 2198 89 23 o'clock
2181 2206 55 16 a.m.

1930 2231 160 24 Considerable
2103 2231 128 24 discussion
2246 2234 53 23 took
2319 2235 63 30 place
2400 2241 22 18 at
2439 2236 40 24 the

1896 2265 100 30 meeting
2019 2273 29 15 on
2069 2266 87 23 various
2180 2266 107 31 subjects,
2312 2269 56 22 such
2388 2277 23 15 as
2442 2270 38 24 the

1895 2298 156 31 appointment
2070 2300 23 22 of
2108 2299 193 33 Town-surveyor
2311 2311 6 19 ;
2339 2302 125 25 Treasurer
2472 2313 7 19 ;

1896 2332 117 31 Bye-laws
2023 2341 6 20 ;
2050 2333 63 23 mode
2130 2334 25 22 of
2171 2335 85 30 voting,
2277 2342 64 16 more
2361 2337 120 32 especially

1895 2366 23 22 in
1931 2365 38 23 the
1983 2374 51 15 case
2047 2367 24 22 of
2084 2367 66 23 small
2159 2369 148 22 committee's
2316 2378 6 20 ;
2337 2377 65 16 exact
2409 2371 71 23 limits

1895 2399 25 23 of
1936 2399 38 23 the
1994 2399 122 32 Borough;
2140 2401 38 22 the
2202 2403 98 22 erection
2322 2403 25 23 of
2373 2412 13 14 a
2409 2405 72 23 Court

1898 2433 80 24 House
1990 2433 45 23 and
2056 2434 87 31 County
2163 2434 50 23 Jaol
2223 2444 5 19 ;
2253 2436 121 24 formation
2395 2438 23 23 of
2443 2438 38 23 the

1895 2466 71 23 beach
1978 2467 54 23 road
2041 2476 5 20 ;
2061 2468 96 31 opening
2168 2476 31 23 up
2213 2468 36 24 the
2258 2475 94 25 country
2362 2471 28 31 by
2398 2471 65 23 roads
2473 2482 6 19 ;

1895 2501 43 22 and
1958 2500 45 23 last
2022 2501 84 31 though
2128 2507 41 18 not
2187 2502 57 23 least
2267 2503 37 23 the
2328 2506 121 30 procuring
2468 2514 14 15 a

1897 2534 110 22 Common
2022 2534 53 24 Seal
2087 2535 44 23 and
2152 2536 149 31 Corporation
2319 2539 80 22 Arms.
2444 2539 38 23 No

1894 2567 54 23 final
1960 2574 170 24 arrangements
2141 2577 58 15 were
2212 2577 62 16 come
2293 2576 30 24 to,
2343 2579 25 15 or
2389 2572 22 23 in
2434 2572 47 24 fact

1895 2601 167 30 contemplated
2074 2602 27 31 by
2113 2602 39 23 the
2166 2603 102 29 Council,
2286 2604 54 24 with
2359 2606 80 29 regard
2458 2611 23 19 to

1895 2642 43 22 any
1951 2634 26 23 of
1992 2634 64 24 these
2068 2635 99 32 subjects
2176 2645 7 19 ;
2209 2637 43 22 and
2268 2637 53 31 they
2336 2638 72 31 might
2427 2647 54 16 con-

1894 2668 120 30 sequently
2027 2668 27 23 be
2068 2669 129 23 considered
2208 2678 25 14 as
2253 2671 86 31 merely
2360 2672 119 24 broached.

1894 2701 23 22 A
1930 2702 43 22 few
1986 2701 126 31 Burgesses
2129 2703 106 23 attended
2254 2703 37 24 the
2310 2706 107 30 meeting,
2435 2707 46 22 and

1895 2735 36 23 the
1947 2735 125 23 Chairman
2083 2744 52 21 very
2147 2736 94 31 politely
2261 2737 54 24 took
2335 2740 103 23 occasion
2458 2744 23 19 to

1894 2769 100 28 remark,
2008 2769 50 23 that
2066 2769 35 23 the
2112 2770 97 23 Council
2218 2770 71 24 would
2297 2772 83 30 always
2388 2772 27 24 be
2424 2779 60 18 most

1894 2802 77 31 happy
1994 2809 22 16 to
2041 2810 37 16 see
2099 2803 59 23 their
2178 2803 74 24 fellow
2264 2805 107 23 colonists
2392 2807 23 22 in
2434 2807 50 24 that

1894 2844 72 20 room,
1987 2836 38 23 the
2044 2837 64 22 doors
2128 2837 25 23 of
2175 2837 74 24 which
2268 2838 74 24 would
2362 2839 28 24 be
2409 2845 23 18 at
2453 2841 31 23 all

1896 2870 66 23 times
1974 2878 59 23 open
2046 2870 41 23 and
2098 2875 80 26 patent
2190 2880 6 19 ;
2218 2871 43 24 and
2279 2880 69 21 more,
2387 2873 46 24 that
2445 2874 39 23 the

1896 2903 98 24 Council
2006 2903 75 24 would
2089 2904 132 32 thankfully
2234 2906 86 23 receive
2333 2914 43 23 any
2387 2915 96 24 sugges-

1896 2937 66 28 tions,
1977 2945 25 15 or
2014 2938 84 23 notices
2111 2936 36 32 (in
2159 2937 111 33 writing,)
2281 2939 109 32 pledging
2408 2941 74 24 them-

1896 2971 73 23 selves
1982 2976 22 18 to
2017 2971 51 31 give
2081 2976 20 19 at
2114 2971 29 24 all
2168 2972 67 23 times
2253 2973 57 23 their
2329 2979 61 18 most
2399 2975 85 23 careful

1895 3004 169 24 consideration
2075 3009 20 19 to
2108 3005 57 23 such
2178 3007 153 30 suggestions.

1897 3068 28 19 To
1936 3068 35 19 the
1980 3067 79 21 Editor
2068 3068 25 24 if
2104 3069 34 19 the
2170 3069 52 20 New
2236 3070 92 20 Zealand
2339 3071 91 25 Gaiettt,
2441 3071 42 20 and

2056 3096 123 26 Wellington
2190 3097 117 25 Spectator.
2310 3099 14 11 ll

2018 3130 57 21 New
2084 3130 127 28 Plymouth,
2224 3132 130 27 September
2362 3135 20 25 6,
2394 3135 57 20 1842.

1922 3163 79 26 Sir,
2003 3162 11 22 l
2024 3162 43 28 beg
2077 3162 61 22 leave
2153 3165 23 19 to
2193 3170 73 15 annex
2281 3171 14 14 a
2310 3165 83 26 Report
2407 3165 25 21 of
2443 3165 39 22 the

1894 3189 118 22 formation
2022 3190 26 21 of
2056 3190 34 22 the
2098 3190 112 22 Taranaki
2220 3190 160 23 Horticultural
2387 3191 92 28 Society,

1894 3216 73 23 which
1980 3217 9 21 I
2006 3216 56 22 shall
2073 3217 41 22 feel
2130 3218 90 26 obliged
2234 3218 30 27 by
2274 3225 54 20 your
2336 3218 108 28 inserting
2456 3215 24 27 in

1894 3251 56 20 your
1959 3251 75 20 paper,
2043 3252 24 14 as
2075 3252 12 13 a
2096 3245 61 26 piece
2165 3245 27 21 of
2198 3245 140 22 information
2348 3245 132 29 interesting

1895 3275 22 18 to
1928 3271 38 22 the
1978 3271 83 22 friends
2071 3271 23 21 of
2101 3271 43 22 this
2156 3271 133 23 settlement.

2004 3298 12 22 I
2027 3298 57 22 have
2093 3299 38 21 the
2141 3299 73 22 honor
2224 3303 22 17 to
2255 3299 34 26 be,

2087 3326 39 26 Sir,

2059 3351 61 23 Your
2130 3352 105 22 obedient
2246 3355 95 24 servant,

2154 3385 108 21 Richard
2278 3384 119 29 Chilman,

2226 3416 118 29 Honorary
2355 3418 126 29 Secretary.

1921 3473 33 22 At
1962 3479 14 15 a
1985 3472 99 27 meeting
2093 3471 21 22 of
2124 3470 37 22 the
2175 3470 137 23 inhabitants
2322 3472 27 22 of
2361 3473 55 23 New
2427 3475 52 27 Ply-

1893 3499 85 26 mouth,
1994 3499 34 21 for
2049 3498 37 22 the
2105 3497 120 22 formation
2241 3499 26 21 of
2287 3506 14 14 a
2316 3499 165 25 Horticultural

1894 3527 95 26 Society,
2002 3525 52 22 held
2069 3528 22 18 at
2105 3524 37 22 the
2159 3524 55 22 New
2232 3525 98 24 Zealand
2347 3527 134 29 Company's

1893 3552 144 24 Store-house
2057 3559 27 14 on
2105 3551 118 28 Thursday
2242 3553 104 28 evening,
2367 3555 37 22 the
2428 3555 53 23 11th

1896 3581 92 26 August,
2007 3580 60 25 1842,
2083 3578 36 22 the
2138 3578 116 29 following
2272 3581 132 23 resolutions
2423 3590 57 15 were

1893 3606 159 27 unanimously
2062 3604 83 23 carried
2154 3614 6 13 :

1934 3634 23 22 J.
1971 3633 26 21 T.
2015 3633 144 26 Wicksteed,
2175 3633 62 28 Esq.,
2254 3642 23 14 in
2293 3642 46 16 the
2354 3635 84 24 Chair.

1919 3659 113 24 Resolved
2061 3659 57 22 That
2128 3659 21 22 in
2162 3659 38 23 the
2210 3661 91 27 opinion
2312 3662 27 22 of
2351 3663 44 22 this
2406 3664 73 22 Meet-

1893 3689 43 26 ing,
1948 3687 18 22 it
1976 3687 18 21 is
2006 3686 118 28 expedient
2134 3691 23 17 to
2173 3687 104 23 establish
2287 3696 14 15 a
2317 3689 164 24 Horticultural

1893 3715 89 26 Society
1992 3713 35 22 for
2037 3713 44 22 this
2096 3714 143 28 Settlement,
2250 3716 45 22 and
2311 3717 50 21 that
2371 3717 38 22 the
2419 3726 62 14 sam

1893 3743 27 21 be
1954 3740 73 22 called
2166 3741 114 24 Taranaki
2315 3743 166 24 Horticultural

2400 3767 9 30 \

1919 3795 59 23 That
1987 3802 68 20 every
2070 3802 78 21 person
2160 3795 152 26 contributing
2325 3797 44 22 five
2380 3797 101 29 shillings

1890 3830 41 21 per
1940 3828 84 16 annum
2034 3822 24 22 in
2068 3822 106 28 advance,
2186 3830 52 21 may
2248 3823 92 23 become
2351 3832 15 14 a
2379 3825 102 22 Member

1892 3850 25 22 of
1925 3849 37 22 the
1973 3849 90 27 Society
2070 3856 7 20 ;
2093 3849 47 23 thai
2149 3850 39 22 the
2198 3851 84 22 annual
2291 3851 148 32 subscription
2451 3853 29 22 be

1891 3875 87 24 limited
1998 3879 23 19 to
2037 3876 39 22 the
2095 3884 49 15 sum
2161 3877 27 22 of
2204 3878 44 21 five
2266 3877 97 29 shilling,
2380 3879 40 22 but
2434 3879 49 22 that

1892 3903 119 23 donations
2021 3903 27 22 of
2054 3910 44 21 any
2106 3903 75 28 larger
2190 3912 48 15 sum
2249 3912 51 21 may
2307 3905 26 22 be
2343 3906 110 23 received.

1919 3930 59 22 That
1985 3929 39 23 the
2035 3930 72 23 affairs
2115 3931 26 21 of
2148 3931 38 22 the
2197 3931 88 28 Society
2293 3933 26 21 be
2331 3933 111 27 managed
2451 3933 31 28 by

1891 3964 14 16 a
1924 3957 125 27 President,
2072 3965 14 14 a
2102 3957 141 28 Committee,
2260 3959 45 22 and
2325 3966 15 15 a
2358 3960 123 28 Secretary,

1891 3985 50 23 who
1950 3983 59 24 shall
2018 3983 30 23 be
2058 3983 127 28 Treasurer,
2197 3988 23 19 to
2234 3985 29 22 be
2274 3985 85 24 elected
2368 3987 115 28 annually,

560 39 98 47 Witt
682 37 117 42 ttSfcto
847 37 209 42 Zta&avto
1081 37 189 48 Bfa?ett*
1294 39 92 40 attir
1409 39 302 47 mitUinqtou
1734 36 252 50 &#irtator*

116 831 167 24 SHIPPING
304 830 277 24 INTELLIGENCE.

278 885 142 20 ARRIVED.

82 918 94 20 October
193 919 18 23 8,
230 919 104 19 schooner
351 919 124 24 Richmond,
493 919 34 25 30,
549 918 96 26 Sinclair,

54 946 55 20 from
121 945 80 27 Kapiti.

82 973 92 21 October
189 974 18 23 9,
219 973 120 26 brigantine
353 973 69 25 Ariel,
435 974 48 25 104,
502 973 141 32 Criukshanlc,

52 1006 55 21 from
118 1006 51 20 New
179 1006 122 26 Plymouth.

290 1058 116 20 SAILED.

80 1090 94 21 October
183 1092 19 19 8.
217 1091 103 19 schooner
330 1091 100 23 Look-in,
446 1091 27 19 82
485 1092 56 22 tons,
558 1090 88 27 Finlay

50 1118 35 20 for
95 1118 36 19 the
142 1118 102 19 Chatham
257 1118 91 21 Islands.

80 1145 94 20 October
184 1147 19 20 9,
214 1146 78 26 barque
299 1146 64 25 Mary
373 1146 57 26 Hay,
440 1146 42 19 300
491 1147 56 23 tons,
556 1146 86 24 Volum,

52 1173 33 20 for
97 1173 83 19 Hobart
189 1173 72 21 Town.

81 1200 93 20 October
198 1201 32 23 10,
250 1201 118 25 brigantine
395 1201 122 25 Vanguard,
539 1201 24 19 61
584 1203 58 23 tons,

53 1227 98 24 Newton,
163 1228 32 20 for
206 1228 51 20 New
273 1228 120 26 Plymouth.

80 1256 61 20 Same
151 1256 46 26 day,
209 1257 104 19 schooner
323 1257 53 19 New
383 1256 124 25 Zealander,
519 1256 35 24 27,
563 1256 80 27 Guard,

54 1283 33 20 for
97 1283 87 21 Nelson.

82 1311 93 20 October
193 1312 31 25 11,
243 1312 47 25 brig
301 1312 85 24 Nelson,
406 1312 39 20 150
457 1314 56 22 tons,
532 1311 111 25 M'Laren,

54 1338 33 21 for
97 1338 130 27 Valparaiso,

280 1385 33 20 IN
330 1385 85 21 PORT.

79 1419 84 25 Barque
181 1419 115 24 Ctydeside,
307 1419 39 19 256
364 1420 57 22 tons,
442 1418 131 25 Mathieson,
587 1419 57 19 refit-

49 1446 57 25 ting.
136 1446 66 20 Waitt
210 1446 42 20 and
261 1446 75 25 Tyser,
344 1447 91 24 Agents.

79 1475 84 25 Barque
172 1474 125 25 Indemnity,
308 1475 40 18 450
367 1478 58 19 tons,
443 1474 86 25 Adams,
543 1474 101 26 refitting.

51 1502 90 25 Agents,
153 1502 66 19 Waitt
229 1502 42 19 and
281 1502 75 26 Tyser.

80 1530 109 19 Schooner
212 1530 56 24 Ann,
296 1531 26 19 22
346 1533 59 20 ton*,
432 1529 84 25 Brown,
541 1530 43 19 laid
607 1537 36 19 up.

52 1557 78 26 Agent,
142 1557 67 20 Waitt
219 1558 40 19 aid
270 1558 74 26 Tyser.

80 1585 109 20 Schooner
205 1586 78 25 Maori,
297 1587 24 20 15
337 1589 56 18 tons.
423 1585 42 21 For
480 1586 35 19 the
530 1587 58 19 coast
604 1586 41 20 and

54 1613 91 20 Nelson.

81 1640 108 20 Schooner
206 1641 72 24 Mana,
294 1641 26 20 27
338 1643 57 23 torn,
407 1641 83 26 Swany.
520 1641 70 20 Willis
603 1642 41 20 and

54 1668 31 20 Co
97 1682 5 6 .
113 1668 90 26 Agents.

81 1696 107 20 Schooner
200 1696 116 26 Elizabeth,
335 1697 25 20 75
378 1699 58 21 tons,
450 1697 77 20 Smith.
555 1697 87 26 Agents,

52 1723 93 21 Wallace
156 1724 40 19 and
206 1724 39 20 Co.

81 1751 108 20 Schooner
198 1752 58 23 Jane,
270 1753 24 18 15
306 1754 56 22 tons,
373 1752 83 26 Vendy.
482 1753 76 26 Agent,
570 1753 71 21 Wade.

80 1779 108 20 Schooner
198 1779 82 26 Henry,
293 1781 25 19 17
330 1783 57 21 tons,
405 1781 120 26 Daymond.
555 1781 85 26 Agents,

52 1807 94 20 Wallace
155 1807 40 20 and
207 1807 38 20 Co.

81 1834 108 20 Schooner
202 1834 74 25 Union,
288 1836 26 19 35
327 1838 55 17 tons.

80 1862 82 26 Barque
181 1863 71 25 Eagle,
274 1864 41 19 438
336 1866 55 22 tons,
411 1864 101 26 Buckley.
552 1864 89 26 Agents,

52 1890 71 20 Willis
134 1890 41 19 and
187 1890 37 20 Co.

81 1918 74 19 Cutter
165 1918 113 24 Pickwick,
289 1919 26 20 38
327 1921 55 18 tons.
403 1920 89 24 Agents,
503 1920 86 20 Rhodes
600 1920 42 19 and

54 1946 38 20 Co.

79 1974 83 25 Barque
182 1974 102 24 Arachne,
306 1975 41 20 396
367 1977 56 22 tons,
439 1974 84 21 Pearce.
553 1975 87 26 Agents,

55 2001 70 20 Waitt
135 2001 42 20 and
189 2001 72 26 Tyser.

79 2028 108 20 Schooner
196 2029 120 26 Richmond,
328 2030 25 19 30
365 2031 56 23 tons,
438 2029 96 20 Sinclair.
563 2031 76 24 Agent,

50 2055 139 21 Fitzherbert.

77 2083 124 26 Brigantine
217 2083 68 25 Ariel,
308 2084 38 20 104
368 2086 55 23 tons,
447 2083 141 22 Cruikshank.
618 2085 21 21 J.

49 2110 73 24 Wade,
138 2111 76 25 Agent.

137 2170 292 23 METEOROLOGICAL
445 2172 108 22 TABLE.

73 2204 44 20 For
128 2203 35 19 the
172 2204 54 19 week
235 2203 75 26 ending
323 2204 119 25 Thursday,
454 2204 50 20 Oct.
517 2205 19 24 6,
550 2206 59 19 1842.

66 2295 48 16 1*42.

153 2272 51 16 Time
211 2272 19 16 of

149 2293 85 17 Observa-

167 2314 45 17 tion.

264 2282 56 16 Baro-

259 2305 64 15 meter.

341 2283 86 17 Thermo-

351 2306 65 15 meter.

455 2274 59 47 |||

454 2335 58 17 ON

557 2296 59 16 Wind.

601 2366 6 2 ~
627 2367 8 2 ~

53 2374 77 21 Friday...

53 2438 22 16 lat

53 2501 76 21 Inndtiy..

53 2564 76 21 ifonday.

170 2374 9 14 9

169 2395 52 19 Ip.m.

169 2416 10 16 4

170 2437 9 15 9

169 2458 46 20 lp.m

169 2479 10 15 4

169 2500 10 15 9

169 2521 53 21 lp.m.

169 2543 12 16 4

169 2564 10 15 9

170 2585 52 20 lp.m.

169 2627 10 15 9

169 2648 52 21 lp.m.

169 2670 11 16 4

169 2691 10 15 9

169 2712 22 21 lp
198 2717 24 12 m.

169 2755 11 15 9

171 2776 52 20 lp.m.

171 2797 10 16 4

263 2374 59 16 30.150

263 2396 20 15 30
292 2396 30 16 150

263 2418 58 15 30.055

262 2439 59 15 29.817

263 2459 58 16 29.740

263 2481 58 15 29.690

366 2375 38 15 55.3

365 2395 38 16 57.S

366 2416 27 16 57.

366 2439 27 15 55.

364 2460 29 15 56.

366 2481 27 15 57.

453 2399 58 15 None.

457 2462 58 16 None.

464 2526 38 15 0.03

465 2588 38 18 0.70

533 2377 107 23 N.W.byW.

533 2399 50 17 N.W.
589 2401 20 21 by
612 2402 28 18 W.

533 2420 50 18 N.W.
590 2423 50 20 by\V.

534 2441 51 18 N.W.

534 2463 64 18 North.

534 2484 64 17 North.

535 2505 51 18 N.W.

535 2526 51 18 N.W.

536 2547 50 19 N.W.

536 2568 16 16 N
561 2569 25 18 W.

535 2589 51 19 N.W.

536 2611 50 19 N.W.

535 2632 51 18 NW.

535 2654 51 18 N.W.

534 2675 52 18 N.W.

534 2697 40 17 S.E.

535 2718 40 17 S.E.

534 2739 40 16 S.E.

534 2761 41 16 S.E.

534 2781 63 17 South.

534 2802 63 17 South.

53 2627 76 21 Cuesday

263 2630 60 17 29743

263 2652 59 16 29.745

263 2673 59 16 29.740

262 2695 21 14 29
291 2695 31 16 970

262 2715 60 17 29.955

263 2736 59 17 29.960

263 2757 59 17 30.123

265 2779 58 16 30.130

263 2799 59 17 50.0;>5

366 2630 38 17 59.8

367 2653 18 15 (31
395 2652 9 15 5

366 2674 27 15 62.

465 2653 38 16 0.10

366 2717 28 15 55.

366 2738 27 16 57.

366 2759 27 16 57.

367 2780 37 15 61.5

366 2801 27 15 57.

455 2716 58 17 None.

53 2753 76 17 rhurt...

455 2779 58 17 None.

54 2852 75 22 Wday...

54 2915 23 17 lat

54 2979 75 21 innday..

54 3041 75 21 fonday.

171 2855 10 15 9

170 2876 53 20 Ip.m.

171 2897 11 16 4

171 2919 10 15 9

170 2940 53 19 Ip.m.

169 2962 11 14 4

169 2983 11 14 2

169 3004 54 19 Ip.m.

168 3025 12 16 4

169 3046 10 16 9

169 3067 54 20 Ip.m.

169 3088 12 15 4

169 3109 10 15 9

169 3130 54 20 Ip.m.

169 3172 10 15 9

169 3193 55 20 Ip.m.

169 3236 10 15 9

169 3256 55 20 Ip.m.

169 3277 12 16 4

381 2837 127 18 REMARKS.

251 2857 66 20 Strong
324 2857 61 17 breeze
394 2859 36 15 and
437 2859 43 16 fine.

251 2878 65 20 Strong
324 2879 61 16 breeze
394 2880 36 16 and
435 2882 87 16 overcast.

294 2898 34 18 l>a.
372 2900 35 17 Do.
452 2902 32 15 Do.

252 2920 56 16 Fiesh
318 2921 39 19 gale
365 2921 36 16 and
409 2922 71 21 cloudy.

293 2942 34 16 Do.
370 2942 34 17 Do.
447 2943 59 21 heavy
512 2943 45 17 rain.

292 2963 33 16 Do.
369 2963 33 17 Do.
447 2967 86 15 overcast.

251 2983 65 21 Strong
322 2984 39 20 gale
369 2985 36 16 and
414 2985 42 17 line.

292 3005 34 17 Do.
370 3006 37 16 Do.
449 3007 35 17 Do.

292 3026 33 16 Do.
368 3027 34 17 Do.
445 3027 34 17 Do.

249 3046 94 18 Moderate
351 3048 63 17 breeze
423 3049 35 16 and
466 3049 47 17 rain.

291 3069 33 16 Do.
367 3069 35 17 Do.
446 3070 34 17 Do.

292 3089 33 17 Do.
369 3090 33 17 Do.
446 3091 43 17 line.

249 3110 54 20 Light
311 3112 63 16 breeze
383 3112 36 16 and
427 3116 43 17 very
479 3113 40 16 fine.

291 3132 34 17 Do.
368 3133 34 16 Do.
446 3134 71 20 cloudy.

292 3153 32 16 Do.
367 3154 34 16 Do.
444 3154 35 17 Do.

249 3173 92 17 Moderate
348 3175 69 19 breeze,
425 3177 88 15 overcast.

249 3194 56 17 Fresh
313 3196 62 16 breeze
383 3196 36 16 and
428 3199 89 14 overcast.

292 3215 34 17 Do.
368 3217 34 16 Do.
446 3218 42 16 fine.

249 3236 53 20 Light
309 3237 62 16 breeze
378 3238 36 16 and
422 3243 43 15 very
472 3239 42 16 line.

249 3256 92 18 Moderate
349 3259 62 16 breeze
419 3259 37 17 and
463 3264 43 16 very
513 3260 41 17 fln.

249 3277 54 20 Light
366 3279 34 17 Do.
442 3280 35 17 Do.

54 3105 74 20 futtday

54 3168 35 17 fled

54 3230 42 18 nur
109 3242 19 6 ...

182 130 85 21 Town
281 130 85 20 Acres
380 130 53 19 For
449 130 68 18 Sale.

62 164 91 30 rpHE
172 163 92 22 TOWN
287 161 99 23 ACRES
407 159 125 23 numbered
553 167 30 15 on
606 159 37 23 the

68 183 30 30 JL
136 189 236 28 Surveyor-General's
381 188 54 27 plan
445 187 26 22 of
482 187 37 22 the
536 187 69 21 Town
620 194 23 15 as

60 217 85 23 follows
152 225 4 14 :

115 251 55 23 Nos.
185 252 39 22 227
233 250 43 23 and
286 251 41 21 242
335 248 199 27 Taranaki-street,

194 279 27 21 57
235 277 161 26 Nairn-street,

181 307 40 20 548
235 303 135 27 Hill-street,

182 333 39 22 748
232 330 43 22 and
285 331 42 22 674
336 330 159 26 Ellice-strett,

180 360 40 20 669
235 359 181 25 Sussex-square,

180 386 39 20 902
235 384 195 26 Adelaide-street,

180 413 40 20 899
235 410 177 26 Daniell-street,

194 439 25 21 31
236 438 18 22 E
269 437 146 27 Puni-street,

87 465 48 22 The
145 465 67 22 Town
223 465 59 21 Acre
293 464 43 22 No.
348 465 33 25 94,
399 463 53 22 with
468 462 36 23 the
522 463 62 27 large
601 462 42 22 and

58 492 151 22 commodious
229 491 68 22 house
313 490 89 22 erected
418 490 100 27 thereon,
534 490 109 27 presently

58 518 108 29 occupied
176 519 28 26 by
214 518 94 27 Captain
320 517 98 27 Daniell,
435 517 46 22 will
496 517 27 22 be
534 512 36 26 let
586 524 29 14 on
633 524 10 14 a

57 547 60 21 lease
127 547 35 21 for
171 547 24 21 21
206 552 71 20 years.
307 544 76 28 Apply
393 548 22 18 to

284 578 76 28 Hort,
377 578 123 27 Mocatta,
517 585 46 14 and
577 578 40 21 Co.

86 606 159 28 Septembers,
257 607 59 20 1842.

162 651 92 21 Seeds!
282 650 107 22 Seeds!!
410 651 81 20 Seeds
508 650 32 22 !!!

57 685 89 49 FOR
160 684 83 27 SALE,
254 684 30 27 by
293 684 38 22 the
343 684 152 27 undersigned
504 692 4 13 ::

117 712 21 21 A
155 712 85 21 various
255 715 131 18 assortment
400 711 26 22 of
440 718 48 15 new
502 711 69 27 seeds,
591 719 52 14 war-

57 738 80 22 ranted
146 745 74 20 grown
230 738 24 23 in
265 738 38 23 the
313 739 92 26 Colony.

352 770 112 19 William
477 770 139 19 Bannister.
