2529 4050
181 2402 96 16 SECOND
290 2397 71 22 DAYS'
372 2404 120 18 SITTINGS.

48 2434 116 16 SUPREME
187 2435 87 17 COURT.
277 2442 31 4 —
311 2437 66 16 CIVIL
405 2439 65 16 SIDE.
507 2440 120 16 WEDNES-

228 2470 59 21 DAY,
299 2471 113 16 OCTOBER
426 2467 23 21 5.

97 2492 4 4 '
109 2494 82 23 Before
203 2495 36 23 his
253 2496 79 23 Honor
343 2497 38 23 the
393 2498 69 23 Chief
472 2499 93 24 Justice.

84 2526 92 31 Wright
198 2536 23 15 v.
245 2529 120 30 Daymond
386 2531 47 23 and
456 2531 85 32 Young.
544 2546 32 4 —
578 2534 50 23 The

50 2567 50 16 case
118 2569 25 14 as
154 2562 18 23 it
190 2562 109 30 appeared
311 2571 28 15 on
358 2564 85 30 record,
457 2573 45 16 was
520 2571 40 19 not
573 2575 53 15 con-

49 2593 87 24 sidered
147 2595 30 30 by
187 2595 36 23 his
237 2596 78 24 Honor
324 2597 37 23 the
373 2597 81 32 Judge,
468 2608 23 14 as
502 2608 41 15 one
555 2601 73 24 suited

48 2626 34 23 for
94 2627 38 24 the
143 2627 144 25 deliberation
296 2630 25 23 of
329 2638 13 15 a
354 2630 65 32 Jury,
432 2633 43 22 and
487 2634 19 22 it
515 2641 45 16 was
572 2635 54 23 ulti-

47 2660 83 31 mately
141 2662 82 30 agreed
242 2667 20 19 to
281 2663 26 24 he
328 2664 98 24 referred
444 2670 22 19 to
485 2667 140 26 arbitration.

47 2692 49 25 The
116 2695 56 30 Jury
192 2695 82 31 having
296 2697 57 24 been
374 2700 128 30 previously
523 2709 72 15 sworn
614 2710 14 15 a

45 2727 92 29 verdict,
157 2736 45 15 was
219 2729 66 30 given
295 2730 35 23 for
348 2731 38 23 the
404 2732 100 31 plaintiff
518 2734 34 23 for
564 2736 62 28 £40,

45 2760 88 31 subject
155 2766 22 18 to
195 2769 14 15 a
229 2763 112 23 reference
358 2764 25 23 of
404 2764 38 23 the
461 2773 50 16 case
533 2771 22 18 to
578 2768 47 24 Mr.

45 2792 111 32 Murphy.

78 2825 73 33 Hogg
162 2835 22 15 v.
201 2826 77 24 Wade.
281 2841 32 3 —
316 2828 46 24 His
382 2829 82 25 Honor
482 2832 38 24 the
544 2832 82 33 Judge,

45 2858 92 25 deemed
154 2860 39 23 the
212 2865 56 19 state
282 2862 22 23 of
323 2862 37 23 the
372 2864 78 23 record
469 2865 23 23 in
510 2865 45 24 this
567 2875 59 21 case,

44 2890 120 33 precluded
183 2893 39 23 the
242 2895 128 31 possibility
381 2896 24 23 of
421 2898 96 32 sending
534 2900 19 23 it
573 2904 22 20 to
613 2909 15 15 a

44 2926 57 31 Jury
112 2927 35 23 for
158 2927 60 23 trial.

81 2959 92 31 Wright
188 2968 23 15 v.
233 2958 81 27 Munh.
316 2974 33 4 —
350 2961 75 33 Delay
447 2966 80 23 craved
543 2968 24 22 in
580 2968 46 23 this

45 2999 58 23 case,
123 2993 44 24 and
179 2994 120 24 consented
320 2999 31 24 to,
364 3003 60 24 upon
436 3004 107 25 payment
554 3001 24 23 of
588 3002 38 23 the

45 3031 58 18 costs
115 3027 106 23 incurred
233 3027 33 23 for
278 3027 48 24 that
338 3028 62 32 days'
412 3032 157 33 proceedings.

77 3058 80 26 Tody.
180 3059 72 24 Watt.
255 3072 33 5 —
288 3062 39 23 An
346 3063 73 23 action
437 3069 22 19 to
477 3073 92 17 recover
588 3069 38 22 the

45 3098 49 18 sum
106 3093 26 23 of
148 3094 72 24 £150
232 3094 101 31 sterling,
354 3104 24 15 as
391 3097 153 26 Commission
564 3109 61 22 upon

41 3126 39 24 .the
93 3127 46 23 sale
147 3128 25 23 of
181 3127 67 24 cattle
259 3128 42 22 and
314 3128 76 32 sheep,
403 3131 44 25 and
456 3132 96 25 founded
564 3142 61 23 upon

45 3167 12 15 a
68 3161 87 24 written
166 3166 136 25 agreement.
306 3163 91 23 entered
415 3164 48 23 into
473 3165 100 25 between
586 3168 39 24 the

43 3194 89 29 parties.
170 3194 51 24 The
230 3201 130 24 agreement
368 3204 46 16 was
421 3197 81 32 lodged
511 3200 25 22 in
545 3201 77 30 Court,

43 3226 43 24 and
103 3228 52 23 read
166 3228 31 30 by
209 3228 37 24 the
263 3228 128 32 Registrar.
426 3231 127 26 Witnesses
565 3242 58 16 were

44 3262 115 23 examined
177 3263 25 22 in
214 3267 87 26 respect
313 3267 23 19 to
354 3262 39 25 the
404 3265 62 30 price
478 3266 26 24 of
521 3267 65 24 stock
597 3269 26 22 in

42 3291 138 35 Wellington
202 3296 24 23 in
248 3298 72 27 1840,
344 3297 39 23 the
402 3298 79 31 period
499 3299 66 25 when
584 3302 39 23 the

42 3329 135 23 transaction
193 3329 114 30 occurred,
325 3335 39 19 out
376 3331 26 23 of
416 3331 73 24 which
506 3333 38 24 the
556 3333 67 25 claim

42 3366 28 16 on
88 3360 37 24 the
142 3366 50 26 part
210 3363 25 23 of
249 3363 37 24 the
304 3363 102 32 plaintiff
413 3373 79 17 sarose.
527 3366 96 26 Verdict

42 3392 33 23 for
85 3394 101 29 plaintiff
193 3396 54 26 £27
260 3398 44 29 65.,
317 3398 53 23 with
384 3403 68 19 costs.

73 3424 112 27 Shandy.
199 3427 99 33 Hunter,
317 3429 38 26 St.
368 3431 63 30 Hill,
444 3432 99 30 Breaer,
558 3434 63 30 Guy-

41 3460 44 28 ton,
96 3460 45 23 and
151 3460 83 25 others.
236 3474 33 5 —
269 3464 38 23 An
324 3465 75 23 action
411 3465 35 25 for
460 3466 38 25 the
515 3474 107 24 recovery

41 3492 24 22 of
73 3493 54 23 £50
139 3494 101 31 sterling,
252 3504 25 15 or
289 3498 55 23 such
357 3498 64 24 other
428 3507 51 16 sum
491 3509 26 16 as
529 3509 52 23 may
593 3502 28 23 be

40 3524 70 25 found
120 3525 50 30 due,
188 3527 34 23 for
231 3528 37 23 the
280 3537 39 16 use
331 3531 45 24 and
386 3535 133 30 occupation
532 3535 26 23 of
572 3535 49 24 that

40 3559 87 28 portion
139 3560 25 22 of
179 3559 62 30 land,
254 3562 96 25 situated
367 3573 30 15 on
415 3566 115 25 Lambton
543 3568 76 32 Quay,

201 3594 43 23 and
256 3602 26 16 on
290 3595 71 25 which
374 3598 43 27 the
417 3598 129 27 Wakefield
561 3601 58 25 Club

39 3631 48 17 now
99 3627 85 23 stands.
222 3627 47 25 Mr.
284 3627 96 27 Hanson
389 3633 124 25 conducted
521 3635 38 23 the
569 3643 50 17 case

39 3657 34 23 for
89 3658 38 25 the
145 3660 104 31 plaintiff,
269 3661 43 24 and
331 3662 46 26 Mr.
398 3665 91 27 Brewer
508 3669 110 31 appeared

39 3690 33 23 for
89 3692 38 23 the
143 3693 139 31 defendants,
318 3695 23 24 A
358 3698 87 32 variety
462 3701 25 23 of
501 3702 118 24 witnesses

39 3730 55 17 were
107 3726 117 24 examined
242 3728 54 23 both
308 3728 35 24 for
353 3730 100 30 plaintiff
468 3735 43 23 and
524 3735 94 24 defend-

40 3761 54 25 ants,
115 3759 42 24 and
170 3759 39 24 the
221 3761 104 24 evidence
343 3763 66 31 given
421 3765 89 26 shewed
531 3768 38 24 the
579 3777 38 17 ra-

38 3790 70 32 pidity
120 3792 52 24 with
188 3793 73 24 which
272 3794 38 25 the
322 3796 65 24 value
400 3797 25 23 of
439 3798 60 31 land,
511 3800 84 34 having
605 3811 14 16 a

38 3820 68 28 beach
122 3826 111 32 frontage,
254 3827 43 25 had
313 3829 62 23 risen
393 3831 24 22 in
436 3831 37 24 the
489 3834 129 26 immediate

38 3857 182 30 neighbourhood
231 3860 25 24 of
264 3860 38 25 the
313 3863 90 30 portion
414 3864 25 24 of
449 3865 52 24 land
513 3867 24 24 in
549 3876 67 24 ques-

38 3888 52 26 tion.
126 3892 50 24 The
188 3893 73 32 Judge
270 3897 132 23 summoned
411 3905 31 24 up
454 3898 37 24 the
501 3901 114 27 evidence.

38 3922 49 25 The
97 3932 51 17 case
159 3927 110 31 appeared
287 3937 14 15 a
311 3929 82 32 simple
410 3938 50 23 one,
481 3940 25 16 as
518 3933 100 32 brought

38 3955 72 27 before
120 3959 38 24 the
176 3959 64 33 Jury.
276 3961 51 25 The
337 3963 103 31 plaintiff
452 3965 73 26 asked
540 3975 14 17 a
566 3977 51 17 buio

720 1621 70 24 Port
797 1621 101 24 Natal.
900 1634 34 5 —
935 1623 57 23 The
1000 1623 93 24 Boers.
1096 1636 31 4 —
1130 1624 38 23 On
1176 1625 74 23 Tues-

662 1654 51 30 day,
737 1656 57 22 26th
818 1655 76 31 April,
919 1656 95 24 Colonel
1038 1657 50 23 Fox
1111 1658 81 23 moved
1216 1658 34 24 for

662 1688 76 30 copies
758 1696 23 16 or
800 1694 101 18 extracts
924 1689 57 24 from
1006 1698 43 23 any
1073 1696 77 18 recent
1168 1691 83 24 official

661 1722 144 23 information
825 1723 102 23 received
946 1723 30 31 by
995 1724 40 23 her
1053 1724 123 31 Majesty's
1200 1726 49 22 Go-

660 1760 119 18 vernment
802 1755 59 24 from
885 1756 37 24 the
946 1757 63 31 Cape
1032 1758 26 22 of
1084 1757 66 24 Good
1181 1758 68 32 Hope

660 1790 130 30 respecting
801 1789 38 24 the
851 1795 92 25 present
954 1791 108 23 relations
1075 1792 26 22 of
1110 1792 37 22 the
1161 1792 88 31 Colony

660 1822 55 22 with
728 1821 37 24 the
776 1823 153 30 independent
950 1824 72 23 Boers
1040 1825 51 22 who
1110 1826 137 23 established

661 1855 135 24 themselves
809 1861 23 18 at
845 1857 56 23 Port
920 1857 77 29 Natal,
1017 1858 103 31 together
1138 1859 53 23 with
1204 1867 44 22 any

660 1889 144 24 information
816 1898 26 14 as
854 1894 22 19 to
887 1889 37 25 che
936 1895 121 20 treatment
1067 1892 24 23 of
1106 1893 39 22 the
1157 1894 88 22 natives

660 1922 26 23 of
701 1922 74 24 South
787 1924 81 23 Africa
879 1924 30 30 by
920 1924 38 23 the
971 1925 48 23 said
1032 1925 71 23 Boers
1114 1934 6 20 ;
1144 1926 47 23 also
1204 1934 43 22 any

659 1956 148 24 instructions
820 1957 49 23 that
881 1965 51 22 may
948 1958 59 23 have
1024 1959 57 22 been
1101 1964 51 18 sent
1171 1964 22 18 to
1211 1959 36 23 the

660 1988 156 24 Government
836 1990 25 22 of
884 1989 37 24 the
936 1991 63 30 Cape
1011 1991 25 23 of
1052 1991 65 23 Good
1142 1992 67 30 Hope
1219 2000 28 14 on

659 2021 65 23 these
736 2022 101 30 subjects
849 2023 30 30 by
891 2023 40 23 her
944 2023 121 31 Majesty's
1079 2024 164 25 Government.

659 2054 52 23 The
724 2055 74 30 points
811 2055 29 23 he
852 2056 87 23 desired
950 2057 136 30 principally
1098 2062 22 19 to
1133 2059 74 22 arrive
1224 2063 23 18 at

659 2095 58 15 were
719 2100 33 4 —
752 2088 57 29 first,
819 2088 101 24 whether
939 2091 18 22 it
974 2098 47 15 was
1040 2091 106 23 intended
1168 2096 22 18 to
1210 2100 36 15 re-

659 2122 94 30 cognize
765 2122 38 23 the
814 2122 170 31 independence
997 2124 24 23 of
1036 2124 37 23 the
1091 2124 72 24 Boers
1173 2134 6 20 ;
1193 2125 51 29 and,

658 2155 115 30 secondly,
788 2155 101 24 whether
906 2156 54 31 they
977 2157 72 23 would
1069 2158 28 23 be
1115 2159 129 30 permitted,

659 2196 25 15 as
696 2188 19 23 it
725 2196 45 16 was
790 2190 74 22 stated
885 2189 48 24 that
952 2190 54 31 they
1025 2191 92 29 wished,
1142 2197 22 17 to
1181 2193 64 29 place

658 2221 137 24 themselves
807 2223 72 23 under
891 2224 38 22 the
941 2225 115 30 authority
1068 2225 25 23 of
1108 2225 38 23 the
1166 2225 79 24 Dutch

659 2263 25 14 or
695 2263 63 16 some
771 2256 63 23 other
842 2256 87 32 foreign
938 2258 123 31 European
1070 2258 158 24 Government
1235 2260 9 23 ?

657 2301 34 4 —
693 2289 62 23 Lord
767 2289 96 32 Stanley
874 2298 57 23 gave
941 2300 14 14 a
966 2291 88 31 history
1074 2292 25 23 of
1115 2293 37 23 the
1173 2294 72 30 exody

658 2322 26 23 of
699 2322 37 23 the
760 2323 72 24 Boers
851 2324 57 23 from
932 2325 37 23 the
994 2325 87 32 colony,
1104 2326 44 24 and
1172 2327 73 23 would

658 2361 60 18 most
736 2357 116 30 distinctly
870 2366 40 23 say
931 2359 49 23 that
996 2359 40 23 her
1055 2360 122 30 Majesty's
1197 2361 47 22 Go-

658 2395 118 18 vernment
798 2391 74 23 would
893 2397 39 18 not
952 2394 126 29 recognise,
1103 2394 74 22 would
1206 2400 39 18 not

658 2423 152 32 acknowlege,
831 2425 44 23 and
895 2426 71 23 would
979 2426 128 31 effectually
1120 2427 68 23 resist
1202 2435 42 23 any

658 2462 95 27 attempt
765 2465 28 16 on
806 2458 39 23 the
864 2463 51 26 part
936 2460 24 22 of
984 2460 37 22 the
1046 2460 71 23 Boers
1138 2467 22 17 to
1180 2462 64 30 place

658 2490 135 24 themselves
825 2492 73 23 under
932 2501 13 14 a
983 2493 85 31 foreign
1108 2496 134 29 protection.

658 2522 99 33 (Hear.)
792 2525 64 24 With
869 2526 80 31 regard
969 2531 23 19 to
1011 2526 38 24 the
1066 2535 82 24 papers
1166 2529 78 23 moved

656 2557 43 28 for,
709 2558 29 23 he
748 2558 98 31 thought
857 2559 18 24 it
887 2561 62 30 quite
962 2561 76 30 fitting
1056 2561 49 23 that
1124 2561 29 24 all
1174 2562 69 23 docu-

657 2596 74 18 ments
744 2593 122 23 connected
882 2594 53 22 with
955 2594 38 23 the
1012 2594 117 24 historical
1146 2596 57 22 view
1223 2596 24 23 of

657 2624 37 24 the
718 2627 105 29 question
847 2626 81 24 should
950 2628 29 23 be
1001 2627 80 31 placed
1103 2629 78 23 before
1206 2629 38 23 the

656 2658 79 29 house,
758 2659 42 23 but
823 2660 29 23 he
875 2661 73 23 would
972 2661 85 30 modify
1081 2662 38 23 the
1148 2663 94 28 motion,

656 2690 73 24 which
752 2700 45 16 was
821 2695 83 29 agreed
927 2699 30 24 to,
981 2695 31 30 by
1032 2695 92 31 leaving
1144 2700 40 19 out
1207 2696 37 24 the

657 2725 86 30 epithet
771 2726 182 31 'independent,'
976 2729 43 23 &c.
1022 2742 33 3 —
1056 2729 68 23 After
1157 2737 12 15 a
1202 2730 42 23 few

656 2759 74 22 words
752 2759 59 23 from
834 2760 48 24 Mr.
908 2761 79 24 Hume
1018 2763 43 22 and
1091 2763 64 23 Lord
1184 2763 60 24 John

657 2790 101 30 Russell,
772 2792 39 23 the
822 2801 82 22 papers
915 2802 57 16 were

691 2829 50 24 The
764 2830 104 23 columns
891 2832 24 23 of
936 2833 40 23 the
1000 2833 95 24 Gazette
1115 2836 92 22 contain
1231 2844 13 15 a

657 2862 70 23 series
748 2863 24 23 of
788 2868 99 19 extracts
908 2866 43 23 and
973 2867 96 29 original
1087 2868 156 25 observations

657 2902 27 15 on
698 2895 38 24 the
747 2902 140 19 movements
900 2899 43 23 and
955 2907 55 23 very
1021 2901 103 30 singular
1144 2903 99 30 position

657 2928 25 23 of
698 2929 38 23 the
748 2930 96 31 original
855 2931 79 24 Dutch
946 2932 91 24 settlers
1055 2935 24 21 in
1098 2935 37 22 the
1156 2936 87 31 Colony

656 2962 25 23 of
696 2962 38 24 the
747 2963 62 31 Cape
819 2964 26 23 of
856 2964 65 24 Good
934 2965 78 31 Hope.
1049 2966 50 24 Our
1111 2968 45 22 last
1167 2970 74 22 notice

655 2995 46 23 will
712 2996 28 23 be
752 2997 71 23 found
835 2997 24 23 in
871 2997 38 24 the
921 2998 95 24 Gazette
1036 3000 25 23 of
1077 3001 101 24 October
1199 3004 42 28 Ist,

655 3030 146 31 announcing
814 3030 37 23 the
861 3039 54 23 very
926 3032 98 24 decisive
1041 3038 61 27 steps
1122 3034 69 24 taken
1213 3036 28 31 by

655 3062 38 23 the
701 3062 119 25 Governor
830 3069 23 18 at
864 3064 38 24 the
915 3065 70 32 Cape,
999 3067 43 23 and
1055 3067 39 24 the
1102 3076 139 23 consequent

654 3096 110 31 complete
778 3098 153 24 discomfiture
943 3100 27 23 of
991 3100 37 23 the
1047 3101 96 31 original
1162 3102 80 25 Dutch

654 3130 90 23 settlers
762 3131 24 23 in
805 3131 39 24 the
863 3132 52 23 land
927 3137 23 19 to
967 3132 73 25 which
1054 3135 54 31 they
1122 3135 45 24 had
1185 3138 55 22 emi-

653 3163 87 30 grated.
787 3163 52 25 The
858 3165 69 24 above
940 3171 88 19 extract
1039 3176 44 16 was
1098 3170 107 30 wanting,
1217 3171 24 23 in

654 3203 40 16 our
706 3197 99 31 opinion,
819 3203 22 19 to
853 3199 90 31 explain
957 3200 56 32 fully
1026 3201 37 24 the
1082 3207 64 27 steps
1168 3203 69 24 taken

652 3229 31 31 by
703 3229 37 24 the
762 3234 190 28 representatives
971 3234 26 23 of
1019 3235 39 23 the
1077 3236 89 24 British
1190 3237 50 24 Go-

652 3269 120 18 vernment
786 3269 24 19 at
828 3265 38 23 the
886 3266 70 32 Cape,
976 3269 89 29 against
1083 3270 39 23 the
1146 3270 93 24 descen-

652 3295 66 24 dents
739 3297 25 23 of
780 3306 14 15 a
811 3305 61 21 race,
891 3302 132 29 possessing
1041 3303 105 30 qualities
1165 3304 25 23 of
1210 3313 29 15 no

652 3329 105 32 ordinary
770 3330 57 24 kind
828 3344 33 3 —
862 3339 33 16 we
913 3341 67 16 mean
1000 3334 39 24 the
1057 3335 89 26 Dutch.
1190 3337 49 24 The

652 3362 70 24 Natal
744 3364 143 31 immigrants
890 3378 30 4 —
922 3366 146 32 independent
1088 3369 82 30 Boers,
1195 3371 44 24 will

652 3403 32 16 we
699 3396 45 24 feel
755 3398 109 29 satisfied,
877 3406 68 17 never
958 3401 85 23 submit
1054 3406 23 19 to
1096 3403 39 24 the
1153 3409 85 25 system

652 3433 23 19 at
686 3434 92 26 present
789 3431 104 24 followed
901 3432 30 32 by
940 3433 38 24 the
988 3434 85 24 British
1082 3436 158 26 Government

652 3467 23 18 at
685 3462 39 24 the
736 3464 70 31 Cape.
842 3464 67 33 They
920 3467 47 23 will
979 3467 76 24 obtain
1068 3470 58 23 their
1138 3470 100 25 freedom

640 3491 2 39 |
652 3503 25 16 or
685 3497 77 30 perish
774 3501 25 20 to
811 3505 14 16 a
835 3506 53 16 man
897 3508 6 20 ;
917 3500 55 31 they
983 3509 38 15 are
1029 3501 140 26 determined
1178 3512 59 24 upon

651 3528 17 24 it
677 3538 5 20 ;
703 3529 58 25 their
778 3530 92 33 leaving
889 3532 37 25 the
947 3539 95 27 country
1059 3537 27 22 of
1099 3537 60 24 their
1178 3537 61 25 birth

651 3560 49 32 (the
712 3563 186 31 neighbourhood
909 3566 27 24 of
950 3567 38 24 the
1008 3568 74 33 Cape)
1101 3571 136 32 sufficiently

650 3596 84 31 proved
745 3597 55 29 this,
812 3598 45 23 and
873 3606 44 18 was
937 3601 79 31 highly
1033 3603 170 24 characteristic
1215 3605 26 23 of

651 3629 58 24 their
720 3631 101 23 national
832 3633 161 29 peculiarities.
1018 3635 66 33 They
1096 3645 39 15 are
1143 3636 95 26 difficult

650 3667 23 19 to
684 3671 75 21 rouse,
771 3664 43 23 but
825 3664 64 25 when
908 3667 82 25 roused
1013 3670 91 31 equally
1124 3670 113 25 obstinate

649 3697 24 22 in
685 3696 136 32 submitting
831 3702 24 19 to
867 3699 60 25 what
938 3701 54 31 they
999 3703 104 24 consider
1110 3703 127 32 objection-

649 3729 58 25 able.

682 3768 178 26 Emigration.
863 3783 33 5 —
903 3772 52 24 The
978 3773 47 24 tide
1047 3774 25 24 of
1099 3776 136 30 emigration

648 3802 105 23 continue
766 3807 22 18 to
801 3803 51 23 flow
864 3805 54 24 with
929 3806 114 23 unabated
1059 3807 108 31 velocity.
1202 3809 35 24 At

647 3834 57 39 four^
718 3835 89 24 o'clock
825 3838 120 31 yesterday
965 3838 137 33 (Monday,)
1113 3841 40 23 the
1174 3840 63 26 John

650 3867 76 25 White
737 3869 89 23 cleared
845 3874 39 20 out
903 3871 55 24 with
978 3874 48 22 140
1045 3881 138 23 passengers
1200 3876 36 23 for

647 3901 103 26 Quebec.
778 3902 52 24 The
840 3902 80 31 Bryan
927 3904 65 24 Abba
1002 3905 104 25 followed
1119 3907 54 23 with
1188 3910 47 22 150

645 3942 137 24 passengers
801 3935 34 24 for
855 3936 38 25 the
911 3944 63 17 same
994 3938 146 27 destination.
1177 3940 58 26 This

645 3968 107 32 morning
758 3966 142 37 (Tuesday,)
906 3970 40 26 the
953 3970 75 33 Ariel,
1036 3973 55 25 with
1099 3973 33 28 72
1138 3982 96 24 pasien-

565 42 98 48 &&*
687 43 120 43 Wteto
831 43 213 42 Z&talanb
1069 44 192 41 t&anttt
1286 44 92 41 anb
1403 46 302 49 miMinqton
1730 45 254 52 &pirtator*

71 141 50 26 and,
142 139 55 23 after
214 137 36 21 the
268 136 47 20 first
332 134 101 26 election,
454 134 30 28 by
499 132 70 24 ballot
586 133 56 22 from

73 174 76 19 among
163 165 37 22 the
217 162 112 25 members,
348 160 42 22 and
406 161 48 21 that
471 160 39 22 the
530 160 114 21 President

71 195 27 22 he
108 193 109 23 chairman
228 189 26 21 of
258 188 37 21 the
305 187 134 22 Committee.

96 221 57 22 That
162 218 36 21 the
209 215 113 22 President
330 215 34 21 for
374 215 37 21 the
421 215 48 22 first
480 221 53 21 year
541 214 28 21 be
579 214 22 21 J.
616 213 26 22 T.

73 243 129 26 Wicksteed,
214 243 51 26 Esq.
547 268 6 5 #

95 273 56 22 That
160 270 37 22 the
207 269 129 21 Committee
351 271 82 19 consist
443 268 26 22 of
479 268 38 22 the
534 268 60 26 eight
604 268 40 21 fol-

67 299 79 25 lowing
155 303 95 21 persons,
261 295 110 22 exclusive
382 295 27 22 of
414 295 37 22 the
463 294 119 27 President,
595 294 48 22 who

68 325 42 23 -will
120 325 56 21 have
186 330 12 14 a
208 322 86 28 casting
309 325 48 19 vote
367 326 24 18 at
406 322 29 22 all
450 322 108 26 meetings
570 321 26 22 of
606 321 37 22 the

68 352 86 26 Society
162 358 4 13 :
168 360 29 5 —

66 382 89 28 Captain
166 381 68 28 King,
246 381 67 26 R.N.,
367 381 43 22 Mr.
422 381 58 22 John
491 381 90 27 Nairne,

66 410 74 21 James
150 409 107 26 Webster,
270 409 60 27 Esq.,
365 408 73 22 Josias
449 408 81 27 Flight,
545 409 56 26 Esq.,

65 435 95 22 William
175 435 76 27 Halse,
264 435 58 28 Esq.,
365 435 276 28 Steph.Gillingham,E3q.

66 463 57 21 John
136 463 27 20 G.
176 462 80 26 Cooke,
268 462 57 27 Esq.,
365 462 87 27 George
463 461 101 27 Cutfield,
576 462 52 26 Esq.

90 494 58 22 That
165 494 38 22 the
223 495 114 27 Secretary
355 494 45 21 and
417 494 119 22 Treasurer
551 494 27 21 be
597 493 44 22 Mr.

64 520 97 23 Richard
170 521 110 22 Chilman.

89 548 58 22 That
157 548 36 21 the
209 548 130 22 Committee
354 548 27 22 be
397 547 121 22 instructed
533 550 22 19 to
571 548 70 21 frame

64 574 43 22 and
117 578 72 24 leport
200 583 12 13 a
221 578 81 23 system
313 575 25 21 of
344 574 105 28 bye-laws
457 575 34 21 for
500 574 37 21 the
547 581 95 19 govern-

64 605 61 18 ment
140 602 25 21 of
182 602 35 21 the
234 602 95 27 Society,
345 602 43 21 and
407 602 57 21 their
482 604 73 24 report
572 604 24 17 to
612 600 28 21 be

64 629 112 27 presented
186 631 21 19 to
215 629 38 21 the
264 628 112 22 Members
384 636 25 14 as
423 635 52 15 soon
490 635 23 14 as
529 628 18 21 is
560 628 81 26 practi-

62 654 68 23 cable.

88 682 58 21 That
153 682 37 21 the
201 682 112 26 Secretary
319 682 28 21 be
357 681 97 22 directed
464 684 23 18 to
493 688 56 20 open
560 688 12 15 a
583 681 57 22 book

63 712 21 18 to
94 708 87 22 receive
196 708 155 27 subscriptions
360 708 45 22 and
422 707 124 29 donations,
558 710 45 21 and
617 711 23 19 to

63 736 60 21 enrol
134 736 119 21 Members.

88 762 46 22 The
145 762 79 21 thanks
234 762 26 21 of
267 762 36 21 the
308 762 96 26 meeting
413 762 84 26 having
506 762 57 22 been
573 763 67 22 voted

61 792 21 18 to
93 789 50 21 Mur-
147 788 127 23 Wicksteed
291 789 34 22 for
337 789 35 22 his
386 789 50 22 able
452 790 97 21 conduct
563 790 23 22 in
602 790 37 22 the

63 815 64 27 chair,
146 816 44 22 Mr.
209 815 132 28 Wicksteed,
361 817 23 21 in
405 816 183 28 acknowledging
603 817 36 21 the

62 850 65 19 same,
144 842 142 22 commented
303 851 28 13 on
347 843 37 21 the
401 847 62 23 great
478 844 56 27 good
547 844 92 22 effected

60 870 29 26 by
117 868 36 23 the
183 869 137 28 Wellington
352 870 161 22 Horticultural
543 871 94 27 Society,

61 896 132 28 anticipated
202 897 83 21 similar
294 896 77 22 results
381 901 23 18 at
413 898 117 22 Taranaki.

86 923 46 22 The
141 924 97 26 meeting
249 923 52 22 then
308 924 67 22 broke
386 932 36 19 up.

670 133 26 23 of
705 134 62 28 £50,
787 134 35 22 for
834 133 38 23 the
884 140 40 16 use
936 133 43 23 and
991 134 133 29 occupation
1140 134 25 22 of
1182 142 13 15 a
1207 141 50 17 cer-

670 167 49 22 tain
738 167 90 31 portion
840 165 25 24 of
886 165 53 23 land
961 165 33 24 for
1018 174 14 14 a
1053 165 88 24 limited
1169 167 87 31 period.

670 199 97 25 Verdict
785 200 34 23 for
839 198 39 23 the
896 198 101 32 plaintiff
1010 199 53 24 £45
1086 200 95 30 sterling
1203 200 55 24 with

671 237 70 19 costs.

703 264 82 24 Evans
797 272 20 17 v.
831 263 148 25 Hornbrook.
981 276 33 5 —
1015 264 40 24 An
1078 266 74 23 action
1174 271 23 19 to
1221 274 37 16 re-

671 306 67 16 cover
750 298 38 23 the
800 305 51 15 sum
861 297 26 23 of
901 297 69 24 £101
984 299 52 22 19s.
1050 297 39 25 2d.
1103 299 104 31 sterling,
1220 300 36 23 for

671 331 66 24 value
749 331 23 23 in
784 330 70 32 goods
873 330 118 23 furnished
1012 331 30 31 by
1061 331 38 24 the
1117 332 103 30 plaintiff
1235 337 23 19 to

671 364 130 24 defendant.
839 363 57 23 Plea
906 368 36 18 set
953 372 29 23 up
993 363 32 32 by
1044 364 128 31 defendant,
1220 370 38 20 not

844 396 48 23 Mr.
906 395 98 25 Hanson
1017 398 124 23 conducted
1154 400 39 22 the
1207 407 51 16 case

670 431 36 22 for
728 430 37 23 the
789 428 104 32 plaintiff,
915 430 44 22 and
982 430 48 24 Mr.
1053 431 91 24 Brewer
1167 433 35 23 for
1220 433 38 23 the

670 463 129 24 defendant.
844 462 52 23 The
908 463 63 23 chief
985 464 106 23 evidence
1108 464 103 25 adduced
1233 466 24 23 in

670 496 46 23 this
728 504 51 14 case
792 503 45 16 was
848 496 68 29 given
929 496 30 31 by
971 496 48 24 Mr.
1033 497 60 23 John
1105 497 79 30 Wade,
1197 499 59 29 who,

669 537 25 15 as
707 534 67 25 agent
786 530 23 21 in
983 530 35 23 for
1030 530 38 23 the
1086 531 50 23 firm
1153 532 25 23 in
1197 532 59 31 Syd-

669 570 44 23 ney
724 567 22 17 to
758 562 72 23 which
849 562 40 23 the
906 563 101 29 plaintiff
1023 563 101 31 belongs,
1145 564 44 24 had
1208 566 49 23 sold

668 595 39 23 the
720 595 70 30 goods
802 600 21 18 to
837 595 129 24 defendant.
1010 596 50 23 The
1072 597 40 23 bill
1125 598 26 23 of
1165 599 89 30 parcels

658 635 2 22 i
668 628 120 24 furnished
800 633 24 19 to
840 628 129 29 defendant,
989 630 104 30 together
1110 630 54 24 with
1185 640 14 15 a
1217 632 39 24 bill

668 662 35 23 for
722 663 37 22 the
778 667 94 18 amount
894 670 58 15 were
972 663 77 24 drawn
1070 664 23 22 in
1105 664 38 23 the
1156 672 65 16 name
1232 666 26 23 of

668 695 98 24 Messrs.
786 696 59 23 John
863 696 44 23 and
927 696 91 31 George
1034 696 79 29 Wade,
1133 698 45 22 and
1189 699 65 23 made

667 729 95 31 payable
780 734 22 18 to
821 729 70 24 them.
940 729 83 24 Hence'
1044 730 37 23 the
1100 731 51 30 plea
1169 739 29 16 on
1218 732 37 23 the

666 767 53 26 part
742 763 25 23 of
786 762 122 24 defendant
932 763 25 23 of
999 769 39 17 not
1226 765 29 23 In

668 803 87 16 answer
767 800 23 19 to
802 804 13 15 a
827 797 105 30 question
941 802 40 25 put
988 797 30 31 by
1029 797 121 31 plaintiff's
1163 800 92 23 counsel

668 828 47 24 Mr.
743 829 71 23 Wade
842 830 74 22 stated
919 842 31 3 —
953 830 47 23 that
1026 835 79 26 agents
1129 831 126 32 invariably

668 867 52 18 sent
731 863 23 22 in
767 863 51 22 bills
832 863 24 23 of
873 863 86 30 parcels
968 863 35 23 for
1013 863 70 30 goods
1093 863 48 24 sold
1154 864 29 31 by
1192 865 61 24 them

666 896 24 22 in
705 895 57 23 their
771 904 49 14 own
839 904 87 20 names,
950 897 42 22 and
1012 898 49 21 that
1079 897 54 30 they
1154 905 57 16 were
1231 900 22 22 in

668 929 38 22 the
725 934 104 18 constant
846 929 65 23 habit
934 930 23 22 of
972 931 116 30 receiving
1105 936 108 26 payment
1233 933 23 22 of

666 962 56 23 such
745 962 59 23 sales
823 962 78 23 unless
920 964 84 29 special
1021 969 157 25 arrangement
1197 973 57 16 were

665 995 130 30 previously
807 995 72 23 made.
917 996 46 23 Mr.
986 996 97 24 Hanson
1103 997 51 31 pled
1173 998 48 24 that
1241 1008 13 14 a

666 1035 51 16 case
734 1036 51 22 may
803 1028 57 23 have
880 1030 107 22 occurred
1004 1035 22 17 to
1051 1030 37 24 the
1111 1031 65 32 Jury,
1202 1032 25 23 of
1242 1041 12 15 a

665 1060 79 24 debtor
757 1062 102 30 refusing
870 1066 22 19 to
905 1070 44 23 pay
967 1071 29 15 an
1016 1069 75 25 agent,
1110 1066 24 22 in
1155 1073 51 15 case
1226 1066 27 23 he

665 1094 81 23 should
758 1094 28 24 be
797 1095 132 24 afterwards
942 1097 70 23 called
1026 1105 59 23 upon
1098 1103 22 18 to
1133 1106 69 24 repay
1216 1099 37 24 the

665 1134 92 17 amount
770 1133 21 19 to
804 1129 38 23 the
854 1130 110 30 principal
985 1130 41 23 but
1044 1132 23 21 in
1086 1131 43 23 this
1147 1140 52 15 case
1216 1133 37 23 the

665 1161 110 31 principal
787 1170 45 15 was
843 1162 95 24 himself
947 1163 37 23 the
994 1164 105 31 plaintiff.

699 1199 50 24 The
779 1201 74 31 Judge
882 1202 104 23 summed
1015 1211 39 23 up.
1056 1216 34 3 —
1093 1204 45 23 His
1167 1204 84 24 Honor

664 1233 120 24 remarked
806 1234 50 24 that
877 1235 38 23 the
939 1244 49 15 case
1011 1244 45 15 was
1077 1245 12 14 a
1108 1238 82 31 simple
1202 1246 49 21 one,

664 1266 44 24 and
729 1267 75 23 rested
823 1268 83 31 chiefly
924 1277 28 14 on
971 1269 39 23 the
1029 1270 105 24 evidence
1156 1272 22 22 of
1204 1272 47 23 Mr.

663 1299 61 24 John
737 1300 79 29 Wade,
828 1301 51 23 who
892 1302 44 22 had
948 1302 73 23 stated
1033 1303 49 23 that
1093 1304 24 23 in
1127 1304 37 23 the
1173 1306 80 23 month

664 1334 25 23 of
704 1334 67 29 June,
790 1334 43 23 and
853 1334 87 32 shortly
957 1336 57 23 after
1032 1336 38 23 the
1089 1337 50 23 date
1165 1339 26 22 of
1213 1339 40 23 the

663 1367 55 28 sale,
730 1367 28 23 he
767 1367 52 29 had,
828 1369 159 30 accompanied
996 1369 30 30 by
1034 1369 128 30 defendant,
1172 1372 80 23 waited

663 1408 29 16 on
706 1400 37 24 the
757 1401 105 31 plaintiff,
882 1404 133 29 requesting
1033 1404 47 22 him
1099 1409 22 17 to
1141 1406 51 29 sign
1215 1405 37 24 the

663 1434 41 23 bill
715 1435 34 22 for
758 1434 39 24 the
809 1440 101 23 amount,
924 1436 42 23 and
979 1436 73 23 which
1065 1437 122 24 defendant
1199 1446 52 23 pro-

663 1468 73 23 mised
748 1473 22 18 to
783 1468 36 24 do.
821 1480 34 5 —
856 1468 86 24 verdict
953 1470 35 23 for
999 1470 37 23 the
1054 1470 106 31 plaintiff,
1180 1473 68 23 £101

665 1503 51 22 19s.
731 1501 48 30 2d.,
793 1502 54 23 with
861 1507 67 19 costs.

720 1564 198 24 ENGLISH
948 1566 243 25 EXTRACTS.

61 976 28 20 To
99 977 35 19 the
143 977 76 20 Editor
228 977 28 23 of
268 978 34 19 the
337 978 53 19 New
400 978 92 20 Zealand
504 978 84 20 Gazette
597 978 41 19 and

212 1004 125 25 Wellington

85 1038 44 23 Sir,
135 1049 25 3 —
162 1038 36 21 An
205 1038 176 27 advertisement,
390 1038 58 27 truly
459 1038 127 27 laughable,
598 1046 38 20 ap-

61 1065 78 27 peared
148 1065 22 21 in
181 1071 54 19 your
245 1071 66 20 paper
322 1065 24 20 of
352 1064 116 27 Saturday,
478 1066 57 21 from
546 1065 37 22 the
593 1073 42 20 pen

61 1091 24 21 of
101 1091 43 21 Mr.
166 1091 107 21 Rowland
292 1091 79 26 Davis;
398 1092 181 27 complimenting
598 1092 37 22 the

61 1125 35 13 one
104 1119 93 19 hundred
206 1118 41 20 and
257 1119 77 19 sixteen
344 1119 123 20 unsolicited
475 1126 97 20 persons,
586 1118 49 23 who

61 1153 54 14 were
130 1145 150 27 independent
290 1145 84 27 enough
385 1149 22 18 to
423 1149 52 18 vote
489 1146 35 21 for
540 1146 54 22 him.
625 1146 9 22 I

59 1172 55 21 have
125 1172 59 21 often
196 1172 93 26 thought
296 1172 108 22 Rowland
414 1172 68 22 Davis
489 1172 52 22 took
552 1180 12 14 a
573 1177 62 23 great

61 1198 45 23 deal
123 1206 58 20 upon
196 1200 95 26 himself,
307 1200 39 21 hut
364 1199 44 22 this
423 1200 53 21 time
491 1200 28 21 he
538 1200 40 21 has
598 1204 37 18 out

59 1226 103 22 Heroded
182 1226 85 22 Herod.
304 1226 42 22 His
364 1233 90 14 reasons
472 1226 34 22 for
520 1227 115 27 returning

59 1252 77 22 thanks
146 1261 36 14 are
184 1265 26 3 —
212 1255 39 20 Ist.
266 1254 92 21 because
374 1254 37 21 the
427 1257 61 18 votes
504 1261 53 14 were
569 1261 65 14 unso-

58 1280 81 25 licited,
148 1281 42 21 and
200 1280 74 26 2ndly.
285 1280 92 22 because
388 1280 36 21 the
433 1280 71 22 whole
514 1282 120 26 prosperity

59 1308 24 21 of
98 1307 37 22 the
151 1308 84 26 Colony
252 1307 113 27 depended
384 1315 58 23 upon
462 1308 90 21 himself
568 1308 67 27 being

58 1334 100 22 returned
169 1338 21 17 to
201 1335 36 21 the
249 1334 94 22 Council.
373 1334 67 21 What
452 1343 12 13 a
474 1335 46 27 pity
531 1334 37 21 the
579 1335 52 21 Bur-

57 1369 72 18 gesses
139 1362 37 21 did
190 1366 38 17 not
244 1361 120 27 appreciate
381 1360 36 22 the
436 1369 48 14 rare
499 1361 100 27 qualities
613 1362 25 21 of

57 1388 105 22 Rowland
181 1388 84 22 Davis?
301 1388 57 21 How
383 1388 95 28 stupidly
496 1388 61 22 blind
581 1388 52 28 they

58 1419 56 18 must
123 1415 56 22 have
189 1416 56 21 been
263 1418 22 18 to
295 1415 56 22 their
360 1422 47 15 own
422 1416 109 26 interests,
541 1416 24 21 in
581 1423 52 19 neg-

57 1442 82 26 lecting
148 1446 21 17 to
177 1445 74 19 return
268 1442 36 21 the
321 1442 51 21 only
384 1449 77 19 person
478 1442 48 21 who
541 1442 93 28 upholds

82 1469 72 27 purity
165 1470 25 20 of
200 1469 106 22 election?
356 1468 75 28 Verily
442 1477 12 14 a
463 1470 91 26 petition
567 1470 68 26 ought

58 1499 22 18 to
89 1496 28 21 be
127 1502 33 15 set
170 1504 27 13 on
212 1496 54 26 foot,
277 1496 92 27 praying
385 1496 36 21 the
438 1496 121 23 Aldermen
578 1497 29 26 (if
617 1498 18 20 it

57 1530 56 14 were
123 1523 110 28 possible,)
243 1526 21 18 to
275 1522 85 23 dismiss
371 1530 40 14 one
423 1524 26 21 of
459 1524 56 21 their
524 1524 64 26 body,
600 1524 34 21 for

57 1549 36 22 the
104 1550 118 21 admission
234 1550 25 21 of
269 1550 42 21 this
325 1550 148 28 independent
490 1550 44 23 and
549 1551 85 27 sapient

56 1584 85 20 person.
171 1577 43 22 But
223 1577 72 27 surely
304 1576 60 23 there
374 1581 57 18 must
440 1578 57 21 have
505 1578 57 21 been
573 1585 60 14 some

56 1604 92 21 mistake
164 1604 20 21 in
205 1604 86 26 placing
310 1604 35 22 the
363 1604 56 21 lines
437 1604 111 27 together!
586 1605 47 21 The

56 1633 60 19 votes
127 1631 24 21 of
163 1630 36 22 the
211 1631 123 27 Burgesses,
346 1631 117 27 according
478 1636 21 17 to
510 1632 36 21 the
557 1632 76 21 adver-

174 1665 57 14 were
237 1658 131 22 unsolicited
376 1666 5 19 ;
398 1659 44 21 and
451 1663 44 22 yet,
506 1662 22 18 to
539 1666 36 20 my
586 1666 46 14 own

56 1684 132 27 knowledge,
202 1685 43 21 Mr.
256 1684 69 22 Davis
339 1689 60 17 went
413 1686 67 21 about
495 1686 136 27 canvassing.

57 1710 10 21 I
77 1719 92 17 suppose
180 1712 36 21 the
228 1712 103 27 meaning
343 1712 24 21 of
379 1712 47 22 that
436 1717 103 17 sentence
549 1713 25 24 is.
586 1713 47 22 that

56 1737 26 22 he
94 1738 35 21 did
146 1741 40 18 not
200 1743 42 22 put
256 1738 36 22 the
310 1746 132 14 degrading
459 1747 80 15 insult
555 1743 23 18 to
588 1748 45 19 any

56 1772 47 19 one,
116 1766 25 20 of
153 1765 35 22 the
205 1766 53 21 offer
273 1766 25 20 of
309 1766 82 27 paying
407 1766 35 22 his
456 1767 83 26 pound.
569 1767 24 21 If
605 1767 27 21 be

56 1791 35 22 did
107 1796 40 17 not
163 1792 27 22 do
200 1792 50 26 this,
269 1792 42 21 still
328 1792 28 22 he
373 1800 43 14 was
433 1800 54 21 very
503 1793 70 23 active
589 1795 42 21 and

55 1818 52 22 kind
122 1820 21 20 in
160 1819 34 21 his
211 1820 71 20 efforts
301 1822 21 19 to
337 1820 107 27 persuade
460 1828 90 19 persons
567 1825 21 17 to
598 1829 34 13 re-

53 1846 72 26 gister,
136 1846 29 21 all
176 1846 94 26 through
279 1846 32 21 his
322 1847 69 21 desire
399 1850 22 18 to
429 1854 102 18 preserve

54 1872 24 21 of
91 1873 90 21 election
190 1881 4 19 ;
230 1874 40 20 but
280 1872 28 22 he
323 1874 82 26 forgets
421 1875 47 21 that
478 1882 13 14 a
501 1875 42 27 day
554 1882 24 14 or
591 1879 40 18 two

54 1899 130 28 afterwards,
202 1900 28 21 he
249 1900 52 26 (Mr.
321 1901 86 26 Davis,)
429 1908 24 15 or
473 1909 59 15 some
552 1902 25 21 of
597 1902 33 22 his

54 1926 87 26 friends,
160 1927 52 21 used
231 1931 22 17 to
269 1927 39 21 call
325 1927 43 22 and
383 1928 77 26 solicit,
471 1929 42 26 for
530 1930 34 19 the
569 1936 62 19 pros-

49 1954 69 24 ptrity
129 1954 26 25 of
166 1955 34 19 the
211 1955 81 25 Colony,
304 1955 56 21 their
374 1955 92 21 interest
481 1959 22 17 to
511 1957 63 25 place
585 1957 45 21 him

53 1985 99 22 amongst
170 1981 37 20 the
228 1981 96 21 Council.
366 1981 11 20 I
397 1982 72 20 would
490 1982 75 21 advise
585 1984 43 20 Mr.

53 2006 72 26 Davis,
147 2007 108 25 however,
275 2010 38 18 not
333 2011 22 17 to
375 2007 92 27 despair,
487 2008 41 22 but
544 2008 44 22 still
609 2014 21 16 to

53 2041 62 19 carry
130 2041 28 13 on
173 2034 34 20 his
227 2037 79 23 system
324 2034 25 20 of
367 2034 82 26 calling
467 2037 23 19 at
506 2035 66 27 shops
587 2036 43 21 and

52 2060 111 27 dwellings
181 2061 125 26 requesting
325 2065 96 23 support,
444 2069 23 13 as
487 2062 37 22 the
542 2067 89 22 present

50 2086 58 28 body
124 2087 50 27 only
191 2088 83 20 remain
291 2088 22 21 in
329 2087 62 22 office
407 2087 34 22 for
454 2088 61 22 three
531 2089 97 26 months;

52 2114 42 20 and
110 2118 22 16 to
150 2117 102 19 continue
269 2115 23 21 in
310 2115 36 21 the
364 2122 60 14 same
442 2115 90 28 dreamy
543 2120 55 18 state
609 2117 24 21 of

50 2140 51 21 bliss
117 2141 69 21 which
203 2142 28 21 he
247 2141 37 22 has
299 2141 56 22 been
367 2145 68 23 wrapt
451 2150 29 20 up
492 2143 21 21 in
525 2143 33 21 for
569 2150 60 15 some

51 2168 51 20 time
117 2171 53 23 past,
187 2168 23 22 in
231 2169 39 20 full
287 2169 137 26 expectation
442 2169 24 21 of
484 2173 22 18 at
522 2170 42 21 last
581 2178 49 14 rea-

51 2194 66 26 lizing
127 2195 42 21 and
181 2195 111 27 clutching
303 2200 28 21 at,
343 2195 36 22 the
394 2195 87 29 darling
492 2197 105 22 ambition
607 2199 25 21 of

51 2221 32 21 his
94 2221 53 27 soul,
158 2229 27 15 an
197 2222 143 22 Aldermanic
351 2223 70 21 Gown
429 2223 4 21 !

300 2249 10 23 I
321 2250 91 25 remain,
425 2250 41 27 Sir,

317 2277 80 21 Your's
406 2278 150 27 respectfully,

512 2306 89 21 Alpha.

1903 142 107 25 spectacle
2017 143 69 22 which
2095 144 52 28 they
2154 145 45 23 had
2206 146 122 24 witnessed.
2352 149 51 23 This
2411 158 74 15 morn-

1904 174 37 21 ing
1950 169 120 26 fragments
2081 172 26 21 of
2117 171 84 23 human
2215 172 76 24 bodies
2300 175 22 21 in
2332 183 14 14 a
2355 177 131 23 carbonsied

1903 197 56 19 state
1969 202 56 15 were
2037 197 81 27 picked
2129 205 28 21 up
2166 202 24 18 at
2199 207 61 15 some
2274 201 97 23 distance
2381 204 54 22 from
2447 205 37 23 the

1903 224 48 23 spot
1960 223 69 22 where
2039 223 37 22 the
2084 224 101 23 accident
2192 227 113 23 occurred.
2334 229 47 22 The
2391 231 95 23 number

1903 249 25 20 of
1941 249 76 22 deaths
2027 249 96 23 hitherto
2139 253 135 23 ascertained
2290 255 20 21 is
2326 256 32 22 73.
2387 256 57 23 That
2462 258 26 22 of

1903 275 35 21 the
1954 276 106 23 wounded
2074 277 20 22 is
2109 278 151 23 considerable
2303 281 122 29 Yesterday
2439 285 46 22 and

1903 301 75 28 to-day
1987 310 118 15 numerous
2120 307 149 25 amputations
2279 315 57 15 were
2351 309 133 28 performed.

1929 328 40 22 We
1982 329 59 23 learn
2051 330 44 22 this
2109 332 104 28 morning
2223 333 51 22 with
2288 334 69 28 lively
2366 336 58 26 grief
2436 338 48 22 that

1901 357 42 19 two
1952 357 107 22 members
2067 358 25 21 of
2100 358 36 21 the
2147 359 38 22 bar
2192 359 43 22 had
2242 360 68 23 fallen
2318 362 85 22 victims
2412 366 23 19 to
2445 364 38 23 the

1901 383 60 20 cruel
1980 387 69 18 event.
2079 384 33 23 M.
2131 386 125 27 Lepontois,
2277 395 14 14 a
2305 395 75 21 young
2393 389 83 28 lawyer

1901 415 41 15 one
1953 409 25 21 of
1991 410 36 22 the
2042 411 134 22 Secretaries
2187 413 24 21 of
2225 413 37 22 the
2277 415 137 28 conference,
2433 417 50 23 who

1900 436 43 20 had
1952 443 64 19 given
2030 438 37 21 the
2078 442 58 19 most
2152 439 99 23 brilliant
2265 442 156 28 expectations,
2438 451 45 15 was

1899 463 74 21 seated
1980 463 21 21 in
2009 471 40 15 one
2055 465 24 21 of
2084 465 37 22 the
2128 466 45 21 first
2178 474 103 20 waggons
2288 468 50 22 with
2345 468 33 23 his
2385 468 96 31 brother,

1898 489 33 21 his
1942 490 81 27 cousin,
2035 492 33 21 M.
2079 493 111 26 Lemaria,
2201 494 43 22 and
2259 494 34 22 his
2302 496 69 27 niece,
2383 497 26 21 14
2417 504 65 22 years

1898 516 26 21 of
1929 523 47 20 age.
2006 518 31 21 At
2046 518 36 21 the
2093 524 99 17 moment
2202 521 25 22 of
2241 521 37 22 the
2288 522 69 22 shock
2368 523 36 21 the
2417 525 67 21 latter

1898 549 43 14 was
1950 543 84 23 thrown
2046 550 38 17 out
2095 546 25 21 of
2131 546 37 22 the
2180 555 98 20 waggon,
2296 550 44 20 and
2354 550 18 21 it
2382 558 42 14 was
2440 551 43 23 im-

1896 570 94 26 possible
2006 575 21 17 to
2043 571 67 22 know
2124 573 98 24 whether
2239 576 16 21 it
2265 583 45 14 was
2326 576 37 22 the
2377 578 67 22 result
2460 579 26 21 of

1898 597 37 20 the
1943 598 106 25 accident,
2062 606 24 14 or
2095 599 21 22 if
2122 600 39 21 she
2170 600 44 23 had
2223 602 56 22 been
2289 602 61 28 flung
2359 608 37 18 out
2406 605 28 27 by
2441 605 40 23 her

1896 623 108 28 relatives,
2026 624 55 27 who,
2102 627 76 27 seeing
2195 628 37 22 the
2253 629 83 27 danger
2354 631 125 28 imminent,

1898 652 81 21 wished
1988 655 21 18 to
2016 659 50 14 save
2075 653 46 22 her.
2147 653 89 24 Carried
2245 656 105 22 senseless
2358 661 20 18 to
2385 665 12 14 a
2403 659 79 27 neigh-

1896 677 93 28 bouring
1998 678 68 23 house
2076 680 31 26 by
2114 688 12 13 a
2135 681 134 27 gentleman,
2281 684 48 20 who
2338 684 42 22 bad
2391 685 92 23 himself

1896 704 58 22 been
1964 706 84 21 thrown
2062 706 59 22 from
2138 706 37 23 the
2190 711 38 23 top
2239 709 25 21 of
2276 709 38 22 the
2326 717 98 22 waggon,
2441 713 40 21 she

1895 731 53 22 then
1968 734 125 26 recovered,
2116 734 45 22 and
2179 734 46 23 told
2241 736 48 21 who
2305 736 38 22 she
2359 745 49 15 was.
2437 739 44 22 She

1895 758 46 21 said
1951 759 37 22 she
1997 767 43 14 was
2050 761 23 20 in
2082 761 37 21 the
2127 769 60 14 same
2195 769 90 21 waggon
2295 764 52 20 with
2357 764 37 22 her
2401 765 79 28 father,

1895 786 71 26 uncle,
1980 786 43 22 and
2034 788 83 25 cousin,
2135 788 28 22 all
2174 789 24 21 of
2206 789 72 22 whom
2289 791 108 26 perished,
2410 793 43 21 and
2462 794 19 20 it

1896 819 43 14 was
1957 821 54 14 even
2022 814 149 27 impossibleto
2182 817 116 26 recognize
2313 817 56 22 their
2383 820 98 21 remains

1895 845 81 21 among
1987 840 59 22 those
2058 842 26 20 of
2098 842 37 21 the
2144 843 27 21 32
2186 850 88 20 persons
2284 844 112 27 deposited
2406 845 22 22 in
2443 846 37 22 the

1895 870 110 24 cemetery
2014 867 23 21 of
2046 868 66 21 Mont
2119 868 113 23 Parnasse.
2253 871 34 21 M.
2300 871 76 28 Rebel,
2388 873 95 23 another

1896 892 86 28 lawyer,
1992 901 43 14 was
2044 894 23 21 in
2078 902 42 14 one
2133 896 24 20 of
2163 896 36 21 the
2210 896 86 23 central
2305 905 108 20 waggons.
2443 900 38 22 He

1896 926 43 14 was
1955 920 147 28 dangerously
2112 923 108 21 wounded
2232 924 23 21 in
2270 924 38 21 the
2318 925 63 27 head,
2397 927 40 21 but
2447 934 33 14 we

1895 953 37 14 are
1942 946 73 28 happy
2024 951 22 17 to
2061 948 54 22 hear
2126 949 47 22 that
2187 950 33 21 his
2230 951 105 22 situation
2344 952 91 28 inspires
2451 961 29 14 no

1895 973 82 22 serious
1988 975 135 22 uneasiness.

1922 1001 87 27 Among
2028 1001 37 22 the
2085 1008 92 21 persons
2194 1004 111 22 wounded
2324 1012 35 15 are
2378 1006 37 22 the
2435 1010 44 19 two

1895 1028 103 26 nephews
2017 1028 24 22 of
2058 1029 33 21 M.
2112 1029 116 27 Dahemel,
2249 1039 13 13 a
2281 1033 98 22 member
2399 1033 25 22 of
2441 1034 38 22 the

1895 1054 120 28 Academy,
2031 1056 44 21 and
2086 1056 33 22 M.
2131 1057 120 28 Acloeque,
2267 1066 14 14 a
2290 1066 74 21 young
2376 1061 103 27 engineer

1894 1082 25 21 of
1933 1082 36 22 the
1980 1083 79 27 Bridge
2070 1084 43 21 and
2128 1084 54 22 road
2192 1085 153 27 Department,
2361 1087 71 23 whose
2443 1088 36 27 leg

1895 1115 44 15 was
1950 1109 114 22 fractured.
2094 1110 48 22 The
2156 1115 109 23 youngest
2275 1120 38 14 son
2324 1114 25 21 of
2360 1114 36 22 the
2411 1115 66 22 Duke

1895 1135 33 21 De
1940 1136 73 23 Cazes.
2031 1136 45 22 and
2089 1137 37 21 the
2142 1138 85 22 Duke's
2242 1143 44 17 two
2302 1141 108 27 nephews,
2429 1143 49 21 who

1895 1169 55 15 were
1961 1163 22 22 in
2000 1163 36 22 the
2050 1164 43 21 last
2103 1171 109 21 waggons,
2232 1167 94 27 escaped
2340 1167 91 23 without
2444 1169 35 21 in-

1890 1189 62 35 jury.

1921 1217 46 21 The
1978 1218 101 20 National
2088 1225 56 20 says,
2181 1219 48 22 One
2239 1221 25 21 of
2277 1228 40 14 our
2327 1221 88 28 ftiends,
2427 1223 50 21 who

1893 1242 40 22 has
1940 1244 47 26 just
1996 1245 86 21 arrived
2100 1245 54 22 from
2174 1247 82 26 Sevres,
2269 1251 74 23 states,
2354 1248 47 22 that
2416 1253 24 18 at
2450 1251 26 21 11

1895 1270 85 22 o'clock
1990 1279 28 13 on
2032 1272 101 27 Monday
2144 1273 100 27 evening,
2256 1274 37 22 the
2308 1275 85 27 adjoint
2403 1277 26 21 of
2440 1277 37 21 the

1895 1296 81 28 Mayor
1995 1298 24 21 of
2041 1299 78 21 Sevres
2136 1299 44 22 had
2197 1301 136 22 ascertained
2349 1304 24 20 62
2392 1303 85 22 deaths.

1894 1324 72 22 There
1977 1332 55 14 were
2044 1327 25 20 16
2086 1326 106 22 wounded
2210 1329 116 26 conveyed
2340 1332 21 18 to
2372 1329 37 22 the
2420 1330 57 22 Cha-

1894 1354 51 19 teau
1956 1352 26 20 of
1994 1353 105 26 Meudon,
2110 1353 25 21 of
2146 1353 71 22 whom
2234 1358 42 18 two
2293 1362 36 14 are
2342 1357 59 21 since
2412 1357 65 22 dead.

1894 1378 72 22 There
1976 1386 36 14 are
2029 1380 86 21 several
2131 1380 67 22 killed
2214 1381 42 21 and
2273 1383 109 21 wounded
2396 1384 22 20 in
2439 1385 37 21 the

1894 1405 161 28 neighbouring
2070 1407 87 22 houses.
2196 1407 26 22 In
2239 1408 38 22 the
2297 1417 74 15 course
2391 1411 25 21 of
2437 1411 39 22 the

1894 1433 100 26 morning
2013 1440 12 14 a
2044 1434 96 22 number
2159 1435 25 21 of
2204 1435 122 27 fragments
2346 1437 24 21 of
2390 1437 86 23 human

1894 1459 68 21 bones
1973 1467 54 14 were
2038 1461 107 21 collected
2155 1468 27 15 on
2199 1462 36 22 the
2246 1467 56 23 spot,
2313 1464 99 27 together
2423 1465 53 22 with

1895 1487 83 21 several
1997 1487 96 22 watches
2108 1489 45 21 and
2168 1489 74 26 pieces
2257 1489 26 21 of
2303 1498 87 20 money.
2428 1492 48 21 The

1895 1513 153 27 conflagration
2058 1515 143 22 commenced
2208 1524 13 13 a
2226 1515 58 23 little
2290 1517 73 21 before
2371 1520 12 19 6
2390 1518 86 23 o'clock

1895 1540 43 21 and
1948 1548 43 14 was
2001 1545 39 17 not
2057 1542 154 27 extinguished
2227 1543 57 22 until
2294 1545 32 20 11.
2355 1545 47 21 The
2415 1545 62 22 chief

1894 1568 110 26 engineer,
2028 1576 28 14 an
2088 1569 153 27 Englishman,
2270 1571 81 21 named
2383 1573 93 27 George,

1893 1593 84 28 having
1986 1595 82 21 rushed
2077 1596 47 21 into
2135 1595 37 22 the
2182 1597 39 21 fire
2232 1600 22 18 to
2265 1604 56 21 open
2331 1598 36 22 the
2378 1598 64 22 doors
2453 1600 26 21 of

1895 1620 36 22 the
1941 1629 110 20 waggons,
2064 1630 43 14 was
2117 1622 92 23 himself

1919 1647 47 23 The
1978 1649 115 27 Academy
2104 1650 24 21 of
2142 1650 101 22 Sciences
2259 1652 65 21 could
2339 1656 39 17 not
2387 1654 85 21 remain

1893 1674 125 23 indifferent
2027 1683 29 14 on
2068 1676 54 22 such
2133 1684 28 14 an
2176 1678 112 22 occasion.

1919 1701 47 23 The
1984 1707 72 23 report
2077 1703 98 22 contains
2194 1705 37 21 the
2249 1705 115 28 following
2382 1713 94 21 passage

1893 1728 90 22 relative
1995 1733 20 17 to
2034 1730 36 22 the
2087 1738 63 14 cause
2169 1731 24 21 of
2206 1732 36 21 the
2259 1733 102 27 calamity
2377 1745 27 4 —
2427 1734 47 21 The

1893 1755 101 23 accident
2002 1757 19 21 is
2032 1757 43 21 due
2086 1760 21 18 to
2124 1757 37 22 the
2176 1758 54 22 fatal
2241 1766 144 16 concurrence
2397 1762 25 21 of
2434 1761 41 22 cir-

1893 1787 143 22 cumstances,
2055 1783 71 23 which
2144 1792 37 14 are
2196 1793 24 14 as
2236 1793 67 20 many
2320 1794 61 19 gross
2401 1788 73 27 faults,

1893 1817 50 20 easy
1954 1814 22 18 to
1987 1811 55 21 have
2052 1811 57 21 been
2120 1811 98 23 foreseen
2237 1813 45 22 and
2298 1814 42 21 still
2352 1821 60 15 more
2424 1823 52 19 easy

1892 1839 22 18 to
1925 1837 55 21 have
1996 1838 99 27 avoided,
2107 1846 23 13 so
2147 1838 47 22 that
2211 1839 37 22 the
2265 1840 71 23 future
2353 1842 123 27 prosperity

1892 1863 25 21 of
1933 1864 94 22 railroad
2044 1865 127 28 companies
2189 1866 17 21 is
2225 1867 30 27 by
2272 1874 28 14 no
2319 1875 76 16 means
2415 1877 60 14 com-

1891 1891 109 26 promised
2010 1892 29 27 by
2049 1891 44 22 this
2104 1893 39 21 sad
2159 1893 67 22 affair.
2256 1894 47 21 The
2319 1895 46 22 first
2376 1903 65 15 cause
2453 1896 25 21 of

1892 1917 36 21 the
1939 1919 100 21 accident
2047 1926 45 14 was
2109 1919 36 22 the
2162 1920 150 28 employment
2320 1924 26 19 of
2357 1930 12 13 a
2377 1922 99 23 locomo-

1891 1945 43 21 tive
1944 1945 51 21 with
2007 1946 49 21 four
2066 1946 87 22 wheels.
2184 1947 21 20 It
2213 1947 19 21 is
2240 1948 102 22 essential
2352 1950 47 21 that
2408 1957 68 20 every

1892 1971 96 27 carriage
1999 1972 108 22 intended
2114 1973 32 21 for
2154 1974 83 22 service
2245 1982 29 13 on
2281 1983 12 13 a
2298 1976 92 22 railroad
2396 1976 80 23 should

1893 2002 42 17 rest
1946 2006 29 13 on
1985 1999 32 21 six
2030 1999 82 22 wheels
2128 2003 23 18 at
2164 2000 62 27 least,
2238 2001 24 22 in
2273 2002 63 21 order
2346 2002 46 23 that
2402 2004 20 20 if
2433 2011 43 14 one

1892 2025 24 21 of
1929 2025 37 21 the
1984 2026 60 21 axles
2061 2026 79 22 should
2155 2027 68 21 break
2240 2028 37 21 the
2289 2030 96 26 carriage
2394 2030 80 23 should

1891 2051 44 22 still
1945 2056 45 17 rest
2000 2060 28 14 on
2040 2057 131 24 supporters,
2183 2054 44 22 and
2237 2056 105 22 continue
2351 2056 27 22 its
2389 2065 83 14 course.

1887 2077 49 23 The
1945 2080 80 21 second
2036 2080 55 21 fault
2098 2081 92 21 consists
2205 2082 22 21 in
2239 2082 37 21 the
2288 2084 149 26 employment
2449 2085 23 21 of

1891 2108 42 19 two
1942 2105 143 23 locomotives
2098 2108 33 20 for
2147 2115 12 13 a
2168 2108 71 26 single
2251 2110 63 21 train.
2342 2110 47 23 The
2398 2119 77 14 conse-

1891 2140 94 20 quences
1995 2134 26 21 of
2031 2134 44 21 this
2086 2140 155 21 arrangement
2255 2143 36 15 are

1919 2161 89 26 Among
2016 2161 38 21 the
2065 2161 56 22 dead
2132 2162 18 21 is
2161 2162 34 21 the
2208 2162 125 23 celebrated
2351 2165 123 22 circumna-

1891 2187 91 26 vigator,
1995 2187 101 22 Admiral
2107 2188 100 23 Dumont
2217 2190 122 23 D'Urville.
2378 2192 36 21 He
2430 2200 44 14 was

1891 2221 50 14 seen
1954 2214 118 28 ascending
2089 2215 36 21 the
2136 2216 57 21 third
2204 2224 92 20 waggon
2314 2222 21 17 at
2345 2218 37 22 the
2392 2220 81 21 station

1891 2241 26 20 of
1929 2241 124 27 Versailles,
2081 2242 50 22 with
2152 2243 33 22 his
2206 2244 49 22 wife
2275 2245 43 21 and
2337 2253 46 20 son,
2408 2246 29 27 by
2462 2255 12 13 a

1890 2272 88 17 servant
1997 2269 25 21 of
2039 2268 39 22 the
2096 2270 68 21 house
2182 2271 22 21 in
2218 2271 73 22 which
2307 2272 27 22 he
2350 2272 86 23 resided
2453 2274 22 21 in

1892 2295 67 27 Paris,
1971 2296 49 21 who
2030 2296 84 27 having
2128 2298 73 21 seated
2215 2298 91 22 himself
2322 2300 91 27 outside,
2431 2308 44 14 was

1891 2322 84 21 thrown
1992 2323 32 22 off
2039 2324 30 26 by
2088 2324 38 21 the
2145 2324 67 22 shock
2232 2325 63 22 when
2316 2326 34 22 the
2370 2327 101 22 accident

1891 2350 104 21 occurred
2005 2350 45 21 and
2067 2350 67 22 broke
2152 2351 33 22 his
2204 2352 43 27 leg.
2286 2354 62 21 Since
2368 2354 53 21 then
2444 2355 28 21 all

1891 2376 36 22 the
1943 2378 124 22 researches
2077 2378 65 21 made
2152 2378 28 28 by
2190 2378 33 23 his
2240 2380 177 26 mother-in-law,
2429 2382 45 22 and

1889 2402 30 28 by
1929 2404 63 21 order
2002 2404 25 21 of
2039 2404 37 22 the
2087 2405 103 22 Minister
2201 2407 24 21 of
2238 2406 93 27 Marine,
2347 2408 56 21 have
2413 2409 58 21 been

1889 2430 103 23 fruitless.
2030 2432 49 21 The
2103 2432 101 22 Admiral
2229 2435 105 21 returned
2356 2435 42 21 last
2421 2442 54 20 year

1889 2458 56 20 from
1958 2458 32 22 his
2001 2459 82 21 second
2095 2466 82 20 voyage
2187 2460 73 22 round
2269 2460 36 22 the
2312 2462 74 26 world,
2395 2462 80 27 during

1890 2484 71 21 which
1972 2485 26 22 he
2016 2486 129 21 discovered
2160 2488 44 21 and
2220 2488 112 27 explored,
2347 2489 125 28 previously

1890 2512 111 21 unknown
2011 2512 90 28 regions
2111 2514 130 24 contiguous
2253 2521 21 15 to
2283 2514 37 22 the
2333 2516 69 22 South
2415 2517 58 21 Pole.

1891 2538 64 22 Since
1974 2539 32 22 his
2027 2540 80 21 arrival
2126 2541 24 21 in
2169 2541 61 21 Paris
2250 2542 28 21 he
2294 2542 44 22 had
2352 2544 122 22 somewhat

1889 2566 126 27 recovered,
2032 2567 45 21 and
2096 2575 44 14 was
2154 2568 96 27 entirely
2266 2569 105 28 occupied
2385 2571 24 21 in
2424 2578 50 19 pre-

1889 2592 78 27 paring
1976 2594 34 21 for
2026 2594 37 21 the
2078 2602 60 20 press
2154 2596 43 20 and
2210 2596 88 27 putting
2315 2596 21 22 in
2356 2597 63 21 order
2437 2597 37 23 the

1889 2620 110 21 materials
2008 2620 34 21 for
2053 2620 36 22 the
2100 2621 82 28 history
2194 2623 21 20 of
2234 2622 35 22 his
2285 2623 83 22 second
2383 2624 91 27 expedi-

1889 2647 53 26 tion,
1955 2648 61 21 when
2027 2648 29 21 he
2068 2652 44 17 met
2128 2648 34 21 his
2176 2649 106 28 unhappy
2299 2650 50 22 fate.
2389 2651 22 21 It
2428 2658 44 16 was

1889 2681 26 13 on
1926 2673 45 22 him
1982 2674 62 26 (then
2055 2682 14 13 a
2079 2676 92 26 Captain
2188 2676 25 21 of
2229 2676 38 22 the
2284 2678 66 26 navy)
2369 2677 48 23 that
2434 2678 37 22 the

1889 2700 88 22 mission
1994 2702 24 21 of
2037 2702 124 27 conveying
2176 2703 92 21 Charles
2284 2704 31 22 X.
2332 2705 57 21 from
2406 2705 70 22 Cher-

1889 2727 86 27 bourgh
1985 2731 21 19 to
2017 2728 104 27 England
2131 2729 108 23 devolved
2249 2731 23 21 in
2282 2732 60 21 1830.

1917 2755 69 27 Many
2004 2763 92 19 persons
2115 2757 27 20 of
2168 2757 128 22 distinction
2321 2758 92 27 escaped
2437 2758 38 23 the

1889 2781 100 28 calamity
2001 2783 31 26 by
2042 2782 86 28 finding
2138 2783 34 22 the
2183 2785 56 21 train
2252 2785 47 21 full.
2336 2785 46 23 The
2395 2785 80 27 King's

1888 2813 108 22 youngest
2006 2816 47 20 son,
2075 2810 37 22 the
2122 2810 65 22 Duke
2199 2811 26 22 de
2238 2811 158 28 Montpensier,
2413 2820 62 14 came

1888 2834 28 24 by
1928 2835 18 21 it
1956 2844 13 12 a
1978 2836 61 22 short
2049 2837 98 21 distance
2157 2838 57 22 from
2224 2839 126 26 Versailles,
2364 2839 45 21 and
2421 2840 53 21 then

1888 2865 37 23 got
1936 2865 43 19 out.
2009 2863 33 21 M.
2055 2864 139 22 Chambolles
2206 2865 23 26 (a
2240 2865 88 27 Deputy
2339 2866 43 21 and
2394 2866 81 22 editor-

1888 2889 98 22 in-chief
1997 2890 26 21 of
2036 2890 36 22 the
2095 2892 73 27 Siecle)
2189 2900 45 13 was
2256 2900 29 13 on
2310 2893 36 21 the
2371 2893 64 27 point
2453 2893 26 21 of

1888 2917 100 26 entering
2007 2917 54 22 with
2079 2918 34 22 his
2133 2919 59 21 three
2210 2926 59 19 sons,
2291 2918 62 22 when
2373 2927 12 14 a
2403 2919 71 23 friend

1888 2942 81 22 offered
1990 2943 47 23 him
2062 2948 56 18 seats
2135 2945 21 21 in
2175 2945 33 21 his
2227 2945 104 27 carriage,
2351 2946 74 22 which
2443 2947 28 21 he

1888 2970 110 27 accepted.
2035 2971 43 22 Mr.
2095 2971 78 28 Henry
2189 2972 89 22 Bulwer
2293 2973 85 22 arrived
2396 2977 22 18 at
2436 2973 37 23 the

1888 2997 80 21 station
1978 2997 76 22 before
2064 2998 37 21 the
2119 2999 56 21 train
2190 2999 92 26 started,
2298 2999 40 22 but
2354 3000 66 22 could
2436 3004 38 18 not

1888 3023 74 21 obtain
1973 3031 14 14 a
1997 3024 71 27 place.
2105 3026 22 20 A
2144 3033 39 14 son
2201 3026 25 20 of
2244 3026 90 22 Colonel
2349 3027 96 27 Thome,
2463 3035 13 14 a

1887 3050 95 27 wealthy
1992 3051 121 22 American
2122 3052 138 27 gentleman,
2272 3053 96 23 resident
2374 3055 23 21 in
2406 3055 68 26 Paris,

1887 3076 48 21 who
1947 3084 41 14 was
1998 3079 119 26 yesterday
2128 3080 46 21 said
2185 3083 23 17 to
2219 3080 57 22 have
2286 3080 56 22 been
2354 3088 42 15 one
2406 3081 26 22 of
2438 3081 37 22 the

1887 3104 93 26 victims,
1990 3104 45 22 had
2049 3106 122 27 attempted
2180 3111 22 17 to
2213 3108 75 20 obtain
2299 3115 13 14 a
2321 3107 62 28 place
2397 3109 23 21 in
2437 3109 37 21 the

1887 3130 63 25 train,
1970 3128 41 25 hut
2026 3131 76 23 failed.
2141 3134 91 22 Several
2250 3134 62 22 other
2328 3135 111 22 incidents
2453 3135 26 22 of

1886 3156 38 22 the
1935 3157 55 23 kind
2001 3166 37 14 are
2050 3160 135 22 mentioned.

1921 3215 55 24 Oil.
1982 3228 31 4 —
2016 3215 51 24 The
2088 3217 64 22 value
2174 3217 25 23 of
2216 3217 40 24 the
2277 3218 30 23 oil
2325 3218 44 24 and
2388 3218 83 25 whale-

1886 3248 58 24 hone
1957 3253 49 19 sent
2018 3249 59 23 from
2091 3250 44 22 this
2147 3250 81 32 colony
2242 3252 22 22 in
2283 3252 37 23 the
2331 3260 54 22 year
2400 3254 70 26 1841,

1887 3290 45 15 was
1943 3283 140 28 £127,470,
2096 3283 68 31 being
2175 3292 12 15 a
2200 3284 105 24 decrease
2317 3286 25 23 of
2357 3286 112 27 £97,000

1886 3314 58 24 from
1965 3316 36 22 the
2020 3317 106 30 previous
2147 3325 53 22 year
2210 3327 6 20 ;
2247 3317 44 25 this
2310 3319 19 23 is
2350 3318 122 24 accounted

1887 3349 35 22 for
1934 3349 28 31 by
1976 3349 37 23 the
2034 3351 102 30 quantity
2157 3356 52 18 sent
2229 3352 57 23 from
2306 3352 57 23 New
2373 3351 99 24 Zealand

1887 3381 77 29 direct,
1978 3382 74 23 which
2071 3390 46 16 was
2139 3384 109 31 formerly
2267 3389 50 19 sent
2336 3389 23 19 to
2378 3384 94 31 Sydney

1886 3415 36 23 for
1935 3415 121 31 shipment.
2059 3429 32 3 —
2093 3414 96 27 Hobart
2204 3417 66 24 Town
2281 3418 141 23 Advertiser.

1285 141 60 24 gers,
1362 134 40 24 left
1413 144 5 19 ;
1439 136 46 23 and
1506 137 23 23 in
1551 137 37 23 the
1610 139 104 30 evening,
1728 139 38 24 the
1785 139 78 24 Maria

1286 166 53 24 with
1353 169 55 26 106,
1421 169 20 22 is
1457 174 23 19 to
1500 170 95 30 proceed
1614 171 58 24 also.
1708 172 75 31 Many
1795 174 25 22 of
1836 174 27 23 th<

1286 200 122 30 emigrants
1420 210 37 15 are
1468 203 49 23 able
1526 203 148 31 agricultural
1682 205 127 29 labourers,
1823 207 40 23 whc

1286 232 66 25 could
1369 238 40 19 not
1430 235 77 24 obtain
1526 236 153 32 employment
1700 242 22 19 at
1740 238 75 29 home,
1830 240 33 23 and

1286 266 76 24 others
1374 274 37 17 are
1430 269 25 23 of
1470 268 39 24 the
1520 277 61 16 more
1602 270 147 25 comfortable
1770 271 60 25 class
1851 276 12 20 oJ

1286 300 101 29 farmers,
1401 301 48 23 who
1461 302 58 23 have
1529 303 58 23 been
1606 304 99 30 tempted
1717 309 23 18 to
1755 310 37 26 try
1804 305 59 24 fickle

1285 333 89 23 fortune
1392 342 28 16 on
1439 343 14 15 a
1473 335 34 24 far
1527 336 86 24 distant
1634 337 76 25 shore.
1712 350 35 5 —
1752 337 111 25 Limerick

1286 365 121 31 Reporter.

1319 398 50 24 The
1381 406 93 18 amount
1486 401 25 24 of
1520 403 133 30 emigration
1663 403 44 24 this
1719 412 82 16 season
1813 405 50 24 from

1286 433 88 23 various
1386 440 61 24 parts
1468 435 26 23 of
1508 435 91 24 Ireland
1620 438 20 22 is
1653 438 69 30 really
1733 439 130 31 surprising,

1285 465 86 31 though
1383 467 61 23 there
1457 476 37 15 are
1507 469 49 23 well
1574 470 86 23 known
1679 478 80 16 causes
1772 477 22 18 at
1806 473 57 23 work

1286 503 22 19 to
1319 499 97 31 produce
1428 501 17 23 it
1456 510 6 20 ;
1482 501 51 29 and,
1547 503 118 31 certainly,
1679 504 44 23 this
1740 510 52 25 port
1804 506 19 22 is
1834 506 29 23 far

1285 532 58 23 from
1363 532 68 33 being
1453 542 29 15 an
1503 536 129 30 exception.
1683 537 103 31 Already
1808 539 55 30 eight

1285 565 91 28 vessels,
1390 567 84 31 having
1493 570 75 27 2,200
1583 577 138 23 passengers
1743 578 28 16 on
1790 572 73 28 board,

1286 599 55 22 have
1353 600 70 23 sailed
1432 610 5 20 ;
1458 601 43 23 and
1515 602 61 23 there
1595 610 39 16 are
1647 610 49 16 now
1711 604 25 23 in
1747 609 52 26 port
1811 605 52 23 thir-

1284 637 51 18 teen
1355 634 92 28 vessels,
1473 635 116 24 chartered
1613 637 34 22 for
1670 637 38 23 the
1732 638 131 31 emigration

1284 665 92 29 service,
1388 666 37 24 the
1433 668 78 22 united
1523 673 97 27 tonnage
1632 670 25 23 of
1666 670 74 24 which
1750 672 21 22 is
1784 673 79 27 5,843.

1284 698 44 24 We
1343 699 68 24 doubt
1430 701 67 23 much
1519 702 101 24 whether
1640 704 62 23 there
1719 712 53 16 ever
1792 705 71 24 before

1284 739 45 16 was
1341 733 55 23 such
1415 742 29 15 an
1465 741 92 17 amount
1574 737 27 23 of
1616 737 113 32 shipping,
1743 738 120 25 calculated

1283 766 29 30 by
1326 765 36 23 the
1374 771 105 26 tonnage,
1493 776 23 15 as
1529 769 63 23 there
1611 771 20 22 is
1651 779 49 15 now
1712 772 24 23 in
1748 772 46 23 this
1806 779 57 24 port.

1284 798 73 24 Other
1374 801 86 22 vessels
1479 809 36 15 are
1537 803 109 30 expected
1666 805 34 22 for
1724 805 38 23 the
1781 813 40 15 use
1844 807 19 22 of

1284 833 129 29 emigrants.
1451 834 50 23 The
1519 837 95 22 number
1637 837 24 22 of
1677 838 124 31 emigrants
1818 839 45 23 who

1282 866 58 22 have
1351 873 57 23 gone
1419 866 59 24 from
1491 868 44 23 this
1548 873 21 18 to
1582 870 53 31 ship
1648 875 22 17 at
1688 870 123 31 Liverpool
1823 873 40 23 and

1283 898 106 31 Glasgow
1402 900 39 24 has
1455 901 56 23 been
1529 909 53 24 very
1594 907 73 27 great.
1669 915 33 5 —
1703 903 80 31 Derry
1796 904 67 24 Stan-

1282 932 65 23 dard.

1316 965 49 23 Our
1382 972 50 25 port
1451 968 115 23 continues
1588 974 23 18 to
1632 970 28 23 be
1679 970 61 32 daily
1752 971 111 31 thronged

1282 998 54 23 with
1349 998 36 25 the
1396 1006 121 27 peasantry
1529 1003 68 23 about
1604 1009 34 17 -to
1658 1005 110 30 emigrate
1789 1009 22 19 to
1829 1005 34 24 the

1282 1032 87 24 United
1390 1033 84 30 States,
1487 1044 24 14 or
1530 1037 36 22 the
1586 1037 88 24 British
1689 1038 141 24 settlements
1842 1040 21 23 in

1282 1065 73 24 North
1376 1067 114 25 America.
1527 1069 38 23 On
1589 1071 102 31 Monday
1710 1073 98 30 evening
1828 1073 35 23 the

1281 1099 67 23 Leila
1360 1099 98 32 dropped
1470 1102 64 23 down
1547 1107 21 19 to
1581 1104 39 23 the
1633 1104 87 29 Roads,
1732 1106 55 23 with
1800 1115 13 14 a
1823 1106 40 23 full

1281 1132 148 31 complement
1442 1136 25 22 of
1481 1143 143 24 passengers,
1646 1138 101 31 making,
1761 1139 53 23 with
1827 1139 36 24 the

1281 1174 65 20 crew,
1366 1174 51 16 over
1437 1170 49 22 200
1506 1170 70 23 souls.
1615 1171 51 23 Her
1686 1171 136 25 destination
1843 1174 20 22 is

1282 1200 101 24 Quebec.
1386 1213 32 3 —
1422 1201 92 31 Galway
1531 1202 143 24 Vindicator.

1316 1233 161 25 Missionary
1498 1237 141 23 Societies.
1643 1250 31 4 —
1677 1238 32 23 At
1728 1239 38 22 the
1783 1240 80 23 annual

1282 1267 98 31 meeting
1399 1268 25 23 of
1440 1268 38 24 the
1498 1269 91 24 Church
1610 1272 143 30 Missionary
1765 1272 98 31 Society,

1280 1299 52 23 held
1342 1308 27 15 on
1389 1300 114 33 Tuesday,
1527 1303 56 31 May
1595 1306 24 26 3,
1634 1305 37 22 the
1691 1306 83 23 annual
1789 1312 74 25 report

1281 1341 45 15 was
1338 1334 59 23 read.
1435 1335 50 24 The
1504 1336 91 24 labours
1613 1338 27 22 of
1654 1338 37 22 the
1705 1338 158 25 Missionaries

1280 1367 57 23 have
1348 1367 56 24 been
1416 1367 80 33 highly
1508 1371 127 23 successful
1651 1372 24 22 in
1688 1371 75 29 India,
1776 1373 87 29 Africa,

1280 1400 44 23 and
1337 1400 55 24 New
1404 1402 107 24 Zealand.
1548 1404 53 23 The
1613 1405 54 23 total
1684 1411 92 18 amount
1789 1407 24 22 of
1828 1414 35 16 re-

1281 1434 70 31 ceipts
1371 1435 35 23 for
1428 1436 38 23 the
1487 1444 53 23 year
1560 1446 46 15 was
1628 1439 122 29 £90,821,
1764 1440 44 23 and
1827 1440 36 24 the

1280 1467 145 31 expenditure
1447 1470 138 29 £110,808,
1604 1471 91 32 leaving
1711 1480 13 15 a
1743 1473 120 31 deficiency

1282 1501 24 23 of
1322 1501 121 30 £19,987.

1313 1534 51 24 The
1387 1536 122 31 Wesleyan
1533 1538 143 33 Missionary
1698 1540 94 31 Society
1814 1541 49 23 also

1279 1567 53 24 held
1349 1568 57 24 their
1426 1571 83 23 annual
1530 1573 101 30 meeting
1649 1581 29 15 on
1698 1573 111 31 Monday,
1826 1574 37 24 the

1279 1602 48 23 2nd
1340 1602 62 31 May.
1440 1604 50 22 The
1503 1606 83 22 annual
1599 1611 76 25 report
1695 1614 46 16 was
1757 1608 60 27 read,
1831 1607 30 31 by

1279 1635 73 23 which
1364 1637 17 21 it
1393 1638 112 29 appeared
1517 1639 56 28 that,
1581 1639 40 23 the
1634 1640 95 31 receipts
1743 1641 120 23 amounted

1279 1674 22 17 to
1320 1669 130 29 £101,688
1469 1673 35 22 2s.
1525 1672 47 28 4d.,
1592 1672 45 24 and
1658 1673 37 23 the
1717 1675 146 30 expenditure

1279 1707 22 17 to
1319 1703 114 28 £98,754
1456 1706 35 24 7s.
1512 1705 47 29 9d.,
1580 1706 93 31 leaving
1691 1715 12 14 a
1726 1708 92 30 surplus
1841 1708 22 23 of

1277 1736 96 28 £2,933
1394 1740 52 20 14s.
1460 1738 38 24 7d.
1534 1739 51 23 The
1606 1746 37 17 net
1662 1741 101 23 increase
1786 1741 25 23 of
1826 1741 37 23 the

1277 1776 53 23 year
1353 1777 24 16 as
1401 1772 119 30 compared
1544 1773 54 23 with
1621 1773 38 23 the
1687 1774 131 32 preceding,
1841 1776 19 22 is

1277 1803 111 27 £11,505
1410 1806 51 22 13s.
1482 1806 38 22 Bd.
1557 1806 51 23 The
1620 1811 92 26 present
1731 1808 96 24 number
1839 1809 24 22 of

1276 1836 109 31 principal
1397 1839 93 22 mission
1502 1840 97 23 stations
1611 1841 23 22 in
1651 1840 38 23 the
1700 1841 88 23 several
1800 1846 63 27 parts

1277 1869 25 22 of
1317 1869 36 24 the
1366 1871 69 23 world
1447 1872 19 22 is
1487 1874 56 27 261,
1559 1873 159 25 Missionaries
1741 1875 118 31 employed

1277 1904 56 27 368,
1350 1905 96 22 number
1458 1906 24 22 of
1499 1907 128 23 accredited
1645 1908 86 23 church
1747 1909 114 22 members

1277 1938 89 26 87,258
1377 1946 6 20 ;
1403 1938 96 24 number
1512 1940 24 22 of
1551 1940 102 24 scholars
1674 1942 24 22 in
1717 1941 37 23 the
1768 1943 95 23 mission

1276 1969 90 24 schools
1378 1972 101 27 GO,OOO.

1303 2006 120 24 Railroad
1450 2010 117 22 Accident
1592 2019 62 14 near
1685 2012 80 22 Paris-
1774 2025 28 3 —
1811 2013 49 22 The

1275 2034 106 21 Mcniteur
1390 2043 10 13 3
1402 2039 56 19 tates
1500 2037 38 21 We
1549 2038 58 22 have
1617 2039 57 21 been
1683 2040 51 21 able
1745 2044 21 17 to
1783 2041 78 21 collect

1275 2061 37 21 the
1324 2061 111 28 following
1444 2063 78 22 details
1538 2066 125 27 respecting
1680 2066 37 22 the
1736 2067 125 27 deplorable

1275 2088 100 22 accident
1385 2090 24 20 of
1422 2089 37 23 the
1470 2091 37 21 Bth
1519 2091 62 28 May.

1326 2121 45 22 The
1382 2121 57 22 train
1452 2122 24 21 of
1487 2122 37 22 the
1534 2124 42 21 left
1585 2124 61 22 bank
1657 2125 25 22 of
1694 2125 37 22 the
1742 2126 119 24 Versailles

1275 2147 111 27 Railroad,
1404 2148 73 22 which
1494 2150 40 21 left
1551 2151 49 21 that
1616 2155 56 18 town
1689 2155 22 19 at
1727 2153 104 28 half-past
1849 2155 12 21 5

1275 2174 85 22 o'clock
1369 2181 61 21 p-m.,
1442 2176 33 21 for
1486 2176 68 28 Paris,
1566 2178 109 23 consisted
1687 2180 24 21 of
1726 2182 23 20 18
1757 2188 103 20 waggons

1273 2204 71 18 —two
1355 2210 64 19 open,
1431 2202 62 22 three
1503 2204 135 28 dilligences,
1651 2206 42 22 and
1712 2208 26 20 13
1756 2215 103 20 waggons

1276 2228 25 21 of
1313 2230 37 19 the
1368 2230 84 21 second
1471 2230 60 22 class.
1572 2232 23 21 It
1614 2240 44 15 was
1677 2234 75 22 drawn
1771 2235 28 27 by
1820 2239 41 17 two

1275 2255 95 27 engines.
1416 2257 36 21 On
1477 2257 28 22 its
1522 2259 106 27 reaching
1646 2267 12 14 a
1677 2261 63 21 short
1763 2261 97 23 distance

1274 2281 89 28 beyond
1387 2283 111 27 Bellevue,
1520 2286 37 21 the
1578 2287 96 22 axeltree
1700 2288 25 21 of
1752 2289 36 21 the
1812 2289 49 22 first

1275 2310 78 26 engine
1364 2310 75 27 broke,
1451 2312 41 21 and
1503 2312 37 22 the
1550 2312 82 23 wheels
1642 2314 119 27 becoming
1772 2316 89 22 detach-

1275 2336 26 21 ed
1313 2336 53 22 from
1378 2338 36 21 the
1426 2338 91 26 vehicle,
1530 2340 36 21 the
1578 2341 67 21 latter
1654 2345 38 23 got
1703 2342 33 22 off
1748 2343 36 21 the
1799 2343 59 28 rails,

1274 2363 43 22 and
1333 2364 87 27 placing
1437 2366 60 21 itself
1505 2374 73 14 across
1596 2368 37 21 the
1643 2369 61 26 road,
1717 2377 44 14 was
1777 2370 84 22 thrown

1274 2397 28 14 on
1313 2390 27 21 its
1351 2391 45 22 side
1407 2392 30 26 by
1447 2392 36 21 the
1494 2393 68 22 shock
1580 2395 25 21 of
1621 2395 38 21 the
1674 2396 84 22 second
1774 2398 86 25 engine.

1273 2417 47 21 The
1327 2417 70 27 latter,
1409 2419 90 23 hurried
1510 2422 102 27 aiongby
1620 2422 27 21 its
1657 2430 47 14 own
1714 2424 94 27 impetus
1815 2425 45 21 and

1273 2444 49 21 that
1329 2446 24 19 of
1360 2446 36 21 the
1407 2447 65 26 train,
1484 2452 56 17 went
1550 2456 53 14 over
1614 2449 37 21 the
1661 2450 47 21 first
1719 2451 87 26 engine,
1815 2451 46 23 and

1275 2479 44 13 was
1329 2472 99 22 followed
1439 2474 29 26 by
1477 2477 42 18 two
1529 2483 58 19 open
1604 2483 111 21 waggons,
1728 2481 42 17 two
1787 2479 24 21 of
1823 2479 37 21 the

1273 2498 82 22 second
1364 2500 63 26 class,
1439 2501 44 21 aud
1494 2509 13 13 a
1524 2502 125 27 diliigence,
1665 2505 25 21 of
1708 2504 73 22 which
1796 2505 65 23 latter

1274 2527 36 19 the
1321 2526 56 21 front
1387 2529 49 24 part
1454 2531 38 23 got
1507 2529 71 22 above
1597 2530 36 22 the
1649 2531 56 22 back
1721 2532 24 21 of
1760 2532 36 22 the
1813 2540 47 15 car-

1273 2552 72 26 riages
1354 2553 71 22 which
1437 2555 109 27 preceded
1557 2556 68 22 them.

1380 2577 67 25 shock
1459 2589 42 15 was
1518 2583 115 28 dreadful;
1646 2585 36 21 the
1690 2592 104 20 waggons
1804 2594 55 14 were

1273 2607 101 22 smashed
1393 2608 24 21 in
1436 2608 79 28 pieces,
1537 2611 44 21 and
1601 2618 13 14 a
1633 2615 62 22 great
1719 2613 94 21 number
1839 2615 24 21 of

1272 2640 91 20 persons
1374 2642 56 14 were
1441 2636 68 21 killed
1524 2637 45 21 and
1585 2639 115 21 wounded.
1739 2639 53 22 This
1808 2641 52 21 mis-

1272 2660 87 22 fortune
1370 2669 44 14 was
1424 2663 133 26 aggravated
1569 2665 29 26 by
1609 2672 13 13 a
1632 2665 43 21 still
1686 2673 61 15 more
1758 2667 102 26 frightful

1273 2692 166 19 circumstance.
1474 2689 46 23 The
1538 2691 39 22 fire
1589 2692 24 20 of
1625 2692 36 21 the
1673 2693 48 21 first
1732 2695 77 25 engine
1821 2695 37 21 fell

1273 2721 29 14 on
1313 2714 35 21 the
1359 2716 61 26 road,
1432 2716 47 22 that
1489 2717 25 21 of
1526 2717 36 22 the
1573 2719 84 21 second
1668 2726 44 14 was
1722 2727 53 15 soon
1787 2721 71 22 added

1273 2745 23 16 to
1305 2741 24 27 it,
1350 2742 43 22 and
1414 2743 37 21 the
1470 2744 62 27 coke,
1552 2745 87 22 carried
1657 2753 29 15 on
1708 2746 37 22 the
1766 2747 92 28 tenders,

1273 2768 71 21 added
1361 2769 60 22 fresh
1437 2770 52 22 food
1505 2775 21 17 to
1542 2771 39 23 the
1600 2772 46 22 fire.
1684 2773 49 22 The
1752 2775 46 21 first
1816 2775 43 22 five

1273 2795 108 27 carriages
1404 2797 97 28 arriving
1524 2806 54 14 over
1607 2799 36 22 the
1672 2801 100 27 furnace,
1803 2809 56 15 were

1272 2822 108 28 instantly
1388 2824 92 26 ignited,
1493 2825 43 22 and
1547 2832 57 16 were
1613 2827 80 22 almost
1703 2829 92 27 entirely
1806 2837 53 14 con-

1272 2849 78 21 sumed
1366 2851 51 21 with
1437 2852 63 22 awful
1515 2853 104 27 rapidity.
1657 2853 48 23 The
1726 2856 132 28 succeeding

1272 2883 102 19 waggons
1392 2879 100 26 stopped,
1512 2880 45 21 and
1578 2880 36 22 the
1632 2882 115 21 travellers
1760 2883 100 26 alighted

1272 2903 56 21 from
1340 2903 66 23 them.
1435 2905 47 22 Ihe
1493 2913 164 22 consequences
1675 2909 26 21 of
1713 2909 43 21 this
1771 2911 87 21 terrible

1272 2930 127 23 misfortune
1420 2940 55 14 were
1496 2933 56 28 truly
1574 2935 134 27 deplorable,
1724 2938 28 19 43
1770 2944 90 20 persons

1271 2957 109 26 perished,
1390 2958 46 22 and
1445 2960 27 21 50
1482 2967 56 15 were
1549 2968 62 15 more
1627 2970 24 13 or
1667 2962 43 22 less
1727 2963 133 27 dangerous-

1271 2984 22 26 ly
1303 2985 114 22 wounded.
1447 2987 35 21 On
1494 2987 37 22 the
1541 2988 48 21 first
1600 2989 76 26 engine
1688 2997 51 20 was,
1751 2990 108 28 indepen-

1272 3011 75 27 dently
1367 3013 24 21 of
1411 3012 36 22 the
1464 3014 105 27 ordinary
1589 3017 112 26 engineer,
1719 3017 44 21 and
1777 3018 80 26 stoker,

1272 3038 43 22 Mr.
1337 3039 86 27 George
1442 3040 36 25 (an
1494 3041 166 28 Englishman,)
1686 3043 37 21 the
1742 3044 60 21 chief
1821 3052 38 14 en-

1270 3065 82 26 gineer.
1390 3067 37 21 On
1443 3067 36 22 the
1495 3069 90 26 second,
1604 3069 87 22 besides
1707 3070 37 21 the
1755 3071 104 27 engineer

1270 3091 43 22 and
1333 3093 79 27 stoker,
1433 3102 42 14 was
1494 3102 41 15 one
1556 3096 26 21 of
1601 3095 36 22 the
1660 3096 106 23 directors
1782 3098 25 21 of
1818 3098 38 21 the

1270 3119 111 22 rail-road.
1416 3121 47 22 The
1474 3122 169 22 adminstration
1653 3124 26 21 of
1689 3123 39 22 the
1745 3124 114 23 establish-

1269 3149 63 17 ment
1340 3147 93 23 reckons
1444 3156 82 20 among
1534 3149 39 22 the
1585 3149 56 22 dead
1651 3150 43 21 Mr.
1707 3150 94 28 George,
1820 3152 38 21 the

1270 3173 62 21 chief
1338 3175 116 26 engineer;
1470 3179 44 18 two
1525 3176 63 21 other
1599 3177 122 27 engineers,
1732 3178 36 21 the
1785 3179 75 22 stoker

1270 3199 43 22 and
1322 3201 71 25 guard
1400 3210 5 15 ;
1418 3202 41 21 and
1471 3203 36 21 the
1519 3203 95 21 director
1623 3203 44 22 had
1679 3204 35 21 his
1722 3204 37 28 leg
1773 3205 85 23 broken

1270 3226 42 22 and
1323 3227 34 22 his
1367 3227 103 23 shoulder
1481 3233 39 23 put
1531 3234 39 17 out
1580 3230 26 21 of
1614 3231 67 26 joint.

1352 3262 43 14 was
1404 3256 103 27 reported
1517 3257 30 27 by
1558 3257 92 22 mistake
1668 3258 49 21 that
1731 3261 43 20 two
1789 3259 70 23 trains

1269 3280 44 22 had
1323 3288 62 15 come
1395 3282 23 21 in
1430 3287 87 18 contact
1526 3283 54 22 with
1595 3284 52 22 each
1667 3284 71 23 other.
1777 3286 22 22 It
1814 3294 44 15 was

1270 3307 45 22 also
1327 3309 138 28 erroneously
1475 3310 73 21 stated
1558 3310 49 22 that
1623 3318 41 15 one
1679 3312 27 21 of
1722 3312 37 22 the
1775 3313 83 23 boilers

1268 3334 44 22 had
1324 3334 68 27 burst,
1402 3336 40 22 but
1458 3336 37 23 the
1509 3336 83 23 boilers
1609 3338 25 21 of
1648 3338 54 23 both
1719 3340 91 26 engines
1825 3349 33 14 re-

1269 3361 90 23 mained
1377 3363 76 22 intact.
1498 3364 33 22 As
1555 3371 53 14 soon
1628 3372 24 15 as
1672 3366 38 21 the
1730 3366 128 23 authorities

1268 3389 91 21 became
1374 3396 72 15 aware
1461 3391 26 21 of
1498 3391 38 21 the
1552 3391 108 27 accident,
1678 3392 39 22 the
1734 3395 84 25 perfect
1835 3395 26 22 of

1267 3415 71 28 police
1348 3417 100 26 repaired
1459 3420 22 19 to
1491 3417 37 22 the
1539 3419 82 21 station
1632 3420 25 21 of
1676 3420 38 21 the
1731 3420 90 28 railway
1834 3424 23 19 to

1268 3443 49 26 give
1327 3442 37 22 the
1374 3443 47 22 first
1431 3444 81 28 orders,
1524 3446 44 21 and
1578 3448 22 18 to
1609 3453 94 20 procure
1711 3454 66 20 every
1784 3448 74 21 assist-

1268 3476 63 15 ance.
1369 3469 37 22 He
1425 3471 127 22 afterwards
1569 3472 125 28 proceeded
1708 3476 22 19 to
1746 3474 36 22 the
1799 3478 55 24 spot,

1268 3496 72 22 where
1350 3496 29 23 he
1390 3504 43 14 was
1444 3497 81 27 joined
1534 3499 32 27 by
1582 3499 34 22 M.
1632 3499 75 27 Jalbn,
1724 3500 37 22 the
1777 3501 80 28 King's

1268 3523 112 28 Attorney
1390 3527 23 18 at
1423 3524 127 27 Versailles,
1561 3526 45 21 and
1622 3533 13 14 a
1645 3531 65 22 great
1724 3528 94 22 number
1835 3530 25 21 of

1266 3549 39 22 the
1324 3549 126 29 physicians
1468 3552 25 21 of
1510 3552 40 22 the
1568 3552 61 22 Paris
1647 3553 114 28 hospitals,
1781 3555 75 22 whose

1267 3576 49 23 zeal
1327 3584 28 15 on
1366 3577 36 22 the
1413 3578 114 22 occassion
1543 3585 46 16 was
1599 3579 129 23 admirable.

1293 3604 48 21 The
1353 3605 86 20 Gazette
1447 3606 35 20 dcs
1498 3607 122 20 Tribunaux
1634 3613 50 21 says
1694 3607 50 22 that
1778 3608 30 22 all
1819 3608 37 23 the

1267 3630 58 22 dead
1334 3631 65 22 could
1410 3636 38 17 not
1456 3636 39 24 yet
1504 3634 29 21 be
1543 3633 141 27 recognized,
1697 3634 44 22 and
1750 3635 19 22 it
1775 3635 44 22 will
1830 3636 26 22 be

1266 3657 194 28 impossibleJVom
1470 3660 37 21 the
1515 3660 106 27 mangled
1628 3661 46 22 and
1681 3660 111 28 shapeless
1798 3662 58 23 form

1267 3685 27 20 of
1306 3684 76 23 others
1399 3690 21 17 to
1430 3686 100 23 discover
1539 3686 51 23 who
1606 3687 52 28 they
1669 3695 45 15 are.
1744 3688 40 23 We
1801 3690 55 22 have

1266 3710 68 23 heard
1351 3712 26 22 of
1393 3719 14 15 &
1423 3712 76 28 family
1509 3714 100 26 residing
1627 3714 24 22 in
1670 3714 39 22 the
1725 3715 48 22 Rue
1789 3716 27 22 de
1834 3716 23 23 la

1266 3737 94 28 Poterie,
1372 3742 121 26 composed
1501 3741 27 22 of
1535 3740 79 23 eleven
1622 3748 101 21 persons,
1732 3745 39 19 not
1781 3749 42 16 one
1834 3744 26 21 of

1266 3765 72 22 whom
1354 3765 41 23 has
1405 3766 56 23 been
1472 3767 61 22 since
1548 3767 72 22 heard
1629 3768 29 22 of.
1687 3769 23 22 A
1721 3769 61 22 Paris
1799 3777 57 15 mer-

1265 3791 74 27 chant,
1350 3791 60 36 who]
1414 3801 43 14 was
1473 3794 22 22 in
1511 3802 13 14 a
1534 3801 94 21 waggon
1638 3795 55 22 witli
1708 3796 35 22 his
1752 3796 50 23 wife
1813 3798 43 21 and

1265 3817 115 29 daughter,
1397 3822 29 20 14
1439 3827 63 20 years
1514 3821 27 22 of
1552 3829 47 19 age,
1611 3828 43 16 saw
1665 3822 38 23 the
1713 3823 65 22 latter
1788 3824 68 22 killed

1266 3852 21 14 in
1297 3845 37 23 the
1344 3845 81 29 coupeh,
1440 3848 46 21 and
1502 3848 36 21 his
1550 3848 49 22 wife
1613 3849 66 22 burnt
1689 3857 14 14 a
1716 3850 57 22 little
1783 3851 74 22 father

1265 3879 33 20 on,
1319 3873 84 28 having
1420 3873 91 23 himself
1526 3876 159 27 miraculously
1705 3877 94 27 escaped
1807 3885 6 19 ;
1828 3878 28 22 he

1265 3899 46 22 has.
1313 3899 44 23 lost
1366 3900 39 26 all|
1410 3900 137 23 recollection
1557 3901 24 22 of
1590 3902 57 21 what
1653 3903 87 29 passed.
1764 3904 21 22 A
1792 3911 66 15 num-

1264 3925 39 22 ber
1313 3926 25 22 of
1355 3926 66 23 other
1432 3927 116 22 travellers
1557 3935 82 21 appear
1652 3926 100 26 likewise
1761 3933 23 19 to
1800 3930 57 23 have

1263 3952 44 24 lost
1323 3952 58 25 their
1395 3961 11 15 r
1413 3959 62 18 sason
1485 3954 58 23 from
1558 3955 39 22 the
1608 3956 134 23 commotion
1755 3956 102 30 they.ex*

1263 3980 128 32 perienced,
1413 3980 40 25 and
1467 3981 38 25 the
1520 3981 104 27 dreadful
1637 3982 131 30 impression
1782 3983 26 25 of
1819 3984 39 24 the

175 2356 77 24 LAW
275 2357 222 26 PROCEDURE.

1904 3481 41 17 The
1952 3481 99 23 following
2057 3486 32 14 are
2098 3483 33 17 the
2138 3484 80 21 quarter
2229 3483 47 21 days
2283 3483 21 17 of
2313 3482 39 18 this
2359 3487 61 17 paptr
2425 3489 28 11 :•—

1990 3510 69 18 March
2318 3512 48 17 31st.

1990 3532 52 18 June
2318 3533 50 17 30th.

1990 3554 113 22 September
2318 3554 51 17 30th.

1990 3575 107 19 December
2318 3577 48 16 31st.

1905 3601 82 20 Persons
1994 3605 111 21 previously
2112 3605 19 17 to
2144 3603 147 22 discontinuing
2302 3604 51 18 their
2359 3608 70 17 paper*
2436 3604 36 18 and

1884 3624 167 24 advertisements,
2059 3627 53 17 must
2119 3626 57 17 settle
2183 3625 33 18 the
2228 3626 91 17 accounts
2328 3625 36 18 due
2371 3631 27 16 up
2410 3627 20 16 to
2441 3625 33 18 thi

1886 3644 57 20 datifr

1978 3688 126 20 AGENTS
2117 3687 56 20 FOR
2189 3686 73 20 THIS
2275 3686 108 21 PAPER.

1905 3737 38 18 Mr.
1955 3737 126 18 BURCKAM
2175 3736 77 17 Petoni.

1905 3759 37 17 Mr.
1955 3759 20 18 C.
1989 3758 111 22 ELLIOTT,
2112 3757 104 18 Examiner
2223 3757 66 21 Office,
2296 3757 72 18 Nelson
2377 3757 76 18 Haven.

1905 3780 38 18 Mr.
1954 3780 17 17 J.
1980 3779 23 18 B.
2013 3779 90 18 BAINBS
2179 3778 47 18 New
2234 3778 108 21 Plymouth,
2349 3778 104 20 Taranaki,

1906 3801 37 18 Mr.
1955 3801 25 18 H.
1991 3799 123 19 CHURTON
2180 3799 116 23 Wanganui.

1907 3822 36 17 Mr.
1956 3822 29 17 W.
1997 3822 33 17 Wl
2035 3820 60 19 LSON
2178 3820 42 22 Bay
2227 3820 21 18 of
2258 3820 82 18 Islands.

2006 3865 99 21 Notice
2121 3866 29 20 to
2166 3864 183 22 Subscribers.

1886 3901 78 25 Papert
1978 3900 47 20 will
2037 3900 37 19 not
2088 3899 24 20 be
2122 3900 47 19 tent
2187 3900 22 19 to
2221 3904 89 21 persons
2321 3900 66 26 living
2402 3902 36 19 out
2454 3901 26 25 of

1911 3928 54 20 Port
1974 3927 122 25 Nicholson,
2114 3928 69 20 unless
2197 3929 156 26 arrangements
2366 3933 38 15 art
2417 3928 59 21 mad*

1908 3954 37 25 for
1954 3955 35 20 the
1993 3956 103 25 payment
2105 3954 28 26 of
2138 3955 36 21 the
2182 3961 64 20 tame,
2259 3955 90 27 through
2366 3961 28 16 an
2407 3956 69 26 Agent

1912 3985 23 19 at
1948 3984 135 25 Wellington.
2398 3994 8 9 .
