2529 4050
1887 128 214 21 WHOLESALE
2131 128 125 21 PRICES
2290 128 171 23 CURRENT.

557 42 97 48 SRjj*
678 42 117 41 *$t\x>
821 41 208 42 maianh
1054 40 188 47 «£a?*tte
1265 41 93 39 an*
1381 38 301 47 WteUiuqton
1705 35 250 50 gbptttotw*

50 136 40 21 To
105 135 161 21 Gentlemen
280 133 145 26 intending
438 134 30 19 to
484 133 76 20 enter
573 130 59 21 into

77 163 45 20 the
149 161 142 27 profitable
321 159 107 26 pursuit
457 158 31 21 of
514 157 119 26 Grazing

78 189 53 21 and
151 188 134 25 Breeding
305 186 92 24 Stock,
419 185 42 21 for
481 184 88 21 which
588 184 43 20 the

78 216 87 20 fertile
186 214 107 22 Islands
315 212 31 21 of
363 213 67 20 New
449 211 120 22 Zealand
587 216 44 15 are

76 248 32 15 so
123 241 150 28 peculiarly
286 240 126 26 adapted.

51 276 91 31 rpHE
153 274 150 27 undersigned
311 274 44 27 beg
365 276 22 19 to
395 273 82 22 inform
487 271 146 23 theirfriends

59 296 28 29 X
122 303 44 22 and
183 301 38 22 the
235 300 73 34 public
325 300 120 27 generally,
461 299 50 22 that
527 299 51 27 they
589 298 44 22 will

50 334 100 18 contract
175 329 34 22 for
227 328 37 21 the
288 327 100 27 delivery
412 327 26 21 of
459 326 38 22 the
521 325 112 26 following

50 356 134 28 description
197 355 26 21 of
229 353 74 28 Stock,
310 354 24 22 in
343 361 44 20 any
398 353 52 23 Port
459 353 26 22 of
498 352 38 22 the
546 351 87 23 Islands

51 384 26 21 of
84 383 53 22 New
148 381 99 23 Zealand
255 388 34 14 :—

78 410 94 21 Horned
188 408 66 23 cattle
271 407 126 28 (improved
409 406 89 27 breeds)
515 406 25 22 of
551 405 30 22 all
595 405 38 21 de-

50 436 124 27 scriptions,

77 463 92 26 Horses,
190 462 57 21 from
268 461 38 22 the
329 461 50 21 best
398 460 93 27 English
511 459 46 22 and
572 458 61 22 Arab

48 489 69 27 studs,
134 489 94 22 suitable
244 489 34 21 for
296 487 85 28 racing,
398 487 82 27 saddle,
492 494 25 14 or
529 487 89 21 harness
626 493 6 18 ;

47 516 47 23 and
103 516 107 27 breeding
219 522 78 20 mares,

77 543 56 22 Pure
144 543 75 21 Saxon
229 541 44 22 and
283 541 86 22 merino
379 548 63 20 ewes,

76 569 120 22 Half-bred
213 569 111 21 Leicester
339 568 45 22 and
401 567 85 23 merino
506 574 62 17 ewes,
584 573 50 20 par-

49 596 102 28 ticularly
161 596 95 27 adapted
270 596 34 20 for
314 595 44 22 this
368 598 100 23 country,
480 601 23 14 as
513 593 52 27 they
573 593 61 21 unite

49 623 81 26 weight
139 623 27 21 of
172 630 86 14 carcass
269 622 51 22 with
331 622 96 21 fineness
438 621 25 21 of
470 621 64 21 wool.

75 649 48 22 The
146 649 150 28 undersigned
320 656 42 15 can
391 647 164 23 accommodate
583 654 52 19 pur-

50 676 87 23 chasers
152 677 27 20 of
192 675 57 23 their
259 675 66 22 Stock
344 675 53 22 with
414 674 115 22 extensive
543 673 92 27 grazing

49 711 61 19 runs,
122 703 76 22 within
209 705 40 20 100
258 703 64 22 miles
333 703 25 21 of
364 702 43 21 this
417 701 60 22 Port.

310 729 36 21 W.
362 729 24 21 B.
403 729 93 21 Rhodes
510 727 44 21 and
569 727 36 21 Co.

240 776 66 19 Bees
322 774 41 21 for
378 774 69 20 Sale.

52 808 193 50 EXPECTED
259 807 57 22 from
335 807 95 27 Sydney,
442 807 29 26 by
482 806 48 21 first
544 805 87 27 arrival,

131 843 11 14 a
156 836 44 21 few
216 835 61 21 hives
288 835 24 20 of
318 834 64 27 bees;
400 833 75 22 orders
488 833 45 21 will
548 833 45 21 also
607 833 27 21 be

52 863 66 21 taken
129 862 34 22 for
174 862 36 21 the
226 861 141 28 importation
378 860 25 22 of
415 861 52 21 bees
478 863 22 18 to
511 859 37 22 the
558 863 77 18 extent

52 889 25 22 of
84 889 55 21 from
150 891 82 24 twenty
241 892 22 18 to
268 887 68 28 thirty
343 887 70 23 hives.
442 887 43 22 For
494 887 67 27 price,
569 887 66 27 apply

52 919 23 18 at
84 916 38 21 the
280 915 79 21 Office.

79 943 129 26 September
217 944 34 26 20,
263 943 60 21 1842.

302 988 89 20 Seeds.

54 1023 72 48 ON
137 1023 86 26 SALE,
233 1025 23 18 at
264 1022 37 22 the
311 1022 85 20 Gazette
403 1021 76 25 Office,
488 1021 23 22 in
517 1021 118 26 quantities

132 1053 21 17 to
169 1049 45 21 suit
231 1048 137 27 purchasers,
387 1048 37 22 the
443 1047 112 27 following
572 1048 63 21 seeds

50 1084 77 19 grown
137 1076 22 21 in
170 1075 38 23 the
219 1075 83 27 Colony
303 1087 28 4 —

80 1103 91 21 Lettuce
184 1102 106 27 (cabbage
301 1103 46 21 and
357 1102 142 27 drumhead),

79 1129 82 27 Turnip
173 1129 76 26 (white
260 1133 61 18 stone
330 1130 46 21 and
386 1129 89 26 swede),

80 1157 77 21 Carrot
168 1156 69 27 (early
247 1156 55 22 horn
313 1156 45 22 and
368 1157 52 26 long
431 1156 99 27 orange),

80 1184 102 26 Cabbage
195 1183 74 26 (sugar
278 1183 63 27 loaf),

80 1211 56 21 Peas
160 1210 108 25 (victoria,
292 1217 68 20 green
388 1217 100 18 marrow,
517 1216 116 20 auvergne,

51 1237 90 26 knights
150 1244 100 19 marrow,
261 1237 108 27 imperial,
381 1236 133 27 Mazarine),

79 1265 73 20 Beans
164 1265 91 24 (scarlet
264 1264 101 25 runner),

80 1291 80 25 Beans,
170 1291 84 27 kidney
266 1291 114 27 (speckled
393 1290 75 27 dwarf,
480 1290 66 22 black
560 1291 74 26 dwarf,

54 1318 61 22 dunn
127 1318 85 26 dwarf),

82 1345 77 27 Celery
170 1345 75 26 (white
256 1345 73 26 solid),

82 1372 74 22 Onion
168 1372 87 27 (mixed
266 1372 70 27 seed),

80 1399 68 26 Leek,

80 1425 95 22 Lentille
188 1426 96 26 (French
294 1426 44 21 and
350 1425 104 28 Spaniih)

81 1452 106 27 Raddish,

82 1480 100 21 Mustard
195 1480 44 21 and
250 1487 64 19 cress,

82 1506 94 28 Spinach
188 1506 98 27 (round),

54 1529 52 26 And
116 1534 88 21 various
213 1534 67 21 kinds
290 1534 25 21 of
322 1534 116 25 vegetable
449 1533 65 22 seeds
530 1541 73 20 grown
614 1534 22 21 in

54 1560 103 28 England
165 1569 5 19 ;
188 1561 45 21 also
244 1568 13 14 a
273 1561 86 27 variety
369 1562 25 20 of
407 1560 75 22 flower
497 1561 70 27 seeds,
583 1561 54 22 both

54 1588 100 21 Colonial
165 1588 44 21 and
221 1588 98 27 English.

82 1615 129 26 September
223 1617 31 24 16,
264 1616 59 21 1842.

54 1660 95 48 JUST
162 1660 158 22 RECEIVED
332 1664 23 17 at
363 1660 36 22 the
409 1660 68 22 Office
484 1661 26 21 of
517 1660 36 22 the

119 1687 97 21 Zealand
356 1694 12 14 a
379 1687 40 21 few
435 1687 73 27 copies
518 1687 26 21 of
551 1687 36 23 the
598 1688 39 22 fol-

52 1715 84 26 lowing
149 1713 77 27 works,
238 1714 26 21 of
272 1714 43 22 last
323 1714 72 27 year's
406 1714 140 27 publication,
558 1715 42 22 and
615 1717 22 20 in

54 1741 111 22 excellent
176 1741 110 22 condition
294 1750 4 13 :
301 1752 26 5 —

81 1774 47 23 The
144 1775 98 21 Poetical
257 1774 79 23 Works
353 1775 26 21 of
393 1775 87 26 ATilton,
493 1775 54 22 with
562 1783 12 14 a
593 1784 45 14 me-

53 1802 64 26 moir,
137 1802 42 21 and
203 1809 66 14 seven
294 1802 190 22 embellishments
508 1802 29 27 by
558 1803 79 27 Fuseli,

54 1828 99 28 Westall,
178 1828 44 22 and
247 1829 92 22 Martin.
387 1829 60 27 Also,
472 1837 29 14 an
530 1830 108 21 excellent

52 1856 95 27 portrait
165 1856 26 21 of
208 1856 88 27 Milton,
318 1856 114 27 engraved
445 1856 28 28 by
489 1856 22 22 J.
533 1856 103 28 Cochran,

52 1883 59 21 from
122 1891 14 13 a
144 1882 124 28 miniature,
280 1883 117 27 originally
407 1884 22 21 in
440 1883 37 22 the
485 1885 120 25 possession
617 1885 25 21 of

54 1910 77 21 Oliver
139 1910 122 21 Cromwell.
290 1910 11 21 I
313 1910 43 22 vol.
365 1912 55 24 Svo.,
430 1910 75 22 bound
514 1911 23 21 in
545 1911 65 22 cloth.

83 1936 49 23 Life
149 1938 25 21 of
189 1937 38 22 the
245 1937 64 22 Duke
327 1938 25 21 of
366 1937 144 27 Wellington.,
532 1938 106 28 compiled

52 1964 61 21 from
137 1963 32 22 his
194 1964 91 21 Grace's
308 1964 144 26 Despatches,
477 1964 116 27 published
616 1965 22 21 in

54 1992 61 24 1840,
128 1990 30 27 by
169 1991 88 27 George
266 1991 78 26 Soane,
356 1991 58 21 A.B.
441 1992 13 20 2
465 1991 53 22 vols.
530 1991 58 22 cloth
596 1992 42 21 and

52 2017 103 22 lettered.

81 2044 48 22 The
139 2044 63 27 Holy
211 2044 70 26 Bible,
292 2044 128 28 containing
430 2044 36 22 the
475 2044 45 22 Old
530 2045 45 22 and
585 2046 53 22 New

53 2071 147 27 Testaments,
226 2071 52 22 with
301 2075 70 23 notes,
392 2072 30 27 by
445 2072 37 21 the
502 2072 56 21 Rev.
579 2073 59 21 John

157 2099 104 25 Caunter,
278 2098 59 27 8.C.,
353 2098 80 23 author
447 2098 24 22 of
479 2098 38 22 the

54 2125 26 22 of
91 2125 38 22 the
315 2126 45 21 and
371 2126 145 22 embellished
527 2126 51 22 with
590 2127 50 21 four

53 2160 65 20 maps
133 2153 43 21 and
191 2154 41 20 144
246 2154 138 26 engravings,
405 2153 56 21 from
480 2153 112 27 paintings
610 2154 29 27 by

54 2179 93 22 Westall
158 2180 44 21 and
214 2180 89 26 Martin,
315 2183 48 19 Svo.
375 2180 67 22 cloth.

82 2207 47 21 The
141 2207 130 27 Beginner's
282 2207 85 21 French
384 2207 70 27 Book,
467 2207 43 22 and
525 2207 37 22 the
573 2208 66 22 Scho-

51 2232 55 23 lar's
126 2234 84 22 French
228 2234 68 27 Book,
314 2235 28 26 by
355 2235 61 21 Rene
435 2234 75 27 Aliva,
522 2235 78 22 author
619 2236 23 21 of

52 2260 39 22 the
127 2261 165 28 Anti-Spelling

82 2288 142 22 Moutacute:
242 2296 24 14 or
276 2295 13 14 a
299 2289 54 21 New
371 2288 65 22 horne
438 2300 27 4 —
466 2289 75 21 who'll
553 2289 85 22 follow?

54 2315 33 26 By
99 2315 54 21 Mrs.
168 2315 61 27 Mary
241 2315 95 22 Clavers.
366 2317 13 19 2
386 2315 53 23 vols.
451 2318 48 20 Svo.

82 2343 109 26 Scripture
209 2342 132 28 Biography,
356 2344 35 20 for
403 2343 37 21 the
455 2343 89 27 Young,
557 2343 83 22 embel-

52 2368 74 22 lished
136 2369 51 22 with
196 2369 79 28 plates.

82 2395 109 28 Voyages,
204 2397 147 26 Adventures,
369 2397 45 21 and
430 2397 95 27 Escapes
540 2397 26 22 of
578 2398 60 28 dipt.

54 2422 99 23 Richard
164 2423 114 26 Falconer,
290 2425 85 21 written
386 2424 29 27 by
426 2424 96 26 himself,
534 2427 10 19 1
556 2425 43 22 vol.

81 2450 95 22 Fisher's
187 2451 105 21 Juvenile
303 2451 67 31 Scrap
381 2451 69 26 Book,
461 2452 36 20 for
506 2453 60 21 1842.

82 2477 50 22 Life
151 2478 45 22 and
216 2478 71 25 Reign
306 2479 25 21 of
343 2478 99 22 William
457 2479 36 21 the
511 2479 90 27 Fourth,
612 2479 28 28 by

51 2503 38 23 the
101 2505 55 21 Rev.
170 2505 27 21 G.
209 2505 29 21 N.
250 2505 94 28 Wright,
358 2506 71 25 M.A.,
441 2507 12 20 2
464 2506 54 21 vols.

83 2531 49 23 Life
141 2532 41 22 and
193 2533 135 26 Campaigns
338 2533 26 21 of
377 2532 35 22 the
423 2533 66 21 Duke
500 2533 25 21 of
533 2533 107 28 Welling-

52 2562 46 23 ton,
109 2559 30 27 by
149 2559 35 21 the
196 2567 61 14 same
267 2559 95 23 Author.
390 2561 14 20 4
414 2559 54 23 vols.

83 2586 49 22 Life
146 2587 43 21 and
203 2587 96 21 services
316 2587 25 21 of
355 2587 94 21 Horatio
463 2587 108 22 Viscount
588 2587 52 22 Nel-

55 2620 47 19 son,
122 2613 55 22 from
190 2613 35 22 his
243 2613 117 28 lordship's
381 2614 152 28 manuscripts,
555 2615 30 27 by
604 2615 36 22 the

55 2640 57 22 Rev.
123 2641 22 21 J.
156 2642 21 20 S.
189 2641 86 26 Clarke,
287 2641 88 26 F.R.S.,
386 2641 45 22 and
442 2641 59 22 John
513 2642 126 28 M'Arthur,

55 2667 60 27 Esq.,
127 2667 85 22 L.L.D.
241 2669 13 20 3
264 2668 54 22 vols.

83 2695 48 21 The
148 2694 79 27 Rhine,
240 2695 64 27 Italy,
316 2695 44 22 and
379 2696 84 21 Greece
473 2696 132 26 illustrated,
617 2696 22 22 in

55 2728 14 14 a
80 2721 67 22 series
157 2721 24 22 of
189 2721 109 28 drawings
315 2722 55 21 from
387 2726 85 24 nature,
485 2722 51 23 with
553 2722 87 23 histori-

55 2748 36 22 cal
102 2748 45 21 and
156 2748 121 27 legendary
287 2749 150 28 descriptions.

84 2775 156 27 Shakspeare's
250 2775 114 22 Dramatic
375 2776 87 27 Works,
473 2776 54 23 with
536 2777 78 27 plates.
630 2780 10 19 1

54 2802 45 22 vol.

83 2829 144 22 Buchanan's
236 2829 85 27 history
331 2830 25 21 of
363 2830 114 22 Scotland.
506 2832 10 20 1
529 2830 43 22 vol.

84 2856 94 28 History
188 2856 25 22 of
226 2856 107 27 England,
345 2860 22 18 to
384 2856 36 22 the
437 2857 64 22 death
518 2858 26 21 of
557 2858 85 26 George

53 2883 41 22 the
107 2883 92 27 Second,
210 2884 30 26 by
251 2883 76 22 Oliver
338 2884 137 28 Goldsmith;
492 2885 120 22 continued
621 2889 21 18 to

54 2910 39 22 the
106 2911 125 21 coronation
243 2911 25 21 of
282 2911 77 24 Queen
370 2910 107 27 Victoria,
493 2912 30 25 by
534 2912 36 21 the
586 2912 55 22 Rev.

56 2938 30 21 G.
99 2938 29 21 N.
140 2937 96 28 Wright,
247 2938 64 22 M.A.

83 2964 108 28 Wesley's
216 2966 110 26 Sermons,
344 2964 54 23 with
417 2972 13 15 a
448 2966 99 26 memoir,
572 2966 29 28 by
621 2968 21 21 S.

55 2991 75 27 Drew,
146 2992 63 21 M.A.

84 3018 98 23 Memoir
189 3019 27 22 of
223 3019 55 22 Rev.
290 3018 108 23 Rowland
413 3019 55 27 Hill,
478 3019 30 29 by
519 3020 35 21 W.
566 3020 76 27 Jones,

57 3045 89 22 Author
170 3046 25 21 of
240 3046 169 28 Testamentary
433 3047 114 27 Counsels,
600 3048 44 21 2nd

57 3072 91 21 edition.
177 3074 8 19 1
199 3072 43 22 vol.

85 3098 120 28 Magnall's
216 3100 130 27 Questions;
362 3101 102 27 pictorial
475 3101 90 22 edition.

85 3126 104 21 Barton's
199 3126 83 28 Gospel
290 3127 84 27 history
382 3128 27 21 of
415 3128 79 22 Christ.
524 3131 11 19 1
544 3128 45 22 vol.

85 3152 47 21 The
144 3152 75 22 Easter
231 3154 54 23 Gift,
296 3154 28 28 by
335 3154 84 23 L.E.L.
450 3156 9 21 1
471 3155 43 22 vol.

85 3179 47 22 The
144 3179 99 22 Parents'
255 3180 86 29 Friend,
350 3182 28 28 by
388 3181 61 22 John
460 3182 106 27 Morison,
575 3182 67 28 D.D.,

58 3206 90 23 Author
156 3207 25 21 of
328 3213 22 17 to
360 3217 13 13 a
384 3209 179 27 newly-wedded

87 3233 109 29 Scripture
215 3233 91 29 History
320 3235 33 22 for
370 3236 84 22 Youth.
482 3238 15 20 2
511 3237 64 27 vols.,
591 3237 53 22 with

57 3268 65 19 maps
131 3260 45 22 and
186 3260 75 28 plates.

85 3287 48 22 The
155 3287 92 22 Women
268 3288 24 21 of
309 3288 107 27 England,
436 3290 58 22 their
513 3291 75 21 Social
602 3291 41 21 and

55 3314 118 23 Domestic
188 3314 86 28 Duties,
292 3315 28 27 by
330 3316 55 21 Mrs.
402 3316 68 28 Ellis;
486 3317 52 21 15th
554 3317 88 23 edition.

57 3343 10 20 1
80 3342 45 21 vol.

84 3370 103 21 Summer
200 3368 45 22 and
256 3368 84 22 Winter
355 3369 24 21 in
394 3369 37 22 the
442 3370 116 27 Pyrenees,
570 3371 29 27 by
606 3371 37 23 the

56 3403 62 15 same
129 3396 94 22 Author.
254 3396 10 21 1
276 3395 43 21 vol.

86 3423 137 21 Goldsmiths
234 3422 81 26 history
326 3422 25 21 of
358 3422 37 22 the
405 3423 68 22 earth.
501 3427 14 19 4
525 3425 55 21 vols.

84 3450 107 22 Burder's
200 3450 89 26 Village
300 3450 109 21 Sermons.
438 3450 12 21 I
463 3451 41 21 vol.

83 3477 93 21 Wood's
186 3477 130 26 Dictionary
327 3476 25 21 of
359 3476 37 21 the
407 3476 69 23 Bible.
504 3480 14 20 2
528 3479 56 23 vols.

85 3505 92 21 Smith's
189 3504 110 26 Mecanic,
310 3505 13 20 2
332 3503 54 21 vols.

46 3539 8 12 ♦
84 3531 48 22 The
143 3531 62 22 Book
217 3531 25 22 of
255 3531 105 21 Common
372 3530 90 27 Prayer,
473 3530 129 24 illustrated.

83 3558 146 22 Fleetwood's
239 3558 39 22 life
289 3558 24 20 of
321 3558 79 21 Christ.

85 3585 67 23 Fox's
163 3585 110 22 Christain
284 3584 160 27 Martyrology.

83 3612 49 22 The
144 3611 70 23 whole
224 3613 54 26 duty
289 3612 24 21 of
321 3611 63 27 Man,
400 3611 30 27 by
440 3610 37 22 the
487 3611 56 23 Rev.
555 3611 89 25 Charles

56 3639 104 25 Atmore,

83 3666 131 22 Morrison's
224 3665 88 27 Family
322 3665 102 28 Prayers.

84 3693 118 27 Bunyan's
218 3693 112 26 Pilgrim's
346 3693 111 27 Progress,
474 3691 132 30 beautifully
619 3693 16 22 il

54 3719 116 23 lustrated.

82 3746 114 23 Sermon's
204 3746 30 27 by
244 3745 60 23 Blair
313 3745 45 23 and
367 3745 137 23 Whitefield.

83 3773 115 23 Buchan's
207 3773 115 22 Domestic
332 3773 122 22 Medicine.

83 3799 113 23 Walker's
206 3799 155 28 Pronouncing
370 3800 138 27 Dictionary.

83 3827 136 22 Jamieson's
224 3827 132 27 Dictionary
362 3828 22 21 of
391 3827 143 23 Mechanical
546 3827 98 28 Science,

56 3855 63 26 Arts,
131 3854 173 26 Manufactures,
316 3854 40 22 &c.
384 3856 13 20 2
407 3855 63 25 vols.,
480 3855 45 21 4to.

84 3881 173 27 Encyclopedia
267 3881 126 21 Edinensis.
421 3883 14 19 C
444 3881 55 22 volb.

84 3907 118 28 Drawing-
204 3908 72 22 Room
285 3909 68 26 Scrap
363 3907 63 23 Book
435 3908 35 22 for
480 3909 59 22 1842.

83 3934 101 24 Mathew
195 3934 74 23 Wald.

84 3961 85 22 Close's
177 3961 87 25 Family
274 3961 89 28 Prayer.

54 3991 3 7 '
85 3988 71 28 Gnay'jt
166 3987 93 29 spelling
268 3988 63 27 book,
343 3989 48 26 &«.,
402 3988 48 27 &c,
466 3988 40 22 &«.
518 4012 5 2 .
530 3999 3 6 •

1510 127 38 20 To
1562 127 60 24 Let,

1274 153 88 50 FOR
1376 153 55 22 such
1441 160 13 15 a
1464 156 56 19 term
1531 153 25 21 of
1561 160 64 21 years
1635 160 23 14 as
1675 160 52 19 may
1736 153 28 21 be
1777 153 81 27 agreed

1347 188 36 19 on,
1394 181 34 21 six
1439 187 60 15 acres
1517 180 64 26 along
1598 180 37 21 the
1646 179 45 23 Kai
1705 180 150 27 Warra-road,

1272 214 29 14 on
1311 207 87 22 Section
1409 207 43 21 No.
1463 209 20 24 4,
1498 206 25 22 in
1538 214 43 14 one
1598 214 25 14 or
1639 214 61 14 more
1713 206 51 22 lots.
1793 206 63 27 Also,

1271 233 89 23 wanted
1378 241 14 14 a
1411 236 124 19 contractor
1552 233 36 22 for
1605 233 101 27 building
1724 241 14 14 a
1752 233 106 22 weather-

1271 260 100 22 boarded
1383 261 78 26 house,
1479 260 54 22 with
1549 259 63 23 brick
1631 259 116 28 chimnies,
1762 267 28 15 on
1810 259 48 23 said

1272 288 92 21 section.
1393 287 77 27 Apply
1479 290 22 18 to

1463 314 49 21 Mr.
1526 314 154 26 Macdonald,
1692 313 44 23 Kai
1746 313 84 23 Warra.

1301 340 44 22 Kai
1355 340 87 27 Warra,
1453 339 53 28 July
1519 343 19 24 8,
1550 341 60 21 1842.

1421 385 40 20 To
1477 386 32 20 be
1525 386 65 19 Sold
1609 391 30 15 or
1653 386 57 19 Let.

1271 419 11 12 r
1284 418 81 22 TTWO
1378 417 101 22 Wooden
1491 417 94 26 Houses,
1597 425 28 13 on
1633 417 38 21 the
1676 417 181 29 Tinakore-road,

1282 442 24 23 X
1314 467 5 4 ,
1350 445 36 21 the
1405 444 84 22 second
1506 451 50 15 acre
1575 445 57 21 from
1652 444 93 27 Captain
1762 444 88 22 Smith's

1318 471 130 27 containing
1461 471 50 21 four
1520 478 74 14 rooms
1604 471 44 21 and
1663 478 13 14 a
1689 478 98 20 passage,
1804 471 54 21 each

1273 498 53 22 with
1345 498 49 22 zinc
1413 497 67 25 roofs,
1506 497 45 22 and
1574 497 25 22 in
1622 505 66 20 every
1706 502 86 23 respect
1810 497 48 23 well

1273 525 101 22 finished.
1402 525 79 21 Terms
1485 535 25 4 —
1510 524 26 22 If
1542 524 54 27 sold,
1607 525 11 21 i
1618 525 48 21 6150
1679 525 33 21 for
1719 525 53 21 each
1778 525 68 22 house
1853 533 4 18 ;

1272 552 20 21 if
1303 552 38 27 let,
1353 553 31 21 £1
1395 559 40 20 per
1446 551 62 23 week
1517 551 35 22 for
1561 551 55 22 each
1626 551 77 23 house.
1730 552 75 27 Apply
1815 555 22 19 to

1665 586 74 22 James
1754 586 78 22 Watt.

1286 612 143 27 Wellington,
1439 612 59 22 Nov.
1507 612 34 27 27,
1551 614 60 20 1841.

1501 658 52 20 For
1569 658 69 24 Sale,

1275 691 93 50 THE
1383 692 145 21 COTTAGE
1544 692 93 21 situated
1647 692 23 21 in
1689 692 98 22 Oriental
1804 693 54 27 Bay,

1350 718 44 22 and
1408 718 70 28 lately
1487 719 105 27 occupied
1609 719 28 27 by
1648 718 37 23 the
1703 719 155 27 undersigned.

1275 746 21 21 A
1312 745 53 27 long
1382 744 60 23 lease
1461 746 26 21 of
1504 745 37 22 the
1555 746 84 21 section
1654 753 58 21 upon
1732 746 71 22 which
1822 746 37 22 the

1273 772 70 21 house
1353 772 75 21 stands
1439 772 44 21 will
1493 772 27 21 be
1530 772 102 27 granted.

1300 799 69 22 Town
1379 799 54 22 land
1444 798 45 23 will
1498 799 28 22 be
1534 800 66 21 taken
1612 800 22 21 in
1645 799 121 28 exchange.

1302 826 43 22 For
1354 826 83 21 further
1447 826 135 27 particulars,
1594 826 66 28 apply
1670 830 23 18 to

1597 858 96 22 George
1708 859 87 27 Duppa,
1811 866 24 14 or

1265 882 2 35 |
1596 885 36 21 W.
1649 885 27 22 V.
1693 886 99 22 Brewer

1265 917 2 12 i
1277 916 584 4 _--__-__--_--—_--__—-_______-____—_—______—_-__-_____

1265 931 2 30 |
1468 931 92 20 House
1575 932 30 19 to
1616 931 56 20 Let.

1277 965 50 47 A
1350 964 86 22 GOOD
1456 964 130 22 substantial
1605 964 75 27 house,
1702 965 51 21 with
1772 964 89 22 kitchen

1356 991 43 21 and
1410 991 136 27 out-houses,
1558 995 21 17 to
1590 991 31 21 let
1630 992 23 21 in
1663 992 197 22 Manners-street.

1277 1018 44 21 For
1329 1018 137 27 particulars,
1478 1018 65 27 apply
1555 1022 22 18 to
1588 1019 45 21 Mr.
1644 1019 120 21 Brewer's
1784 1019 75 22 Office.

1451 1068 107 21 Heifers
1573 1068 29 21 in
1618 1069 68 21 Calf.

1277 1094 88 48 FOR
1379 1094 87 26 SALE,
1477 1094 69 22 about
1559 1096 27 20 50
1597 1096 99 26 superior
1705 1096 56 21 bred
1773 1096 87 27 heifers,

1336 1125 57 18 most
1410 1122 26 20 of
1447 1122 63 21 them
1524 1122 73 26 heavy
1611 1122 23 21 in
1653 1122 49 26 calf,
1721 1124 44 20 and
1780 1123 81 27 having

1277 1148 55 21 been
1353 1156 59 14 some
1430 1148 54 21 time
1499 1148 22 21 in
1536 1149 37 21 the
1593 1149 93 26 Colony,
1703 1153 39 17 not
1757 1150 64 21 liable
1839 1154 22 17 to

1276 1176 67 21 suffer
1353 1175 54 22 from
1419 1175 37 21 the
1467 1175 75 22 effects
1553 1176 25 21 of
1588 1176 38 21 the
1644 1176 61 21 Toot.
1734 1176 46 21 The
1794 1176 67 22 above

1277 1202 66 22 cattle
1361 1209 40 15 can
1418 1202 26 21 be
1462 1203 100 26 strongly
1574 1202 181 27 recommended,
1773 1211 23 13 as
1810 1204 51 26 they

1277 1229 57 22 have
1351 1230 55 21 been
1424 1228 96 23 selected
1537 1230 56 21 from
1610 1230 37 21 the
1664 1237 118 14 numerous
1798 1230 64 22 cattle

1277 1256 59 28 ships
1346 1256 71 21 which
1429 1256 57 21 have
1503 1256 86 22 arrived
1603 1256 60 22 here.
1693 1256 75 28 Apply
1783 1260 21 18 to
1818 1257 43 21 Mr.

1278 1283 96 27 Revans,
1388 1284 87 20 Gazette
1484 1283 70 28 office,
1567 1291 23 14 or
1600 1287 23 18 to
1634 1284 43 21 Mr.
1690 1283 83 27 Hulke,
1783 1284 79 21 Evans'

1278 1310 55 27 Bay.

1306 1337 61 27 Also,
1378 1337 62 22 three
1450 1337 116 22 well-bred
1576 1345 72 14 mare
1643 1338 34 21 3in
1687 1338 52 26 foal,
1752 1341 21 18 to
1783 1338 80 27 impor-

1279 1364 35 22 ted
1325 1364 82 22 horses.

1279 1411 63 26 Ship
1358 1411 83 21 Hotel
1456 1411 21 20 &
1493 1411 113 24 Tavern,
1622 1411 130 20 Manners
1768 1412 93 23 Street,

1428 1444 40 22 BY
1484 1444 85 22 JOHN
1585 1444 130 27 FULLER,

1279 1478 80 20 WINES,
1371 1479 95 19 SPIRITS,
1479 1479 45 13 AND
1534 1479 61 14 MALT
1607 1479 97 15 LIQUORS
1715 1479 26 13 OF
1752 1479 111 15 SUPERIOR

1518 1506 107 14 QUALITY.

1352 1524 156 22 Commodious
1520 1532 71 14 rooms
1602 1526 52 20 with
1664 1526 56 26 good
1729 1526 61 20 beds.

1306 1553 92 19 Dinners
1414 1554 36 24 got
1473 1553 63 26 ready
1557 1559 24 14 on
1602 1554 35 19 the
1650 1554 91 19 shortest
1761 1555 74 19 notice.

1360 1586 30 14 AN
1402 1587 118 14 ORDINARY
1532 1587 69 15 DAILY
1612 1588 28 14 AT
1651 1582 13 20 2
1682 1580 101 22 O'CLOCK.

1421 1625 145 22 CHARLES
1581 1625 141 28 HARVEY,

1487 1653 101 25 Tailor,
1604 1653 54 24 &c,

1407 1680 115 25 Adjoining
1535 1682 71 19 Kumu
1622 1682 50 19 Toto
1687 1681 55 26 Pah,

1497 1715 157 19 WELLINGTON,

1280 1734 106 49 BEGS
1402 1738 22 17 to
1441 1738 77 17 return
1535 1734 81 23 thanks
1633 1739 23 17 to
1673 1735 37 21 the
1727 1738 79 24 gentry
1820 1735 45 22 and

1356 1761 74 28 public
1442 1762 22 20 of
1475 1761 56 22 New
1541 1761 100 22 Zealand
1651 1762 33 21 for
1693 1762 36 21 the
1738 1766 90 23 support
1837 1762 28 22 he

1279 1788 40 21 has
1335 1788 102 22 received
1452 1788 58 21 from
1527 1788 61 22 them
1604 1790 61 21 since
1679 1789 28 22 he
1723 1789 143 22 commenced

1279 1816 108 26 business,
1406 1815 44 22 and
1470 1815 28 22 he
1516 1823 85 14 assures
1619 1816 60 21 them
1696 1816 48 21 that
1760 1816 18 21 it
1795 1816 18 21 is
1832 1816 33 22 his

1279 1843 111 22 intention
1401 1846 22 18 to
1433 1843 106 21 continue
1550 1842 33 22 his
1599 1846 59 19 most
1673 1846 117 19 strenuous
1804 1851 62 14 exer-

1280 1870 58 21 tions
1349 1873 22 17 to
1383 1870 64 21 merit
1456 1877 14 14 a
1480 1870 149 21 continuance
1639 1870 26 21 of
1672 1870 57 21 their
1738 1874 127 23 patronage.

1308 1897 23 21 C.
1343 1898 28 19 H.
1383 1897 61 22 takes
1461 1897 44 22 this
1527 1898 143 26 opportunity
1685 1897 25 21 of
1722 1898 81 26 stating
1820 1898 47 21 that

1280 1924 33 21 his
1324 1924 62 21 stock
1398 1924 93 22 consists
1501 1924 26 21 of
1538 1931 14 14 a
1560 1924 58 26 good
1630 1924 83 27 variety
1724 1924 26 21 of
1756 1924 109 27 superfine

1280 1951 77 27 cloths,
1370 1950 110 27 doeskins,
1498 1952 88 24 tweeds,
1602 1951 128 27 moleskins,
1742 1952 121 24 velveteen,

1280 1978 55 25 pilot
1350 1978 66 25 cloth,
1428 1978 40 20 &c.
1480 1978 48 25 &c,
1543 1978 45 20 and
1604 1978 33 20 his
1650 1978 92 24 charges
1754 1978 45 24 (for
1818 1980 47 17 cash

1279 2005 59 23 only)
1350 2003 120 21 moderate.

1473 2049 26 19 J.
1515 2049 38 19 M.
1568 2048 109 26 Taylor,

1295 2082 153 23 LICENSED
1472 2082 241 22 CUSTOM-HOUSE
1738 2083 113 27 AGENT,

1529 2117 28 14 TE
1572 2117 50 14 ARO.

1418 2157 88 20 Town
1524 2156 31 20 of
1567 2157 166 19 Manewatu.

1282 2191 92 49 THE
1397 2190 216 22 PROPRIETORS
1638 2190 25 21 of
1687 2190 38 21 the
1745 2190 61 22 three
1821 2192 46 21 first

1369 2218 89 21 choices
1474 2221 23 18 at
1507 2219 36 20 the
1562 2217 43 22 last
1620 2216 106 23 selection
1738 2218 23 21 of
1776 2223 91 23 country

1281 2245 71 25 lands,
1366 2244 82 28 having
1468 2244 138 22 determined
1621 2251 60 19 upon
1698 2244 38 22 the
1752 2245 40 22 site
1807 2246 33 21 for
1855 2254 13 13 a

1294 2272 94 22 TOWN
1405 2272 41 21 ON
1463 2272 65 21 THE
1544 2271 189 22 MANEWATU
1748 2273 104 25 RIVER,

1281 2300 57 21 after
1343 2300 78 20 several
1430 2300 59 19 vinHs
1500 2303 20 17 to
1531 2298 36 22 the
1578 2299 185 27 neighbouroood,
1775 2300 46 21 and
1831 2300 36 22 the

1280 2331 58 17 most
1357 2326 83 22 careful
1459 2326 46 21 and
1524 2326 83 21 minute
1627 2326 149 22 examination
1793 2328 25 20 of
1831 2327 36 21 the

1281 2359 71 16 entire
1369 2354 92 26 district,
1476 2352 67 22 aided
1560 2353 29 27 by
1599 2352 37 22 the
1653 2353 143 27 professional
1811 2354 55 27 skill,

1281 2380 138 28 knowledge,
1439 2381 44 21 and
1499 2380 129 28 experience
1646 2380 24 21 of
1682 2380 37 21 the
1736 2385 59 17 most
1809 2388 59 14 com-

1281 2411 77 24 petent
1366 2407 87 28 judges,
1470 2415 94 20 propose
1580 2411 22 17 to
1618 2406 55 22 offer
1684 2407 33 21 for
1733 2407 102 28 disposal,
1846 2413 22 17 at

1432 2435 36 21 the
1484 2437 88 24 present
1583 2434 59 26 time,
1654 2434 67 21 about

1282 2461 219 23 TWENTY-FIVE
1538 2461 104 25 ACRKS,
1682 2461 35 21 IN
1755 2461 113 23 ALLOT-

1282 2489 113 26 MENTS,
1412 2488 86 22 EACH
1520 2488 39 21 OF
1585 2488 62 21 ONE
1668 2488 148 23 QUARTER
1830 2490 38 21 OF

1501 2515 43 21 AN
1561 2515 89 21 ACRE.

1308 2543 47 21 The
1366 2545 48 25 spot
1424 2543 50 21 thus
1484 2542 97 21 selected
1592 2548 111 21 possesses
1712 2541 37 22 the
1759 2547 57 18 most
1830 2552 38 14 ex-

1281 2570 86 22 tensive
1381 2570 101 26 frontage
1498 2572 22 18 to
1538 2568 55 27 deep
1606 2574 67 16 water
1689 2569 25 21 of
1726 2576 42 21 any
1784 2578 28 14 on
1832 2571 35 21 the

1282 2598 64 21 river.
1377 2597 20 21 It
1416 2597 18 21 is
1453 2595 97 23 situated
1565 2596 47 26 just
1625 2599 22 17 at
1665 2596 46 22 that
1731 2597 62 26 point
1811 2598 56 22 from

1345 2623 72 23 which
1427 2631 13 13 a
1450 2623 54 22 road
1517 2621 71 23 would
1598 2623 82 21 branch
1693 2623 33 21 off
1732 2628 21 16 to
1764 2624 37 22 the

1283 2659 95 15 WOODED
1401 2658 46 14 AND
1470 2657 97 14 FERTILE
1588 2657 115 14 DISTRICTS
1726 2658 74 14 ALONG
1824 2660 43 14 THE

1453 2685 56 14 BASE
1524 2684 27 14 OF
1566 2684 45 14 THE
1627 2684 73 19 HILLS,

1283 2705 43 23 and
1339 2706 71 21 above
1420 2705 73 21 which
1505 2703 35 23 the
1555 2704 128 26 navigation
1698 2705 34 21 for
1741 2705 80 22 vessels
1832 2706 37 21 be-

1284 2740 74 15 comes
1369 2733 84 24 tedious,
1465 2732 24 24 if
1494 2733 37 18 not
1540 2731 93 26 difficult.
1664 2731 22 22 It
1693 2731 17 22 is
1717 2732 108 22 therefore
1832 2733 36 21 the

1482 2759 63 26 point
1554 2759 72 21 where
1637 2759 37 21 the

1284 2794 88 22 LAND
1388 2794 68 21 AND
1472 2793 114 22 WATER
1600 2793 162 22 CARRIAGE
1777 2794 92 22 MEET,

1284 2821 43 22 and
1339 2820 73 23 where
1422 2828 13 14 a
1444 2820 70 22 Town
1532 2828 60 14 must
1607 2828 27 14 be
1651 2827 89 15 tormed
1759 2821 63 22 when
1833 2822 37 21 the

1285 2848 85 22 district
1385 2848 19 21 is
1414 2847 87 22 settled.
1531 2848 22 21 It
1562 2855 43 14 was
1616 2847 96 22 selected
1729 2848 30 26 by
1769 2848 37 21 the
1820 2849 51 21 Sur-

1284 2876 82 26 veying
1375 2874 59 22 Staff
1446 2883 23 13 as
1480 2875 38 21 the
1527 2874 137 22 rendezvous
1673 2874 37 22 for
1725 2874 56 22 their
1795 2875 60 28 body
1864 2884 5 19 ;

1285 2902 41 22 and
1339 2902 39 22 has
1387 2902 57 22 been
1455 2909 51 15 now
1519 2901 78 28 found,
1607 2902 58 21 after
1675 2902 86 21 several
1777 2903 94 21 months'

1283 2929 105 27 location,
1401 2933 21 17 to
1436 2929 27 22 be
1473 2929 38 21 the
1522 2932 57 18 most
1594 2929 165 27 advantageous
1770 2930 100 27 position,

1285 2956 57 22 from
1359 2957 27 20 its
1402 2956 97 27 peculiar
1521 2956 85 27 facility
1621 2956 26 22 of
1659 2956 111 27 approach
1781 2957 52 21 both
1844 2957 28 27 by

1284 2983 54 22 land
1348 2983 44 22 and
1402 2987 75 18 water.

1313 3011 28 21 In
1352 3011 154 21 confirmation
1517 3011 26 20 of
1550 3010 36 22 the
1597 3010 131 27 superiority
1739 3011 25 20 of
1773 3011 41 21 this
1825 3014 48 24 spot

1285 3045 54 15 over
1348 3045 45 20 any
1403 3038 62 22 other
1473 3043 39 22 yet
1522 3037 87 26 known,
1623 3037 37 21 the
1672 3038 89 20 Messrs.
1770 3037 101 27 Kebbell,

1286 3065 57 21 after
1361 3065 38 21 the
1419 3065 150 21 examination
1587 3065 24 20 of
1628 3064 37 21 the
1686 3064 57 21 river
1760 3064 56 22 from
1835 3065 37 21 the

1287 3091 89 23 Paneiri
1386 3091 47 22 Pah
1444 3097 21 17 to
1475 3092 29 21 its
1515 3091 85 27 mouth,
1611 3091 139 22 determined
1765 3098 27 15 on
1804 3096 69 17 erect-

1526 3118 38 26 ing
1578 3119 58 21 their

1287 3152 66 23 SAW
1369 3152 80 23 MILL
1470 3152 231 23 IMMEDIATELY
1717 3152 155 23 OPPOSITE.

1286 3180 48 22 The
1353 3180 71 22 works
1442 3179 24 22 of
1484 3179 49 22 that
1551 3178 168 23 establishment
1738 3187 36 14 are
1793 3183 23 18 at
1832 3181 42 21 this

1288 3210 100 19 moment
1406 3206 23 24 in
1444 3206 64 28 rapid
1523 3213 107 20 progress,
1649 3206 43 21 and
1712 3206 36 21 the
1767 3208 107 26 proposed

1287 3235 68 22 Town
1367 3234 43 21 will
1420 3233 134 27 necessarily
1560 3233 91 27 partake
1658 3234 26 21 of
1691 3233 42 22 this
1743 3234 130 28 advantage.

1314 3262 49 21 The
1382 3260 93 23 nucleus
1490 3260 26 21 of
1533 3268 12 14 a
1566 3260 66 22 Town
1647 3260 26 27 is,
1684 3260 22 22 in
1722 3261 51 27 fact,
1785 3262 89 27 already

1289 3288 95 25 created,
1394 3288 29 27 by
1434 3287 37 22 the
1482 3288 166 21 concentration
1665 3288 24 21 of
1705 3287 36 22 the
1752 3289 123 27 Surveying

1289 3316 57 21 Staff
1353 3323 28 14 on
1392 3315 48 21 that
1451 3318 54 24 spot,
1518 3322 23 13 as
1551 3315 37 21 the
1600 3318 73 18 centre
1691 3316 24 21 of
1726 3316 149 22 communica-

1289 3344 44 20 tion
1345 3345 23 18 to
1379 3342 37 21 the
1426 3342 149 26 surrounding
1586 3341 96 27 district;
1700 3342 36 22 the
1747 3343 95 21 erection
1854 3344 24 21 of

1289 3370 90 21 Messrs.
1392 3369 116 22 Kebbell's
1523 3370 48 21 Saw
1590 3369 61 22 Mills
1670 3370 96 27 opposite
1774 3378 6 18 ;
1796 3370 29 27 by
1839 3370 36 22 the

1289 3401 163 23 arrangements
1466 3396 35 22 for
1517 3403 29 14 an
1564 3396 113 22 extensive
1689 3397 98 21 General
1799 3397 75 28 Stoic;

1289 3424 43 22 and
1345 3425 27 26 by
1381 3424 37 21 the
1428 3424 43 21 late
1482 3424 132 31 application
1623 3424 33 20 for
1666 3431 12 13 a
1686 3424 106 22 Licensed
1800 3425 75 21 House

1288 3458 27 14 on
1325 3450 37 22 the
1372 3455 51 24 part
1432 3451 25 21 of
1469 3458 27 14 an
1508 3449 123 23 individual
1646 3450 50 21 who
1711 3451 46 27 has,
1769 3451 59 22 since
1840 3452 35 21 the

1288 3478 118 22 formation
1425 3478 24 21 of
1464 3478 37 21 the
1519 3477 92 27 Colony,
1627 3477 97 27 pursued
1741 3484 12 15 a
1773 3478 103 22 lucrative

1289 3505 62 22 trade
1362 3505 52 21 with
1425 3505 36 21 the
1473 3504 93 26 natives,
1578 3503 45 22 and
1635 3504 72 21 whose
1719 3504 128 28 knowledge
1855 3506 24 21 of

1288 3532 36 22 the
1335 3532 137 27 advantages
1483 3531 25 22 of
1515 3531 38 21 the
1564 3530 100 28 position,
1673 3532 116 27 prompted
1798 3532 46 22 him
1854 3536 23 18 at

1289 3566 54 16 once
1355 3563 23 18 to
1386 3559 73 27 prefer
1468 3558 51 22 that
1531 3558 142 27 application.

1314 3586 48 22 The
1373 3586 93 22 Natives
1482 3585 30 28 by
1522 3584 73 22 whom
1611 3584 43 22 this
1665 3584 54 23 land
1729 3593 45 15 was
1783 3587 94 22 claimed

1289 3620 36 14 are
1336 3613 61 28 quite
1407 3611 109 28 prepared
1526 3616 22 16 to
1557 3611 51 27 give
1614 3618 30 20 up
1651 3613 132 27 possession,
1791 3614 44 21 and
1842 3621 34 15 are

1289 3639 146 28 exceedingly
1444 3639 95 22 anxious
1553 3642 21 18 to
1590 3638 57 22 have
1658 3646 14 14 a
1681 3639 118 29 European
1808 3648 69 20 popu-

1287 3666 68 22 lation
1366 3674 83 19 among
1459 3666 68 26 them,
1539 3665 83 26 having
1640 3665 56 22 been
1705 3674 60 20 upon
1776 3667 36 22 the
1823 3671 56 19 most

1288 3693 97 29 friendly
1391 3694 86 26 footing
1489 3692 53 22 with
1552 3692 37 21 the
1601 3693 125 28 Surveying
1736 3695 58 23 Staff
1799 3695 79 26 during

1287 3721 37 22 the
1334 3721 51 22 four
1393 3728 25 15 or
1428 3720 42 22 five
1480 3719 91 23 months
1579 3718 54 28 they
1653 3719 57 23 have
1727 3721 55 22 been
1793 3721 86 23 located

1287 3748 70 23 there.

1317 3775 33 22 As
1361 3775 36 22 the
1406 3774 139 27 Proprietors
1553 3780 94 20 purpose
1656 3777 23 18 to
1689 3773 87 28 dispose
1786 3775 27 21 of
1818 3775 39 22 but
1866 3782 12 14 a

1289 3803 84 22 limited
1389 3801 88 27 portion
1495 3801 26 21 of
1533 3800 37 22 the
1584 3801 70 21 Town
1670 3805 23 17 at
1711 3805 95 24 present,
1827 3802 50 27 they

1287 3829 79 29 pledge
1377 3829 133 22 themselves
1519 3827 54 27 that,
1585 3831 23 18 at
1618 3834 28 15 no
1666 3827 72 23 future
1749 3829 70 26 sales,.
1823 3829 55 22 shall

1289 3857 36 22 the
1338 3856 128 23 allotments
1473 3855 30 22 be
1512 3857 41 26 put
1559 3862 29 20 up
1599 3857 24 19 at
1632 3861 12 15 a
1654 3852 46 24 Jess
1710 3862 49 15 sum
1768 3856 57 26 than,
1831 3863 48 16 now

1289 3884 96 22 offered.'

1279 3929 1 6 ,
1315 3913 22 21 A
1357 3911 133 26 Prospectus
1499 3920 2 6 •
1508 3908 59 22 and^
1574 3908 56 23 Plan
1651 3909 28 21 of
1691 3908 38 22 the
1747 3907 68 25 Town
1833 3910 46 22 -win
1877 3911 7 13 1

1288 3937 86 27 shortly
1383 3937 28 21 be
1418 3936 73 27 ready,
1497 3935 39 24 for,
1541 3936 131 26 inspection,
1682 3939 23 19 at
1717 3935 38 24 the
1766 3936 82 23 Offices
1857 3937 25 22 of

1279 3959 182 32 'Mewrjs.,W^itt
1465 3973 3 18 |
1469 3961 126 26 and?l>Ber
1593 3975 9 11 >
1603 3961 126 25 ,T«-Ar0..,,
1755 3969 32 15 v>

1278 3987 4 14 1
1295 3996 5 20 ;
1313 3982 150 31 Wdliinrtcfil
1473 3986 66 26 April
1547 3987 36 26 22,
1593 3987 61 21 1943.
1673 3992 8 7 -

845 130 113 20 Gazette
972 128 89 21 Office.

661 163 198 23 STATIONERY
873 162 196 22 WHOLESALE
1083 162 21 22 &
1119 160 122 22 RETAIL.

659 198 87 49 WE
770 198 44 24 beg
835 200 23 18 to
882 203 115 15 announce
1016 196 37 21 the
1075 195 87 26 arrival,
1186 195 57 21 from

755 218 111 38 England,
878 223 25 22 of
911 222 36 23 the
963 222 48 22 first
1019 226 49 24 part
1077 222 25 22 of
1111 229 42 25 pur
1167 224 76 19 exten-

660 251 45 22 sive
716 250 73 23 orders
798 251 24 21 in
833 250 44 22 this
887 250 141 27 department
1037 249 26 21 of
1070 249 106 22 business.
1198 248 46 22 Our

661 278 61 21 stock
732 277 91 27 already
833 276 92 23 consists
939 276 26 22 of
977 283 66 21 every
1053 276 74 21 article
1144 275 99 27 required

660 304 34 22 for
708 304 97 26 Schools,
823 303 81 27 Banks,
922 303 83 26 Courts,
1025 302 53 23 Law
1094 302 87 23 Offices,
1200 301 43 22 and

661 330 87 28 Artists,
760 331 40 22 &c.
810 338 4 20 ;
831 330 74 23 whilst
914 329 36 22 the
967 329 137 22 ornamental
1115 328 44 22 and
1176 328 67 21 draw-

661 359 37 26 ing
711 365 60 14 room
788 358 123 26 stationery
926 356 39 22 has
979 360 40 17 not
1031 357 58 20 been
1105 355 137 22 overlooked.

660 384 48 22 The
719 384 125 22 difficulties
856 383 113 27 attending
978 383 38 21 the
1026 383 47 22 first
1080 382 164 23 establishment

660 411 81 27 having
750 412 57 20 been
824 417 122 20 overcome,
958 410 46 21 and
1014 417 66 19 every
1094 409 80 22 arrival
1189 409 54 20 from

662 438 103 26 England
784 437 83 27 adding
883 436 58 22 fresh
959 436 109 22 additions
1082 439 23 18 to
1120 442 40 15 our
1175 435 67 26 stock,

662 464 43 22 will
723 464 77 22 enable
816 471 26 15 us
851 467 23 18 to
891 463 79 22 reduce
988 470 40 15 our
1042 463 92 26 charges
1144 470 29 13 on
1188 464 56 19 most

662 491 86 22 articles
758 496 23 17 at
788 490 59 23 least
856 492 27 21 50
891 497 39 21 per
940 493 57 19 cent.

689 518 155 28 Storekeepers
863 518 42 21 and
924 516 116 23 wholesale
1059 516 85 22 dealers
1163 522 39 15 can
1217 515 27 22 be

662 545 100 27 supplied
777 549 23 18 to
816 552 43 20 any
870 547 82 23 extent,
971 543 43 22 and
1030 551 29 14 on
1076 548 67 17 terms
1159 542 85 28 equally

663 572 163 26 advantageous
836 576 23 17 to
869 578 43 20 any
920 570 106 22 obtained
1034 570 24 22 in
1068 570 96 28 Sydney,

690 599 93 26 Writing
791 605 76 21 paper,

690 625 111 28 Imperial,

690 653 78 26 Royal,

690 679 113 27 Foolscap,
816 678 87 22 various
913 678 108 28 qualities,

690 706 70 26 Large
769 705 61 22 thick
840 708 56 24 post,
907 713 62 14 wove
978 704 47 23 and
1034 704 51 27 laid,

690 732 56 22 Thin
755 736 57 23 post,
823 732 64 27 ditto,

692 760 54 21 Fine
755 760 54 21 bath
819 763 56 23 post,
887 758 47 28 gilt.

690 786 87 22 Double
793 786 111 28 elephant,
922 786 147 27 antiquarian,
1084 784 107 30 imperial,
1202 784 43 23 and

663 813 62 27 royal
735 813 98 26 drawing
841 820 74 20 paper,

693 840 88 27 Oblong
791 840 90 27 clasped
892 839 166 23 memorandum
1068 839 77 26 books,

690 868 85 21 French
785 867 86 27 tracing
880 874 73 20 paper,

690 894 88 23 Ladies'
788 894 44 23 and
842 894 146 27 gentlemen's
1000 893 52 22 card
1061 901 67 19 cases,

692 922 61 21 Ditto
824 921 35 22 do.
917 921 70 22 tinted
997 920 45 22 and
1053 919 116 23 embossed
1176 919 69 27 cards,

691 950 92 26 Sponge,
796 948 78 22 wafers
884 948 22 21 in
916 950 13 19 2
939 955 33 14 oz.
982 948 75 24 boxes,

691 976 67 21 Black
775 976 55 26 edge
851 975 45 22 and
913 974 115 26 bordered,
1049 974 64 22 letter
1132 974 45 21 and
1195 976 51 19 note

664 1009 73 21 paper.

692 1030 89 21 Invoice
791 1029 76 27 books,
878 1029 53 22 with
942 1028 98 27 indexes,
1051 1029 87 21 various
1148 1028 63 27 sizes,

692 1056 56 22 Cash
754 1056 78 26 books,
844 1056 63 22 ruled
917 1055 87 27 double,
1016 1056 86 21 various
1112 1056 62 26 sizes,

691 1084 129 26 Envelopes,

691 1110 84 22 Pewter
781 1110 124 27 inkstands,

691 1138 78 26 Ebony
779 1138 124 26 inkstands,
913 1137 53 21 with
976 1137 101 26 drawers,

692 1164 71 22 Broad
776 1165 42 21 and
829 1172 84 14 narrow
924 1171 66 20 green
1001 1164 42 21 silk
1054 1164 84 26 ribbon,

692 1191 63 21 Brief
762 1191 45 22 and
817 1191 58 22 deed
884 1198 74 20 paper,

654 1220 2 31 j
692 1218 72 22 Ruled
774 1226 68 19 paper
852 1218 33 21 for
896 1218 38 22 bill
944 1218 75 26 heads,

692 1245 70 27 Royal
779 1245 68 27 nand,
861 1245 80 22 double
958 1245 61 22 hand
1035 1245 83 26 brown,
1135 1243 45 22 and
1188 1243 59 28 royal

664 1272 75 21 brown
749 1273 115 27 wrapping
873 1280 74 20 paper,

694 1299 97 26 Ledgers
802 1299 44 22 and
857 1303 95 19 account
960 1299 77 26 books,
1048 1298 86 22 various
1145 1298 62 26 sizes,

692 1325 82 23 Pocket
783 1327 89 26 ledgers
882 1327 43 21 and
935 1325 168 23 memorandum
1112 1324 76 27 books,

692 1353 119 27 Engraved
821 1362 57 19 copy
885 1354 53 27 slips
948 1353 44 22 and
1002 1352 76 27 books,

694 1380 50 22 Best
754 1381 79 21 Welch
844 1381 72 26 slates,
927 1381 60 27 large
995 1379 44 23 and
1049 1379 69 28 small,

694 1407 71 22 Blank
776 1409 69 22 music
857 1409 76 26 books,

693 1435 101 27 Message
806 1437 72 27 cards,

693 1463 109 21 Coloured
814 1472 87 20 papers,

694 1491 69 26 Sugar
772 1498 87 21 papers,

696 1517 57 22 hote
763 1526 86 20 papers,

694 1545 90 27 Playing
795 1546 71 28 cards,
878 1546 103 22 coloured
991 1545 44 23 and
1042 1545 52 28 gold
1101 1545 75 27 backi,

693 1573 60 27 Copy
764 1573 76 27 books,

693 1600 69 21 Black
772 1600 49 23 lead
831 1601 91 27 pencils,

694 1627 63 22 India
766 1628 89 27 rubber,
867 1629 70 21 bottle
948 1628 43 23 and
1003 1630 86 25 patant,

694 1654 66 27 Ivory
770 1655 82 22 folders
862 1656 46 21 and
917 1656 84 26 knives,

695 1681 45 22 Pen
752 1682 83 26 knives,

694 1708 85 26 Rulers,
790 1710 82 26 pocket
882 1710 76 26 books,

695 1735 72 22 Blank
776 1736 51 23 bills
838 1737 25 21 of
871 1737 121 27 exchange,

695 1762 75 23 Letter
779 1764 44 21 and
835 1764 38 22 bill
885 1764 55 27 files,

696 1789 41 22 Ink
748 1790 42 22 and
799 1790 39 23 ink
848 1792 106 27 powders,

694 1816 75 23 Bibles
778 1818 43 21 and
833 1821 134 23 testaments,

694 1844 97 28 Spelling
800 1845 76 27 books,
889 1846 92 26 various,

694 1870 99 28 Primers,

696 1897 123 23 Children's
828 1900 71 20 books
909 1900 22 20 in
943 1901 61 25 great
1013 1898 92 27 variety,

694 1925 72 22 Blank
777 1926 171 22 Custom-house
963 1926 75 26 forms,
1056 1926 35 21 for
1107 1925 142 26 auctioneers,

668 1951 45 22 and
724 1952 27 22 all
762 1952 36 22 the
816 1953 64 21 other
891 1953 169 21 Custom-house
1070 1952 67 22 forms
1148 1952 33 21 for
1192 1952 59 22 Mer-

668 1978 83 22 chants.

696 2006 112 21 Seamen's
819 2006 99 21 advance
929 2009 69 18 notes.

696 2033 113 21 Seamen's
820 2033 87 21 articles
918 2033 24 21 of
950 2035 135 24 agreement.

696 2059 134 27 Log-books.

696 2086 71 21 Blank
777 2087 67 25 writs,

696 2112 143 23 Parchments
849 2114 35 20 for
911 2112 74 22 deeds.

696 2141 78 22 Quills.

696 2167 58 22 Ever
763 2167 89 28 pointed
862 2167 74 28 pencil
945 2174 60 15 cases
1014 2167 24 22 in
1046 2167 97 28 superior
1153 2166 98 22 German

669 2194 77 22 Silver.

696 2221 87 22 Lucifer
793 2222 76 21 boxes.

696 2248 75 22 Wafer
780 2252 89 23 stamps.

672 2293 172 48 WANTED
860 2294 21 21 A
896 2293 205 22 SHEPHERD.—
1103 2293 34 21 No
1147 2301 40 13 one
1198 2293 54 21 need

751 2321 63 27 apply
826 2320 48 21 who
885 2321 40 21 has
941 2323 39 19 not
988 2321 58 21 been
1062 2321 93 26 brought
1164 2328 29 19 up
1204 2328 22 13 as
1240 2327 13 14 a

669 2347 121 28 Shepherd.
820 2347 76 28 Apply
906 2350 23 18 to

844 2382 36 21 W.
892 2382 91 27 Hulke,
995 2383 148 26 Cowpastures
1153 2382 73 22 Farm.

763 2434 91 20 Union
869 2434 79 21 Bank
964 2434 29 21 of
1010 2434 148 21 Australia.

670 2467 94 22 London
782 2468 92 25 Office,
891 2467 44 22 No.
950 2468 35 25 33,
1004 2468 50 21 Old
1071 2468 181 22 Broad-street.

724 2500 92 27 Capital,
826 2500 122 27 £800,000;
970 2500 50 27 paid
1030 2507 37 20 up,
1083 2500 118 27 £500,000.

903 2538 118 12 directors:

774 2560 68 21 George
850 2560 38 16 Fife
896 2560 67 20 Angas,
972 2560 47 21 Esq.,

774 2581 66 16 Robert
849 2581 74 19 Brooks,
934 2582 48 19 Esq.,

774 2602 60 16 James
842 2602 49 16 John
899 2602 98 20 Cummins,
1007 2602 48 20 Esq.,

774 2623 67 16 Robert
848 2623 97 19 Gardener,
958 2623 47 20 Esq.,
1017 2623 122 20 Manehsittr,

773 2644 47 16 John
830 2645 45 15 Gore
892 2644 49 19 Esq.,

774 2666 47 15 John
829 2665 79 16 William
916 2665 74 18 Buckle,
997 2665 48 21 Esq.,

774 2686 94 20 Benjamin
877 2686 21 16 E.
905 2686 63 19 Lindo,
977 2686 46 20 Esq.,

774 2707 71 17 Charles
857 2707 74 17 Edward
939 2707 86 20 Mangles,
1035 2707 48 19 Esq.,

774 2728 115 21 Christopher
897 2728 83 19 Rawson,
989 2728 47 20 Esq.,
1049 2728 80 20 Halifax,

774 2749 77 17 Thomas
859 2749 63 19 Sands,
932 2749 47 20 Esq.,
987 2749 100 20 Liverpool,

774 2771 61 16 James
842 2770 56 20 Bogle
906 2770 65 19 Smith,
978 2770 47 20 Esq.,

774 2792 61 16 James
843 2791 80 17 Ruddell
930 2791 56 18 Todd,
994 2791 42 20 Esq.

669 2820 96 17 Truiteei:
781 2820 81 16 George
873 2820 57 15 Caiir
941 2819 61 19 Glyn,
1015 2819 48 20 Esq.,
1074 2820 53 16 JonN
1139 2820 59 19 Go_._,
1209 2820 47 20 Esq..

815 2841 36 15 and
859 2841 66 15 James
933 2840 17 16 J.
958 2840 100 20 Cummins,
1068 2841 42 19 Esq.

698 2869 90 15 Banktrs:
800 2868 75 16 Messrs.
883 2868 61 19 G_yk,
957 2868 113 19 Hallifax,
1079 2868 70 20 Mills,
1157 2869 36 16 and
1200 2869 31 16 Co.

789 2896 102 20 Secretary:
903 2896 83 16 S_mwe_
993 2896 95 20 Jackson,
1096 2896 42 21 Esq.

761 2924 79 16 Colonial
847 2924 96 21 Inspector
948 2929 3 11 :
964 2924 17 17 J.
988 2924 19 17 C.
1014 2924 104 20 M'Laken,
1125 2926 42 19 Etq.

792 2973 69 20 New
879 2972 123 22 Zealand
1021 2973 115 21 Branch.

670 3007 54 17 Local
731 3006 90 17 Directors
827 3011 4 11 :
847 3007 48 16 Geo.
907 3006 17 16 S.
936 3006 73 19 Evans,
1021 3007 49 20 Esq.,
1083 3007 63 17 D.C.L.
1164 3009 36 16 and
1212 3009 45 16 Geo.

892 3027 91 21 Hunter,
997 3029 41 19 Esq.

671 3055 96 20 Manager:
779 3054 47 16 John
834 3054 73 17 Smith,
916 3053 48 21 Esq.,
972 3053 36 17 late
1016 3055 19 15 of
1044 3055 31 15 the
1083 3056 116 16 Commercial
1206 3056 51 16 Bank

839 3076 20 15 of
868 3074 89 21 England,
969 3074 123 17 Manchester.

781 3096 114 22 Branches
906 3100 23 17 at
944 3097 96 27 Sydney,

945 3123 88 22 Hobart
1041 3124 77 28 Town,

946 3150 148 28 Launceston,
1107 3152 44 21 and

946 3178 54 22 Port
1009 3178 81 27 Philip.

671 3205 54 22 Port
735 3204 130 28 Nicholson,
877 3204 80 23 March
967 3206 35 26 24,
1013 3206 61 21 1840.

672 3259 92 34 rpHE
781 3259 115 22 Directors
912 3258 26 22 of
954 3258 39 23 (he
1009 3259 56 22 New
1082 3260 98 23 Zealand
1195 3261 65 22 Land

680 3281 30 27 X
748 3286 115 27 Company
878 3286 82 27 hereby
979 3286 49 27 give
1045 3287 82 27 notice,
1145 3288 47 22 that
1207 3288 52 28 they

671 3313 58 21 have
736 3321 112 14 EFFECTED
859 3320 28 15 AN
901 3321 170 14 ARRANGEMENT
1080 3314 52 21 With
1140 3315 36 22 the
1185 3316 73 21 Union

671 3340 65 21 Bank
751 3340 26 21 of
793 3340 120 26 Australia,
931 3340 44 21 No.
991 3342 34 24 38,
1040 3340 45 23 Old
1102 3341 156 27 Broad-street,

671 3367 103 27 London,
785 3366 34 23 for
828 3367 37 22 the
880 3366 168 23 establishment
1061 3368 27 21 of
1101 3375 14 14 a
1131 3368 124 23 BRANCH

671 3394 89 22 BANK
776 3394 33 21 IN
824 3393 73 22 NEW
911 3394 159 28 ZEALAND,
1083 3395 94 28 through
1188 3396 71 22 which

671 3421 39 21 the
719 3420 100 23 business
833 3420 26 22 of
871 3420 39 22 the
927 3420 58 23 New
1000 3421 101 22 Zealand
1115 3422 63 22 Land
1195 3424 64 21 Com-

671 3455 60 21 pany
741 3448 44 21 will
794 3448 27 21 be
831 3448 136 21 transacted.
996 3447 46 22 The
1058 3449 113 23 Directors
1187 3450 72 22 there-

671 3476 48 21 fore
729 3475 144 22 recommend
882 3478 23 18 to
923 3474 110 23 Colonists
1049 3475 37 22 the
1105 3476 73 22 Union
1195 3478 65 21 Bank

671 3502 28 22 of
717 3502 113 24 Australia
847 3509 24 15 as
890 3509 28 15 an
946 3502 168 22 establishment
1136 3505 124 26 possessing

672 3529 57 22 their
746 3530 68 21 entire
838 3529 138 27 confidence,
997 3530 43 21 and
1060 3530 50 22 able
1129 3533 21 19 to
1168 3531 91 27 provide

671 3556 126 28 effectually
812 3556 35 22 for
863 3556 38 22 the
916 3556 105 22 financial
1036 3560 70 18 wants
1123 3558 25 21 of
1159 3558 36 22 the
1213 3558 47 23 first

671 3583 134 22 settlement.

838 3610 36 28 By
884 3610 66 22 order
960 3611 26 21 of
996 3610 37 22 the
1042 3611 81 28 Board,

917 3645 85 22 JOHN
1016 3645 104 27 WARD,
1136 3646 123 28 Secretary.

673 3671 56 22 New
738 3671 99 22 Zealand
846 3671 66 22 Land
922 3672 134 28 Company's
1066 3672 79 28 Office,

700 3704 20 22 1,
731 3703 159 27 Adam-street,
901 3704 106 28 Adelphi,
1016 3704 53 22 2?th
1080 3705 66 29 Aug.,
1158 3706 61 23 1839.

675 3747 91 49 THE
789 3749 79 20 Nelson
891 3750 117 21 Examiner
1030 3751 43 21 and
1094 3752 51 20 New
1168 3753 94 20 Zealand

749 3775 108 21 Chronicle
872 3776 126 27 (published
1009 3780 22 19 at
1040 3777 102 29 Nelson,)
1158 3778 19 23 is
1195 3787 66 20 regu-

671 3800 59 28 larly
748 3803 141 21 transmitted
903 3806 23 18 to
942 3803 144 29 Wellington,
1107 3802 44 26 and
1166 3814 53 20 may
1233 3804 27 25 lie

672 3827 43 22 had
728 3831 22 18 at
758 3827 38 23 the
806 3829 62 22 office
879 3830 25 21 of
917 3830 43 22 this
969 3838 73 20 paper,
1102 3835 3 6 '
1138 3838 1 9 '

699 3854 49 23 The
757 3857 77 19 Nelson
843 3857 117 20 Examiner
976 3857 43 22 will
1029 3858 27 22 be
1066 3859 70 22 found
1146 3867 29 15 an
1186 3860 75 23 excel-

671 3881 50 23 lent
729 3882 96 23 medium
837 3884 34 21 for
881 3884 138 21 advertisers.

698 3908 78 23 Terms
786 3911 34 21 for
829 3911 37 21 the
876 3918 75 21 paper,
962 3914 37 19 ten
1008 3912 100 28 shillings
1122 3914 42 28 p6r
1162 3930 5 13 r
1171 3916 91 25 quarter

671 3936 94 28 payable
774 3937 24 21 in
807 3937 108 22 advance.
941 3949 3 3 •
1047 3942 2 6 '
1102 3935 12 16 >'•
1148 3946 3 3 •
1210 3956 2 4 .

699 3962 81 24 Orders'
785 3972 5 10 j
804 3964 34 21 for
856 3964 40 22 the
901 3971 10 9 ■'
917 3970 70 22 paper
1009 3965 43 21 and
1056 3973 5 5 -
1065 3984 3 5 .
1073 3965 72 22 wivsr
1146 3966 116 22 tiiemonta

671 3989 104 23 r«e«_Ted
784 3992 23 20 at
815 3989 38 23 tbe
857 3989 82 23 -Office
946 3986 82 26 oJF^lim
1036 3990 77 27 tfap«r,
1112 3990 21 14 rf
1132 3985 12 35 ]
1166 3989 11 14 r
1250 3985 18 15 F>
