2550 4010
530 524 132 33 PORT
685 524 286 37 NICHOLSON,
995 524 254 32 SATURDAY
1269 521 241 40 MORNING,
1532 525 290 32 SEPTEMBER
1848 530 50 31 12,
1922 530 89 28 1840.

2319 530 97 40 [Vol.
2440 531 28 32 I:

55 531 64 31 No.
142 530 66 38 23.]

50 35 2422 30 THE

59 98 462 132 NEW
633 78 861 147 ZEALAND
1606 80 858 150 GAZETTE

1213 257 101 31 AND

50 288 1090 197 BRITANNIA
1261 288 1211 197 SPECTATOR.

100 625 85 21 NEW
200 622 174 22 ZEALAND
393 620 186 22 COMPANY.

47 678 93 29 Capital,
156 678 119 26 £100,000,
289 676 25 21 in
323 677 56 20 4000
389 674 80 23 Shares
480 674 25 22 of
515 672 46 23 £25
572 672 63 28 each,

273 703 30 22 all
311 702 54 28 paid
373 709 38 20 up.

128 758 131 22 Governor:
274 756 48 22 The
332 756 66 22 Earl
409 762 26 15 of
445 754 113 23 Durham.

90 792 93 28 Deputy
193 791 117 22 Governor
317 796 5 14 :
339 789 87 21 Joseph
440 788 81 27 Somes,
537 787 53 28 Esq.

278 822 116 22 Directors
402 829 6 14 :

100 851 63 23 Lord
172 851 73 27 Petre,

100 878 64 22 Hon.
175 877 92 23 Francis
276 876 91 26 Baring,
379 875 70 27 M.P.,

99 905 63 22 John
173 904 102 22 Ellorker
283 903 111 26 Boulcott,
412 902 60 28 Esq.,

100 933 63 21 John
173 932 100 22 William
283 930 93 26 Buckle,
387 930 61 27 Esq.,

99 959 92 22 Russell
199 958 77 26 Ellice,
288 958 61 26 Esq.,
375 978 2 7 ,

100 986 79 22 James
188 984 82 22 Brodie
280 984 101 26 Gordon,
393 984 61 26 Esq.,

99 1013 99 21 Thomas
207 1011 67 21 Alers
284 1010 107 29 Hankey,
402 1010 61 27 Esq.,

99 1039 101 21 William
210 1038 61 21 Hutt
288 1037 60 27 Esq.,
361 1036 69 27 MI.P.,

100 1067 95 21 Stewart
205 1063 163 29 Majoribanks,
380 1063 61 27 Esq.,

100 1094 36 21 Sir
145 1092 100 21 William
255 1090 152 27 Molesworth,
419 1090 68 27 Bart.,
499 1088 68 28 M.P.,

100 1119 133 23 Alexander
241 1118 80 25 Nairn,
334 1117 60 28 Esq.,

100 1147 63 21 John
173 1146 66 26 Pirie,
250 1144 60 28 Esq.,
323 1143 131 28 Alderman,

101 1174 35 21 Sir
146 1173 89 26 George
245 1171 102 26 Sinclair,
358 1170 69 27 Bart.,
440 1166 69 31 M.P.,

100 1200 63 22 John
173 1199 60 21 Abel
243 1198 79 26 Smith,
334 1198 60 28 Esq.,
407 1197 69 27 M.P.,

99 1227 61 22 Wm.
171 1226 136 26 Thompson,
320 1225 61 27 Esq.,
393 1224 130 26 Alderman,
535 1223 70 27 M.P.,

101 1255 35 21 Sir
146 1253 81 26 Henry
236 1252 80 26 Webb,
328 1252 69 26 Bart.,

100 1281 88 22 Arthur
196 1279 80 27 Willis,
288 1279 61 28 Esq.,

101 1308 89 26 George
200 1305 120 23 Frederick
331 1307 88 25 Young,
431 1304 53 28 Esq.

160 1342 116 24 Secretary
285 1347 4 14 :
306 1339 62 22 John
379 1339 83 26 Ward,
474 1339 51 26 Esq.

47 1402 91 50 THE
147 1401 61 22 main
217 1400 99 22 features
323 1400 27 21 of
355 1400 38 21 the
401 1402 83 25 system
494 1399 25 21 of
525 1398 112 22 coloniza-

121 1430 48 20 tion
180 1426 96 28 adopted
286 1427 30 26 by
326 1426 38 22 the
377 1427 123 26 Company,
516 1433 45 19 are,
563 1438 31 4 —
595 1427 41 25 Ist,

46 1458 38 21 the
94 1457 45 21 sale
151 1455 25 22 of
186 1454 72 27 lands,
272 1457 24 17 at
310 1460 28 14 an
353 1453 99 21 uniform
467 1452 44 22 and
525 1452 113 22 sufficient

46 1485 71 27 price;
136 1482 46 22 and
195 1481 76 26 2ndly,
288 1480 39 22 the
341 1480 155 27 employment
509 1480 27 20 of
549 1487 13 13 a
575 1480 62 26 large

45 1511 88 28 portion
144 1510 26 20 of
176 1509 37 21 the
222 1507 212 28 purchase-money,
446 1514 24 14 as
480 1514 28 14 an
518 1506 120 27 Immigra-

46 1539 47 21 tion
103 1537 73 21 Fund.
205 1535 29 22 In
245 1534 62 22 these
316 1537 105 24 respects,
438 1533 38 22 the
485 1533 120 28 principles
615 1533 25 21 of

46 1564 69 23 South
129 1562 115 24 Australia
259 1561 56 21 have
332 1561 57 21 been
404 1560 104 22 followed
520 1567 24 15 as
559 1560 79 27 nearly

45 1600 24 14 as
88 1591 174 22 circumstances
275 1587 82 27 would,
377 1587 25 21 in
417 1587 38 22 the
473 1589 90 25 present
579 1594 57 20 case,

47 1618 88 29 permit.

72 1646 48 21 The
135 1643 72 28 grand
222 1642 75 27 object
311 1640 26 23 of
352 1641 39 21 the
407 1648 55 19 new,
476 1647 26 15 or
513 1641 123 26 improved,

46 1676 82 24 system
140 1671 27 21 of
177 1670 37 22 the
226 1668 97 27 disposal
337 1667 26 22 of
381 1667 96 22 colonial
490 1667 71 27 lands,
579 1667 20 22 is
615 1671 22 18 to

45 1699 100 28 regulate
160 1697 37 22 the
213 1695 80 33 supply
309 1695 25 21 of
351 1701 50 15 new
415 1694 61 26 land,
493 1694 30 26 by
539 1694 37 22 the
589 1695 49 21 real

46 1729 69 18 wants
128 1724 27 22 of
168 1724 37 22 the
222 1722 117 26 Colonists,
356 1728 25 15 so
396 1721 49 22 that
460 1718 37 24 the
511 1721 55 21 land
581 1721 57 22 shall

46 1760 67 15 never
131 1753 29 20 be
179 1750 71 22 either
268 1748 191 28 superabundant,
481 1755 25 14 or
524 1747 112 28 deficient,

45 1781 71 20 either
132 1782 38 18 too
186 1778 77 28 cheap,
282 1783 25 15 or
326 1778 37 19 too
382 1775 60 22 dear.
481 1775 22 21 It
520 1774 41 22 has
579 1775 58 21 been

45 1807 76 22 shown
132 1805 49 22 that
190 1804 37 22 the
238 1803 43 22 due
294 1803 131 27 proportion
440 1803 101 21 between
558 1802 79 28 people

46 1834 44 21 and
97 1831 147 28 landmaybe
253 1829 127 27 constantly
387 1829 93 22 secured
486 1829 29 26 by
521 1829 116 21 abandon-

45 1862 38 26 ing
93 1861 38 20 the
142 1859 37 21 old
189 1861 84 24 system
285 1856 24 22 of
322 1864 96 18 grants,
429 1855 45 22 and
483 1856 115 27 requiring
608 1863 28 15 an

45 1888 98 21 uniform
154 1886 60 27 price
225 1891 39 21 per
274 1890 56 20 acre,
346 1883 36 21 for
391 1883 30 21 all
431 1890 49 14 new
489 1882 72 26 lands,
573 1883 64 21 with-

46 1918 39 18 out
95 1913 125 27 exception.
251 1910 25 22 If
287 1910 38 21 the
334 1911 61 26 price
406 1910 28 21 be
448 1913 41 17 not
502 1913 37 17 too
554 1909 50 26 low,
621 1910 17 21 it

45 1942 73 21 deters
129 1939 135 28 speculators
274 1937 58 21 from
347 1937 119 26 obtaining
478 1936 61 27 land,
556 1935 53 23 with
625 1944 13 14 a

45 1968 56 21 view
111 1970 22 18 to
144 1966 89 25 leaving
243 1964 58 21 their
309 1967 107 27 property
425 1963 22 21 in
459 1970 13 13 a
484 1962 74 21 desert
571 1965 64 24 state,

45 1994 45 20 and
104 1995 51 19 tluii
170 1993 104 26 prevents
283 1989 111 26 injurious
404 1989 135 27 dispersion:
554 1988 19 22 it
582 1988 54 27 also,

45 2019 29 25 by
86 2015 134 27 compelling
229 2022 66 18 every
302 2015 105 20 labourer
415 2012 91 23 to\vork
513 2015 35 19 for
556 2021 79 18 wages,

45 2043 57 22 until
113 2043 28 21 he
152 2042 40 21 has
201 2040 68 22 saved
284 2040 37 20 the
332 2040 54 26 only
396 2047 78 14 means
485 2039 24 21 of
521 2040 117 25 obtaining

43 2070 62 26 land,
116 2070 87 21 insures
219 2075 13 13 a
247 2066 80 28 supply
342 2066 26 21 of
379 2066 80 21 labour
472 2066 34 21 for
520 2065 55 22 hire.
607 2066 28 26 If,

45 2105 29 14 on
84 2097 38 21 the
133 2095 64 21 other
207 2093 67 26 hand,
291 2092 37 22 the
339 2092 61 27 price
408 2092 28 21 be
447 2095 40 19 not
496 2095 37 18 too
544 2092 60 26 high,
621 2092 17 21 it

45 2123 88 23 neither
142 2122 101 22 confines
252 2120 38 21 the
301 2119 88 22 settlers
403 2119 77 21 within
494 2126 14 13 a
523 2126 64 20 space
603 2120 35 20 in-

45 2148 160 27 conveniently
221 2153 95 19 narrow,
332 2153 43 14 nor
390 2146 53 21 does
457 2146 17 21 it
490 2149 94 23 prevent
599 2146 37 21 the

44 2177 79 28 thrifty
137 2176 105 22 labourer
255 2174 59 21 from
328 2173 122 26 becoming
464 2180 12 13 a
488 2172 148 27 land-owner,

46 2205 56 21 after
112 2203 102 26 working
224 2208 62 14 some
297 2200 53 21 time
360 2200 36 21 for
405 2207 80 19 wages.

76 2232 19 20 A
113 2229 118 26 sufficient,
249 2228 41 21 but
308 2229 41 20 not
367 2233 63 14 more
450 2226 53 21 than
523 2225 113 22 sufficient

44 2259 60 26 price
116 2258 35 20 for
164 2255 29 23 all
207 2262 49 14 new
271 2254 61 26 land,
349 2253 19 22 is
383 2252 38 22 the
436 2254 61 21 main
512 2254 87 20 feature
615 2252 25 21 of

46 2285 37 22 the
102 2291 50 15 new
167 2285 83 24 system
266 2281 26 21 of
308 2280 158 22 colonization.
499 2279 29 32 It_
537 2279 100 22 obviates

45 2319 67 19 every
124 2311 84 27 species
224 2308 26 22 of
262 2307 116 27 bondage;
397 2307 31 26 by
442 2306 119 28 providing
576 2313 61 14 com-

45 2339 88 21 binable
144 2337 84 25 labour,
240 2335 17 21 it
266 2334 92 22 renders
367 2334 104 26 industry
478 2340 54 20 very
542 2332 95 28 produc-

45 2366 52 25 tive,
108 2364 46 22 and
163 2362 121 23 maintains
293 2361 56 21 both
357 2360 55 27 high
427 2367 79 20 wages,
524 2360 45 21 and
582 2359 55 27 high

45 2393 88 27 profits;
156 2391 17 21 it
189 2389 77 23 makes
285 2388 37 21 the
342 2388 82 26 colony
440 2395 23 14 as
480 2387 116 21 attractive
614 2393 23 14 as

45 2419 103 28 possible,
163 2416 56 23 both
234 2419 22 18 to
273 2414 121 28 capitalists
410 2414 46 21 and
471 2416 21 19 to
506 2414 130 26 labourers;

45 2446 45 22 and
99 2449 42 18 not
149 2443 85 27 merely
244 2445 22 19 to
276 2442 70 26 these,
360 2442 41 20 but
410 2440 54 27 also,
474 2441 30 27 by
513 2440 125 24 bestowing

45 2480 28 14 on
88 2473 39 21 the
139 2471 87 26 colony,
243 2469 38 21 the
292 2469 74 21 better
381 2468 116 21 attributes
504 2467 35 22 .of
555 2474 29 14 an
600 2464 38 24 old

44 2501 91 26 society,
146 2502 23 18 to
177 2497 64 21 those
249 2496 50 21 who
306 2495 58 21 have
372 2502 14 14 a
393 2494 90 22 distaste
489 2494 36 21 for
532 2493 60 23 what
597 2494 41 21 has

43 2527 127 21 heretofore
178 2525 60 21 been
248 2523 37 21 the
299 2521 115 28 primitive
424 2520 115 23 condition
549 2520 26 22 of
586 2527 50 15 new

46 2554 106 21 colonies.

71 2580 47 22 The
128 2581 64 26 great
201 2577 75 28 object
285 2576 27 21 of
321 2576 39 21 the
369 2582 61 21 price
440 2583 19 13 is
471 2577 22 19 to
508 2581 78 15 secure
600 2575 38 20 the

44 2610 59 19 most
112 2605 109 23 desirable
231 2603 143 28 proportions
382 2602 101 21 between
497 2601 79 27 people
592 2600 46 22 and

44 2634 54 22 land
104 2642 5 19 ;
125 2634 42 21 but
175 2632 39 22 the
224 2630 54 29 plan
287 2630 41 21 has
337 2629 39 21 the
383 2628 87 22 further
476 2628 71 22 result
554 2628 27 22 of
587 2635 51 20 pro-

45 2661 83 26 ducing
139 2668 13 14 a
161 2665 106 19 revenue,
283 2656 74 22 which
373 2656 44 21 will
432 2659 42 18 not
488 2655 54 27 only
557 2654 81 28 supply

44 2688 37 22 the
94 2687 106 28 requisite
214 2685 68 28 profit
296 2687 22 18 to
334 2683 38 21 the
388 2682 154 22 shareholders
557 2682 26 21 of
599 2682 38 21 the

45 2715 123 27 Company,
191 2713 43 21 but
255 2710 114 23 furnishes
391 2709 38 21 the
453 2716 77 14 means
549 2708 35 22 for
607 2715 29 15 an

36 2741 165 28 'Immigration
212 2738 73 27 Fund,
287 2750 31 3 —
318 2744 14 14 a
339 2736 57 22 fund
405 2736 127 26 constantly
540 2735 98 28 applica-

43 2769 37 21 ble
96 2771 24 19 to
136 2768 37 21 the
190 2772 97 22 purpose
303 2764 26 22 of
341 2763 108 27 bringing
462 2763 80 21 labour
558 2766 24 17 to
599 2762 38 21 the

44 2796 81 26 colony
126 2807 32 3 —
158 2794 50 22 that
220 2793 27 26 is,
263 2791 25 22 in
306 2790 92 26 causing
415 2790 39 21 the
469 2789 51 21 best
538 2796 56 14 sort
614 2788 26 22 of

44 2821 150 23 colonization
205 2823 23 17 to
238 2817 96 28 proceed
344 2819 24 19 at
378 2816 38 21 the
428 2818 99 25 greatest
539 2815 97 27 possible

43 2852 54 18 rate.
127 2847 55 23 And
189 2845 45 23 this
241 2852 19 14 is
267 2844 38 22 the
313 2843 83 23 second
405 2843 85 21 feature
502 2842 26 21 of
539 2842 38 21 the
587 2849 50 14 new

44 2878 92 25 system.

69 2902 49 22 The
129 2899 155 29 employment
294 2897 25 21 of
334 2898 38 20 the
386 2896 211 28 purchase-money,
614 2901 24 15 or

43 2929 37 22 the
90 2927 111 29 principal
211 2928 50 25 part
271 2924 24 22 of
307 2924 24 26 it,
341 2924 25 20 in
377 2922 125 27 conveying
512 2922 87 21 settlers
613 2924 23 18 to

34 2955 46 22 •the
92 2955 88 26 colony,
191 2953 41 22 has
242 2951 38 22 the
289 2950 116 27 following
415 2949 82 22 effects.
527 2948 22 21 It
560 2948 77 21 makes

42 2983 39 21 the
94 2981 135 28 purchasers
244 2977 26 23 of
285 2977 56 22 land
354 2983 37 15 see
406 2975 92 29 plainly,
514 2974 50 22 that
579 2974 59 22 their

43 3016 84 21 money
136 3007 44 23 will
189 3007 29 21 be
228 3004 107 24 returned
344 3004 25 21 in
384 3003 37 21 the
434 3002 68 28 shape
517 3001 25 22 of
556 3001 81 22 labour

45 3036 44 21 and
97 3034 139 30 population.
266 3033 22 21 It
297 3030 73 27 tends,
386 3030 23 22 in
420 3029 51 27 fact,
487 3031 24 19 to
519 3028 70 22 lower
598 3028 38 21 the

43 3070 118 19 necessary
180 3059 108 24 standard
307 3058 26 22 of
348 3057 69 28 price,
431 3057 104 25 because,
554 3055 55 22 with
624 3061 14 15 a

45 3092 103 19 constant
156 3088 74 22 influx
240 3086 26 22 of
275 3084 81 29 people
367 3088 21 18 to
398 3082 39 23 the
447 3083 88 27 colony,
544 3082 38 21 the
593 3082 43 22 due

43 3117 128 27 proportion
175 3115 105 21 between
287 3117 80 22 people
374 3110 45 22 and
424 3110 55 22 land
486 3117 53 19 may
546 3109 29 22 be
582 3108 54 28 kept

34 3151 3 7 ■
45 3150 28 21 up
85 3146 27 23 by
123 3150 14 14 a
144 3143 69 21 lower
221 3140 69 26 price,
303 3139 55 21 than
367 3137 21 22 if
399 3138 63 20 there
472 3143 58 15 were
539 3143 30 14 no
579 3135 56 22 such

43 3169 151 28 immigration
200 3184 6 5 .
222 3166 26 23 It
258 3164 112 23 therefore
376 3163 130 23 diminishes
514 3162 37 22 the
558 3162 79 28 period

45 3196 79 28 during
134 3195 74 23 which
215 3194 40 21 the
264 3193 106 21 labourer
383 3193 60 19 must
454 3190 62 22 work
530 3189 35 22 for
579 3189 56 27 hire,

45 3223 42 22 and
96 3223 32 28 by
137 3223 38 22 the
189 3220 65 28 rapid
267 3225 104 21 progress
385 3217 74 22 which
471 3218 19 21 it
503 3217 97 27 imparts'
612 3219 24 18 to

45 3249 36 22 the
88 3250 52 22 best
149 3252 46 19 sort
204 3248 27 22 of
241 3245 163 26 colonization,,
414 3244 20 21 it
447 3244 102 27 explains
563 3245 24 20 to
597 3242 39 23 the

45 3276 115 27 labouring
170 3276 57 22 class
237 3273 27 23 of
269 3271 148 27 immigrants,
428 3270 49 22 that
487 3277 67 20 every
561 3277 44 14 one
614 3270 26 21 of

46 3302 60 23 them
117 3303 51 22 who
183 3303 21 21 is
217 3299 140 24 industrious
374 3297 45 22 and
435 3296 85 28 thrifty,
537 3304 54 18 may
606 3296 29 22 be

44 3337 48 15 sure
102 3333 23 19 to
135 3330 93 22 become
240 3331 42 18 not
295 3324 87 28 merely
397 3331 29 14 an
443 3330 73 15 owner
531 3324 27 21 of
573 3322 61 27 land,

45 3356 39 22 but
99 3357 47 21 also
161 3357 25 21 in
203 3355 37 22 his
260 3357 60 22 turn,
341 3359 29 15 an
392 3350 115 28 employer
526 3350 26 21 of
570 3349 66 22 hired

44 3383 120 27 labourers,
175 3390 14 14 a
198 3384 83 20 master
291 3380 26 21 of
328 3380 110 20 servants.

70 3410 68 22 From
147 3409 63 23 these
220 3405 187 27 considerations;
419 3404 38 21 the
468 3404 117 25 Company
594 3404 42 20 has

45 3437 95 27 adopted
159 3436 38 23 the
214 3442 62 15 same
292 3435 85 26 system
394 3430 25 22 of
436 3430 114 26 disposing
565 3430 26 20 of
607 3432 29 19 its

45 3467 66 18 waste
122 3463 73 27 lands,
211 3469 25 15 as
250 3461 42 22 has
306 3458 92 27 already
412 3456 85 28 proved
511 3456 79 26 highly
602 3456 34 21 fa-

33 3495 2 5 1
44 3491 105 21 vourable
163 3493 23 19 to
201 3489 37 22 the
252 3486 187 29 productiveness
452 3483 26 21 of
492 3483 106 25 industry
610 3489 25 14 in

45 3517 68 21 South
124 3515 121 24 Australia.
275 3514 27 22 In
313 3521 14 14 a
338 3519 49 15 new
400 3511 87 25 colony,
502 3508 96 28 planted
610 3515 25 14 m

44 3550 13 14 a
66 3543 73 22 fertile
149 3543 45 22 and
208 3541 117 23 extensive
339 3539 112 25 territory,
467 3539 19 19 it
498 3543 20 14 is
534 3538 101 24 obvious,

45 3569 47 23 that
109 3570 39 22 the
164 3568 171 24 establishment
350 3565 27 23 of
391 3563 56 23 such
462 3570 13 15 a
489 3564 85 25 system
588 3569 19 14 is
622 3568 14 15 a

45 3599 80 20 matter
141 3597 26 21 of
184 3596 38 22 the
238 3595 93 27 deepest
348 3593 102 21 moment
466 3592 22 19 to
506 3590 38 21 the
560 3590 76 19 future

44 3623 88 22 welfare
144 3623 25 22 of
182 3623 93 26 society.
304 3620 90 22 f'From
409 3618 20 22 it
441 3616 39 23 the
494 3616 51 21 best
559 3616 77 20 effects

45 3656 49 20 may
104 3650 53 22 with
167 3649 132 22 confidence
307 3648 29 21 be
346 3643 148 29 anticipated:
511 3649 14 14 a
531 3644 106 19 constant

45 3677 42 21 and
97 3677 89 26 regular
194 3675 82 28 supply
286 3675 26 21 of
323 3680 51 15 ne.w
381 3672 57 22 land
446 3671 24 21 in
485 3670 43 21 due
542 3673 94 22 propor-

39 3702 47 22 tion
96 3706 24 19 to
129 3703 38 21 the
186 3705 72 19 wants
267 3701 27 22 of
303 3708 15 14 a
324 3699 133 29 population
469 3698 127 23 increasing
607 3696 31 24 by

41 3729 70 23 births
121 3730 45 22 and
179 3727 173 28 immigration;,
363 3726 31 22 all
408 3725 38 21 the
461 3723 138 25 advantages
614 3723 23 18 to

42 3756 72 22 which
123 3756 104 22 facilities
235 3755 27 21 of
272 3756 114 25 transport
393 3752 46 22 and
445 3751 191 22 communication

43 3788 36 16 are
89 3783 105 22 essential
201 3790 6 19 ;
224 3781 110 26 certainty
349 3779 26 23 of
384 3779 77 25 limits,
477 3776 46 22 and
537 3776 99 24 security

43 3809 26 21 of
79 3809 48 22 title
137 3813 23 19 to
168 3811 108 26 property
284 3807 23 22 in
321 3806 56 22 land
384 3814 5 18 ;
406 3805 37 21 the
453 3805 99 25 greatest
563 3803 73 20 facili-

41 3835 42 22 ties
92 3844 29 14 on
132 3837 117 26 acquiring
258 3835 38 21 the
307 3833 44 22 due
361 3832 115 28 quantity;
490 3829 40 22 the
540 3830 99 26 greatest

43 3865 189 25 encouragement
245 3865 22 17 to
277 3860 152 26 immigration
440 3856 45 23 and
495 3855 129 22 settlement
631 3862 5 18 ;

38 3889 49 21 .and
101 3889 38 21 the
154 3891 60 19 most
227 3887 63 28 rapid
306 3892 102 21 progress
424 3884 24 21 of
465 3883 37 22 the
517 3883 80 26 people
612 3888 23 14 in

43 3915 100 22 material
153 3915 96 22 comfort
259 3913 44 22 and
313 3912 67 22 social
390 3911 173 26 improvement.

73 3942 50 22 Port
134 3942 131 22 Nicholson.
280 3938 63 28 April
354 3940 33 25 14,
400 3939 60 20 1840.

706 621 114 20 UNION
835 620 100 21 BANK
949 620 44 21 OF
1007 619 213 21 AUSTRALIA.

669 655 97 22 London
784 655 92 26 Office,
892 653 45 22 No.
951 654 37 26 38,
1007 653 42 21 Old
1065 652 185 22 Broad-street.

724 703 93 33 Capital;
828 705 122 29 £500,000;
971 705 51 28 paid
1029 712 32 21 up,
1078 705 117 26 £300,000.

899 760 132 27 Directors.:,

724 789 88 26 George
822 787 49 22 Fife
882 787 85 26 Angas,
978 787 55 27 Esq.,

723 815 86 22 Robert
818 813 93 27 Brooks,
923 813 46 32 Esq
977 830 7 11 ,

724 842 77 22 James
810 841 62 22 John
882 841 124 25 Cummins,
1016 839 53 27 Esq..
1103 858 3 5 ,
1137 855 2 5 .

723 869 85 22 Robert
818 867 123 28 Gardener,
951 867 62 27 Fsq.,
1024 864 145 28 Manchester,

724 896 62 22 John
797 895 68 27 Gore,
876 895 61 26 Esq.,

724 923 91 22 Charles
824 921 110 27 Hindley,
945 920 60 26 Esq.,
1017 919 61 27 M.P.,

723 949 120 27 Benjamin
854 949 26 21 E.
892 947 78 26 Lindo,
979 949 53 25 Esq.,

724 976 91 22 Charles
826 974 97 22 Edward
929 973 103 26 Mangles,
1044 972 60 27 Esq.,

723 1001 145 28 Christopher
876 1001 104 26 Rawson,
991 999 53 28 Esq.,
1056 998 99 27 Halifax,

723 1029 98 22 Thomas
832 1027 78 27 Sands,
922 1026 60 27 Esq.,
993 1025 117 28 Liverpool,

724 1056 77 21 James
810 1054 77 27 Bogle.
891 1053 79 26 Smith,
980 1053 53 27 Esq.,

724 1083 78 21 James
810 1080 99 23 Ruddell
917 1079 72 28 Todd,
1000 1079 45 28 Esq.

669 1117 117 22 Trustees:
811 1116 97 21 George
927 1114 65 21 Carr
1015 1113 67 27 Glyn,
1105 1112 62 27 Esq.,
1188 1111 63 22 John

707 1144 74 26 Gore,
791 1142 61 28 Esq.,
869 1141 46 22 and
923 1140 76 23 James
1010 1140 16 22 J,
1036 1140 115 26 Cummins,
1163 1138 51 27 Esq.

669 1177 115 22 Bankers:
808 1176 91 22 Messrs.
925 1175 75 26 Glmj,
1022 1173 124 26 Hallifax,
1167 1172 83 26 Mills,

917 1201 45 22 and
974 1201 40 22 Co.

752 1238 130 26 Secretary:
899 1237 94 21 Samuel
1004 1235 102 26 Jackson,
1116 1233 53 28 Esq.

706 1271 101 23 Colonial
818 1271 129 28 Inspector:
963 1269 22 22 J.
997 1267 152 27 C.M'Laren,
1163 1266 52 28 Esq.

792 1326 69 20 New
880 1323 123 22 Zealand
1019 1322 109 21 Branch-

671 1360 66 22 Local
749 1360 126 21 Directors:
892 1358 57 21 Geo.
962 1357 22 22 S.
995 1356 76 26 Evans,
1085 1355 62 27 Esq.,
1160 1353 90 27 D.C.L.,

734 1387 62 21 Edw.
807 1386 75 22 Betts
891 1384 105 26 Hopper,
1007 1383 52 27 Esq.,
1074 1382 46 21 and
1130 1380 57 23 Geo.

685 1429 3 5 ,
880 1412 109 26 Hunter,
1000 1410 45 28 Esq.

670 1448 124 26 Manager:
810 1446 63 22 Jo«n
884 1445 83 26 Smith,
978 1444 53 27 Esq.,
1045 1442 46 22 late
1102 1441 25 22 of
1140 1441 36 22 the
1187 1441 64 22 Com-

719 1473 93 23 mercial
821 1473 65 22 Bank
898 1471 25 22 of
935 1470 103 28 England,
1049 1469 151 22 Manchester.

781 1506 113 23 Branches
905 1509 24 18 at
942 1505 91 26 Sydney,

944 1532 82 21 llobart
1034 1530 75 26 Town,
1134 1539 3 4 •

945 1558 9 22 ]
963 1560 124 23 aunceston,
1098 1555 46 23 and

943 1585 56 22 l'ort
1009 1584 71 27 Philip.

670 1624 53 21 Port
732 1622 132 27 Nicholson,
876 1619 79 24 March
966 1620 34 25 24,
1011 1619 54 21 1840.

671 1677 91 29 rpHE
779 1676 115 22 Directors
911 1674 25 21 of
951 1673 40 22 the
1007 1672 49 22 New
1073 1669 100 23 Zealand
1188 1669 65 22 Land

678 1698 29 28 X
746 1704 116 26 Company
876 1701 86 26 hereby
978 1699 43 28 give
1038 1698 80 26 notice,
1137 1697 48 21 that
1200 1696 52 27 they

669 1730 56 23 have
734 1737 114 16 EFFECTED
858 1736 29 14 AN
899 1732 165 17 ARRANGEMENT
1071 1725 53 21 with
1131 1724 38 21 the
1176 1724 76 20 UniOll

669 1758 65 21 Bank
749 1758 26 21 of
791 1755 121 26 Australia,
929 1754 45 21 No.
991 1754 27 26 38,
1033 1752 43 22 Old
1092 1750 160 25 Broad-street,

670 1784 102 26 London,
784 1784 34 21 for
828 1783 36 21 the
878 1780 162 23 establishment
1053 1778 25 22 of
1092 1785 14 15 a
1122 1777 131 22 BRANCH

669 1812 89 21 BANK
774 1810 34 22 IN
824 1808 71 23 NEW
910 1805 151 27 ZEALAND,
1075 1803 95 28 through
1181 1803 73 22 which

670 1838 37 22 the
715 1838 104 23 business
832 1837 25 20 of
871 1835 38 22 the
927 1834 56 22 New
1000 1831 92 23 Zealand
1106 1831 66 22 Land
1188 1831 66 21 Com-

669 1873 59 19 pany
739 1865 45 21 will
792 1865 29 21 be
830 1861 135 24 transacted.
993 1860 41 21 Tlie
1049 1859 114 21 Directors
1180 1857 74 21 there-

669 1892 46 21 fore
725 1890 146 23 recommend
880 1893 22 18 to
921 1887 103 23 Colonists
1040 1885 37 22 the
1096 1885 73 21 Union
1188 1884 65 21 Bank

670 1919 25 21 of
713 1918 115 22 Australia
847 1924 22 14 as
889 1923 29 14 an
944 1913 161 23 establishment
1127 1917 127 21 possessing

669 1945 57 22 their
743 1945 71 21 entire
837 1942 137 25 confidence,
995 1940 38 21 and
1049 1939 52 21 able
1120 1942 28 19 to,
1162 1937 92 26 provide

669 1971 126 26 effectually
811 1970 36 21 for
862 1969 38 20 the
914 1967 99 22 financial
1028 1968 69 18 wants
1115 1964 26 21 of
1154 1964 34 20 fehe
1206 1964 48 20 first

669 1997 134 22 settlement.
926 2012 3 5 ,
1003 2017 5 7 ,
1035 2017 17 4 _
1080 1998 87 17 -sZX

838 2021 34 26 By
883 2019 65 22 order
958 2019 26 19 of
995 2017 29 21 tlie
1035 2016 79 25 Board,

916 2051 84 22 JOHN
1011 2050 100 25 WARD,
1128 2049 122 25 Secretary.

669 2089 55 21 New
735 2087 100 22 Zealand
845 2086 64 22 Land
920 2084 127 27 Company's
1057 2082 79 26 Office,

695 2117 20 25 1,
727 2115 160 24 Adam-street,
899 2111 104 28 Adelphi,
1010 2109 49 23 27th
1069 2110 68 25 Aug.,
1149 2109 61 21 1539.

733 2168 128 23 PUBLIC
884 2166 92 22 BALL
999 2164 67 22 AND
1089 2163 98 21 FETE.

892 2200 135 15 COMMITTED.

817 2222 34 16 Mr.
862 2222 17 15 J.
892 2221 101 17 DORSET,

816 2243 58 21 Major
886 2243 22 15 D.
920 2242 17 15 S.
948 2241 49 16 DUB
1002 2240 24 19 IE,

816 2264 34 16 Mr.
862 2262 77 17 JAMES
951 2261 66 19 WATT,

817 2285 35 16 Mr.
864 2283 98 17 GEORGE
973 2282 78 16 DUI'PA,

817 2306 34 16 Mr.
863 2305 19 16 F.
894 2305 21 15 A.
928 2301 167 19 MOLESIVORTH,

817 2327 35 15 Mr.
864 2324 97 18 ROBERT
973 2324 23 16 R.
1004 2322 98 19 STRANG,

817 2347 35 16 Mr.
864 2345 99 17 GEORGE
974 2344 80 19 WHITE,

817 2368 35 16 Mr.
864 2367 23 16 R.
899 2365 113 19 BARRETT,

817 2389 32 16 Dr.
859 2386 133 19 JOHNSTON,
1003 2385 49 19 M.D.,

817 2409 58 20 Major
887 2407 90 18 BAKER,

817 2430 35 16 Mr.
863 2429 65 17 JOHN
939 2427 70 20 WADE,

817 2450 35 17 Mr.
864 2449 108 19 DODERY,

817 2471 75 19 Captain
903 2468 123 19 CHAFFERS,

816 2492 35 17 Mr.
863 2491 64 17 JOHN
938 2489 132 18 THOMPSON.

744 2522 36 17 Mr.
790 2521 18 17 J.
819 2519 101 19 DORSET,
932 2518 85 20 Secretary
1027 2516 37 17 and
1074 2515 105 17 Treasurer.

696 2549 48 23 The
762 2549 54 22 Fete
833 2547 45 23 will
894 2546 52 22 take
958 2546 58 28 place
1029 2551 24 14 as
1069 2550 57 15 soon
1141 2542 58 21 after
1216 2540 38 22 the

669 2576 166 28 appropriation
846 2574 25 22 of
878 2574 38 22 the
923 2573 70 22 Town
1001 2571 96 24 Sections
1108 2577 24 14 as
1142 2568 48 23 the
1190 2568 64 23 Co-

669 2604 77 21 mmittee
757 2602 124 23 determine
891 2600 44 23 will
949 2600 44 21 suit
1003 2598 73 28 public
1092 2602 160 17 convenience.

696 2637 49 22 The
762 2635 115 27 following
890 2635 39 21 list
946 2633 25 22 of
988 2631 115 23 diversions
1123 2630 56 21 have
1195 2629 59 21 been

669 2664 141 22 determined
819 2670 68 20 upon,
895 2661 44 22 and
950 2660 38 22 the
993 2659 104 22 members
1106 2657 25 21 of
1143 2656 36 22 the
1188 2656 66 21 Com-

669 2691 77 22 mittee
756 2690 84 22 named
849 2696 38 15 are
894 2692 22 18 to
925 2688 30 22 be
965 2685 112 24 addressed
1082 2683 127 28 respecting
1216 2683 38 21 the

669 2720 178 25 arrangements.

695 2753 23 21 A
733 2752 98 22 Rowing
842 2750 93 26 Match,
948 2747 116 27 consisting
1073 2746 27 21 of
1111 2744 71 22 whale
1189 2743 65 22 boats

669 2779 80 22 owned
757 2779 31 26 by
798 2778 38 22 the
845 2776 111 22 residents
966 2775 25 22 of
999 2774 50 22 Port
1057 2771 134 24 Nicholson.
1220 2772 35 19 Ist

668 2806 68 28 prize,
748 2805 48 23 *€20
803 2814 5 18 ;
823 2803 52 27 2nd,
885 2803 47 23 £10
939 2810 6 19 ;
960 2801 42 27 3rd,
1008 2800 40 23 £5.
1077 2799 37 22 No
1123 2805 49 14 race
1177 2797 77 22 unless

668 2837 44 17 five
722 2833 64 21 boats
797 2835 62 18 start.
888 2830 111 21 Entrance
1011 2827 41 22 fee.
1071 2825 34 22 £2
1122 2825 54 22 each
1193 2825 60 20 boat.

669 2858 55 22 And
742 2866 14 13 a
774 2859 97 21 Sailing
890 2856 95 26 Match,
1000 2854 27 26 by
1046 2850 64 25 boats
1127 2850 80 23 owned
1223 2850 31 27 by

668 2885 116 22 residents.
814 2886 35 19 Ist
857 2884 68 27 prize,
934 2881 47 23 £10
988 2889 4 19 ;
1002 2879 50 28 2nd,
1062 2879 41 22 £5.
1132 2878 120 26 Entrance,

668 2912 31 22 £1
706 2920 5 18 ;
713 2924 32 4 —
746 2911 123 27 managing
878 2909 107 26 member,
996 2907 56 27 Capt.
1064 2905 107 22 Chaffers.

695 2945 23 22 A
727 2945 78 22 Canoe
812 2944 72 26 Race,
892 2943 30 26 by
927 2941 94 25 Natives,
1029 2939 47 22 £10
1084 2942 22 18 to
1113 2939 29 21 be
1151 2936 104 23 awarded

669 2979 24 14 as
713 2979 14 14 a
743 2972 69 27 prize,
832 2970 45 21 and
896 2976 13 14 a
926 2968 61 22 War
1000 2965 80 23 Dance
1090 2974 6 19 ;;
1099 2977 31 5 —
1132 2964 122 28 managing

668 2999 107 27 member,
787 2998 46 22 Mr.
843 2997 28 22 R.
883 2997 96 21 Barrett.

695 3033 23 21 A
729 3032 100 22 Hurdle
843 3031 73 21 Race.
946 3030 35 20 Ist
994 3027 68 27 horse,
1080 3026 47 22 £15
1136 3033 5 19 ;
1166 3024 47 22 2nd
1230 3026 24 19 to

669 3066 53 16 save
730 3059 36 22 his
775 3058 82 22 stakes.
886 3057 110 21 Entrance
1002 3054 43 26 fee,
1061 3053 34 22 £3
1108 3052 55 22 each
1178 3052 74 21 horse.

668 3086 73 22 Three
749 3085 78 23 horses
836 3088 23 18 to
875 3086 59 24 start,
955 3089 24 15 or
992 3089 25 14 no
1033 3087 51 15 race
1091 3088 5 19 ;
1099 3091 31 5 —
1131 3084 123 21 managing

668 3113 107 27 member,
787 3113 46 21 Mr.
843 3111 78 22 James
932 3109 21 21 \\
960 3111 35 20 att,

694 3148 23 21 A
728 3146 73 22 Rifle
811 3144 95 23 Match.
935 3144 35 20 Ist
978 3141 60 28 prize,
1047 3140 54 27 £25,
1111 3141 24 20 to
1143 3136 111 30 purchase

668 3181 13 16 a
690 3174 49 22 rifle
748 3181 5 19 ;
768 3172 53 28 2nd,
833 3172 54 26 £10,
897 3174 23 18 to
929 3170 102 28 purchase
1042 3175 12 15 a
1068 3166 92 26 fowling
1174 3171 64 22 piece
1247 3172 5 19 ;

667 3201 48 27 3rd,
725 3201 41 27 £5,
777 3203 23 18 to
805 3198 110 29 purchase
923 3204 14 14 a
941 3197 59 21 brace
1007 3195 26 21 of
1038 3193 84 29 pistols.
1138 3193 115 21 Entrance

667 3228 12 22 f
678 3236 31 20 eej
720 3228 33 22 £\
762 3236 38 18 ;—
802 3225 121 27 managing
935 3221 110 28 members,
1061 3221 92 21 Messrs.
1168 3219 86 21 Moles-

667 3255 72 22 worth
749 3254 46 22 and
803 3254 90 26 Duppa.

693 3289 143 21 Wrestling
852 3285 95 26 Match,
965 3284 108 21 Cumbing
1090 3281 82 26 Poles,
1190 3278 63 23 Foot

668 3316 83 26 Races,
774 3315 40 22 &c.
823 3333 4 3 .
852 3313 48 22 £20
918 3310 96 23 awarded
1035 3310 35 21 for
1087 3308 40 21 the
1144 3313 62 16 same
1214 3314 39 19 ;--

666 3342 123 27 managing
816 3340 120 27 members,
965 3337 84 23 Messrs.
1082 3336 93 25 Dodery
1207 3336 47 19 and

666 3369 97 23 Barrett.

850 3413 4 4 .
877 3392 65 24 THE
956 3390 83 24 BALL.

694 3429 63 22 Each
767 3428 126 23 subscriber
902 3426 26 22 of
939 3425 34 23 £2
981 3425 13 21 is
1003 3423 94 22 allowed
1103 3425 24 19 to
1134 3420 117 23 introduce

666 3456 38 21 the
722 3455 71 22 ladies
819 3455 25 21 of
868 3454 36 21 his
926 3452 168 28 acquaintance;
1096 3461 33 4 —
1129 3453 123 21 managing

666 3482 119 26 members}
796 3481 76 27 Major
879 3479 74 24 Baker
962 3478 38 23 and
1009 3477 92 22 Messrs.
1113 3475 83 22 Dorset
1206 3474 46 21 and

666 3509 28 22 R.
706 3509 90 25 Strang.

693 3542 41 22 All
739 3542 111 22 members
856 3541 26 22 of
889 3541 37 21 the
935 3539 126 23 Coniinittee
1066 3544 38 15 are
1111 3534 141 29 empowered

667 3571 21 19 to
699 3569 88 22 receive
797 3567 168 27 subscriptions.

857 3621 85 21 NEW
965 3620 94 21 MILK.

668 3656 180 50 FAMILIES
858 3654 104 28 supplied
968 3654 46 26 vjjth
1021 3648 102 32 genuine'
1129 3658 50 15 new
1188 3649 62 26 milk,

742 3686 23 18 at
772 3683 45 21 Mr.
828 3682 90 26 Howes,
930 3681 91 24 Queen's
1031 3678 75 27 Head,
1120 3677 131 26 Thorndon,

667 3714 22 19 at
698 3710 36 21 Bd.
744 3717 40 20 per
793 3712 71 24 quart.

873 3763 69 20 FOR
957 3761 87 21 SALE.

669 3799 51 47 A
733 3796 111 27 HOUSE,
865 3794 123 26 containing
1001 3793 61 21 three
1082 3798 76 15 rooms
1177 3790 45 21 and
1239 3797 14 14 a

748 3830 99 23 passage,
868 3821 53 22 with
937 3820 105 25 windows,
1059 3818 72 26 doors,
1147 3816 103 27 flooring,

668 3852 48 25 &c,
728 3849 54 25 with
790 3856 28 15 an
829 3848 126 24 out-house,
965 3846 114 25 consisting
1090 3844 27 21 of
1128 3851 13 14 a
1149 3842 100 27 kitchen,

668 3881 140 22 store-room,
828 3875 45 22 and
890 3873 180 25 servants-room,
1083 3871 30 21 all
1123 3869 80 23 fenced
1217 3870 30 23 in.
1264 3875 5 30 j

668 3903 99 23 Situated
776 3910 29 14 on
813 3902 36 21 the
854 3900 78 28 beach,
941 3899 116 23 Brilunnii).
1080 3898 98 27 Enquire
1183 3900 23 18 at
1212 3897 37 21 the
1266 3899 3 17 ;

647 3932 2 12 1
669 3930 136 22 'T'iizottc"
818 3929 69 21 Ofti<-r
1264 3927 3 33 j

1316 618 315 21 EXTRAORDINARY
1645 618 192 21 BARGAINS.

1282 651 154 48 HAND
1451 652 26 22 T.
1492 651 84 22 COOK
1597 652 59 22 have
1673 653 47 26 just
1738 651 91 27 landed,
1848 655 22 18 at

1345 690 10 9 •
1395 678 59 22 their
1470 679 80 26 Stores,
1568 682 23 17 at
1607 679 129 26 Thorndon,
1757 679 59 21 from
1832 678 37 22 the

1410 712 13 14 a
1445 705 63 27 large
1528 706 103 27 quantity
1649 705 26 22 of
1695 705 37 22 the
1756 705 114 27 following

1282 731 74 28 goods,
1368 731 74 23 which
1452 732 53 27 they
1515 738 42 15 can
1571 731 56 23 offer
1638 731 70 23 either
1717 731 118 23 wholesale
1846 739 24 15 or

1282 758 69 27 retail,
1363 762 24 18 at
1395 758 121 27 unusually
1525 758 42 22 low
1576 759 80 26 prices.

1309 785 74 21 Shell
1399 785 46 21 and
1460 785 55 21 Soft
1530 785 121 26 Almonds,
1667 784 93 27 Malaga
1773 785 95 26 Raisins,

1282 810 88 23 Bottled
1390 811 81 27 Fruits,
1492 811 87 28 Sauces,
1607 811 94 27 Pickles,
1725 813 143 25 Anchovies,

1282 838 98 22 Spanish
1402 838 92 27 Olives,
1515 838 58 22 Fine
1592 839 75 21 Salad
1687 839 51 26 Oil,
1759 838 109 26 Mustard,

1282 864 52 28 Tea,
1354 865 63 25 Rice,
1439 864 60 22 Loaf
1518 865 77 27 Sugar,
1619 864 106 28 CORKS,
1750 864 54 22 Port
1826 859 45 26 and

1283 891 87 27 Sherry,
1402 892 51 21 Old
1484 891 102 21 Jamaica
1616 891 54 21 Rum
1701 891 39 25 (no
1765 890 104 26 Arrack,)

1282 918 114 27 Cheroots,
1423 918 85 27 Diaper
1532 918 68 27 Rugs,
1624 917 126 23 WITNEY
1776 917 95 21 BLAN-

1283 944 83 28 KETS,
1378 945 41 21 &c.
1431 945 40 21 &c.
1482 945 39 21 &c.

1336 972 105 27 Superior
1452 972 76 27 Sperm
1539 968 42 30 Oil,
1597 975 24 17 at
1629 973 44 20 10s.
1683 978 39 21 per
1732 971 83 27 gallon.

1310 998 64 22 Some
1385 998 26 22 of
1421 998 39 22 the
1471 998 69 21 above
1552 998 88 22 articles
1657 998 56 22 have
1730 998 57 21 been
1804 997 65 22 much

1282 1025 89 21 wanted
1379 1024 24 22 in
1412 1024 39 22 the
1462 1024 91 28 Colony,
1569 1025 87 21 dealers
1664 1024 46 23 will
1719 1024 112 22 therefore
1842 1024 28 22 do

1282 1052 49 21 well
1341 1055 22 17 to
1373 1052 67 21 make
1452 1052 59 26 early
1522 1051 140 28 application.

1308 1078 130 28 Thorndon,
1450 1079 89 26 August
1546 1080 35 25 26,
1593 1079 61 21 1840.

1412 1132 153 20 WEEKLY
1579 1132 164 20 MARKET.

1283 1166 91 47 MR,.
1390 1166 21 21 J.
1426 1165 143 22 TELFORD
1584 1164 42 22 has
1639 1164 111 28 arranged
1758 1168 23 18 to
1791 1164 58 22 have
1859 1172 14 13 a

1372 1199 96 15 weekly
1491 1199 93 14 market
1612 1198 28 15 on
1663 1191 141 22 MONDAY
1828 1191 45 22 and

1283 1219 169 22 SATURDAY
1466 1218 167 27 EVENINGS,
1649 1222 24 17 at
1680 1218 35 21 his
1725 1218 146 27 Warehouse,

1282 1245 58 22 from
1348 1247 15 20 4
1372 1248 23 19 to
1406 1246 13 21 7
1430 1245 91 27 o'clock,
1534 1245 69 28 being
1617 1245 108 22 intended
1741 1245 82 27 chiefly
1837 1245 36 21 for

1283 1272 37 22 the
1341 1272 193 22 accommodation
1553 1272 26 21 of
1598 1271 143 22 Workmen's
1760 1271 112 22 Families.

1282 1299 47 22 The
1347 1299 117 27 following
1482 1299 86 21 articles
1586 1298 47 22 will
1649 1299 29 21 be
1697 1298 50 22 sold
1764 1299 23 20 in
1808 1298 65 21 small

1282 1326 126 27 quantities,
1420 1330 24 18 at
1454 1325 128 22 reasonable
1592 1325 72 28 prices
1671 1333 4 14 :
1677 1337 30 5 —

1310 1353 73 27 Flour,
1405 1353 104 26 oatmeal,
1528 1359 74 20 sugar,
1622 1354 42 25 tea,
1690 1352 77 27 coffee,
1789 1352 82 27 butter,

1282 1379 86 28 cheese,
1380 1380 98 26 candles,
1490 1386 59 20 soap,
1560 1380 42 21 &c.
1614 1379 39 22 &c.

1310 1406 53 22 Port
1371 1406 131 27 Nicholson,
1513 1406 59 21 June
1583 1406 34 27 15,
1630 1406 59 21 1840.

1425 1460 169 23 GENERAL
1609 1460 117 21 STORE.

1284 1495 91 49 MR.
1390 1492 144 25 TELFORD
1548 1494 84 27 having
1645 1494 101 27 recently
1758 1493 65 22 made
1834 1501 37 15 ex-

1374 1523 87 21 tensive
1477 1521 127 27 purchases,
1624 1521 52 26 begs
1686 1523 22 19 to
1719 1528 120 14 announce
1849 1523 22 19 to

1282 1549 35 22 his
1326 1549 84 21 friends
1421 1549 49 21 that
1477 1549 29 20 he
1516 1548 40 21 has
1566 1554 31 16 on
1607 1548 52 26 sale,

1311 1582 185 22 HARDWARE
1511 1581 25 22 of
1546 1581 38 22 the
1596 1580 48 23 first
1652 1580 92 28 quality,
1755 1580 117 28 including

1283 1617 13 14 a
1306 1613 61 24 great
1374 1609 87 27 variety
1470 1608 26 22 of
1507 1608 63 22 nails.

1310 1643 104 22 FLOUR
1424 1643 26 21 of
1461 1643 48 21 first
1517 1642 45 22 and
1572 1641 84 23 second
1666 1641 92 28 quality.

1312 1676 181 23 GROCERIES.
1495 1688 30 4 —
1525 1675 52 27 Tea,
1595 1682 82 20 sugars,
1696 1674 76 27 coffee,
1790 1675 81 26 butter,

1283 1710 59 21 soap,
1355 1704 98 26 candles,
1464 1704 52 26 rice,
1531 1709 66 21 curry
1613 1701 95 28 powder,
1726 1702 86 27 pickles
1828 1702 44 22 and

1283 1737 82 21 sauces,
1377 1730 111 28 spiceries,
1504 1737 29 14 ox
1543 1733 101 23 tongues,
1657 1728 90 28 pickled
1757 1729 62 27 tripe,
1831 1729 39 22 &c.

1310 1763 100 23 WINES
1426 1763 66 23 AND
1503 1762 156 23 SPlßlTS.—
1660 1761 92 23 Besides
1762 1761 38 23 the
1809 1762 64 22 usual

1283 1791 79 28 svpply
1373 1791 25 22 of
1409 1791 69 22 wines
1488 1789 44 22 and
1541 1789 82 28 spirits,
1636 1789 62 22 there
1707 1789 20 21 is
1738 1796 13 14 a
1761 1789 112 22 consider-

1283 1815 49 25 able
1346 1818 104 27 quantity
1464 1817 25 22 of
1506 1817 88 21 Scotch
1612 1816 112 22 Whiskey
1733 1824 6 18 ;
1760 1824 14 14 a
1786 1815 87 23 limited

1283 1846 102 26 quantity
1405 1845 25 21 of
1451 1844 114 22 Colonial
1586 1843 113 23 Whiskey
1720 1843 19 21 is
1766 1843 108 28 expected

1284 1871 60 28 early
1354 1874 56 20 next
1420 1871 69 23 week.

1311 1906 96 22 BOOTS
1423 1905 67 22 AND
1506 1905 137 22 SHOES.—
1643 1904 72 22 There
1725 1903 42 22 has
1774 1904 57 21 been
1838 1911 35 15 re-

1283 1933 77 21 ceived
1379 1940 14 14 a
1411 1932 102 28 quantity
1535 1932 26 21 of
1581 1931 139 27 Wellington
1744 1930 65 22 boots
1828 1930 45 23 and

1403 1958 113 27 blacking.

1282 2000 1 6 •
1296 1992 185 23 .BLANKETS.
1484 2004 29 4 —
1515 1991 70 22 Fresh
1601 1991 91 22 arrivals
1706 1991 60 21 have
1776 1998 63 14 come
1849 1993 23 18 to

1283 2018 60 20 hand
1352 2017 24 20 in
1387 2018 37 19 8-4
1435 2015 45 21 and
1490 2019 9 17 1
1563 2017 28 19 of
1601 2017 90 19 Various
1708 2015 103 26 qualities
1828 2016 44 20 and

1283 2044 77 25 prices.

1310 2075 266 23 HABERDASHERY.
1577 2087 32 5 —
1609 2075 73 22 There
1696 2075 20 21 is
1732 2082 13 13 a
1755 2075 69 22 select
1832 2075 42 21 but

1282 2102 85 23 limited
1393 2102 103 28 quantity
1520 2109 28 15 on
1574 2102 68 27 hand,
1666 2101 118 27 including
1802 2105 69 24 tapes,

1283 2130 96 26 threads,
1390 2128 67 23 black
1468 2129 45 22 and
1527 2129 106 22 coloured
1647 2135 88 15 sewing
1750 2135 63 16 silks
1829 2127 44 23 and

1283 2158 63 25 twist,
1367 2156 96 22 worsted
1482 2156 43 23 and
1546 2156 96 26 darning
1666 2158 82 24 cotton,
1772 2155 99 26 needles,

1283 2184 81 26 combs,
1377 2183 67 22 India
1454 2182 42 22 silk
1503 2182 44 23 and
1555 2185 76 19 cotton
1638 2181 180 28 handkerchiefs,
1828 2182 45 21 and

1282 2210 83 26 braces,
1377 2211 40 21 &c.
1436 2224 2 4 •

1308 2243 264 23 DRAPERY.—White
1593 2245 76 19 cotton
1691 2242 103 27 shirting,
1814 2245 60 19 stout

1282 2271 141 21 unbleached
1443 2273 81 24 cotton,
1543 2271 61 21 40in.
1623 2269 62 27 wide,
1710 2269 81 22 Scotch
1809 2269 63 21 linen

1282 2297 108 28 sheeting,
1402 2297 59 22 Irish
1468 2297 67 27 linen,
1548 2300 75 18 cotton
1633 2296 88 27 checks,
1731 2295 55 23 dark
1793 2295 78 28 prints,

1283 2324 39 21 &c.
1334 2325 40 21 &c.

1310 2357 53 22 OIL
1386 2358 68 22 AND
1478 2358 143 21 LAMPS.—
1621 2356 54 23 This
1692 2356 68 22 latter
1778 2356 40 22 has
1837 2363 35 14 re-

1283 2384 76 22 ceived
1369 2392 28 15 an
1408 2386 99 21 increase
1518 2384 25 21 of
1554 2384 38 22 the
1602 2384 49 22 best
1664 2384 87 27 quality
1768 2382 49 23 that
1832 2383 41 22 has

1282 2414 38 23 yet
1329 2411 58 22 been
1398 2411 84 22 offered
1490 2411 24 22 in
1524 2410 37 23 the
1572 2411 94 27 Colony.

1309 2445 72 23 There
1390 2446 43 22 has
1443 2445 46 22 also
1500 2452 62 15 come
1572 2448 24 19 to
1614 2445 63 21 hand
1691 2452 15 14 a
1722 2443 65 23 small
1800 2444 33 22 lot
1849 2443 26 22 of

1283 2472 107 27 Eveleigh
1405 2473 47 22 and
1464 2472 97 22 Neave's
1577 2473 100 26 superior
1687 2471 97 22 London
1791 2471 82 21 beaver

1283 2498 55 27 hats,
1350 2503 66 19 straw
1426 2499 57 25 hats,
1494 2499 46 21 sou'
1550 2502 96 24 westers,
1661 2498 82 23 Scotch
1754 2505 58 21 caps,
1823 2505 50 15 um-

1283 2525 87 28 brellas,
1382 2527 41 21 &c.

1310 2560 170 27 CLOTHING,
1492 2560 122 26 consisting
1619 2560 26 21 of
1652 2558 92 23 Jackets
1751 2559 25 22 in
1781 2559 92 21 beaver-

1284 2589 57 25 teen,
1352 2588 117 26 corduroy,
1481 2587 44 22 and
1534 2586 61 23 duck
1602 2595 5 18 ;
1625 2586 132 26 waistcoats,
1767 2586 24 21 in
1802 2593 71 14 swan-

1285 2613 63 22 down
1365 2614 46 22 and
1426 2615 134 21 beaverteen
1568 2623 6 17 ;
1597 2617 108 23 trowsers,
1730 2613 148 33 beaverteen,j

1285 2640 115 28 corduroy,
1419 2641 104 27 flushing,
1548 2640 66 27 duck,
1639 2641 41 21 &c.
1687 2648 6 18 ;
1717 2642 95 24 regatta,
1831 2645 50 23 xm-\

1284 2667 107 23 bleached
1418 2671 83 24 cotton,
1528 2667 48 22 and
1600 2670 59 19 stout
1684 2666 85 27 striped
1793 2663 79 30 shirts;

1285 2694 117 28 Guernsey
1412 2695 74 22 frocks
1496 2694 45 22 and
1549 2694 81 22 lamb's
1640 2693 57 22 wool
1710 2693 74 22 under
1800 2692 72 27 shirts,

1284 2721 71 27 shirts,
1375 2722 55 22 blue
1446 2722 44 21 and
1508 2721 39 22 red
1564 2727 63 20 serge
1647 2720 63 26 ditto,
1732 2723 77 18 cotton
1828 2719 46 22 and

1284 2748 95 22 worsted
1387 2749 62 21 hose.

1386 2802 42 22 TO
1443 2802 63 22 THE
1520 2801 117 23 RETAIL
1652 2800 114 23 TRADE.

1310 2835 45 22 Mr.
1365 2835 92 22 Telford
1469 2836 41 21 has
1518 2835 124 28 peculiarly
1652 2833 130 23 favourable
1793 2835 80 19 attrac-

1284 2862 57 22 tions
1351 2863 35 21 for
1396 2863 38 21 the
1443 2863 72 21 Trade
1524 2863 24 21 in

1310 2896 56 22 Fine
1378 2904 54 20 cape
1441 2895 119 32 powdered
1570 2895 45 22 and
1624 2894 42 23 salt
1675 2894 82 27 butter,

1311 2923 37 21 An
1360 2926 115 18 extensive
1485 2923 79 27 supply
1577 2922 26 22 of
1612 2922 52 27 rice,

1310 2949 55 22 Raw
1379 2957 85 20 sugars.

1311 2983 204 26 STATIONERY,
1540 2982 123 26 consisting
1685 2981 27 21 of
1732 2981 44 26 day
1796 2979 77 28 books,

1282 3009 82 27 pocket
1378 3010 95 27 ledgers,
1490 3012 59 24 note,
1566 3007 180 28 memorandum,
1764 3007 46 22 and
1824 3014 50 21 pass

1283 3036 76 28 books,
1370 3037 89 26 writing
1467 3042 74 21 paper,
1558 3035 48 27 ink,
1623 3035 73 26 slates,
1712 3034 55 22 slate
1782 3033 91 28 pencils,

1284 3064 39 21 &c.

1311 3090 106 27 Clothing
1427 3089 24 22 of
1463 3096 66 21 every
1537 3089 143 28 description,

1310 3117 103 26 Ticking.

1310 3144 22 21 A
1346 3143 43 22 few
1404 3146 44 19 sets
1463 3143 26 22 of
1504 3150 81 15 scales
1600 3142 45 22 and
1658 3148 104 16 weights
1783 3141 44 22 still
1844 3148 29 15 on

1282 3170 69 23 hand.

1310 3197 76 22 PIGS.
1388 3209 33 5 —
1421 3197 67 22 From
1506 3197 37 22 the
1561 3196 191 27 disappointment
1768 3194 46 22 and
1829 3194 44 22 dis-

1282 3227 64 24 putes
1355 3225 71 21 about
1434 3223 43 23 this
1487 3223 82 22 week's
1579 3223 88 28 arrival,
1675 3223 46 21 Mr.
1729 3221 92 23 Telford
1827 3221 46 21 will

1283 3259 21 14 m
1314 3251 75 22 future
1400 3251 87 22 decline
1498 3250 125 28 promising
1637 3252 22 19 to
1675 3249 57 26 keep
1748 3248 45 22 this
1810 3247 63 23 stock

1282 3279 33 20 for
1324 3278 122 28 particular
1454 3278 82 28 parties
1542 3285 5 19 ;
1564 3277 41 21 but
1615 3276 46 22 will
1675 3277 59 21 send
1749 3275 86 21 notices
1850 3275 26 21 of

1283 3312 28 15 an
1322 3305 111 27 expected
1441 3304 79 22 arrival
1529 3304 25 21 in
1565 3310 13 15 a
1587 3303 41 22 few
1644 3303 60 31 days,
1711 3329 6 5 _
1724 3301 45 22 and
1784 3301 45 22 will
1844 3301 28 21 be

1283 3339 56 20 open
1350 3336 22 17 to
1383 3331 79 22 tender
1471 3331 34 22 for
1513 3330 39 22 the
1562 3330 80 26 whole,
1655 3325 79 25 within
1744 3336 13 14 a
1767 3327 106 28 specified

1282 3359 52 21 time
1344 3358 59 22 after
1412 3357 80 23 arrival
1503 3364 29 15 on
1541 3357 40 21 the
1589 3355 81 23 Beach.

1309 3386 91 21 Several
1409 3385 69 22 milch
1487 3392 64 19 cows,
1564 3391 41 14 one
1616 3390 25 14 or
1650 3386 44 18 two
1705 3388 56 16 near
1776 3381 95 27 calving.

1283 3441 71 48 ON
1378 3441 59 25 Sale,
1454 3443 24 19 at
1496 3438 152 23 COGLAN'S
1654 3437 125 26 .Waterloo
1790 3437 82 26 Stores,

1366 3468 123 26 Britannia,
1507 3470 23 19 at
1544 3473 56 20 very
1616 3465 101 22 reduced
1734 3464 80 27 prices,
1834 3463 38 22 the

1280 3494 115 28 following
1404 3494 87 22 articles
1499 3501 4 14 :

1308 3521 62 27 Rice,
1381 3529 42 19 per
1430 3521 50 27 bag,
1491 3520 35 22 3d.
1536 3526 42 21 per
1586 3519 31 23 lb,
1627 3536 3 3 .
1644 3528 4 10 >
1675 3536 3 3 .

1307 3548 77 27 Sugar,
1394 3548 37 21 4d.
1440 3555 41 19 per
1489 3548 38 25 lb.,
1537 3553 61 21 soap,
1609 3552 39 20 per
1652 3545 54 26 box,
1715 3543 49 26 BJd.

1308 3574 113 22 Hollands
1430 3575 45 26 gin,
1492 3574 45 21 50s.
1555 3574 24 25 4,
1599 3572 44 21 and
1659 3572 44 21 245.
1721 3572 13 19 2
1744 3569 44 28 gal.
1804 3577 68 15 cases.

1308 3602 89 21 Tuscan
1412 3602 103 25 bonnets,
1532 3600 90 22 various
1629 3598 63 26 sizes,
1704 3597 60 22 from
1781 3598 43 20 10s.
1836 3597 36 21 6d.

1282 3628 110 28 upwards.

1309 3654 48 22 Salt
1365 3654 56 22 beef
1428 3657 22 19 at
1457 3654 49 25 3|Sd.
1515 3660 42 20 per
1565 3652 30 22 lb.
1606 3659 39 20 per
1654 3651 77 22 tierce.

1310 3681 59 22 Pork
1379 3681 86 27 6d.per
1473 3680 30 22 lb.
1513 3687 40 19 per
1565 3680 75 21 tierce.

1285 3734 163 50 HAND
1468 3734 25 21 T.
1512 3733 85 22 COOK
1620 3733 44 27 beg
1687 3735 24 18 to
1732 3731 82 22 inform
1834 3730 37 22 the

1348 3773 10 10 •
1376 3761 79 22 Public
1464 3760 49 22 that
1521 3760 55 26 they
1584 3759 58 22 have
1652 3758 89 28 opened
1755 3757 37 22 the
1801 3757 70 22 house

1283 3789 68 27 lately
1362 3788 107 28 occupied
1477 3787 29 27 by
1517 3786 46 21 Mr.
1574 3785 101 22 Heather
1691 3792 24 15 as
1732 3792 12 14 a
1760 3785 70 24 Store,
1847 3783 23 21 in

1283 3815 127 22 connexion
1419 3814 52 22 with
1479 3813 56 21 their
1542 3812 65 21 other
1614 3810 176 27 establishment,
1797 3808 73 23 where

1278 3842 57 27 •they
1344 3841 82 22 intend
1434 3843 22 18 to
1466 3846 63 20 carry
1538 3844 31 16 on
1583 3839 108 25 business,
1710 3837 45 21 and
1769 3836 57 27 hope
1836 3835 34 22 for

1283 3876 13 15 a
1314 3866 154 24 continuation
1487 3866 25 21 of
1531 3865 42 21 the
1589 3866 122 25 patronage
1737 3863 53 27 they
1812 3862 56 22 have

1282 3894 90 27 already
1381 3901 26 14 so
1417 3892 77 27 kindly
1503 3888 118 31 receive'jd.j

1309 3920 123 25 Britannia,
1443 3917 130 28 September
1584 3919 31 26 10,
1628 3917 59 22 1840.

2048 620 187 29 PICKWICK,
2244 623 97 21 CLUB.

1903 651 70 49 AT
1993 660 13 14 a
2023 653 101 26 Meeting
2142 653 25 21 of
2186 653 39 23 the
2249 656 130 23 Committee
2403 658 26 21 of
2448 658 38 22 the

2006 679 109 22 Pickwick
2219 681 19 21 it
2246 689 46 15 was
2300 683 111 22 resolved:
2414 697 30 4 —

1951 712 60 22 That
2019 713 23 21 in
2052 719 152 22 consequence
2216 715 26 22 of
2248 715 38 22 the
2293 715 43 23 late
2344 717 142 28 melancholy

1901 738 54 21 boat
1964 739 108 27 accident,
2080 740 31 26 by
2120 740 72 22 which
2201 741 38 22 the
2250 742 89 28 Society
2352 743 40 22 has
2407 747 23 18 to
2448 745 38 21 de-

1901 765 63 26 plore
1982 765 38 22 the
2035 765 43 22 loss
2094 766 25 22 of
2137 774 60 15 some
2221 768 26 21 of
2264 769 28 22 its
2303 789 3 4 .
2315 773 58 18 most
2390 770 96 23 efficient

1903 792 116 27 members,
2037 792 36 22 the
2085 793 109 22 convivial
2212 796 108 27 meetings
2337 796 26 21 of
2378 796 37 22 the
2430 798 55 22 Clul)

1901 818 28 21 be
1938 819 125 26 postponed
2072 822 21 19 to
2099 819 38 22 the
2144 820 186 30 firstTuesdayin

1929 851 51 24 The.
1986 852 92 27 Library
2089 852 26 23 of
2124 853 37 21 the
2171 854 57 22 Club
2238 856 46 21 will
2292 857 27 21 be
2330 864 63 21 opeir,
2402 858 46 22 and
2456 859 28 21 its

1901 878 91 26 general
2001 877 98 24 business
2109 880 131 28 conducted,
2251 890 24 14 as
2284 888 69 17 usual.

1918 933 19 21 A
1961 932 105 22 GREAT
2080 933 158 23 ADDITION
2246 939 23 19 to
2279 937 36 22 the
2325 942 89 23 present
2424 938 62 23 stock

1902 959 50 21 JOL
1981 959 26 21 of
2013 959 196 24 STATIONERY
2216 962 40 22 has
2263 963 47 27 just
2316 964 57 21 been
2383 965 103 22 received

1902 989 23 17 at
1938 985 38 22 the
2144 988 79 28 Office,
2238 996 41 19 per

1901 1012 45 21 and
1955 1012 46 22 will
2009 1013 28 21 be
2046 1013 33 21 for
2089 1013 45 22 sale
2144 1017 22 19 at
2179 1015 39 22 the
2234 1018 56 20 New
2307 1017 76 27 Office,
2399 1022 24 17 at
2437 1019 49 21 Bri-

1901 1039 84 26 tannia,
1997 1039 71 23 which
2076 1040 44 22 will
2134 1041 26 21 be
2171 1043 87 26 opened
2268 1043 67 22 about
2348 1048 43 18 two
2405 1045 81 22 week's

1901 1064 78 22 hence.

2125 1123 138 22 NOTICE.

1905 1154 302 35 pAPTAIN.MUNRO,
2228 1159 26 21 of
2275 1159 35 22 the
2330 1160 88 22 French
2437 1161 50 28 ship
2478 1156 6 9 5

1905 1182 40 19 Vy
2164 1184 102 22 cautions
2274 1186 35 22 the
2317 1187 73 26 public
2399 1188 87 26 against

1903 1207 76 27 giving
1990 1209 68 21 credit
2068 1212 21 18 to
2099 1217 44 20 any
2153 1211 26 20 of
2189 1210 35 23 his
2234 1212 69 27 Crew,
2319 1220 24 14 as
2355 1213 28 22 he
2392 1215 44 21 will
2446 1219 40 17 not

1903 1234 28 21 be
1941 1236 134 21 answerable
2085 1236 35 21 for
2130 1243 44 21 any
2183 1237 63 23 debts
2256 1238 52 28 they
2317 1247 52 20 may
2379 1244 105 20 contract;,
2492 1250 2 5 ■

1931 1261 54 22 Port
1995 1262 127 28 Nicholson,
2133 1264 90 26 August
2231 1266 34 26 29,
2278 1267 60 21 1840.

1986 1316 142 26 QUEEN'S
2142 1317 99 22 HEAD
2256 1319 154 23 TAVERN.

1903 1349 36 49 J
1972 1349 109 23 HOWES
2105 1350 53 27 begs
2168 1353 23 19 to
2205 1352 83 23 inform
2301 1354 35 21 his
2345 1354 84 23 friends
2444 1356 46 22 and

1945 1387 10 9 •
1986 1377 37 21 the
2033 1377 80 27 public,
2130 1377 48 22 that
2193 1379 37 21 the
2240 1380 70 21 above
2325 1381 68 22 house
2403 1382 20 21 is
2438 1389 49 17 now

1905 1409 57 21 open
1982 1403 44 21 and
2044 1405 80 26 parties
2141 1404 120 29 favouring
2283 1407 45 22 him
2353 1408 54 21 with
2430 1408 58 23 their

1903 1432 122 25 patronage
2035 1430 42 22 will
2088 1431 47 21 find
2145 1438 67 21 every
2224 1434 198 23 accommodation.

1930 1456 49 22 The
1996 1456 100 28 splendid
2110 1465 49 15 new
2172 1459 56 21 boat
2433 1461 54 27 with

1903 1489 29 15 an
1943 1484 145 30 experienced
2101 1492 62 20 crew,
2180 1485 46 22 will
2240 1487 65 22 leave
2320 1488 38 21 the
2373 1488 74 23 Beach
2463 1493 25 18 at

1904 1509 81 23 Petoni
1995 1518 64 19 every
2068 1512 104 27 morning
2178 1515 23 18 at
2205 1514 14 19 9
2226 1514 90 26 o'clock,
2325 1515 34 21 for
2364 1516 123 26 Britannia;

1904 1536 45 22 and
1957 1540 77 19 return
2047 1537 58 22 from
2119 1538 36 22 the
2172 1539 72 22 above
2261 1540 68 23 house
2344 1544 23 19 at
2381 1544 13 19 3
2410 1542 23 22 in
2449 1543 38 22 the

1903 1563 125 22 afternoon.

1931 1590 56 22 Cold
1993 1591 69 27 joints
2071 1591 81 28 always
2160 1593 78 27 ready.
2268 1594 65 22 Good
2344 1594 61 23 beds.

1929 1644 93 23 3PORT
2040 1646 198 22 NICHOLSON
2258 1648 114 23 HOTEL
2385 1650 76 23 AND

2119 1674 157 22 TAVERN.

1904 1707 35 47 J
1967 1706 105 23 ALLEN
2089 1707 54 28 begs
2157 1711 23 19 to
2195 1708 84 23 inform
2295 1709 35 23 his
2343 1711 85 23 friends
2444 1713 46 22 and

1944 1744 10 10 •
1986 1734 37 22 the
2039 1734 81 27 public,
2136 1735 47 21 that
2200 1735 28 22 he
2238 1736 41 22 has
2289 1739 86 26 opened
2383 1738 35 23 his
2432 1739 57 22 New

1904 1760 87 27 House,
2007 1763 46 20 and
2061 1761 18 22 is
2087 1761 75 28 happy
2178 1766 23 18 to
2212 1766 57 18 state
2279 1763 47 23 that
2339 1765 28 22 he
2378 1764 40 23 has
2429 1767 60 26 good

1904 1787 65 28 Beds,
1981 1788 45 22 and
2035 1796 65 20 every
2110 1789 195 23 accommodation
2315 1798 59 21 upon
2384 1792 37 22 the
2432 1798 59 19 most

1904 1815 129 21 reasonable
2049 1818 73 19 terms.
2157 1816 47 22 The
2221 1816 53 22 boat
2294 1817 131 29 Enterprize
2444 1821 46 22 will

1905 1844 55 19 start
1965 1842 58 22 from
2032 1842 33 22 his
2071 1842 79 22 House
2158 1850 68 20 every
2232 1845 104 27 morning
2341 1848 23 19 at
2373 1848 12 20 9
2395 1847 94 29 o'clock,

1904 1869 35 21 for
1948 1869 127 27 Thorndon,
2084 1869 35 22 for
2127 1869 38 23 the
2175 1877 142 20 conveyance
2326 1873 26 21 of
2358 1872 134 30 Passengers

1905 1895 44 21 and
1958 1896 92 27 parcels,
2061 1896 43 22 and
2115 1899 76 20 return
2200 1897 25 22 in
2235 1896 38 22 the
2284 1899 101 28 evening.

1920 1949 5 5 #
1931 1922 58 22 N.B.
2005 1923 27 21 In
2043 1924 124 22 connexion
2178 1925 54 22 with
2240 1927 39 21 the
2289 1925 77 29 above,
2376 1927 22 22 J.
2409 1928 30 21 A.
2449 1928 43 23 has

1903 1948 35 22 his
1948 1949 129 23 Butcher's
2089 1951 66 26 Shop,
2168 1951 119 29 Grocery,
2301 1953 132 29 Provision,
2444 1955 47 23 and

1904 1975 114 23 Drapery
2028 1977 91 27 Stores,
2132 1978 73 22 where
2216 1979 38 22 the
2263 1980 75 27 public
2348 1988 41 14 can
2399 1982 28 21 be
2437 1989 52 21 sup-

1895 2018 2 4 ,
1903 2001 59 26 pljpf!
1979 2003 52 21 with
2047 2010 66 19 c-.-cry
2122 2005 77 21 arlicle
2211 2006 23 20 in
2244 2007 39 21 tlie
2292 2007 70 21 above
2372 2008 109 22 branches

1904 2028 45 20 and
1958 2028 54 21 with
2021 2028 57 26 good
2087 2030 45 20 and
2141 2029 71 29 cheap
2223 2032 36 27 oil,
2270 2035 82 24 cotton,
2363 2034 90 22 &c.'&c.
2482 2031 5 5 '

2092 2083 124 28 Britannia,
2232 2085 128 28 September
2369 2088 19 27 8,
2400 2089 61 21 1840.

1904 2115 145 48 NOTICE
2063 2115 28 23 IS
2112 2116 127 23 HEREBY
2259 2119 105 28 GIVEN,
2383 2120 49 22 that
2449 2122 39 22 the

1972 2142 141 28 Partnership
2120 2144 108 28 formerly
2235 2147 91 21 entered
2333 2147 46 22 into
2387 2147 102 24 between

1905 2168 89 27 Dudley
2005 2169 93 22 Sinclair
2108 2170 44 21 and
2162 2171 125 24 Archibald
2302 2173 81 28 Millar,
2401 2174 35 22 for
2451 2175 39 22 the

1904 2196 153 22 manufacture
2068 2196 26 23 of
2104 2196 78 23 Bricks
2192 2198 59 28 here,
2266 2206 44 15 was
2326 2200 43 22 this
2385 2200 44 28 day
2446 2202 45 22 dis-

1904 2222 77 22 solved
1990 2223 30 27 by
2029 2223 84 22 mutual
2123 2228 104 24 consent;
2249 2226 43 21 and
2306 2227 29 21 all
2349 2228 76 21 claims
2440 2232 50 18 out-

1905 2249 104 27 standing
2018 2250 87 26 against
2113 2250 36 22 the
2160 2251 49 22 said
2216 2252 82 28 parties
2308 2253 44 22 will
2361 2254 27 22 be
2398 2254 53 28 paid
2459 2255 33 28 by

1905 2276 37 21 the
1953 2276 47 22 said
2010 2276 121 23 Archibald
2141 2277 85 23 Millar.

2118 2311 131 23 DUDLEY
2263 2313 170 24 SINCLAIR.-,

2120 2338 186 24 ARCHIBALD
2320 2332 131 33 MILLAR.

1931 2363 98 23 Witness
2029 2376 25 4 —
2055 2363 35 23 W.
2101 2364 127 24 Johnston.

1905 2419 182 21 SHINGLES!
2103 2419 184 23 SHINGLES!
2303 2422 186 21 SHINGLES*

1906 2452 90 30 rpHE
2011 2452 154 28 Undersigned
2178 2453 40 22 has
2228 2454 35 21 for
2272 2454 49 22 Sale
2332 2454 63 22 ONE
2408 2456 81 22 HUN-

1912 2472 29 28 ±
1971 2479 83 22 DRED
2065 2480 170 22 THOUSAND
2245 2481 83 22 VERY
2334 2482 155 23 SUPERIOR

1904 2506 73 21 NEW
1985 2506 147 23 ZEALAND
2143 2506 162 23 SHINGLES.

2214 2539 145 25 WILLIAM
2368 2542 92 23 LYON.

1906 2593 217 49 STATIONERY
2243 2596 84 27 SALE,
2355 2596 42 22 AT
2423 2596 65 24 THE

2171 2621 111 23 OFFICE
2288 2630 39 13 :---

2045 2655 136 15 WHOLESALE
2195 2656 47 15 AND
2258 2656 89 16 RETAIL.

1933 2674 55 23 Fine
1998 2675 46 21 laid
2051 2678 55 24 pott,

1933 2701 55 22 Fine
1997 2701 60 22 thick
2066 2709 61 14 wove
2138 2704 79 25 quarto
2226 2705 56 25 post,

1932 2729 63 22 Ditto
2049 2729 55 22 ditto
2136 2732 79 18 octavo
2226 2729 43 27 do.,
2314 2746 6 7 X

1932 2755 115 28 Superfine
2056 2762 61 15 wove
2127 2758 78 25 quarto
2214 2756 58 21 satin
2282 2759 55 25 post,

1932 2782 63 22 Ditto
2049 2782 55 21 ditto
2130 2785 79 18 octavo
2219 2783 75 27 ditto,j

1932 2809 63 22 Ditto
2005 2808 47 23 thin
2061 2809 46 22 laid
2115 2812 79 24 quarto
2204 2809 62 27 ditto,

1932 2835 63 22 Ditto
2049 2835 56 22 ditto
2114 2838 79 19 octavo
2203 2835 62 28 ditto,
2445 2859 4 6 %
2463 2856 4 5 ,

1933 2862 114 28 Superfine
2058 2862 62 27 large
2132 2862 51 22 thin
2195 2862 53 23 blue
2264 2870 61 16 wove
2339 2863 150 29 quarto'post,

1905 2890 108 27 stamped,
2049 2910 2 3 .
2179 2901 6 2 -

1933 2915 118 29 Superfine'
2056 2916 46 22 laid
2110 2917 106 27 foolscap,

1934 2943 72 28 Large
2016 2943 47 22 thin
2073 2946 77 25 quarto
2160 2947 57 24 post,

1933 2970 59 22 Note
2002 2977 73 21 paper,

1932 2997 82 22 Brown
2023 3004 73 21 paper,
2104 2997 102 27 imperial
2216 2999 56 26 cap.,

1934 3024 48 27 Bag
1991 3024 60 27 ditto,

1933 3051 64 22 Kent
2005 3051 60 27 ditto,

1895 3073 2 31 |
1932 3077 72 28 Royal
2014 3078 70 26 hand,.

1933 3104 98 23 Lumber
2040 3104 61 27 ditto,

1932 3131 57 23 Blue
1999 3132 71 27 demy,
2084 3153 2 5 ,
2149 3150 19 6 _,

1932 3158 76 28 Demy
2014 3158 94 26 blotting
2115 3164 76 21 paper,

1932 3185 89 22 Double
2029 3191 78 20 crown,

1933 3211 70 23 Small
2011 3211 65 27 hand,

1934 3239 85 27 Crown,

1932 3265 74 22 Blank
2016 3265 68 27 cards,

1926 3292 152 24 .Memoranda
2087 3291 77 27 books,
2261 3305 7 8 .-.
2303 3303 5 11 >
2350 3305 33 14 •
2433 3305 28 17 y,
2466 3313 12 7 H

1989 3318 93 27 holders,
2094 3318 68 21 wafer
2173 3321 90 25 stamps,
2269 3318 53 23 lead
2330 3318 93 28 pencils,
2433 3318 57 22 slate

1905 3346 62 26 ditto,
1985 3345 64 22 India
2067 3345 87 27 rubber,
2174 3346 86 26 sealing
2277 3352 56 20 wtx,
2353 3345 64 23 office
2433 3343 58 30 peii-

1903 3372 87 27 knives,
2051 3372 40 21 &c.
2101 3372 40 21 &c.
2157 3387 8 10 ,

1992 3426 207 21 ARCHIBALD
2212 3426 188 22 ANDERSON

1903 3461 109 49 BEGS
2030 3463 22 19 to
2069 3460 83 22 inform
2165 3459 44 23 'the
2218 3459 91 28 'public,
2334 3458 48 22 that
2399 3458 28 22 he
2447 3458 42 22 has

1981 3487 86 28 opened
2075 3494 14 15 a
2098 3487 50 22 Stof
2150 3485 179 27 efafThorndon,
2338 3492 28 14 on
2376 3484 38 22 the
2421 3485 69 21 north,

1905 3515 45 21 end
1959 3514 26 22 of
1995 3514 37 22 the
2040 3513 82 28 Beach,
2139 3513 75 23 where
2229 3513 29 21 he
2273 3512 44 21 will
2332 3512 82 26 always
2429 3511 60 21 have

1904 3549 29 14 on
1943 3541 61 21 hand
2013 3548 13 14 a
2035 3538 78 33 Sjipply
2127 3541 27 21 of
2164 3540 38 22 the
2218 3538 113 26 following
2345 3538 94 26 articles,
2458 3544 30 16 on

1903 3567 46 23 sale
1959 3571 24 19 at
1990 3567 112 22 moderate
2111 3567 79 28 prices.

1931 3594 99 22 Jackets
2039 3595 46 21 and
2093 3594 132 25 Trowsers,
2239 3592 24 21 in
2280 3590 113 28 corderoy,
2408 3590 81 22 hever-

1904 3624 60 24 teen,
1974 3621 45 22 and
2028 3621 66 22 duck.
2426 3635 5 10 ,
2463 3641 7 8 

1931 3647 120 28 Shirting,
2075 3648 24 21 in
2122 3646 47 22 fine
2193 3647 86 25 regatta
2303 3643 111 27 coloured,
2434 3643 54 23 blue

1903 3675 87 26 stripes,
2001 3674 43 22 and
2053 3672 140 24 unbleached
2204 3674 83 18 cotton.
2336 3691 8 8 ._
2396 3697 6 4 __

1931 3702 137 25 Groceries,
2085 3704 23 17 at
2121 3699 105 21 different
2240 3698 69 26 prices
2317 3704 7 19 ;
2345 3699 43 23 tea,
2396 3697 6 4 *
2408 3696 78 25 coffee,

1902 3728 107 27 mustard,
2019 3733 87 22 pepper,
2117 3725 45 21 and
2171 3725 54 21 rice.

1929 3754 81 22 Wines
2019 3753 44 22 and
2072 3753 97 25 Spirits,
2181 3751 25 22 of
2217 3748 116 24 wholesale
2337 3748 97 28 'quality.

1930 3782 56 20 Oils
1997 3780 42 22 and
2048 3779 66 22 Lamp
2123 3778 76 22 Wick.
2213 3799 34 9 ,v
2259 3796 6 4 .
2319 3793 5 2 -

1929 3807 134 22 Hardware
2072 3805 45 21 and
2127 3805 116 26 Cutlery,
2254 3803 26 22 of
2290 3803 30 21 all
2327 3803 75 26 kindfc,
2409 3803 46 20 and
2464 3803 27 20 of

1901 3833 100 27 superior
2010 3832 89 28 quality.
2202 3849 8 5 ,
2345 3849 4 4 .
2378 3840 3 4 •
2433 3849 3 4 .

1929 3861 29 21 A.
1974 3861 28 20 A.
2018 3859 45 21 also
2080 3862 51 22 begs
2150 3860 24 19 to
2189 3857 81 22 inform
2287 3855 37 22 the
2343 3854 74 29 public
2436 3856 51 21 that
2512 3869 7 6 .

1902 3887 53 26 they
1964 3894 40 14 can
2014 3886 26 21 be
2058 3884 101 29 supplied
2174 3884 54 22 with
2245 3882 57 28 good
2317 3881 59 22 fresh
2395 3879 124 40 niurtcuj^

1902 3915 44 21 and
1957 3913 54 28 pork
2021 3912 66 28 daily.
