2529 4029
29 104 230 39 SHIPPING
288 104 374 39 INTELLIGENCE.

93 154 569 41 ARRIVED.

113 205 51 26 May
180 206 38 24 30,
238 206 101 21 schooner
359 207 85 25 Carton,
465 209 34 25 25,
517 210 74 25 Bathe,
612 211 50 20 from

86 231 87 22 Nelson.

114 259 60 20 Same
191 260 47 25 day,
255 261 101 20 schooner
372 263 60 25 Lady
448 263 72 26 Leigh,
537 265 47 23 109,
605 264 57 25 Reid,

85 286 53 19 from
148 286 92 27 Sydney.

111 312 59 21 Same
180 314 47 26 day,
243 317 67 18 cutter
322 316 110 22 Catherine
443 318 107 25 Jonnston.,
563 319 24 19 11
607 321 55 23 tons,

82 340 83 24 Taylor,
175 341 56 20 from
240 341 126 28 Wangahui.
452 359 3 3 .
502 349 13 18 y
614 353 5 10 >
648 340 10 24 '.

109 366 51 27 May
175 368 37 24 31,
231 369 77 27 barque
319 371 89 24 T^wcaa,
426 372 48 22 280,
484 371 105 26 Blackett,

82 393 88 22 London
180 396 35 19 via
224 396 82 21 Hobart
314 397 66 21 Town
392 399 41 19 and
442 398 88 21 Nelson.
633 393 8 9 J

109 420 59 22 Same
178 423 47 25 day,
234 424 47 26 ship
290 425 60 20 Bella
357 426 91 23 Marina,
459 426 47 23 600,
516 426 25 20 T.
549 426 111 27 Asbridge,

80 448 55 20 from
145 449 89 21 London
244 451 34 20 via
286 451 83 21 Hobart
379 453 71 19 Town.

109 475 59 21 Same
188 477 47 27 day,
255 479 46 26 ship
326 479 89 26 Sydney,
435 480 49 24 450,
506 481 76 24 White,
607 482 54 20 from

81 502 97 22 London.

319 557 116 20 SAILED.

111 586 51 25 May
171 587 35 24 30,
215 587 115 26 brigantine
339 589 16 20 J
359 590 67 19 Don't
435 590 72 25 Know,
524 592 33 23 GO,
577 592 82 26 Phelps,

80 613 34 20 foJ
123 613 118 21 Auckland.

107 639 60 21 Same
184 641 47 26 day,
250 642 116 26 brigantine
381 644 77 26 Scotia,
476 646 27 19 68
521 648 56 22 tons,
589 647 70 25 Ward,

78 666 34 20 for
128 667 75 26 Otago.

107 693 59 22 Same
177 695 47 26 day,
235 696 102 21 schooner
342 698 63 24 Kate,
417 699 25 20 62
452 701 55 24 tons,
523 700 136 26 Macfarlane,

77 719 34 21 for
121 721 112 22 the'coast.

105 747 56 21 Jnne
183 750 22 23 1,
222 750 101 21 schooner
342 753 70 24 Eliza,
430 754 32 26 27,
482 754 126 26 M'Donald,
627 756 33 20 for

78 775 90 22 Akaroa.

105 802 56 21 June
178 805 21 23 2,
218 806 101 20 schooner
335 807 92 25 Aurora,
444 809 34 23 36,
492 809 72 25 Stobo,
582 811 33 20 for
624 811 35 20 the

77 832 66 18 coast.

103 856 55 21 Juue
175 860 22 22 4,
213 860 106 23 schooner,
328 862 111 20 Susannah
456 864 55 24 Ann,
524 865 34 24 79,
573 865 85 24 Brown,

75 883 34 20 for
118 884 35 20 the
163 888 66 18 coast.

298 940 34 20 IN
347 941 87 19 PORT.

101 967 110 20 Schooner
219 968 81 27 Emma,
312 970 26 19 14
349 971 57 24 tons,
417 971 148 23 Greenwood..
580 975 76 24 Agent,

74 992 82 21 Master
468 1012 18 6 
512 995 52 32 £$,
599 987 13 14 B

102 1020 122 26 Brigantine
235 1024 119 25 Vanguard,
364 1026 25 19 61
400 1029 55 24 tons,
463 1027 91 23 Pelford.
567 1029 88 25 Agents,

72 1047 69 21 Waitt
149 1050 43 19 and
202 1050 74 26 Tyser.
485 1055 4 6 '
499 1054 40 19 ■?!*;
552 1068 3 4 .

102 1075 108 22 Schooner
218 1079 66 20 Dart.

100 1102 107 22 Schooner
225 1106 86 25 Carbon,
330 1108 25 19 25
375 1110 55 23 tons,
452 1110 73 21 Bathe.
556 1112 98 25 Captain,

72 1129 77 26 Agent.
256 1138 2 6 <
513 1128 141 10 -it

99 1156 107 23 Schooner
215 1161 61 24 Lady
285 1162 73 25 Leigh,
374 1164 39 19 109
424 1166 54 23 tons,
498 1165 60 21 Reid.
588 1168 67 20 Waitt

70 1184 41 19 and
121 1185 73 26 Tyser,
208 1187 88 26 Agents.

100 1211 73 21 Cutter
194 1214 108 22 Catherine
320 1218 109 25 Johnston,
448 1220 24 19 11
493 1222 55 22 tons,
568 1222 77 22 Taylor

71 1238 95 27 Captain,
178 1242 79 25 Agent.

97 1266 83 27 Barque
199 1270 87 25 Tuscan,
302 1272 41 20 280
361 1274 56 24 tons,
432 1274 102 21 Blackett.
563 1276 87 24 Agents,

69 1293 66 21 Waitt
145 1296 39 20 and
196 1297 73 26 Tyser.

98 1321 50 27 Ship
169 1324 61 20 Bella
248 1326 85 20 Marina
358 1328 40 19 600
419 1330 53 23 tons,
493 1330 25 20 T.
542 1331 110 25 Asbridge.

71 1349 116 27 Ridgways,
199 1351 48 27 Guy
249 1356 43 21 ton,
302 1354 42 20 and
356 1354 47 26 Co.,
413 1356 87 26 Agents.

97 1376 50 27 Ship
169 1378 91 26 Sydney,
277 1382 39 19 450
337 1384 57 22 tons,
419 1384 77 20 White.
525 1385 68 21 Waitt
611 1387 41 20 and

68 1403 74 26 Tyser,
152 1404 89 27 Agents,

64 1529 93 30 New
188 1529 216 30 Zealand
435 1529 217 30 Gazette

64 1559 71 27 AND
158 1559 235 27 WELLINGTON
417 1559 235 27 SPECTATOR.

185 1586 156 28 Wednesday,
357 1591 62 22 June
433 1593 20 26 5,
470 1595 59 21 1844.

67 1632 204 28 ENGLISH
308 1624 93 38 NEW
435 1641 212 26 ZEALAND

224 1670 271 17 INTELLIGENCE.

97 1720 50 24 The
159 1722 106 24 colonists
278 1724 55 23 have
344 1725 55 32 long
410 1726 56 25 been
476 1734 59 18 most
547 1732 94 22 anxious

64 1758 23 18 to
98 1754 54 23 hear
163 1763 62 16 news
238 1756 69 24 direct
321 1758 58 24 from
394 1759 113 32 England,
528 1771 116 16 announc-

64 1787 40 30 ing
114 1787 38 24 the
165 1789 66 23 effect
248 1791 113 30 produced
373 1792 62 25 there
455 1794 29 30 by
497 1796 36 22 the
551 1803 94 18 account

63 1820 25 23 of
108 1820 37 24 the
168 1822 94 24 Wairau
286 1824 117 26 Massacre
412 1836 6 19 ;
443 1829 43 22 and
511 1829 52 31 they
586 1839 56 16 were

62 1854 102 29 gratified
176 1863 30 15 on
218 1856 83 32 Friday
309 1858 52 28 last,
369 1860 53 23 with
431 1861 35 24 the
476 1863 96 23 unusual
582 1865 61 30 sight
654 1864 2 34 j

62 1886 26 23 of
96 1886 61 25 three
170 1890 85 22 vessels
267 1892 99 31 arriving
377 1893 58 24 from
455 1895 96 24 London
565 1904 28 15 on
606 1899 36 22 the

62 1927 61 16 same
142 1921 50 31 day.
230 1923 65 32 They
306 1933 59 16 were
385 1926 38 24 the
441 1928 82 31 barque
545 1929 94 30 Tuscan,

60 1952 84 32 having
154 1956 71 22 sailed
238 1965 29 14 on
275 1958 40 22 -ibe
336 1959 56 22 12th
402 1954 133 35 Dumber,
548 1963 45 21 aud
604 1965 38 21 the

59 1985 52 31 ship
122 1986 97 31 Sydney,
232 1996 29 16 on
271 1989 36 24 the
319 1991 59 24 20th
390 1991 107 32 January,
508 1994 57 23 from
577 1994 63 25 Lon-

59 2019 43 22 don
114 2029 5 19 ;
144 2021 44 23 and
212 2022 37 23 the
272 2023 50 31 ship
343 2024 67 24 Bella
432 2025 103 28 Marina,
557 2027 84 25 having

60 2053 70 23 sailed
141 2054 58 24 from
212 2055 95 24 London
316 2065 28 15 on
358 2058 37 23 the
408 2060 56 23 30th
475 2060 108 32 January,
597 2064 42 22 and

60 2085 57 25 from
130 2087 122 31 Plymouth
266 2098 28 15 on
306 2090 38 24 the
357 2092 42 23 6th
411 2092 125 32 February.

94 2120 50 24 The
157 2121 95 31 Tuscan,
274 2123 70 24 called
365 2130 24 18 at
407 2125 88 24 Hobart
507 2127 71 24 Town
596 2129 43 23 aud

58 2153 95 25 Nelson.
200 2156 34 23 At
247 2156 38 24 the
293 2158 83 23 former
388 2158 62 31 place
459 2159 40 23 she
511 2161 79 23 buried
599 2162 40 23 her

60 2186 103 31 Captain,
175 2189 50 23 who
238 2189 50 24 died
298 2190 38 23 the
349 2191 43 31 day
401 2193 55 22 after
469 2193 37 23 the
518 2195 73 22 vessel
601 2203 38 15 ar-

56 2220 63 23 rived
137 2221 71 24 there.
244 2222 49 24 The
313 2224 90 31 Syndey
415 2233 60 16 came
485 2227 70 24 direct
563 2236 6 19 ;
595 2229 43 23 and

58 2253 39 24 the
108 2253 66 24 Bella
185 2253 103 33 Marina,
307 2257 96 24 touched
415 2263 22 18 at
459 2259 88 25 Hobart
567 2261 71 24 Town

58 2291 23 18 to
92 2287 52 24 land
156 2288 129 31 dispatches
294 2290 35 24 for
340 2292 129 29 Auckland,
481 2294 44 24 and
543 2299 23 18 at
579 2295 59 23 New

58 2320 122 31 Plymouth
199 2323 53 23 with
269 2324 70 30 goods
361 2325 43 22 and
425 2333 140 25 passengers.
601 2328 37 31 By

55 2353 64 24 these
142 2357 161 29 opportunities
326 2365 33 15 we
382 2358 55 24 have
457 2361 101 23 received
580 2361 56 23 hew

56 2386 103 25 Zealand
180 2387 117 32 Journals,
321 2391 58 23 from
402 2392 127 25 November
552 2397 41 27 25,
615 2401 21 18 to

55 2419 100 33 January
166 2422 42 23 20.
245 2423 63 31 They
319 2432 39 16 are
369 2425 42 23 full
423 2426 23 23 of
455 2427 135 33 interesting
600 2429 35 23 in-

55 2453 128 30 formation,
196 2456 44 23 and
258 2464 32 16 we
302 2465 37 15 are
358 2458 76 32 happy
445 2463 22 19 to
479 2460 46 24 find
537 2462 50 23 that
599 2462 37 24 the

55 2486 81 25 Editor
147 2489 19 23 is
177 2489 59 31 fully
248 2490 56 24 alive
322 2495 23 19 to
358 2499 41 15 our
410 2498 77 24 wants,
502 2501 31 17 we
553 2496 81 24 should

55 2528 40 23 say
107 2528 54 17 even
173 2530 63 16 more
255 2531 24 16 so
292 2524 53 23 than
358 2533 44 23 any
412 2534 82 23 persou
512 2530 122 23 connected

53 2554 56 23 ■with
120 2555 37 23 the
170 2556 125 31 Company.

88 2587 50 24 The
158 2589 95 25 Wairau
276 2591 117 24 Massacre
417 2600 94 24 appears
532 2600 21 18 to
577 2596 58 24 have

55 2622 89 23 created
159 2630 14 15 a
190 2628 65 25 great
273 2626 121 28 sensation,
415 2627 44 22 and
478 2627 44 24 had
541 2629 38 23 led
598 2630 38 23 the

53 2661 65 24 press
128 2656 117 31 generally
253 2662 23 18 to
284 2657 51 24 take
347 2667 14 14 a
372 2659 67 31 lively
448 2661 93 24 interest
552 2663 27 22 in
591 2663 44 24 this

53 2687 89 31 coloLy.
178 2688 75 25 There
265 2690 20 23 is
296 2699 80 16 reason
394 2697 23 18 to
430 2693 84 24 believe
532 2695 49 23 that
593 2701 42 19 two

53 2725 78 19 events
152 2722 46 23 will
218 2723 27 23 be
265 2723 37 24 the
325 2725 127 24 immediate
472 2735 161 24 consequence.

54 2754 50 24 The
116 2756 129 23 settlement
256 2758 25 22 of
292 2757 37 24 the
342 2758 67 23 Land
421 2759 111 25 Question
544 2763 45 22 and
601 2763 33 23 af-

51 2787 91 32 fording
171 2789 40 23 the
245 2791 88 23 settlers
366 2792 111 24 sufficient
512 2797 122 28 protective

51 2821 69 24 force.
154 2822 58 24 Our
226 2823 85 24 friends
332 2825 24 23 in
376 2825 107 32 England
501 2827 56 25 have
578 2829 56 24 been

51 2855 72 23 under
140 2855 38 24 the
198 2857 135 31 impression
354 2858 58 27 that.
423 2859 98 27 British.,
528 2861 105 25 Gover-

50 2892 63 19 nment
124 2895 44 17 wbs
180 2890 136 24 established
325 2892 26 23 in
369 2892 56 23 New
437 2894 98 24 Zealand
547 2898 35 21 Jor
595 2897 37 23 the

51 2922 124 29 protection
200 2923 43 23 and
267 2923 82 25 benefit
373 2925 23 23 of
416 2926 95 24 -British
533 2928 100 33 subjects

51 2955 123 31 generally.
212 2956 57 23 This
281 2965 31 15 we
325 2965 38 16 are
377 2958 75 24 bound
469 2966 23 17 to
504 2966 57 18 state
572 2964 21 22 is
603 2971 30 15 an

50 2994 69 21 error,
133 2996 25 16 as
177 2989 40 23 the
236 2990 89 24 settlers
346 2998 58 17 were
422 2993 115 30 informed,
552 2995 29 31 by
594 2996 37 25 the

50 3020 91 32 highest
151 3022 115 32 authority
278 3024 21 23 in
312 3024 39 23 the
363 3026 86 31 colony,
458 3026 49 26 that
518 3029 54 23 such
587 3038 44 16 was

48 3058 41 19 not
105 3055 38 23 the
161 3055 76 32 object
248 3057 25 23 of
288 3057 37 23 the
343 3059 103 31 ministry
457 3069 5 20 ;
485 3061 40 23 but
543 3069 29 16 on
594 3064 37 23 the

49 3093 103 26 contrary
165 3089 49 23 that
225 3090 65 24 while
309 3091 38 23 the
359 3091 87 25 British
457 3094 99 31 subjects
575 3096 56 24 born

49 3125 40 19 out
100 3122 25 22 of
134 3122 56 23 New
202 3123 105 29 Zealand,
321 3132 38 16 are
371 3125 70 24 called
459 3135 61 23 upon
539 3133 23 18 to
573 3137 56 16 con-

48 3153 83 24 tribute
151 3156 113 28 £60,000
288 3158 106 31 annually
415 3164 22 18 to
459 3162 108 23 maintain
593 3163 37 23 the

50 3186 108 25 Colonial'
173 3188 162 32 Government,
353 3199 25 16 or
399 3193 65 23 stand
481 3194 109 25 indebted
604 3201 26 28 tq

48 3219 39 24 the
97 3221 88 24 mother
206 3229 100 25 country,
317 3233 25 15 or
361 3230 23 18 to
402 3226 141 30 individuals,
556 3228 37 24 for
603 3237 26 16 so

47 3254 68 22 much
128 3262 23 15 as
161 3256 25 22 in
199 3255 37 24 the
248 3258 71 22 infant
330 3262 58 20 stste
397 3259 25 23 of
430 3259 37 24 the
479 3261 87 31 colony,
577 3262 52 32 they

47 3294 38 15 are
97 3287 81 24 unable
190 3292 23 19 to
224 3297 52 23 pay,
286 3290 37 24 the
335 3291 155 25 Government
497 3296 130 23 was'estab-

46 3319 74 24 lished
133 3321 42 23 and
197 3323 135 24 maintained
342 3325 35 23 for
396 3325 38 24 the
454 3327 82 23 benefit
542 3329 31 22 -of
592 3329 37 24 the

46 3353 125 31 aboriginal
184 3355 136 30 population.
356 3358 55 23 Aud
419 3359 47 24 that
476 3360 41 23 the-
522 3362 106 31 ministry

46 3386 77 24 rather
144 3387 54 23 than
217 3388 57 24 have
293 3395 21 17 to
333 3396 90 25 protect
441 3393 38 23 the
497 3394 131 32 immigrant

47 3420 132 31 population
201 3421 58 24 from
281 3424 76 23 native
379 3426 138 30 aggression,
552 3429 75 24 would

46 3461 64 15 sever
121 3454 37 23 the
178 3460 93 26 present
288 3457 139 30 connection,
444 3459 28 30 by
485 3461 143 33 abandoning

44 3487 40 23 the
96 3487 156 24 Government
262 3489 25 22 of
302 3489 57 23 New
378 3490 107 26 Zealand.
522 3494 61 24 That
603 3497 24 23 in

44 3520 47 23 fact
103 3520 45 29 ,the
170 3527 92 25 present
285 3523 105 31 ministry
413 3532 37 16 are
472 3529 110 28 prepared
603 3534 24 19 to

37 3553 110 24 .abandon
158 3562 13 15 a
188 3555 89 23 British
289 3556 96 30 Colony.
421 3557 34 24 To
467 3559 63 24 these
550 3567 86 19 extra-

44 3587 105 30 ordinary
159 3592 137 20 statements'
302 3597 33 15 we
347 3590 58 23 have
416 3590 96 33 already,
524 3601 28 16 on
564 3602 62 17 more

31 3619 67 24 'than
111 3621 163 29 bne-ttccasion,
287 3623 64 23 made
364 3623 112 24 reference
483 3634 9 22 j
499 3635 3 4 ■
507 3627 44 22 and
563 3635 70 17 com-,

99 3653 28 34 'ag
135 3649 67 37 fth'ey.
209 3649 48 38 Hid.,
266 3655 59 25 from'
343 3656 38 26 the
389 3680 3 3 .
403 3657 97 32 highest
506 3654 128 38 'authority:

36 3685 69 30 .here,
116 3686 64 29 .there
201 3689 19 22 is
238 3696 28 16 no
283 3696 82 17 reason
385 3696 23 17 to
419 3691 69 24 doubt
497 3692 63 27 ,-tha.t.
572 3694 53 33 they

44 3727 62 16 wer^
112 3720 44 27 the-
161 3721 69 23 views
241 3722 26 23 of
283 3722 45 24 the-
337 3724 104 31 ministry
453 3724 110 26 whence
571 3727 53 25 oleft

43 3750 115 33 England.
195 3753 53 24 The
263 3755 92 25 Wairau
375 3757 120 25 Massacre
505 3759 42 24 will
566 3768 56 17 soon

43 3785 61 24 show
116 3786 100 24 whether
226 3788 57 24 such
293 3790 68 22 views
371 3798 38 15 are
416 3791 46 23 still
474 3795 146 24 entertained.

41 3818 45 24 We
97 3825 91 27 suspect
199 3822 112 32 necessity
321 3823 47 23 will
370 3818 62 39 jleati
448 3829 21 20 to
481 3830 61 27 steps
554 3826 68 33 being

42 3851 69 24 taken
122 3853 72 24 which
206 3854 46 24 will
271 3855 62 24 show
352 3856 56 31 they
424 3864 36 17 are
480 3859 139 26 abandoned.

41 3884 90 33 Bepqrjt
140 3891 72 26 sta£es
225 3910 5 7 c
228 3887 49 24 that
293 3889 66 24 Lord
375 3890 93 32 Stanley
479 3892 42 24 has
532 3894 89 24 written

43 3917 130 33 to'Captai»
191 3920 101 32 Fitzroy,
304 3923 87 31 stating
401 3924 49 24 that
467 3925 28 23 he
507 3934 51 23 may
570 3935 50 17 now

671 108 104 103 J^,
842 109 4 4 ■
917 106 22 15 yr
1058 108 23 5 —
1154 108 1 4 ■

696 122 111 30 haveVany
816 123 69 25 force,
896 123 115 37 hejcleems
1030 125 117 34 necessary
1160 131 22 18 to
1201 124 81 26 main-

695 150 101 28 tai&'the
809 149 161 35 Go^rnraent,
984 158 43 22 and
1047 150 101 31 toTcause
1160 159 38 23 the
1207 159 67 24 Land

695 188 112 25 Question
817 192 24 20 to
862 188 28 24 be
901 188 81 25 settled
1149 191 66 24 With
1226 192 50 23 half

694 228 13 15 a
718 220 109 30 regiment
838 222 54 23 here
903 221 46 24 this
961 230 40 16 can
1018 223 29 23 he
1058 223 56 24 done
1125 225 44 23 and
1181 225 93 23 without

694 253 119 24 bloodshed
823 263 6 20 ;
843 263 13 14 a
868 254 176 25 demonstration
1054 256 24 23 of
1087 257 59 24 force
1155 260 20 21 is
1186 258 29 23 all
1226 258 48 23 that

693 286 46 23 will
750 286 27 22 be
786 295 127 23 necessary.
949 289 103 23 Another
1060 294 75 27 report
1144 296 70 19 states
1225 291 48 23 that

693 319 57 23 Port
756 319 130 25 .Nicholson
898 321 44 23 will
955 322 27 24 be
993 322 38 23 the
1043 322 55 24 head
1111 329 101 25 quarters
1226 324 24 23 of
1259 332 14 15 a

683 369 2 6 ,
692 352 151 27 considerable
860 354 98 30 military
968 355 69 24 force.

704 394 3 5 •
726 385 49 23 The
786 386 52 30 brig
848 385 96 30 Nelson;
956 388 85 31 having
1059 389 68 24 sailed
1146 390 59 25 from
1226 391 45 24 this

692 425 29 16 on
732 418 38 25 the
781 420 64 22 22nd
856 420 26 22 of
897 420 139 31 September,
1050 422 85 24 arrived
1147 423 67 25 home
1224 425 46 23 late

690 451 24 22 in
726 451 105 31 January.
873 452 43 24 We
928 462 38 15 are
977 455 75 31 happy
1064 460 21 19 to
1097 460 57 19 state
1168 458 47 23 that
1229 458 40 23 her

691 484 81 24 arrival
783 485 113 30 produced
908 494 14 15 a
931 491 60 19 most
1002 487 117 25 beneficial
1139 489 87 32 change
1247 491 26 23 of

687 516 93 32 feeling.
823 518 47 24 She
883 519 85 24 carried
980 528 40 15 our
1028 521 92 31 journal
1130 523 73 24 which
1214 531 54 16 con-

690 550 75 24 tained
776 559 12 16 a
800 551 39 24 list
848 552 26 23 of
888 553 85 23 vessels
993 553 125 25 advertised
1134 564 26 15 as
1179 557 91 31 loading

689 590 25 16 or
726 584 65 24 about
802 589 24 19 to
837 584 53 24 load
901 593 92 23 cargoes
1013 587 35 23 for
1060 588 103 25 London.
1210 590 58 23 This

689 618 88 23 created
787 617 39 24 the
838 618 126 24 conviction
979 619 49 23 that
1046 620 37 24 the
1102 622 90 24 settlers
1209 630 59 16 were

689 655 39 17 not
749 650 122 31 dispirited,
893 652 44 22 and
956 652 18 22 it
983 673 4 4 ,
995 653 82 24 looked
1094 654 47 24 like
1152 655 114 30 business,

688 686 23 19 to
723 682 71 25 which
808 691 40 16 our
860 684 77 30 dearly
954 685 93 24 beloved
1065 692 145 27 countrymen
1229 697 38 16 are

688 716 68 24 much
766 717 110 23 attached.
918 717 43 24 We
982 718 58 24 have
1050 720 55 23 been
1114 722 93 23 assured
1218 722 50 23 that

688 757 25 15 so
725 754 62 26 great
798 757 47 16 was
855 750 39 23 the
904 751 98 31 impetus
1013 753 23 22 in
1048 761 159 24 consequence,
1217 756 49 23 that

688 783 85 23 several
785 783 63 31 ships
859 791 58 16 were
928 785 69 23 about
1008 790 22 19 to
1042 786 27 23 be
1086 787 126 25 advertised
1228 788 36 24 for

688 816 38 23 the
737 816 83 24 Cook's
833 817 82 23 Straits
927 818 148 25 settlements.
1096 825 3 5 '

722 849 49 25 The
783 854 131 19 statements
926 851 69 23 about
1005 851 58 24 New
1074 853 135 33 Edinburgh
1226 862 38 16 are

686 892 56 22 very
758 884 116 30 opposing.
924 883 38 24 On
982 884 38 23 the
1041 893 41 16 one
1093 886 59 24 hand
1163 895 34 16 we
1208 888 56 23 have

685 917 70 25 heard
777 917 49 23 that
852 916 40 24 the
920 916 118 33 Company
1064 919 56 24 have
1146 926 42 19 not
1215 921 49 23 sold

688 952 89 27 10,000
788 957 63 16 acres
863 950 25 23 of
902 949 61 29 land,
975 950 44 23 and
1031 959 29 16 on
1075 952 37 24 the
1130 954 64 24 other
1215 954 49 23 that

684 983 45 24 five
740 983 62 31 ships
813 990 58 16 were
883 982 68 24 about
963 987 22 19 to
996 984 28 23 be
1037 985 114 25 chartered
1161 992 23 19 to
1195 988 68 30 bring

685 1021 40 19 out
735 1016 38 24 the
789 1016 52 23 first
860 1016 128 30 expedition
1009 1017 25 23 of
1057 1019 96 24 settlers.
1201 1020 61 24 Sub-

680 1050 79 31 joined
771 1051 18 22 is
800 1050 31 22 all
841 1056 33 16 we
886 1049 56 23 have
954 1049 70 24 found
1034 1051 25 23 in
1070 1052 44 24 the-
1125 1052 58 24 New
1201 1053 60 23 Zea-

683 1083 57 23 land
747 1082 98 24 Journal
855 1090 30 16 on
900 1083 37 22 the
954 1083 95 31 subject.
1093 1085 42 24 We
1156 1087 105 23 obtained

683 1117 19 22 it
712 1116 58 23 from
780 1116 37 23 the
828 1124 69 23 paper
909 1117 24 22 of
949 1116 37 24 the
998 1117 58 23 20th
1067 1118 100 32 January
1175 1129 6 14 :
1184 1133 32 4 —

711 1152 40 22 We
762 1159 35 15 are
808 1152 47 22 well
867 1153 89 26 pleased
965 1156 23 19 to
998 1154 54 22 hear
1066 1155 47 23 that
1128 1164 42 14 our
1185 1158 76 22 north-

683 1187 40 13 ern
742 1179 82 22 friends
840 1180 57 21 view
914 1180 37 21 the
967 1180 43 22 late
1026 1181 105 29 unhappy
1148 1189 77 17 events
1235 1185 24 22 in

683 1206 58 21 New
751 1206 99 21 Zealand
858 1206 25 21 in
897 1206 58 22 their
970 1215 78 19 proper
1064 1208 61 28 light,
1142 1211 50 21 that
1207 1211 54 28 they

681 1232 45 22 feel
746 1232 94 22 satisfied
862 1232 47 22 that
928 1233 39 22 the
986 1234 61 22 crisis
1063 1236 17 22 is
1089 1240 55 24 past,
1155 1238 45 22 and
1212 1239 49 21 that

681 1259 58 22 New
748 1259 98 22 Zealand
855 1260 145 23 colonisation
1010 1266 59 18 must
1078 1270 49 14 now
1144 1272 87 15 receive
1247 1274 14 14 a

681 1293 49 15 new
749 1286 99 26 impetus.
887 1287 35 21 No
940 1288 44 21 less
1003 1288 54 22 than
1076 1290 56 27 forty
1151 1291 69 23 heads
1236 1293 25 21 of

681 1312 94 23 families
785 1314 55 21 liave
851 1321 49 14 now
915 1315 97 21 enrolled
1028 1316 130 23 themselves
1172 1319 35 21 for
1221 1319 38 22 the

679 1340 142 27 preliminary
830 1340 128 26 expedition
968 1342 21 21 in
1002 1342 38 22 the
1057 1344 78 27 spring,
1152 1352 69 21 many
1236 1347 26 21 of

681 1366 65 22 them
754 1367 129 27 purchasers
893 1371 21 18 to
925 1375 61 14 some
996 1373 82 19 extent.
1106 1372 48 21 One
1165 1380 94 19 yocman

679 1393 66 22 alone
755 1394 60 21 takes
825 1394 27 21 25
862 1396 118 25 properties
990 1399 22 18 at
1022 1396 59 24 £120
1088 1399 61 21 each.

714 1427 35 30 By
761 1427 37 23 the
809 1435 62 15 same
883 1436 69 22 pappr
965 1437 31 14 we
1010 1430 49 23 find
1078 1431 47 24 that
1144 1432 38 24 the
1202 1434 56 24 New

673 1460 106 23 •Zealand
789 1460 93 31 Society
892 1461 40 23 has
944 1462 57 23 been
1013 1471 54 23 very
1078 1466 77 23 active.
1158 1479 35 5 —

707 1491 21 21 A
739 1491 114 22 memorial
864 1500 43 14 was
918 1493 81 26 agreed
1008 1497 23 19 to
1042 1499 22 17 at
1073 1503 13 14 a
1095 1498 82 26 special
1187 1502 71 18 meet-

677 1518 42 28 ing
736 1519 27 21 of
782 1519 45 21 tl.is
841 1519 89 27 Society
947 1520 53 22 held
1014 1528 29 15 on
1060 1523 35 21 the
1112 1525 21 20 11
1139 1524 24 22 th
1173 1526 85 21 instant

677 1545 193 33 for^presentation
881 1550 21 18 to
912 1546 38 22 the
961 1547 101 23 Colonial
1071 1551 101 22 Minister
1180 1560 28 14 on
1219 1553 37 22 the

677 1571 89 28 present
776 1573 84 21 critical
869 1573 96 27 position
980 1575 26 21 of
1022 1575 37 22 the
1075 1577 76 27 colony
1160 1587 5 13 :
1182 1586 74 20 repre-

676 1599 89 26 senting
779 1599 122 27 succinctly
916 1600 38 22 the
968 1602 47 21 real
1029 1601 98 25 ultimate
1141 1613 77 15 causes
1234 1608 26 20 of

677 1625 38 22 the
726 1626 43 24 Jate
784 1626 54 22 fatal
853 1627 107 28 collision,
975 1629 45 21 and
1034 1630 100 28 solicting
1151 1632 49 22 that
1214 1634 42 21 im-

678 1653 95 21 mediate
782 1657 58 22 steps
850 1660 51 21 may
911 1655 27 21 be
955 1655 66 22 taken
1038 1660 22 18 to
1074 1661 38 24 put
1127 1662 23 17 at
1166 1663 44 18 rest
1226 1660 30 23 all

676 1679 96 27 disputes
783 1679 43 22 still
834 1681 99 27 pending
943 1681 100 24 between
1057 1683 36 23 the
1109 1686 85 22 natives
1210 1688 45 21 and

675 1705 38 22 the
724 1714 76 18 crown,
813 1707 46 21 and
869 1707 47 22 that
926 1716 29 14 an
967 1709 107 28 adequate
1084 1712 95 28 military
1194 1714 61 22 force

676 1740 52 19 may
739 1733 27 21 be
777 1733 129 23 distributed
918 1742 52 15 over
983 1736 29 22 all
1023 1737 37 22 the
1069 1740 143 23 settlements.

664 1780 3 4 ■
707 1766 44 23 We
763 1767 54 24 have
829 1773 40 18 not
881 1768 55 24 been
949 1770 51 23 able
1018 1775 25 19 to
1061 1772 60 24 learn
1142 1774 49 24 that
1209 1784 44 22 any

673 1807 87 16 answer
771 1800 42 24 had
826 1801 57 23 been
892 1803 101 23 received
1005 1804 74 25 before
1089 1806 35 23 the
1133 1807 121 32 departure

673 1833 25 22 of
707 1833 39 23 the
757 1832 65 25 Bella
832 1832 105 27 Marina.
986 1837 49 24 The
1054 1846 83 17 answer
1153 1842 46 23 will
1212 1850 40 15 ne-

673 1867 106 30 cessarily
790 1867 95 29 exhibit,
898 1874 22 18 to
932 1877 62 16 some
1014 1876 81 27 extent,
1118 1873 37 24 the
1177 1876 75 23 inten-

672 1900 58 23 tions
744 1900 22 23 of
781 1900 38 23 the
829 1900 80 24 Home
922 1902 161 26 Government.

705 1933 49 23 The
766 1933 115 33 following
892 1943 34 15 we
937 1936 56 23 have
1012 1939 86 22 obtain
1102 1939 12 28 i
1133 1940 59 25 from
1213 1942 37 23 the

670 1965 98 22 Journal
778 1967 25 20 of
806 1967 53 21 'thiS'
859 1968 8 13 <(
868 1968 58 22 25ra
921 1972 16 8 pr
937 1969 136 25 Decenibu»r.
1085 1980 3 3 -
1094 1966 26 16 M
1159 1972 4 5 '
1204 1971 7 11 ?
1228 1974 3 8 '

697 2001 47 21 The
765 2003 61 19 Globe
845 2002 40 22 has
900 2003 67 29 lately
987 2005 126 25 discovered
1133 2009 49 22 that
1205 2011 37 21 Mr

671 2028 120 27 Chapman,
804 2029 36 21 the
851 2029 44 22 late
905 2031 78 22 Editor
998 2033 26 21 of
1034 2032 43 25 this
1092 2035 100 29 Journal,
1210 2038 41 21 has

671 2055 55 21 been
743 2056 120 27 appointed
883 2057 66 22 Chief
962 2059 83 23 Justice
1061 2063 24 20 of
1102 2062 146 28 Wellington:

671 2083 47 20 that
728 2085 37 19 the
781 2083 157 23 Conservative
954 2085 151 26 Government
1121 2088 40 23 ha
1164 2088 36 24 3so
1217 2092 34 21 far

669 2109 107 26 forgotten
796 2110 59 21 what
874 2118 44 14 was
936 2112 43 21 due
1000 2120 20 15 to
1040 2119 61 23 parfy
1121 2117 62 26 spirit
1205 2119 45 21 and

668 2140 64 22 party
747 2135 80 26 claims,
848 2144 24 14 as
888 2140 21 18 to
925 2140 90 26 appoint
1033 2146 21 17 to
1070 2146 47 17 tm.t
1131 2143 119 28 important

669 2163 63 20 office
744 2170 11 13 a
764 2163 127 26 gentleman
902 2165 25 21 of
938 2167 99 26 opposite
1053 2169 98 25 political
1167 2172 81 25 princi-

667 2189 47 25 ples
726 2193 21 17 to
756 2189 140 28 themselves,
907 2192 35 21 for
952 2193 36 21 the
1003 2194 80 23 foolish
1097 2203 89 16 reasons
1203 2198 47 22 that

668 2217 27 19 he
707 2223 44 14 was
760 2223 13 14 a
782 2224 51 14 man
845 2217 26 21 of
878 2222 85 18 mature
970 2220 135 29 judgement,
1114 2224 25 21 of
1146 2224 103 22 acknow-

667 2244 81 25 ledged
762 2244 98 21 business
880 2245 100 27 abilities,
1001 2249 26 20 of
1045 2250 135 26 respectable
1198 2259 50 15 con-

667 2276 82 14 nexion
766 2278 81 19 among
868 2272 38 21 the
920 2273 134 24 inhabitants
1105 2276 37 23 the
1161 2278 79 28 colony

666 2303 54 15 over
739 2296 69 22 which
826 2298 29 21 he
876 2306 42 14 was
936 2302 122 24 appointed
1076 2306 22 19 to
1119 2304 56 22 have
1190 2306 50 26 lega

662 2324 146 26 jurisdiction,
826 2325 45 21 and
888 2326 25 20 of
923 2326 52 28 long
992 2329 44 22 and
1048 2330 82 22 minute
1141 2333 106 26 acquain-

666 2353 65 19 tance
743 2351 50 21 with
804 2351 37 21 the
851 2353 169 24 circumstances
1030 2357 25 20 of
1066 2357 55 22 New
1137 2358 99 24 Zealand

666 2380 28 18 its
704 2377 69 22 whole
783 2384 109 21 progress,
908 2380 37 21 the
964 2382 116 28 principles
1094 2391 31 15 on
1139 2386 71 22 which
1230 2388 18 20 it

666 2411 45 14 was
730 2405 132 22 constituted
880 2413 13 14 a
907 2407 87 28 colony,
1010 2410 52 27 and,
1080 2417 22 16 as
1118 2411 33 22 far
1166 2420 23 14 as
1200 2413 47 23 that

665 2432 127 25 knowledge
803 2433 106 31 migh£be
921 2437 106 24 expected
1040 2441 22 18 to
1071 2439 99 27 warrant,
1190 2440 56 26 fully

664 2459 104 26 qualified
779 2461 21 19 to
810 2461 144 24 superintend
970 2463 36 22 the
1020 2464 92 26 judicial
1129 2466 46 22 and
1192 2467 51 22 civil

665 2492 106 14 concerns
783 2485 25 22 of
817 2486 39 21 the
872 2487 111 24 colonists.
1021 2491 46 22 The
1082 2490 111 24 'Standard
1201 2495 46 21 and

665 2511 37 22 the
721 2513 98 26 Morning
836 2514 87 21 Herald
939 2515 64 29 have,
1022 2518 18 21 it
1058 2525 49 21 may
1125 2521 26 21 be
1168 2524 39 18 out
1224 2522 26 21 of

664 2539 84 22 similar
765 2544 63 23 party
846 2541 68 27 spirit,
932 2542 111 25 defended
1058 2546 36 22 the
1111 2551 36 17 act
1164 2548 25 21 of
1207 2548 38 22 the

663 2571 152 20 government.
845 2567 42 22 Wo
896 2568 51 23 look
956 2577 59 21 upon
1027 2572 81 22 thelwt
1119 2581 23 14 as
1152 2582 14 14 a
1171 2575 74 21 favor-

664 2593 52 21 able
728 2600 47 20 sign
791 2594 25 21 of
828 2594 37 21 the
880 2595 91 22 times—
972 2605 24 14 as
1011 2606 43 15 one
1069 2600 25 22 of
1108 2600 38 22 the
1167 2602 78 22 tokens

663 2620 50 20 that
721 2624 156 23 governments
893 2629 36 14 are
944 2624 135 30 beginning*
1083 2620 22 32 fe
1121 2627 63 23 learn
1198 2629 47 22 that

664 2647 54 24 they
734 2651 57 18 must
812 2655 28 14 no
857 2648 78 28 longer
954 2654 80 24 permit
1043 2652 138 24 -themselves

662 2680 53 19 give
725 2680 29 21 up
763 2677 22 18 to
794 2678 66 24 party
870 2676 58 21 what
937 2685 45 14 was
991 2683 76 19 meant
1071 2680 34 22 for

697 2706 142 32 Despatches
852 2709 35 23 for
898 2709 37 24 the
948 2711 125 30 Governor
1078 2710 23 27 <#
1116 2715 58 24 New
1186 2716 57 24 Zea-

664 2739 54 24 land
730 2748 56 16 were
798 2746 50 18 sent
865 2742 58 24 from
942 2741 39 27 the
1001 2735 100 46 Csoni|l
1123 2749 75 24 Office
1215 2758 30 16 on

649 2783 1 29 j
663 2772 37 23 the
725 2774 56 23 26th
805 2775 24 22 of
855 2775 103 33 January
968 2787 6 20 ;
1004 2772 106 35 a^aU#-
1124 2782 55 24 hear
1195 2783 49 24 that

663 2805 131 32 despatches
807 2808 29 30 by
850 2809 37 23 the
895 2808 67 26 Bella
971 2807 171 36 Marifaihie
1163 2817 81 23 landed

662 2844 23 18 at
697 2840 56 23 New
764 2841 136 30 Plymouth,-
907 2844 45 24 and
964 2852 50 17 sent
1120 2849 123 25 Auckland

662 2873 30 30 by
704 2881 101 23 express.
840 2875 31 24 In
883 2876 28 23 all
924 2871 274 45 probabiliiy^|erefore,
1210 2892 33 15 we

661 2905 59 24 shall
732 2908 84 22 receive
829 2908 38 24 the
878 2911 134 29 particulars
1022 2915 26 22 of
1056 2906 63 33 'ttetr
1137 2921 104 20 contents

661 2939 29 31 by
700 2940 38 23 the
751 2940 155 26 Government
916 2944 52 32 brig
983 2946 106 36 Victoria]
1102 2949 75 25 which
1189 2958 53 24 may

661 2972 26 23 be
700 2975 106 30 expected
817 2976 24 22 in
853 2983 14 15 a
880 2976 40 24 few
932 2978 64 30 days.
1026 2982 10 10 '•
1052 2977 16 8 ''
1080 2970 9 34 .'

695 3006 43 24 We
759 3015 35 18 are
816 3008 77 32 happy
912 3014 22 19 to
956 3012 28 24 be
1004 3014 50 24 able
1067 3012 21 35 tcj
1099 3021 57 19 state
1168 3017 49 23 that
1228 3026 13 15 a

659 3038 67 25 letter
735 3042 101 23 received
848 3043 31 30 by
888 3043 38 24 the
944 3044 66 25 Bella
1026 3047 102 33 Marina,
1149 3050 59 24 from
1228 3059 13 16 a

660 3074 100 23 member
779 3075 24 22 of
817 3075 38 24 the
876 3079 131 24 mercantile
1019 3081 51 24 firm
1084 3083 27 23 'in
1132 3083 108 32 England

659 3112 59 17 most
740 3107 77 32 deeply
834 3109 124 25 interested
980 3113 23 23 in
1026 3114 68 34 jhisf
1099 3116 137 31 settlement,

659 3141 83 29 speaks
753 3141 116 32 hopefully
881 3144 24 23 of
920 3145 38 23 the
969 3149 115 30 prospects'
1101 3149 26 24 of
1141 3158 41 16 our
1193 3151 45 23 flax

659 3173 71 23 trade.

693 3206 51 24 Her
753 3208 100 32 Majesty
866 3210 43 23 had
927 3213 100 24 received
1046 3214 37 26 the
1101 3217 47 23 side
1167 3217 70 24 board

658 3239 65 24 made
734 3241 90 24 hereof
838 3244 75 23 native
925 3246 83 29 woods,
1022 3248 44 23 and
1074 3255 50 18 sent
1135 3250 66 23 home
1214 3252 23 23 in

657 3271 38 25 the
704 3271 116 27 Ck'deside
829 3283 25 16 as
862 3285 13 14 a
881 3283 99 25 present,
993 3280 29 30 by
1031 3281 38 24 the
1078 3283 127 25 merchants
1215 3284 26 24 of

657 3304 45 25 this
713 3308 64 29 place
787 3316 6 20 ;
812 3309 44 23 and
867 3318 32 15 we
907 3310 55 25 hear
973 3313 41 24 her
1026 3314 99 33 Majesty
1137 3316 45 24 had
1194 3325 40 16 ex-

656 3340 97 30 pressed
760 3341 40 23 her
810 3343 146 31 approbation
968 3346 26 23 of
1008 3347 39 24 the
1057 3356 70 18 same.

690 3373 69 23 Some
782 3374 72 24 tables
874 3384 56 16 were
1041 3381 52 25 here
1116 3383 26 24 of
1162 3384 75 23 native

656 3414 18 15 w
672 3428 3 6 r
676 3407 64 28 oods,
753 3407 41 24 aud
808 3410 51 21 sent
870 3409 66 26 home
948 3412 35 23 for
995 3413 55 25 sale.
1081 3414 46 26 We
1140 3425 39 16 are
1191 3417 45 24 told

655 3440 54 30 they
728 3445 47 19 cost
791 3441 55 25 £10
865 3443 62 30 each,
947 3446 44 23 and
1000 3447 49 24 sold
1060 3448 33 24 for
1103 3450 55 24 £40
1172 3452 62 23 each.

656 3472 58 24 This
725 3473 64 24 looks
801 3475 59 24 well.
907 3472 86 46 In||ed
1005 3481 25 23 of
1045 3481 36 25 the
1092 3483 144 25 information

654 3507 123 30 generally,
788 3515 34 16 we
833 3516 54 24 may
897 3505 66 36 statt,
975 3513 18 23 it
1000 3520 62 18 must
1068 3516 27 23 be
1104 3518 132 24 considered

655 3540 150 33 satisfactory.

688 3573 69 24 Since
765 3576 123 31 preparing
896 3576 37 24 the
942 3577 119 35 foregoing
1109 3583 58 24 have
1178 3584 57 24 been

654 3605 80 32 kindly
746 3607 106 25 favoured
864 3610 54 23 with
929 3618 14 16 a
954 3611 56 26 New
1016 3614 104 26 Zealand
1128 3616 106 31 Journal,

653 3640 45 22 and
712 3647 12 15 a
732 3640 109 24 'Colonial
860 3642 94 24 Gazette
965 3645 25 24 of
1005 3647 38 24 the
1055 3649 40 23 3rd
1107 3650 126 32 February,

654 3671 38 24 the
703 3671 68 25 latest
781 3681 81 23 papers
871 3683 33 16 we
913 3677 85 26 believe
1010 3681 23 23 in
1045 3681 42 33 the,
1094 3683 88 32 colony,
1191 3686 43 23 and

652 3705 59 23 from
723 3706 71 23 which
806 3715 33 15 we
850 3708 68 24 make
929 3710 39 24 the
979 3704 124 44 subjoined,
1107 3722 109 20 extracts.

684 3738 26 24 A
719 3739 75 30 public
810 3743 100 30 meeting
921 3743 26 24 of
949 3753 108 24 .persons,
1064 3750 130 31 favourable
1211 3757 22 19 to

652 3771 36 24 the
701 3772 119 24 formation
831 3774 24 23 of
872 3775 57 24 New
941 3771 148 41 Edinburgh!
1097 3783 55 24 took
1169 3784 64 30 place

650 3810 23 18 at
697 3805 116 32 Glasgow,
834 3815 30 15 on
888 3809 37 24 the
947 3812 58 23 24th
1027 3811 108 35 January.
1184 3818 47 25 Mr.

650 3838 91 24 Rennie
751 3847 57 23 gave
817 3848 94 17 reasons
921 3843 37 24 for
968 3846 113 33 deeming;
1090 3849 38 23 the
1140 3850 92 26 Wairau

650 3871 124 30 Massacre,
795 3874 155 31 unimportant
970 3882 23 19 to
1011 3880 63 24 those
1088 3884 101 30 engaged
1208 3887 23 22 in

648 3904 37 25 the
703 3906 120 24 formation
842 3909 25 21 of
886 3909 37 23 the
942 3918 50 16 new
1012 3908 71 29 settl^
1093 3920 56 19 lent.
1193 3918 39 24 He

648 3938 117 24 described
776 3939 37 23 the
823 3948 169 23 arrangements
1004 3946 25 23 of
1043 3946 37 24 the
1095 3955 47 16 new
1154 3951 77 25 settle

1301 3283 23 23 It
1335 3284 20 23 is
1368 3289 22 19 to
1402 3285 38 24 the
1459 3287 100 24 interest-
1566 3289 23 23 of
1605 3290 38 23 the
1655 3291 89 24 settlers
1758 3292 49 24 that
1824 3294 23 24 al

1266 3317 89 23 articles
1379 3318 71 24 which
1473 3328 42 16 can
1538 3322 27 22 be
1592 3323 171 26 manufactured
1786 3332 23 17 at
1838 3336 12 15 a

1266 3349 95 32 cheaper
1381 3358 46 17 rate
1446 3360 28 16 on
1496 3354 36 23 the
1552 3360 59 27 spot-
1622 3356 57 24 than
1699 3358 52 31 they
1763 3367 42 17 can
1822 3361 28 24 be

1264 3383 119 31 imported,
1405 3385 49 24 that
1474 3386 55 31 they
1539 3388 82 24 should
1640 3389 28 24 be
1686 3392 65 24 made
1769 3393 24 24 in
1811 3394 39 24 the

1267 3416 94 32 Colony.
1406 3419 60 31 Soap
1489 3420 43 23 and
1557 3422 91 23 candles
1669 3432 84 24 appear
1775 3432 22 18 to
1821 3428 28 23 be

1266 3456 62 17 cases
1346 3450 24 23 in
1388 3452 70 30 point.
1494 3452 45 24 Fat
1560 3455 19 23 is
1595 3457 106 30 required
1711 3459 52 23 with
1775 3461 74 24 which

1265 3487 22 19 to
1299 3483 67 23 make
1386 3484 68 30 them,
1467 3486 43 24 and
1529 3494 43 17 can
1590 3489 29 23 be
1630 3490 45 23 had
1687 3496 23 19 at
1723 3499 91 24 present
1826 3499 23 19 to

1265 3523 61 16 some
1358 3522 76 19 extent
1461 3518 59 26 from
1548 3521 107 25 butchers
1666 3534 3 5 -
1684 3525 45 23 and
1761 3528 88 30 private

1264 3549 96 24 families
1370 3559 6 20 ;
1401 3551 43 24 and
1457 3560 51 24 may
1520 3554 28 23 be
1560 3555 43 23 had
1614 3556 120 32 hereafter,
1746 3562 103 31 possibly

1264 3588 22 17 to
1298 3591 29 16 an
1339 3584 117 25 unlimited
1468 3591 86 25 extent,
1566 3588 57 25 from
1640 3598 95 23 persons
1746 3596 101 29 engaged

1262 3616 24 24 in
1304 3617 120 32 rendering
1443 3619 52 31 pigs
1513 3621 50 23 into
1581 3622 56 25 lard.
1675 3624 29 25 In
1724 3626 37 24 the
1780 3635 67 17 mean

1262 3650 62 28 time,
1342 3650 19 24 it
1380 3652 90 30 maybe
1490 3654 103 24 obtained
1611 3657 60 25 from
1694 3659 57 24 New
1772 3661 75 25 South

1262 3682 79 25 Wales
1358 3689 24 19 at
1400 3686 54 23 £28
1472 3694 41 24 per
1532 3692 47 25 ton,
1598 3697 25 16 or
1635 3690 64 25 three
1718 3701 70 22 pence
1805 3703 41 20 per

1262 3717 84 28 pound.

1296 3750 35 24 To
1342 3751 67 24 make
1421 3760 62 24 soap,
1496 3754 24 23 in
1531 3755 101 25 addition
1643 3762 23 19 to
1683 3758 40 30 fat,
1736 3768 27 16 an
1775 3761 70 24 alkali

1261 3783 19 23 is
1304 3784 111 31 required.
1451 3786 50 24 The
1523 3788 62 31 right
1604 3790 65 31 kind,
1695 3800 34 16 we
1750 3794 94 30 believe,

1261 3824 52 25 may
1324 3817 27 24 be
1371 3817 45 25 had
1426 3819 59 25 from
1504 3825 44 19 two
1567 3830 98 18 sources.
1702 3826 25 23 It
1743 3827 20 23 is
1774 3827 71 25 found

1262 3850 48 24 that
1320 3851 39 23 the
1372 3852 49 23 best
1431 3853 48 25 fuel
1490 3854 35 24 for
1537 3856 75 31 trying
1629 3863 40 18 out
1681 3859 30 23 oil
1722 3860 20 22 is
1753 3860 59 25 what
1824 3863 20 22 is

1261 3883 71 25 called
1344 3892 110 25 scraps—
1455 3895 25 16 or
1492 3888 37 24 the
1542 3889 52 24 skin
1606 3891 25 23 of
1641 3892 39 23 the
1691 3892 78 26 whale.
1793 3895 51 23 The

1261 3917 64 22 ashes
1344 3917 58 25 from
1413 3919 45 24 this
1469 3921 56 29 fire,,
1531 3944 4 8 t
1541 3929 36 23 we,
1593 3931 38 16 are
1652 3925 37 23 led
1707 3931 23 18 to
1747 3927 96 30 believe,

1259 3949 61 29 yield
1338 3957 15 15 a.
1370 3950 62 31 large
1448 3955 131 28 proportion
1598 3957 26 22 of
1641 3964 56 23 very
1709 3964 79 27 strong
1805 3962 37 28 He,

591 30 95 49 SPft*
711 33 116 41 W*to
853 34 209 40 Ztzimu
1085 37 190 47 &amtt
1301 35 90 43 &to
1415 40 301 46 mtmtwon
1739 40 256 46 gypittator.

1303 133 72 18 mem
1379 135 24 15 as
1417 135 52 24 very
1482 131 100 30 superior
1601 134 27 20 to'
1645 131 64 24 those
1729 133 70 24 under
1809 134 73 25 which

1303 160 98 30 existing
1410 162 139 25 settlements
1563 171 55 16 were
1629 161 95 27 formed.
1783 166 48 24 For
1842 176 40 16 ex-

1410 194 29 23 he
1457 195 85 29 said,'"
1553 197 23 23 in
1596 195 39 25 the
1647 197 139 32 Wellington
1804 201 78 24 settle-

1302 230 67 24 ment,
1382 227 79 30 people
1473 236 56 16 were
1549 234 49 19 sent
1619 234 40 19 out
1676 234 23 19 to
1717 231 111 30 cultivate,
1842 234 40 23 but

1301 265 28 16 no
1347 259 65 23 roads
1425 268 25 14 or
1468 261 92 31 bridges
1576 270 57 16 were
1818 263 64 33 [2%e

1302 289 111 33 Company
1424 292 57 24 have
1497 294 77 24 known
1592 295 47 24 this
1657 296 74 30 defect
1742 296 46 31 for
1804 305 76 23 years,

1299 324 45 22 and
1354 324 83 33 though
1448 326 51 31 they
1511 328 67 23 claim
1589 330 110 27 450,000
1711 337 63 15 acres
1785 331 31 30 of
1828 331 54 23 land

1292 355 67 29 from
1370 357 37 23 the
1421 359 147 24 Government
1584 361 24 23 in
1624 361 164 24 consideration
1800 363 30 28 of
1843 364 38 23 the

1298 396 76 24 money
1381 390 59 31 paid
1450 392 58 23 them
1517 392 27 31 by
1557 393 36 23 the
1600 395 137 30 purchasers
1748 395 22 23 in
1779 395 38 23 the
1828 396 52 27 first

1298 422 45 23 and
1344 423 118 30 principal
1468 426 131 30 settlement,
1610 427 52 31 they
1670 427 57 24 have
1734 428 147 32 disregarded

1298 455 37 22 the
1344 455 53 24 ruin
1414 456 19 24 it
1443 457 43 24 has
1497 458 95 31 brought
1602 468 59 22 upon
1680 461 37 23 the
1727 462 98 29 settlers,
1839 462 36 23 be-

1297 495 65 16 cause
1370 488 19 24 it
1400 497 46 16 was
1455 494 40 20 not
1505 491 23 23 in
1541 492 36 23 the
1588 492 65 25 bond.
1689 493 49 24 But
1752 502 77 22 they/,
1842 495 38 23 the

1296 521 147 25 unchurtered
1455 523 120 32 Company,
1588 526 48 23 will
1645 529 39 27 yet
1699 526 49 29 find
1757 527 62 24 there
1831 535 48 16 was

1296 561 61 15 more
1368 554 23 23 in
1408 555 37 23 the
1454 556 58 24 bond
1527 556 54 24 than
1600 559 52 30 they
1661 560 57 22 have

1321 587 98 31 Though
1426 591 134 30 possessing
1568 599 27 15 an
1606 592 113 24 excellent
1727 594 97 24 harbour
1834 595 44 23 and

1295 628 14 14 a
1320 620 48 23 rich
1380 622 49 29 soil,
1506 623 38 23 the
1555 624 95 24 absence
1660 626 26 22 of
1695 627 63 22 these
1769 629 107 22 conveni-

1295 660 66 16 ences
1374 662 66 23 many
1452 653 90 35 [most]
1558 656 24 23 of
1598 657 38 24 the
1649 659 89 23 settlers
1749 667 58 17 were
1819 669 57 15 una-

1295 686 35 23 ble
1343 691 22 18 to
1385 693 37 24 get
1435 693 22 18 to
1478 689 58 23 their
1548 689 71 30 lands,
1638 691 42 24 but
1691 693 23 22 in
1727 693 54 23 New
1802 694 74 23 Edin-

1294 719 73 31 burgh
1386 720 48 24 that
1449 722 111 32 difficulty
1572 722 42 25 had
1636 724 55 24 been
1711 726 108 30 obviated,
1833 728 43 22 and

1294 752 38 23 the
1340 753 160 26 circumstance
1512 757 74 23 would
1595 757 63 24 work
1666 764 60 18 most
1734 759 142 33 beneficially

1292 786 36 23 for
1344 786 38 23 the
1533 789 51 24 The
1598 792 120 23 miminum
1739 792 44 24 this
1796 794 80 31 colony

1292 819 73 24 would
1378 821 41 23 sail
1431 822 53 23 with
1502 823 73 23 would
1592 823 28 24 be
1641 827 49 21 500
1701 826 87 30 people.
1824 827 51 23 The

1294 851 137 33 Company's
1447 856 59 29 good
1525 856 123 24 intentions
1659 866 58 15 were
1734 860 101 24 asserted
1846 869 29 15 on

1292 885 38 24 the
1341 887 86 29 ground
1439 888 24 23 of
1473 896 28 16 an
1514 889 133 25 arbitration
1658 891 76 24 clause
1747 896 20 20 to
1779 893 39 23 the
1830 893 45 24 fol-

1291 917 84 33 lowing
1394 920 73 25 effect.
1584 931 51 16 case
1656 924 25 23 of
1699 933 43 21 any
1755 925 120 25 difference

1292 952 85 31 arising
1395 954 99 24 between
1515 956 38 23 the
1572 957 118 30 Company
1701 956 43 24 and
1763 966 44 23 any
1818 968 55 22 pur-

1292 985 87 29 chaser,
1396 987 54 23 with
1469 994 90 26 respect
1579 994 23 19 to
1622 991 39 22 the
1680 993 153 22 construction
1852 993 24 23 of

1291 1018 64 24 these
1370 1025 111 25 presents,
1494 1030 26 15 or
1539 1023 38 23 the
1598 1025 118 21 execution
1729 1025 25 23 of
1768 1025 38 23 the
1819 1034 54 15 con-

1290 1055 58 20 tract
1365 1055 24 20 to
1400 1053 28 23 be
1446 1055 65 23 made
1528 1056 101 24 between
1650 1057 38 23 the
1707 1058 90 30 parties,
1816 1060 57 23 such

1285 1083 124 26 'difference
1421 1087 58 23 shall
1490 1088 28 23 be
1528 1088 92 25 decided
1638 1090 30 31 by
1680 1095 42 19 two
1734 1091 137 32 arbitrators,

1288 1126 45 16 one
1344 1124 23 18 to
1386 1119 29 23 be
1435 1122 80 22 named
1533 1121 32 31 by
1575 1123 54 22 each
1650 1129 66 25 party
1727 1133 5 20 ;
1757 1133 24 15 or
1800 1126 29 30 by
1843 1135 29 15 an

1288 1152 96 30 umpire,
1393 1158 22 18 to
1426 1153 28 24 be
1467 1155 80 23 named
1558 1156 28 30 by
1595 1156 37 22 the
1821 1160 51 23 The

1290 1192 47 16 new
1349 1186 80 31 colony
1438 1194 45 16 was
1494 1192 22 19 to
1528 1188 56 23 have
1596 1197 14 15 a
1621 1190 58 29 good
1689 1197 50 23 port
1739 1204 31 4 —
1796 1200 13 15 a
1821 1199 51 25 port

1289 1219 152 24 commodious
1460 1222 36 22 for
1516 1221 106 32 shipping
1633 1231 6 20 ;
1662 1224 44 22 and
1724 1225 76 23 before
1818 1227 54 30 they

1288 1253 88 23 arrived
1388 1253 36 23 the
1441 1261 127 23 surveyors,
1587 1255 48 24 who
1647 1264 58 16 were
1716 1265 46 16 now
1774 1262 25 19 at
1809 1260 63 23 work

1288 1282 113 35 [January
1423 1286 54 33 24,]
1499 1289 75 23 would
1595 1290 57 23 have
1681 1292 108 30 surveyed
1812 1293 59 23 their

1288 1323 58 19 town
1358 1321 104 28 sections,
1476 1323 42 22 and
1540 1323 113 23 sufficient
1672 1323 54 24 land
1744 1330 21 18 to
1784 1334 87 23 occupy

1287 1352 61 23 them
1360 1352 35 23 for
1410 1356 28 21 12
1602 1356 52 24 The
1667 1357 56 23 New
1734 1357 136 34 Edinburgh

1286 1385 89 23 settlers
1389 1387 42 23 will
1448 1388 47 22 find
1516 1389 58 23 New
1594 1390 101 24 Zealand
1716 1399 13 15 a
1741 1399 52 23 very
1810 1394 59 30 good

1286 1423 102 26 country,
1397 1420 40 23 but
1448 1421 48 22 that
1504 1422 37 22 the
1552 1423 138 32 Company's
1701 1432 168 25 arrangements

1285 1459 38 15 are
1336 1457 38 18 not
1385 1453 60 30 quite
1465 1462 25 15 so
1502 1456 108 31 complete
1623 1465 13 14 a
1656 1457 48 24 Mr.
1718 1458 89 25 Rennie
1825 1460 43 23 im-

1285 1486 86 27 agines.

1441 1540 265 25 AGRICULTURE.

1912 135 72 23 which
1995 136 62 30 migh
2069 136 28 24 be
2109 138 53 22 used
2176 138 23 23 in
2211 138 49 24 that
2270 140 65 31 form,
2348 151 24 16 or
2389 154 76 23 convert

1911 168 28 23 ed
1950 169 47 23 into
2008 173 40 26 pot
2058 169 45 23 and
2114 171 63 30 pearl
2188 172 75 24 ashes.
2298 174 43 24 We
2350 184 36 17 are
2398 187 65 22 assure
2468 190 2 19 1

1911 201 49 24 that
1970 201 39 24 the
2020 202 93 23 whalers
2128 203 82 31 always
2224 205 87 25 cleanse
2324 208 55 24 their
2391 213 71 28 clothin

1909 234 59 24 from
1988 234 37 24 the
2044 235 29 23 oil
2085 235 55 24 with
2157 237 74 23 which
2242 239 18 22 it
2271 240 19 21 is
2307 240 130 35 besmeared,
2452 230 18 44 b^

1909 268 69 30 using
2002 275 14 15 a
2037 268 98 23 solution
2157 270 65 23 made
2245 271 56 24 from
2325 274 37 23 the
2383 279 60 25 ashes
2456 262 14 45 j!

1909 301 114 28 question.

1943 333 46 24 Pot
1999 334 44 23 and
2053 335 64 31 pearl
2127 336 67 23 ashes
2207 336 70 24 alkali
2288 339 20 22 is
2324 344 109 31 generally
2443 350 20 23 ob

1909 366 77 23 tamed
2003 367 58 23 from
2082 368 62 24 wood
2164 369 75 24 ashes.
2276 371 28 23 In
2325 372 80 26 former
2421 380 47 28 times

1909 398 38 23 the
1958 399 66 24 ashes
2036 402 126 30 remaining
2172 402 59 23 from
2251 403 97 33 burning
2360 410 58 22 wood
2430 419 38 22 used

1909 435 21 19 to
1943 431 27 24 be
1983 433 105 23 collected
2101 434 42 23 and
2155 437 120 29 preserved
2288 438 52 23 with
2352 447 49 17 care
2412 444 19 23 in
2444 449 16 22 th
2462 459 6 13 c

1908 469 94 26 country
2014 471 60 25 parts
2087 468 24 23 of
2130 467 108 31 England
2247 478 6 20 ;
2273 470 41 23 but
2325 471 37 24 the
2374 474 87 30 introduc

1908 497 25 23 of
1948 498 116 30 vegetable
2075 500 70 23 alkali
2155 501 60 24 from
2232 502 108 25 America
2351 513 25 15 so
2392 507 76 32 lowered

1908 529 37 24 the
1956 532 61 29 price
2028 531 25 23 of
2069 536 39 26 pot
2120 533 46 23 and
2182 535 63 29 pearl
2263 536 67 24 ashes
2344 538 25 23 in
2387 539 75 34 Europe

1908 563 48 24 that
1967 565 18 22 it
1998 565 78 22 ceased
2089 571 20 18 to
2129 566 27 23 be
2170 568 118 30 profitable
2301 575 23 18 to
2336 575 130 29 manufacture

1907 597 60 23 them
1991 601 22 19 in
2037 598 71 24 Great
2138 600 97 25 Britain.
2283 602 72 25 Wood
2378 606 19 22 is
2418 616 41 16 nev»
2461 623 5 14 r

1907 630 68 23 burnt
1995 632 25 21 in
2041 632 107 24 America
2171 634 53 23 with
2245 643 14 15 a
2277 637 57 22 view
2354 642 22 19 to
2395 642 71 27 making

1906 663 74 29 ashes,
2002 664 52 31 they
2074 673 37 15 are
2130 667 105 23 obtained
2253 668 59 24 from
2332 670 36 23 the
2388 667 77 36 district

1906 696 73 24 where
1990 697 110 31 clearings
2108 707 39 15 are
2159 700 69 31 being
2240 702 64 23 made
2314 703 53 24 with
2377 712 28 17 an
2412 709 54 29 object

1906 734 22 18 to
1947 731 142 30 agriculture.
2126 733 50 23 The
2187 733 96 25 farmers
2301 735 28 24 do
2348 742 38 19 not
2406 747 59 21 manu.

1905 762 85 25 facture
2002 764 37 23 the
2050 765 75 29 ashes,
2138 766 53 31 they
2202 767 90 31 dispose
2304 769 26 23 of
2338 769 38 24 the
2390 776 75 26 remains

1904 796 26 23 of
1939 797 37 23 the
1987 797 38 31 log
2044 798 76 32 heaps,
2134 803 23 19 at
2176 808 26 15 so
2223 802 67 22 much
2311 810 40 23 per
2363 803 79 34 bushel,
2452 817 12 18 to

1904 829 38 24 the
1963 836 89 18 nearest
2068 832 166 32 store-keeper,
2256 835 49 23 who
2322 836 42 23 has
2390 838 34 24 the
2438 850 25 15 an.

1903 868 93 25 paratus
2017 864 51 24 with
2089 865 72 24 which
2181 872 21 17 to
2221 867 77 24 make'
2308 874 38 26 pot
2364 871 43 23 and
2421 878 42 25 pearf

1903 896 74 29 ashes,
1988 897 37 23 the
2036 899 154 24 manufacture
2201 900 25 23 of
2233 902 73 22 which
2313 903 20 22 is
2340 905 123 34 exceedingly

1904 929 87 31 simple.
2038 931 43 23 We
2103 940 37 16 are
2163 935 105 28 ignorant
2290 937 127 31 respecting
2439 943 23 25 the

1903 966 78 19 extent
2001 967 21 18 to
2042 964 70 23 which
2134 965 36 23 the
2188 967 75 23 woods
2282 968 25 22 of
2322 966 45 26 this
2391 978 71 27 country-

1903 995 59 30 yield
1974 996 65 23 ashes
2048 1006 5 19 ;
2073 997 41 24 but
2126 1006 32 16 we
2176 999 58 24 have
2254 1001 62 23 been'
2322 1003 79 24 struck
2412 1011 19 18 at
2440 1010 22 23 the

1903 1029 144 31 remarkably
2057 1032 66 22 small
2136 1034 109 29 jquantity
2258 1034 26 23 of
2299 1036 141 27 ashes^which
2452 1044 10 22 is

1903 1062 36 23 the
1951 1063 90 23 residue
2052 1064 26 22 of
2096 1072 12 15 a
2126 1065 39 30 log
2181 1067 41 22 fire
2235 1074 24 16 as
2279 1070 120 30 compared
2410 1077 18 18 to
2440 1076 22 24 the

1901 1097 103 29 quantity
2016 1097 38 23 left
2067 1098 29 30 by
2107 1099 56 23 such
2176 1107 13 15 a
2200 1100 42 23 fire
2261 1101 23 22 in
2296 1101 108 25 America
2412 1114 5 19 ;
2434 1110 27 23 and

1901 1136 32 15 we
1946 1137 37 15 are
1995 1130 47 23 also
2059 1131 107 30 ignorant
2182 1141 26 15 as
2222 1138 21 18 to
2257 1134 98 25 whether
2369 1137 37 23 the
2417 1140 46 26 ashes

1901 1161 24 23 of
1944 1162 45 23 this
2009 1170 94 24 country
2122 1166 73 23 would
2219 1167 60 30 yield
2299 1177 14 14 a
2332 1169 74 31 larger
2426 1181 18 15 or
2456 1183 7 15 a

1900 1196 91 22 smaller
2002 1199 128 29 proportion
2143 1199 26 23 of
2177 1206 39 24 pot
2226 1201 43 23 and
2280 1202 63 29 pearl
2352 1203 64 24 ashes
2428 1206 35 26 than

1901 1228 62 23 those
1977 1229 25 23 of
2009 1229 114 25 America.
2162 1232 22 24 It
2195 1234 75 23 would
2281 1235 28 23 be
2321 1236 50 23 well
2383 1242 21 18 to
2415 1241 48 24 make

1900 1269 62 15 some
1974 1264 158 29 experiments,
2146 1265 35 24 for
2191 1267 23 23 if
2229 1269 133 29 su«cessful,
2374 1276 38 18 not
2427 1274 36 31 only

1899 1295 73 30 might
1984 1297 37 22 the
2032 1297 57 24 local
2102 1298 95 25 demand
2209 1301 35 22 for
2256 1301 66 24 ashes
2334 1302 28 24 be
2372 1306 91 31 supplied,

1899 1328 40 23 but
1955 1337 13 15 a
1983 1330 58 29 good
2061 1337 80 25 export
2162 1332 97 29 dema/id
2278 1335 35 24 for
2330 1337 67 23 ashes
2414 1344 17 17 to
2446 1340 17 24 be

1899 1366 50 19 sent
1972 1367 21 18 to
2017 1363 36 24 the
2075 1364 134 26 Australian
2235 1368 104 24 Colonies
2350 1369 2 6 '
2363 1371 42 23 and
2424 1373 38 23 Van

1898 1394 118 25 Diemen's
2035 1397 66 24 Land
2120 1399 71 24 would
2204 1401 67 24 arise.
2308 1402 44 23 Pot
2365 1404 42 23 and
2417 1408 46 28 pearl

1897 1428 66 24 ashes
1984 1431 55 22 used
2059 1436 23 18 to
2101 1431 26 24 be
2146 1441 28 14 on
2194 1434 39 23 the
2252 1443 93 23 average
2364 1439 72 28 worth,
2447 1441 16 23 in

1897 1462 38 22 the
1948 1462 100 31 English,
2065 1465 97 30 market,
2175 1467 60 23 from
2254 1470 54 23 £28
2329 1474 20 18 to
2368 1471 51 24 £30
2435 1481 28 23 per

1897 1499 38 19 ton
1943 1504 5 19 ;
1963 1504 40 15 nor
2015 1505 37 16 are
2063 1505 33 16 we
2107 1507 72 16 aware
2191 1501 50 23 that
2253 1510 44 23 any
2307 1503 156 27 circumstances

1896 1528 57 24 have
1974 1531 98 30 recently
2085 1531 95 25 affected
2198 1534 50 24 that
2266 1544 103 24 average.
2404 1539 60 25 Ashes

1893 1563 92 122 (sting
2004 1564 55 23 such
2078 1565 75 30 prices
2165 1568 66 23 could
2244 1574 39 18 not
2302 1570 28 23 be
2343 1571 92 31 brought
2449 1578 15 20 to

1925 1602 29 18 m
1975 1596 71 24 South
2061 1598 76 24 Wales
2150 1600 43 23 and
2206 1601 57 23 New
2276 1603 107 29 Zealand,
2397 1607 38 22 and
2445 1607 18 24 be

1925 1625 19 26 IB
1956 1634 23 18 to
1991 1630 69 24 afford
2072 1639 13 15 a
2104 1632 115 25 moderate
2239 1637 74 29 profit,
2327 1641 22 19 at
2367 1638 44 23 less
2422 1640 41 24 than

1894 1667 69 22 ..out
1981 1664 53 23 £40
2053 1672 13 15 a
2085 1670 45 23 ton,
2144 1667 73 23 which
2231 1671 159 30 consequently
2403 1673 16 22 is
2436 1674 27 23 the

1894 1694 91 31 highest
2000 1698 61 30 price
2071 1698 73 24 which
2164 1700 38 24 the
2222 1703 110 30 producer
2347 1704 53 24 here
2411 1707 52 23 could

1894 1734 87 25 expect,
1994 1738 28 15 on
2035 1738 28 16 an
2075 1740 102 23 average,
2191 1734 34 24 for
2237 1736 45 23 this
2294 1737 77 24 article
2383 1739 19 22 if
2410 1742 53 22 made

1894 1769 28 15 on
1935 1763 38 23 the
1986 1770 59 23 spot.

1927 1801 29 23 Iv
1968 1802 98 25 addition
2078 1808 23 19 to
2112 1805 39 29 fat,
2167 1812 21 17 to
2209 1808 67 23 make
2289 1810 97 29 candles,
2400 1819 61 16 some-

1893 1834 65 31 thing
1969 1836 34 23 for
2023 1845 14 14 a
2057 1838 57 23 wick
2134 1839 73 24 would
2224 1841 28 23 be
2264 1843 91 23 needed.
2393 1845 68 24 Cotton

1892 1868 58 23 wick
1963 1869 63 23 could
2038 1876 39 16 not
2100 1872 25 21 be
2146 1873 110 31 imported
2275 1876 43 23 and
2331 1878 48 22 sold
2392 1879 48 22 with
2455 1888 6 14 a

1893 1902 112 24 moderate
2025 1904 67 29 profit
2104 1905 71 24 under
2187 1912 43 18 two
2243 1909 104 31 shillings
2359 1919 14 14 a
2390 1913 71 29 pound.

1894 1935 60 30 Why
1965 1936 65 23 could
2043 1945 11 14 a
2073 1938 57 23 wick
2150 1945 38 18 not
2206 1941 28 23 be
2255 1943 64 23 made
2337 1944 58 23 from
2408 1945 41 23 flax
2456 1947 5 23 ?

1891 1967 24 21 It
1929 1975 41 14 Ci«
1991 1969 152 24 bd-reVlei-eti
2164 1981 25 13 ns
2209 1975 47 20 due
2270 1982 31 14 -as
2317 1977 45 21 isiik
2379 1979 35 19 for
2431 1985 30 14 one

1890 1998 94 32 shilling
1994 2008 41 23 per
2047 2003 74 28 pound
2130 2012 6 19 ;
2157 2005 43 22 and
2212 2013 14 14 a
2238 2006 73 24 friend
2323 2012 21 18 to
2356 2008 70 23 whom
2438 2018 23 15 we

1890 2032 71 30 spoke
1974 2041 28 14 on
2018 2034 36 23 the
2071 2036 88 30 subject
2178 2038 38 23 the
2235 2039 62 24 other
2318 2040 42 31 day
2377 2043 61 23 made
2453 2052 8 14 a

1891 2066 50 22 trial
1962 2067 24 22 of
2004 2075 13 14 a
2036 2068 47 23 flax
2101 2070 57 23 wick
2177 2071 33 23 for
2229 2080 28 15 au
2275 2074 30 22 oil
2322 2074 89 30 burner,
2426 2078 35 21 and

1889 2099 70 23 found
1977 2100 18 22 it
2014 2109 85 16 answer
2118 2105 117 29 perfectly.
2273 2106 24 24 If
2313 2107 106 25 therefore
2431 2110 30 22 the

1889 2132 47 24 flax
1948 2133 57 23 wick
2017 2135 42 22 will
2071 2143 94 22 answer,
2178 2139 17 21 it
2207 2139 19 22 is
2240 2140 109 24 desirable
2362 2146 21 18 to
2395 2144 46 28 give
2450 2149 11 16 it

1889 2173 14 14 a
1922 2166 135 30 preference,
2070 2168 97 25 because
2186 2172 16 22 it
2224 2180 40 15 can
2286 2174 27 22 be
2332 2174 44 24 had
2391 2181 21 17 at
2423 2177 38 22 half

1888 2200 70 29 price,
1972 2200 43 23 and
2035 2201 95 25 because
2151 2204 16 23 it
2188 2205 71 23 limits
2277 2206 36 23 the
2332 2208 91 24 demand
2439 2217 22 16 on

1889 2233 38 22 the
1948 2241 79 24 purses
2050 2235 25 22 of
2096 2236 36 23 the
2162 2238 108 24 colonists
2299 2241 34 23 for
2361 2243 99 30 imported

1888 2267 98 23 articles.
2022 2267 61 25 True
2096 2269 17 23 it
2134 2271 19 22 is
2166 2271 37 24 the
2224 2280 51 16 sum
2296 2275 83 23 needed
2392 2282 20 17 to
2424 2277 35 22 im-

1886 2305 52 25 port
1949 2306 75 18 cotton
2036 2301 59 24 wick
2107 2304 53 22 with
2173 2306 73 22 which
2267 2312 22 18 to
2302 2309 65 23 make
2385 2309 28 23 all
2430 2311 30 22 the

1887 2334 92 24 candles
1991 2336 103 29 required
2116 2337 22 23 in
2151 2338 37 23 the
2200 2339 80 31 colony
2293 2342 72 23 would
2377 2342 26 23 be
2415 2351 44 22 very

1887 2367 66 24 small
1963 2377 6 19 ;
1998 2369 40 22 but
2056 2377 25 16 as
2101 2371 36 22 the
2155 2372 80 31 colony
2247 2365 27 31 is*
2279 2375 44 23 and
2334 2376 19 22 is
2365 2375 66 32 likely
2442 2384 16 15 to

1887 2401 27 23 be
1934 2409 56 22 poor
2008 2401 35 24 for
2064 2411 73 22 years,
2159 2413 110 24 economy
2287 2415 54 16 even
2364 2410 20 22 in
2403 2410 54 23 small

1887 2438 92 20 matters
2000 2436 19 22 is
2040 2444 40 16 not
2099 2438 162 31 unimportant.
2297 2441 105 30 Further,
2416 2444 17 22 if
2445 2444 13 22 it

1886 2469 95 22 succeed
2005 2469 58 29 here,
2085 2478 23 15 as
2130 2471 18 23 it
2169 2473 19 22 is
2209 2473 97 33 cheaper
2324 2475 54 24 than
2394 2481 63 18 cotton

1886 2501 67 29 wick,
1977 2510 13 15 a
2014 2502 92 25 demand
2132 2513 47 23 raaj
2205 2507 60 23 arise
2288 2509 35 23 for
2345 2511 18 21 it
2385 2510 22 22 in
2428 2511 29 22 the

1885 2534 166 33 neighbouring
2071 2537 106 30 colonies,
2198 2540 44 23 ami
2263 2542 15 22 it
2294 2550 50 23 may
2357 2543 51 23 thus
2426 2544 30 22 be-

1885 2575 64 16 come
1961 2569 74 23 useful
2054 2578 25 15 as
2091 2579 29 14 au
2132 2579 80 24 export
2231 2581 23 16 m
2273 2575 44 23 this
2330 2577 58 23 form
2398 2586 5 19 ;
2421 2577 34 22 and

1885 2608 52 23 may
1947 2603 122 29 perchance
2082 2604 26 23 be
2117 2607 89 29 applied
2219 2613 22 17 to
2250 2616 13 15 a
2271 2609 86 24 similar
2369 2618 92 23 purpose.

1884 2634 24 23 in
1918 2634 114 31 England.

1918 2668 44 24 We
1975 2670 72 23 would
2057 2677 95 25 suggest
2163 2673 49 24 that
2224 2674 63 24 there
2299 2676 19 23 is
2331 2685 28 15 an
2370 2678 83 30 opening

1884 2701 35 23 for
1937 2702 95 32 making
2050 2709 39 26 pot
2108 2706 45 22 and
2174 2708 64 30 pearl
2259 2709 74 29 ashes,
2356 2711 44 23 and
2419 2711 34 23 flax

1885 2735 65 29 wick,
1964 2737 43 23 and
2019 2737 34 23 for
2071 2739 96 32 making
2186 2741 45 23 and
2244 2742 122 32 importing
2384 2744 67 27 tallow,

1884 2768 44 23 and
1948 2769 37 24 the
2005 2771 154 25 manufacture
2177 2774 25 23 of
2221 2775 90 24 candles
2324 2778 43 22 and
2379 2786 73 22 soap-

1883 2802 87 31 worthy
1982 2803 37 23 the
2030 2806 109 23 attention
2152 2808 25 22 of
2184 2809 86 29 parties
2282 2810 54 23 with
2352 2811 99 23 moderate

1883 2843 86 21 means,
1993 2838 94 23 anxious
2115 2843 23 19 to
2167 2845 65 19 enter
2259 2850 60 23 upon
2348 2843 102 32 profitable

1882 2870 109 29 pursuits,
2010 2871 23 22 in
2052 2871 45 24 this
2117 2873 88 31 colony,
2225 2875 65 24 other
2309 2876 56 25 than
2383 2885 39 23 any
2436 2881 15 18 at

1882 2908 92 24 present
1986 2904 67 29 being
2064 2906 107 27 pursued.

2128 2968 93 24 OIL.

1917 3019 50 24 The
1986 3021 44 23 last
2053 3022 97 25 London
2169 3028 118 27 quotation
2304 3028 35 23 for
2358 3028 89 24 southern

1882 3052 68 24 black
1961 3054 31 23 oil
2003 3055 20 23 is
2034 3055 57 25 from
2103 3057 59 24 from
2174 3059 63 30 £33,
2250 3064 23 19 to
2285 3061 53 25 £37
2353 3070 40 22 per
2411 3067 36 18 tun.

1882 3085 58 24 This
1953 3087 73 25 shows
2038 3097 14 15 a
2063 3089 126 26 downward
2202 3094 111 31 tendency
2320 3095 22 23 in
2351 3095 37 24 the
2393 3095 54 31 price,

1881 3120 73 23 which
1964 3123 84 29 parties
2059 3123 52 23 here
2125 3124 56 24 have
2192 3126 59 24 been
2270 3129 89 23 warned
2379 3134 36 18 not
2431 3133 15 17 to

1880 3159 82 24 expect
1975 3159 21 18 to
2009 3156 26 23 be
2047 3157 148 25 maintained.

1318 1596 42 24 We
1386 1596 55 25 have
1467 1599 68 30 lately
1560 1603 122 29 suggested
1713 1603 47 23 that
1782 1606 90 28 partiesJ

1283 1629 73 31 might
1368 1631 101 24 combine
1482 1634 53 21 with
1558 1634 36 23 the
1614 1636 88 22 natives
1714 1637 43 22 and

1282 1664 64 29 grain
1359 1669 22 17 to
1395 1672 52 23 very
1458 1671 64 25 great
1533 1667 132 31 advantage.
1705 1669 21 23 A
1737 1671 129 29 gentleman

1281 1697 58 22 from
1352 1697 37 23 the
1402 1697 57 24 East
1473 1699 69 23 Coast
1553 1700 40 23 has
1614 1703 38 27 ass
1652 1703 103 27 Tired.us
1766 1704 49 23 that
1828 1705 38 23 the

1281 1731 88 22 natives
1390 1730 63 24 there
1474 1740 37 15 are
1530 1738 60 19 most
1607 1735 87 31 willing
1714 1741 22 18 to
1756 1737 63 24 work
1831 1739 35 23 for

1282 1762 141 32 Europeans,
1436 1765 34 23 for
1490 1774 74 23 wages
1584 1775 25 16 or
1621 1768 29 30 by
1662 1769 38 23 the
1716 1770 47 30 job,
1775 1775 25 18 at
1810 1779 55 24 very

1281 1797 114 23 moderate
1415 1799 79 29 prices.
1531 1799 41 24 He
1592 1801 43 23 had
1654 1803 61 28 land,
1735 1803 44 24 last
1803 1813 60 21 year,

1281 1829 94 29 cleared,
1395 1831 86 30 fenced,
1501 1841 70 20 sown,
1591 1834 43 23 and
1655 1836 38 23 the
1714 1844 51 24 crop
1782 1840 82 29 reaped

1280 1864 44 22 and
1346 1864 107 24 thrashed
1474 1866 28 30 by
1522 1868 87 22 natives
1628 1876 29 15 on
1678 1877 54 23 very
1751 1871 113 24 moderate

1280 1901 69 19 terras
1359 1906 5 19 ;
1384 1898 44 23 and
1440 1898 27 23 he
1480 1899 87 24 further
1577 1901 112 24 informed
1709 1911 25 14 us
1748 1904 47 23 that
1808 1905 54 32 they

1279 1930 57 22 have
1348 1931 45 23 this
1413 1940 53 21 year
1483 1932 89 24 cleared
1587 1935 44 22 and
1651 1935 80 24 fenced
1750 1942 38 18 ten
1800 1946 63 16 acres

1280 1963 137 29 v.'hislrtfcry
1429 1972 36 14 are
1479 1970 20 16 to
1520 1973 44 14 so*
1584 1968 54 20 with
1658 1969 78 26 wheat,
1750 1971 43 20 and
1805 1972 57 20 ha<re

1279 1994 57 23 built
1347 1994 46 24 him
1405 2003 14 16 a
1430 1996 135 24 substantial
1574 1998 70 24 house
1657 1999 33 23 for
1703 2001 33 22 far
1748 2001 44 24 less
1806 2003 55 23 than

1279 2027 27 24 he
1319 2029 65 23 could
1403 2029 55 24 have
1479 2029 37 24 the
1539 2031 61 23 work
1621 2032 57 23 done
1698 2034 29 30 by
1739 2034 122 33 European

1278 2061 88 23 labour.

1313 2095 108 31 Growing
1431 2098 66 28 grain
1520 2098 43 22 and
1581 2099 87 31 boiling
1681 2100 63 23 down
1756 2102 50 30 pigs
1819 2111 40 23 ap-

1277 2135 55 23 pear
1342 2128 68 31 likely
1421 2134 22 19 to
1456 2130 27 23 be
1502 2131 38 23 the
1557 2138 58 16 most
1628 2133 118 30 profitable
1759 2137 100 28 pursuits

1277 2164 35 20 for
1324 2161 64 24 those
1400 2162 48 24 who
1460 2163 43 24 live
1516 2169 23 18 at
1551 2173 14 14 a
1575 2165 101 24 distance
1699 2168 57 23 from
1774 2177 13 14 a
1800 2177 59 16 mar-

1278 2194 45 29 ket,
1337 2195 44 23 and
1401 2197 102 30 growing
1524 2198 69 30 bulky
1607 2199 133 25 substances
1760 2202 43 23 and
1814 2203 45 23 fat-

1278 2230 77 29 tening
1367 2229 50 30 pigs
1438 2229 34 24 for
1493 2233 164 29 consumption,
1671 2233 35 24 for
1725 2234 63 24 those
1810 2236 49 24 who

1277 2262 71 23 reside
1361 2269 53 17 near
1424 2271 13 15 a
1457 2264 96 29 market,
1566 2266 23 22 in
1606 2266 63 23 these
1683 2267 91 25 islands.
1811 2270 48 23 Po-

1277 2299 70 19 tatoes
1360 2295 55 24 from
1436 2296 39 24 the
1495 2303 63 18 coast
1579 2299 65 22 incur
1662 2308 13 14 a
1689 2301 80 31 freight
1781 2302 26 23 of
1821 2304 38 23 £2

1276 2335 39 23 per
1327 2333 46 23 ton,
1386 2329 43 23 and
1441 2330 38 23 the
1492 2331 65 23 value
1569 2332 23 22 of
1609 2333 38 23 the
1659 2334 77 23 article
1755 2336 46 23 will
1819 2343 40 18 not

1276 2361 26 23 be
1316 2369 61 15 more
1389 2362 54 24 than
1460 2364 37 23 £3
1510 2370 22 17 at
1554 2373 42 21 any
1610 2371 58 18 town
1687 2368 22 22 in
1730 2368 52 23 New
1798 2370 59 24 Zea-

1275 2394 53 24 land
1339 2405 5 19 ;
1365 2395 36 23 the
1422 2396 83 31 freight
1526 2400 161 30 consequently
1705 2402 20 22 is
1742 2410 14 15 a
1775 2403 83 31 charge

1276 2429 131 31 amounting
1418 2434 22 18 to
1459 2431 31 22 66
1511 2439 40 22 per
1571 2438 57 17 cent.
1665 2434 83 24 Wheat
1760 2435 97 32 brought

1275 2462 57 23 from
1350 2471 13 14 a
1382 2463 84 23 similar
1486 2464 100 24 distance
1605 2466 73 24 would
1701 2469 62 23 incur
1785 2478 13 14 a
1810 2470 47 24 like

1274 2495 83 30 freight
1379 2496 24 23 of
1417 2497 37 23 £2
1475 2505 40 23 per
1534 2502 39 19 ton
1584 2507 7 19 ;
1616 2500 44 23 and
1682 2509 24 14 as
1729 2502 34 23 the
1783 2503 74 24 wheat

1274 2529 71 22 would
1368 2529 28 23 be
1421 2531 71 23 worth
1515 2532 54 23 £20
1587 2540 40 23 per
1651 2537 46 25 ton,
1715 2535 36 23 the
1773 2536 84 31 freight

1275 2562 71 23 would
1365 2563 26 22 be
1412 2570 14 15 a
1444 2571 41 23 per
1504 2570 93 25 centage
1617 2565 82 33 charge
1720 2569 24 22 of
1760 2570 51 30 only
1826 2574 30 20 10

1274 2602 41 23 per
1325 2600 57 19 cent.
1419 2596 57 31 Pigs
1487 2597 33 24 fat
1531 2605 43 16 can
1584 2598 28 24 be
1633 2600 99 31 brought
1749 2603 58 23 from
1819 2604 38 23 the

1274 2633 61 19 coast
1346 2635 23 17 at
1381 2637 14 15 a
1405 2629 100 32 farthing
1516 2639 40 23 per
1567 2633 84 30 pound,
1665 2642 25 15 or
1702 2635 36 24 £2
1749 2644 39 22 per
1801 2641 39 20 ton
1848 2647 6 20 ;

1273 2661 50 32 pigs
1335 2668 82 18 cannot
1428 2664 27 23 be
1476 2664 98 31 brought
1593 2666 58 24 alive
1663 2667 60 24 from
1735 2669 35 23 the
1783 2657 71 37 coast'

1273 2695 29 30 by
1314 2695 114 32 shipping,
1441 2697 38 24 the
1497 2699 66 23 mode
1582 2701 23 20 in
1624 2701 75 22 which
1720 2702 36 23 the
1766 2711 91 23 greater

1273 2728 94 25 number
1380 2730 24 23 of
1419 2730 37 24 the
1468 2732 51 30 pigs
1531 2740 38 15 are
1580 2741 49 15 now
1642 2734 99 32 brought
1753 2742 21 18 to
1788 2742 67 25 town,

1274 2761 32 23 for
1319 2770 41 15 one
1371 2770 76 24 penny
1459 2772 40 23 per
1509 2766 77 30 pound
1605 2775 25 14 or
1649 2768 37 23 £8
1699 2777 38 23 per
1750 2774 46 26 ton,
1810 2772 46 23 and

1273 2802 31 16 we
1316 2795 56 24 have
1383 2796 57 25 been
1452 2799 92 23 assured
1557 2800 48 24 that
1615 2801 54 31 they
1682 2801 27 24 do
1722 2807 38 19 not
1770 2805 61 30 yield
1843 2814 13 15 a

1272 2829 67 30 profit
1348 2835 24 17 at
1382 2831 53 23 £12
1448 2839 40 23 per
1500 2836 38 19 ton
1550 2833 35 24 for
1596 2835 103 30 carriage
1709 2845 6 19 ;
1736 2837 64 24 while
1811 2843 44 19 two

1273 2869 68 23 pence
1353 2871 40 23 per
1404 2866 76 29 pound
1491 2866 34 22 for
1537 2867 59 30 pork
1614 2868 55 23 bred
1681 2876 53 16 near
1746 2871 36 23 the
1796 2876 60 19 town

1271 2895 35 23 for
1317 2899 164 29 consumption,
1494 2899 46 23 will
1561 2901 27 22 be
1598 2901 71 24 found
1682 2907 22 18 to
1715 2911 45 23 pay
1770 2904 81 30 better,

1271 2935 32 16 we
1321 2937 37 16 are
1377 2932 129 29 convinced,
1519 2933 55 23 than
1594 2935 108 30 sixpence
1719 2944 41 23 per
1777 2939 77 29 pound

1271 2962 45 24 will
1324 2963 35 23 for
1370 2963 108 33 breeding
1495 2971 97 20 mutton.
1628 2968 25 23 It
1664 2968 47 24 will
1731 2970 81 32 always
1826 2972 28 23 be

1269 2995 70 24 found
1350 2996 121 32 advisable,
1484 2999 35 23 for
1539 3000 38 24 the
1589 3001 91 23 settlers
1692 3007 22 19 to
1727 3003 66 24 make
1806 3005 51 23 cal-

1270 3029 110 24 culations
1400 3031 24 23 of
1439 3032 46 23 this
1504 3033 66 24 kind.
1605 3034 66 31 They
1691 3043 51 23 may
1753 3037 27 23 be
1802 3045 51 17 sure

1270 3062 48 23 that
1339 3063 107 32 reducing
1464 3066 37 23 the
1522 3072 50 18 cost
1590 3071 22 19 to
1633 3076 16 14 a
1668 3071 141 29 comparison
1831 3072 25 23 of

1268 3095 91 30 figures,
1372 3097 45 24 will
1436 3099 77 23 evolve
1534 3100 38 23 the
1590 3101 78 23 wisest
1688 3109 77 18 course
1786 3109 23 18 to
1824 3105 27 24 be

1269 3129 101 24 followed
1382 3131 23 22 in
1417 3131 94 24 relation
1524 3137 22 19 to
1559 3134 145 30 productions
1724 3137 25 23 of
1762 3139 90 23 various

1268 3161 67 25 kinds
1347 3169 23 17 at
1382 3163 104 25 different
1496 3167 90 30 periods
1598 3168 45 23 and
1654 3169 84 29 places.

1367 3226 88 24 SOAP
1481 3228 74 24 AND
1582 3230 166 24 CANDLES.

1915 3224 42 24 We
1969 3226 89 31 publish
2070 3229 24 22 in
2113 3231 96 23 another
2231 3233 89 24 column
2338 3242 29 15 an
2384 3232 62 25 article

1880 3257 58 24 from
1951 3259 37 23 the
2002 3259 102 26 Colonial
2115 3262 95 25 Gazette
2221 3266 26 23 of
2256 3266 37 23 the
2304 3264 42 26 '4th
2358 3267 87 24 Novem-

1880 3290 38 24 ber
1941 3292 52 30 last,
2015 3296 131 31 containing
2164 3305 13 15 a
2195 3299 75 23 notice
2282 3301 26 22 of
2322 3309 14 15 a
2346 3299 100 33 pamphlet

1878 3325 122 30 published
2020 3327 29 31 by
2068 3328 140 27 Lieutenant
2227 3332 81 30 Wood,
2321 3334 69 23 which
2400 3334 46 22 from

1878 3359 99 24 internal
1988 3361 104 25 evidence
2103 3370 33 16 we
2148 3365 82 23 should
2242 3368 108 23 attribute
2369 3372 21 17 to
2407 3365 37 24 Mr.

1879 3391 97 25 Charles
1994 3394 87 25 Buller.
2126 3396 27 24 If
2167 3405 43 23 any
2231 3399 25 23 of
2270 3408 41 16 our
2417 3405 28 16 are

1878 3426 91 23 curious
1982 3431 22 19 to
2016 3428 61 23 learn
2089 3429 23 23 in
2126 3430 58 24 what
2195 3431 61 32 light
2271 3434 59 23 their
2346 3431 99 32 struggles

1878 3459 43 23 and
1934 3459 202 33 disappointments
2147 3471 37 16 are
2197 3466 110 30 regarded
2318 3468 28 30 by
2353 3475 14 15 a
2374 3466 70 24 Direc-

1878 3496 34 19 tor
1924 3493 26 22 of
1965 3493 37 23 the
2016 3494 116 31 Company
2148 3498 148 33 comfortably
2314 3501 87 31 sipping
2416 3497 29 24 his

1878 3525 114 25 chocolate
2012 3528 24 22 in
2054 3528 35 23 his
2109 3529 181 34 dressing-room
2310 3535 24 21 in
2356 3531 87 27 Queen's

1876 3558 89 32 Square
1975 3560 75 30 Place,
2064 3562 53 31 they
2129 3563 46 24 will
2186 3565 49 24 find
2246 3567 18 23 it
2275 3567 24 23 in
2310 3567 43 23 this
2369 3564 73 26 article.

1876 3591 25 23 It
1919 3592 20 23 is
1958 3593 92 24 obvious
2071 3595 50 24 that
2139 3597 37 24 the
2191 3598 94 25 learned
2295 3600 43 24 and
2348 3599 95 24 facetious

1875 3626 128 29 gentleman
2022 3629 115 26 considers
2154 3631 37 24 the
2214 3633 72 24 whole
2308 3634 61 23 affair
2388 3640 22 15 as
2419 3637 23 16 an

1876 3659 111 23 excellent
1994 3660 63 31 joke,
2070 3663 45 24 and
2127 3664 29 23 he
2167 3665 81 24 makes
2263 3675 25 14 as
2306 3675 72 22 merry
2395 3665 44 23 with

1875 3691 38 24 the
1931 3693 101 30 pathless
2053 3695 91 31 forests,
2168 3699 44 23 and
2235 3700 130 24 unfordable
2381 3699 59 23 rivers

1875 3724 73 24 which
1959 3727 112 32 interpose
2083 3729 101 26 between
2197 3732 38 23 the
2245 3733 89 26 settlers
2344 3732 42 24 and
2393 3730 47 24 their

1873 3757 73 31 lands,
1970 3768 25 15 as
2015 3762 86 32 though
2123 3764 38 24 the
2180 3767 53 21 ruin
2254 3765 26 23 of-
2292 3774 14 16 a
2317 3766 90 24 number
2422 3761 18 24 of

1873 3799 94 23 persons
1988 3794 71 25 whom
2080 3796 28 23 he
2129 3797 41 24 has
2187 3798 65 24 aided
2270 3804 23 18 to
2304 3799 74 24 decive
2390 3802 47 19 were

1873 3825 53 32 only
1939 3835 28 15 an
1979 3830 104 30 amusing
2094 3831 90 30 episode
2196 3832 24 22 in
2231 3831 35 24 his
2277 3832 75 31 public
2364 3836 72 19 career.

1873 3858 43 24 We
1936 3860 45 33 hjid
2003 3861 73 33 hoped
2085 3872 2 5 ■
2099 3864 49 23 that
2169 3864 76 24 before
2267 3866 45 23 this
2329 3866 50 23 time
2399 3862 38 25 Mr.

1871 3892 89 27 Bulleri
1973 3896 27 22 of
2014 3897 73 23 whose
2097 3897 96 24 abilities
2205 3898 45 24 and
2263 3899 140 23 attainments
2412 3901 25 17 we

1872 3928 112 23 entertain
2007 3929 38 23 the
2066 3930 98 31 highest,
2179 3932 99 30 opinion,
2304 3931 70 24 would
2392 3931 45 22 have

1871 3961 96 30 escaped
1978 3962 57 24 from
2047 3962 49 25 that
2106 3964 107 31 unhappy
2224 3966 129 30 propensity
2364 3969 20 18 to
2402 3962 36 33 jest

150 159 3 13 }

163 148 10 20 4

162 86 5 14 *
