3330 4350
655 3092 123 17 VISITORS'
792 3092 63 17 LIST.

676 3137 72 18 Ghand
757 3138 78 17 Hotel.

564 3168 105 19 Meßdamcs
674 3169 43 18 Loo,
727 3169 66 20 Bruce,
801 3168 101 24 Adelaide;
913 3169 48 23 Spen-

541 3198 35 15 cer,
595 3192 80 22 Napier;
701 3192 59 21 Croft,
780 3192 82 23 Sydney,
884 3192 87 23 N.S.W.;

540 3215 76 24 Wright
639 3215 38 17 and
701 3215 56 21 maid,
784 3215 100 23 England;
910 3215 61 22 Rudd,

541 3239 70 22 Ceylon
618 3237 3 24 ;
644 3237 109 24 Shrimpton
767 3238 38 17 and
818 3239 57 20 maid,
891 3238 82 20 Hawkea

540 3262 51 22 Bay;
612 3261 76 18 Donald
701 3261 37 17 and
750 3263 38 15 two
801 3262 90 19 children,
909 3262 51 17 Auck-

540 3284 45 18 land
595 3284 3 23 ;
621 3284 88 21 Jackson,
732 3284 111 18 Melbourne
854 3284 4 23 ;
884 3285 87 22 Jacques,

541 3308 76 22 Sydney
628 3307 4 23 ;
658 3307 76 21 Adams,
759 3307 106 17 Auckland.
907 3308 66 17 Misses

539 3331 87 22 Jacques,
644 3330 85 22 Sydney;
751 3331 104 17 Ducarrow
872 3331 33 23 (2),
919 3331 41 22 Eng-

540 3354 56 21 land;
622 3354 83 17 Jackson
722 3354 31 22 (2),
769 3354 120 21 Melbourne;
907 3354 64 21 Black,

541 3377 46 21 Salt,
597 3377 100 22 England;
719 3377 62 20 Rudd,
792 3377 72 22 Ceylon
872 3377 3 22 ;
891 3378 81 21 Reaney,

541 3400 94 17 Adelaide.
649 3400 54 17 Hons
707 3399 47 18 Sims
760 3399 38 21 and
804 3400 70 22 Colley,
882 3401 90 20 Ms.L.C,

541 3424 59 17 South
629 3423 105 21 Australia;
764 3423 28 17 Dr
811 3424 90 20 Jackson,
924 3424 37 17 Mel-

540 3446 71 18 bourne
619 3446 4 23 ;
645 3446 70 18 Messrs
730 3446 82 23 Jacques
825 3446 33 23 (2).
877 3446 59 21 Croft,
954 3446 19 18 J.

540 3469 134 21 McLanghlin,
685 3469 85 22 Sydney;
784 3469 19 17 J.
812 3470 23 16 R.
843 3470 79 17 Fairfax
936 3470 38 17 and

541 3493 22 16 E.
573 3493 28 16 W.
612 3492 82 20 Fairfax,
705 3492 75 22 Sydney
788 3492 93 22 Morning
889 3492 83 22 Herald;

541 3516 102 19 Robinson,
661 3515 61 20 Donn,
739 3515 89 21 Galatea;
854 3516 118 21 Woodward,

541 3538 134 23 Toowoomba;
697 3538 61 17 Adam
771 3538 43 21 Lee,
832 3538 100 23 England;
954 3539 19 17 J.

541 3562 23 16 G.
586 3561 89 20 Addison,
691 3561 99 21 Adelaide;
812 3561 23 18 F.
852 3562 22 16 P.
895 3562 78 20 Winter,

541 3584 109 23 Auckland;
665 3584 80 22 Wright,
759 3584 73 17 Martin
854 3584 32 23 (2),
904 3585 69 20 Morse,

541 3607 80 20 Roland,
632 3607 73 23 Salt(2),
712 3606 89 24 England
808 3613 5 15 ;
822 3608 58 19 West,
888 3608 85 21 Dunbar,

542 3627 108 26 Auckland;
672 3627 64 24 Rudd,
752 3627 81 26 Ceylon;
858 3631 115 22 Shrimpton,

541 3653 84 18 Hawkes
644 3653 41 22 Bay
692 3650 4 25 ;
711 3653 27 17 Dr
746 3650 68 25 Garde)
825 3653 126 19 Queensland.

640 3699 58 17 Lake
714 3699 71 18 House
797 3700 78 17 Hotel.

565 3731 47 17 Miss
628 3731 94 21 Dampier.
755 3730 64 23 Judge
839 3731 45 21 Gill,
905 3731 70 18 Messrs

542 3754 69 20 Fidlcr,
621 3754 84 20 Daniels,
714 3754 81 21 Hunter,
806 3754 78 21 Wilson,
894 3754 80 23 Mosley,

543 3777 99 21 Danbirry,
666 3777 66 22 Sharp,
758 3777 112 22 Snodgrass,
896 3778 77 20 Martin,

543 3799 96 21 Marshall,
649 3799 66 23 Brigg,
725 3799 73 21 Harris,
812 3800 72 22 Colley,
900 3800 74 20 Sinnns,

543 3822 163 23 Younghusband,
715 3822 111 21 McMaster,
835 3823 99 20 Williams,
952 3824 22 16 A.

543 3846 62 19 Boult,
614 3845 118 20 Greenslade,
742 3845 37 17 aud
788 3852 34 11 son
831 3846 37 16 and
877 3848 10 15 2
901 3846 62 22 daugh-

543 3870 43 19 ters,
604 3868 76 22 Adams,
699 3869 57 19 Bush,
774 3869 71 21 Lyons,
863 3869 26 17 H.
904 3869 70 20 James,

543 3892 81 20 Rickets,
635 3891 98 21 Saunders,
741 3892 74 22 Cantly,
823 3891 38 18 and
866 3892 108 17 Redworth.

676 3938 43 16 The
731 3938 112 18 Langham.

567 3968 105 18 Mesdames
682 3968 95 22 Kennard,
792 3968 88 22 N.S.W.;
899 3969 76 18 Gunsen

544 3992 37 17 and
599 3994 39 14 two
655 3992 88 19 children,
764 3992 109 21 Auckland;
896 3992 78 20 Fookcs,

544 4015 97 16 Taranaki.
663 4015 66 17 Misses
752 4015 109 21 Buchanan,
888 4015 86 21 Parnell;

545 4038 113 17 Greatbatch
672 4037 33 23 (2),
718 4038 108 22 Ponsonby.
856 4038 64 22 Judge
928 4038 35 17 Wil-

545 4066 38 15 son,
593 4060 99 18 Auckland
699 4060 4 21 ;
713 4061 69 17 Messrs
791 4062 108 19 Tarawhiti,
910 4061 52 17 Hunt-

544 4083 20 23 ly
571 4083 4 23 ;
589 4083 95 20 Kennard,
702 4083 87 23 N.S.W.;
811 4085 83 20 Gunsen,
912 4085 51 16 Auck-

545 4106 43 17 land
595 4112 5 14 ;
618 4106 97 20 Hawkins,
734 4106 102 24 Okoriore;
858 4107 68 18 Fraser
942 4107 32 23 (2),

545 4129 128 23 Queensland;
699 4130 124 22 Mieklejohn,
849 4130 112 22 Coolgardie
971 4129 3 23 ;

545 4152 75 20 Timins,
630 4152 95 22 England.

1056 141 88 17 Brent's
1156 140 112 18 Bathgate
1281 140 76 17 House.

1014 172 106 17 Mesdames
1128 171 92 17 Franklin
1230 171 83 23 .Sydney;
1327 169 97 21 Williams,

993 195 91 19 TeAute;
1192 194 88 22 Sydney;
1294 193 71 19 CadelL
1374 193 41 17 Hill-

993 219 61 20 stoi.e;
1068 218 78 17 Dobson
1155 217 38 17 and
1202 218 57 18 maid,
1267 217 101 22 England;
1376 216 37 17 Mel-

993 241 48 20 ville,
1049 242 25 16 Te
1082 242 103 16 Awamutu
1192 240 3 22 ;
1210 240 72 20 Danks,
1298 240 116 22 Wellington
1420 245 5 14 ;

993 263 63 19 James
1059 263 63 21 Shaw,
1137 263 122 23 Coolgardie;
1275 263 92 19 Clinnick,
1381 263 33 16 Vic-

993 287 53 21 toria;
1079 287 83 19 Haslett,
1192 287 51 21 Hay,
1271 286 58 24 King,
1363 285 51 17 Auck-

993 310 44 17 land
1043 308 4 23 ;
1066 310 75 21 Taylor,
1159 310 91 21 England
1259 308 3 23 ;
1286 308 97 21 Williams,
1402 308 25 17 Te

993 334 54 16 Aute.
1080 333 67 17 Misses
1164 332 66 22 Tilley,
1241 333 53 19 Bos.;,
1306 333 70 17 Dank-;,
1385 331 40 17 Mc-

993 357 51 16 Lean
1051 355 33 23 (2),
1091 356 115 22 Wellington
1214 354 4 25 ;
1230 356 43 22 Hay
1280 355 33 24 (2),
1322 354 103 20 Auckland;

993 378 61 23 Shaw,
1065 378 117 23 Coolgardie.
1207 380 51 21 Very
1267 380 46 15 Rev.
1326 379 22 16 A.
1360 378 66 21 Boyle,

993 402 110 17 Melbourne
1110 401 4 23 ;
1128 401 28 19 Dr
1165 403 60 21 Barry
1232 402 20 18 T.
1261 402 79 19 Russell,
1348 401 78 17 Dublin.

994 425 86 17 Ireland:
1094 425 45 17 Rev.
1159 425 54 17 Dean
1233 422 89 26 Slatteryj
1340 423 86 24 Sydney;

994 448 45 17 Rev.
1049 448 31 17 Mr
1089 448 75 19 Stubbs,
1179 448 101 22 England;
1294 448 70 17 Messrs
1379 447 36 21 Dig-

994 477 43 14 nan,
1052 471 60 20 Eadv,
1122 471 85 20 Holmes,
1218 472 83 19 Haslett,
1314 469 98 19 Auckland
1422 469 3 22 ;

994 494 22 17 L.
1030 494 71 17 Derlot.
1115 494 64 20 Perth,
1186 495 63 20 W.A.;
1268 494 56 18 Shaw
1331 493 26 24 (2)
1371 493 45 17 Cool-

995 517 64 22 gardie
1066 517 43 21 ;W.
1119 517 20 17 T.
1155 517 99 21 AVilliams,
1269 518 24 16 Te
1307 518 60 18 Aute;
1388 516 26 17 Ab-

994 540 48 20 bott,
1064 545 55 16 senr.,
1141 540 97 19 Franklin.
1256 540 70 21 Walsh,
1349 540 78 18 Abbott,

995 563 77 20 Arnold,
1093 563 65 19 Webb,
1179 564 74 19 Fraser,
1275 563 75 23 Sydney
1360 562 4 24 ;
1386 562 42 18 Mc-

995 587 57 19 Lean,
1063 587 119 18 Queensland
1190 585 3 23 ;
1209 587 22 17 G.
1242 587 25 17 H.
1278 586 74 22 Ayliffe,
1367 585 49 17 Snod-

995 615 59 17 grass,
1075 609 90 18 Adelaide
1173 608 3 24 ;
1192 609 91 20 Clinnick,
1291 608 89 18 Victoria.
1397 608 32 16 Mr

995 632 38 17 and
1040 632 47 18 Miss
1096 633 59 20 Price,
1166 634 89 17 Hawke's
1264 633 46 21 Bay.

1123 679 90 23 [Mokoia
1225 679 62 17 View.

1019 711 40 17 Mrs
1068 711 68 22 Tyson,
1150 711 94 17 Waikato.
1276 710 69 17 Messrs
1360 710 68 19 North,

997 734 66 20 Smith,
1086 735 95 20 Caldwell,
1207 733 87 23 Sydney;
1326 733 102 21 Copeland,

997 757 110 18 Melbourne
1115 755 4 23 :
1133 758 52 19 Parr,
1196 756 129 22 Canterbury;
1339 755 91 18 Marshcll

997 780 87 21 Costello,
1094 780 115 20 Hammond,
1225 779 98 17 Auckland
1331 779 3 22 ;
1353 779 75 20 Brown,

997 804 64 19 Gault,
1070 803 101 20 Gisborne;
1186 803 56 21 Grey,
1256 802 79 17 Thames
1343 802 3 22 ;
1360 802 68 22 Tyson,

997 827 97 19 Waikato;
1124 826 32 20 De'
1156 826 77 20 Castro,
1259 825 100 21 Dimedin;
1381 825 47 21 Bell,

1163 1057 99 21 DEATH.

1019 1105 174 19 Waiibiuck.—On
1199 1106 87 22 January
1301 1105 49 22 18th,
1364 1106 20 17 at
1399 1105 31 18 the

997 1130 57 17 Coast
1073 1129 96 23 Hospital,
1197 1128 82 24 Sydney,
1301 1129 20 17 of
1344 1128 85 24 typhoid,

1115 1152 2 23 '
1126 1153 95 22 daughter
1226 1153 21 17 of
1251 1153 32 16 the
1289 1152 38 17 late
1336 1152 94 17 Abraham

1089 1192 10 5 ~
1111 1176 105 23 Jauranga,
1226 1175 38 18 and
1272 1175 54 17 sister
1336 1176 19 16 of
1366 1175 64 17 Alfred

997 1199 102 20 Warbrick,
1110 1199 90 21 Rotorua,
1212 1199 48 23 aged
1270 1199 22 16 20
1301 1204 58 16 years.

994 1258 57 18 THE
1070 1258 57 18 HOT
1146 1258 95 18 LAKES
1260 1258 172 18 CHRONICLE

1183 1303 57 13 AND

1098 1338 109 20 Tourists'
1224 1338 100 24 Journal.

1007 1398 171 20 WEDNESDAY,
1193 1397 124 18 JANUARY
1326 1399 29 19 29,
1368 1397 64 21 1896.

996 1456 102 23 LOCAL
1112 1456 97 23 NEWS
1232 1456 70 23 AND
1317 1456 111 23 NOTES.

1206 1495 16 12 «.

1018 1514 38 17 The
1073 1515 54 16 usual
1148 1515 89 21 monthly
1258 1514 76 23 sittings
1355 1514 19 17 of
1394 1514 33 17 tho

995 1537 122 24 Magistrates
1127 1538 58 17 Court
1192 1538 47 17 took
1254 1537 54 22 place
1321 1543 23 11 on
1353 1537 77 23 Friday

995 1561 37 16 last,
1040 1560 63 18 before
1110 1561 61 17 Lieut.
1176 1561 50 17 -Col.
1237 1561 80 17 Roberts
1326 1561 54 16 when
1394 1561 22 16 th
1421 1566 9 12 e

995 1584 98 22 following
1110 1590 50 11 cases
1177 1590 48 11 were
1244 1583 87 23 disposed
1348 1583 80 19 of:—W.

995 1608 72 22 Rogers
1087 1613 17 11 v.
1127 1608 75 16 Samuel
1211 1606 100 22 Morrison,
1322 1607 55 17 claim
1400 1608 30 16 for

995 1630 26 18 £4
1039 1632 19 15 8s
1073 1630 40 20 10.1,
1131 1632 80 16 amount
1219 1630 20 17 of
1253 1630 114 22 promissory
1378 1632 50 19 note,

995 1653 101 23 judgment
1106 1655 28 15 for
1143 1653 84 23 plaintiff
1234 1653 47 17 with
1296 1654 31 16 22s
1336 1655 54 18 costs,
1411 1654 19 16 in

995 1677 87 21 monthly
1098 1677 120 17 instalments
1234 1677 20 17 of
1263 1676 32 22 £3;
1317 1677 34 16 Toi
1369 1677 33 16 Toi
1419 1683 11 10 v

995 1699 127 18 Whakakauri
1131 1700 55 17 claim
1195 1700 30 17 for
1238 1700 37 17 £lO
1285 1706 20 11 or
1314 1705 87 17 recovery
1411 1700 19 17 of

995 1723 59 21 horse,
1065 1723 37 17 and
1110 1723 25 17 £3
1173 1723 24 17 (id
1204 1723 29 18 for
1238 1723 97 18 detention
1343 1723 19 17 of
1367 1723 61 21 same;

995 1747 101 22 judgment
1112 1752 38 12 was
1171 1747 55 22 given
1244 1747 29 16 for
1291 1746 101 17 defendant
1409 1753 21 10 as

995 1770 83 22 plaintiff
1086 1770 56 16 failed
1152 1771 20 16 to
1181 1775 57 17 prove
1247 1770 28 16 his
1285 1769 111 23 ownership.

1018 1801 38 17 The
1069 1801 48 21 high
1130 1803 127 21 temperature
1278 1801 35 17 No.
1329 1801 11 16 2
1353 1801 77 17 Priest's

995 1824 49 17 Bath
1063 1824 38 17 still
1115 1825 104 19 continues,
1237 1824 71 22 having
1321 1825 34 16 not
1372 1824 58 18 fallen

995 1847 54 18 much
1059 1847 61 18 below
1136 1848 18 16 11
1158 1854 9 10 o
1182 1847 71 22 during
1265 1848 33 16 the
1312 1849 43 20 past
1371 1848 57 16 week.

995 1871 36 17 No.
1041 1872 6 15 1
1058 1871 47 17 bath
1114 1871 80 17 remains
1199 1872 64 21 pretty
1270 1871 66 22 steady
1343 1872 20 15 at
1371 1871 58 17 about

998 1894 38 18 102.

1018 1926 26 16 At
1052 1926 32 16 the
1091 1926 36 16 last
1132 1925 86 23 meeting
1225 1925 21 17 of
1255 1925 32 17 the
1295 1924 58 18 Town
1367 1925 62 18 Board

995 1949 31 16 Mr
1035 1949 75 21 Dansey
1117 1945 102 26 suggested
1228 1949 41 16 that
1277 1951 50 19 steps
1334 1949 67 17 should
1407 1948 23 18 be

995 1972 56 17 taken
1061 1973 19 16 to
1089 1971 66 18 render
1172 1971 32 18 the
1221 1971 99 23 Cemetary
1337 1977 46 12 near
1397 1972 33 17 tho

995 1994 100 24 Puarenga
1122 1995 54 17 creek
1201 1995 22 16 fit
1249 1995 31 16 for
1311 1994 117 18 interments.

995 2018 89 17 Hitherto
1094 2018 45 22 only
1145 2018 33 17 the
1186 2018 59 17 lower
1253 2018 76 22 portion
1338 2018 37 17 had
1383 2018 47 17 been

995 2041 51 21 used,
1061 2041 38 17 and
1108 2048 19 10 as
1137 2041 42 17 that
1188 2047 30 11 wa
1220 2046 5 7 J
1232 2041 104 22 extremely
1345 2047 84 17 swampy

995 2065 18 16 in
1023 2066 37 15 wet
1068 2065 82 16 weather
1156 2065 32 16 the
1199 2064 59 18 whole
1262 2069 44 13 area
1315 2064 38 17 had
1362 2071 66 16 grown

995 2088 40 17 into
1043 2088 95 22 disrepute
1147 2093 20 11 as
1176 2094 11 10 a
1194 2088 54 21 place
1260 2088 20 16 of
1296 2087 68 18 burial.
1390 2088 38 17 The

995 2112 74 21 greater
1089 2111 76 22 portion
1193 2111 87 17 however
1304 2111 57 22 being
1378 2117 51 11 more

995 2134 84 17 elevated
1088 2140 36 11 wss
1141 2134 81 22 entirely
1235 2133 87 18 suitable.
1348 2135 26 16 At
1383 2140 33 16 pre-

995 2159 42 15 sent
1041 2158 111 16 interments
1167 2157 46 17 took
1228 2157 54 22 place
1298 2158 21 15 at
1334 2157 81 23 Ngongo-

994 2180 51 21 taha,
1056 2180 36 17 and
1101 2186 20 11 as
1127 2186 25 11 no
1158 2180 65 18 record
1232 2180 95 17 whatever
1336 2186 38 11 was
1383 2180 46 23 kept

995 2204 44 16 such
1047 2209 11 12 a
1066 2209 65 11 course
1147 2209 39 11 was
1195 2203 68 22 highly
1283 2203 144 22 reprehensible.

995 2227 19 16 It
1023 2232 37 11 was
1069 2226 77 18 decided
1152 2227 43 17 that
1215 2227 32 16 tho
1261 2225 92 19 members
1366 2227 20 17 of
1396 2226 32 19 the

995 2250 63 17 Board
1063 2250 67 17 should
1139 2252 20 15 at
1176 2255 24 12 an
1214 2250 51 21 early
1282 2250 44 17 date
1340 2250 44 17 visit
1395 2251 33 16 the

995 2273 31 17 old
1035 2273 97 22 Cemetery
1141 2273 38 17 and
1188 2272 26 18 fix
1227 2279 25 11 on
1260 2273 33 17 tho
1302 2273 52 17 work
1374 2275 21 15 to
1404 2273 23 17 be

995 2296 54 18 done.

1018 2327 134 24 Commenting
1168 2333 25 12 on
1209 2333 11 11 a
1234 2328 109 22 paragraph
1364 2328 64 17 which

994 2350 93 23 appeared
1099 2351 21 17 in
1128 2357 11 11 a
1148 2352 63 16 recent
1224 2351 49 17 issue
1289 2351 19 16 in
1326 2351 67 22 regard
1408 2353 20 15 to

994 2374 53 17 illicit
1056 2375 53 16 trout
1120 2374 90 23 catching
1226 2374 32 17 the
1267 2374 41 22 Bay
1325 2374 20 17 of
1357 2375 71 21 Plenty

994 2398 61 17 Times
1065 2403 37 11 was
1109 2398 32 16 the
1150 2397 151 23 following:—lt
1318 2397 15 17 is
1340 2399 33 15 not
1382 2398 47 22 long

995 2421 49 17 since
1053 2420 31 18 the
1101 2420 101 18 Auckland
1211 2420 161 18 Acclimatisation
1393 2421 24 17 So-

995 2445 48 21 ciety
1052 2444 79 16 wrested
1140 2444 33 17 tho
1189 2444 84 16 Rotorua
1289 2443 73 17 district
1379 2444 49 18 from

995 2467 31 17 the
1035 2467 100 22 Tauranga
1144 2467 75 21 Society
1232 2466 103 22 ostensibly
1350 2467 79 18 because

994 2490 32 17 the
1035 2490 57 17 latter
1100 2490 32 17 did
1139 2492 35 15 not
1183 2491 78 21 prevent
1271 2491 52 15 trout
1331 2490 97 22 poaching

994 2513 39 17 The
1042 2514 84 16 Rotorua
1131 2514 106 21 sportsmen
1250 2512 69 19 rushed
1335 2513 40 17 into
1396 2514 32 16 the

994 2542 49 12 arms
1051 2537 19 16 of
1078 2537 32 16 the
1120 2536 100 18 Auckland
1230 2536 75 22 Society
1310 2542 21 11 as
1339 2537 15 16 it
1373 2537 54 17 made

995 2561 33 15 out
1036 2559 43 18 that
1087 2560 16 17 it
1117 2566 38 11 was
1164 2566 24 11 an
1209 2559 104 22 inplacable
1332 2559 30 18 foe
1371 2561 20 16 to
1397 2560 33 18 the

993 2583 82 22 poacher
1080 2583 37 16 and
1121 2583 37 16 Van
1163 2583 40 17 him
1211 2584 21 15 to
1239 2582 32 17 the
1277 2583 52 16 earth
1335 2583 83 22 through-

995 2607 33 16 out
1037 2606 24 17 its

1018 2637 29 17 An
1054 2639 152 16 announcement
1216 2643 79 16 appears
1311 2637 20 16 in
1346 2638 82 17 another

995 2661 74 17 column
1079 2660 82 23 relating
1169 2662 21 16 to
1196 2661 64 17 horses
1270 2660 58 18 found
1334 2662 81 21 trespass-

993 2684 34 22 ing
1035 2690 24 11 on
1069 2683 79 18 Galatea
1162 2690 43 11 run.

1017 2716 38 17 The
1061 2715 64 17 Fuller
1136 2716 76 17 concert
1227 2716 57 21 party
1303 2721 48 16 open
1360 2715 19 17 in
1395 2716 32 17 the

994 2739 86 17 Pukeroa
1088 2739 46 17 Hall
1141 2745 25 11 on
1174 2738 70 22 Friday
1253 2738 57 23 night
1324 2739 29 16 for
1366 2739 61 17 which

993 2762 84 17 occasion
1095 2768 11 10 a
1128 2767 46 17 very
1188 2761 100 18 attractive
1308 2767 120 17 programme

993 2785 34 17 has
1035 2785 47 17 been
1091 2785 68 20 issued,
1176 2784 99 23 including
1288 2784 58 21 vocal,
1356 2785 61 17 instru-

993 2808 71 17 mental
1073 2808 59 17 duets'
1142 2808 79 20 ballads,
1231 2808 117 17 serio-comic
1371 2814 57 17 songs

993 2831 43 20 and,
1047 2831 19 17 in
1075 2832 44 20 fact,
1129 2831 114 22 everything
1257 2831 102 17 conducive
1367 2833 21 15 to
1400 2838 25 10 an

993 2854 100 22 enjoyable
1101 2855 87 22 evening.
1214 2854 17 17 A
1251 2854 72 22 change
1344 2855 20 16 of
1384 2860 33 17 pro-

994 2883 84 17 gramme
1085 2878 39 16 will
1132 2878 44 16 take
1182 2878 53 21 plane
1242 2883 24 11 on
1275 2877 33 17 the
1328 2878 100 23 following

993 2901 80 22 evening
1082 2900 62 18 which
1153 2900 39 18 will
1198 2900 99 18 terminate
1313 2900 50 18 their
1385 2907 32 16 pre-

994 2925 41 16 sent
1044 2924 48 16 visit.

1059 2961 31 11 are
1099 2955 19 17 in
1127 2955 70 22 receipt
1205 2955 48 17 from
1263 2954 31 18 Mr
1303 2955 23 17 R.
1336 2955 23 17 D.
1373 2956 41 16 Dan-

994 2984 31 16 sey
1032 2979 19 16 of
1059 2984 11 10 a
1079 2979 99 21 pamphlet
1190 2978 111 23 containing
1315 2979 113 22 everything

994 3002 43 16 that
1046 3002 13 16 is
1068 3002 87 17 essential
1164 3003 21 16 to
1193 3002 57 17 know
1261 3001 26 23 by
1295 3007 77 16 persons
1381 3008 35 11 con-

994 3025 114 22 templating
1115 3025 31 16 the
1155 3024 113 23 acquisition
1279 3025 20 16 of
1308 3030 34 11 one
1359 3025 21 17 of
1395 3025 33 18 the

993 3047 58 18 leases
1060 3054 24 10 on
1091 3045 33 20 the
1132 3048 96 23 Opouriao
1237 3049 64 16 estate.
1327 3048 39 17 Tho
1379 3048 49 18 book

993 3071 16 17 is
1018 3071 97 17 furnished
1124 3071 46 17 with
1179 3077 24 11 an
1212 3071 93 17 excellent
1313 3077 44 16 map
1364 3072 21 16 of
1393 3071 32 18 the

994 3095 58 16 estate
1061 3094 38 17 and
1107 3094 53 17 there
1169 3100 31 11 are
1213 3094 74 17 various
1303 3094 125 18 illustrations

994 3118 49 16 from
1047 3117 132 23 photographs
1186 3118 26 21 by
1218 3117 32 17 Mr
1259 3117 72 22 Leahy.

1017 3149 39 16 The
1064 3149 65 17 return
1138 3149 43 17 visit
1191 3149 20 16 of
1219 3149 32 16 the
1272 3147 81 23 popular
1373 3149 41 18 Mac-

994 3171 64 17 kenzie
1067 3172 81 17 Concert
1154 3172 99 22 Company
1261 3172 15 17 is
1285 3172 81 17 awaited
1380 3172 47 17 with

995 3195 55 17 much
1063 3194 84 18 interest.
1163 3195 72 17 Recent
1253 3194 107 23 exchanges
1377 3195 51 17 show

995 3218 42 16 that
1045 3218 38 17 this
1098 3224 93 16 company
1204 3218 62 16 which
1282 3218 100 22 comprises
1398 3219 31 17 Mr

994 3240 29 19 W.
1040 3241 110 17 Mackenzie
1159 3240 19 23 (a
1193 3241 44 17 host
1249 3241 21 16 in
1286 3241 83 23 himself)
1382 3241 46 18 Miss

994 3264 60 17 Jessie
1063 3264 74 21 Glover,
1155 3261 47 20 Miss
1223 3264 68 17 Louise
1308 3264 66 22 Aylett
1391 3265 37 17 and

995 3287 68 17 Messrs
1070 3288 29 16 W.
1110 3287 21 17 F.
1141 3287 109 17 Mackenzie
1259 3287 38 17 and

995 3310 47 17 have
1058 3310 48 17 been
1114 3311 80 22 reaping
1214 3310 70 22 gnlden
1301 3311 85 21 opinions
1409 3311 19 17 in

995 3334 32 16 the
1036 3334 79 17 Thames
1128 3334 74 17 district
1226 3334 61 16 where
1308 3334 46 22 they
1379 3334 48 17 have

995 3356 57 22 lately
1059 3357 100 22 appeared.

1018 3388 39 16 The
1066 3388 99 22 following
1173 3388 53 22 reply
1235 3393 38 12 was
1281 3388 83 17 received
1381 3388 49 18 from

995 3410 64 23 Major
1068 3410 59 18 Elliot
1143 3411 73 22 private
1231 3412 94 21 secretary
1341 3412 20 16 to
1378 3411 51 18 Lord

995 3434 95 22 Glasgow,
1108 3434 19 16 in
1148 3440 87 16 response
1244 3435 21 15 to
1285 3434 32 16 the
1336 3435 92 22 telegram

996 3457 48 17 from
1056 3457 33 17 the
1098 3457 68 17 Arawa
1178 3457 69 20 Chiefs;
1250 3457 62 17 —The
1333 3457 96 18 Governor

995 3480 35 17 has
1035 3480 83 17 received
1126 3485 49 17 your
1187 3480 93 22 telegram
1301 3480 37 17 and
1354 3480 20 17 in
1389 3481 41 17 Her

996 3503 99 22 Majesty's
1119 3509 56 11 name
1195 3503 70 17 thanks
1285 3509 37 16 you
1351 3504 29 16 for
1397 3504 32 18 the

996 3526 50 22 loyal
1055 3522 46 20 offer
1115 3527 19 16 of
1141 3532 48 16 your
1197 3526 79 17 services
1285 3526 20 16 in
1317 3526 32 17 the
1358 3527 58 17 Trans-

996 3549 48 17 vaal.
1070 3549 43 17 You
1122 3555 31 11 are
1161 3555 44 12 now
1214 3555 61 10 aware
1284 3549 43 17 that
1332 3549 32 17 the
1378 3550 51 17 crisis

996 3572 62 17 which
1066 3572 93 22 appeared
1176 3578 21 11 so
1218 3572 70 17 serious
1308 3572 34 17 has
1355 3574 72 21 passed,

995 3595 37 17 but
1039 3601 48 16 your
1094 3595 47 17 offer
1148 3601 39 11 was
1207 3601 49 11 none
1272 3595 33 17 the
1325 3595 35 17 less
1381 3598 49 16 most

997 3618 101 17 creditable
1118 3619 20 16 to
1152 3624 48 16 your
1220 3618 107 22 patriotism
1348 3618 37 18 and
1406 3619 23 17 he

997 3641 69 17 thanks
1081 3647 38 16 you
1137 3642 30 17 for
1187 3641 32 17 the
1240 3641 89 17 devotion
1348 3643 21 16 to
1390 3642 40 17 Her

997 3664 83 23 Majesty
1088 3664 60 18 which
1158 3664 101 23 prompted
1330 3664 39 18 The
1386 3666 44 17 wire

997 3692 38 12 was
1043 3687 84 17 seceived
1136 3687 46 17 with
1188 3687 119 22 thegreatest
1313 3688 117 18 enthusiasm

997 3710 54 17 when
1059 3710 45 17 read
1113 3712 34 15 out
1154 3712 21 15 to
1188 3716 11 11 a
1219 3711 37 16 few
1272 3710 21 17 of
1313 3710 32 17 the
1366 3711 64 18 Chiefs

997 3733 42 17 who
1047 3733 39 17 had
1094 3733 104 18 assembled
1206 3735 20 15 at
1234 3734 58 16 Tame
1304 3734 18 17 te
1331 3734 75 22 Kapua.

1019 3764 32 17 Mr
1150 3764 71 22 Moyle,
1232 3764 43 17 who
1291 3764 34 17 has
1341 3765 89 17 returned

997 3788 19 16 to
1025 3787 38 17 this
1072 3787 73 18 district
1153 3788 50 17 after
1211 3793 24 11 an
1245 3788 77 16 absence
1329 3788 21 16 of
1359 3789 71 16 several

997 3816 53 15 years
1070 3810 55 17 bears
1145 3810 74 23 willing
1238 3810 102 22 testimony
1360 3812 21 16 to
1397 3812 33 17 the

997 3833 76 22 efficacy
1081 3834 20 16 of
1110 3839 35 11 our
1152 3833 81 23 springs.
1259 3834 32 16 Mr
1307 3833 73 22 Moyles
1388 3834 42 17 first

997 3856 128 17 introduction
1133 3857 20 16 to
1167 3857 86 16 Rotorua
1265 3862 38 11 was
1319 3862 50 11 some
1385 3857 45 18 nine

997 3884 53 16 years
1059 3885 36 16 ago
1103 3880 56 16 when
1171 3879 26 17 he
1213 3885 50 11 came
1280 3879 44 17 here
1340 3880 90 23 suffering

998 3902 48 16 from
1054 3903 95 16 muscular
1157 3902 123 17 rheumatism
1296 3903 20 16 of
1331 3903 33 16 the
1381 3906 49 15 most

997 3925 120 21 pronounced
1126 3927 51 20 type.
1202 3925 31 16 He
1242 3925 45 17 took
1303 3931 11 11 a
1331 3931 64 12 course
1410 3927 20 17 of

997 3948 33 16 the
1038 3948 96 20 Turikore,
1145 3954 21 11 or
1174 3948 61 22 Spout
1243 3948 55 21 Bath,
1309 3950 20 15 at
1346 3949 69 17 Whaka-

997 3976 105 14 rcwarewa,
1124 3971 39 17 and
1181 3971 98 22 improved
1300 3972 130 23 considerably

997 3993 69 23 during
1082 3994 29 16 his
1132 3994 30 17 six
1174 3994 77 17 months
1271 3995 48 21 stay.
1344 3995 39 17 The
1403 3996 25 16 im

997 4019 110 19 provement
1126 4017 101 17 continued
1245 4017 49 16 after
1313 4017 29 17 his
1364 4019 64 16 return

997 4040 55 17 home
1061 4041 20 16 to
1089 4040 47 17 Port
1145 4040 55 20 Pirie,
1215 4040 18 17 S.
1244 4040 22 19 A,
1276 4040 49 17 until
1333 4040 33 17 the
1373 4042 43 21 pain-

997 4063 28 16 ful
1034 4063 76 22 malady
1119 4063 80 22 entirely
1207 4063 37 17 left
1251 4063 45 17 him.
1322 4063 30 17 He
1361 4064 15 16 is
1385 4070 43 11 now

997 4085 98 23 revisiting
1114 4086 33 17 the
1157 4086 52 22 place
1228 4086 63 17 where
1308 4086 24 17 he
1349 4092 38 11 was
1408 4093 21 12 so

998 4109 55 16 much
1061 4109 100 20 benefited,
1169 4109 79 22 looking
1256 4110 22 15 20
1287 4115 54 15 years
1350 4115 64 17 young-

998 4137 20 11 er
1026 4132 46 16 than
1086 4132 23 17 he
1126 4132 33 17 did
1167 4138 25 12 on
1201 4132 29 17 his
1247 4132 87 22 previous
1350 4133 79 22 sojourn

998 4156 88 20 amongst
1094 4160 30 12 us.

1470 137 94 23 Amongst
1573 137 33 16 the
1619 136 79 17 arrivals
1703 136 26 26 by
1749 135 38 18 last
1806 135 74 22 night's

1447 160 51 18 train
1502 165 50 12 were
1567 160 79 22 Captain
1663 158 70 19 Morris
1738 158 30 18 M-.
1779 158 45 17 L.C.
1842 157 38 18 and
1889 154 1 28 j

1447 184 32 17 Mr
1486 184 29 16 W.
1526 183 92 22 Keiiy.M.
1628 183 26 17 H.
1675 183 23 16 R.
1718 182 32 16 Mr
1770 181 58 22 Kelly
1847 181 35 17 has

1447 206 47 17 b?en
1503 207 78 21 touring
1601 206 32 17 the
1653 205 79 17 Thames
1741 205 77 17 district
1833 204 49 17 with

1447 230 32 16 Mr
1487 230 91 17 Cadman.

1471 261 34 18 We
1521 261 64 23 regret
1592 262 21 15 to
1630 265 97 12 announce
1736 259 33 17 the
1786 259 58 16 death
1862 258 20 17 of

1447 285 47 16 Miss
1503 284 54 22 Lucy
1565 283 103 20 Warbrick,
1686 282 54 17 sister
1746 282 20 17 of
1774 282 32 17 Mr
1814 282 68 16 Alfred

1447 307 104 21 Warbrick,
1561 307 33 17 the
1603 306 41 18 well
1654 305 68 19 known
1738 304 56 21 <.Tuido
1802 306 21 16 to
1844 304 38 18 this

1448 331 79 17 district.
1553 330 47 17 Miss
1608 328 97 19 Warbrick
1718 328 35 16 left
1761 329 45 15 here
1814 334 12 10 a
1844 327 38 23 day

1448 360 22 11 or
1478 355 38 15 two
1524 353 65 18 before
1610 352 60 17 Xmas
1692 352 28 16 for
1729 351 32 16 the
1769 356 82 17 purpose
1860 351 20 17 o£

1448 376 72 24 paying
1528 383 12 10 a
1548 376 45 17 visit
1601 376 20 16 to
1630 376 33 16 her
1671 374 85 17 brothers
1766 374 36 16 and
1818 374 64 17 sisters

1448 400 20 16 in
1477 399 82 22 Sydney.
1569 398 38 18 She
1614 397 73 19 arrived
1696 399 19 15 at
1724 397 34 17 her
1767 397 41 17 dest
1816 397 66 17 nation

1449 429 24 10 on
1482 421 94 19 Dec.2Bth
1589 421 38 17 and
1643 426 25 12 on
1687 421 33 17 the
1729 421 42 16 31st
1791 421 60 16 wrote
1871 426 11 11 a

1449 447 49 16 most
1506 445 84 18 cheerful
1597 445 56 16 letter
1660 445 20 16 to
1686 444 34 17 her
1727 443 79 18 brother
1814 443 59 17 detail-

1449 469 33 21 ing
1491 468 26 17 all
1525 468 33 17 she
1566 467 38 18 had
1613 473 43 11 seen
1670 467 21 17 in
1706 466 33 17 the
1755 466 47 17 New
1821 466 61 18 South

1451 492 59 18 Wales
1526 491 108 22 metropolis
1642 490 20 17 in
1671 490 41 17 that
1729 489 49 17 brief
1795 489 87 17 interval.

1449 516 39 16 The
1496 515 57 17 letter
1569 515 87 16 however
1672 512 103 18 concluded
1791 511 90 24 abruptly

1451 538 45 18 with
1505 543 24 12 an
1538 538 102 17 admission
1649 536 42 17 that
1700 536 31 15 sin?
1741 541 38 11 was
1788 537 34 15 not
1835 535 38 17 feel-

1449 562 34 21 ing
1492 562 49 16 well.
1554 561 39 17 The
1600 560 72 21 tidings
1680 558 61 18 which
1747 558 136 23 subsequently

1450 584 79 18 reached
1538 585 43 16 here
1590 590 31 10 are
1630 585 20 15 to
1663 583 32 16 the
1713 581 54 19 effect
1792 582 41 16 that
1851 581 32 17 the

1449 614 67 16 young
1523 607 45 21 lady
1589 612 38 11 was
1647 605 87 18 attacked
1755 604 26 23 by
1803 604 80 22 typhoid

1450 631 56 16 taken
1516 632 20 16 to
1550 630 33 17 the
1600 630 56 17 Coast
1667 627 89 24 Hospital
1776 628 30 17 for
1823 628 61 17 better

1450 654 80 22 nursing
1546 653 38 17 and
1599 652 42 17 died
1647 652 19 17 in
1680 651 42 19 that
1738 651 109 17 institution
1860 656 24 11 on

1449 677 87 22 January
1539 677 43 17 18th

1473 709 40 16 The
1521 708 90 21 ordinary
1619 706 87 22 monthly
1715 706 84 22 meeting
1815 706 20 16 of
1853 705 31 17 the

1451 732 68 17 School
1528 731 113 18 Committee
1650 729 45 17 took
1703 729 54 22 place
1766 735 24 11 on
1799 726 85 25 Monday

1451 755 37 17 last
1496 755 19 17 in
1521 755 32 16 the
1560 753 133 18 Schoolhouse.
1699 752 20 17 It
1727 758 38 11 was
1774 751 112 18 announced

1451 779 43 16 that
1503 777 77 18 Charles
1590 776 78 17 F.Cross
1675 775 38 17 had
1722 775 47 17 been
1792 774 62 18 added
1865 776 21 15 to

1451 802 33 17 the
1492 801 46 17 staff
1544 806 20 12 as
1591 799 53 22 pupil
1657 799 81 19 teacher,
1755 798 37 17 and
1802 798 43 16 that
1854 797 32 17 the

1451 824 64 18 school
1523 823 65 17 would
1606 828 69 16 reopen
1689 822 45 16 next
1749 821 91 22 Monday.
1867 821 20 16 It

1451 854 38 11 was
1504 846 78 19 decided
1595 846 42 17 that
1644 851 25 11 no
1690 845 69 21 charge
1779 844 68 17 should
1863 844 23 16 be

1451 871 55 17 made
1515 871 30 16 for
1551 870 32 17 the
1593 868 116 18 schoolroom
1718 873 25 11 on
1752 868 32 16 the
1799 866 86 18 occasion

1451 895 20 17 of
1487 892 105 19 thebenefit
1611 893 74 16 concert
1700 896 23 12 on
1729 891 66 17 behalf
1803 891 20 17 of
1839 890 47 17 Miss

1451 917 52 19 Celia
1515 916 75 22 Dumpii
1596 920 10 12 r
1613 916 34 16 but
1656 915 41 16 that
1703 914 20 17 in
1729 914 64 17 future
1802 920 11 11 a
1818 913 69 23 charge

1452 942 19 17 of
1483 942 30 15 10s
1520 940 24 17 be
1553 939 54 18 made
1617 939 29 16 for
1655 938 53 17 other
1728 937 47 17 than
1796 936 49 18 local
1866 943 21 10 or

1452 962 103 20 charitable
1564 967 96 18 purposes.
1686 961 16 16 A
1722 962 43 15 vote
1774 960 20 18 of
1814 959 70 18 thanks

1452 993 38 11 was
1498 985 134 22 unanimously
1641 983 90 18 accorded
1739 985 21 15 to
1768 984 48 16 Miss
1829 983 57 23 Sclby

1451 1011 32 16 Mr
1491 1009 87 20 Webber,
1588 1009 32 16 the
1628 1008 57 17 Brass
1701 1007 54 17 Band
1764 1007 38 17 and
1823 1007 63 17 others

1452 1034 42 17 who
1503 1032 38 18 had
1550 1030 120 19 contributed
1677 1032 20 15 to
1706 1030 33 17 the
1748 1036 72 11 success
1829 1030 20 17 of
1855 1030 32 17 the

1452 1057 67 22 picnic.

1475 1089 40 16 The
1524 1087 40 18 Rev
1576 1087 32 17 Mr
1616 1085 76 21 Stubbs,
1710 1091 11 12 a
1736 1084 113 23 clergyman
1866 1085 20 17 of

1452 1112 32 17 the
1505 1110 81 23 English
1611 1108 122 24 Prebyterian
1754 1108 71 18 church
1849 1108 38 18 will

1452 1134 82 18 conduct
1543 1134 70 17 service
1621 1134 45 16 next
1676 1132 83 20 Sunday.
1769 1132 31 16 Mr
1817 1131 70 17 Stubbs

1452 1159 34 16 has
1494 1158 47 16 been
1550 1157 63 21 filling
1619 1157 32 17 the
1660 1155 61 23 pulpit
1731 1156 19 16 of
1757 1155 22 17 St
1788 1155 97 19 Andrews,

1452 1181 99 18 Auckland
1560 1181 66 16 forthe
1634 1181 42 21 past
1682 1179 52 16 three
1744 1178 88 22 Sundays
1840 1178 47 17 with

1452 1204 56 17 much
1518 1205 117 21 acceptance.

1475 1237 39 17 The
1524 1237 74 17 concert
1616 1234 91 22 arranged
1724 1234 26 22 by
1768 1234 32 17 Mr
1814 1234 73 17 Arthur

1452 1260 58 17 Boidt
1519 1261 30 16 for
1558 1259 32 16 the
1599 1257 73 19 benefit
1680 1258 20 16 of
1708 1258 32 16 the
1750 1257 61 17 clever
1819 1262 66 17 young

1452 1284 89 19 violinist,
1554 1282 47 18 Miss
1610 1282 89 21 Dampier
1708 1286 37 12 was
1754 1281 85 22 brought
1848 1282 19 16 to
1876 1287 11 11 a

1452 1306 102 18 successful
1574 1306 49 16 issue
1639 1305 19 16 in
1675 1304 33 17 the
1723 1304 123 17 Schoolroom
1863 1310 24 11 on

1452 1329 85 23 Monday
1554 1328 62 22 night.
1642 1327 38 17 The
1701 1333 66 16 young
1787 1326 99 23 musician,

1452 1353 62 17 whose
1524 1352 42 17 skill
1576 1357 24 12 on
1609 1352 31 16 the
1649 1351 113 16 instrument
1771 1351 116 22 approaches

1452 1376 32 18 the
1505 1375 111 19 marvelous,
1638 1373 68 24 played
1725 1374 65 16 Tour's

1452 1400 95 16 Romance
1575 1398 37 17 and
1621 1404 11 10 a
1640 1396 92 19 Cavatina
1748 1396 25 24 by
1783 1397 44 16 Raff
1841 1397 45 17 with

1452 1421 106 19 wonderful
1577 1420 100 19 discretion
1693 1420 38 17 and
1753 1426 38 11 was
1811 1419 75 24 equally

1452 1445 101 18 successful
1570 1444 20 17 in
1599 1444 79 17 another
1691 1443 39 17 solo
1763 1444 15 16 A
1788 1444 78 17 Reverie

1452 1469 25 22 (A
1486 1469 59 17 Boidt
1554 1468 12 23 ).
1592 1468 72 16 Master
1673 1466 76 18 Hubert
1767 1466 65 18 James
1849 1473 38 11 was

1452 1493 20 16 in
1485 1491 48 23 good
1551 1491 53 17 voico
1619 1490 38 17 and
1673 1490 18 17 in
1702 1490 29 17 his
1752 1495 57 17 songs
1849 1490 38 17 The

1452 1515 100 18 Childrens
1560 1514 62 18 Home
1664 1513 37 17 and

1452 1539 47 16 with
1515 1538 59 17 violin
1583 1536 84 24 obligate
1684 1536 24 22 by
1726 1536 47 17 Miss
1790 1536 96 23 Dampier,

1452 1568 39 11 was
1508 1561 104 22 eminently
1630 1559 106 18 successful.
1762 1559 41 18 Mrs
1820 1559 65 19 Cadell

1452 1584 121 18 contributed
1582 1585 37 16 two
1630 1589 56 16 songs
1821 1583 38 18 and
1877 1584 10 17 I

1452 1608 49 18 shall
1524 1607 50 22 hear,
1616 1606 38 17 and
1748 1606 53 22 Holy

1452 1631 105 22 effectively
1578 1630 37 17 and
1635 1630 46 16 with
1701 1628 56 19 much
1771 1630 115 21 expression,

1452 1654 38 18 and
1498 1655 32 17 Mr
1538 1653 75 18 Roland
1633 1653 39 17 also
1693 1652 90 17 rendered
1800 1653 87 17 valuable

1452 1678 107 17 assistance.
1585 1677 38 16 The
1632 1675 50 18 carol
1691 1676 76 22 singing
1776 1676 25 22 by
1810 1682 11 11 a
1837 1677 52 17 choir

1452 1701 60 18 under
1521 1701 31 16 Mr
1566 1700 72 17 Boult's
1647 1699 115 22 supervision
1772 1705 38 12 was
1819 1706 11 11 a
1847 1700 30 17 fea-

1452 1726 42 16 ture
1512 1724 20 18 in
1546 1724 33 18 the
1590 1728 119 17 programme
1726 1722 38 17 and
1780 1723 109 23 altogether

1452 1748 32 18 the
1494 1748 74 17 concert
1578 1752 38 11 was
1625 1752 12 11 a
1650 1745 77 17 decided
1744 1752 78 12 success.
1848 1747 39 17 The

1452 1771 79 17 absence;
1547 1770 20 18 of
1583 1775 129 17 programmes
1728 1775 39 11 was
1789 1769 98 18 remarked

1452 1801 51 15 upon
1512 1795 34 16 but
1555 1793 38 17 this
1602 1799 38 10 was
1649 1791 36 19 due
1694 1794 19 15 to
1723 1799 24 10 an
1757 1794 97 21 oversight
1863 1799 24 12 on

1452 1818 32 17 the
1501 1818 44 22 part
1557 1817 20 17 of
1585 1816 33 18 the
1634 1821 67 17 person
1718 1817 20 16 to
1754 1816 64 18 whom
1835 1816 44 23 they

1452 1847 48 11 were
1517 1839 94 19 dalivered
1635 1839 37 17 and
1688 1839 43 17 who
1751 1839 100 23 neglected
1867 1841 20 16 to

1451 1864 52 17 band
1513 1863 51 18 them
1573 1869 44 11 over
1625 1864 20 16 to
1654 1863 31 16 Mr
1693 1863 64 17 Boult.

1476 1895 74 17 Kiaer's
1559 1894 80 18 Komide
1656 1893 82 22 Kooder,
1755 1895 63 17 which
1839 1901 49 12 mass

1452 1920 20 16 of
1487 1918 114 18 alliteration
1618 1923 28 11 we
1662 1923 31 11 are
1709 1917 57 23 given
1780 1919 20 16 to
1817 1919 59 17 under-

1452 1942 56 18 stand
1520 1942 15 17 is
1543 1940 117 24 high-toned
1665 1940 92 18 Javanese
1767 1942 30 15 for
1803 1948 11 10 a
1822 1941 55 19 horsc-

1452 1966 67 19 cireus,
1528 1964 74 18 arrived
1611 1964 19 17 in
1638 1964 84 17 Rotorua
1732 1964 37 17 last
1778 1965 57 22 night
1850 1965 37 18 and

1452 1989 16 17 it
1477 1989 15 17 is
1500 1990 21 16 at
1529 1988 70 17 almost
1607 1987 84 17 needless
1700 1988 19 16 to
1735 1994 33 15 say
1785 1988 102 23 engrossed

1451 2013 34 17 the
1512 2011 102 18 undivided
1642 2010 94 17 attention
1757 2011 20 17 of
1802 2011 85 21 pleasure

1451 2035 80 18 seekers.
1556 2034 39 17 The
1607 2034 72 22 Jockey
1696 2033 49 18 Club
1762 2035 79 16 Concert
1851 2037 36 17 had

1452 2060 21 16 to
1481 2058 43 17 bow
1533 2059 20 16 to
1562 2057 33 17 the
1604 2062 50 12 more
1663 2058 67 21 potent
1738 2058 75 17 charms
1821 2058 21 17 of
1854 2061 34 16 the

1452 2081 126 18 horse-riders
1586 2081 30 17 for
1625 2081 20 16 at
1653 2081 41 16 K..'50
1701 2081 33 15 the
1746 2080 87 19 Pukeroa
1841 2084 47 17 Hall

1451 2104 92 18 disclosed
1550 2104 76 22 nought
1632 2103 35 17 but
1672 2109 11 10 a
1802 2110 56 19 array
1868 2108 20 16 of

1452 2129 65 21 empty
1675 2127 50 16 That
1753 2127 70 18 fixturo
1849 2136 39 13 was

1452 2152 94 17 therefore
1555 2150 86 18 declared
1650 2150 27 17 off
1689 2150 38 16 anil
1744 2150 32 17 the
1792 2151 37 17 few
1845 2155 42 16 who

1451 2176 36 21 put
1495 2175 20 17 in
1524 2180 24 11 an
1555 2179 115 17 appearance
1678 2173 75 17 swelled
1758 2173 130 26 thethrongin

1452 2198 33 18 the
1494 2199 59 16 circus
1562 2198 47 16 tent.
1634 2197 38 16 The
1686 2197 130 21 performance
1835 2201 53 17 there

1452 2227 39 12 was
1499 2222 20 16 in
1527 2226 56 16 every
1592 2226 43 16 way
1647 2220 99 21 agreeable
1756 2224 20 16 to
1797 2223 33 17 the
1839 2225 48 16 taste

1452 2245 20 17 of
1477 2245 33 17 the
1519 2244 89 17 audience
1625 2242 73 19 elicited
1715 2243 92 20 alternate
1825 2247 63 18 bursts

1452 2269 20 17 of
1480 2267 89 22 laughter
1575 2267 38 17 and
1621 2266 96 23 applause.
1742 2269 39 17 The
1790 2270 85 19 combina-

1452 2291 40 18 tion
1501 2289 75 25 though
1591 2289 55 18 small
1660 2289 15 17 is
1684 2291 50 16 most
1746 2295 88 21 compact
1850 2294 37 17 and

1452 2314 101 22 comprises
1564 2314 115 21 equestrians
1695 2313 38 16 and
1748 2317 139 21 equestriennes

1452 2339 20 17 of
1481 2338 32 16 the
1522 2337 47 17 haut
1578 2336 55 21 ecolo,
1645 2339 141 17 contortionists
1800 2340 87 17 acrobats

1452 2361 69 17 Indian
1538 2360 92 23 jugglers,
1639 2362 92 22 Japanese
1740 2363 101 22 mystifiers
1850 2364 37 16 and

1452 2390 11 13 a
1472 2384 60 18 clown
1550 2383 45 18 with
1612 2388 11 13 a
1639 2385 102 23 peculiarly
1759 2387 61 21 funny
1836 2386 53 18 twist

1452 2408 59 17 about
1520 2408 45 18 him.
1590 2408 38 17 The
1646 2409 128 21 performance
1784 2409 103 19 concluded

1452 2432 47 16 with
1509 2437 11 11 a
1534 2431 103 21 laughable
1650 2432 106 22 equestrian
1766 2433 50 17 farce
1826 2433 61 18 which

1452 2457 41 15 sent
1510 2455 32 17 the
1552 2455 88 17 audience
1649 2455 54 17 home
1712 2455 20 17 in
1753 2456 32 17 the
1805 2456 43 18 best
1868 2457 20 17 of

1452 2479 51 22 good
1528 2477 97 19 humours.
1654 2478 39 17 The
1720 2480 69 21 troupe

1452 2503 56 21 again
1515 2503 21 16 to
1544 2502 57 21 night
1609 2502 37 16 and
1653 2503 100 16 tomorrow
1762 2503 63 21 night,
1833 2503 54 17 when

1451 2531 42 11 new
1506 2525 82 17 features
1597 2525 38 17 will
1644 2525 22 17 be
1675 2526 117 17 introduced.

1451 2557 54 18 THE
1518 2557 87 18 WASTE
1625 2557 33 17 OF
1677 2557 99 18 BODILY
1789 2557 97 18 TISSUE.

1452 2594 85 17 Diseases
1560 2594 20 17 of
1596 2594 32 17 the
1644 2594 79 21 kidneys
1750 2594 37 17 and
1809 2594 79 18 bladder

1452 2624 54 11 cause
1515 2618 15 16 is
1555 2623 105 12 enormous.
1693 2618 78 17 Wolfe's
1789 2618 98 21 Schnapps

1451 2642 88 21 prevents
1548 2641 32 17 the
1597 2641 115 17 destruction
1729 2641 21 17 of
1766 2641 50 17 their
1833 2641 53 17 fibre.

1452 2665 42 22 Buy
1503 2664 70 17 bottles
1586 2664 65 17 intact.

1510 2714 76 17 TOWN
1598 2713 86 18 BOARD
1701 2714 126 17 MEETING.

1475 2761 39 17 The
1521 2760 54 18 usual
1582 2761 87 21 monthly
1675 2761 84 22 mooting
1765 2761 21 17 of
1792 2761 31 18 the
1830 2761 58 17 Town

1452 2784 63 17 Board
1524 2784 44 17 took
1579 2784 53 22 place
1644 2784 19 16 in
1680 2784 32 16 tho
1729 2784 119 17 Courthouse
1864 2790 24 11 on

1451 2807 99 22 Thursday
1560 2808 98 16 afternoon
1664 2806 38 18 last
1710 2807 55 17 when
1775 2808 52 17 there
1841 2813 47 11 were

1451 2831 169 21 present—Messrs
1637 2830 20 18 C.
1675 2830 84 22 Malfroy
1776 2831 73 22 (chair),
1865 2831 22 17 G.

1451 2853 87 21 Mueller,
1548 2854 65 20 Brent,
1622 2853 76 22 Danscy
1707 2853 38 18 and
1758 2854 28 17 Dr
1801 2853 85 18 Gindors.

1530 2885 92 17 Weekly
1634 2885 58 16 Half
1705 2885 103 17 Holiday.

1475 2916 102 18 Constable
1584 2916 79 22 Murray
1671 2916 51 17 drew
1730 2916 32 17 tho
1772 2917 79 17 Board's
1858 2918 20 15 at-

1452 2940 73 17 tention
1533 2941 21 16 to
1562 2940 33 16 tho
1604 2940 38 16 fact
1651 2939 42 17 that
1705 2939 16 17 it
1733 2945 39 12 was
1788 2946 100 15 necessary

1452 2964 29 16 for
1489 2963 33 17 tho
1530 2963 48 17 local
1587 2963 97 21 authority
1692 2964 20 15 to
1729 2963 27 17 fix
1771 2963 33 17 the
1817 2963 72 22 weekly

1451 2987 42 16 half
1501 2985 77 23 holiday
1587 2986 19 17 in
1613 2985 32 18 the
1655 2986 66 17 month
1735 2987 21 16 of
1769 2986 87 22 January
1870 2987 19 16 of

1451 3010 46 17 each
1502 3015 51 16 year.
1578 3010 39 16 The
1624 3009 62 17 Board
1691 3009 113 18 afterwards
1812 3010 77 17 decided

1451 3033 43 17 that
1502 3032 119 22 Wednesday
1635 3032 67 17 should
1717 3033 72 17 remain
1802 3033 33 17 the
1852 3032 37 23 day

1452 3062 20 11 as
1480 3056 91 18 hitherto.

1547 3087 98 17 PITKEROA
1657 3091 42 13 AST)
1713 3087 80 18 PotJXD.

1475 3119 70 17 Messrs
1554 3118 96 22 Wynyard
1666 3118 37 17 and
1719 3119 90 20 Purchas,
1825 3119 54 18 solici-

1451 3143 46 20 tors,
1512 3142 106 17 forwarded
1632 3144 110 20 agreement
1756 3142 85 17 between
1856 3143 33 16 the

1452 3165 63 17 Board
1523 3165 39 17 and
1569 3165 33 17 the
1610 3165 57 17 lessee
1675 3165 20 17 of
1703 3165 88 17 Pukeroa
1804 3165 40 17 and
1856 3166 32 16 the

1453 3188 85 18 Colonial
1548 3188 112 22 Secretary's
1674 3188 120 22 department
1808 3190 41 16 sent
1865 3195 23 11 on

1453 3212 32 17 the
1492 3217 97 16 necessary
1597 3211 52 17 bond
1657 3211 29 17 for
1703 3212 98 22 signature
1815 3212 25 22 by
1856 3212 34 17 tho

1453 3234 133 23 poundkeepor
1594 3234 37 17 and
1648 3234 28 17 his
1682 3234 91 18 'sureties.
1803 3235 39 17 The
1860 3241 19 11 se-

1453 3260 73 19 cretary
1536 3257 62 17 stated
1612 3257 42 17 that
1668 3258 32 16 Mr
1714 3258 52 16 Birss
1780 3258 76 17 refused
1869 3260 20 15 to

1453 3281 43 21 si;jn
1504 3286 25 12 on
1538 3281 32 16 the
1576 3280 74 23 ground
1658 3281 42 16 that
1709 3281 33 17 the
1751 3282 38 17 fees
1801 3287 50 12 were
1859 3287 20 12 re-

1453 3304 66 22 quired
1528 3306 20 15 to
1556 3304 23 17 1)0
1588 3304 44 21 paid
1641 3305 19 15 to
1670 3304 32 17 the
1716 3304 129 17 Government
1859 3305 20 16 in-

1453 3327 53 17 stead
1515 3328 20 16 of
1550 3328 19 16 to
1583 3327 45 17 him.
1655 3327 18 16 It
1689 3333 39 11 was
1745 3327 85 18 resolved
1846 3328 43 16 that

1453 3351 32 16 the
1495 3351 100 17 Chairman
1604 3350 38 16 and
1651 3350 98 22 Secretary
1757 3351 87 17 examine
1857 3351 32 17 the

1453 3373 130 23 Impounding
1592 3373 36 17 Act
1636 3373 38 17 and
1682 3373 44 18 take
1735 3373 46 18 such
1798 3374 62 17 action
1869 3380 20 11 as

1453 3403 43 16 may
1505 3396 43 17 load
1556 3398 20 15 to
1585 3402 24 11 an
1618 3396 52 22 early
1678 3396 115 18 settlement.

1491 3428 68 17 Baths
1576 3431 42 14 and
1636 3428 58 17 Bath
1712 3428 142 17 Attendants.

1476 3460 24 16 In
1515 3459 105 21 discussing
1635 3459 71 17 certain
1720 3460 51 21 steps
1786 3460 62 16 which
1862 3460 28 16 Dr

1453 3482 80 17 Ginders
1542 3482 37 17 had
1588 3481 59 18 found
1655 3482 15 16 it
1682 3482 113 18 incumbent
1808 3488 24 11 on
1849 3483 40 17 him

1453 3507 19 16 to
1481 3506 44 16 take
1538 3505 84 22 recently
1639 3511 10 10 a
1664 3506 76 21 general
1758 3506 131 17 conversation

1452 3534 53 12 arose
1522 3534 21 11 as
1561 3529 21 16 to
1595 3528 32 17 the
1642 3528 87 23 working
1742 3529 20 17 of
1778 3530 33 16 the
1825 3529 63 17 baths.

1453 3552 32 16 Mr
1493 3552 59 16 Bront
1561 3551 51 17 drew
1618 3551 94 17 attention
1721 3553 19 15 to
1750 3552 32 16 tho
1791 3553 55 21 great
1858 3553 20 16 in-

1453 3574 124 18 convenience
1594 3574 79 17 suffered
1690 3574 26 22 by
1731 3575 59 18 ladies
1804 3575 84 21 through

1453 3598 52 17 there
1514 3597 58 22 being
1580 3603 24 11 no
1621 3597 67 17 female
1702 3598 103 17 attendant
1819 3598 21 17 at
1856 3598 33 17 the

1449 3626 46 12 new
1503 3620 84 22 Sulphur
1595 3620 65 17 Baths.
1670 3620 17 17 A
1692 3620 81 23 retiring
1779 3627 22 11 or
1806 3621 72 22 resting-

1452 3649 53 12 room
1514 3643 50 17 after
1571 3643 82 22 bathing
1660 3643 19 17 in
1688 3643 53 18 these
1747 3645 67 20 strong
1821 3645 68 16 waters

1453 3673 38 11 was
1501 3666 39 18 also
1549 3667 50 16 most
1608 3666 92 18 essential,
1711 3667 37 16 and
1757 3667 62 22 ought
1832 3668 20 16 to
1865 3667 24 18 be

1452 3689 91 22 provided
1550 3690 20 16 at
1576 3695 50 11 once.
1652 3690 20 16 It
1680 3695 37 12 was
1732 3690 77 17 decided
1824 3691 20 16 to
1858 3696 20 11 re-

1453 3714 75 21 present
1537 3712 52 17 these
1597 3713 78 17 matters
1682 3714 20 15 at
1710 3719 47 11 once
1765 3714 20 16 to
1797 3713 32 17 the
1842 3719 34 16 pro-

1452 3741 34 17 per
1494 3736 77 22 quarter
1579 3735 46 17 with
1640 3741 11 11 a
1665 3737 68 21 strong
1746 3736 130 17 recommenda-

1452 3759 41 17 tion
1502 3759 43 16 that
1553 3759 45 21 they
1606 3758 23 17 bo
1642 3758 98 20 remedied,
1756 3765 20 11 as
1790 3760 50 16 from
1855 3760 32 16 the

1453 3784 52 14 want
1525 3782 20 16 of
1565 3787 11 11 a
1589 3781 67 17 female
1672 3782 102 17 attendant
1790 3788 12 11 a
1818 3782 70 18 serious

1453 3805 85 17 accident
1547 3805 62 22 might
1616 3805 75 21 happen
1701 3807 20 15 at
1733 3811 38 16 any
1785 3805 52 17 time.
1869 3805 20 17 It

1453 3834 38 11 was
1500 3828 40 17 also
1548 3828 77 17 decided
1639 3828 42 17 that
1697 3828 72 17 notices
1783 3828 68 17 should
1865 3829 23 17 be

1453 3851 66 22 posted
1536 3852 19 15 at
1576 3850 32 19 the
1626 3851 74 17 various
1715 3851 127 18 bath-houses
1858 3857 20 11 re-

1453 3874 89 21 qnestin<r
1550 3874 74 16 visitors
1633 3874 19 16 to
1669 3874 60 16 retain
1743 3874 50 17 their
1810 3874 42 17 half
1869 3875 20 17 of

1453 3897 31 17 the
1493 3897 47 17 bath
1548 3897 59 16 ticket
1615 3896 37 17 and
1660 3897 40 16 also
1709 3897 49 17 their
1772 3903 65 11 season
1852 3898 35 16 tier

1453 3920 40 17 kets
1502 3920 26 22 by
1536 3920 54 17 those
1601 3920 80 22 holding
1693 3920 52 17 such.

1523 3951 43 17 Old
1579 3951 60 17 Town
1648 3951 168 18 Requirements.

1477 3974 30 17 Mr
1515 3974 27 17 H.
1555 3974 86 17 Mitchell
1654 3975 58 16 wrote
1726 3975 71 21 calling
1811 3975 32 17 the
1857 3977 21 15 at-

1452 3997 74 17 tention
1535 3996 19 18 of
1562 3997 33 17 tho
1603 3996 63 18 Board
1677 3998 21 16 to
1712 3997 33 18 the
1759 4000 49 15 state
1822 3998 20 17 of
1855 3998 33 17 the

1453 4020 38 17 side
1500 4019 54 18 drain
1564 4026 24 10 on
1597 4019 32 17 the
1641 4020 47 17 road
1701 4020 77 23 loading
1792 4021 49 17 from
1855 4021 33 17 tho

1453 4043 86 18 Utuhina
1546 4043 67 21 bridge
1621 4043 41 17 into
1670 4043 33 18 the
1711 4045 58 16 town.
1783 4045 17 16 A
1811 4043 76 24 portion

1453 4066 20 17 of
1491 4066 17 17 it
1524 4071 38 12 was
1575 4066 79 17 blocked
1670 4072 26 16 up
1713 4067 47 17 with
1781 4067 46 17 mud
1850 4067 38 17 and

1453 4089 95 22 washings
1564 4089 53 17 -from
1633 4088 32 18 the
1681 4089 99 22 roadways
1801 4090 37 17 and
1855 4090 33 16 the

1452 4111 65 23 public
1524 4112 65 16 health
1606 4111 63 17 would
1682 4113 56 16 suffer
1752 4113 16 17 if
1783 4118 13 12 a
1811 4113 77 22 remedy

1453 4141 48 10 were
1512 4135 35 16 not
1563 4134 81 22 applied.
1677 4135 39 18 The
1729 4135 103 18 Chairman
1849 4142 38 11 was

1453 4158 116 22 empowered
1578 4159 19 16 to
1606 4159 36 16 act.

1927 136 28 16 Dr
1963 136 78 17 Cinders
2057 136 57 22 again
2127 133 61 18 called
2208 133 93 17 attention
2315 135 20 15 to

1892 154 2 27 |
1903 158 32 17 the
1945 158 107 23 disgusting
2060 159 88 17 nuisance
2164 155 82 19 fostered
2262 156 26 21 by
2303 157 33 17 the

1891 179 3 23 I
1903 183 122 17 continuance
2032 183 21 16 of
2061 183 32 16 the-
2102 179 163 23 closely-boarded
2284 179 51 16 fene<>

1903 204 61 17 round
1973 205 90 17 Pukeroa.
2089 205 32 16 Mr
2134 202 82 19 Mueiier
2229 202 107 17 considered

1903 227 33 17 the
1952 228 82 17 removal
2050 229 20 16 of
2086 228 32 17 the
2134 227 54 17 fence
2208 224 92 18 desirable
2317 226 19 16 in

1903 251 55 15 order
1966 252 20 15 to
1994 253 34 19 put
2035 258 11 10 a
2054 256 43 17 stop
2105 252 21 16 to
2134 250 46 17 such
2188 254 13 11 a
2213 249 48 16 state
2274 248 20 17 of
2307 249 20 16 af-

1903 273 52 17 fairs.
1980 273 38 18 The
2027 275 101 16 Chairman
2144 271 84 23 thought
2245 271 43 16 that
2305 272 31 17 the

1903 296 94 17 attention
2006 297 19 16 of
2033 297 32 18 the
2073 297 61 22 police
2143 294 68 19 should
2219 294 23 17 be
2255 294 81 17 directed

1903 320 21 16 to
1932 319 32 16 the
1973 321 68 15 matter
2049 320 64 17 before
2122 320 33 17 the
2169 317 84 18 removal
2269 317 20 17 of
2305 318 31 16 the

1904 341 53 17 fence
1965 347 38 11 was
2019 343 77 17 decided
2109 349 31 11 on.
2166 341 19 17 If
2202 341 99 16 nuisances
2317 347 20 11 as

1904 364 74 22 alleged
1987 371 47 12 were
2042 365 110 18 committed
2161 365 32 17 the
2208 363 70 23 parties
2293 370 33 11 con-

1904 387 67 17 cerned
1980 388 55 17 could
2050 389 24 17 be
2087 387 103 25 proceeded
2204 386 81 23 against.
2319 386 17 17 It

1904 416 39 12 was
1951 411 83 17 resolved
2044 412 128 22 accordingly.

2049 444 44 17 The
2105 444 85 17 Whahf.

1927 473 39 16 The
1975 473 99 18 Chairman
2084 475 63 17 stated
2155 475 41 17 that
2206 473 24 18 he
2246 471 39 18 bad
2293 477 33 12 con-

1905 495 61 19 sulted
1976 497 44 16 with
2030 498 31 15 Mr
2069 498 76 22 Reaney
2154 504 20 11 as
2186 499 20 15 to
2219 497 32 16 the
2268 496 35 16 site
2319 496 20 15 of

1905 520 32 16 the
1945 520 92 21 proposed
2049 520 66 18 wharf.
2145 521 19 17 It
2178 520 62 17 would
2253 524 36 11 run
2306 519 33 16 out

1905 543 49 16 from
1962 542 33 16 the
2004 543 40 17 foot
2053 544 20 16 of
2078 543 104 17 Tutanekui
2190 543 62 17 Street
2258 543 20 15 at
2287 541 52 21 right

1905 565 66 21 angles
1979 566 20 16 to
2007 565 33 17 the
2049 566 72 17 Parade
2129 567 38 16 and
2177 566 62 17 would
2253 565 40 18 face
2308 565 31 16 the

1905 588 113 17 north-east.
2053 589 68 22 Owing
2135 592 20 15 to
2171 589 32 18 the
2218 588 121 18 shallowness

1906 611 20 17 of
1934 611 33 17 the
1976 612 59 16 water
2043 612 15 17 it
2066 612 63 18 would
2138 613 47 17 have
2195 614 19 15 to
2223 612 23 18 be
2255 617 36 11 run
2307 612 33 15 out

1907 635 29 16 for
1951 640 11 11 a
1982 635 126 17 considerable
2129 636 91 16 distance.
2253 635 26 16 At
2296 633 44 18 nine

1907 658 64 16 chains
1976 658 52 16 there
2038 663 37 12 was
2084 664 24 11 no
2117 665 52 11 more
2178 658 47 18 than
2234 658 52 17 three
2303 657 38 16 feet

1907 680 20 17 of
1935 682 64 15 water.
2025 680 52 18 Even
2087 682 45 16 with
2142 688 11 10 a
2161 682 60 16 width
2230 681 20 17 of
2258 680 44 22 only
2312 680 28 17 six

1907 704 37 16 feet
1953 703 15 17 it
1976 703 63 17 would
2048 706 40 15 cost
2096 711 51 11 more
2157 705 47 17 than
2213 705 32 16 the
2262 703 79 18 amount

1907 726 66 22 placed
1981 732 24 12 on
2014 727 32 16 the
2054 728 101 20 estimates,
2170 728 35 17 but
2214 733 51 12 more
2274 732 66 16 money

1908 749 62 18 would
1983 750 92 22 probably
2096 751 23 16 be
2136 751 134 21 forthcoming.
2303 750 38 16 The

1908 772 119 23 advisability
2044 774 20 16 of
2081 774 78 22 making
2175 774 96 21 provision
2285 773 30 17 for
2331 779 10 10 a

1908 795 58 22 trolly
1973 797 20 15 to
2002 802 35 10 run
2046 796 59 23 along
2113 797 32 16 the
2159 797 81 22 decking
2249 799 19 15 to
2281 795 51 18 facili-

1908 819 40 16 tate
1955 818 32 17 the
1994 818 98 24 discharge
2101 820 20 17 of
2133 819 80 23 sulphur
2228 826 38 11 was
2282 819 60 17 under

1908 841 143 18 consideration.

1962 873 45 17 The
2019 874 65 17 Pin-us
2097 875 97 16 Insignus
2213 878 69 13 again.

1931 907 32 17 Mr
1975 908 52 17 John
2041 908 91 18 Falloona
2148 908 58 18 asked
2220 910 30 16 for
2263 908 67 23 permis-

1908 931 41 17 sion
1957 932 20 16 to
1983 937 75 11 remove
2066 938 36 10 one
2111 932 20 17 of
2138 932 32 16 the
2174 932 45 21 pine
2225 934 47 15 trees
2281 932 61 17 which

1908 953 79 18 blocked
1995 959 26 18 up
2032 955 31 17 the
2072 957 89 15 entrance
2176 957 21 15 to
2210 955 29 17 his
2254 955 88 22 premises

1908 977 20 16 in
1943 977 73 18 Fenton
2034 978 67 17 Street.
2126 978 40 17 The
2179 979 102 16 Chairman
2298 984 33 12 con-

1908 1000 73 17 sidered
1995 1000 32 18 the
2044 1001 97 22 applicant
2157 1002 68 17 should
2237 1002 48 16 have
2298 1007 34 12 con-

1909 1023 71 17 sidered
1989 1023 32 18 the
2034 1030 88 16 presence
2135 1025 20 16 of
2168 1025 32 17 the
2217 1026 48 16 trees
2279 1025 64 17 before

1908 1046 93 23 building.
2027 1047 19 17 If
2054 1053 92 17 everyone
2155 1053 48 12 were
2212 1050 19 15 to
2240 1049 48 16 have
2300 1054 33 16 per-

1909 1070 76 17 mission
1994 1072 20 15 to
2029 1076 75 11 remove
2118 1071 52 16 what
2186 1072 48 16 trees
2248 1072 25 16 he
2288 1072 55 16 chose

1908 1093 53 16 there
1966 1094 63 16 would
2038 1099 46 12 soon
2093 1094 24 17 be
2125 1100 48 11 none
2183 1094 40 18 left.
2249 1094 61 18 While
2319 1100 24 11 on

1908 1116 33 17 the
1961 1116 73 23 subject
2055 1117 24 17 ho
2106 1117 63 23 might
2194 1118 85 17 mention
2301 1117 43 18 that

1908 1139 84 23 through
2008 1140 33 17 the
2061 1141 64 17 action
2145 1141 21 17 of
2189 1141 33 17 the
2246 1141 98 23 telegraph

1909 1162 71 18 officers
1997 1163 20 17 in
2034 1164 85 22 clipping
2134 1164 33 17 the
2181 1164 63 17 acacia
2260 1166 48 16 trees
2324 1165 20 17 in

1909 1186 74 16 Fenton
1992 1186 61 18 Street
2060 1193 57 16 many
2126 1188 20 16 of
2155 1187 52 18 these
2220 1193 47 12 were
2281 1194 50 16 grow-

1908 1209 35 21 ing
1959 1209 90 22 lopsided.
2083 1210 31 17 He
2126 1211 116 17 maintained
2254 1211 43 17 that
2312 1211 32 17 the

1908 1232 98 22 telegraph
2016 1234 52 20 posts
2074 1233 38 18 and
2121 1233 53 18 wires
2183 1234 38 17 had
2230 1240 24 11 no
2263 1234 52 23 right
2324 1236 20 16 to

1908 1255 23 17 be
1940 1256 19 16 in
1968 1256 32 16 the
2006 1258 62 15 centre
2077 1257 21 16 of
2106 1257 33 16 the
2148 1257 87 22 footpath
2246 1257 36 17 and
2291 1258 16 17 if
2312 1258 32 17 the

1908 1278 42 17 idea
1959 1284 38 12 was
2006 1279 71 18 carried
2087 1282 34 15 out
2129 1282 20 15 to
2158 1280 48 18 have
2215 1287 11 10 a
2231 1280 69 18 double
2305 1287 39 11 row

1908 1302 21 17 of
1946 1303 48 16 trees
2011 1304 19 15 to
2047 1303 175 17 Whakarewarewa
2238 1304 32 16 the
2291 1304 53 18 wires

1909 1325 62 16 would
1980 1324 47 19 have
2036 1327 19 16 to
2064 1326 23 17 be
2100 1327 94 16 removed.
2225 1327 31 16 Mr
2269 1327 76 23 Dansey

1908 1348 92 17 admitted
2013 1348 72 25 having
2098 1349 38 18 had
2149 1350 33 17 the
2195 1352 49 15 trees
2256 1350 89 19 trimmed

1908 1378 12 9 a
1932 1371 49 17 little
1990 1372 24 22 by
2024 1373 32 16 the
2065 1373 120 21 gardenia-as
2191 1374 44 21 they
2243 1373 102 18 interfered

1909 1395 45 16 with
1964 1395 32 17 the
2005 1395 53 17 wire's
2067 1396 35 17 but
2111 1397 20 16 to
2137 1402 32 16 say
2177 1397 39 16 thai
2226 1397 44 16 such
2277 1398 68 16 caused

1908 1418 52 17 them
1969 1420 20 15 to
1998 1425 53 15 grow
2060 1418 85 24 lopsided
2155 1424 37 12 Was
2201 1420 75 16 absurd.
2306 1419 39 19 The

1909 1441 97 23 telegraph
2017 1442 46 17 lines
2074 1449 48 11 were
2131 1442 52 23 right
2191 1449 23 11 on
2224 1449 11 11 a
2244 1443 37 17 line
2298 1444 45 17 with

1908 1466 33 16 the
1954 1465 95 17 verandah
2067 1468 52 19 posts
2133 1466 36 17 and
2183 1473 21 10 as
2218 1467 31 16 the
2263 1467 46 17 kerb
2324 1468 21 17 to

1909 1489 61 16 which
1979 1488 45 22 they
2039 1494 47 11 were
2097 1489 86 20 entitled,
2201 1494 38 13 Was
2255 1490 90 18 rendered

1908 1512 140 22 impracticable
2057 1513 25 21 by
2092 1518 66 11 reason
2164 1513 20 16 of
2193 1512 32 18 the
2234 1512 43 22 pine
2289 1515 55 20 trees,

1909 1536 46 21 they
1974 1537 51 15 must
2039 1536 61 16 cither
2117 1536 44 17 take
2175 1536 33 16 the
2222 1536 38 16 line
2277 1536 19 17 of
2313 1537 32 17 the

1908 1558 95 17 verandah
2013 1559 42 21 post
2065 1565 21 11 or
2099 1559 32 17 the
2145 1561 63 15 centre
2221 1559 21 17 of
2256 1559 32 17 the
2304 1566 30 11 car-

1909 1582 111 22 riage-way.
2053 1583 33 16 Mr
2100 1583 81 16 Mueller
2199 1582 40 17 said
2254 1582 42 17 that
2314 1583 31 17 the

1909 1606 57 16 Town
1976 1605 63 17 Board
2047 1606 37 16 had
2094 1606 131 21 undoubtedly
2241 1606 31 16 the
2285 1606 60 17 whole

1910 1628 51 23 right
1969 1630 21 15 to
1998 1627 32 19 the
2045 1628 94 23 footpath.
2171 1629 27 17 At
2214 1629 34 17 the
2263 1629 49 17 close
2326 1630 19 17 of

1909 1652 32 16 the
1950 1652 84 22 meeting
2042 1652 32 16 the
2086 1652 93 17 members
2191 1652 69 17 visited
2270 1653 33 17 the
2316 1652 20 18 lo-

1891 1675 1 21 ■
1909 1675 57 21 cality
1981 1675 37 16 and
2035 1675 101 18 consented
2154 1676 19 16 to
2190 1675 31 17 Mr
2239 1675 106 18 Falloona's

1909 1698 80 23 request.
2023 1698 38 17 The
2077 1700 69 15 matter
2162 1698 21 17 of
2199 1699 32 16 the
2246 1698 98 23 telegraph

1891 1721 1 22 •
1908 1723 53 20 posts
1970 1727 37 11 was
2016 1721 35 17 left
2060 1721 20 17 in
2089 1722 100 21 abeyance.

1987 1753 45 17 The
2041 1753 71 17 House
2125 1757 27 13 ox
2160 1754 106 16 Pukekoa.

1933 1785 17 16 A
1964 1785 158 17 communication
2140 1785 49 17 from
2207 1785 32 17 the
2253 1785 79 17 Commis-

1910 1809 61 16 sioner
1983 1808 20 17 of
2012 1808 67 17 Crown
2089 1808 64 17 Lands
2168 1808 73 22 stating
2256 1808 42 17 that
2315 1809 30 17 Mi-

1909 1831 69 22 Taylor
1986 1831 37 17 had
2033 1837 25 11 no
2066 1831 50 17 lease
2131 1837 21 11 or
2161 1832 43 16 title
2216 1832 21 16 to
2251 1837 37 16 any
2303 1834 42 19 part

1910 1856 19 16 of
1936 1855 91 18 Pukeroa,
2037 1855 37 16 and
2084 1855 15 16 if
2108 1855 22 16 he
2139 1854 33 17 did
2180 1856 34 15 not
2230 1860 73 12 remove
2317 1856 28 16 his

1909 1878 58 18 house
1987 1877 98 18 forthwith
2106 1878 32 17 the
2155 1877 63 18 Board
2243 1878 63 17 would
2322 1878 24 18 be

1891 1900 1 23 1
1910 1901 59 18 called
1978 1907 51 16 upon
2038 1902 20 16 to
2067 1901 24 17 do
2101 1907 20 10 so
2131 1902 21 15 at
2159 1900 29 18 his
2202 1907 86 16 expense.
2322 1902 22 17 In

1910 1924 93 18 reference
2016 1926 19 15 to
2052 1923 38 18 this
2107 1924 31 17 Mr
2155 1923 69 23 Taylor
2241 1924 104 18 forwarded

1910 1954 47 15 copy
1966 1948 20 16 of
1994 1947 55 17 letter
2059 1947 61 17 which
2129 1947 23 17 he
2169 1947 38 17 had
2220 1949 42 15 sent
2277 1949 19 15 to
2314 1948 31 18 the

1910 1971 63 17 Lands
1981 1971 126 21 Department
2116 1970 71 22 setting
2197 1971 50 16 forth
2256 1971 29 17 his
2291 1971 54 18 claim

1910 1995 29 16 for
1947 1993 137 18 consideration
2089 1994 38 16 and
2133 1994 148 21 compensation.
2293 1995 53 17 Inter

1910 2018 42 17 alia,
1963 2018 31 16 Mr
2001 2017 70 22 Taylor
2080 2016 61 18 stated
2150 2016 42 18 that
2209 2017 33 17 the
2258 2018 51 21 piece
2326 2019 20 16 of

1910 2041 43 16 land
1963 2041 18 16 in
1990 2040 75 22 dispute
2075 2039 37 18 had
2122 2039 47 18 been
2178 2040 57 22 given
2244 2042 19 16 to
2273 2040 38 18 him
2320 2041 25 24 by

1910 2064 86 17 Amohou
2005 2063 19 17 in
2035 2063 51 21 1880,
2096 2063 37 17 and
2143 2063 54 17 when
2207 2063 32 18 the
2245 2063 55 18 block
2308 2070 37 12 was

1910 2087 144 17 individualised
2070 2086 136 23 subsequently
2225 2087 33 16 the
2274 2093 71 12 owners

1910 2110 70 17 wished
1998 2110 29 17 bis
2044 2116 56 11 name
2116 2111 20 16 to
2153 2109 23 17 bo
2190 2110 66 21 placed
2272 2117 24 11 on
2313 2111 32 17 the

1891 2133 1 23 I
1910 2134 67 16 Crown
1986 2135 63 21 grant,
2058 2133 36 17 but
2103 2133 38 17 this
2150 2133 33 17 the
2192 2133 59 17 Court
2264 2135 79 17 refused.

1910 2157 31 16 Mr
1949 2156 81 17 Mueller
2046 2156 62 17 statid
2124 2156 43 17 that
2182 2156 95 17 whatever
2293 2157 52 22 right

1910 2180 30 16 Mr
1948 2180 70 21 Taylor
2026 2180 38 17 had
2072 2181 20 16 to
2101 2180 32 16 the
2143 2179 45 17 land
2198 2180 38 16 had
2244 2180 47 17 been
2300 2186 35 12 con

1910 2199 72 21 sidered
1996 2203 26 22 by
2040 2203 53 17 three
2110 2202 88 18 different
2211 2202 70 18 Native
2291 2204 54 18 Land

1910 2226 67 17 Courts
1985 2226 46 17 each
2040 2227 20 17 of
2069 2225 61 17 which
2140 2225 61 17 found
2213 2226 43 17 that
2269 2227 24 17 he
2307 2227 38 17 had

1962 2249 31 22 leg
2001 2250 20 16 to
2030 2249 56 18 stand
2153 2248 44 18 Still
2204 2255 24 12 no
2234 2255 34 11 one
2275 2251 70 17 wished

1910 2274 19 15 to
1938 2272 41 17 deal
1988 2273 78 21 harshly
2075 2272 46 17 with
2134 2272 32 17 Mr
2179 2272 74 22 Taylor,
2268 2273 37 17 and
2322 2274 23 17 he

1910 2302 37 10 wiis
1956 2296 52 21 quite
2018 2296 74 22 willing
2100 2297 20 16 to
2130 2295 50 17 refer
2193 2296 33 16 the
2242 2298 69 16 matter
2326 2299 19 16 to

1910 2319 122 22 Wellington.
2057 2319 39 17 The
2111 2318 62 18 Board
2192 2319 54 17 could
2263 2321 82 22 scarcely

1910 2343 28 16 set
1953 2342 51 17 itself
2013 2348 25 16 up
2053 2349 20 10 as
2082 2349 11 10 a
2106 2342 59 17 Court
2173 2343 21 16 to
2202 2343 85 16 consider
2296 2345 37 16 mat-

1910 2367 37 15 ters
1955 2366 22 16 25
1986 2371 53 16 years
2049 2365 37 18 old.
2112 2366 39 16 The
2160 2365 61 17 whole
2230 2366 20 16 of
2258 2366 32 17 the
2300 2366 45 18 land

1891 2388 1 22 .
1910 2389 30 17 Mr
1948 2389 69 21 Taylor
2026 2389 79 17 claimed
2119 2394 39 11 was
2174 2388 89 18 included
2277 2390 19 16 in
2313 2390 32 18 the

1909 2412 81 17 transfer
1999 2412 49 17 from
2056 2413 33 16 the
2098 2412 73 17 natives
2180 2413 20 16 to
2213 2413 32 16 the
2260 2413 73 17 Govern-

1910 2437 56 18 ment,
1977 2435 37 17 and
2023 2436 14 16 if
2046 2436 24 17 he
2079 2436 37 16 had
2126 2442 10 10 a
2145 2435 55 17 claim
2210 2436 20 16 to
2239 2436 15 17 it
2262 2436 24 17 he
2295 2438 50 16 must

1910 2457 49 24 fight
1973 2459 32 17 the
2018 2460 69 16 matter
2104 2460 33 16 out
2152 2458 47 18 with
2214 2459 32 17 the
2260 2460 73 17 Govern-

1910 2483 56 15 ment.
1992 2482 58 17 What
2058 2483 33 16 the
2100 2482 63 17 Board
2171 2481 38 17 had
2218 2484 20 15 to
2248 2482 24 18 do
2281 2488 38 12 was
2326 2484 19 16 to

1910 2505 42 16 take
1961 2505 105 22 possession
2075 2505 21 18 of
2103 2505 33 18 the
2149 2510 73 13 reserve
2239 2511 19 12 as
2275 2505 16 18 it
2307 2512 38 12 was

1910 2528 55 21 given
1974 2530 20 15 to
2007 2528 52 17 them
2073 2528 82 18 without
2171 2534 38 16 any
2223 2529 120 19 restrictions,

1910 2551 37 17 and
1955 2551 15 17 if
1976 2552 31 16 Mr
2014 2552 70 22 Taylor
2093 2557 38 12 was
2140 2551 103 23 aggrieved
2251 2552 24 17 he
2290 2553 55 17 could

1910 2580 24 16 go
1943 2576 19 15 to
1971 2575 33 17 the
2013 2575 133 17 Government.
2173 2571 99 24 However,
2282 2576 63 21 owinjr

1910 2599 19 16 to
1936 2597 32 18 the
1980 2599 149 21 representation
2146 2597 55 18 made
2218 2598 26 22 by
2258 2604 50 11 some
2326 2600 20 17 of

1910 2621 32 17 the
1952 2622 91 17 members
2053 2622 19 17 of
2081 2622 32 17 the
2122 2621 63 17 Board
2194 2622 42 16 who
2246 2622 54 17 knew
2313 2622 32 17 the

1910 2644 60 18 whole
1979 2644 144 18 circumstances
2134 2645 23 17 he
2166 2644 63 18 would
2243 2651 54 11 cause
2312 2651 22 11 en-

1910 2668 54 22 quiry
1973 2669 20 16 to
2002 2668 23 17 be
2034 2668 54 17 made
2100 2669 18 15 in
2127 2668 123 22 Wellington.

2043 2700 77 16 Notice
2126 2700 89 16 Boards.

1933 2731 31 17 Mr
1973 2731 89 18 Falloonn
2079 2737 38 12 was
2134 2731 58 21 given
2206 2731 111 22 permission
2326 2733 19 16 to

1910 2756 50 15 erect
1967 2755 63 17 notice
2038 2754 69 18 boards
2115 2754 84 23 relating
2215 2756 20 15 to
2252 2755 57 16 hours
2326 2756 21 16 of

1910 2778 83 22 running
2001 2778 86 17 between
2105 2778 85 17 Rotorua
2207 2777 37 17 and
2262 2778 70 17 Whaka-

1910 2807 104 14 rewarewa,
2025 2803 21 15 at
2054 2801 75 17 Brent's
2139 2806 66 12 corner
2214 2801 37 17 and
2260 2807 45 11 near
2314 2802 31 16 the

1910 2824 70 22 Geyser
1988 2824 65 17 Hotel.
2066 2825 20 16 It
2094 2830 39 11 was
2140 2824 97 22 expressly
2243 2825 103 21 stipulated

1910 2848 86 16 however
2004 2848 19 17 in
2032 2848 48 17 view
2089 2847 20 17 of
2117 2848 32 16 the
2163 2847 113 23 misleading
2284 2848 62 17 notice

1910 2871 73 17 outside
1999 2871 33 17 the
2049 2872 44 21 post
2115 2870 58 20 office,
2192 2870 43 17 that
2251 2871 33 17 the
2300 2871 46 17 time

1910 2894 61 17 stated
1977 2893 68 18 should
2050 2894 23 17 be
2079 2893 74 22 strictly
2159 2893 82 18 adhered
2249 2895 25 19 to,
2282 2895 53 16 other-

1910 2918 44 16 wise
1962 2918 43 16 that
2013 2918 33 16 the
2054 2917 69 17 boards
2134 2916 67 17 should
2213 2917 24 16 be
2251 2918 94 17 removed.

1910 2941 19 16 It
1938 2946 38 12 was
1985 2940 39 18 also
2033 2940 78 18 decided
2118 2940 43 17 that
2176 2940 31 16 Mr
2220 2940 87 18 Nelson's
2316 2942 21 16 at-

1910 2964 73 16 tention
1992 2963 23 17 be
2023 2963 61 17 called
2093 2964 19 16 to
2127 2963 33 17 the
2176 2963 60 17 board
2252 2970 46 10 near
2314 2964 33 17 the

1910 2987 104 22 postoffioo,
2019 2987 46 17 with
2071 2992 11 11 a
2089 2986 47 17 view
2143 2987 20 16 to
2170 2987 25 16 its
2203 2986 58 23 being
2268 2987 77 17 altered.

2024 3018 44 17 The
2077 3018 62 17 Town
2153 3018 80 17 Levels

1934 3050 16 17 A
1959 3050 45 22 plan
2013 3050 20 17 of
2046 3050 33 17 the
2087 3050 51 17 town
2155 3049 58 18 levels
2229 3055 38 12 was
2275 3050 39 17 laid
2322 3057 25 10 on

1911 3074 31 16 the
1951 3073 57 17 table.

1933 3097 31 16 Mr
1973 3096 28 17 W.
2012 3097 22 16 A.
2042 3095 85 18 Boulton
2140 3095 57 23 again
2214 3097 60 16 wrote,
2288 3097 19 16 in
2316 3103 20 11 re-

1910 3119 47 23 gard
1966 3121 20 15 to
1995 3119 32 17 the
2035 3119 83 23 leveling
2135 3116 22 19 of
2172 3119 32 17 the
2221 3119 88 23 footpath
2326 3121 21 16 in

1891 3138 1 28 1
1910 3143 52 17 front
1970 3142 20 17 of
1998 3143 32 16 the
2044 3138 66 21 Grand
2124 3142 60 17 Hotel
2193 3138 4 28 ;
2220 3142 40 17 also
2275 3143 71 23 calling

1910 3166 93 17 attention
2012 3167 20 15 to
2038 3172 24 10 an
2069 3165 140 17 accumulation
2218 3166 20 16 of
2246 3167 59 15 water
2313 3166 22 17 be-

1910 3191 61 15 tween
1979 3189 33 17 the
2020 3189 53 17 hotel
2089 3189 91 22 premises
2195 3188 39 17 and
2251 3189 94 17 Samson's

1891 3212 1 22 i
1910 3218 71 14 corner,
1991 3212 36 17 and
2037 3212 68 22 asking
2111 3212 43 17 that
2163 3212 108 21 something
2279 3212 67 17 should

1910 3235 23 17 be
1950 3235 48 17 done
2014 3236 21 16 to
2052 3235 77 22 remedy
2145 3235 23 17 it.
2192 3235 40 17 The
2246 3235 101 18 Chairman

1891 3257 1 24 i
1910 3258 40 17 said
1959 3258 41 17 that
2008 3258 76 23 though
2087 3258 46 22 they
2141 3257 39 18 had
2188 3257 85 18 received
2279 3264 11 11 a
2298 3265 36 16 gen-

1910 3281 38 17 eral
1957 3281 46 23 plan
2013 3281 21 18 of
2041 3282 33 17 the
2093 3283 51 16 town
2161 3281 57 18 levels
2228 3281 32 17 the
2276 3282 71 17 section

1910 3304 56 17 levels
1975 3304 64 17 would
2047 3304 48 17 need
2100 3306 20 16 to
2136 3304 24 17 bo
2174 3304 93 22 procured
2282 3304 65 18 before

1891 3327 1 23 ;
1910 3328 32 16 the
1951 3328 51 17 work
2012 3328 20 16 of
2039 3327 83 22 leveling
2131 3328 32 16 the
2177 3327 99 23 pathways
2292 3328 55 17 could

1891 3350 1 18 i
1910 3351 23 17 be
1940 3351 54 17 done.
2012 3351 31 17 Mr
2049 3351 82 17 Mueller
2137 3350 61 18 stated
2208 3351 43 16 that
2255 3351 24 17 he
2284 3352 63 16 would

1891 3373 1 19 ;
1910 3373 47 18 have
1966 3374 52 17 these
2035 3373 107 18 forwarded
2159 3375 20 16 at
2195 3379 58 12 omce.
2279 3373 24 18 In
2317 3380 20 12 re-

1910 3397 47 22 gard
1966 3398 20 16 to
1995 3398 32 16 the
2036 3398 73 16 surface
2122 3398 59 15 water
2197 3397 33 16 the
2243 3397 102 18 Chairman

1910 3420 62 17 stated
1983 3420 44 17 that
2034 3420 25 17 he
2070 3420 38 17 had
2117 3420 80 18 observd
2206 3426 11 10 a
2232 3420 71 17 similar
2315 3427 21 11 ac-

1910 3443 116 17 cumulation
2035 3445 21 15 at
2064 3444 34 16 the
2114 3448 66 12 comer
2195 3443 21 17 of
2232 3443 32 17 the
2279 3443 68 18 Palace

1910 3466 64 17 Hotel.
2000 3467 25 16 As
2034 3467 16 16 it
2066 3472 39 11 was
2122 3466 78 17 obvious
2216 3466 42 17 that
2268 3466 37 17 this
2314 3467 33 17 did

1891 3490 1 22 •
1910 3491 34 15 not
1952 3490 69 17 consist
2039 3490 81 22 entirely
2136 3490 21 17 of
2173 3490 59 16 water
2249 3490 48 17 from
2314 3490 33 17 the

1910 3512 42 18 roof
1960 3513 32 17 the
2000 3513 96 17 attention
2104 3513 21 17 of
2136 3512 48 18 both
2199 3512 68 18 houses
2282 3513 65 17 would

1911 3535 47 18 need
1967 3537 20 16 to
1995 3535 23 18 be
2028 3536 60 17 called
2096 3537 21 16 to
2130 3536 33 17 the
2178 3536 75 17 matter.
2278 3536 54 17 Wash-

1909 3559 43 22 ings
1962 3559 48 17 from
2018 3559 33 17 the
2059 3559 35 16 bar
2107 3559 56 17 could
2179 3560 35 15 not
2229 3558 24 17 be
2267 3559 79 18 allowed

1909 3582 21 16 to
1938 3588 36 11 run
1982 3582 40 17 into
2032 3582 33 17 the
2072 3583 64 18 street,
2147 3582 35 17 but
2196 3583 52 15 must
2262 3582 24 17 be
2301 3588 33 11 con-

1910 3605 68 17 ducted
1985 3605 40 17 into
2031 3606 32 16 the
2072 3605 89 22 cess-pits
2166 3604 90 23 provided
2265 3605 30 17 for
2303 3606 44 16 that

1908 3634 87 16 purpose.
2021 3629 23 16 In
2061 3629 94 21 speaking
2169 3628 20 17 of
2203 3629 32 16 the
2252 3628 90 23 drainage

1891 3651 1 22 •
1909 3651 102 22 generally,
2021 3652 33 17 Mr
2061 3652 85 21 Malfroy
2164 3651 74 17 further
2246 3651 98 18 remarked

1891 3674 1 23 '
1909 3674 43 17 that
1959 3674 46 22 they
2014 3674 64 18 would
2086 3674 47 17 have
2147 3674 33 17 the
2197 3675 82 22 greatest
2296 3674 40 17 diffi-

1909 3697 51 23 culty
1966 3698 21 16 in
1992 3697 78 23 dealing
2084 3697 45 18 with
2147 3698 33 16 the
2195 3697 150 22 subject—more

1909 3726 20 11 so
1938 3720 19 17 in
1966 3720 32 17 the
2006 3721 59 16 lower
2073 3721 51 16 town
2136 3720 47 17 than
2200 3721 19 16 in
2236 3721 33 16 the
2285 3726 60 17 upper

1908 3744 62 16 where
1979 3744 53 17 there
2041 3749 38 11 was
2088 3749 12 11 a
2107 3743 78 17 natural
2194 3744 39 16 fall.

2041 3780 177 17 Miscellaneous.

1932 3812 19 16 It
1960 3817 38 11 was
2003 3811 86 18 resolved
2097 3812 43 16 that
2149 3817 24 12 on
2188 3811 70 22 receipt
2275 3812 22 16 of
2311 3812 33 17 the

1908 3834 80 23 samples
1997 3835 20 17 of
2025 3834 40 17 iron
2075 3836 40 15 seat
2124 3834 69 18 frames
2209 3834 49 17 from
2274 3834 70 18 Messrs

1909 3858 46 19 Birt,
1966 3858 20 16 of
1994 3857 95 21 Dunedin,
2099 3858 32 16 the
2140 3863 50 11 same
2199 3857 81 23 proving
2288 3857 46 18 satis-

1908 3880 79 23 factory,
1998 3881 32 17 the
2038 3881 81 16 number
2126 3880 87 22 required
2227 3880 24 17 bo
2259 3881 83 17 ordered.

1931 3904 39 16 The
1991 3904 73 17 Official
2086 3903 91 23 Assignee
2196 3905 58 15 wrote
2272 3904 71 23 stating

1908 3927 42 17 that
1960 3927 32 17 the
2001 3927 89 17 dividend
2098 3927 19 17 in
2127 3923 34 20 the
2169 3928 59 15 estate
2236 3927 20 16 of
2264 3926 18 17 J.
2301 3927 41 17 Mc-

1908 3950 39 17 Rae
1955 3950 103 17 amounted
2070 3951 20 16 to
2107 3951 20 15 4s
2143 3949 46 18 10M
2204 3955 33 17 per
2253 3949 21 18 £.
2304 3950 39 17 The

1908 3972 78 19 Board's
2007 3973 79 16 interest
2107 3973 19 16 in
2148 3973 39 16 this
2204 3973 102 17 amounted
2322 3974 20 16 to

1908 3996 57 17 about
1981 3997 37 19 30s,
2034 3996 61 17 which
2109 3996 32 16 Mr
2157 3996 81 16 Mueller
2251 4001 38 12 was
2302 4001 26 12 em-

1907 4019 88 21 powered
2003 4020 20 16 to
2034 4019 72 17 collect.

1931 4042 31 17 Mr
1970 4041 18 18 J.
2004 4042 20 17 C.
2039 4042 93 17 Cameron
2147 4041 50 18 drew
2214 4041 93 18 attention
2322 4043 20 16 to

1908 4064 32 17 the
1947 4066 48 15 state
2004 4065 20 16 of
2032 4066 33 16 the
2074 4065 88 22 footpath
2177 4071 25 10 on
2215 4065 33 16 the
2262 4066 79 16 western

1908 4087 38 17 side
1955 4088 20 17 of
1983 4088 92 18 Pukeroa.
2089 4088 39 17 The
2136 4088 101 17 Chairman
2242 4088 99 21 explained

1907 4111 43 16 that
1958 4111 38 16 this
2004 4111 53 17 work
2072 4111 38 17 had
2122 4111 49 17 been
2185 4111 90 17 attended
2288 4113 20 15 to
2322 4113 20 15 at

1907 4134 33 16 the
1948 4134 51 20 time,
2009 4134 35 17 but
2053 4134 48 17 later
2106 4134 50 17 rains
2162 4134 90 17 rendered
2257 4134 15 17 it
2277 4140 54 11 neces-

1907 4162 43 16 sary
1958 4157 44 17 that
2009 4158 16 16 it
2034 4157 68 17 should
2110 4157 24 17 be
2142 4157 57 21 again
2208 4156 55 18 done.

2380 136 30 16 An
2427 134 116 23 application
2557 134 29 16 for
2602 134 52 18 relief
2670 135 49 17 from
2739 134 52 18 John

2357 158 68 20 Smith,
2435 158 43 16 who
2486 157 64 17 stated
2559 157 42 17 that
2608 157 24 18 he
2646 158 38 16 had
2693 157 66 17 served
2772 157 20 17 in

2357 181 32 17 the
2397 181 63 18 Roval
2468 181 74 21 Bengal
2550 179 65 24 Tigers
2624 181 38 16 and
2676 181 57 17 taken
2749 182 43 21 part

2357 204 19 16 in
2385 204 32 17 the
2426 204 65 17 nativ
2501 204 84 15 troubles
2594 204 48 17 here,
2654 204 37 17 and
2701 204 42 17 who
2755 209 39 12 was

2357 226 139 23 incapacitated
2516 226 50 17 from
2585 226 76 18 manual
2677 227 60 20 labor,
2754 232 40 12 was

2357 250 78 17 ordered
2448 252 20 16 to
2476 250 24 16 be
2509 249 106 17 forwarded
2620 251 19 15 to
2646 250 33 16 the
2684 250 109 17 Charitable

2358 273 36 17 Aid
2403 273 125 23 Department
2537 272 47 17 with
2597 278 10 11 a
2621 272 172 19 recommendation
2803 268 2 28 j

2358 296 41 17 that
2408 297 102 16 assistance
2519 296 19 16 in
2547 294 45 18 food
2601 295 22 17 be
2634 296 87 21 granted.

2381 320 39 16 The
2436 320 103 16 Chairman
2556 318 38 17 and
2610 319 31 15 Mr
2657 319 76 22 Dansey
2745 324 49 12 were

2358 343 118 21 empowered
2491 345 21 14 to
2529 343 30 16 act
2574 341 20 17 in
2609 341 32 17 the
2655 343 69 16 matter
2732 343 20 16 of
2761 343 33 16 the

2358 366 81 16 transfer
2460 366 20 17 of
2500 366 33 16 the
2553 364 80 22 Library
2654 365 36 16 and
2707 365 87 23 Reading

2359 388 57 17 Room
2427 390 91 21 property
2527 388 27 23 (in
2563 386 58 23 trust)
2630 389 20 15 to
2660 388 32 16 the
2700 386 68 20 Board.

2531 420 98 17 Finance.

2382 450 38 18 The
2429 451 88 22 monthly
2526 451 101 17 statement
2636 450 74 17 showed
2720 456 20 11 as
2757 451 27 17 fol-

2359 472 81 18 lows;
2441 475 99 21 Receipts:
2559 473 78 18 balance
2653 473 21 17 in
2693 473 51 17 hand
2757 474 38 17 last

2361 498 64 15 month
2435 496 48 19 £134
2495 498 19 18 8s
2523 497 34 22 8d;
2571 497 19 16 J.
2601 496 82 18 Dalbeth
2693 496 58 23 (hay).
2761 496 32 22 £3;
2804 491 1 28 i

2361 518 44 18 bath
2416 520 42 21 fees,
2467 520 38 18 £-19
2517 522 40 19 lis;
2571 521 48 18 rent,
2629 519 83 18 Botorua
2728 518 65 23 Hotel,

2361 540 26 19 £9
2396 543 29 19 'Js;
2441 543 85 19 Pukeroa
2535 544 86 17 Reserve,
2632 542 26 18 £6
2669 543 29 17 10s
2706 542 20 18 8d
2735 540 3 24 ;
2750 548 33 12 con-

2361 563 78 20 ditional
2456 567 74 18 lie-use.
2546 566 37 21 £2;
2603 566 53 20 total,
2672 564 48 19 £224
2735 567 20 16 3s
2763 566 31 17 4d.

2361 587 130 22 Expenditure
2498 587 4 24 :
2516 590 94 17 Accounts
2619 588 50 23 paid,
2684 590 38 16 £7O
2731 587 19 19 (Js
2759 589 35 20 8d;

2361 609 78 20 balance
2447 613 21 17 at
2471 613 52 17 bank
2531 613 51 17 £143
2589 612 57 21 2sßd;
2660 612 19 16 in
2686 612 57 17 hand.
2750 613 44 19 £11;

2362 633 53 22 total,
2427 635 47 17 £221
2484 637 20 16 ;js
2513 636 30 17 -id.

2385 656 39 18 The
2446 658 117 23 half-yearly
2585 657 141 20 balance-sheet
2747 658 49 17 from

2362 679 49 17 June
2421 682 44 16 :50th
2479 682 21 18 to
2512 682 105 18 December
2630 683 42 15 31st
2686 680 76 19 showed
2776 688 20 10 as

2356 698 214 30 [follows:—Receipts:
2588 705 81 17 Balance
2691 705 48 16 from
2759 705 38 16 last

2363 726 106 22 statement,
2479 729 51 17 £243
2540 730 30 16 18s
2580 728 29 18 7d.
2634 727 50 18 Bath
2695 728 36 17 fees
2747 728 50 17 £179

2365 749 30 17 14s
2404 749 30 20 Gd,
2444 753 51 15 rents
2504 752 38 17 £2O
2556 753 20 15 0s
2592 751 30 20 Bd,
2641 751 79 22 grazing
2736 750 61 22 rights

2363 772 38 16 and
2414 773 123 24 depasturing
2553 775 83 20 licenses,
2654 773 37 18 £44
2711 772 41 25 10s;
2773 774 16 16 li-

2363 801 70 15 cences,
2444 797 47 20 £l2;
2505 797 54 22 total,
2571 797 49 19 £SOO
2630 799 21 15 3s
2664 797 29 17 9d.
2719 797 65 21 Expen-

2363 818 62 17 diture
2434 818 3 25 :
2451 820 89 23 Printing
2546 818 37 20 and
2592 820 122 23 advertising,
2721 819 38 18 £lB
2768 821 29 16 10s

2363 841 36 24 9d;
2422 842 51 18 office
2490 849 95 16 expenses,
2603 841 34 24 Gd;
2660 842 82 21 salaries,
2760 844 37 16 £23

2366 866 40 19 12s;
2420 867 51 15 rents
2480 867 49 21 paid,
2540 868 26 16 £2
2583 869 20 15 0s
2615 867 35 20 Gd;
2671 868 91 21 payment
2778 868 20 16 to

2364 888 64 22 public
2437 893 84 17 account,
2531 891 15 17 £
2548 893 9 14 j
2564 886 4 26 ;
2583 886 67 22 refund
2655 889 92 23 licensing
2753 890 44 20 fees,

2364 910 38 24 £2;
2424 913 65 21 public
2502 914 68 20 works,
2589 914 60 18 roads,
2669 914 72 19 streets,
2757 914 40 19 &c,

2364 933 51 19 £3BB
2426 936 30 16 13s
2463 936 33 20 2d;
2510 936 83 21 balance,
2603 936 38 18 £GO
2650 938 20 16 Gs
2681 936 40 16 lOd.

2388 959 95 17 Accounts
2492 961 112 22 amounting
2613 961 19 16 to
2640 960 25 17 £4
2677 959 30 18 10s
2716 959 24 17 Od
2750 964 49 12 were

2364 982 68 22 passed
2441 982 29 17 for
2477 985 91 20 payment
2576 983 38 18 and
2622 983 32 17 the
2667 982 85 23 meeting
2764 982 24 17 ad-

2364 1005 87 22 journed.

2424 1058 198 19 PRESBYTERIAN
2630 1057 108 20 BAZAAR.

2389 1104 30 17 On
2428 1104 117 23 Wednesday
2560 1105 37 19 last
2611 1106 33 16 the
2657 1105 144 22 Presbyterians

2366 1128 54 17 made
2429 1127 79 19 another
2523 1130 41 21 step
2577 1128 81 18 forward
2672 1128 82 17 towards
2768 1129 34 16 the

2366 1151 82 17 erection
2465 1152 20 16 of
2501 1152 49 17 their
2564 1152 70 17 church
2650 1152 26 22 by
2692 1148 81 27 holding
2790 1157 12 12 a

2366 1175 68 16 bazaar
2442 1175 20 16 in
2470 1175 32 16 the
2511 1175 127 20 sehoolhousc,
2645 1174 38 18 and
2691 1175 16 17 it
2719 1173 16 19 is
2744 1175 48 17 satis-

2366 1198 74 22 factory
2448 1199 21 15 to
2477 1198 56 17 know
2542 1198 41 18 that
2597 1198 117 23 unqualified
2729 1203 73 12 success

2366 1220 91 18 attended
2473 1221 32 17 the
2522 1222 60 17 effort.
2613 1222 38 17 For
2665 1227 58 16 many
2739 1220 63 18 weeks

2366 1246 43 21 past
2417 1244 33 17 the
2458 1244 59 17 ladies
2526 1245 20 17 of
2557 1245 32 17 the
2603 1244 136 24 congregation
2754 1244 48 18 have

2366 1267 80 18 devoted
2455 1268 56 16 much
2520 1268 45 16 time
2575 1270 20 16 to
2608 1269 33 16 the
2655 1267 113 23 production
2782 1267 21 17 of

2366 1291 75 17 articles
2450 1290 57 23 likely
2516 1292 20 15 to
2545 1296 56 17 prove
2610 1291 99 18 attractive
2718 1297 25 12 on
2756 1291 45 17 such

2366 1321 24 10 an
2399 1314 87 17 occasion
2494 1314 37 17 and
2546 1314 32 18 the
2592 1314 210 22 puchase-compelling

2366 1337 74 22 quality
2449 1337 20 17 of
2486 1337 31 18 the
2531 1338 58 22 goods
2606 1343 37 12 was
2660 1338 49 22 fully
2722 1338 67 17 demon-

2366 1361 73 17 strated
2451 1366 21 11 as
2485 1366 35 11 one
2536 1360 141 23 perambulated
2690 1361 33 17 the
2739 1366 63 12 rooms

2366 1384 37 17 and
2413 1383 75 18 noticed
2496 1383 33 17 the
2542 1383 75 23 celerity
2630 1384 46 18 with
2693 1383 63 18 which
2770 1384 32 17 the

2366 1407 53 17 stalls
2428 1408 75 16 became
2513 1406 93 18 unloaded
2614 1408 20 16 of
2646 1408 51 16 their
2707 1408 94 17 contents.

2366 1431 40 17 Not
2415 1430 32 18 the
2454 1430 47 17 least
2507 1430 98 17 attractive
2614 1431 71 17 feature
2692 1430 20 18 of
2718 1430 32 18 the
2757 1436 34 17 pro-

2366 1454 89 22 ceedings
2463 1459 39 11 was
2507 1453 33 17 the
2545 1454 77 16 tasteful
2629 1460 78 11 manner
2713 1452 20 18 in
2740 1454 63 16 which

2366 1477 33 17 the
2408 1483 62 11 rooms
2479 1482 48 11 were
2536 1476 103 18 decorated.
2664 1477 45 17 This
2718 1483 38 11 was
2770 1477 33 17 the

2366 1500 70 23 special
2445 1500 86 17 function
2540 1500 20 17 of
2566 1500 32 17 the
2604 1500 138 23 stall-keepers,
2750 1500 39 17 Mes-

2367 1523 63 17 dames
2456 1523 85 22 Murray,
2563 1523 50 19 Hall,
2635 1524 109 22 Thompson
2764 1523 39 17 and

2367 1547 65 22 Hoyes
2441 1547 38 16 and
2488 1545 32 18 the
2529 1546 65 17 Misses
2603 1545 78 25 Murray
2686 1546 39 18 and
2731 1547 56 17 Thom-

2367 1576 40 11 son.
2445 1570 39 17 The
2510 1570 120 22 proceedings
2655 1575 49 12 wore
2729 1568 74 24 opened

2368 1593 73 22 shortly
2450 1593 49 17 after
2508 1594 9 15 '1
2528 1592 69 18 o'clock
2606 1589 24 26 by
2640 1594 31 16 Mr
2679 1594 21 17 C.
2710 1594 91 21 Malfroy.

2367 1617 19 16 in
2395 1622 89 17 presence
2492 1616 20 17 of
2521 1622 11 10 a
2540 1615 126 19 considerable
2681 1617 120 17 attendance.

2368 1637 31 20 Mr
2415 1639 85 22 Malfroy
2519 1639 96 17 remarked
2632 1641 42 16 that
2690 1639 15 18 it
2717 1640 86 17 afforded

2368 1663 38 17 him
2416 1664 55 21 great
2479 1662 86 22 pleasure
2573 1664 19 15 to
2603 1662 22 17 he
2642 1665 75 21 present
2734 1669 20 11 as
2770 1663 33 18 the

2367 1685 63 24 object
2440 1685 30 19 for
2479 1686 60 16 which
2549 1685 31 17 the
2589 1686 67 18 bazaar
2664 1686 38 18 had
2710 1686 48 18 been
2771 1693 21 11 or-

2368 1709 78 23 ganised
2455 1715 38 11 was
2502 1714 24 11 an
2535 1708 125 22 indisputable
2669 1709 55 24 proof
2731 1710 20 17 of
2757 1716 34 16 pro-

2368 1738 57 18 gress.
2451 1733 27 16 To
2486 1733 48 16 have
2543 1731 87 19 achieved
2643 1733 44 18 such
2704 1740 12 10 a
2730 1738 73 14 success

2367 1762 21 11 as
2396 1762 39 11 was
2444 1754 139 19 demonstrated
2592 1755 25 22 by
2629 1763 12 11 a
2653 1757 68 22 glance
2735 1757 20 16 at
2770 1757 33 17 the

2367 1778 61 18 tables
2437 1778 76 18 showed
2523 1778 42 18 that
2573 1778 51 19 there
2634 1786 36 10 was
2679 1785 25 12 no
2717 1781 53 16 want
2784 1781 20 16 of

2368 1803 107 21 unanimity
2484 1808 23 11 on
2517 1801 32 18 the
2562 1803 41 21 part
2617 1804 19 16 of
2651 1803 32 17 the
2697 1808 95 19 congrega-

2367 1825 40 19 tion
2417 1826 55 17 when
2481 1825 33 18 the
2523 1824 83 18 occasion
2615 1824 105 19 demanded
2725 1826 22 17 it.
2773 1826 30 18 He

2368 1849 73 17 trusted
2450 1849 42 16 that
2505 1848 45 22 they
2564 1849 62 17 would
2639 1850 89 17 continue
2742 1851 21 16 to
2780 1850 24 17 be

2368 1871 95 18 animated
2472 1872 25 22 by
2507 1871 31 18 the
2547 1877 50 11 same
2609 1874 59 21 spirit.
2693 1872 39 18 The
2747 1878 45 17 ques-

2368 1895 39 17 tion
2417 1897 20 15 of
2446 1902 10 10 a
2466 1895 34 17 site
2509 1894 38 17 had
2556 1900 41 12 now
2611 1897 46 16 been
2671 1896 78 22 happily
2764 1898 30 16 set-

2368 1918 38 18 tled
2416 1919 37 16 and
2462 1919 24 16 he
2495 1918 83 22 thought
2587 1919 31 18 the
2627 1919 63 18 choice
2704 1919 38 18 had
2756 1920 47 17 been

2367 1949 11 10 a
2387 1942 45 17 wise
2441 1948 40 11 one.
2508 1941 19 17 It
2537 1947 36 11 was
2580 1942 90 22 certainly
2676 1944 49 15 most
2733 1949 59 16 appro-

2367 1966 61 21 priate
2437 1966 30 16 for
2476 1972 10 10 a
2499 1964 69 20 church
2583 1968 20 14 to
2616 1966 22 16 he
2653 1966 83 17 founded
2750 1972 25 11 on
2792 1973 12 11 a

2485 1990 32 16 Mr
2526 1987 82 24 Malfroy
2617 1989 43 17 then
2670 1989 87 17 declared
2771 1991 33 16 the

2367 2011 69 18 bazaar
2444 2020 54 16 open.
2525 2011 74 24 During
2609 2013 32 16 the
2651 2012 106 20 afternoon,
2766 2013 37 18 and

2367 2037 57 20 again
2440 2037 18 16 in
2473 2037 32 16 the
2519 2036 85 22 evening,
2620 2036 77 17 tourists
2713 2036 37 17 and
2757 2036 37 17 resi-

2367 2058 55 20 dents
2432 2066 47 11 were
2488 2061 50 16 most
2546 2057 64 19 liberal
2617 2059 19 17 in
2643 2059 50 17 their
2697 2060 107 21 patronage

2367 2083 105 21 particular
2488 2085 38 15 sect
2543 2088 21 11 or
2579 2081 53 18 creed
2648 2080 58 24 being
2723 2083 81 22 entirely

2368 2105 36 19 lost
2413 2107 52 21 sight
2472 2106 26 20 of,
2507 2107 30 16 for
2549 2105 24 17 all
2587 2105 150 18 denominations
2754 2111 50 12 were

2368 2131 42 17 well
2435 2128 125 24 represented.
2601 2129 40 16 The
2665 2130 75 15 concert
2763 2129 40 18 also

2367 2154 71 19 Proved
2448 2154 48 16 most
2505 2151 98 19 attractive
2610 2152 40 16 Mrs
2658 2150 72 19 Fookes
2735 2151 69 26 giving

2367 2180 11 12 a
2387 2177 107 21 pianoforte
2503 2175 64 17 recital
2577 2175 59 17 which
2646 2180 38 11 was
2697 2175 56 18 much
2768 2175 24 17 ad-

2368 2200 64 18 mired,
2443 2199 38 18 and
2490 2199 40 17 Mrs
2546 2198 77 19 Wilson,
2641 2198 46 17 Miss
2701 2198 49 22 Tilly
2765 2199 38 17 and

2367 2224 47 17 Miss
2423 2223 61 17 Itevill
2497 2222 129 20 contributing
2640 2227 62 16 songs.
2733 2218 70 21 Messrs

2368 2246 63 22 Boult,
2443 2246 79 18 Samson
2530 2245 38 17 and
2581 2245 49 17 Roth
2646 2250 47 12 were
2709 2245 58 17 heard
2784 2247 19 16 to

2367 2270 56 18 much
2432 2269 114 21 advantage.
2571 2269 54 16 After
2634 2274 10 11 a
2653 2267 52 19 short
2709 2267 82 24 adjourn-

2368 2293 51 18 ment
2429 2293 29 17 for
2467 2299 10 11 a
2486 2292 106 20 refreshing
2606 2297 35 16 cup
2655 2292 19 15 of
2689 2292 35 19 tea,
2741 2292 62 17 which

2367 2323 38 10 was
2415 2316 99 23 dispensed
2523 2316 25 21 by
2557 2316 39 16 Mrs
2603 2314 45 17 Hall
2655 2314 37 17 and
2698 2314 33 17 her
2737 2321 66 16 young

2367 2340 45 22 lady
2427 2340 104 19 assistants,
2547 2339 51 16 what
2613 2337 70 23 proved
2699 2339 20 15 to
2732 2338 24 17 bo
2770 2339 33 17 the

2368 2365 48 15 most
2425 2363 85 22 exciting
2519 2363 54 16 event
2582 2361 20 17 of
2618 2361 32 17 the
2665 2361 138 22 evening—the

2368 2387 35 17 Art
2423 2387 65 17 Union
2509 2384 228 22 drawing—eventuated.
2771 2385 32 17 Mr

2368 2410 61 21 Shaw,
2441 2410 20 17 of
2469 2408 113 23 Coolgardie
2591 2408 54 19 fame,
2656 2407 105 17 conducted
2770 2408 33 18 the

2367 2433 144 22 arrangements
2568 2432 21 17 to
2597 2431 33 17 the
2645 2436 78 11 manner

2367 2457 37 16 and
2421 2457 29 16 his
2465 2456 78 17 method
2559 2455 19 17 of
2595 2454 151 17 administration
2764 2460 39 12 was

2368 2480 80 17 without
2458 2479 47 18 cavil
2516 2485 20 12 or
2545 2478 94 22 reproach.
2664 2477 80 22 Having
2749 2478 43 17 writ-

2368 2504 30 16 fen
2408 2504 33 16 the
2449 2509 65 11 names
2523 2503 20 16 of
2552 2502 31 17 (he
2590 2501 58 22 prizes
2657 2506 24 12 on
2690 2500 33 19 the
2735 2501 68 18 tickets

2367 2526 37 17 and
2413 2526 115 23 judiciously
2538 2525 61 17 mixed
2608 2524 51 18 them
2675 2524 19 16 in
2709 2525 31 16 the
2755 2525 48 21 bags

2367 2550 23 16 lie
2399 2550 81 17 selected
2490 2550 31 16 Mr
2530 2547 57 19 Boult
2596 2549 28 16 for
2632 2547 29 17 his
2670 2547 89 18 assistant
2764 2548 37 17 and

2368 2573 81 17 Masters
2463 2573 62 17 David
2536 2572 37 17 and
2587 2570 70 19 Robert
2670 2571 94 17 Thomson
2783 2573 20 16 to

2367 2596 25 17 do
2408 2596 33 17 the
2458 2596 91 21 drawing.
2580 2595 38 17 The
2630 2594 84 23 quilt—a
2730 2595 73 21 perfect

2368 2620 122 21 masterpiece
2498 2620 21 16 of
2526 2618 86 18 intricate
2620 2617 119 18 needlework
2740 2624 63 11 —was

2368 2649 42 11 won
2419 2643 25 20 by
2454 2643 31 17 Mr
2494 2642 77 23 Smytho
2580 2642 19 17 of
2607 2642 25 16 Te
2641 2641 101 16 Awamutu
2750 2641 3 24 ;
2764 2641 39 17 and

2368 2667 32 16 the
2417 2666 64 17 album
2499 2666 20 17 of
2536 2666 49 17 ferns
2596 2666 48 16 most
2661 2664 142 23 appropriately

2368 2690 33 17 fell
2410 2691 20 16 to
2439 2690 47 16 Miss
2495 2690 83 21 Murray,
2589 2688 62 18 whose
2656 2687 94 17 exertions
2757 2693 35 12 con-

2368 2713 84 17 tributed
2461 2719 20 10 so
2496 2712 55 18 much
2566 2713 20 16 to
2601 2712 31 17 the
2647 2716 72 12 success
2734 2711 20 17 of
2771 2711 32 17 the

2367 2736 74 17 bazaar.
2467 2736 38 17 The
2515 2737 37 16 rest
2561 2735 19 17 of
2593 2734 32 19 the
2638 2734 59 22 prizes
2711 2740 49 11 were
2775 2735 18 16 al-

2368 2760 60 17 lotted
2437 2766 20 11 as
2468 2758 140 19 follows:—Mr
2619 2758 58 19 Boon,
2695 2757 107 21 Auckland,

2368 2781 89 22 cushion;
2474 2782 46 18 Miss
2545 2782 83 18 Samson,
2646 2782 31 15 tea
2694 2786 43 16 cosy
2745 2781 3 22 ;
2763 2781 40 17 Mrs

2368 2806 112 20 Robertson,
2507 2804 87 22 cushion;
2617 2805 31 16 Mr
2664 2804 52 18 Bird,
2738 2804 63 22 bride,

2368 2830 47 17 Miss
2425 2829 62 19 Shaw,
2505 2827 111 19 bridesmaid
2625 2826 4 22 ;
2643 2827 40 16 Mrs
2700 2826 102 21 Johnston,

2368 2853 78 17 cushion
2455 2850 3 23 ;
2473 2852 40 17 Mrs
2522 2852 76 19 Wilson,
2609 2852 30 16 tea
2649 2855 44 17 cosy
2709 2850 40 17 The
2758 2856 34 17 pro-

2368 2876 88 23 ceedings
2473 2874 62 18 closed
2551 2874 45 17 with
2613 2881 10 10 a
2639 2873 75 22 general
2731 2875 44 16 vote
2784 2874 20 17 of

2368 2899 69 17 thanks
2447 2900 20 16 to
2475 2899 55 16 those
2538 2898 42 16 who
2588 2897 37 18 had
2635 2896 85 18 assisted.

2428 2958 53 17 THE
2496 2956 131 18 OPOURIAO
2641 2955 103 19 ESTATE.

2392 3005 31 17 Mr
2432 3003 85 19 Gerhard
2526 3002 85 20 Mueller,
2630 3001 145 20 Commissioner
2784 3003 20 17 of

2369 3028 67 17 Crown
2446 3026 69 21 Lands,
2526 3026 72 18 arrived
2611 3026 44 18 here
2664 3026 140 22 unexpectedly

2369 3057 23 11 on
2402 3049 117 22 Wednesday
2537 3048 55 24 night
2610 3050 47 16 from
2677 3048 126 22 Whakatane,

2368 3074 62 18 where
2438 3074 24 18 he
2470 3073 39 18 had
2516 3073 47 16 boon
2572 3071 85 24 engaged
2666 3072 20 17 in
2696 3072 108 23 furthering

2368 3097 33 19 the
2410 3096 141 23 arrangements
2560 3095 29 18 for
2605 3095 32 18 the
2653 3095 74 21 leasing
2744 3096 20 16 of
2772 3095 32 18 the

2368 3120 96 23 Opouriao
2472 3120 73 19 Estate,
2555 3119 124 22 applications
2697 3119 29 16 for
2742 3119 62 17 which

2368 3144 39 17 will
2415 3143 23 18 he
2448 3141 83 20 received
2540 3148 25 13 up
2575 3143 19 15 to
2604 3142 44 16 12th
2655 3141 103 23 Fohruary.
2778 3142 27 18 At

2368 3167 118 18 Whakatane
2498 3166 32 16 Mr
2545 3165 82 17 Mueller
2641 3171 38 11 was
2697 3165 66 22 joined
2778 3166 27 22 by

2369 3191 32 16 Mr
2422 3190 82 21 Reaney,
2529 3188 73 18 district
2610 3188 94 22 engineer,
2720 3188 39 17 awl
2773 3190 21 16 to-

2369 3214 67 21 gether
2445 3213 44 20 they
2506 3211 53 18 made
2577 3218 10 10 a
2602 3213 43 15 tour
2658 3212 20 16 of
2695 3212 32 16 the
2744 3212 60 17 whole

2368 3238 90 21 property
2474 3236 30 16 for
2512 3235 32 17 the
2559 3240 80 16 purpose
2648 3235 21 16 of
2677 3235 128 22 ascertaining

2369 3260 61 16 which
2439 3259 21 17 of
2471 3259 32 17 the
2512 3257 54 18 roads
2575 3257 89 18 intended
2674 3259 20 15 to
2703 3258 60 17 afford
2772 3258 32 17 the

2369 3283 75 18 settlers
2452 3287 61 12 access
2522 3283 20 15 to
2556 3281 31 16 the
2603 3282 82 20 existing
2698 3281 51 17 main
2759 3281 45 18 road

2369 3306 61 21 ought
2439 3308 19 15 to
2467 3306 23 16 be
2499 3305 41 17 first
2549 3304 122 17 undertaken.
2690 3304 38 18 The
2738 3303 52 19 home-

2369 3328 53 19 stead
2432 3329 17 17 is
2465 3327 83 18 situated
2564 3327 58 17 about
2639 3328 32 16 ten
2688 3327 54 17 miles
2755 3328 49 17 from

2368 3351 118 19 Whakatane
2496 3350 37 18 and
2542 3350 156 18 communication
2716 3350 15 17 is
2741 3351 53 17 estab-

2368 3375 61 18 lished
2437 3375 26 20 by
2480 3380 63 11 means
2561 3374 19 16 of
2589 3379 10 12 a
2617 3374 127 17 well-formed
2753 3375 41 16 cart-

2368 3398 53 18 road.
2446 3398 39 17 The
2494 3398 60 17 estate
2571 3397 99 21 comprises
2683 3397 53 18 6,504
2745 3403 58 13 acres,

2369 3422 37 16 and
2415 3421 34 17 has
2457 3422 47 15 been
2515 3419 111 18 subdivided
2634 3420 40 16 into
2684 3421 20 15 -1-1
2716 3420 87 20 sections,

2369 3445 21 17 of
2397 3445 50 17 from
2456 3445 23 16 00
2488 3445 20 16 to
2517 3444 34 16 300
2559 3449 57 13 acres,
2634 3442 38 18 and
2683 3443 20 17 15
2721 3443 83 23 ranging

2368 3468 50 18 from
2427 3469 10 15 (>
2446 3468 20 17 to
2476 3468 21 16 '2'2
2506 3472 57 11 acres.
2589 3466 19 17 Tt
2616 3466 16 17 is
2646 3466 65 22 nearly
2721 3466 25 17 all
2756 3466 48 17 level

2368 3491 45 17 land
2423 3491 46 17 with
2479 3490 31 17 the
2519 3490 99 21 exception
2627 3490 19 16 of
2663 3495 10 11 a
2688 3489 56 17 small
2759 3495 33 15 por-

2368 3515 40 16 tion
2418 3515 20 15 at
2446 3514 33 17 the
2487 3512 48 18 back
2544 3513 37 16 and
2597 3513 15 17 is
2625 3513 42 16 well
2683 3513 81 17 watered
2778 3512 26 22 by

2368 3538 33 17 the
2409 3536 99 19 Waiinana
2516 3536 37 17 and
2562 3536 117 17 Whakatane
2695 3536 57 17 rivers
2766 3536 38 17 and

2367 3566 102 11 numerous
2485 3558 69 18 creeks.
2587 3558 39 19 The
2640 3559 80 20 fertility
2735 3559 21 17 of
2771 3559 34 18 the

2368 3584 35 17 soil
2411 3584 15 16 is
2435 3582 84 18 vouched
2530 3582 28 16 for
2566 3582 25 20 by
2600 3581 32 18 the
2646 3582 37 16 fact
2697 3582 44 16 that,
2755 3582 48 18 from

2367 3608 23 16 40
2404 3608 19 16 to
2439 3608 22 14 HO
2474 3605 76 17 bushels
2565 3606 19 16 of
2597 3605 59 17 maize
2669 3605 15 17 is
2698 3605 34 17 the
2749 3605 55 18 usual

2367 3629 56 23 yield.
2449 3629 39 17 The
2504 3628 73 17 natives
2592 3634 52 15 grow
2662 3629 58 16 maize
2736 3630 56 16 exten-

2368 3652 58 23 sively
2436 3658 24 11 on
2469 3652 33 17 the
2510 3652 54 16 other
2572 3651 39 17 side
2617 3651 20 17 of
2643 3651 32 17 the
2681 3652 122 17 confiscation

2367 3676 105 21 boundary,
2482 3681 12 11 a
2502 3676 63 16 recent
2573 3675 66 16 visitor
2646 3675 73 21 having
2728 3675 75 17 noticed

2368 3705 44 11 over
2420 3699 35 17 400
2463 3704 51 11 acres
2529 3697 60 18 under
2603 3697 112 18 cultivation
2730 3698 20 17 in
2764 3698 40 18 this

2367 3722 81 17 fashion.
2473 3722 39 16 The
2521 3720 46 18 road
2575 3727 42 10 now
2632 3720 60 17 under
2705 3723 88 16 construc-

2366 3746 40 16 tion
2416 3745 47 17 from
2474 3744 84 17 Rotorua
2566 3745 20 15 to
2733 3744 32 18 via
2777 3745 26 17 'Te

2366 3769 56 19 Teko,
2433 3767 39 17 wiil
2485 3767 65 17 enable
2565 3767 74 17 settlers
2652 3769 20 15 to
2689 3767 70 23 supply
2770 3767 33 19 the

2366 3791 87 17 Waikato
2474 3790 38 17 and
2529 3790 98 17 Auckland
2651 3790 84 17 markets
2756 3790 47 18 with

2366 3814 54 17 stock
2428 3814 59 21 easily
2496 3813 37 17 and
2539 3813 107 22 profitably.
2672 3814 39 16 The
2717 3814 85 17 distance

2366 3839 20 15 to
2395 3838 85 16 Rotorua
2493 3836 14 17 is
2525 3836 58 17 about
2598 3838 22 15 55
2637 3836 59 18 miles.
2732 3837 70 17 Messrs

2366 3859 80 19 Mueller
2461 3859 37 17 and
2513 3859 76 22 Reaney
2603 3859 39 18 also
2655 3860 98 22 inspected
2770 3859 31 18 the

2365 3883 98 18 Waimana
2473 3882 59 17 Block
2540 3883 61 16 which
2610 3883 33 17 lies
2653 3884 19 16 to
2682 3883 33 17 the
2728 3884 41 16 cast
2782 3883 22 17 of

2366 3906 101 23 Opouriao,
2489 3906 84 17 between
2589 3906 15 17 it
2622 3906 37 17 and
2684 3906 33 17 the
2742 3908 58 15 coast.

2364 3930 53 21 They
2425 3930 37 16 left
2470 3929 95 22 Opouriao
2575 3935 24 11 on
2608 3929 87 22 Tuesday
2712 3929 90 21 morning

2365 3955 20 15 at
2394 3953 10 17 7
2411 3953 79 17 o'clock,
2498 3952 37 17 and
2544 3951 114 22 proceeding
2666 3958 25 16 up
2701 3952 32 17 the
2742 3951 44 18 Wha-

2364 3976 71 17 katane
2438 3975 68 23 Valley
2512 3976 19 16 to
2537 3975 33 17 the
2577 3976 82 16 Ruatoki
2665 3975 64 16 native
2735 3975 55 16 settle-

2364 4000 53 16 ment
2425 3999 46 21 they
2485 3998 74 18 crossed
2575 4004 43 11 over
2634 3998 27 21 by
2677 3998 33 17 the
2727 3998 61 21 Raugi-

2364 4022 143 17 taiki-Ruatoki
2527 4021 46 17 road
2585 4021 40 18 into
2640 4021 33 17 the
2689 4021 112 21 Rangitaiki

2364 4045 68 18 Valley
2441 4045 38 17 and
2486 4051 20 10 so
2523 4050 25 16 up
2565 4045 32 16 the
2613 4044 49 17 river
2679 4045 20 16 to
2713 4044 86 17 Galatea.

2364 4068 32 17 Mr
2402 4068 81 17 Mueller
2491 4068 46 16 then
2546 4073 51 11 came
2606 4073 23 11 on
2638 4068 20 16 to
2667 4067 90 18 Rotorua,
2764 4068 36 16 but

2364 4091 32 17 Mr
2404 4092 83 21 Reaney,
2493 4090 57 23 being
2559 4090 63 21 joined
2628 4090 26 21 by
2662 4090 32 16 Mr
2702 4090 96 21 Knowles,

2364 4115 50 16 chief
2422 4115 113 16 accountant
2544 4113 20 17 of
2571 4113 32 17 the
2611 4112 64 17 Lands
2681 4113 36 16 and
2728 4112 71 22 Survey

2364 4138 131 21 Department,
2506 4137 50 16 went
2564 4142 25 11 on
2597 4137 19 16 to
2623 4136 25 17 Te
2665 4135 77 22 Whaiti,
2753 4136 46 17 each

2363 4160 72 21 having
2443 4160 85 17 business
2536 4159 20 17 in
2569 4159 42 17 that
2620 4158 82 23 locality.

2868 133 121 18 ROTORUA
3006 134 103 18 JOCKEY
3130 134 73 18 CLUB.

2911 195 59 19 Hack
2986 197 55 17 Race
3053 197 105 17 Meeting.

2839 228 38 17 The
2884 233 42 13 race
2933 228 84 23 meeting
3025 228 61 18 which
3095 229 46 17 took
3154 228 51 24 place
3219 232 5 14 i
3233 241 10 5 ,-

2804 246 2 28 I
2815 251 38 22 day
2860 251 62 17 under
2938 251 31 17 the
2984 251 84 23 auspices
3082 252 20 18 of
3118 252 33 18 the
3167 252 77 20 Rotorui

2813 273 75 23 Jockey
2897 272 49 19 Club
2961 280 36 9 was
3014 275 104 23 eminently
3132 275 113 24 satisfactory

2815 298 20 16 in
2843 303 56 16 every
2909 297 108 22 particular.
3043 297 37 18 The
3090 298 84 17 weather
3178 303 38 12 was
3224 300 21 17 all

2817 320 41 18 that
2869 319 54 19 could
2937 320 22 18 be
2973 320 79 22 desired,
3067 322 31 16 for
3112 321 93 21 although
3218 322 27 19 the

2817 343 64 18 clouds
2888 343 70 17 looked
2962 344 102 17 somewhat
3079 344 121 23 threatening
3213 345 32 17 lik--

2816 367 19 16 in
2841 367 32 16 the
2882 366 51 22 early
2942 367 40 22 part
2994 367 19 18 of
3022 367 32 16 tiie
3063 367 37 23 day
3109 367 45 22 they
3168 367 77 24 speedily

2817 389 72 18 cleared
2898 395 53 17 away
2960 390 38 16 and
3006 389 64 18 before
3079 390 32 18 the
3119 390 39 18 bell
3166 396 48 17 r..r.;.;
3222 391 23 18 for

2817 413 31 17 the
2857 413 41 16 first
2908 413 56 17 event
2967 413 34 17 the
3010 414 33 21 sky
3053 419 38 11 was
3100 414 69 17 almost
3186 413 48 19 cloud-

2817 435 41 21 less,
2869 436 32 17 the
2909 435 45 18 heat
2963 441 37 12 was
3006 436 73 18 intense
3087 437 35 17 but
3131 436 61 22 nicely
3201 437 33 18 tem-

2817 458 56 23 pered
2886 458 26 23 by
2928 465 9 11 a
2956 460 106 22 refreshing
3078 460 64 17 breeze
3156 460 48 17 from
3218 460 27 19 the

2804 482 2 23 ]
2817 482 120 18 south-west.
2967 482 39 17 The
3019 483 114 17 attendance
3145 489 39 11 was
3198 484 47 17 much

2804 503 2 25 ;
2817 504 63 24 larger
2887 505 47 17 than
2944 511 37 10 was
2991 503 115 25 anticipated
3110 505 40 19 and
3153 507 93 21 compared

2817 527 99 23 ftvorably
2924 528 44 17 with
2977 528 41 17 that
3029 530 19 15 of
3057 535 36 16 any
3103 530 87 21 previous
3196 532 40 15 meet-

2817 552 40 22 ing.
2882 552 59 15 Then-
2951 551 13 18 is
2973 557 25 10 <-u
3007 552 41 17 that
3058 553 82 17 account
3145 557 27 13 no
3187 557 58 13 reason

2817 575 20 17 to
2846 580 79 17 suppose
2937 574 37 17 thai
2987 574 32 18 the
3026 574 59 19 lessee
3090 575 21 18 of
3115 576 34 17 the
3154 576 61 23 gates,
3220 575 26 18 Hr

2818 598 73 20 Clarke,
2909 597 37 17 will
2961 597 48 17 have
3025 604 66 11 reason
3108 601 21 15 to
3144 600 64 20 regret
3222 599 24 18 his

2817 621 98 22 purchase.
2948 620 39 18 The
3003 621 61 22 grand
3085 621 56 18 stand
3159 627 38 12 was
3213 621 33 19 als.j

2818 644 73 23 largely
2912 644 107 21 patronised
3038 645 60 17 which
3119 645 39 18 fact
3175 644 38 17 will
3227 651 19 12 no

2818 668 59 16 doubt
2886 666 68 18 induce
2963 667 31 17 the
3003 667 115 23 proprietors
3127 670 20 14 to
3155 667 37 17 add
3201 673 12 11 a
3217 668 29 18 few

2807 689 2 23 |
2818 696 98 16 necessary
2932 689 146 23 improvements
3095 691 64 17 before
3175 691 72 18 another

2808 712 1 24 I
2818 713 86 23 meeting
2912 719 61 12 comes
2990 714 67 17 round.
3090 715 95 21 Amongst
3201 714 46 18 those

2818 738 77 21 present
2916 742 47 11 were
2979 736 32 18 Mr
3031 737 28 17 W.
3081 737 63 22 Kelly,
3166 736 80 19 M.H.H..

2819 760 82 22 Captain
2909 759 74 22 Morris,
2994 760 81 20 M.L.C.,
3086 760 69 18 Messrs
3170 760 66 22 Shrimp-

2819 785 40 18 ton,
2869 781 83 18 Hawkes
2961 783 51 21 Bay;
3022 783 55 21 Rose,
3088 783 85 21 Oxford;
3192 783 54 18 Shaw.

2820 806 122 21 Coolgardie;
2965 806 54 19 Sims,
3045 807 100 20 Adelaide;
3176 806 70 18 Martin.

2820 828 98 25 England;
2932 829 31 17 Mr
2971 828 40 18 Mrs
3020 830 38 16 and
3066 830 47 17 Miss
3130 829 62 18 Rudd.
3210 829 40 23 C'y

2820 853 38 18 lon,
2869 852 38 16 and
2915 858 56 16 many
2980 853 78 17 tourists
3075 856 20 14 at
3112 854 76 21 present
3196 853 18 16 in
3223 854 25 16 Ihe

2820 875 81 18 district.
2926 875 39 17 The
2982 875 58 18 ladies
3057 876 40 17 also
3114 876 68 17 turned
3195 878 29 15 out
3234 877 14 16 in

2820 899 26 17 all
2855 899 50 16 their
2912 898 80 23 bravery
3001 899 32 16 the
3051 900 66 22 bright
3125 900 47 17 hues
3181 900 19 15 of
3208 899 41 18 the;;-

2821 922 55 17 attire
2886 922 67 21 giving
2961 922 50 17 color
3028 924 20 15 to
3065 923 33 17 the
3114 922 78 23 pieture.
3217 922 31 18 Tin:

2820 951 55 17 posse
2888 945 20 17 of
2916 945 59 22 police
2988 947 77 20 prosent
3073 945 111 23 comprised,
3194 945 19 17 in
3222 947 18 15 ad-

2822 968 60 17 dition
2893 969 20 16 to
2922 968 59 17 Const
2989 969 85 22 Murray,
3090 969 57 22 Sergt
3156 969 56 21 Kiley
3220 975 19 10 an
3245 968 4 23 1

2822 992 59 17 Const
2890 991 85 23 Hughes.
3002 992 54 17 Good
3071 992 55 17 order
3142 997 38 12 was
3196 992 43 17 main-

2822 1014 69 22 tained,
2902 1014 73 23 though
2985 1020 35 11 one
3029 1015 105 17 individual
3144 1014 42 18 who
3195 1016 54 17 would

2822 1038 68 22 persist
2898 1038 19 17 in
2926 1038 79 22 playing
3013 1038 30 17 his
3071 1039 50 17 little
3138 1044 54 17 game
3220 1039 30 17 had

2822 1063 20 16 to
2850 1061 24 18 be
2883 1066 48 13 remc
2939 1061 36 18 .cd.

2845 1085 39 16 The
2893 1085 71 17 ofKoers
2973 1085 76 17 worked
3057 1086 50 17 most
3112 1084 137 23 indefatigahlr,

2803 1107 1 24 l
2822 1108 32 17 Mr
2862 1107 114 19 Warbrick's
2985 1109 83 22 starting
3076 1114 40 11 was
3125 1114 22 11 on
3157 1107 32 17 the
3199 1108 52 17 whole

2803 1131 1 23 i
2823 1131 56 22 good,
2889 1138 20 10 as
2918 1131 23 17 he
2950 1131 37 17 had
2996 1137 57 17 many
3062 1132 104 21 refractory
3183 1136 45 16 nags
3236 1135 15 14 to

2803 1154 1 22 •
2823 1154 42 18 deal
2874 1154 52 17 with.
2951 1154 39 17 The
3003 1154 91 18 decisions
3109 1155 20 17 of
3145 1155 33 16 the
3193 1154 57 22 judge,

2803 1177 1 23 •
2823 1178 32 17 Mr
2862 1178 77 22 Dansey
2952 1183 49 11 were
3017 1178 145 22 unchallenged,
3182 1177 35 17 and
3227 1178 25 17 the

2803 1201 1 22 I
2824 1203 99 20 secretary,
2933 1201 31 16 Mr
2973 1201 99 22 Urquhart
3084 1207 39 11 was
3139 1202 20 16 to
3168 1201 23 17 be
3201 1201 49 17 found

2803 1224 1 23 I
2824 1225 94 17 wherever
2932 1225 24 16 he
2964 1230 39 11 was
3018 1224 93 23 required.
3144 1224 74 21 During
3227 1225 20 16 tie

2803 1248 1 24 |
2823 1248 81 17 interval
2920 1248 62 16 which
3006 1248 91 21 preceded
3119 1248 32 17 the
3168 1248 83 21 principal

2803 1271 1 20 i
2824 1272 60 19 event,
2900 1277 11 11 a
2928 1271 99 20 luncheon,
3053 1271 94 17 excellent
3169 1271 18 16 in
3205 1277 43 11 even

2803 1293 1 23 i
2824 1293 144 22 characteristic,
2978 1294 37 16 and
3024 1295 113 21 exquisitely
3151 1293 64 19 served
3223 1300 29 11 wan

2803 1316 1 24 ;
2824 1316 90 24 provided
2923 1317 26 23 by
2961 1317 31 17 Mr
3010 1317 83 18 Boulton
3111 1319 20 17 of
3147 1317 33 18 the
3196 1317 55 19 Grand

2803 1340 1 24 •
2824 1340 59 19 Hotel
2892 1340 38 17 and
2938 1341 33 16 tho
2979 1341 59 17 booth
3051 1342 143 22 arrangements
3211 1347 39 12 wore

2803 1363 1 23 1
2824 1366 48 16 most
2883 1363 98 23 complete.

2803 1385 1 25 !
2847 1387 39 17 The
2895 1388 65 22 racing
2968 1385 83 19 resulted
3067 1393 21 11 as
3097 1387 83 21 follows;

2803 1415 1 19 1
2826 1416 150 18 I.—Handicap
2983 1415 90 19 Hurdle
3082 1416 55 18 Race
3155 1416 20 17 of
3190 1416 61 18 lOsovs,

2803 1448 1 23 !
2824 1448 64 18 James
2897 1448 101 17 Clement's
3008 1448 120 17 Ramsworth
3138 1448 93 22 (Windsor
3233 1448 3 23 1
3247 1448 3 23 1

2803 1471 1 23 ,
2824 1472 76 17 Henarc
2909 1471 116 17 Werahiko's
3034 1471 54 20 Hiki,
3098 1471 92 23 (Dounes)
3207 1471 13 23 ..
3245 1474 6 14 :!

2803 1493 1 24 .
2824 1495 29 19 W.
2864 1495 78 22 Roger's
2951 1493 102 21 Catch'em,
3064 1494 82 23 (Cotter)
3206 1493 12 24 ..
3244 1498 7 14 ;j

2803 1522 1 25 I
2848 1524 17 18 A
2874 1524 50 23 good
2933 1525 48 16 start
2988 1529 38 11 was
3032 1524 84 17 effected,
3130 1522 47 19 Hiki
3182 1523 70 23 jumped

2803 1547 1 23 -
2824 1547 41 17 into
2874 1548 32 16 the
2914 1547 43 17 lead
2971 1547 38 17 and
3026 1547 117 17 maintained
3159 1547 16 17 it
3192 1547 60 23 closely

2803 1569 1 23 [
2825 1571 89 17 followed
2921 1571 26 21 by
2956 1571 120 16 Ramsworth
3085 1571 29 16 till
3123 1570 32 17 the
3165 1570 36 17 last
3214 1570 29 17 hur-

2803 1593 1 22 .
2825 1594 30 17 die
2876 1600 38 11 was
2930 1594 111 21 negotiated
3058 1594 56 17 when
3128 1594 33 16 the
3177 1593 75 18 distanci;

2825 1623 38 11 was
2872 1617 74 22 rapidly
2955 1616 106 18 shortened.
3076 1617 26 17 At
3111 1616 31 18 the
3152 1616 55 18 home
3216 1618 36 16 turn

2803 1640 1 20 I
2825 1641 118 17 Ramsworth
2953 1640 79 20 crossed,
3043 1640 60 17 threw
3112 1640 46 17 Hiki
3168 1641 33 15 out
3212 1640 19 17 of
3241 1641 11 17 it

2803 1663 1 23 l
2825 1663 37 18 and
2872 1669 51 12 came
2932 1663 19 17 in
2960 1670 12 10 a-
2980 1663 71 17 winner
3060 1663 26 23 by
3095 1664 59 17 about
3166 1670 11 10 a
3187 1663 64 21 length.

2803 1686 1 23 •
2826 1686 97 19 Catch'em
2940 1686 56 17 third.
3022 1688 17 15 A
3060 1688 73 21 protest
3154 1686 25 23 by
3199 1686 54 17 Hiki's

2803 1709 1 23 •
2825 1716 64 12 owner
2897 1710 29 17 for
2935 1710 84 22 crossing
3028 1716 38 11 was
3078 1710 96 17 sustained
3183 1709 36 17 aud
3227 1710 26 17 the

2803 1733 1 21 i
2825 1733 60 17 result
2893 1738 38 12 was
2940 1733 86 17 declared
3035 1733 47 17 Hiki
3098 1735 15 19 1,
3131 1733 94 18 Catch'em
3241 1735 11 15 :'.

2803 1757 1 22 l
2825 1757 66 17 Victor
2900 1758 16 16 3.
2942 1757 85 16 Another
3035 1759 73 20 protest
3124 1757 75 22 against
3214 1757 37 16 lliki

2803 1780 1 23 p
2826 1786 24 11 on
2858 1781 81 16 account
2950 1780 20 17 of
2978 1780 33 17 the
3027 1780 68 23 jockey
3112 1783 34 14 not
3163 1780 55 23 being
3235 1780 12 17 li-

2803 1803 1 22 ■
2825 1803 68 17 censed
2914 1803 33 17 has
2964 1804 33 21 yet
3013 1804 19 17 to
3049 1803 23 17 be
3092 1803 114 19 considered,
3224 1804 29 16 and

2803 1826 1 18 ;
2825 1827 16 16 if
2849 1827 37 16 this
2895 1826 96 18 sustained
2999 1827 97 17 Catch'em
3109 1828 51 16 must
3169 1826 42 18 take
3227 1827 20 16 tin-

2803 1850 1 17 >
2825 1850 69 17 stakes.

2905 1872 119 18 2.—Maiden
3033 1873 55 17 Plate
3093 1873 21 18 of
3120 1874 10 16 8
3138 1878 48 13 sovs.

2803 1902 1 22 •
2825 1902 26 17 H.
2862 1903 22 16 R.
2894 1902 69 17 Bonn's
2971 1902 92 21 Heather,
3076 1902 103 22 (Windsor)
3208 1902 2 22 .
3219 1902 3 22 .
3246 1903 5 16 1

2803 1924 1 24 1
2825 1926 26 16 IT.
2862 1926 98 16 Fortune's
2969 1924 109 24 Vortigern,
3088 1925 75 23 (Berry)
3208 1924 2 24 .
3218 1924 3 24 .
3245 1939 7 3 -

2803 1944 1 27 •
2825 1949 47 17 Mau
2881 1948 102 18 Timiuba's
2992 1947 69 21 Nikau,
3072 1944 124 27 (Callaghan)
3208 1944 2 27 .
3219 1944 1 27 .
3245 1951 7 15 -'i

2803 1974 1 24 1
2826 1978 17 16 3.
2845 1977 84 17 —Maori
2945 1977 96 19 Women's
3055 1978 55 17 Hack
3129 1978 49 17 Race
3192 1978 19 17 of
3227 1978 25 20 £:!,

2803 2007 1 25 I
2825 2010 26 16 Te
2860 2009 61 17 Keri's
2930 2008 61 22 Kaha,
3001 2007 69 25 (Mere)
3137 2007 14 25 ..
3206 2007 2 25 .
3217 2007 3 25 .
3245 2007 4 25 1

2803 2032 1 25 .
2825 2032 82 17 Home's
2916 2032 55 21 Ruhi,
2983 2032 20 23 ('•
3010 2033 47 17 Miss
3067 2032 76 25 Rigley)
3206 2032 2 25 .
3217 2032 3 25 .
3244 2036 7 14 2

2803 2061 1 23 i
2825 2062 17 16 4.
2845 2061 62 17 —Tho
2912 2062 41 16 Hot
2963 2062 60 17 Lakes
3032 2062 101 22 Handicap
3142 2063 21 16 of
3172 2064 19 15 15
3205 2069 47 11 sovs..

2803 2090 1 24 7
2825 2090 40 17 Mrs
2876 2090 19 17 F.
2905 2091 29 16 W.
2944 2091 80 22 Tonges'
3034 2091 64 20 Rebel,
3110 2091 74 23 (Berry)
3218 2090 3 24 .
3246 2090 4 24 1

2803 2110 1 30 5
2825 2114 26 16 H.
2861 2114 22 16 R.
2893 2114 70 17 Bonn's
2971 2110 92 24 Heather,
3078 2114 101 26 (Johnson)
3208 2110 13 30 ..
3246 2117 6 15 'I

2803 2136 1 25 >
2825 2137 76 17 Henare
2910 2136 116 18 Werahiko's
3036 2138 66 21 Whiti,
3110 2138 68 23 (Scott)
3208 2152 13 3 ..
3246 2139 7 17 3

2803 2165 1 24 \
2873 2171 15 11 o.
2891 2166 84 17 —Maori
2985 2165 56 19 Hack
3053 2167 51 17 Race
3120 2168 20 16 of
3158 2169 55 15 lsovs.

2803 2194 1 23 [
2825 2194 51 17 Kino
2926 2194 15 23 ..
2998 2194 2 23 .
3009 2194 3 23 .
3068 2194 15 23 ..
3138 2194 4 23 .
3151 2194 3 23 .
3209 2194 2 23 .
3220 2194 2 23 .
3248 2194 4 23 1

2803 2218 1 23 ,
2826 2218 56 16 Kaha

2803 2244 1 24 >
2826 2246 17 16 6.
2846 2244 124 23 —Handicap
2987 2246 53 22 Pony
3062 2246 49 18 Race
3136 2248 20 16 of
3176 2246 10 18 5
3206 2253 47 15 sovs.,

2803 2274 1 24 ■
2824 2274 19 17 J.
2854 2274 97 22 Lopdell's
2960 2275 57 19 Belle,
3029 2275 111 23 (Johnston)
3208 2274 2 24 .
3219 2274 3 24 .
3248 2274 2 24 1

2803 2298 1 24 1
2825 2298 80 16 Atutahi
2914 2298 24 17 Te
2948 2298 58 17 Kiri's
3013 2298 103 23 Dynamite
3122 2298 116 24 (Watekena)
3245 2301 7 15 1

2803 2317 1 28 ',
2825 2321 40 17 Mrs
2874 2321 21 17 F.
2906 2320 28 18 W.
2944 2322 79 22 Tonges'
3032 2317 72 27 Victor,
3115 2322 75 23 (Berry)
3207 2317 2 28 .
3218 2317 2 28 .
3245 2324 8 16 :)

2865 2350 113 23 7.—Flying
2999 2351 67 17 Stakes
3090 2352 21 17 of
3134 2352 10 16 8
3165 2358 47 11 sovs.

2803 2368 1 36 !
2825 2378 40 17 Mrs
2874 2378 21 18 F.
2905 2379 28 17 W.
2943 2380 80 21 Tonges'
3033 2380 65 20 Rebel,
3109 2379 75 25 (Berry)
3206 2368 14 36 ..
3246 2368 4 36 1

2803 2401 1 25 ,
2825 2401 25 17 IT.
2861 2402 22 16 R.
2893 2403 69 16 Bonn's
2971 2403 105 21 Magnolia,
3086 2404 104 22 (Windsor)
3206 2401 2 25 .
3217 2401 3 25 .
3244 2405 8 15 :!

2803 2425 1 25 »
2825 2425 21 17 F.
2857 2425 64 17 Rose's
2930 2426 94 21 Barmaid,
3036 2426 85 24 (Brown)
3138 2425 3 25 .
3151 2425 3 25 .
3246 2425 2 25 ;
3250 2425 2 25 i

2803 2454 1 24 i
2872 2455 16 16 8.
2891 2454 95 18 —Forced
3003 2455 102 23 Handicap
3114 2457 20 16 of
3147 2457 10 17 7
3166 2462 47 11 sovs.

2803 2481 1 23 •
2825 2481 99 23 Magnolia
2995 2481 15 23 ..
3066 2481 3 23 .
3078 2481 3 23 .
3149 2481 3 23 ,
3218 2485 32 15 .1

2803 2504 1 21 i
2825 2504 59 18 Rebel
3218 2508 34 17 .2

2803 2528 1 16 i
2825 2528 47 16 Hiki
3244 2532 8 12 :j

2884 2594 311 32 CORRESPONDENCE.

2882 2656 50 18 FOR
2942 2657 115 19 MERCIES
3068 2658 137 18 RECEIVED.

2954 2708 24 13 TO
2991 2708 40 13 THE
3052 2709 82 14 EDITOR.

2850 2735 41 19 Sir,
2894 2735 84 23 —Apart
2986 2736 49 17 from
3049 2737 25 16 its
3087 2737 76 17 natural
3184 2737 68 24 beauty;

2826 2759 55 21 apart
2890 2758 48 17 from
2946 2759 24 16 its
2979 2760 76 17 natural
3064 2760 92 20 wonders,
3179 2761 50 18 there
3243 2763 9 16 is

2827 2787 35 11 one
2871 2781 74 18 feature
2966 2782 20 17 of
3007 2782 86 19 Rotorua
3107 2784 42 17 that
3170 2785 81 22 specially

2826 2805 68 17 strikes
2910 2810 11 11 a
2937 2805 72 18 visitor.
3036 2806 19 17 It
3069 2806 16 18 is
3105 2813 11 11 a
3133 2807 119 19 Government

2826 2827 101 23 township;
2942 2829 32 16 the
2981 2829 34 17 soil
3036 2829 79 23 belongs
3125 2832 20 16 to
3160 2831 32 17 the
3209 2832 43 18 State

2827 2851 38 18 and
2870 2851 32 18 the
2918 2851 52 18 State
2988 2852 34 17 has
3038 2853 50 18 done
3109 2853 32 21 all,
3158 2860 22 11 or
3196 2858 56 19 pretty

2826 2874 66 23 nearly
2908 2874 31 20 all,
2957 2874 44 18 that
3008 2876 35 17 has
3051 2876 47 17 been
3107 2876 49 19 done
3174 2879 20 15 to
3207 2879 45 16 make

2828 2898 40 17 this
2875 2897 73 18 district
2958 2899 101 17 attractive
3076 2900 21 16 to
3113 2900 84 18 tourists.
3222 2902 30 16 lint

2828 2921 15 17 it
2852 2921 16 17 is
2876 2922 20 16 to
2906 2921 74 18 Nature
2989 2922 42 17 that
3040 2928 28 11 we
3076 2929 33 11 are
3121 2923 89 19 indebted
3229 2926 23 16 fur

2828 2945 31 16 the
2868 2944 77 23 healing
2965 2946 68 16 waters
3044 2946 62 18 which
3127 2946 52 18 draw
3196 2949 47 17 thous-

2827 2968 46 16 ands
2885 2968 20 16 of
2925 2967 91 24 suffering
3028 2969 101 23 humanity
3138 2972 19 15 to
3171 2970 81 19 Rotoi-uc.

2828 2991 42 17 And
2879 2991 32 17 the
2920 2991 65 17 visitor
2994 2991 59 21 looks,
3064 2993 37 17 and
3109 2993 53 18 looks
3191 2995 18 17 in
3218 2996 34 16 vnin

2828 3014 29 17 for
2864 3020 51 11 some
2923 3014 89 18 evidence
3028 3016 21 16 of
3061 3017 97 21 gratitude
3168 3017 29 17 for
3213 3024 30 11 mer-

2828 3038 36 16 cies
2871 3037 90 17 received.
2987 3038 37 18 For
3033 3039 52 17 since
3104 3040 33 17 the
3149 3040 56 19 baths
3214 3041 38 18 liave

2827 3060 47 18 boon
2883 3060 60 17 under
2951 3060 80 18 medical
3039 3062 174 23 superintendence,
3222 3071 20 10 an
3248 3060 4 25 1

2828 3084 32 16 the
2868 3085 67 16 waters
2944 3084 96 22 analysed,
3050 3085 97 19 hundreds
3153 3087 21 17 of
3180 3088 72 21 wealthy

2826 3106 68 24 people
2901 3106 48 18 have
2957 3107 78 18 washed
3050 3109 20 16 in
3087 3109 54 18 them
3160 3111 38 17 and
3213 3111 39 17 have

2828 3136 48 17 gone
2886 3130 55 17 home
2950 3130 38 17 free
2998 3131 49 18 from
3056 3133 109 22 complaint,
3176 3134 76 17 cleanse:!

2827 3153 20 17 of
2855 3152 76 18 disease.
2956 3153 44 17 And
3008 3154 16 17 it
3033 3154 15 18 is
3057 3155 49 18 from
3121 3156 46 18 such
3180 3163 20 12 as
3216 3158 36 21 they

2828 3177 42 17 that
2878 3177 33 16 the
2918 3177 66 16 visitor
2997 3179 76 20 expects
3084 3180 19 16 to
3112 3185 30 11 see
3151 3185 51 13 some
3219 3187 21 11 me-

2828 3199 65 18 morial
2911 3200 19 16 of
2951 3199 144 26 thanksgiving.
3118 3203 94 23 Amongst
3228 3204 24 17 the

2827 3222 105 18 thousands
2948 3223 44 17 who
3009 3224 50 17 have
3087 3225 76 18 derived
3189 3226 63 18 benefit

2828 3246 48 17 from
2885 3246 33 16 the
2925 3245 57 18 baths
2988 3247 16 17 it
3013 3247 74 19 follows
3101 3248 43 18 that
3160 3255 55 18 every
3230 3255 15 12 re-

2827 3269 69 21 ligious
2904 3269 110 22 persuasion
3022 3271 36 17 has
3066 3269 4 26 '
3080 3272 24 16 ad
3117 3273 25 17 its
3155 3275 88 20 represent-

2827 3292 65 19 atives,
2902 3292 37 17 and
2953 3298 20 11 so
2982 3299 35 11 one
3028 3294 69 22 haraly
3110 3297 76 21 expects
3203 3298 19 16 to
3230 3302 17 11 scr-

2827 3321 24 11 an
2861 3315 87 17 enriched
2960 3316 69 18 church
3047 3317 81 18 devoted
3137 3321 19 15 to
3171 3326 11 10 a
3191 3320 53 22 partic-

2826 3338 43 17 ular
2881 3339 49 17 form
2951 3339 20 17 of
2991 3340 89 22 worship.
3106 3342 39 17 But
3165 3349 35 11 one
3216 3343 36 17 docs

2827 3363 68 20 expect
2906 3363 21 16 to
2939 3368 29 11 see
2977 3368 51 12 some
3048 3363 47 18 kind
3111 3365 20 17 of
3148 3363 104 20 benevolent

2826 3384 114 21 institution,
2948 3391 20 11 or
2981 3392 11 10 a
2998 3386 48 17 fund
3053 3387 60 18 under
3121 3388 32 17 the
3169 3389 73 17 adminis-

2827 3408 70 16 tration
2906 3408 20 17 of
2940 3408 33 18 the
2977 3408 51 18 local
3044 3412 106 22 governing
3164 3411 55 24 body,
3233 3412 19 21 by

2827 3437 21 11 or
2854 3431 83 23 through
2944 3432 61 17 which
3014 3438 77 16 persons
3100 3434 20 18 in
3132 3441 46 16 poor
3181 3436 61 17 circum-

2827 3455 73 16 stances
2909 3461 34 10 can
2952 3454 63 19 derive
3029 3462 57 14 some,
3097 3459 20 16 at
3125 3457 54 21 least,
3194 3459 19 17 of
3228 3458 18 17 tic-

2827 3478 83 16 curative
2922 3478 81 17 benefits
3015 3480 43 16 thut
3079 3480 48 17 have
3147 3481 48 18 been
3214 3487 29 17 pur-

2826 3500 69 18 chased
2903 3501 25 22 by
2937 3501 51 17 their
2996 3502 85 23 wealthy
3087 3504 64 18 fellow
3158 3507 68 15 creatin
3231 3510 19 11 es.

2827 3524 23 17 In
2859 3524 38 17 this
2906 3530 80 12 manner
2998 3525 53 18 what
3059 3532 11 10 u
3080 3530 110 15 monument
3198 3527 53 22 might

2826 3547 20 17 in
2856 3547 45 17 time
2910 3548 24 17 be
2946 3548 74 17 erected
3038 3551 21 15 at
3066 3550 86 18 Rotorua
3177 3552 16 16 A
3210 3550 34 18 wide-

2826 3570 68 22 spread
2902 3570 112 24 knowledge
3021 3573 119 22 throughout
3145 3574 107 17 Australasia

2826 3594 43 16 that
2873 3598 38 17 any
2917 3593 100 23 deserving
3025 3595 38 17 and
3067 3596 115 18 certificated
3188 3598 63 21 patient

2826 3617 62 22 might
2897 3617 23 17 be
2929 3619 41 15 sent
2979 3619 20 16 to
3005 3619 85 17 Rotorua
3099 3619 62 19 where
3170 3621 71 17 heorsh

2826 3640 63 17 would
2897 3640 23 17 be
2930 3641 73 16 treated
3008 3642 39 17 free
3056 3642 50 17 from
3115 3643 25 17 all
3148 3649 79 17 expense
3233 3643 19 21 by

2826 3663 53 22 right
2885 3664 20 16 of
2913 3663 32 17 the
2955 3665 107 22 generosity
3075 3666 20 16 of
3103 3666 54 17 those
3166 3668 41 15 who
3221 3667 20 17 ha
3247 3663 4 24 ?

2826 3685 47 18 been
2880 3686 55 18 cured
2944 3685 4 23 !
2963 3687 9 16 I
2980 3693 31 11 am
3020 3694 67 14 aware,
3095 3689 32 19 sir,
3137 3690 42 17 that
3195 3692 20 15 at
3227 3690 25 16 the

2826 3711 75 20 present
2918 3710 45 17 time
2979 3710 87 23 indigent
3088 3718 78 16 persons
3182 3719 33 11 can
3235 3713 9 16 1;
3250 3710 2 24 -

2826 3732 106 17 forwarded
2940 3733 44 17 here
3000 3734 85 22 through
3094 3735 33 17 the
3146 3741 73 17 agency
3235 3735 17 17 oi

2826 3755 32 17 the
2866 3756 71 17 several
2946 3756 109 18 Charitable
3058 3758 37 17 Aid
3100 3758 72 18 Boards
3182 3755 36 21 anil
3226 3759 26 17 tli»

2826 3778 78 23 charges
2913 3784 31 12 arc
2949 3779 76 18 debited
3032 3781 76 22 against
3123 3782 32 17 the
3175 3782 75 18 districts

2826 3803 19 15 to
2854 3802 61 16 which
2925 3802 45 17 such
2987 3809 77 16 persons
3073 3804 76 23 belong.
3175 3806 20 16 It
3210 3811 37 11 mr.

2824 3824 24 17 be
2856 3824 60 23 urged
2925 3825 42 17 that
2976 3826 44 17 that
3028 3828 71 21 system
3107 3834 82 11 answers
3202 3836 5 9 t
3229 3833 21 16 •••/

2824 3853 82 16 purpose
2915 3848 60 18 which
2988 3850 56 16 could
3053 3850 23 17 be
3085 3852 113 21 accompli--:
3217 3848 4 25 i
3231 3848 16 25 ij

2824 3870 73 22 private
2912 3871 131 19 benevolence.
3070 3874 83 23 Perhaps
3193 3870 3 27 .
3212 3876 30 16 Per-

2824 3893 47 22 haps
2880 3894 15 16 it
2904 3894 14 16 is
2927 3894 43 17 that
2977 3901 35 11 our
3021 3896 104 19 charitable
3140 3898 32 17 aid
3189 3900 62 20 system

2822 3916 35 18 has
2866 3916 52 18 dried
2928 3923 26 16 up
2962 3918 75 23 charity
3051 3922 20 15 at
3087 3920 26 17 its
3127 3927 14 11 s<
3223 3922 27 15 hut

2823 3939 34 17 has
2866 3940 15 16 it
2897 3940 54 18 dried
2960 3947 25 16 up
2994 3942 26 17 all
3033 3948 52 12 sense
3094 3944 21 16 of
3122 3944 130 23 thanksgiving

2823 3969 21 10 as
2854 3962 41 18 well
2908 3969 20 12 as
2937 3970 11 11 a
2957 3964 59 18 desire
3037 3967 20 16 to
3078 3967 24 16 do
3123 3967 30 17 for
3169 3968 33 16 the
3222 3967 23 17 les-

2823 3986 97 17 fortunate
2928 3987 53 18 what
2989 3988 76 18 fortune
3074 3989 34 18 has
3123 3990 47 17 done
3184 3991 30 17 for
3225 3995 25 12 ui.'

2823 4008 37 17 Ltft
2867 4014 23 12 us
2894 4009 50 23 hope
2950 4012 39 19 not;
2997 4011 36 18 but
3038 4013 65 17 rather
3123 4013 27 17 let
3170 4020 21 10 us
3207 4016 14 14 ti
3226 4016 23 14 n-'

2823 4031 43 18 that
2875 4032 37 18 this
2921 4035 112 21 suggestion
3042 4035 62 18 which
3113 4036 10 17 I
3137 4038 77 16 venture
3233 4031 4 25 t

2822 4054 63 18 throw
2894 4057 32 16 out
2936 4063 44 16 may
2988 4057 46 18 bear
3043 4059 47 17 fruit
3099 4061 19 15 to
3128 4060 32 16 the
3169 4060 53 22 glorv

2823 4078 85 18 Rotorua
2920 4080 38 16 and
2975 4081 20 16 of
3015 4081 54 18 those
3090 4082 42 17 who
3146 4089 51 11 come
3213 4083 32 16 her

2822 4101 40 17 sick
2871 4102 37 17 and
2915 4108 24 17 go
2955 4104 19 16 to
2982 4104 51 17 their
3040 4104 66 19 homes
3115 4106 96 17 cured.—l
3220 4112 20 10 an
3247 4101 3 24 .

2822 4125 40 20 &c.,

3144 4161 90 15 Visitor-

1226 77 58 19 THE
1312 75 56 21 HOT
1395 70 91 24 LAtfES
1515 71 172 26 CHRONICLE,
1715 71 190 25 WEDNESDAY,
1934 73 136 21 JANUARY
2097 74 32 21 29,
2147 70 49 20 1896

242 211 120 33 wpmr

112 253 71 18 rNION
197 250 139 19 STEAMSHIP
351 248 115 18 COMPANY
485 247 30 17 OF

165 273 58 18 NEW
235 272 115 17 ZEALAND
359 271 81 16 Limited.

242 666 10 13 a,
259 647 101 30 fo-'\'*"'r?>

85 711 162 44 nUDDART,
272 708 111 21 PABKER,
405 706 54 20 AND
480 708 38 17 CO.

249 732 107 23 (limitep),

108 780 95 24 Splendid,
214 778 163 24 Well-a»pointed
382 778 93 17 Steamers
481 776 37 17 will

85 805 23 18 bo
116 804 114 22 despatched
239 804 50 15 from
297 804 119 16 Auckland,
426 806 19 11 as
460 799 59 18 under

85 828 90 23 (weather
191 826 38 18 and
247 826 56 18 other
319 825 141 17 circumstances
475 828 33 18 per-

86 849 84 23 mitting)
178 856 29 11 :

86 873 183 19 FouGISBOHNE,
276 870 103 20 NAPIER,
388 868 114 18 WELLING-

108 897 57 21 TON,
176 894 157 20 LYTTELTON,
344 893 15 18 &
367 892 127 20 DUNEDIN,

87 922 107 16 Tasmania
242 920 101 18 Tuesday,
350 917 43 17 Jan.
401 916 27 20 28,
441 916 20 16 12
469 920 50 12 noon

89 945 100 21 Akgliax,
198 944 103 18 Tuesday,
313 941 43 18 Feb.
367 940 26 20 11,
405 939 20 16 10
434 944 43 11 a.m.

214 989 51 17 FOR
279 986 111 20 SYDNEY,

132 1013 115 24 (Returning
261 1014 18 14 to
288 1009 98 19 Auckland
394 1007 79 23 Direct.)

87 1037 92 21 Carrying
199 1035 114 23 Passengers
332 1033 30 17 for
384 1031 134 21 Melbourne,

97 1060 54 18 other
156 1060 131 16 Australian
294 1056 71 21 POETS,
372 1055 38 17 and
416 1054 90 20 Hobaht,

86 1089 107 16 Tasmania
209 1082 14 23 -.
232 1086 107 18 .Monday,
355 1082 45 19 Feb.
412 1082 26 20 10,
449 1082 10 16 4
471 1087 47 18 p.m.

90 1112 101 15 Anglian.
200 1110 106 17 .Monday,
317 1107 45 17 Feb.
369 1107 27 19 24,
408 1106 9 16 3
426 1110 46 17 p.m.

108 1138 72 17 Return
189 1137 74 17 Tickets
270 1134 92 19 available
368 1134 29 18 for
410 1134 11 15 3
438 1132 81 18 months.

185 1166 23 17 L.
221 1166 24 17 D.
256 1163 107 19 NATHAN
376 1163 15 16 &
404 1161 45 21 CO.,

417 1185 79 22 Agents.

224 1228 96 30 rpiIOS.
343 1226 68 18 COOK
432 1226 13 16 &
470 1225 49 17 SON

264 1279 52 14 BOOK
329 1275 95 16 PASSAGES
436 1275 42 14 AND

290 1300 73 15 SECURE
375 1299 78 13 UERTIIS

250 1321 32 18 AT
295 1317 101 21 LOWEST
409 1317 80 17 RATES

87 1352 26 14 BY
125 1352 17 13 P.
153 1347 14 17 &
177 1352 17 11 O.
205 1349 37 18 CO.,
253 1348 72 14 ORIENT
334 1347 35 15 CO.,
380 1345 72 14 DIRECT
461 1344 58 14 LINES

179 1373 89 16 OCEANIC,
283 1368 141 17 MESSAGERIES,

187 1397 27 17 Or
219 1402 37 16 any
264 1395 38 18 line
310 1400 20 11 as
339 1392 77 19 desired.

108 1444 85 21 Enquiry
202 1441 77 18 invited.
296 1439 123 19 Information
429 1439 65 22 gratis.

86 1489 94 20 Intending
187 1492 100 18 passengers
301 1486 61 16 should
375 1485 53 21 apply
442 1484 27 16 for
485 1489 32 11 our

105 1512 34 14 free
148 1510 29 16 list
185 1510 18 16 of
212 1512 72 13 steamer
299 1507 70 21 sailings
381 1506 33 16 and
423 1507 45 15 fares
478 1508 19 14 at

131 1536 90 18 COOK'S
233 1534 125 19 SHIPPING
370 1533 99 21 OFFICE,

159 1566 22 17 70
190 1569 42 13 and
242 1565 21 17 7s
276 1564 164 19 Queen-street.

114 1593 85 18 Rotorua
214 1593 78 22 Agency
300 1589 4 26 :
316 1590 95 18 Hincmoii
420 1589 67 18 Street.

106 1625 45 16 N.B.
155 1624 81 16 —Drafts
245 1623 33 16 and
287 1623 76 16 Circular
372 1621 54 16 Notes
434 1621 57 16 issued
500 1622 18 14 at

89 1648 52 13 owest
149 1647 68 16 current
224 1648 51 13 rates.

85 1684 294 47 Ehrenfried
394 1684 122 45 Bros

227 1741 143 22 BREWERS,

163 1774 110 20 ALBERT
289 1771 148 24 BREWERY,

108 1806 217 22 QUEEN-STREET,
339 1804 158 19 AUCKLAND

106 1858 66 17 WINE
184 1858 51 16 AND
248 1857 80 17 SPIRIT
339 1855 155 20 MERCHANTS,

127 1885 123 17 BOTTLERS
262 1885 51 16 AND
330 1883 143 20 IMPORTERS,

170 1908 27 19 'l3,
212 1910 132 13 QUEEN-STREET
361 1909 69 12 WKABF.

177 1957 53 13 TBIZIf
240 1958 59 12 MEDAL
309 1958 35 11 AND
356 1955 70 14 AWARDS

85 1981 24 15 At
118 1981 28 16 the
160 1980 90 21 following
266 1979 111 17 Exhibitions
393 1978 26 16 for
429 1983 31 11 our
469 1978 38 16 well-

179 2002 63 16 known
254 2001 46 16 Bulk
308 2000 33 16 and
351 1999 68 16 Bottled

196 2022 49 17 ALE
257 2022 50 16 AND
318 2020 85 19 STOUT:

85 2050 68 20 Sydney
162 2049 126 17 International
296 2049 106 17 Exhibition,
414 2048 48 17 1879.

83 2071 101 17 Melbourne
193 2070 128 17 International
327 2069 108 19 Exhibition,
444 2070 70 15 1880-81

83 2093 44 15 New
134 2092 73 17 Zealand
216 2092 93 16 Industrial
313 2091 108 19 Exhibition,
427 2086 77 25 Welling-

127 2116 36 17 ton,
174 2115 47 14 1885.

83 2135 44 16 New
146 2135 75 16 Zealand
236 2135 33 15 and
283 2135 53 15 South
349 2134 41 15 Seas
406 2133 109 16 Exhibition.

127 2156 87 16 Dunedin.
226 2157 78 14 188A-90.

84 2178 21 15 In
114 2177 77 16 addition
200 2179 17 14 to
226 2177 54 15 above
289 2177 41 15 have
349 2176 42 15 been
405 2175 81 16 awarded
499 2176 18 14 at

126 2199 105 16 Tasrnanian
263 2197 108 19 Exhibition,
399 2196 117 20 Luuneestou,

129 2220 78 16 1891-92.

170 2250 58 17 FIVE
240 2251 69 16 FIRST
327 2250 103 16 AWARDS

285 2277 33 11 FOR

92 2294 68 16 BULK
171 2293 111 17 BOTTLED
296 2293 57 16 ALES
371 2292 51 16 AND
440 2292 78 17 STOUT

279 2314 46 19 Also,

172 2335 250 34 CHAMPIONSHIP

113 2375 64 22 Gold
190 2374 87 23 Medal
287 2374 28 23 of
325 2373 165 23 Australasia

191 2409 72 12 AGAINST
274 2408 97 12 ALLCOMERS
382 2408 32 12 FOR

86 2432 90 23 BULK
189 2432 70 23 AND
280 2430 144 24 BOTTLED
438 2430 66 23 ALE

177 2484 73 20 Having
258 2489 10 11 a
277 2483 57 21 Large
343 2483 51 15 Stock
402 2483 18 15 of

198 2509 48 16 ALE
258 2509 50 15 AND
321 2507 81 21 STOUT,

85 2535 69 17 Bottled
162 2535 17 16 in
188 2537 51 20 quart
248 2535 34 15 and
297 2535 38 21 pint
348 2533 68 21 bottles,
433 2534 84 21 specially

84 2557 67 16 brewed
160 2557 26 15 for
195 2557 28 15 the
232 2561 73 12 summer
315 2556 53 18 trade,
379 2555 55 16 which
442 2561 29 10 are
478 2561 39 10 now

84 2578 105 21 thoroughly
198 2578 84 18 matured,
295 2582 31 11 can
340 2576 43 16 with
396 2581 51 16 every
462 2577 45 15 confi-

85 2600 52 15 dence
148 2599 106 16 rocomniend
270 2604 46 10 same
331 2600 17 14 to
363 2603 119 11 connoisseurs
499 2603 18 10 as

85 2620 61 16 second
155 2622 17 14 to
181 2625 44 11 none
234 2620 16 16 in
261 2620 29 16 the
297 2619 72 20 Colony.

175 2660 246 44 NOTICE.

89 2751 194 33 FRANKTON
309 2749 207 32 JUNCTION

250 2784 113 31 HOTEL.

304 2842 28 24 by
346 2841 54 20 train
416 2842 20 18 to
451 2841 66 19 Aucb

277 2868 53 19 land.

83 2919 72 20 Trains
177 2921 45 23 stop
243 2920 75 22 twenty
337 2917 87 19 minutes
443 2919 21 17 at
483 2916 35 19 the

130 2944 105 21 Frankton
246 2944 95 19 Junction
351 2943 32 18 for
393 2943 78 18 dinner.

109 2971 44 19 The
176 2969 137 25 undersigned
341 2969 36 19 has
409 2968 109 20 first-class

83 2997 66 19 Meals
161 2996 63 25 ready
233 2996 42 19 and
284 2994 71 20 served
363 3001 27 13 on
405 2995 74 19 arrival
497 2996 21 17 of

84 3024 25 18 all
122 3023 70 19 trains.

84 3055 219 45 William
315 3052 200 55 Geateh,

140 3114 319 26 PROPRIETOR.

87 3168 147 23 Hancock's
243 3166 97 24 XXXX
346 3166 63 23 Ales
417 3166 101 29 always

218 3201 32 15 on
261 3192 125 29 Draught.

89 3243 118 32 UNITED
228 3241 186 33 INSURANCE
433 3241 84 37 COY.,

235 3279 127 21 LIMITED.

147 3333 152 28 CAPITAL,
314 3332 143 28 £500,000.

85 3386 92 45 FIRE
186 3386 53 19 risks
247 3385 21 19 of
276 3385 27 19 all
311 3384 73 19 classes
391 3383 127 20 undertaken

154 3414 21 17 at
185 3411 70 20 lowest
265 3412 80 17 current
355 3413 61 16 rates.

85 3446 75 20 Claims
169 3445 73 20 settled
251 3445 102 26 promptly
364 3445 40 19 and
417 3444 101 25 liberally.

97 3495 47 17 New
153 3495 82 18 Zealand
246 3494 55 17 Head
310 3493 64 20 Office,
383 3493 124 22 Wellington.

122 3523 90 17 Resident
221 3522 47 20 Sec,
276 3521 67 18 James
353 3521 17 18 S.
384 3521 100 17 Jameson'.

212 3550 97 18 Auckland
320 3550 74 22 Agent:

149 3579 21 16 A.
184 3578 109 21 Heather,
304 3577 75 17 Custom
388 3577 68 17 Street.

219 3610 84 17 Rotorua
311 3609 75 22 Agent:

135 3638 21 17 F.
169 3638 22 17 F.
199 3639 69 20 Watt,
282 3638 116 17 Chronicle
409 3636 62 18 Office.

109 3687 42 45 J.
180 3686 49 46 R.
263 3685 237 49 LUNDOJi

223 3746 163 22 SOLICITOR,

113 3777 29 19 26,
153 3775 214 19 SIIORTLAND-STKEET,
377 3775 119 16 AUCKLAND.

87 3822 50 18 N.B.
139 3820 104 18 —Attends
252 3822 78 20 country
340 3820 67 17 Courts
415 3820 26 22 by
454 3820 67 22 special

88 3844 140 23 arrangement.

147 3889 117 47 FOR
298 3888 161 46 SALE.

89 4024 133 45 TOTAEA
226 4022 96 20 HOUSE
327 4021 113 19 BLOCKS.
445 4022 66 19 Stiain-

155 4057 33 12 ers
207 4049 40 20 and
257 4049 136 19 Government
403 4047 39 19 size
456 4048 65 23 Posts,

88 4078 21 19 in
121 4084 40 18 any
171 4076 102 25 quantity,
286 4073 102 20 delivered
397 4074 20 18 to
428 4079 39 18 any
477 4076 45 22 part

88 4104 21 18 of
119 4104 35 18 tba
165 4099 180 26 district.—Apply
359 4102 20 16 at
390 4099 34 19 the
436 4099 86 19 Auction

87 4130 63 18 Mar*.

271 4153 20 18 J.
308 4151 29 19 H.
351 4150 118 20 TAYLOE.

691 345 55 19 ASK
762 343 54 20 FOR

662 466 182 23 CELEBRATED

719 519 85 32 xxxx

649 576 211 51 ALES,

670 638 57 14 MADE
736 638 54 13 FROM
800 637 41 14 THE

543 669 113 32 FINEST
682 667 88 32 MALT
791 665 65 33 AND
873 665 98 36 HOPS,

580 752 53 13 I'KEE
644 750 54 15 FEOM
712 750 38 13 ALL
764 748 128 14 ANTISEPTICS
904 748 27 13 OK

645 776 140 14 DELETERIOUS
803 775 64 13 ACIDS.

543 834 139 32 CAPTAIN
705 832 81 32 COOK
804 831 169 38 BREWERY,

645 875 194 21 NEWMARKET.

574 946 47 45 R.
643 943 301 49 GRIFFITHS,

653 1008 211 32 ROTORUA,

541 1054 433 30 GENERALCARTER&CARRIER.

568 1118 67 20 Goods
645 1117 102 20 delivered
757 1119 20 17 to
784 1116 28 20 all
827 1117 57 24 parts
901 1115 21 20 of
939 1115 35 20 the

541 1145 78 19 district
628 1147 19 16 at
656 1145 36 18 low
703 1146 59 16 rates.

624 1175 60 18 ALL
697 1173 110 19 TRAINS
821 1173 70 18 MET.

567 1230 271 26 N.B.—Goodpaddocking
842 1232 32 19 for
877 1238 13 12 a
894 1230 80 20 limited

541 1259 86 19 number
635 1259 22 18 of
666 1258 75 19 horses.
759 1257 104 25 Spencer's
873 1256 100 26 paddock,

541 1284 144 20 well-watered
710 1283 42 19 and
781 1290 61 19 every
874 1282 100 20 attontiou

541 1311 54 25 paid.

680 1383 151 18 NOTICE.

542 1430 127 43 H'ORSES
681 1430 59 18 found
750 1430 115 22 trespassing
880 1429 59 17 inside
955 1429 19 17 of

615 1453 65 17 fenced
693 1452 86 21 paddock
795 1458 24 12 on
835 1453 79 17 Galatea
931 1458 42 14 run,

540 1477 38 17 will
587 1476 22 19 be
617 1476 86 23 pounded
710 1476 3 23 ;
728 1476 36 17 and
772 1476 14 17 if
792 1477 34 16 not
834 1476 79 17 claimed
917 1476 45 17 with-

539 1500 19 17 in
567 1500 85 17 fourteen
661 1500 47 22 days
717 1500 38 16 will
763 1500 23 16 ho.
795 1499 47 18 sold.

713 1522 84 18 JAMES
809 1522 93 20 GRANT,

586 1611 124 18 PUKEKOA
719 1610 71 19 HALL
799 1610 127 17 ROTORUA.

540 1659 81 17 Friday
629 1662 42 14 and
680 1658 115 18 Saturday,
803 1657 47 17 Fed.
859 1657 37 17 7tji
904 1657 15 17 &
927 1657 46 16 Bth.

557 1704 120 19 POPULAR
685 1703 225 18 ENTERTAINMENT
919 1703 35 18 BY

542 1737 53 46 W.
623 1735 348 49 M7ICK,E.NZIE,

539 1798 44 17 The
599 1798 84 17 Famous
705 1797 121 18 SCOTTISH
848 1796 125 18 VOCALIST

652 1820 53 17 AND
717 1820 142 17 HUMORIST.

679 1851 114 14 SUPPORTED
806 1852 27 13 BY

541 1875 89 32 TV/riSS
663 1875 126 32 JESSIE
866 1874 107 19 LOVER

598 1921 103 24 Charming
710 1921 101 17 Character
823 1921 90 21 Vocalist,

586 1949 71 19 MISS
671 1949 111 18 LOUISE
798 1948 126 23 ATLBTT,

644 1973 32 17 the
685 1973 82 21 Popular
776 1973 90 21 Soprano,

562 1996 54 17 AND
630 1997 17 16 A
660 1996 144 17 POWERFUL
816 1996 132 17 COMPANY.

539 2027 111 43 MUSIC
678 2027 101 17 DANCES
797 2028 16 16 &
841 2027 85 24 QONG
943 2027 15 17 &

592 2050 63 19 IRTH
679 2050 125 18 RECITALS
840 2044 101 26 JOTORY

641 2081 121 18 POPULAR
773 2081 100 18 PRICES.

628 2138 150 18 PUKEROA
791 2138 91 18 HALL.

562 2184 106 21 FRIDAY,
687 2185 15 16 &
720 2185 138 17 SATURDAY
866 2185 77 17 NEXT.

574 2231 71 19 Great
657 2231 99 18 Musical
764 2231 135 19 Attraction
908 2231 17 19 !!
936 2231 4 19 !

586 2264 50 17 First
644 2269 115 16 appearance
773 2263 20 16 in
809 2263 86 17 Rotorua
906 2262 21 19 of

540 2287 50 26 Mr
608 2286 132 26 JOHN
759 2286 214 31 FULLER,

610 2319 114 18 Auckland's
735 2319 86 23 Leading
834 2320 67 19 Tenor,

540 2351 58 18 MISS
611 2351 22 17 E.
647 2351 22 17 L.
684 2351 101 17 FEATON
795 2351 14 17 &

675 2373 99 19 STRONG
787 2373 118 19 CONCERT
914 2373 57 21 COY,

555 2421 12 17 A
596 2421 51 17 DAN
651 2420 32 18 CE
689 2420 38 18 will
733 2420 63 18 follow
802 2420 32 18 the
841 2420 81 18 Concert
927 2420 45 18 each

575 2458 9 6 _
608 2443 80 24 evening
696 2445 20 15 to
725 2443 61 18 which
795 2444 75 17 holders
879 2444 20 16 of
908 2444 19 17 3s
936 2443 37 17 and

576 2467 58 18 ickets
643 2472 30 11 arc
682 2466 77 18 invited.

609 2490 110 17 Admission
720 2490 2 20 -
727 2490 4 20 :
748 2492 26 18 Jis,
789 2491 20 16 2s
823 2490 37 17 and
877 2490 24 17 Is.

750 2521 22 17 E.
786 2521 115 21 NORDON,

691 2545 87 17 Business
788 2545 160 22 Representative.

611 2610 58 19 THE
683 2609 107 20 SCHOOL
802 2609 103 20 PICNIC.

540 2662 152 43 EXTRACT
701 2662 52 19 from
762 2662 35 19 the
807 2662 89 19 minutes
907 2662 21 19 of
938 2662 35 19 the

607 2688 95 24 ordinary
712 2688 91 24 monthly
814 2688 91 26 meeting
911 2688 20 19 of
938 2688 34 19 the

539 2714 92 19 Rotorua
646 2714 71 19 School
734 2714 126 23 Committeo,
882 2714 47 20 held
946 2720 26 13 on

540 2740 89 25 Monday
639 2740 52 25 last:
776 2747 41 12 was
830 2740 99 25 proposed
945 2740 28 25 b}'

540 2766 33 19 Mr
582 2766 122 26 Fitzgerald,
716 2766 98 20 seconded
831 2767 28 24 by
872 2766 33 20 Mr
922 2766 50 20 Hall

541 2792 39 20 and
592 2792 141 25 unanimously
743 2793 83 23 carried,
839 2793 45 19 that
899 2799 13 13 a
926 2795 47 17 vote

540 2819 22 19 of
571 2819 74 19 thanks
655 2819 25 19 be
692 2819 96 19 tendered
797 2820 21 18 to
833 2819 52 19 Miss
903 2819 67 24 Selby,

541 2845 32 18 Mr
582 2845 97 22 Webber,
691 2845 34 19 the
734 2848 75 16 master
821 2845 42 19 and
872 2845 100 19 members

541 2871 21 19 of
571 2871 34 19 tho
616 2871 57 19 band
682 2871 40 18 and
736 2871 28 19 all
782 2871 44 19 who
846 2871 86 19 assisted
951 2871 20 18 in

541 2903 38 18 any
589 2903 44 18 way
643 2897 102 18 whatever
754 2897 87 19 towards
851 2897 35 19 tho
894 2903 78 13 success

541 2923 21 19 of
571 2923 34 19 the
621 2922 72 19 School
710 2923 66 18 Picnic
784 2922 4 24 ;
812 2923 39 19 and
870 2923 45 19 that
931 2923 42 19 this

540 2953 46 15 vote
598 2949 21 18 of
630 2947 73 21 thanks
712 2949 24 18 bo

598 2975 44 25 Sgd
652 2975 26 18 H.
694 2975 33 19 W.
738 2975 178 22 NEIGHBOUR,

834 3001 55 19 Hon.
902 3001 43 19 Sec.

566 3026 97 24 Rotorua,
676 3027 48 19 28th
733 3027 99 25 January,
849 3029 33 17 189
882 3029 23 17 G.

997 849 104 18 Auckland.

1128 902 65 23 FOR
1209 901 82 23 SALE

999 954 165 27 rpARAWERA
1176 954 95 17 HOUSE.

1130 977 69 23 Applv,

1202 1001 20 17 T.
1236 1000 18 18 J.
1269 1000 137 18 ROBINSON.

979 4243 105 40 Ask
1131 4244 75 41 for
1245 4244 269 41 Hancock's
1543 4245 279 40 Celebrated
1873 4247 188 38 XXXX
2085 4246 114 39 Ales
2226 4248 94 37 and
2346 4247 150 38 Stout.
