3288 4261
1189 51 58 20 THE
1274 52 57 20 HOT
1358 55 91 20 LAKES
1478 56 171 25 CHRONICLE,
1677 60 188 21 WEDNESDAY,
1894 61 136 20 JANUARY
2058 64 31 17 29,
2107 65 48 16 1896

540 246 208 44 Rotorua
797 245 135 46 .Hack

555 302 122 44 Race
698 301 221 56 .Meeting.

503 364 2 33 j
516 367 85 23 (Under
610 366 39 19 the
661 365 109 28 auspices
784 367 23 19 of
823 367 39 19 the
879 368 56 22 Roto-

620 399 39 13 rua
668 393 89 25 Jockey
766 393 77 25 Glub.)

501 418 3 24 I

501 444 2 33 j
513 446 156 23 Wednesday,
682 447 106 22 January
800 447 64 22 29th,
880 447 66 19 1896.

664 491 134 20 President:

664 516 29 17 Dr
707 515 85 18 Ginders.

621 538 213 19 Vice-Presidents:

535 562 20 16 C.
565 561 90 23 Malfroy,
665 562 52 22 Esq.,
726 561 50 21 J.P.,
786 562 38 17 and
833 562 22 17 R.
863 562 59 22 King.

558 584 77 23 Judge
644 584 4 23 :
790 585 92 18 Starter
890 584 4 23 :
907 584 3 23 •

499 602 2 27 I
510 606 32 18 Mr
550 607 22 18 11.
583 607 23 18 D.
617 607 81 22 D-msey.
771 608 31 16 Mr
810 607 21 18 C.
842 608 68 17 Huett.

627 630 69 18 Clerk
704 630 26 18 of
737 630 91 19 Scales:

650 653 32 18 Mr
689 653 19 17 J.
720 654 82 21 Stanley.

638 676 176 23 Handicappers
824 676 4 23 :

545 700 69 16 Messrs
622 699 20 17 J.
652 699 77 23 Stanley
739 700 37 17 and
786 700 21 17 P.
817 700 91 22 Mollroy.

533 721 68 19 Clerk
610 724 24 16 ot
643 722 87 18 Course
739 721 4 20 :
783 722 125 19 Treasurer
917 721 3 20 :

556 745 31 17 Mr
595 745 29 17 W.
638 745 82 22 Dansey.
752 745 32 17 Mr
793 746 23 16 K.
826 746 24 17 D.
860 746 83 22 Dansey.

657 768 133 20 Stewards.:

509 791 68 17 Messrs
585 791 18 17 J.
614 791 51 20 Bird,
683 792 28 16 W.
729 792 23 16 A.
767 791 99 19 Williams.
882 792 18 17 J.
916 790 26 19 H.

531 814 74 22 Taylor,
615 813 29 18 W.
654 814 78 23 Rogers,
741 814 19 18 C.
770 814 68 21 Huctt,
852 815 26 17 H.
895 815 36 17 For-

530 838 51 19 tune,
591 837 21 17 T.
623 837 20 17 C.
653 837 104 23 Urqaharfc,
773 837 23 17 R.
811 838 22 16 B.
851 837 90 22 Graham,

530 860 23 17 R.
563 860 72 22 Mayes,
645 860 28 17 W.
690 860 102 22 Henshaw,
807 860 21 18 J.
843 861 98 20 Falloonu,

530 882 29 18 W.
569 882 88 21 Boulton,
668 883 21 17 P.
697 883 21 17 F.
728 883 59 20 Watt,
795 884 22 17 R.
826 884 23 17 D.
858 884 82 20 Dansev,
951 877 4 30 |

531 906 27 16 W.
569 906 81 21 Dansey,
661 906 20 18 G.
691 907 24 15 A.
729 906 73 21 Clarke,
820 907 19 17 J.
856 907 83 22 Stanley,

530 929 128 19 Hooromana,
668 929 38 17 and
715 929 50 17 Kiwi
776 930 93 17 Amohau.

619 974 201 20 PROGRAMME.

599 1002 78 23 (Passed
685 1003 26 23 by
720 1004 32 17 the
765 1004 80 23 A.R.C.)

575 1031 51 17 First
642 1031 50 16 Race
711 1032 21 15 at
751 1032 52 17 11.30
824 1037 44 11 a.m.

506 1054 150 17 I.—Handicap
664 1054 89 17 Hurdle
762 1054 55 17 Race
826 1054 19 17 of
861 1055 77 19 lOsovs.,

529 1077 67 17 second
610 1077 54 16 horse
675 1078 20 16 to
708 1077 71 17 receive
793 1078 60 16 2sovs.
871 1078 33 16 out
920 1077 20 17 of

527 1100 33 17 the
569 1100 68 17 stakes.
647 1100 49 17 Over
710 1100 29 17 six.
751 1100 66 22 flights
825 1101 20 16 of
855 1100 82 20 hurdles,

528 1123 29 17 3ft
564 1123 31 17 Gin
600 1122 54 23 high.
675 1122 129 21 Nomination,
816 1125 26 18 ss;
858 1124 68 21 Accept-

527 1152 51 14 ance,
594 1151 27 11 os.
652 1145 96 21 Distance,
761 1152 35 11 one
812 1147 45 16 mile
873 1147 38 16 and
928 1152 10 11 a

527 1169 46 17 half.

504 1193 16 16 2.
523 1192 100 17 —Maiden
632 1192 54 17 Plate
692 1192 20 16 of
718 1193 10 15 8
736 1198 54 13 sovs.,
797 1192 69 17 second
884 1192 54 17 horse

527 1216 19 16 to
555 1215 71 17 receive
635 1216 10 15 2
654 1221 48 11 sovs.
710 1216 34 16 out
751 1216 21 16 of
777 1216 32 16 the
815 1215 69 17 stakes.
901 1215 38 17 For

527 1238 26 17 all
558 1238 64 17 horses
628 1238 42 16 that
676 1238 47 17 have
728 1244 57 11 never
790 1244 42 11 won
838 1244 25 11 an
870 1238 55 17 adver-

526 1261 48 17 tised
583 1267 42 11 race
635 1261 3 23 ;
653 1261 70 22 weight
732 1261 30 16 for
775 1267 41 17 age.
842 1261 95 17 Entrance

527 1285 26 16 Ss.
573 1284 96 21 Distance,
680 1290 35 11 one
723 1284 49 17 mile.

503 1307 103 18 3.—Maori
623 1307 95 17 Women's
731 1307 55 17 Hack
804 1307 49 18 Rase
867 1307 20 17 of
904 1307 32 21 £3,

526 1330 67 17 second
602 1330 55 17 horse
666 1331 19 16 to
694 1330 71 17 receive
782 1330 23 17 £1
822 1333 34 14 out
872 1330 20 17 of
905 1330 32 17 the

525 1354 68 17 stakes.
619 1353 31 17 All
659 1353 64 17 horses
732 1355 19 15 to
765 1354 23 16 he
802 1354 32 16 the
847 1355 90 20 property

525 1377 20 17 of
554 1375 77 19 Maoris.
657 1376 58 18 Catch
721 1376 86 23 weights.
821 1376 47 18 Post
874 1381 60 17 entry.

525 1401 26 15 3s.
576 1400 95 20 Distance,
682 1405 35 11 one
725 1400 50 16 mile.
800 1400 52 17 Four
860 1401 20 15 to
889 1401 48 15 start

525 1428 21 12 or
555 1428 23 11 no
587 1428 48 11 race.

501 1447 17 16 4.
520 1446 63 17 —The
588 1445 43 18 Hot
638 1445 61 18 Lakes
707 1445 102 23 Handicap
817 1446 21 17 of
846 1446 20 17 15
879 1451 55 14 sovs.,
960 1445 3 23 .

525 1468 68 18 second
606 1468 54 18 horse
675 1470 19 15 to
704 1470 69 16 receive
783 1470 10 16 3
802 1475 48 11 sovs.
868 1470 35 16 out
917 1468 20 17 of
960 1468 3 23 ,

523 1492 34 17 the
570 1491 70 18 stakes.
664 1491 130 22 Nomination,
809 1493 20 16 7s
842 1492 36 21 Cd;
898 1492 25 17 Ac-

524 1515 94 23 ceptance,
638 1515 19 17 7s
671 1515 30 16 Od.
726 1515 95 21 Distance,
840 1521 36 11 one
892 1515 44 17 mile

523 1539 38 16 and
570 1545 11 10 a
589 1538 46 17 half.

501 1564 16 16 5.
519 1562 85 17 —-Maori
613 1561 56 17 Hack
681 1561 49 18 Race
744 1562 20 16 of
777 1562 60 17 4sovs.
863 1561 73 17 Second

523 1586 54 16 horse
588 1586 7 15 1
610 1589 39 13 sov.
664 1584 49 18 from
731 1585 32 16 the
777 1585 68 17 stakes.
876 1584 59 17 Catch

523 1608 86 23 weights.
640 1608 47 17 Post
703 1608 60 22 entry,
782 1609 26 16 -is.
838 1608 96 19 Distance,

523 1637 35 12 one
567 1630 50 18 mile.
958 1628 5 16 J

500 1656 16 16 0.
520 1655 122 22 —Handicap
658 1655 55 22 Pony
733 1655 50 17 Race
807 1655 20 16 of
847 1656 10 15 5
878 1660 55 10 sovs..

523 1677 72 18 Second
604 1678 55 17 horse
671 1679 20 15 to
704 1678 71 17 receive
789 1679 7 16 1
812 1683 39 12 sov.
869 1679 34 15 out
915 1678 21 15 of

522 1702 33 16 the
571 1701 69 17 stakes.
673 1701 38 17 For
727 1702 64 20 ponies
810 1702 20 15 14
848 1700 61 17 hands
924 1701 10 15 2

522 1724 63 18 inches
595 1724 37 16 and
640 1724 65 17 under.
731 1724 130 21 Nomination,
871 1724 20 16 2s
899 1722 33 23 Gd;
957 1738 5 2 .

522 1749 117 20 acceptance,
650 1748 20 16 2s
678 1747 30 17 Od.
733 1747 95 20 Distance,
847 1747 30 17 six
894 1747 30 16 fur-

522 1771 61 21 longs.

499 1794 113 22 7.—Flying
633 1793 66 17 Slakes
716 1794 20 16 of
758 1794 11 16 8
788 1799 56 12 sovs..
866 1792 68 18 second

522 1817 54 17 horse
584 1818 20 16 to
610 1816 71 18 receive
688 1818 8 15 1
709 1822 38 12 sov.
758 1818 33 16 out
798 1817 20 17 of
824 1817 32 17 the
864 1816 68 17 strikes.

521 1839 129 21 Nomination,
658 1840 29 21 4s;
710 1841 117 21 acceptance,
837 1841 27 16 4s.
889 1839 33 17 Dis-

520 1865 61 18 tance,
592 1869 56 10 seven
657 1863 92 22 furlongs.

498 1886 114 17 B.—Forced
621 1886 100 22 Handicap
730 1887 20 16 of
758 1886 10 17 7
779 1892 54 14 sovs.,
849 1885 85 22 optional

521 1910 30 16 for
570 1909 64 17 losers.
664 1909 101 21 Entrance,
784 1909 26 17 7s.
844 1909 90 17 Distance

520 1938 36 12 one
565 1932 49 18 mile.

632 1973 163 17 CONDITIONS.

497 2019 58 18 Dales
563 2019 20 17 of
598 2018 138 21 Nominations,
751 2019 133 22 Acceptances,
896 2018 37 17 and

667 2042 111 17 Entrances.

497 2074 91 22 Tuesday,
602 2072 85 24 January
703 2074 45 20 21st,
765 2074 45 17 189G
825 2074 20 16 at
856 2074 21 16 10
885 2078 46 18 p.m.

519 2105 133 18 Nominations
687 2105 99 23 Handicap
797 2105 89 19 Hurdles,
906 2105 25 17 ss.

497 2128 40 17 Hot
546 2128 61 17 Lakes
621 2128 105 22 Handicap,
741 2129 19 16 7s
776 2128 29 17 Od.
831 2128 101 21 Handicap

497 2152 54 21 Pony
560 2152 55 18 Pace,
626 2152 19 16 2s
652 2151 30 17 Od.
708 2151 70 22 Flying
786 2150 73 20 Stakes,
870 2152 26 15 4s.

497 2175 100 21 Saturday,
607 2174 84 22 January
703 2175 50 20 25th,
764 2175 51 19 1890,
825 2175 21 16 at
856 2175 21 15 10
885 2180 46 16 p.m.

520 2203 195 18 Entrance—Maiden
726 2203 59 21 Plate,
799 2204 26 16 Bs.

497 2232 91 23 Tuesday,
598 2232 85 22 January
692 2232 51 19 28th,
755 2233 50 18 189(5,
816 2233 19 15 at
850 2232 21 16 10
886 2237 45 16 p.m.

520 2256 150 22 Acceptances—
677 2255 100 22 Handicap
797 2255 90 19 Hurdles,
906 2256 25 15 ss.

497 2279 40 17 Hot
546 2279 61 18 Lakes
616 2279 106 21 Handicap,
737 2279 20 18 7s
771 2278 29 17 Od.
831 2277 101 23 Handicap

497 2302 54 22 Pony
559 2302 56 20 Race,
626 2303 19 15 2s
654 2302 29 17 Od.
710 2302 70 22 Flying
786 2302 73 18 Stakes,
870 2303 26 14 4s.

527 2331 59 17 Dates
596 2336 23 11 on
629 2330 61 17 which
699 2331 110 22 Handicaps
817 2331 82 21 Appear.

543 2358 124 22 Wednesday,
676 2358 85 22 January
768 2358 55 20 22nd,
834 2359 50 16 1890.

520 2382 71 17 Posted
602 2382 21 17 to
631 2382 25 16 all
668 2382 122 17 nominators.

544 2440 84 18 KTJLES
641 2440 53 17 AND
703 2439 182 19 REGULATIONS

498 2487 33 23 (To
542 2486 60 18 winch
611 2486 32 18 the
652 2487 94 17 attention
755 2487 20 17 of
783 2491 77 18 persons
870 2487 51 15 enter-

520 2511 34 20 ing
562 2511 71 16 Horses
642 2509 14 17 is
664 2509 122 24 particularly
795 2508 115 23 requested.)

520 2534 31 17 No
559 2533 133 18 Nominations
702 2539 20 11 or
730 2533 127 22 Acceptances
864 2531 37 18 will
910 2531 22 18 bo

498 2557 83 18 received
590 2562 23 11 on
623 2562 36 16 any
677 2559 86 19 pretence
779 2556 97 17 whatever
884 2555 50 16 after

498 2581 31 17 the
538 2580 48 17 hour
595 2579 75 20 named,
680 2585 21 11 or
706 2579 81 19 without
791 2579 59 22 being
858 2583 62 13 accom-

498 2602 67 24 panied
582 2603 47 17 with
645 2603 33 17 the
694 2608 98 16 necessary
814 2603 80 15 amount
913 2601 19 16 in

498 2627 50 19 cash,
558 2625 77 18 marked
643 2626 76 22 cheque,
726 2631 22 12 or
752 2626 44 22 post
804 2631 21 12 or
833 2623 99 24 telegraph

498 2656 67 16 money
574 2648 61 18 order.
660 2649 100 17 Attention
769 2649 20 16 of
797 2648 55 17 horse
861 2653 73 12 owners
955 2655 7 16 ]

498 2673 15 17 is
522 2672 123 23 particularly
654 2672 59 17 called
729 2673 21 16 to
767 2672 38 17 this
818 2671 114 22 regulation.

521 2697 46 21 Age,
578 2695 97 22 Pedigree,
690 2695 147 19 Performances,
847 2693 38 18 and
894 2693 29 17 col-

498 2726 43 11 ours
548 2719 19 17 of
576 2718 66 17 Riders
651 2719 20 16 to
680 2719 23 16 be
711 2719 42 16 sent
765 2718 45 17 with
820 2718 25 17 all
857 2717 75 17 entries.

521 2743 42 22 Any
572 2742 73 22 Jockey
653 2741 64 22 riding
730 2742 68 21 except
812 2741 20 17 in
847 2740 32 18 the
894 2739 39 18 col-
955 2743 8 25 y

498 2772 43 11 ours
550 2765 76 17 entered
636 2765 37 17 will
680 2765 23 17 be
711 2764 51 17 fined
770 2766 10 18 2
790 2770 48 11 sovs.

522 2789 30 17 All
560 2789 83 22 protests
652 2789 51 16 must
717 2787 22 18 be
754 2787 55 18 made
821 2787 21 16 in
856 2785 78 23 writing
956 2783 7 13 c

498 2813 19 16 to
526 2813 32 16 the
567 2812 99 21 Secretary
674 2810 67 18 within
759 2812 21 15 15
795 2810 81 17 minutes
885 2810 50 16 after
956 2808 7 16 1

498 2836 32 17 the
539 2840 47 15 race,
596 2834 133 22 accompanied
738 2834 26 22 by
781 2835 10 15 2
806 2839 55 14 sovs.,
871 2832 62 17 which

498 2858 39 18 will
545 2859 23 16 be
577 2857 89 17 forfeited
678 2859 20 15 to
711 2857 33 17 the
757 2857 49 17 Club
819 2855 70 18 should
902 2855 32 17 the

498 2883 72 21 protest
581 2881 24 16 be
618 2880 103 18 dismissed.

522 2904 72 17 Should
604 2910 38 16 any
659 2904 74 22 dispute
744 2904 48 16 arise
807 2903 19 17 in
838 2908 38 16 any
892 2907 42 16 way

498 2926 102 19 connected
609 2927 47 17 with
664 2927 53 17 these
725 2927 65 19 Races,
805 2926 33 17 the
852 2925 82 17 decision

498 2951 20 17 of
526 2951 32 17 the
567 2950 95 17 Stewards
671 2950 49 17 shall
727 2950 23 17 be
762 2948 89 24 accepted
860 2954 20 11 as
889 2947 45 17 final

498 2974 38 17 and
551 2973 111 18 conclusive.

588 2996 21 17 T.
620 2996 20 18 C.
647 2996 150 20 TJRQUHART,
807 2996 52 16 Hon.
870 2994 40 18 Sec.

525 3053 167 23 FIREWOOD!
741 3053 166 23 FIREWOOD!

596 3107 77 21 RA.TA
685 3114 42 12 and
741 3107 92 19 TAWA.
957 3120 5 3 -

501 3144 109 19 Delivered
628 3144 28 24 by
675 3144 85 19 Kusabs
779 3143 58 19 Bros,
856 3144 20 17 to
895 3148 40 18 any

500 3173 46 23 part
557 3171 22 18 of
590 3170 35 19 the
636 3170 100 24 township
746 3172 21 16 at

574 3196 85 19 Lowest
672 3195 98 20 Current
783 3195 78 19 Rates.

528 3223 74 19 Orders
612 3222 91 19 received
716 3226 20 14 at
746 3222 34 18 the
791 3221 67 25 yards,
868 3220 53 18 nine-

501 3255 45 14 moa
556 3250 73 17 Street.

504 3302 217 45 Rotorua
763 3300 169 45 Tours.

506 3385 34 42 I)
545 3383 145 18 ASSENGERS
699 3384 20 16 to
728 3383 86 18 Rotorua
822 3387 32 11 are
860 3380 77 18 advised

566 3408 44 16 that
618 3413 11 10 a
642 3407 76 21 regular
729 3406 51 21 daily
795 3405 56 17 coach
868 3403 69 17 service

502 3431 84 17 between
595 3429 90 18 Okoroiro
695 3430 37 17 and
743 3429 85 17 Rotorua
842 3427 39 17 and
897 3426 40 17 vice

502 3460 51 11 versa
562 3454 15 16 is
586 3459 43 10 now
638 3453 89 22 running.

525 3477 38 17 The
572 3476 117 22 advantages
695 3476 20 17 of
720 3476 39 16 this
765 3475 53 17 route
823 3479 32 11 are
861 3478 63 12 numer-

502 3506 39 15 ous,
551 3507 11 9 a
570 3499 105 17 somewhat
688 3499 73 17 tedious
769 3498 79 20 railway
856 3497 81 21 journey

501 3524 15 17 is
525 3523 77 19 broken,
613 3521 36 18 and
659 3522 32 17 the
709 3525 53 14 route
778 3523 92 14 traverses
887 3523 50 13 some

502 3547 20 17 of
540 3547 32 16 the
588 3545 86 17 loveliest
689 3545 54 17 Bush
760 3544 80 21 Scenery
856 3542 21 17 in
890 3542 47 16 New-

502 3569 88 18 Zealand.

541 3591 105 22 FARES,
663 3591 41 18 10s
713 3589 84 19 EACH
810 3587 82 20 WAY.

502 3620 91 24 Special
610 3620 166 23 Conveyances
793 3623 45 13 can
857 3617 30 17 be
903 3621 24 12 ar-

648 3642 89 24 ranged
744 3642 43 18 for.

502 3692 86 17 Leave-
603 3689 112 19 Okoroire
723 3688 37 19 for
772 3688 106 18 Rotorua
892 3685 46 19 and

822 3709 63 23 daily
913 3709 24 18 at

574 3737 30 18 10

503 3760 206 19 Leave—Rotorua
717 3758 46 18 and
770 3756 154 20 Wfcakare-wa-

572 3788 63 13 rewa
650 3782 37 18 tor
700 3781 117 22 Okoroire,
835 3779 62 22 daily
912 3779 26 17 at

574 3806 30 18 10
612 3810 52 14 a.m.

527 3835 29 17 All
577 3838 112 17 passengers
709 3838 31 10 are
757 3831 77 17 advised
854 3831 21 16 lo
889 3829 49 18 avail

503 3858 111 18 themselves
623 3857 20 17 of
650 3854 40 19 this
706 3855 61 17 Route
783 3861 20 10 as
818 3853 91 18 Okoroiro
923 3853 15 16 is

503 3887 35 12 one
553 3881 20 17 of
584 3881 32 16 the
625 3880 52 17 show
685 3878 63 23 places
765 3878 21 17 of
802 3878 33 16 the
851 3875 88 19 Thermal

504 3904 84 19 District,
610 3902 37 18 and
663 3907 24 11 no
703 3901 44 17 visit
762 3902 20 16 to
798 3901 33 16 the
846 3899 61 17 Lakes
923 3899 16 17 is

504 3927 92 22 complete
604 3926 83 17 without
691 3925 25 16 its
721 3924 98 17 inclusion.

527 3949 74 23 Special
609 3948 94 17 attention
715 3947 15 18 is
744 3946 60 18 called
817 3948 21 15 to
852 3945 32 17 the
901 3945 38 17 fact

504 3974 42 17 that
553 3979 12 11 a
574 3972 57 17 coach
639 3972 62 16 leaves
715 3970 85 17 Rotorua
809 3968 38 18 and
856 3968 69 18 Whaka-

504 4001 99 13 rewarewa
612 4001 24 11 on
645 3993 78 23 Sunday
731 3995 21 15 at
762 3993 21 17 10
792 3998 43 11 a.m.

638 4040 164 17 HCENTS:

503 4063 73 19 THOS,
590 4062 69 18 COOK
676 4062 15 16 &
711 4061 54 19 SON,
783 4059 101 18 Auckland
901 4057 38 18 and

675 4085 90 16 Rotorua.

194 110 33 17 P,E
237 109 34 18 ON
282 108 88 17 GUARD

195 132 110 17 AGAINST
313 131 53 17 THE

71 159 56 18 VILE
140 157 46 17 VXD
195 154 139 18 INJURIOUS
344 153 152 17 IMITATIONS

266 177 33 18 OF

169 200 136 19 CLEMENTS
314 199 77 18 TOXIC

121 226 63 17 SOLD
193 224 35 17 BY
236 222 76 18 MANY
322 222 122 17 DEALERS.

124 246 134 21 CLEMENTS
265 245 76 17 TONIC
350 245 23 17 IS
381 245 53 16 THE

179 269 65 18 REST.
255 268 127 17 ORIGINAL

150 293 52 16 AND
212 290 71 19 ONLY
288 289 125 19 GENUINE.

93 341 52 18 Dou't
155 339 23 17 be
187 335 85 20 deceived
281 342 21 11 or
316 336 65 17 misled
395 336 40 17 into
444 335 36 23 buy-

115 368 34 14 any
166 361 57 20 other,
244 365 21 12 or
270 365 51 17 your
334 359 60 22 pains,
400 358 46 18 lime
454 358 37 17 and

70 392 59 17 money
138 390 29 12 ure
176 384 42 22 only
230 384 73 16 thrown
312 388 60 15 away.

165 428 135 19 CLEMENTS
308 427 78 17 TONIC

91 452 147 21 POBITIVELY
247 450 82 18 CURES
334 450 50 17 ALL
390 450 78 17 CASES

181 474 105 18 ARISING
296 473 72 17 FROM

114 499 87 17 W.EIA.
208 497 79 18 LIVER
294 496 150 17 COMPLAINT

159 522 52 16 AND
220 518 175 19 INDIGESTION.

68 549 32 18 Mr
108 546 84 21 George
200 541 126 22 M'Donald,
345 541 33 18 Sth
394 541 94 21 Donedin,

148 567 69 18 cured
226 566 26 18 of
346 565 24 16 N.
376 565 28 19 Z.,
427 565 62 16 writes

129 589 120 23 Swellings
258 588 24 18 in
348 593 24 11 on
390 588 51 21 Sept.
459 589 28 19 20,

134 612 142 23 Kneejomts.
350 610 139 18 1894:—Please

68 641 56 20 :ti-ci»]>t
133 637 29 18 the
171 632 99 25 following
274 633 102 23 testimony
382 635 21 16 to
409 633 33 19 the
446 633 30 17 val-

68 663 47 17 uable
120 659 85 21 qualities
212 658 21 18 of
244 657 94 18 Clethents
346 656 63 18 Tonic.
437 657 7 16 I
451 656 36 17 had

68 687 24 17 for
100 686 38 16 four
145 682 75 17 months
228 687 12 10 a
256 680 85 21 swelling
352 679 20 17 in
383 685 33 16 my
430 679 46 18 knee-

67 709 51 23 joints
122 705 36 19 and
164 704 70 23 angles,
242 703 84 22 brought
331 708 24 11 on
362 702 26 23 by
396 706 92 19 exposure

68 734 17 16 to
93 731 32 17 wet
133 728 36 18 and
178 727 40 18 cold
227 726 70 22 during
314 725 32 17 the
362 730 53 17 years
428 726 9 16 I
448 731 38 11 was

68 751 139 22 coaehdriviing.
233 750 9 17 I
251 755 39 11 was
296 748 39 17 laid
345 754 31 16 up,
386 748 37 17 and
431 749 55 16 could

68 778 28 18 not
102 775 46 18 walk
160 773 81 18 without
247 772 51 23 pain,
307 770 94 23 although
418 772 10 16 I
448 777 38 11 was

68 797 127 22 frecfrompain
204 795 54 17 while
268 795 89 21 sittingor
363 793 45 24 lyinj

67 825 13 15 it
87 828 33 11 was
126 821 42 21 only
177 819 54 18 when
240 817 32 18 m.C
279 817 71 23 weight
368 823 38 10 was
414 823 25 12 on
454 823 32 16 my

67 846 47 18 limbs
120 843 49 24 Jthat
185 842 31 17 the
233 841 44 22 pain
293 840 76 17 became
381 845 68 12 severe.
476 840 10 17 I

67 868 47 19 could
121 868 30 21 get
159 871 24 11 no
196 871 41 11 ease
242 864 49 17 from
295 863 34 17 oils
336 869 21 11 or
363 863 54 17 other
425 864 59 16 treat-
495 860 1 31 j

68 892 47 18 ment.
121 882 12 7 °
139 890 8 16 I
156 887 95 19 consulted
260 892 35 11 one
303 887 71 18 doctor,
391 885 42 18 who
442 886 40 17 told
495 881 1 29 I

67 922 24 10 mi'
100 912 47 19 Iliad
152 910 126 21 rheumatism;
286 910 24 16 he
315 909 106 22 prescribed
427 915 12 10 a
447 908 37 19 lin-
495 905 1 27 |

67 938 54 19 iraent,
131 935 36 18 also
176 934 101 20 amixture,
287 932 49 17 butl
345 932 35 23 got
383 937 25 13 no
414 932 68 18 better.

68 960 40 19 Read
119 955 1 24 •
136 965 5 5 '
147 963 33 12 one
188 957 20 17 of
220 962 48 16 your
282 955 162 20 advertismeuts,!
453 960 20 12 re-

65 983 55 19 solved
131 983 17 16 to
166 980 41 23 give
223 979 94 18 Clements
333 978 58 17 Tonic
407 984 11 11 a
432 978 50 17 trial.

65 1007 46 17 After
120 1005 28 17 the
156 1004 40 17 first
204 1002 59 17 bottle
275 1002 10 16 I
298 1007 36 10 was
351 1000 95 23 surprised
463 1002 20 16 at

120 1027 39 18 able
169 1027 18 17 to
201 1026 48 16 walk
266 1024 46 17 with
327 1024 37 17 less
372 1024 50 21 pain,
437 1030 21 11 so
473 1024 9 16 I

66 1049 87 22 continued
162 1050 15 16 it
187 1049 27 17 for
227 1047 95 20 sixweeks,
333 1046 38 18 and
375 1052 31 12 am
418 1047 64 22 happy

65 1077 16 17 to
86 1080 28 17 say
120 1073 25 18 all
150 1072 85 22 swelling
249 1070 37 17 had
303 1076 55 17 gone.
383 1070 23 17 In
425 1070 40 18 fact
472 1070 10 17 I

66 1104 30 11 whs
102 1096 56 21 cured,
166 1101 19 11 as
190 1095 28 18 for
224 1100 50 11 more
279 1094 47 16 than
333 1092 67 18 twelve
406 1092 76 18 months

65 1123 7 16 I
80 1122 40 17 have
129 1120 43 16 been
186 1118 37 16 free
232 1118 48 16 from
289 1117 25 16 all
323 1117 44 21 pain
376 1116 37 16 and
420 1116 51 17 swull-

118 1143 16 17 A
142 1143 51 21 great
202 1140 79 17 number
289 1140 20 16 of
317 1145 32 16 my
364 1139 70 17 friends
451 1144 31 12 are

63 1172 51 13 aware
122 1165 19 18 of
148 1164 32 18 the
195 1164 58 17 above
262 1163 53 20 facts,
329 1168 20 11 so
363 1167 38 17 you
413 1167 32 12 are
461 1163 21 16 at

63 1190 57 21 liberty
127 1191 18 14 to
149 1193 31 12 use
185 1186 37 18 this
229 1185 125 19 statementas
359 1191 38 16 you
404 1185 52 17 wish.

66 1215 5 15 I
80 1212 30 18 ain'
117 1216 54 18 yours
174 1209 108 23 gratefully,
291 1209 73 21 George
368 1206 109 22 M'Donald,

63 1235 49 19 South
120 1233 138 20 Duuedin.New
268 1230 87 19 Zealand.

82 1288 32 16 Tea
131 1285 55 18 forest
200 1284 85 20 sections,
303 1282 99 23 containing

63 1316 47 13 ncns,
119 1306 361 21 intheMaraeroa-Oturoaßlock,were
491 1306 2 23 I

63 1332 57 19 offered
126 1332 27 17 for
160 1331 47 17 lease
216 1331 56 17 atthe
275 1329 67 19 Crown
345 1328 64 19 Lands
416 1329 63 17 Office.

63 1357 31 17 The
103 1357 40 15 terra
152 1354 19 18 of
179 1354 49 17 lease
244 1359 38 11 was
296 1353 50 16 fixed
360 1353 19 16 at
388 1353 20 16 21
419 1358 60 16 years,

63 1381 40 16 from
110 1378 30 17 the
148 1378 28 17 Ist
183 1377 21 18 of
214 1376 70 21 March,
305 1376 49 21 1896,
372 1376 36 16 Mr.
427 1375 39 18 Ken-

63 1403 69 22 sington,
141 1400 19 18 in
163 1400 32 18 the
201 1399 102 19 absenceof
309 1398 32 18 the
345 1398 122 19 Commission-

62 1432 20 14 er,
92 1425 30 17 Mr.
132 1425 20 16 G.
162 1423 85 21 Mueller,
257 1422 104 17 conducted
369 1422 33 16 the
411 1421 43 18 sale:
457 1432 23 1 —

62 1449 32 17 get
98 1449 26 16 ion
135 1448 24 19 111,
167 1447 30 16 118
202 1451 56 15 acres,
271 1445 51 20 each,
338 1446 55 21 upset
409 1445 70 16 annual

62 1472 49 20 v;iluc,
126 1471 22 16 £1
169 1472 28 15 lUs
213 1470 31 19 4d,
262 1468 77 18 Charles
356 1468 51 17 John
424 1468 53 17 Karl:

61 1495 59 17 section
129 1494 49 19 1,201)
187 1498 57 14 acres,
261 1494 49 15 -nset
320 1491 25 17 £'i
355 1492 19 16 0s
384 1491 30 21 Bd,
423 1491 52 17 John

61 1517 38 18 Karl
107 1516 34 17 and
150 1516 42 20 Sun;
200 1515 79 18 sections
289 1516 9 15 2
308 1514 37 17 and
352 1515 66 20 2a,200
427 1520 52 11 acres

61 1540 42 19 each,
110 1539 51 23 upsot
170 1538 25 18 £-3
201 1539 20 17 6s
230 1538 24 18 (id
263 1538 51 19 each,
324 1538 75 16 Willam
408 1537 71 17 Adams

61 1563 83 21 Williams;
158 1562 70 17 section
243 1562 53 19 3,200
309 1567 56 14 acres,
380 1562 55 21 upset
453 1560 24 18 £3

61 1590 16 14 (is
84 1586 25 20 Bd,
119 1586 19 16 A.
150 1586 20 16 E.
180 1585 61 20 Shaw;
254 1585 68 17 section
338 1586 31 18 4a,
380 1585 33 16 200
427 1590 51 11 acres

61 1611 44 17 unset
114 1608 22 18 £3
145 1610 19 15 (is
181 1608 28 21 Bd,
228 1607 71 18 Robert
315 1607 83 17 Watson.
433 1606 33 19 Sec-

61 1633 40 18 tions
108 1633 28 19 HA,
146 1632 33 17 200
187 1637 51 12 acres
253 1632 16 20 8,
288 1632 33 15 200
336 1631 55 21 iioros;
410 1632 16 18 9,
444 1631 33 16 609

61 1661 46 15 acres;
116 1654 34 18 and
159 1656 29 19 9a,
199 1656 34 15 018
242 1659 56 16 acres,
317 1659 47 12 were
381 1652 67 24 passed

61 1679 42 17 there
111 1678 53 20 being
172 1683 23 13 no
203 1677 84 21 bidding.

171 1732 15 19 JS
208 1732 16 20 0
238 1732 14 20 X
268 1731 10 21 I
293 1731 15 20 0
322 1732 23 18 E.

59 1784 68 20 rrllE
139 1783 164 21 FOLLOWING
398 1783 78 26 freight

64 1805 20 26 X
116 1810 42 25 paid
170 1816 18 14 to
221 1805 2 30 •
233 1810 57 20 tor'ria
299 1805 4 30 :

59 1843 66 20 Doublo
138 1843 87 18 Wood.:,
237 1841 107 25 Bedstead,
361 1842 35 18 22s

89 1884 10 8 „
134 1868 46 19 Iron
278 1882 11 9 ~
360 1868 35 18 40s

90 1910 9 8 ~
107 1894 162 19 Brass-mouitted
278 1908 11 8 „
307 1896 41 21 48s,
360 1896 40 20 08s,
414 1895 35 17 80s

58 1921 36 20 Best
106 1920 70 20 doublu
188 1920 45 19 wire
245 1920 16 18 ii
266 1922 101 22 uttresses,
379 1920 35 18 2os

180 1946 39 20 flux
286 1961 12 8 „
379 1946 36 19 24s

184 1972 69 26 Kapok
267 1972 43 19 Bed
318 1973 37 18 40s

148 1999 2 19 '■
160 2000 39 18 lasii
222 2005 32 12 VJI
261 2005 12 12 Ji
290 1999 77 19 OIIDEU.

77 2025 167 26 Pnpcrhangings,
256 2031 9 12 u
280 2024 32 24 lar|

58 2051 55 25 cheap,
141 2051 52 19 Send
204 2052 31 18 for
244 2053 96 23 patterns.

71 2087 33 32 T.
125 2086 55 33 W,
202 2086 254 36 MAOTDHR,

151 2127 20 18 II
185 2128 15 17 A
212 2127 18 18 M
244 2127 7 18 1
266 2127 14 18 I,
290 2127 16 18 T
315 2127 16 19 0
342 2126 25 19 N.

59 2175 212 42 HINEMOA
301 2175 169 41 STORE,

63 2243 143 21 UfILLIAM
230 2244 106 23 ROGERS
353 2244 72 19 directs
442 2246 31 18 at-
483 2238 1 29 i

70 2266 7 11 *
84 2266 8 11 *
122 2271 75 19 tention
207 2273 21 16 to
236 2271 34 18 the
279 2270 106 26 following
390 2270 52 20 lines
453 2271 21 19 of

59 2301 153 43 m&m
214 2302 91 42 mm
319 2301 155 44 ®mm

57 2350 86 25 Bycroft'a
153 2351 109 19 Snowdrift
275 2351 49 19 N.Z-
334 2351 61 19 Flour

58 2377 85 21 Sultanas,
156 2376 100 20 Muscatel
263 2377 41 19 and
312 2376 96 21 Valencia
423 2377 50 19 Tit,i-

99 2409 42 15 Kins,
154 2404 39 18 and
202 2403 97 19 Currants

59 2428 38 25 Figs
103 2428 36 20 and
150 2428 109 21 Preserved
271 2429 82 25 Ginger,
365 2429 69 25 Spices

58 2454 60 20 Lemon
129 2456 38 18 and
178 2454 80 26 Orange
270 2454 49 21 Peel

102 2481 64 19 W.'iitu
178 2482 66 25 Sugar
246 2482 43 18 —A
306 2480 113 28 Speciality,

59 2507 38 18 New
108 2507 85 19 Zealand
202 2504 63 22 Dairv
272 2508 143 18 Association's
424 2508 50 18 But-

58 2607 73 21 General
143 2609 127 19 Assortment
286 2609 21 19 of
325 2608 150 26 Storekeeper's

219 2635 74 19 Goods.

106 2687 306 43 HINEMOOTORE.

59 2749 33 42 10
107 2750 22 41 &
143 2752 94 40 FROM
256 2752 69 40 THE
352 2752 121 42 BATHS,

60 2874 29 47 t1
122 2875 72 20 liJ'iSS
211 2883 49 13 runs
278 2883 12 12 a
308 2879 112 22 wagonette
439 2877 24 19 be-

83 2903 18 16 /•
129 2905 62 16 tween
207 2903 34 19 the
258 2903 39 19 Old
311 2903 108 19 Towushin
435 2903 41 19 and

161 2908 30 13 run
207 2903 34 19 the
258 2903 39 19 Old
311 2903 108 25 Township
435 2903 41 19 and

163 2929 124 24 throughout
298 2929 33 18 the
341 2929 45 25 day.

60 2989 38 19 Also
123 2990 190 24 Whakarewarewa,
338 2990 73 19 Sodom
435 2990 41 19 and

87 3015 104 21 Goinonah
203 3017 38 18 and
254 3017 57 18 other
320 3016 66 25 sights
393 3022 50 13 near

207 3044 34 19 the
252 3047 60 15 town.

237 3095 138 22 Moderate.

61 3140 59 25 Sixth
135 3143 72 23 Year.
256 3143 73 23 Price
339 3142 136 29 Sixpence.

296 3169 85 25 Postage
392 3169 32 19 2d.

95 3319 338 33 ILLUSTRATED

63 3375 147 44 ALMANAC
235 3378 70 41 AND
338 3378 138 47 DIARY,

186 3451 65 23 FOR
265 3450 67 23 1896.

64 3478 72 23 'PHIS
151 3483 67 19 useful
228 3483 84 19 Annual
321 3483 36 18 has
372 3489 46 11 how
434 3489 33 19 per-

71 3509 14 12 ■*■
117 3509 101 25 manently
235 3509 62 19 taken
313 3509 25 18 its
357 3509 55 24 place
428 3515 22 13 as
468 3516 11 12 a

64 3530 101 24 Handbook
176 3535 22 19 of
214 3535 51 24 dailj
265 3530 4 29 7
285 3535 101 19 reference
405 3535 20 19 in
444 3535 35 19 the

64 3558 86 27 ■-'ounting
160 3561 71 19 House
241 3563 40 16 and
292 3561 72 18 Home.
393 3561 20 19 It
421 3561 17 18 is
445 3561 34 19 the

64 3583 79 22 standard
155 3586 54 20 book
221 3587 21 19 of
251 3587 101 18 reference
367 3587 32 18 for
418 3586 49 20 Busi-

65 3614 33 16 ness
108 3611 52 25 Men,
172 3613 99 23 Farmers,
283 3612 105 22 Mariners,
399 3613 69 19 Tlouse-

65 3633 71 29 keepers,
148 3639 38 19 and
199 3639 34 19 the
245 3638 87 20 General
342 3639 77 18 Public.

82 3662 23 19 To
114 3664 23 19 be
147 3665 40 19 had
206 3665 21 19 of
244 3665 28 18 all
291 3664 128 19 Booksellers
439 3664 40 19 and

64 3686 131 30 Storekeepers.

65 3804 95 26 BARBER
182 3811 60 20 AND
272 3803 205 32 HAIRDRESSER,

70 3841 69 23 DEG3
150 3847 20 18 to
180 3851 105 14 announce
296 3845 43 19 that
346 3846 25 18 ho
382 3846 37 18 has
426 3852 41 12 com-

117 3872 80 20 meneed
209 3872 92 19 business
312 3871 20 19 in
343 3871 33 19 the
393 3872 51 24 shop
459 3871 20 19 in

66 3893 23 21 Hie
102 3896 29 19 nl<\
146 3899 59 23 town,
227 3897 95 25 formerly
341 3898 96 24 occupied
453 3897 28 25 by

66 3921 22 19 Mr
96 3921 117 28 McFadyeoj
223 3923 86 23 saddler,
327 3923 40 19 and
382 3924 63 24 hopes
459 3925 21 17 to

65 3948 44 19 '"wit
119 3956 11 12 a
139 3951 59 18 share
209 3950 21 18 of
240 3949 35 19 the
285 3949 68 25 public
364 3952 89 22 support.

130 3984 157 20 RAZORS
316 3983 76 19 SET.

80 4039 16 18 A
103 4040 79 20 Choice
194 4041 151 19 Assortment
359 4040 26 18 of
395 4040 72 18 Tobac-

64 4063 32 22 cos,
105 4064 81 27 Cigars,
198 4064 131 24 Cigarettes
336 4064 19 18 &
362 4063 118 19 Smoker's

63 4082 120 26 foquisites.

1079 115 100 52 TH
1202 115 33 52 E
1284 115 52 79 H
1388 115 51 79 0
1491 115 257 79 LAKES
1771 123 436 71 JUSTRICT.

1207 197 91 19 Tourists
1308 198 40 19 and
1360 198 92 21 Invalids
1461 201 85 25 visiting
1556 202 34 18 the
1600 201 139 20 Wonderland
1750 203 21 18 of
1780 203 52 19 New
1841 204 91 18 Zealand
1942 204 41 18 will
1990 203 41 19 find
2041 205 36 19 the

1449 332 397 65 ROTORUA,

972 391 79 37 rpHE
1065 395 52 16 most
1127 393 87 25 elegant,
1225 393 133 19 comfortable
1365 395 40 18 and
1416 395 45 19 best
1471 396 110 25 appointed
1592 396 154 20 establishment
1755 398 21 18 iu
1797 398 50 19 New
1864 398 97 23 Zealand,
1980 399 15 18 it
2014 400 61 25 being
2093 401 76 25 replete
2186 402 125 24 throughout

977 418 23 16 -*-
1440 421 49 19 with
1500 422 34 18 the
1545 424 52 16 most
1611 421 81 19 modern
1707 424 149 18 conveniences.

997 442 56 21 THE
1067 443 92 20 HOTEL
1178 445 17 18 is
1213 445 21 18 in
1254 443 34 20 the
1306 445 117 19 immediate
1437 447 169 24 neighbourhood
1625 447 22 19 of
1665 447 35 19 the
1717 448 74 23 Priest,
1811 448 83 25 Rachel,
1915 449 124 20 Postmaster
2061 451 42 19 and
2117 452 58 19 other
2191 452 68 24 baths,
2277 453 34 18 the

970 469 89 19 curative
1069 470 112 24 properties
1192 471 21 18 of
1223 470 65 19 which
1304 476 34 13 are
1355 471 148 19 world-famed.
1531 473 54 18 Bath
1597 473 65 18 chairs
1673 473 39 19 and
1724 474 118 20 attendants
1851 482 35 12 are
1895 475 98 24 provided
2004 478 20 16 to
2036 482 77 19 convey
2127 478 88 18 invalids
2232 468 27 29 to'
2272 479 39 18 and

969 494 52 19 from
1031 495 35 18 the
1075 496 82 19 various
1170 496 140 19 bath-houses.
1339 496 43 19 The
1391 496 107 20 bedrooms
1509 498 41 18 and
1568 499 87 24 retiring
1676 505 66 13 rooms
1762 506 35 12 are
1816 501 58 18 fitted
1892 500 48 19 with
1969 501 76 25 special
2058 503 75 24 regard
2147 505 20 17 to
2181 504 34 18 the
2231 505 80 23 require

970 524 64 15 ments
1044 521 22 18 of
1073 524 71 22 guests
1154 522 21 18 in
1184 522 70 18 search
1264 522 21 18 of
1294 522 91 19 renewed
1395 523 99 25 strength.

995 546 42 18 The
1051 547 62 18 Baths
1123 549 21 17 at
1156 547 36 18 tho
1199 547 129 19 Sanatorium
1339 548 52 19 have
1402 550 99 18 attracted
1511 555 61 19 many
1581 550 81 19 visitors
1682 551 21 18 of
1722 551 40 19 late
1783 546 71 31 years;
1881 554 94 23 amongst
1991 552 58 20 those
2064 553 44 19 who
2116 555 52 19 have
2180 555 64 19 found
2253 555 58 19 relief

970 570 31 20 bei
1011 572 33 18 the
1054 572 146 24 convalescent,
1211 579 92 17 nervous,
1314 573 118 23 rheumatic,
1443 574 41 19 and
1494 575 101 25 sleepless.

994 596 91 21 Rotoraa
1095 598 18 18 is
1122 598 35 19 the
1175 601 67 16 centre
1260 599 53 18 from
1332 599 64 18 which
1415 599 28 20 all
1464 600 68 25 points
1543 601 21 19 of
1573 602 84 17 interest
1666 602 20 18 in
1705 603 34 18 the
1748 602 96 19 Thermal
1855 603 86 25 Springs
1957 603 85 20 District
2058 611 47 19 may
2120 605 27 19 bo
2161 607 92 23 reached,
2271 607 39 19 and

968 623 72 25 special
1052 623 94 19 facilities
1156 630 34 13 are
1199 624 97 25 provided
1305 625 33 18 for
1345 625 57 18 those
1409 625 22 18 in
1440 626 70 19 search
1520 627 23 18 of
1550 626 34 19 tho
1594 626 101 19 beautiful
1706 628 41 19 and
1761 628 128 20 marvellous.

1060 654 182 19 MAGNIFICENT
1255 656 176 17 APARTMENTS.
1561 657 85 18 LOFTY
1658 659 146 18 BEDROOMS.
1923 661 116 19 PERFECT
2055 663 162 17 SANITATION.

1111 678 26 19 In
1148 678 56 19 short
1213 684 13 13 a
1237 685 123 12 fikst-class
1374 679 173 20 Establishment
1557 681 87 25 offering
1652 682 60 24 equal
1722 683 96 18 comforts
1827 685 20 16 to
1858 683 34 19 the
1961 685 65 18 hotels
2036 685 20 19 in
2067 686 87 24 Europe.

1633 713 11 12 o
1748 713 2 12 ■

1206 730 86 23 Suites
1310 730 28 24 of
1348 730 171 30 Apartments
1527 732 68 23 with
1605 733 98 29 special
1717 734 157 23 attendance
1889 736 39 22 for
1943 736 124 24 Families

968 764 98 24 Spacious
1077 763 127 20 Promenade
1214 763 112 26 Balconies,
1337 765 57 25 Snug
1407 765 90 24 Alcoves,
1508 766 40 18 and
1565 765 127 26 luxuriously
1708 768 110 25 appointed
1829 768 104 27 Drawing,
1952 770 71 24 Music,
2040 771 152 24 Conversation,
2208 770 86 27 Reading

1418 792 100 25 Smoking
1527 792 39 19 and
1577 791 86 21 Billiard
1674 792 81 21 Booms.
1783 793 71 20 Baths.

1204 825 36 23 tf.
1257 824 116 20 SPECIAL
1386 825 162 20 ATTENTION
1561 826 69 19 PAID
1642 827 34 19 TO
1692 827 117 20 CUISINE
1823 828 61 19 AND
1898 830 125 20 SERVICE.
2038 833 35 22 4}

992 856 32 18 All
1037 856 179 19 communications
1228 856 28 24 by
1266 856 59 19 letter
1335 863 22 12 or
1367 856 99 25 telegram
1476 857 41 20 will
1527 858 77 19 receive
1614 864 80 20 prompt
1703 860 106 18 attention.

1023 906 75 45 W.
1126 908 57 42 A.
1211 906 313 54 BOULTON,

1435 967 59 24 (Late
1504 969 21 17 of
1534 967 115 19 Grosv„/.or
1659 967 67 23 Hotel,
1739 968 98 25 Sydney.)

1997 917 234 54 Manager

1162 1061 485 60 STREWS

966 1169 163 55 HOT
1173 1171 339 58 SPRINGS
1562 1172 263 56 HOTEL

1063 1407 19 18 A
1104 1406 117 22 First-class
1237 1409 38 19 and
1294 1409 44 20 well
1348 1411 110 24 appointed
1466 1411 71 19 House
1549 1411 120 19 convenient
1679 1413 19 15 to
1709 1410 34 19 the

960 1458 95 33 HOT
1070 1460 203 33 SPRINGS
1297 1462 33 33 &
1348 1463 235 32 NATURAL
1600 1461 246 35 WONDERS,

986 1516 55 20 HOT
1066 1517 91 21 BATHS
1183 1526 23 11 cm
1224 1520 34 18 the
1278 1521 97 24 premises
1418 1522 41 18 The
1470 1522 96 26 stopping
1577 1521 70 19 House
1657 1522 32 18 for

1070 1548 68 23 THE
1162 1548 62 24 SPA
1247 1550 107 24 HOTEL
1379 1552 169 24 COACHING
1571 1552 164 23 COMPANY.

986 1599 89 19 Conches
1090 1601 65 18 arrive
1166 1602 47 19 from

959 1625 85 20 Fridavs
1054 1627 40 17 and
1105 1627 106 21 Mondays.

1382 1604 44 25 lays
1435 1604 38 19 and
1492 1604 100 25 Sundays,
1604 1604 40 19 and
1658 1604 57 19 leave
1731 1604 31 18 for
1777 1604 70 24 Taupo

1205 1679 194 22 MODERATE
1422 1681 176 21 CHARGES.

1212 1777 110 20 BEFORE
1337 1778 147 21 ORDERING
1498 1780 61 19 ELSE-

1176 1834 108 22 WHERE
1294 1837 58 19 THE
1372 1837 103 21 PUBLIC
1489 1839 57 19 ARE
1565 1838 42 19 IX-

1419 1897 14 19 L
1446 1898 60 18 AND
1518 1898 51 19 SEE

1255 1954 66 20 NEW
1336 1956 146 19 MATERIAL
1499 1957 33 18 IN

1255 2063 168 29 COATINGS,

1320 2112 171 30 VESTINGS,

1372 2222 237 28 TROUSERINGS,

1203 2338 30 40 H.
1268 2338 39 40 W.
1345 2337 239 42 NEIGHBOUR'S,

1876 1037 163 42 ROTORUA
2061 1040 93 40 BOOT
2174 1040 26 40 &
2218 1041 90 41 SHOE

2026 1097 128 42 DEPOT.

1872 1423 18 20 A
1910 1424 68 27 Large
1997 1428 61 20 Stock
2078 1431 21 18 of
2116 1430 94 25 German,
2228 1431 77 20 French

1940 1452 41 20 and
1990 1454 92 21 Colonial
2093 1456 62 19 Boots
2165 1456 76 27 always

2034 1481 22 19 in
2072 1482 69 19 Stock.

1872 1515 68 19 BEST
1947 1516 153 22 MATERIAL.
2136 1520 18 18 B
2159 1520 45 19 IST
2214 1520 90 20 WORK.

1950 1553 159 21 AUCKLAND
2119 1556 106 20 PRICES.

1873 1600 162 26 Hand-sewn
2046 1604 78 24 Boots
2134 1612 15 16 a
2164 1606 139 31 Specialty.

1898 1663 114 25 Visitors
2022 1667 27 21 to
2062 1667 46 23 the
2122 1667 55 24 Hot
2185 1670 91 22 Lakes.

2059 1719 36 19 TH
2104 1719 3 19 I

1900 1742 174 48 Palace
2110 1746 161 56 Hotel,

1873 1801 65 17 ■Mtuat
1951 1800 11 18 d
1988 1800 18 19 in
2032 1802 35 19 tlie
2091 1802 46 20 New
2164 1806 24 16 (.}•
2200 1809 101 16 vernment

1871 1851 69 24 Baths,
1957 1853 122 22 Sanat'.iiun

1870 1877 37 19 liai
1918 1884 20 13 wi
1948 1885 11 14 y
1969 1880 86 19 Station.

2139 1830 69 22 xiuiity
2229 1836 20 13 10
2270 1831 33 20 the

2132 1859 28 17 »8t
2185 1856 60 21 Office
2264 1858 39 19 and

1901 1930 4 30 I
1913 1930 95 22 !ie.Jii.it<;l
2020 1933 17 19 in
2062 1933 114 27 uxuriouslj
2197 1934 104 21 furnished

1869 1958 38 16 ami
1919 1963 21 13 re
1957 1958 3 27 I
1979 1967 18 9 ~•
2009 1960 45 18 with
2061 1958 3 27 i
2074 1966 45 19 very
2130 1961 135 21 convenience
2272 1962 31 20 for

1870 1982 83 20 tourists
1964 1984 40 20 and
2014 1985 74 20 other*,
2120 1987 16 18 ii
2160 1995 10 12 c
2186 1989 91 18 mti.ands
2292 1995 10 12 a

1868 2008 91 25 splendid
1972 2016 46 14 view
2030 2014 18 16 o!
2062 2012 33 19 the
2105 2013 56 19 Lab-
2171 2015 38 18 and
2221 2014 15 19 is
2246 2014 45 20 with-

1869 2035 18 18 in
1900 2041 41 20 eae)
1955 2042 67 14 access
2035 2037 73 22 of-the
2124 2040 78 25 Geyser
2219 2041 82 26 Spring*

1868 2060 21 20 of
1902 2061 185 23 Whakurewarewa
2098 2072 16 12 m
2125 2066 11 18 d
2148 2066 26 20 all
2188 2066 33 21 the
2239 2066 62 27 eights

1881 2087 8 18 1'
1901 2087 33 20 the
1944 2087 85 22 district.

1882 2113 33 20 All
1926 2115 105 25 »elegraoiß
2044 2117 101 26 promptly
2157 2119 97 20 attended
2261 2123 27 18 to.

1934 2166 86 33 JOHN

2003 2207 169 20 PROPRIETOR.

1898 2254 183 48 Robert
2115 2258 157 47 Wake

1869 2317 98 46 BEGS
1976 2322 19 15 to
2004 2319 93 19 intimate
2105 2320 45 20 that
2161 2320 25 20 he
2202 2322 39 18 hrs
2257 2329 44 12 now

1941 2344 110 20 concluded
2061 2346 35 19 the
2109 2347 119 19 alterations
2240 2351 20 16 to
2270 2348 31 19 his

1868 2370 96 25 premises
1980 2371 20 18 in
2018 2371 78 20 Featon
2114 2373 72 23 Street,
2202 2374 99 25 (opposite

1868 2395 34 19 the
1912 2396 69 19 Grand
1992 2397 79 23 Hotel,)
2082 2398 39 20 and
2132 2399 37 19 lias
2178 2406 11 12 a
2197 2400 56 25 large
2262 2401 39 19 and

1868 2422 44 19 well
1922 2423 90 18 assorted
2024 2423 55 20 stock
2089 2425 22 19 of
2126 2425 33 19 the
2179 2425 109 21 undermen-

1868 2447 67 20 tioned
1946 2449 68 23 goods,

1870 2482 64 41 FOR
1956 2482 88 42 CASH
2059 2485 25 39 &
2097 2485 88 41 CASK
2199 2486 100 42 ONLY.

1894 2538 48 18 This
1952 2536 54 21 Rule
2019 2538 37 20 will
2075 2540 23 19 be
2116 2540 78 26 strictly
2213 2541 87 20 adhered

1868 2566 20 16 to
1899 2570 20 11 so
1931 2571 26 11 no
1967 2571 39 12 one
2015 2566 52 18 need
2079 2566 3 21 !
2091 2572 10 13 e
2111 2566 93 20 offended
2214 2569 16 17 if
2239 2569 62 18 credit

1868 2590 17 18 is
1896 2590 87 19 refused.

1868 2624 82 23 Men's
1963 2625 126 30 Mercery,
2098 2627 76 28 Hats,
2187 2628 43 23 &c.

1870 2654 84 23 Men's
1969 2656 52 22 and
2035 2656 77 30 Boys'
2129 2658 122 30 Clothing:

1974 2704 14 11 ~
2098 2689 80 24 Boots
2190 2691 21 22 &
2221 2691 80 24 Shoes

1868 2717 136 29 Blankets,
2020 2718 80 30 Bugs,
2112 2720 97 29 Prints,
2225 2721 61 24 Flan-

1922 2749 121 29 nelettes,
2054 2752 49 23 etc.

1869 2780 115 29 Saddles,
1995 2781 110 30 Bridles,
2122 2785 47 22 etc.

1982 2852 104 25 Complete
2096 2855 61 19 Stock
2167 2856 21 18 of

1870 2881 91 30 Fancy
1975 2882 91 28 Goods,
2084 2884 151 34 Stationery
2252 2888 51 23 and

1920 2913 87 25 Books

1870 2945 194 24 Tobacconist's
2080 2947 92 29 Goods,
2184 2951 48 22 etc-

1871 2976 114 24 Musical
1999 2978 179 26 Instruments

1870 3006 111 30 Fishing
1996 3008 96 24 Tackle

1870 3039 122 23 Window
1998 3039 71 29 glass
2078 3041 22 23 &
2107 3041 79 31 Lamp
2194 3044 107 28 glasses.

1869 3090 94 20 LARGE
1978 3091 60 20 AND
2069 3094 234 22 WELL-ASSORTED

2016 3124 87 21 STOCK
2119 3126 34 19 OF

1885 3154 185 29 BIRTHDAY,
2100 3157 94 24 XMAS
2220 3159 70 23 AND

1859 3186 1 37 |
1922 3186 80 23 NEW
2023 3187 94 24 YEAR
2138 3190 112 24 CARDS.

1910 3237 66 20 Maori
1990 3238 72 20 Curios
2074 3241 20 19 in
2105 3242 62 18 Great
2177 3242 90 26 Variety.

1935 3290 119 21 First-class
2071 3293 87 19 Billiard
2168 3294 70 20 Tahle.

1871 3336 149 27 Prescriptions
2030 3339 109 25 dispensed
2148 3342 27 24 by
2183 3349 12 11 a
2205 3342 100 21 Qualified

2029 3365 91 20 Chemist
2130 3370 21 16 at

1949 3396 127 33 ROBERT
2094 3398 135 33 WAKE'S.

2007 3450 162 25 ROTORUA.

1894 3622 48 22 (One
1948 3624 89 18 minute's
2046 3626 50 17 walk
2104 3627 50 17 from
2161 3627 32 19 the
2199 3629 72 17 Govern-

2021 3650 54 16 ment
2083 3650 76 23 Baths.)

1897 3733 46 23 35s
1950 3741 46 22 per
2014 3737 89 27 week;
2123 3738 29 23 6s
2167 3745 46 23 per
2221 3739 57 30 day.

1900 3763 60 24 Two
1971 3766 90 23 weeks
2071 3774 28 16 or
2108 3768 99 29 lonaer,
2225 3770 54 23 30s.

1906 3813 28 30 C.
1967 3802 293 48 KAWi(ER~WSLSON
2265 3845 6 11 S

1997 3857 187 22 PROPRIETOR,

1900 3901 175 25 WYNYARD
2088 3904 191 31 &FURCHAS,

1933 3934 131 22 Barristers
2070 3943 44 13 and
2124 3938 123 26 Solicitors,

1872 3972 80 19 B.N.Z.
1961 3973 118 26 Chamhers,
2089 3976 103 26 QuecnSt,
2200 3978 107 21 Auckland

1884 4034 71 26 \\/-®
1968 4041 52 13 nave
2030 4043 72 19 money
2112 4040 20 17 to
2143 4038 47 19 lend
2202 4046 25 12 on
2244 4040 50 20 Mbrt-

1891 4064 7 11 '
1908 4064 9 12 t
1964 4067 53 19 gage
2027 4063 21 17 of
2063 4062 101 21 Freehold
2178 4065 41 19 and
2234 4065 61 21 Lease-

1873 4085 47 19 hold
1931 4090 96 20 property
2037 4090 21 16 at
2069 4093 81 15 current
2158 4093 61 16 rates.

979 2631 40 17 One
1028 2631 38 17 and
1075 2638 10 10 a
1094 2631 41 18 half
1144 2631 53 17 miles
1206 2631 48 17 from
1263 2631 32 17 the
1304 2631 46 17 Post
1359 2631 62 18 Office.
1447 2632 31 17 All
1485 2632 82 18 Coaches
1575 2632 48 18 from
1630 2632 94 22 Tokaanu,
1731 2633 72 23 Napier
1807 2633 38 17 and

956 2654 85 18 Rotorua
1048 2660 32 12 are
1089 2655 40 17 met
1136 2654 27 23 by
1171 2654 33 17 the
1232 2653 38 23 Spa
1296 2653 88 23 Coaches,
1393 2655 39 18 and
1440 2655 75 18 visitors
1515 2655 103 23 Conveyed
1631 2657 19 15 to
1665 2656 32 17 the
1807 2656 38 18 free

1345 2678 20 16 of
1374 2678 75 23 charge.

981 2706 43 19 The
1164 2706 17 19 is
1193 2705 35 20 the
1238 2705 68 20 Homo
1315 2705 22 20 of
1346 2706 35 20 the
1390 2706 88 20 Famous
1494 2707 93 23 Crow'n
1602 2707 65 23 Nest
1683 2708 108 30 Geyser,
1809 2708 35 19 the

956 2732 81 17 Witches
1047 2732 101 20 Cauldron,
1163 2732 122 22 Champagne
1299 2733 75 21 Geyser,
1392 2733 62 22 Milky
1467 2733 76 23 Geyser,
1562 2733 106 23 Flesh-pot,
1684 2734 92 22 Porridge
1792 2735 52 19 Pofs,

956 2754 121 22 Blow-holes,
1089 2756 82 16 Hannah
1181 2754 75 23 Goyser,
1267 2755 31 17 the
1307 2756 66 16 Lesser
1386 2756 70 17 Crow's
1469 2756 54 21 Nest,
1538 2756 62 18 Venus
1617 2756 56 21 Bath,
1688 2758 74 17 Satan's
1779 2758 65 22 Glory,

956 2779 40 16 Salt
1005 2779 75 21 Spring,
1091 2778 148 19 Paddle-wheel,
1250 2778 35 17 and
1296 2779 69 17 several
1374 2779 54 17 other
1437 2779 60 22 sights
1505 2780 19 16 of
1532 2780 83 17 interest.
1641 2780 76 18 Guide's
1726 2781 28 17 fee
1764 2782 20 16 2s
1800 2781 45 17 each

956 2806 72 18 person.

979 2825 38 16 The
1026 2824 77 19 JULUKA
1117 2824 85 17 PALLS.
1228 2824 79 18 Visitors
1317 2827 19 14 to
1345 2825 32 16 the
1467 2826 95 21 conveyed
1571 2826 38 16 free
1618 2826 20 17 of
1646 2826 74 23 charge.

979 2870 38 18 The
1024 2870 162 18 accommodation
1194 2871 22 17 at
1223 2870 33 18 the
1265 2870 132 23 "Spa'.'.isall
1404 2871 43 18 that
1462 2878 35 10 can
1513 2872 24 17 be
1553 2871 79 18 desired.
1664 2872 62 23 Every
1743 2873 104 19 Bed-room

957 2893 107 18 over-looks
1073 2894 31 17 the
1114 2893 90 18 Gardens.
1230 2894 75 17 Private
1315 2894 61 17 Suites
1385 2895 20 16 of
1413 2895 129 22 Apartments.
1573 2895 61 21 Large
1649 2895 155 24 Drawing-room
1818 2897 29 17 for

956 2916 73 17 Ladies.
1054 2916 129 19 Comlortublc
1191 2916 162 23 Smoking-room.

980 2940 51 16 THE
1045 2940 84 17 MAOKI
1143 2939 103 19 CARVED
1259 2940 96 17 DINING
1367 2940 71 18 HALL
1447 2942 49 16 seats
1508 2947 35 11 one
1557 2940 85 19 hundred
1658 2947 76 16 persons
1748 2942 38 17 and
1802 2949 33 11 con-

957 2963 48 17 tains
1014 2963 26 16 all
1049 2965 84 20 separate
1143 2963 60 17 tables
1212 2963 30 16 for
1251 2963 71 23 private
1331 2963 69 22 parties
1409 2970 21 10 or
1442 2964 76 16 friends.

980 2986 52 17 THE
1041 2986 86 17 LARGE
1136 2986 59 19 HOT,
1206 2986 66 17 COLD
1282 2987 16 16 &
1306 2986 78 17 TEPID
1390 2987 140 17 SWIMMING
1536 2987 68 17 BATH
1614 2987 73 23 adjoins
1696 2988 32 17 the
1737 2989 109 17 Bedrooms.

980 3009 38 17 The
1028 3009 123 17 SULPHUR
1159 3009 69 17 BATH
1237 3009 16 17 is
1261 3008 75 24 equally
1345 3010 104 17 efficacious
1458 3016 20 11 as
1485 3011 32 16 the
1524 3011 73 16 famous
1604 3010 59 18 Priest
1670 3011 49 17 Hath
1727 3012 20 17 of
1755 3012 91 17 Rotorua.

980 3033 38 16 The
1026 3032 78 17 TEPID
1118 3033 70 16 BLUE
1200 3032 70 16 BATH
1278 3033 15 16 is
1303 3037 44 20 very
1356 3033 110 22 refreshing.

1167 3055 51 17 ALL
1227 3055 83 17 BATHS
1319 3056 39 16 free
1365 3057 21 16 to
1394 3056 80 17 Visitors
1483 3058 20 15 to
1512 3056 33 17 the

1010 3078 43 19 The
1064 3078 93 19 Grounds
1168 3084 34 13 are
1214 3078 42 19 hud
1265 3081 36 16 out
1316 3078 21 19 in
1354 3079 67 19 choice
1442 3078 120 25 Rose-beds,
1585 3079 139 24 Shrubberies,
1741 3081 105 19 Reautiful

957 3104 94 23 Flowers,
1064 3104 51 19 Pine
1125 3104 134 23 Plantations,
1271 3104 51 19 Turf
1331 3104 75 19 Tennis
1425 3106 68 22 Lawn,
1510 3105 125 20 Promenade
1657 3107 39 18 and
1716 3106 130 21 Ornamental

957 3130 80 19 Lawns.

1010 3155 58 20 Good
1078 3155 63 20 Grass
1150 3155 111 24 Paddocks,
1274 3156 101 25 Stabling,
1387 3156 67 20 Horse
1465 3158 60 22 Feed,
1537 3159 30 18 &c,

959 3204 115 23 Visitors
1088 3204 135 29 conveyed
1232 3204 54 23 free
1297 3204 28 23 of
1333 3204 95 30 charge
1438 3207 27 22 to
1473 3208 71 21 meet
1554 3206 36 23 all
1606 3206 108 24 coaches
1727 3209 105 28 proceed-

1242 3230 45 29 ing
1301 3232 28 21 to
1343 3230 121 25 different
1479 3234 79 27 parts.

1090 3278 141 23 TARIFF:
1251 3279 34 19 10s
1298 3279 55 19 PER
1368 3279 66 21 DAY.
1463 3281 28 19 £2
1510 3282 33 18 10s
1553 3281 55 19 PEE
1621 3281 92 21 WEEK.

984 3328 80 25 Special
1071 3328 124 19 concessions
1203 3330 20 16 to
1230 3327 97 20 Families
1333 3329 39 18 and
1380 3329 57 25 large
1445 3331 75 24 parties
1527 3330 85 26 making
1619 3338 12 11 a
1638 3331 125 25 lengthened
1769 3335 51 22 stay.

958 3377 86 19 Visitors
1056 3384 47 17 may
1113 3377 122 24 confidently
1247 3379 60 17 count
1316 3384 54 18 upon
1380 3385 60 19 every
1450 3386 45 12 care
1506 3380 39 18 and
1555 3380 100 18 attention
1665 3382 20 17 to
1696 3381 53 19 their
1755 3383 91 22 comfort,

1260 3403 40 18 and
1310 3404 75 24 civility
1393 3405 52 19 from
1455 3405 34 19 the
1500 3406 53 18 staff.

1063 3428 116 19 First-class
1188 3428 71 19 Table.
1392 3430 127 20 Abundance
1529 3432 21 18 of
1559 3432 59 19 Fruit
1628 3432 20 19 in
1659 3433 81 19 Season.

959 3455 20 18 T<
988 3460 10 14 a
1009 3454 38 19 and
1059 3454 69 19 Coifee
1139 3454 70 19 served
1221 3455 21 19 in
1258 3455 34 18 the
1309 3455 78 26 Dining
1402 3457 50 19 Hall
1471 3458 105 25 nio>nings
1595 3458 40 19 and
1652 3459 123 20 afternoons.
1812 3460 33 19 No

1329 3484 57 17 extra
1395 3482 82 26 charge.

1091 3532 104 32 THE
1650 3537 62 32 CO,

1138 3573 44 17 Rim
1190 3574 83 17 Coaches
1281 3576 20 15 to
1310 3575 33 16 the
1350 3574 99 25 following
1456 3577 63 22 places
1528 3578 20 16 of
1556 3573 87 26 interest:
1646 3587 22 3 —

960 3604 133 27 Tokaanu,
1104 3604 117 25 Thursdays
1231 3605 40 19 ar,d
1285 3605 100 26 Sundays.
1414 3607 51 19 Fare
1475 3615 28 12 us.

963 3630 136 23 V/airakei
1113 3629 120 30 Geysers,
1245 3631 60 25 daily,
1317 3632 94 25 Sundays
1421 3633 99 19 included.
1549 3634 51 19 Fare
1611 3636 21 17 2s
1643 3635 31 18 Cd.

960 3661 151 18 ARATEATEA
1119 3661 100 22 RAPIDS,
1230 3663 57 21 daily.
1311 3664 49 16 Pare
1371 3665 20 16 :5s
1400 3664 30 18 (id.

959 3684 145 19 ROTOKAWA
1117 3684 121 18 SULPHUR
1251 3686 76 17 LAKE.
1353 3686 47 18 Fare
1409 3688 19 17 7s
1437 3688 29 20 Cd,
1477 3694 38 16 any
1522 3688 52 17 time.

984 3767 146 44 JECKLIH
1163 3767 25 39 &
1221 3767 146 47 COTTER,
1402 3753 3 61 I
1458 3757 31 42 *
1516 3757 37 51 ?.

1442 3863 57 16 iScxt
1509 3863 99 18 baddlere
1622 3863 55 24 shop,
1689 3864 132 22 Obinemutn.

1013 3899 82 20 Ahawa
1118 3898 91 25 Street,
1232 3899 107 19 Bovoi.UA.
1419 3892 42 19 Has
1472 3893 74 23 always
1562 3899 10 12 a
1588 3900 19 18 gr
1614 3893 25 19 od
1654 3896 72 25 tsupplv
1743 3898 23 18 of
1785 3899 62 20 Fresh

1491 3919 65 22 Fruit,
1567 3919 47 19 both
1629 3919 51 21 local
1689 3923 37 18 and
1739 3923 33 20 im-

987 3949 59 20 Have
1056 3950 21 16 to
1088 3947 64 21 thank
1164 3947 34 19 the
1209 3947 74 19 Public
1299 3947 92 21 pf.Kolo-
1541 3945 71 25 ported
1623 3952 25 13 on
1660 3947 59 20 hand,

962 3982 34 13 rua
1009 3975 34 19 for
1053 3978 45 20 past
1108 3974 83 18 favours
1202 3975 37 17 and
1254 3974 36 24 beg
1302 3976 20 17 to
1339 3978 54 16 slate
1584 3971 89 25 Also,

962 4002 47 24 they
1021 3999 39 20 will
1077 4001 97 18 continue
1194 4002 20 16 to
1231 4000 59 20 merit
1308 4003 85 22 support
1540 3997 19 18 -A-
1578 4004 28 12 we
1632 4002 91 17 assorted

962 4029 25 24 by
997 4025 109 27 providing
1116 4026 35 19 the
1162 4026 44 19 best
1213 4025 78 26 quality
1303 4026 21 20 of
1341 4031 52 15 meat
1468 4022 58 19 stuck
1537 4022 22 19 of
1569 4022 85 25 Biscuit,
1667 4025 119 23 Confection-

1416 4053 35 19 ery
1461 4048 39 19 and
1512 4049 90 19 Summer
1616 4050 76 21 Drinks
1705 4055 22 17 at
1743 4055 107 21 Moderate

1033 4075 36 20 AT
1083 4075 118 19 LOWEST
1216 4074 104 21 PPJCES.
1594 4076 75 21 Prices.

980 4167 99 41 Mk
1108 4170 71 35 tor
1206 4167 268 39 Hancock's
1505 4168 279 43 Celebrated
1834 4174 190 42 XXXX
2050 4179 113 41 Ales
2191 4185 95 37 and
2311 4186 140 39 Stout

2368 266 273 67 NOTICe
2674 272 103 64 TO
2804 273 376 70 TOMRISTS.

2367 353 65 25 The
2451 355 214 32 undersigned
2686 364 54 20 are
2757 366 74 19 now
2846 363 138 32 running
2998 365 141 31 Bugeies
3155 367 62 26 and

2335 386 141 26 Coaches
2496 388 34 24 to
2550 388 54 26 the
2616 388 165 35 following
2792 392 107 32 places
2912 395 34 25 of
2959 396 133 28 interest
3111 400 33 25 in
3165 401 52 24 the

2332 418 242 31 neighborhood
2590 422 34 24 at
2641 424 129 32 greatly
2794 425 135 27 reduced
2953 430 92 26 rates.
3094 433 122 25 Special

2333 450 183 27 reductions
2524 452 49 25 for
2585 453 89 32 large
2683 456 126 31 parties.
3117 447 9 18 '

2346 560 93 25 Special
2451 562 169 28 Conveyances
2630 564 46 20 and
2687 566 87 20 Saddle
2785 567 84 23 Horses
2878 572 22 16 to
2912 570 27 20 all
2950 576 61 22 parts
3027 580 21 13 ©i
3061 576 39 19 the
3117 576 85 20 district

2657 596 22 14 at
2691 593 115 21 Moderate
2818 595 77 22 Rates,

2521 691 46 46 J.
2601 692 309 51 FALLOONA
2930 699 47 45 &
2999 701 98 56 Co.,

2829 761 323 58 Proprietors.

2335 873 240 47 KUSABS
2609 875 152 47 BROS
2845 879 40 41 W.
2912 879 30 41 A,
2972 880 184 45 WILLIAMS'

2440 939 217 35 MAMAKU
2791 950 217 26 pioneer
3051 957 156 23 store

2331 977 75 40 SAW
2420 978 25 40 &
2472 979 152 42 PLANING
2646 980 117 42 MILLS.
2867 984 77 50 °ppf
2946 991 20 19 *»
2982 990 72 22 *>.*.
3071 993 66 21 Hotel.

2333 1047 269 24 KOUNTHIN
2788 1032 136 33 GRbCEBY,

2829 1070 135 21 OILMEN'S
2978 1073 110 20 STORFS.

2871 1101 214 28 IRONMONGERY,

2333 1124 134 21 GENUINE
2481 1125 60 20 DRY
2557 1125 79 20 LAND
2653 1126 54 20 TIM
2712 1127 51 20 818
2919 1132 242 25 CROCKERYWARE

2436 1160 29 18 IN
2477 1160 181 19 THEMABKET.
2974 1151 13 45 ~l
2992 1169 120 27 Up£RT|
3129 1172 24 20 &(
3153 1151 15 34 .'
3181 1173 24 19 &(
3205 1173 9 12 ..

2336 1205 124 43 MESSES
2479 1205 99 20 KUSABS
2596 1207 70 18 BROS,
2680 1207 38 25 beg
2734 1214 30 12 re-
2806 1202 27 24 .'\
2848 1203 23 12 Wl
2872 1196 123 36 j-«w«wrted
3013 1200 56 20 stock
3086 1208 21 12 in
3123 1202 28 19 all
3166 1202 51 20 lin«?s

2407 1229 102 23 spectrally
2512 1230 21 18 to
2542 1230 69 18 inform
2620 1230 33 17 the
2665 1231 67 18 Public
2745 1232 21 17 of
2788 1227 18 14 "'
2819 1225 9 17 t
2830 1223 4 29 '
2836 1229 17 13 ,e
2861 1229 57 13 ao,>Vt
2918 1233 5 9 '
2933 1227 20 16 »t
2963 1225 71 19 lowest
3045 1227 69 22 prices.

2332 1252 119 16 hoton.uaiid
2462 1253 73 20 vieinUy
2545 1252 38 17 that
2592 1254 39 19 tt.ey
2647 1253 44 16 have
2705 1258 56 12 e.,.«b-
2789 1258 16 15 \
2809 1264 27 13 ew
2848 1256 87 21 Zeal.ind
2944 1259 63 21 Dairy
3017 1260 145 21 Association's
3168 1262 30 20 Fa
3205 1271 13 6 -

2331 1275 54 14 lishea
2395 1279 9 10 a
2417 1275 41 19 yard
2466 1279 17 10 u.
2497 1275 125 19 Hiuemoa-st.,
2631 1275 33 16 and
2680 1280 31 11 can
2726 1281 34 10 wm
2824 1285 8 9 4.
2879 1283 17 9 t>
2915 1275 4 19 ,
2965 1275 3 19 ,
2970 1275 1 19 ■
3008 1275 4 19 ,
3031 1275 3 19 ,
3058 1275 4 19 .
3135 1275 27 19 ,■?
3183 1275 3 19 ■

2330 1295 62 20 supply
2402 1294 28 17 the
2439 1294 103 18 finestclass
2556 1296 19 15 of
2588 1296 83 18 Bu.ldin,-
2683 1295 79 18 Materia]
2886 1288 1 27 ■
2899 1288 36 15 utt<
2946 1288 3 27 '
2975 1292 7 11 ''
2984 1288 28 15 osl
3015 1288 3 27 '
3029 1288 57 18 twlce
3097 1288 82 25 weekly.

2331 1315 16 16 in
2356 1315 29 16 the
2395 1316 74 15 Jlaikor.
2485 1317 15 15 It
2512 1317 13 14 is
2533 1317 101 20 uncqimlled
2643 1318 16 14 iii
2669 1317 93 22 durability

2331 1336 33 16 and
2373 1336 106 22 impervious
2486 1339 19 14 to
2514 1337 104 18 tbx-attacks
2634 1338 18 15 of
2665 1338 50 16 borer
2729 1335 32 20 anil

2330 1357 31 21 dry
2373 1360 33 14 rot.
2429 1357 52 17 Their
2490 1358 83 17 sawmills
2580 1364 29 10 «re
2617 1359 48 16 fitted
2675 1360 42 16 with
2732 1361 29 15 the

2329 1382 45 12 most.
2382 1385 22 10 m<
2411 1379 41 16 dtrn
2461 1379 98 21 uiipliaiiccH
2569 1379 34 17 and
2611 1380 29 17 the
2648 1381 38 15 linn
2699 1382 15 15 is
2723 1382 37 15 able

2330 1403 17 12 t<>
2362 1401 62 20 supply
2442 1406 33 15 any
2491 1401 81 21 quantity
2589 1402 17 15 of
2621 1402 37 21 JJry
2676 1402 84 20 Building

2328 1420 82 18 Material
2418 1428 22 9 on
2450 1423 28 15 tiic
2486 1423 75 16 sboitest
2568 1423 61 16 notice.

2329 1465 140 29 Skirtings,
2477 1465 178 28 Aiehitraves,
2660 1466 83 24 Mould-

2363 1495 67 29 ings,
2443 1496 52 22 and
2504 1496 111 23 Dressed
2625 1496 103 24 Timber

2394 1526 28 22 of
2430 1533 80 23 every
2525 1527 13 22 d
2543 1527 148 29 escription,
2697 1542 11 11 a

2420 1556 110 30 Always
2540 1564 33 15 on
2583 1557 84 23 Hand.

2355 1590 121 24 HENAU
2486 1592 108 22 HOUSE
2604 1592 129 24 BLOCKS.
2771 1590 3 26 I

2862 1319 26 19 Ni
2899 1326 9 10 .-.
2924 1319 46 20 Luid
2987 1320 57 24 IJ-..,,
3055 1322 42 23 &c,
3109 1323 34 19 &o.

2801 1370 127 29 Government
2944 1372 102 30 Insurance
3063 1376 127 32 Department.

2867 1425 66 19 Funds,
2945 1432 42 10 ovi;it
2999 1428 19 21 2]
3032 1429 91 18 Millions.

2799 1463 39 17 Sum
2852 1464 70 17 Assured
2963 1475 7 4 -
2992 1472 39 12 over
3044 1469 147 25 £9,000,000

2799 1492 63 17 Annual
2877 1493 64 18 Income
2963 1504 7 3 -
3015 1501 40 12 over
3067 1498 124 24 £360,000

2327 1670 225 32 KUSABS
2589 1670 170 38 83&05.,

2403 1712 116 17 MAMAKU
2532 1717 25 12 on
2571 1712 112 17 OIIAUPO.

2455 1740 26 17 Or
2490 1742 20 15 at
2518 1741 32 17 the
2563 1741 68 20 Yards,

2349 1767 125 18 HINKMOA
2487 1768 102 20 STREET,
2609 1768 127 18 ROTORUA.

2326 1839 35 20 TO
2375 1840 58 19 TEE
2448 1840 106 20 PUBLIC
2568 1840 35 19 OF
2622 1840 136 20 KOTORUA.

2327 1892 23 42 I
2366 1891 54 20 BEG
2433 1894 20 18 to
2463 1893 65 19 thank
2538 1892 34 19 the
2586 1892 72 20 Public
2669 1892 22 20 of
2697 1892 50 20 Roto-

2380 1924 40 13 rua
2439 1918 32 20 for
2485 1917 53 21 their
2544 1919 83 19 favours
2639 1918 75 26 during
2726 1919 34 19 the

2326 1947 45 22 past
2382 1943 69 21 fifteen
2462 1950 63 19 years,
2539 1945 38 18 and
2593 1948 20 15 to
2631 1945 64 24 notify
2717 1945 43 18 that

2326 1971 31 18 fur
2368 1971 34 18 the
2413 1970 133 20 convenience
2557 1969 18 21 bi
2589 1970 97 21 residents
2696 1971 22 19 in
2724 1970 35 20 the

2326 1996 49 20 New
2387 1996 116 26 Township,
2517 1997 39 18 and
2567 2002 30 19 my
2613 1997 56 18 trade
2688 2004 59 17 gener-

2325 2022 48 25 ally,
2385 2022 10 18 1
2406 2022 52 19 have
2468 2021 53 21 built

2352 2057 54 18 New
2416 2056 101 21 Premises
2526 2063 21 13 in
2556 2057 44 20 Fen
2603 2063 37 14 ton
2646 2056 85 26 Street,

2326 2093 64 21 which
2403 2100 33 13 ate
2448 2101 42 11 now
2504 2100 50 19 open
2563 2094 33 19 for
2604 2093 100 25 business,
2721 2093 39 19 and

2325 2119 10 19 I
2347 2126 32 12 am
2399 2119 98 26 prepared
2521 2124 20 14 to
2555 2120 71 25 supply

2467 2154 70 19 Phime
2557 2154 62 19 Meat

2325 2192 19 18 in
2357 2191 49 20 both
2418 2192 50 19 New
2482 2192 38 18 and
2532 2191 38 20 Old
2580 2191 126 26 Townships.

2771 1608 231 48 LRotorua
3019 1611 195 59 Bakery

2798 1809 104 31 BAKER
2912 1810 26 32 &
2949 1811 254 33 CONFECTIONER.

2838 1887 83 24 Bread
2936 1889 131 25 delivered
3083 1891 78 30 daily.

2837 1955 141 21 GROCEBIE

2980 1993 143 24 DRAPERY,

2783 2058 123 17 GENERAL
2912 2059 206 20 STOREKEEPER'S
3125 2063 79 18 GOOD;-

2370 2362 31 41 A.
2430 2362 70 41 AND
2526 2361 30 41 0.
2584 2361 115 41 BROOK

2784 2170 107 18 SADDLE.
2905 2171 124 21 HARNESS,
3044 2173 53 17 AND
3115 2174 101 18 COLLAR

2534 2192 36 18 Old
2580 2191 126 23 Townships.
2952 2208 17 3 ~
2980 2191 4 23 ,
2991 2208 52 6 ,„,.,.

2676 2209 8 8 x
2951 2209 99 21 MAKER,

2827 2239 178 24 FFNTON-ST.,
3020 2241 153 22 ROTORUA.

2535 2265 31 16 Oil
2581 2265 22 16 IS
2618 2259 108 22 invited.
2783 2270 83 23 Hasjusi
2879 2271 72 23 opened
2956 2277 12 12 a
2972 2271 69 20 Choice
3047 2274 120 20 Assortment
3172 2277 20 17 of

2536 2298 100 20 HENRY
2650 2298 82 19 KIRK.
2783 2301 145 24 SADDLES,
2934 2301 130 23 BRIDLES
3076 2305 139 21 COLLARS

2806 2325 119 22 CHAINS,
2931 2326 70 22 BITS,
3006 2327 103 25 SPURS,
3117 2330 56 19 HAR-

2535 2362 9 14 -1
2584 2361 115 15 nnAAV
2882 2348 76 20 NESS
2971 2350 84 25 SOAP,
3071 2352 39 20 &c.

2358 2258 43 23 An
2413 2258 153 30 Inspection
2581 2258 22 23 is
2618 2258 102 23 invited

2371 2390 30 12 n,
2430 2390 67 12 nnv
2528 2390 28 12 u.
2584 2390 126 17 */uvvii.,
2806 2394 72 19 Collars
2885 2394 55 19 made
2952 2396 21 18 to
2985 2401 86 15 measure
3083 2404 25 13 on
3123 2400 34 18 the
3170 2407 32 11 nre

2324 2415 82 22 BOGT
2420 2413 70 24 AND
2507 2413 82 23 SHOE
2610 2412 148 29 MAKERS,
2769 2402 4 40 I
2782 2418 54 18 mises
2846 2424 10 11 a
2865 2418 101 24 speciality.
3170 2407 33 17 pre

2387 2447 81 19 Fknton
2488 2451 38 14 -in
2557 2453 17 13 -i,
2600 2444 104 21 I'oTottTjA..
2768 2439 2 27 I
2804 2441 124 23 Lengthened
2935 2442 110 23 experience
3052 2444 21 18 in
3081 2446 26 17 all
3115 2446 69 19 classes
3194 2449 21 17 of

2325 2479 45 19 And
2394 2482 17 16 .it
2448 2479 41 19 Pan
2520 2476 4 22 1
2577 2477 10 19 d
2620 2476 135 20 Newmarket.

2352 2531 91 21 Large'ui
2479 2534 19 15 fti
2514 2532 10 16 i-
2561 2536 28 12 •"••'■
2598 2529 24 19 ck
2634 2529 21 18 of
2665 2529 91 25 English,

2327 2558 84 25 Foreign
2424 2558 38 19 and
2475 2553 3 30 '
2491 2557 17 18 «>l
2524 2557 40 19 nial
2577 2556 13 19 B
2601 2561 36 14 ■r,t»
2648 2553 109 22 atulSlioes

2386 2585 21 19 to
2418 2585 29 17 cli.
2457 2582 3 22 i
2470 2592 19 10 se
2502 2584 49 18 (nan
2563 2585 22 17 at
2596 2582 33 19 the
2640 2584 51 17 most

2359 2616 214 32 REASONABLE
2595 2615 127 31 PRICES.

2500 2656 90 21 REDTK
2597 2648 93 28 TldiCS'.

2351 2689 94 25 Clearing
2465 2684 35 23 i»'ut
2521 2688 61 19 Stock
2601 2688 32 19 fcr
2657 2687 74 25 Spring

2479 2714 121 25 Shipmenrp.

2326 2749 33 19 All
2375 2748 70 20 orders
2462 2747 38 20 and
2519 2746 73 27 repairs
2609 2745 148 26 expeditiously

2488 2773 102 19 executed.

2781 2465 93 17 Saddler's
2884 2465 56 17 work.
2965 2466 33 17 All
3005 2467 64 18 orders
3078 2470 96 23 promptly
3183 2476 20 12 at-

2780 2488 68 17 tended
2860 2489 26 16 to.

2999 2578 33 41 M.
3069 2581 118 48 SIMON,

2975 2630 62 25 (Late
3043 2632 22 20 of
3072 2632 61 21 Mflb<
3144 2642 55 13 urne.

2985 2680 113 20 Practical
3118 2684 81 18 Taii.o:..

2974 2752 104 26 Clothes
3091 2758 75 22 made
3185 2759 25 21 to

3000 2780 74 23 order
3092 2789 33 15 on
3140 2782 45 25 the

3027 2806 134 26 shortest

3045 2834 93 23 notice.

2430 2947 104 18 FENTON
2551 2946 101 20 STREET,

2418 2981 100 18 OrrosiTE
2568 2980 78 17 Grand.

2349 3011 66 17 Sashes
2425 3010 54 17 made
2487 3011 20 15 to
2517 3008 60 18 order.

2421 3070 27 40 F.
2493 3067 171 48 GOODSOH,

2469 3119 150 34 ROTQROA

2327 3166 83 32 COAL
2427 3166 26 31 &
2474 3164 167 33 FIREWOOD
2661 3163 97 36 YARD,

2351 3292 63 18 Goods
2423 3291 94 18 delivered
2525 3291 49 16 after
2587 3290 68 17 arrival
2670 3290 20 17 of
2702 3290 59 16 trains

2327 3317 20 16 to
2357 3316 25 16 all
2390 3316 53 22 parts
2451 3316 20 16 of
2479 3314 33 17 the
2521 3315 50 15 town
2581 3312 46 18 with
2634 3314 127 21 promptness.

2328 3347 62 23 Large
2399 3347 56 17 Stock
2469 3347 20 16 of
2505 3345 46 19 Coal
2568 3345 37 17 and
2621 3344 98 18 Firewood
2733 3344 19 17 al-

2397 3376 53 16 ways
2458 3375 25 12 on
2491 3369 51 17 hand
2552 3368 38 17 and
2599 3368 93 17 delivered

2468 3394 20 16 at
2496 3392 33 17 the
2541 3392 82 17 shortest

2510 3415 68 17 notice.

2352 3445 67 17 RATA
2423 3449 42 13 and
2471 3444 55 17 TAW
2528 3444 17 17 A
2551 3448 26 12 at
2582 3447 79 13 lowest
2670 3447 11 13 it
2683 3446 55 14 axes.

2347 3489 10 16 4
2373 3487 158 18 UCKLAND
2544 3485 217 18 ADVERTISING

2338 3504 35 27 f\_
2484 3509 112 20 AGENCY,

2352 3535 98 17 Victoria
2463 3534 89 18 Arcai>e,
2568 3532 70 19 Qtjeen
2655 3531 83 18 Street.

2384 3557 121 21 Advertising
2512 3556 19 16 in
2540 3556 26 17 all
2578 3556 24 17 its
2611 3555 97 18 branches.

2328 3581 54 20 New,
2397 3580 75 23 Uni<pie
2490 3579 37 17 and
2540 3578 85 18 Tasteful
2641 3578 123 21 Advertising

2501 3601 91 19 Medium-

2352 3626 70 19 Orders
2431 3627 48 16 from
2488 3626 26 17 all
2523 3626 52 22 parts
2584 3624 90 17 attended
2682 3625 20 16 to
2716 3624 47 17 with

2329 3655 42 12 care
2380 3649 38 18 and
2427 3649 113 20 expedition.

2427 3817 117 24 gtuthorigcD
2554 3818 111 25 £ucuc£or,

2474 3871 143 26 ROTORUA.

2440 3923 23 18 a
2482 3922 136 43 M°A

2330 3992 123 25 Plumber
2470 3992 22 22 &
2502 3991 112 24 General
2625 3991 138 23 Mechanic

2422 4042 130 19 Ttjtanekai
2571 4040 93 21 Street,

2986 2928 55 24 Style
3051 2929 39 20 at.d
3101 2930 36 19 Fit
3146 2933 36 18 not
3192 2934 20 18 to

2977 2954 22 17 bo
3010 2956 92 23 equalled
3120 2963 19 12 in
3158 2959 53 19 town

2974 2990 110 21 Address:
3101 2993 111 21 ArawaSt.

3045 3018 100 20 Rotorua.

2782 3100 137 24 BARBER
2933 3103 21 22 &
2970 3103 242 28 HAIRDRESSER.

2784 3264 62 19 HAS
2863 3266 108 18 removed
2986 3269 25 17 to
3028 3269 36 19 his
3079 3270 75 19 NEW
3170 3272 31 18 SA-

2808 3296 82 19 LOON
2898 3298 178 25 Fenton-sfcreet,
3087 3304 105 21 opposite

2909 3327 65 24 Kirk,
2989 3329 104 21 butcher.

2825 3391 89 21 Setting
2926 3393 82 20 Razors
3020 3402 13 13 a
3048 3396 121 21 Specialty.

2809 3440 107 20 Choicest
2929 3442 89 20 Brands
3032 3445 86 23 Cigars,
3133 3447 70 19 Tobac-

2785 3468 46 17 cos,
2841 3463 40 19 &o.

2891 3566 46 19 AR
2945 3567 16 20 C
2970 3568 39 19 111
3018 3569 64 21 TEC
3091 3570 21 25 I\

2866 3601 96 25 Building
2976 3603 109 27 Surveyor,
3103 3606 35 19 &c.

2794 3641 6 14 I
2806 3639 50 23 gent
2878 3638 31 19 for
2927 3639 34 19 the
2985 3641 98 21 National
3107 3643 47 21 Fire
3177 3645 37 19 and

2878 3664 79 21 Marine
2965 3666 113 22 Insurance
3089 3670 36 20 Co.

2787 3712 211 28 MOIO.IA

2939 3768 124 21 PRIVATE

2786 3798 243 35 BOARDIITO
3046 3803 166 33 HOUSE.

2786 3857 110 27 Opposite
2910 3859 39 20 the
2965 3860 54 21 Post
3031 3862 45 19 End
3088 3863 124 26 Telegraph

2961 3886 78 21 Ouice.

2787 3916 44 18 An;
2853 3922 47 13 ripnr
2921 3916 33 21 the
2974 3918 118 21 Celebrated
3118 3919 94 19 PRfI'JST

2825 3942 116 19 RACHEL
2958 3944 38 19 and
3010 3945 57 20 other
3076 3945 96 23 BATHS,

2928 3968 143 23 ROTORUA.

2784 4019 111 19 TERMS:
2903 4020 42 18 25s
2952 4026 42 17 per
2999 4023 71 22 -week,
3081 4024 26 17 4s
3114 4027 40 18 per
3160 4021 49 24 day.

2818 4051 113 39 MRS
2975 4041 221 59 YOUNG/

2916 4100 170 19 PI'OPrTETnESS.
