3288 4222
2808 113 108 19 WHERE
2930 113 57 18 THE
3001 112 182 20 UITLANDERS

2913 139 81 18 COME
3005 138 85 19 FROM.

2809 192 80 26 During
2899 192 35 18 the
2944 191 62 18 whole
3018 191 21 18 of
3048 191 34 19 la-1
3095 198 51 18 year,

2783 219 34 20 the
2828 218 83 20 n-cords
2922 218 20 19 of
2953 218 34 19 the
3008 219 45 24 poit
3067 218 113 18 authorites.
3193 220 20 19 of

2783 246 112 24 Capetown
2911 245 55 18 show
2980 244 45 19 that
3040 244 33 18 the
3092 244 84 19 number
3194 247 20 18 of

2786 277 119 19 passenger*
2920 270 83 24 landing
3017 272 21 17 at
3060 270 34 19 the
3114 272 46 22 port
3180 272 33 19 had

2784 298 97 24 averaged
2906 298 39 18 600
2968 303 9 12 a
2997 296 61 23 week,
3078 296 40 19 and
3136 296 45 19 that
3196 299 19 18 of

2785 324 41 19 late
2846 324 45 19 that
2910 324 121 24 portentous
3051 322 64 24 figure
3133 322 35 19 had
3189 324 18 18 in-

2786 350 83 19 creased
2890 353 21 15 to
2932 350 69 23 nearly
3017 350 57 17 1000.
3105 350 111 26 Assuming,

2782 374 26 21 las
2822 378 17 18 is
2853 376 99 19 certainly
2968 376 35 17 the
3018 376 48 22 fact,
3087 375 46 19 that
3151 379 64 22 nearly

2789 403 33 19 the
2838 402 62 19 whole
2914 402 22 19 of
2951 402 55 19 these
3021 401 126 25 immigrants
3164 402 52 21 make

2787 430 54 19 their
2856 436 51 18 way,
2921 435 21 12 as
2957 427 81 26 quickly
3053 434 21 13 as
3091 435 43 15 may
3150 428 30 23 be,
3199 433 18 15 to

2788 456 35 19 the
2832 454 118 22 Transvaal,
2964 456 14 17 it
2993 454 15 18 is
3023 456 37 17 not
3075 455 142 20 unreasonable

2789 484 20 17 to
2825 487 81 14 assume
2920 480 52 23 that,
2989 480 80 25 leaving
3084 484 37 15 out
3135 480 22 19 of
3175 487 32 14 con-

2789 508 110 19 sideration
2933 507 35 19 the
2992 508 150 23 augmentation
3167 506 48 21 from

2791 534 33 19 the
2835 536 40 17 two
2886 533 87 20 colonies
2984 533 38 18 and
3033 533 60 18 other
3107 535 55 22 ports
3173 533 44 20 than

2790 560 118 23 Capetown,
2919 559 35 19 the
2965 559 118 25 population
3090 559 20 18 of
3121 559 39 18 this
3169 563 48 17 state

2790 587 16 18 is
2817 587 62 24 being
2889 585 102 20 increased
3002 591 60 18 every
3076 592 48 18 year
3144 586 24 23 by
3188 590 30 16 the

2790 613 91 19 addition
2893 613 52 17 from
2956 611 40 19 this
3006 618 40 12 one
3056 618 69 12 source
3134 611 56 20 alone
3201 613 16 19 of

2790 640 25 18 20
2823 640 40 18 000
2887 639 124 22 Europeans,
3035 644 22 12 or
3080 638 69 19 rather
3169 646 49 12 more

2791 666 48 18 than
2852 668 33 15 the
2895 664 51 18 total
2957 665 19 17 of
2994 664 97 25 burghers
3111 665 106 24 registered

2790 698 25 12 on
2836 693 34 17 the
2893 690 143 20 Vieldcornet'u
3057 691 51 18 lists.
3151 693 7 15 t
3180 698 37 19 may

2792 717 94 26 perhaps,
2907 717 22 19 be
2954 719 36 16 not
3013 717 113 24 altogether
3146 717 72 26 foreign

2792 749 20 13 to
2827 744 35 18 the
2876 743 40 19 real
2932 744 54 18 issue
3001 746 20 15 to
3037 745 83 17 oliserve
3139 743 45 19 that
3202 745 17 19 of

2793 770 39 19 this
2855 771 71 19 .20,000
2950 769 35 19 the
3009 771 45 17 va~t
3077 769 94 26 majority
3190 776 29 14 are

2792 796 125 19 able-bodied
2935 802 50 12 men.

1200 65 59 21 THE
1273 66 59 20 HOT
1347 65 93 20 LAEES
1456 65 175 24 CHRONICLE,
1648 64 192 24 WEDNESDAT,
1865 64 140 21 JANUARY
2016 65 33 24 29,
2067 64 56 23 IJ-9G,

2794 4073 72 17 Printed
2877 4074 34 16 and
2923 4074 90 21 published
3032 4074 28 17 for
3077 4076 28 16 tho
3123 4078 99 21 proprietor)

2817 4099 17 11 Ht.
2850 4095 26 16 his
2897 4092 94 22 reentered
2998 4096 78 20 printing
3083 4098 47 15 ofHco
3146 4099 33 15 Rut
3187 4104 34 11 >ru»

2816 4117 22 20 by
2846 4117 58 16 PkiioY
2916 4118 58 15 JiMßi
2985 4118 99 19 Hamkond,
3097 4119 19 18 of
3126 4119 76 20 RotorUft

2815 4141 163 27 WBDNJSaUAX,
2985 4142 116 24 JANUARY
3109 4145 27 26 1%
3145 4145 51 29 \W\

193 143 9 22 i
265 142 168 26 Ai/r
498 149 9 18 «
543 137 109 32 IA!
688 136 126 34 iOL

165 240 309 48 Hydropathic
493 237 145 41 Hotel,
654 238 209 34 Rotorua.

357 292 220 30 Established
596 291 87 27 1881.

75 336 70 19 Under
160 337 34 19 the
212 339 111 23 patronage
340 335 21 18 of
379 334 32 19 Sir
420 333 34 18 W.
471 331 84 23 Jervois,
570 330 51 19 Earl
637 330 40 20 and
693 330 98 20 Countess
805 329 21 19 of
835 327 5 20 ]

244 363 34 18 the
289 362 54 19 Hon.
357 359 92 20 Premier
457 358 40 19 and
511 357 102 19 Members
628 357 21 19 of
658 357 130 19 Parliament.

128 415 42 19 The
180 414 62 20 Hotel
251 414 17 18 is
278 412 87 20 situated
375 418 25 12 on
410 417 25 13 an
446 410 89 20 elevated
544 409 89 25 position
642 415 26 13 on
677 408 34 19 the
721 407 69 19 shores
799 406 22 19 of
833 405 56 19 Lake
896 404 50 19 Roto-

76 448 42 17 rua,
130 441 117 19 convenient
260 442 20 16 to
292 439 25 18 all
327 438 35 19 the
372 437 64 25 sights
446 437 21 18 in
476 436 35 19 the
520 435 83 19 district.

151 473 134 22 SULPHUR
295 475 15 17 &
321 471 131 21 MINERAL
461 470 91 19 BATHS
562 470 20 19 in
591 470 35 19 the
637 469 93 20 Grounds
741 468 21 19 of
771 468 33 19 the
814 466 70 19 Hotel.

127 527 16 19 fl
180 527 69 17 —Mrs
258 525 90 19 Graham
357 524 42 20 will
407 524 42 18 also
457 523 94 19 continue
560 524 20 17 to
590 521 103 25 supervise
703 520 35 19 the

95 558 171 27 GEYSER
283 555 145 28 HOUSE
447 551 317 30 HYDROPATHIC
782 548 154 33 HOTEL,

386 591 166 25 WAIRA
565 591 25 23 K
604 590 22 24 E
640 590 20 27 I,

76 628 66 21 which
159 628 37 19 has
210 628 83 19 become
312 633 11 12 a
332 626 87 26 popular
437 624 40 20 and
492 624 100 19 favourite
610 624 65 18 resort
690 623 94 24 amongst
799 619 106 21 travellers
920 618 42 20 and

473 649 92 20 invalids.

516 681 11 11 o

219 708 19 18 A
247 706 104 20 reduction
360 705 17 19 is
386 704 60 20 made
455 706 20 17 to
488 703 77 24 weekly
574 709 23 12 or
612 701 92 25 monthly
713 700 103 20 boarders.

90 739 65 19 Guide
163 739 69 19 Books
242 738 40 19 and
291 737 132 20 information
438 735 64 25 gratis
511 736 22 18 at
543 734 54 19 Cook
612 733 41 19 and
663 732 57 20 Sons'
732 732 49 26 (solo
792 731 80 26 agents)
883 730 65 19 offices

383 762 126 24 throughout
517 760 36 19 the
568 760 85 24 Colony.

78 818 102 38 MRS
210 818 40 37 R.
271 814 209 47 CSRAHAM,
529 834 18 8 -
587 833 16 7 -
644 833 17 7 -
710 812 250 45 Proprietress.

82 922 458 78 ATIAMURI
610 916 347 79 HOTEL,

313 1021 33 20 On
355 1019 35 19 the
399 1018 65 20 banks
474 1017 21 19 of
504 1016 34 19 the
548 1016 97 21 Waikato
656 1015 67 19 River.

103 1070 119 21 Patronised
240 1070 28 24 by
281 1069 35 18 the
329 1066 50 20 Earl
396 1065 39 20 and
446 1065 96 19 Countess
560 1064 21 18 of
591 1063 88 22 Onslow,
694 1061 98 19 Countess
805 1059 21 20 of
837 1059 95 24 Glasgow

260 1095 39 20 and
315 1094 62 19 Suite.
405 1092 31 19 Sir
446 1091 86 19 Thomas
547 1089 40 19 and
596 1089 58 24 Lady
668 1087 132 20 Mcllwraith.

873 1156 6 4 '
907 1156 54 23 The

109 1183 110 24 Situated
232 1181 102 30 halfway
343 1180 110 23 between
463 1178 116 24 Rotorua,
591 1174 89 32 Taupo
691 1173 48 24 and
752 1170 125 26 Lichfield.

77 1216 102 33 starting
202 1216 67 31 place
288 1214 35 24 for
342 1212 41 23 the
394 1209 178 26 Aniwhaniwha
595 1207 75 26 Falls,
689 1207 41 23 the
755 1205 158 23 Orakei-kor
914 1207 5 6 1

78 1251 41 22 red
133 1249 46 23 and
193 1249 70 23 white
276 1247 125 25 Terraces,
416 1244 113 30 Geysers,
550 1241 71 24 Alum
645 1240 91 24 Caves,
754 1238 53 37 &c.,
822 1242 23 19 to
858 1237 60 23 whic
948 1242 5 7 '

78 1291 51 15 new
148 1282 46 24 and
215 1289 56 23 easy
296 1279 66 24 track
376 1279 19 22 is
414 1286 51 14 now
489 1274 146 31 completed.
671 1273 117 23 Distance
807 1279 55 15 nine
883 1270 41 22 mil
942 1270 11 13 s
956 1270 4 42 >

78 1320 51 19 lour
139 1315 24 24 of
175 1306 138 32 which'can
332 1313 32 22 be
383 1310 84 24 driven
489 1317 59 15 over
568 1308 18 23 if
604 1306 104 24 desired.
753 1305 51 23 Hot
824 1303 70 24 baths
913 1304 48 22 a™

78 1505 75 20 Guides
160 1504 40 20 and
208 1503 74 20 Saddle
290 1502 77 18 Horses
374 1498 98 27 supplied.
487 1498 48 19 Post
543 1497 40 18 and
591 1495 116 25 Telegraph
713 1494 60 19 Office
780 1500 25 12 on
812 1493 34 19 the
855 1491 104 26 premises.

510 1531 10 11 o

168 1556 40 20 For
217 1555 79 19 further
306 1552 130 21 information
450 1551 60 25 apply
524 1550 75 18 Messrs
609 1548 55 19 Cook
676 1547 39 19 and
725 1546 46 22 Son,
783 1545 84 25 Agents.

287 1620 54 44 C.
377 1614 370 50 CROWTHER,

372 1669 289 34 PROPRIETOR.

154 1787 145 59 Pure
353 1781 256 62 Jlepated
645 1780 239 66 Waters.

224 1916 43 20 One
283 1915 20 20 of
318 1915 34 19 the
363 1912 113 21 necessities
492 1912 19 19 of
521 1911 34 20 the
565 1910 80 26 coming
656 1909 76 20 Season
741 1906 41 22 will
793 1910 24 16 be

80 1968 28 26 A
133 1966 128 28 COOL
285 1963 105 29 AND
415 1959 349 30 REFRESHING
794 1955 171 28 DRINK

106 2009 137 21 Untiuctured
256 2008 25 24 by
291 2014 38 18 any
345 2005 127 20 IVleterious
483 2002 100 21 Chrtnical
593 2002 127 24 Compound.
761 2001 17 18 A
788 1999 61 19 drink
860 2004 20 14 at
889 2004 49 13 once

236 2039 244 32 Exhilarating
500 2037 69 27 and
588 2035 214 32 Refreshing,

82 2086 40 19 and
131 2085 65 20 which
206 2084 41 21 will
256 2089 62 21 prove
327 2089 12 12 a
348 2081 116 27 preventive
474 2081 21 18 of
508 2079 115 26 Dyspepsia
641 2078 41 19 and
698 2077 29 19 all
743 2075 92 21 Intornal
852 2075 113 20 Disorders.

106 2137 88 20 Aerated
205 2136 81 19 Waters
296 2135 40 19 and
343 2133 98 23 Cordials,
452 2131 122 26 comprising
584 2129 33 21 the
628 2130 74 20 Purest
717 2128 120 25 Lemonade,
858 2128 35 19 the
912 2127 55 19 Most

82 2164 102 19 Delicious
193 2162 77 26 Ginger
281 2162 43 23 Ale,
336 2159 163 26 Higly-charged
509 2158 53 19 Soda
572 2157 79 24 Water,

83 2257 12 12 a
103 2256 43 13 new
161 2248 148 26 Invigorating,
320 2245 147 20 non-alcoholic
480 2244 108 24 Beverage;
602 2243 58 20 Lime
680 2242 58 20 Juice
748 2240 85 24 Cordial,
844 2239 123 26 Raspberry,

82 2276 134 26 Peppermint,
229 2274 76 24 Cloves,
316 2273 51 20 Pine
377 2272 72 26 Apple,
461 2271 39 19 and
508 2270 76 19 Lemon
600 2269 77 26 Syrups
693 2268 41 20 and
748 2267 134 26 Sarsaparilla
898 2272 34 14 are
942 2265 25 20 all

342 2297 155 22 manufactured
511 2303 25 12 on
551 2296 33 19 the
600 2296 103 26 promises.

275 2351 115 22 Lemonade
400 2350 40 21 and
449 2350 76 26 Ginger
535 2349 44 24 Ale,
588 2350 72 25 quarts
670 2347 40 21 and
717 2347 61 27 pints.

207 2430 36 75 \
296 2427 65 76 A.
413 2423 339 91 CLARKE,
803 2423 85 75 dr.

101 2568 375 60 SEDDON'S
516 2567 213 52 LAKE
758 2566 209 50 VIEW

201 2637 137 26 Overlooking
347 2637 35 19 the
396 2637 35 23 Pa,
442 2636 81 26 Boiling
533 2634 85 27 Springs
633 2634 41 20 and
688 2633 91 21 Rotorua
787 2631 63 21 Lake.

163 2729 145 30 TERMS
322 2728 107 29 :—3os
441 2735 61 26 per
513 2726 107 33 week,
637 2733 40 21 or
696 2726 36 27 6s
744 2731 63 28 per
820 2724 75 33 day.

88 2785 133 37 Special
242 2783 270 34 Arrangements
536 2781 53 28 for
610 2789 21 20 a
652 2780 209 35 lengthened
887 2782 64 26 resi-

346 2818 105 27 dence
471 2816 69 27 and
556 2813 155 30 iamilies.

348 2884 169 23 CUISINE.—A
535 2882 172 21 SPECIALITY.

137 2937 123 22 References
278 2933 125 28 throughout
420 2933 51 20 New
485 2931 88 21 Zealand
585 2932 40 18 and
641 2931 35 20 the
690 2930 118 21 Australian
825 2929 93 22 Colonies

400 2961 52 19 from
461 2959 94 26 previous
569 2957 85 21 Visitors

87 3012 32 20 No
129 3013 53 19 touts
197 3010 105 27 employed
313 3011 20 18 at
348 3007 106 22 Auckland
468 3013 22 14 or
512 3006 91 20 Rotorua
617 3004 93 27 Railway
725 3004 87 21 Stations
826 3011 22 14 or
863 3004 104 22 Steamers.

320 3057 35 20 No
367 3058 36 18 ten
417 3061 36 21 per
467 3057 44 17 cent
525 3054 94 26 Coupons
633 3053 101 27 accepted.

121 3118 157 28 NOTE.—
279 3117 54 26 Ask
346 3117 37 24 for
394 3114 171 31 Seddon'S,
579 3113 49 24 and
640 3122 42 15 see
691 3121 47 24 you
751 3121 40 16 are
804 3112 42 25 left
859 3112 75 26 there.

112 3411 268 68 WHERE
424 3409 87 67 TO
572 3406 376 68 PURCHASE

471 3505 116 28 from:

191 3564 29 63 A
253 3560 424 69 WELL-ASSORTED
705 3560 163 65 STOCK

90 3674 162 45 Lamps
526 3673 3 55 I
537 3673 158 36 Cruets

322 3714 207 47 Brushes!
799 3716 167 37 Knives

92 3767 179 41 Trunks
539 3766 167 46 Spoons

381 3812 137 37 Locks
827 3809 139 37 Forks

91 3862 161 35 Eazors
539 3859 139 45 Trays

334 3905 184 45 Teapots
791 3902 175 37 Churns

195 3958 74 34 LAWN
292 3956 123 37 MOWERS,
438 3956 75 35 HOLS,
530 3956 91 36 RAKES,
642 3955 112 36 SPADES,
776 3954 90 37 FORKS,

137 4002 59 36 At
256 3999 182 44 Greatly
497 3998 203 35 Reduced
763 3997 157 36 Prices.

146 4144 87 28 (lourta
243 4142 51 27 chop
304 4138 249 28 fromWellssley-Street.
617 4142 51 26 304
682 4140 17 21 k
714 4137 48 30 306
772 4137 90 31 QUEfcN
873 4137 42 26 ST.

979 149 157 24 AMM
1145 150 109 22 Him
1277 151 26 21 Si
1321 149 18 24 ■

1075 308 13 26 I
1109 307 38 26 and
1165 307 112 27 VICTORIA
1299 307 34 27 ST.
1356 305 64 31 EAST,

1004 415 43 20 Tho
1062 416 64 19 above
1144 415 109 20 Favourite
1268 415 40 20 and
1319 413 90 22 Commod-

979 442 44 19 ious
1055 442 63 19 Hotel
1149 442 76 19 affords
1256 439 168 22 EXCELLENT

979 467 241 20 ACCOMMODATION
1233 468 33 19 for
1281 468 34 18 TO
1319 465 104 24 HEISTS,

979 494 181 19 TEAVELLEES
1189 495 15 18 &
1232 492 130 21 VISITOES
1379 491 46 20 who

979 519 41 20 will
1029 520 77 19 receive
1116 526 60 19 every
1191 519 91 21 Comfort
1298 519 41 19 and
1354 518 58 19 Atten-

979 546 49 18 tion.

1005 644 106 19 Excellent
1133 644 88 20 Cuisine.
1264 643 97 26 Spacious
1385 641 41 20 and

981 678 182 20 Well-Ventilated
1181 678 117 19 Bedrooms.

988 712 56 20 ioom
1055 713 49 19 with
1114 715 39 17 two
1163 713 105 19 first-class
1282 712 73 19 tables.
1383 711 44 18 Hot

980 811 16 18 &
1007 810 50 20 Cold
1070 810 81 25 Plunge
1161 811 15 19 &
1188 810 83 20 Shower
1280 810 72 20 Baths.

979 836 77 25 Wines,
1087 836 72 26 Spirits
1175 836 40 20 and
1230 837 49 19 Alec
1298 837 22 19 of
1338 837 34 19 tho
1381 836 45 19 best

1131 863 80 19 Brands
1219 863 54 25 only.

2342 421 81 26 Sample
2442 421 67 19 Room
2529 421 32 19 for
2571 416 192 24 COMMERCIAL

2316 459 182 20 TEAVELLEES
2522 457 101 22 available
2642 459 20 17 at
2673 456 27 20 all
2709 456 60 19 times

2343 560 91 25 Charges
2484 561 112 20 Moderate.
2655 560 116 21 SPECIAL

2334 599 73 19 ATES
2422 599 34 19 TO
2480 600 182 20 PERMANENT
2686 598 85 20 BOAE-

2449 857 206 46 Proprietor.

1114 955 636 60 WAIWERA
1861 954 778 77 SANATORIUM,

1825 1022 121 32 AND

1462 1067 169 74 HOT
1656 1067 352 75 SPRINGS
2089 1070 279 78 HOTEL

981 1170 87 33 Only
1096 1170 43 27 30
1170 1170 101 27 miles
1448 1169 36 26 of
1510 1168 193 31 Auckland,
1734 1167 88 27 with
1849 1167 96 33 daily
1977 1172 294 29 communication
2302 1176 86 27 with
2417 1177 113 27 Coach
2562 1185 39 19 or
2627 1177 150 27 steamer

1310 1211 55 20 See
1379 1210 166 20 advertised
1557 1210 83 20 Time
1656 1209 78 21 table
1746 1209 29 20 of
1784 1214 45 16 s.s.
1846 1209 78 21 Rose
1935 1210 98 27 Casey
2044 1212 57 20 and
2118 1212 130 24 Butler's
2258 1216 33 21 R.
2304 1217 38 21 M.
2361 1218 106 20 Coach.

1124 1255 5 11 k
1135 1246 91 20 ROVF.
1242 1245 299 24 F..START.TSHMENT
1550 1245 141 25 STANDS
1705 1245 233 24 UNRIVALLED
1952 1254 26 15 as
1995 1255 14 15 a
2020 1247 92 24 Health
2122 1257 27 15 or
2162 1250 112 31 pleasure
2286 1253 98 29 Resort,
2398 1254 48 23 and
2459 1254 43 23 has
2515 1262 78 22 spr--
2596 1254 5 12 1
2629 1262 9 4 ~
2644 1254 12 12 J
2709 1259 69 7 *—-

1348 1377 139 27 Beutifu
1489 1377 9 11 1
1521 1377 158 33 Scenery.
1719 1378 219 32 gea-Bfching,
1973 1379 161 35 Boating,
2154 1382 145 34 Fishing
2322 1384 47 27 &c

1534 1411 126 26 nusine
1673 1411 69 26 and
1755 1411 208 27 attendance
1983 1411 37 27 of
2040 1412 58 28 the
2120 1415 77 27 best

980 1452 93 24 Famed
1084 1452 37 25 for
1134 1452 30 24 its
1178 1452 111 24 curative
1301 1452 95 24 natural
1409 1452 103 23 medical
1527 1452 54 24 Hot
1593 1452 102 32 Springs
1708 1454 49 22 and
1771 1453 82 24 Baths.
1889 1453 38 24 As
1939 1453 41 24 the
1995 1454 100 33 Springs
2109 1457 47 23 and
2171 1458 75 24 Baths
2258 1467 41 15 are
2309 1459 42 24 the
2364 1465 114 26 prooerty
2491 1461 26 23 of
2529 1461 40 24 the
2584 1461 84 28 Hotel,
2681 1461 101 24 visitors

1012 1494 41 15 are
1063 1485 111 32 suoplied
1185 1486 56 23 with
1251 1485 106 28 Towels,
1371 1485 46 24 and
1431 1494 44 15 can
1484 1486 57 23 take
1550 1494 31 15 an
1595 1486 126 24 unlimited
1734 1487 103 23 number
1850 1486 25 24 of
1887 1486 75 24 Baths
1974 1492 25 18 at
2011 1496 46 22 any
2070 1489 59 24 time
2143 1491 26 23 of
2179 1491 40 24 the
2232 1492 47 30 day
2295 1492 78 27 FREE
2384 1493 64 24 from
2461 1502 46 20 any
2515 1494 89 28 charge
2616 1495 124 23 whatever

1166 1527 226 39 TARIFF
1410 1527 121 38 PEE,
1544 1527 143 47 DAY,
1708 1527 52 40 7s
1778 1529 67 45 8s;
1894 1529 120 38 PER
2030 1531 191 48 WEEK,
2244 1533 63 39 £1
2357 1534 78 40 15s
2453 1536 48 38 to
2528 1536 72 40 £2
2618 1538 67 38 2s.

1390 1582 159 32 Cottages
1562 1583 34 26 to
1611 1581 47 28 let
1670 1583 47 32 by
1730 1583 60 26 the
1807 1583 107 30 week,
1927 1583 130 33 month,
2072 1592 40 20 or
2131 1586 57 27 the
2208 1594 131 21 season.

979 1633 49 23 For
1045 1642 47 23 any
1105 1633 156 24 information
1274 1632 112 33 required
1400 1632 82 32 please
1494 1632 72 32 apply
1579 1637 25 19 to
1617 1632 146 32 Proprietor.

1538 1673 59 46 A.
1626 1674 53 39 A.
1708 1675 204 47 SMITH,
2034 1677 280 48 Proprietor.

1006 1861 72 21 Under
1093 1861 35 19 the
1144 1861 152 26 distinguished
1314 1861 118 25 Patronage
1449 1861 21 19 of
1486 1861 31 19 his
1527 1861 122 26 Excellency
1660 1861 35 20 the
1707 1861 107 21 Governor
1825 1861 36 20 the
1924 1861 10 19 f

1334 1887 50 20 Earl
1407 1887 22 19 of
1439 1887 88 20 Onslow.
1918 1886 49 24 'igk

1044 1950 140 66 HOT
1216 1948 302 68 SPRINGS
1567 1948 251 77 HOTEL,
1912 1909 55 132 |

1219 2045 39 28 T
1273 2044 40 29 e
1369 2044 96 28 KR
1479 2044 37 30 O
1535 2044 41 29 H
1594 2045 52 28 7*.

1053 2105 53 24 The
1119 2105 59 24 best
1202 2103 131 30 Situated,
1355 2103 46 25 the
1414 2105 67 22 most
1495 2103 187 31 Comfortable,
1696 2105 45 24 the
1755 2104 59 25 best
1924 2103 28 38 \^

1219 2137 141 31 appointed
1376 2137 78 24 Hotel
1463 2136 29 25 in
1504 2138 34 22 To
1557 2138 96 24 Aroha.
1948 2142 19 17 'v

1020 2176 110 31 Adjoins
1155 2174 75 33 (with
1254 2174 105 26 Private
1385 2174 141 33 Entrance)
1552 2176 46 24 the
1632 2176 121 24 Thermal
1775 2176 109 33 Springs

987 2209 121 26 Domain.
1119 2209 95 24 Tennis
1228 2208 84 25 Court
1321 2209 29 24 in
1362 2208 120 25 Domain.

988 2286 48 39 W.
1064 2284 41 42 H,
1134 2284 162 48 KJiOCK,,

1654 2286 207 44 Proprietor
1862 2296 7 12 3
1873 2317 7 9 .

2081 2262 98 25 ro.c.ir

1014 2371 41 20 The
1073 2371 60 19 baths
1152 2369 38 21 and
1211 2369 98 23 drinking;
1329 2373 63 15 water
1411 2374 34 14 are
1460 2369 111 25 especially
1590 2370 115 20 efficacious
1725 2371 20 19 in
1769 2371 58 20 Gout
1842 2371 38 19 and

987 2397 123 21 Rheumatic
1121 2396 115 24 affections,
1246 2395 90 21 Chronic
1344 2394 121 26 Dyspepsia,
1477 2396 109 19 Disorders
1606 2398 20 18 of
1637 2397 34 20 the
1682 2398 89 25 TJrinery
1795 2397 86 27 Organs,

988 2426 116 18 Cutaneous
1113 2425 100 22 Diseases,
1229 2422 81 26 Splenic
1320 2422 40 20 aud
1376 2422 87 26 Hepahc
1477 2423 115 24 Diuorders,
1614 2423 91 21 Diseases
1720 2427 37 17 duo
1766 2425 116 19 toExeusat

991 2451 87 26 Acidity,
1088 2450 118 26 Neuralgia,
1217 2450 96 20 Sciatica.

1110 2517 61 21 Town
1186 2517 49 21 Hall
1245 2517 40 21 and
1296 2517 80 25 Sample
1386 2516 78 20 Rooms
1479 2517 111 20 connected
1606 2518 43 20 jvith
1660 2518 35 20 the
1706 2518 69 25 Hotel,

1066 2596 51 22 New
1127 2595 87 22 Billiard
1222 2595 67 21 Room
1298 2594 50 22 with
1362 2601 38 13 one
1413 2594 20 20 of
1443 2594 107 22 Bennett's
1560 2595 52 22 New
1621 2595 88 21 Billiard
1719 2596 80 20 Tables.

2255 2722 179 46 Proprietors
2441 2747 19 7 ■-

2341 2773 66 26 PTI
2423 2773 3 26 I

2470 2778 96 52 .ERS
2606 2784 43 46 C
2716 2778 66 52 9

993 2757 879 64 GEYSERHOUSE,
1905 2755 38 87 \\

1035 2832 331 48 Hydropathic
1396 2831 154 43 Hotel,
1568 2832 259 40 Wairakei.
1914 2855 12 16 .«

1185 2882 36 20 Six
1231 2883 59 19 miles
1299 2884 53 19 from
1362 2883 56 19 Lake
1427 2883 71 25 Taupo
1508 2882 101 26 (Rotorua
1620 2883 59 25 side).
1905 2889 19 13 *-.
1936 2898 14 5 ».

1113 2924 221 32 SUPERIOR
1365 2923 385 32 ACCOMMODATION
1896 2912 271 34 WHOLESALE
2188 2916 183 39 AGENTS,

1181 2966 55 21 ALL
1245 2966 59 21 THE
1313 2966 143 21 COMFORTS
1467 2966 35 20 OF
1513 2967 17 19 A
1540 2966 81 20 HOME
1632 2967 55 20 FOII
2188 2958 51 38 L.
2268 2959 53 39 D.
2350 2960 265 42 NATHAN
2641 2966 114 40 &CO.

1221 3025 155 27 Tourists
1395 3024 68 27 and
1493 3023 165 30 Invalids.
2715 3032 9 7 ._
2726 3032 53 8 ZT==

990 3119 66 27 Hot
1077 3117 204 33 Swimming
1294 3115 120 34 Baths,
1429 3115 197 28 Kiri-o«Kai
1639 3122 41 21 or
1693 3116 83 27 New
1792 3116 83 27 Skin
1907 3094 165 44 IMJu
2118 3108 42 32 Vl
2181 3105 42 37 I\
2251 3094 41 51 /l
2314 3094 40 49 IN
2379 3094 41 51 ]J
2479 3094 49 52 li
2554 3094 35 53 (J
2620 3094 19 53 J
2672 3094 107 57 LL,

1039 3152 99 31 Bath,
1158 3152 72 26 Hot
1249 3149 140 29 Douche
1412 3149 116 34 Baths,
1544 3150 119 28 Grand
1678 3150 150 30 Climate.

1088 3189 314 33 Elevation—l,3so
1411 3188 69 28 feet
1493 3189 111 27 above
1616 3196 59 20 sea
1687 3188 97 28 level.
2268 3185 180 18 ***«#&*°«—

988 3267 256 30 COMPETENT
1262 3265 160 28 GUIDES
1434 3274 155 25 accompany
1601 3267 107 24 tourists
1718 3267 25 24 to
1752 3267 45 24 the
1810 3266 65 25 vari-

1087 3310 45 17 out;
1145 3302 85 32 places
1242 3302 27 23 of
1282 3301 115 30 interest,
1411 3300 87 24 which
1508 3300 73 24 baffle
1593 3300 46 25 the
1652 3302 65 23 most
1729 3300 77 24 facile
1816 3308 59 23 pen,
2122 3293 105 28 -A_T_T
2230 3293 101 29 o_K_
2336 3293 95 29 J_j_A_
2435 3295 122 29 _ln!ID.

1086 3335 51 26 and
1149 3343 46 17 can
1208 3335 60 32 only
1283 3335 30 24 be
1326 3334 109 25 realized
1446 3334 77 25 when
1541 3342 68 17 seen,
2317 3347 25 14 :o:

1928 3371 148 27 First-class
2086 3375 93 32 family
2192 3376 89 25 Hotel.
2321 3378 131 25 Situation
2470 3381 174 31 unsurpassed
2691 3383 87 25 Patro-

990 3432 191 27 QEYSER
1195 3431 195 26 VALLEY
1400 3432 93 21 contains
1501 3432 36 20 the
1545 3432 106 26 following
1660 3431 121 26 unequalled
1792 3430 83 20 Natura
1894 3409 73 25 nisod
1980 3409 13 50 h
2006 3409 12 50 7
2031 3409 25 50 th
2058 3420 14 16 «
2074 3412 22 24 ir
2109 3413 181 26 excellencies
2305 3415 45 25 the
2369 3416 133 25 Governor
2514 3418 52 23 and
2578 3418 125 26 Admiral.

1067 3459 257 25 wonder?:—Tuhuatahi,
1346 3467 21 12 or
1388 3460 65 19 Great
1472 3460 132 24 Champagne
1623 3458 117 24 Cauldron;
1757 3459 33 18 the
1809 3458 66 19 Groat
1956 3458 3 26 •
2310 3476 9 3 „
2321 3471 11 13 0

1066 3486 103 20 Wairakei
1179 3483 91 28 Geyser;
1280 3486 34 19 the
1326 3486 87 25 DoDkey
1423 3486 79 24 Engine
1510 3483 4 28 ;
1527 3485 34 20 the
1573 3484 83 21 Fairies'
1666 3484 51 19 Bath
1728 3493 5 16 ;
1743 3484 35 19 the
1789 3483 73 25 Lightn-

1067 3512 38 26 ing
1117 3513 45 19 Pool
1172 3510 4 28 ;
1188 3512 36 19 the
1233 3512 51 20 Case
1298 3512 25 19 de
1334 3512 83 26 Geyser,
1432 3518 22 14 or
1467 3511 101 26 Dragon's
1580 3511 69 20 mouth
1659 3510 4 28 ;
1675 3511 35 19 the
1719 3510 57 20 black
1788 3510 86 25 Geyser;

1067 3540 34 19 the
1110 3539 49 20 Mud
1172 3540 79 23 Geyser
1259 3537 4 27 ;
1282 3538 33 20 the
1327 3538 51 20 Blu*
1389 3538 54 20 Lake
1453 3537 4 27 ;
1466 3538 35 20 the
1521 3538 32 19 Oil
1567 3537 51 20 Bath
1628 3537 4 27 ;
1651 3538 35 19 the
1710 3537 77 25 Ehgle's
1807 3537 67 23 Nest;

1068 3566 35 20 the
1114 3564 76 21 Devil's
1203 3564 69 21 Punch
1286 3565 53 19 Bowl
1350 3563 3 27 ;
1365 3566 34 19 the
1411 3565 70 19 Prince
1496 3564 21 19 of
1529 3564 75 19 Wales'
1615 3564 111 23 Feathers;
1734 3567 33 16 tue
1785 3563 89 24 Mirror;

1068 3592 33 21 the
1110 3592 55 19 Twin
1176 3592 78 25 Geyser
1265 3589 3 28 ;
1280 3591 35 19 the
1326 3592 57 19 Coral
1395 3592 77 25 Geyser
1482 3599 5 16 ;
1499 3590 34 21 (he
1544 3590 66 20 Green
1626 3589 62 28 Pool;
1708 3589 132 25 Terekerehe,
1852 3597 22 13 or

1067 3618 48 21 Hell
1127 3618 78 21 Geyser
1213 3615 3 28 •
1230 3617 33 20 the
1273 3618 14 18 8
1299 3624 44 13 earn
1355 3618 101 20 Hammer.
1484 3616 86 21 Guide's
1581 3617 31 20 fee
1623 3618 21 19 to
1656 3617 78 26 Geyser
1753 3615 80 26 Valley,
1844 3618 28 23 ss;

1068 3646 91 19 distance
1169 3644 52 20 from
1232 3644 34 19 the
1277 3644 61 24 hotel,
1348 3651 38 13 oud
1397 3643 51 21 mile.

1425 3677 24 14 so:

990 3697 95 26 THE
1105 3695 336 26 AREATEATEA
1473 3704 21 12 or
1507 3697 79 19 Ladder
1597 3696 83 25 Rapids.
1709 3696 41 20 The
1767 3697 106 20 Grandest

1067 3724 77 23 Bapids
1156 3723 19 19 in
1186 3723 35 19 the
1232 3722 101 21 Southern
1346 3723 135 25 Hemisphere
1490 3722 4 26 ;
1504 3722 74 26 falling
1588 3723 21 19 in
1629 3723 30 19 six
1677 3723 85 19 distinct
1779 3723 93 20 cascades

2006 3497 146 33 Telegrams
2175 3499 51 25 and
2249 3500 90 25 letters
2348 3503 132 31 promptly
2491 3504 123 25 attended
2627 3507 34 23 to.

1965 3580 89 40 MRS
2083 3581 272 49 GALLAGHER,
2387 3585 283 51 Proprietress.

2163 3708 347 30 THURHNGH

1705 3756 9 12 6
1734 3749 61 25 hotel,
1815 3749 57 22 three
1893 3741 80 41 Sniiltl
2002 3742 49 40 and
2069 3742 82 40 Carria
2154 3748 14 45 £
2171 3754 12 28 e
2206 3743 93 41 Works
2303 3774 7 15 '
2342 3744 79 40 Coacll
2448 3745 48 39 and
2528 3745 29 40 w
2559 3751 61 46 #
2623 3758 14 29 n
2672 3747 104 53 Factory

1270 3818 21 17 *i
1490 3810 13 26 T
1503 3810 16 17 7
1574 3824 37 12 a*
1865 3824 7 12 t
2097 3805 213 21 ESTABLISHED
2326 3806 80 20 OVER
2424 3806 25 21 10
2465 3806 106 23 YEARS.

990 3825 218 25 KERAPITI
1237 3829 23 14 or
1269 3825 37 18 the
1315 3825 59 18 Devu
1383 3830 15 13 8.
1402 3825 97 24 Trumpet
1508 3825 17 19 is
1542 3825 42 18 said
1604 3826 21 17 to
1646 3828 51 16 emit
1715 3831 12 12 a
1748 3831 93 18 pressure
1851 3825 21 19 of
2284 3834 9 8 =

1066 3851 45 20 1801
1115 3851 21 18 bs
1147 3850 21 21 of
1183 3853 63 16 steam
1258 3852 21 17 to
1289 3850 35 19 the
1331 3849 52 23 inch,
1399 3850 51 19 from
1461 3856 25 13 an
1501 3852 98 22 aperture
1607 3850 21 20 of
1648 3851 64 19 about
1731 3851 24 18 12
1771 3850 69 21 inches
1851 3851 19 20 in
1911 3851 36 16 The
1956 3851 115 21 undersigned
2080 3856 28 13 are
2116 3852 140 17 manufacturers
2263 3853 19 16 of
2289 3849 4 25 i

1066 3878 103 19 diameter.
1197 3876 99 20 Distance
1308 3876 52 19 frooi
1371 3876 55 19 hotel
1433 3876 57 20 three
1501 3879 38 16 and
1552 3884 12 13 a
1575 3876 41 20 half
1627 3877 55 20 miles
1690 3870 4 30 ;
1715 3877 70 20 saddle
1802 3877 69 20 horses
1912 3872 36 17 Our
1955 3872 112 17 well-known
2074 3873 101 20 reputation
2182 3879 19 11 as
2208 3873 85 18 Praotioal
2308 3874 101 18 Moohunioa
2425 3875 33 17 and
2474 3876 57 17 W.T'a
2543 3878 20 16 27
2580 3883 50 15 years

1065 3906 21 15 to
1098 3904 47 17 visit
1155 3902 33 19 the
1199 3903 62 18 above
1280 3903 56 18 2s(id
1346 3902 47 19 each
1891 3893 28 18 the
1923 3893 118 18 Australasian
2049 3893 85 22 Ooioniw,
2143 3895 65 21 justify
2215 3900 20 11 us
2242 3895 19 17 in
2279 3895 83 22 olaimiogr
2373 3897 38 17 that
2429 3902 22 11 wo
2469 3902 31 12 oan
2515 3898 68 17 furnish
2600 3904 9 12 a
2627 3900 54 16 botte-
2696 3900 44 17 clhss
2760 3902 17 16 of

1065 3910 20 13 lo
1098 3910 47 13 visit
1155 3910 33 13 ine
1199 3910 68 17 aoove,
1280 3910 56 13 «oa
1346 3910 54 12 eatn.
1890 3915 73 15 vehicles
1971 3914 95 17 oonsistens
2075 3914 41 18 with
2126 3915 61 18 honest
2195 3917 46 15 work
2251 3918 17 15 at
2277 3922 10 11 a
2296 3918 73 20 cheaper
2382 3921 36 13 rato
2428 3918 40 17 than
2478 3923 34 17 any
2521 3919 18 17 of
2548 3924 32 13 our
2588 3921 110 19 competitors

1397 3934 52 14 ALSO
1621 3956 5 5 ,
1910 3936 37 17 Tht
1954 3936 61 16 Public
2024 3936 32 16 will
2070 3937 35 15 find
2114 3937 14 15 it
2139 3939 18 13 to
2171 3937 44 16 their
2231 3937 98 22 advantage
2345 3940 17 14 to
2378 3939 150 17 ENCOURAGE
2547 3941 80 17 LOCAL
2645 3942 125 19 INDUSTkT

1104 3954 132 26 HUKA
1256 3954 168 31 FALLS,
1442 3954 35 21 the
1484 3954 116 28 (Grandest
1609 3955 57 22 Fttllß
1675 3961 21 15 in
1717 3956 33 18 the
1770 3955 100 20 Southern
1891 3957 55 20 where
1952 3957 42 22 they
2011 3963 31 10 can
2050 3957 44 16 have
2100 3958 29 16 the
2134 3958 105 21 pleasured
2247 3959 60 21 Boeing
2320 3960 92 17 first-clans
2429 3961 78 16 material
2518 3962 36 16 an>i
2570 3963 125 22 workmanship
2712 3967 31 18 put
2760 3965 16 16 in

1066 3987 139 23 Hemisphere.
1233 3986 42 19 The
1287 3985 54 20 Falls
1353 3992 43 19 may
1413 3987 22 18 be
1444 3985 72 20 visited
1525 3991 25 14 on
1559 3985 35 20 the
1604 3993 54 13 Bame
1665 3987 114 24 expedition
1794 3993 20 13 as
1836 3987 35 20 the
1910 3983 41 28 «%'
2210 3984 8 12 8
2220 3977 3 34 '
2287 3977 3 34 •
2313 4001 8 10 a
2362 3977 4 34 ,
2510 4004 9 7 ,
2554 4004 8 7 ,
2603 3987 8 24 ',

1066 4013 19 8 t.
1113 4013 19 5 ...
1150 4013 15 8 ,n
1240 4003 4 18 ,
1284 4011 24 10 t-.-
1322 4015 7 6 i
1390 4011 9 10 £
1424 4018 16 3 __
1453 4011 52 10 lj.i
1516 4011 22 10 ii
1611 4012 9 9 j
1655 4013 10 8 i_
1682 4003 17 18 li
1729 4012 11 9 m
1797 4014 12 7 o
1832 4013 25 8 mi
1911 4003 44 15 JN.iJ.
1958 4009 20 2 —
1982 4003 75 13 Vehicles
2065 4003 16 13 ol
2089 4003 23 13 all
2121 4003 113 18 descriptions
2244 4003 84 18 repaired,
2339 4003 77 18 painted,
2427 4004 94 16 ronovalod
2530 4005 32 16 and
2573 4005 49 16 mado
2637 4007 18 14 to
2670 4006 39 15 look
2726 4008 50 13 f.niiul

1066 4013 78 18 Devil's
1150 4013 104 18 Trumnet.
1284 4013 95 18 Distance
1390 4013 51 18 trom
1453 4013 53 18 hotel
1516 4013 60 18 three
1583 4013 40 18 and
1633 4013 65 18 ahat
1710 4019 24 12 mi
1743 4019 27 12 oh.
1796 4013 74 18 Saddle
1889 4020 18 11 *„
1915 4026 37 5 „-.,.,
2262 4013 11 11 *
2323 4014 5 10 '
2412 4013 4 18 '
2553 4013 11 9 u
2571 4013 52 18 rrr"'
2637 4013 18 10 m
2669 4013 40 11 IQOK
2726 4013 17 11 tc
2743 4013 34 16 l«w

1066 4013 77 20 Devil's
1150 4013 104 25 Trumpet.
1284 4011 96 20 Distance
1390 4011 51 20 from
1453 4012 53 19 hotel
1516 4011 60 21 three
1583 4012 40 20 and
1633 4020 12 12 a
1655 4013 44 19 half
1710 4013 31 19 mil

1067 4039 58 20 horse
1142 4045 22 13 or
1173 4039 69 25 buggy
1317 4038 54 20 each.

1120 4078 87 27 MRS
1221 4077 38 28 R,
1278 4076 193 35 GRAHAM,
1491 4076 242 35 Proprietress.

1889 4068 200 28 WILLIAM
2108 4069 185 33 PARKER,
2315 4071 251 29 Coachbuilder

2241 4107 146 28 JAMES
2406 4110 132 32 HAUA,
2560 4111 215 33 Blraksmith.

2189 4139 149 22 DBVONJfOfiX
2350 4141 74 24 ROAD,
2439 4142 146 23 TAUJUNGH,
2602 4132 45 35 1»

2841 866 160 53 Steele
3040 866 136 53 Bros.

2796 953 194 42 MARAEROA
3046 953 173 44 SAWMILL.

2939 1016 21 15 to
2970 1011 62 20 thank
3052 1013 35 18 the
3105 1013 69 25 public
3192 1015 30 19 for

2803 1034 10 24 I
2828 1034 15 24 J
2874 1041 46 23 past
2928 1039 68 18 favors
3003 1039 40 19 aud
3051 1039 37 24 beg
3096 1042 19 16 to
3122 1046 101 15 announce

2794 1067 45 17 that
2856 1065 75 24 Laving
2950 1072 11 12 a
2984 1065 56 25 large
3058 1065 58 19 st;,ck
3135 1066 21 18 of
3175 1068 39 18 well-

2794 1092 95 19 seasoned
2911 1091 106 19 first-class
3035 1091 74 19 timber
3128 1098 23 13 on
3173 1093 49 20 hand

2795 1118 48 26 they
2854 1125 32 12 are
2898 1117 97 26 prepared
3014 1123 20 13 to
3051 1117 53 20 fulfil
3122 1119 68 19 orders
3203 1124 17 16 at

2796 1145 86 19 reduced
2892 1147 60 17 rates.

2811 1262 162 20 BARRISTER
2988 1262 60 20 AND
3060 1262 153 26 SOLIOIL'OR,

2811 1296 44 23 113,
2867 1294 109 21 Victoeia
2987 1294 93 24 Ahca.de,
3093 1295 122 22 Auckland.

2988 1329 58 20 Also

2799 1360 104 20 Barrister
2912 1360 40 19 and
2963 1359 92 20 Solicitor
3066 1360 22 19 of
3095 1362 33 18 the
3135 1361 93 25 Supreme

2879 1386 70 23 Court,
2961 1387 92 24 Ontario,
3065 1387 87 19 CaDada.

2804 1456 274 45 PHOENIX
3100 1458 128 45 FIRE

2905 1512 223 44 OFFICE.

2804 1617 81 20 Losses
2909 1616 55 20 Paid
3097 1617 134 25 £20,000,000

2803 1670 55 19 Fibe
2867 1670 106 19 Peemium
2983 1668 99 21 Exceeds
3124 1670 35 26 1,5'
3166 1674 31 16 in
3208 1673 23 19 on

2803 1724 163 19 Accumulated
3013 1722 73 20 Fund?,

2802 1749 89 20 Exceed
3123 1750 106 21 £IOOOOOO

2802 1801 25 22 W.
2843 1802 59 21 WARD
2911 1801 66 22 BAKER
3037 1801 25 23 W.
3078 1802 17 22 A.
3109 1802 100 24 WILLIAMS

2838 1827 71 22 District
2917 1827 77 25 Manager
3069 1827 50 22 Local
3132 1829 51 24 Agent

2893 1851 96 22 Auckland.
3115 1853 77 24 Rotorua,

2804 1916 165 43 ROTOROA
2978 1916 175 58 jIAWMILL
3180 1917 48 42 CO,

2809 1996 132 26 IT/HITE
2950 1995 61 20 AND
3022 1996 56 19 RED
3088 1996 68 19 PINE
3166 1996 21 20 of
3201 1996 29 20 the

2814 2015 39 29 VV
2903 2023 60 19 finest
2982 2022 78 26 quality
3078 2022 41 20 and
3136 2023 94 25 carefully

2800 2051 41 19 cut.

2989 2074 54 20 Also

2801 2107 89 23 Matai,
2920 2107 128 26 Pukatea,
3080 2106 51 22 and
3156 2107 74 22 Tawa

2828 2135 134 25 Shingles,
2974 2133 117 26 Palings,
3107 2133 87 23 Block

2941 2161 51 21 and
3016 2160 82 22 Posts.

2825 2204 19 19 A
2858 2204 54 26 good
2922 2204 40 19 and
2971 2203 91 20 assorted
3075 2203 74 26 supply
3159 2204 70 26 always

2799 2237 27 13 on
2836 2230 55 20 band
2903 2232 21 18 at
2933 2230 34 20 the
2977 2230 82 19 Timber
3069 2230 63 25 Yard,

2945 2262 139 20 ROTORUA.

2797 2312 164 27 N.B.—Special
2969 2318 45 13 care
3023 2311 63 20 taken
3102 2312 22 19 in
3140 2311 35 20 the
3192 2319 28 12 sea-

2981 2338 79 25 soning.

2812 2386 99 22 PRICES
2926 2386 36 21 AT
2977 2385 133 21 CURRENT
3124 2385 94 21 RATES.

2850 2447 32 20 W.
2898 2445 154 25 HENSHAW,
3074 2445 111 20 Manager.

2849 2511 164 37 Rotorua
3027 2509 162 45 Library.

2801 2578 114 47 OPEN
2929 2577 54 20 from
2994 2578 23 19 10
3030 2584 44 13 a.m.
3083 2578 22 19 to
3115 2578 12 19 5
3135 2584 45 19 p.m.
3192 2577 36 20 aud

2860 2606 47 19 6.30
2915 2608 20 16 to
2945 2606 24 18 10
2978 2611 14 20 p.
2999 2611 23 13 m.
3035 2604 93 25 Sundays
3137 2604 32 19 till
3176 2606 52 24 9p.m

2801 2636 192 22 Subscription:
3002 2636 52 17 20s
3066 2640 50 18 per
3127 2640 98 14 annum

2825 2668 88 20 Visitors
2933 2674 45 17 may
2996 2674 85 19 procure
3096 2667 68 19 Books
3179 2667 50 19 from

2799 2695 35 19 the
2851 2695 87 24 Library
2955 2700 25 13 on
2996 2693 82 26 making
3095 2700 12 13 a
3121 2693 79 25 deposit
3210 2694 19 18 of

2800 2723 37 18 not
2851 2721 40 19 lesß
2909 2720 50 20 than
2976 2721 28 23 sa,
3021 2720 41 20 and
3077 2719 121 27 purchasing
3208 2722 19 18 Is

2800 2754 80 18 coupon
2889 2747 33 19 for
2931 2753 61 19 every
3003 2747 55 19 Four
3068 2746 70 20 books.

2826 2774 43 20 The
2887 2773 88 26 Library
2992 2772 18 21 is
3033 2779 52 20 open
3108 2774 72 25 during
3199 2773 31 21 the

2801 2801 92 25 evening.

2823 2860 68 42 ivr
2916 2860 50 40 w
2997 2860 42 39 j.
3064 2860 38 38 n
3105 2860 73 17 apier
3179 2860 3 42 '

2851 2907 152 19 BARRISTER
3014 2907 17 19 &
3039 2907 142 20 SOLICITOR.

2801 2938 146 18 Commissioner
2956 2938 19 18 of
2983 2938 31 17 the
3031 2938 89 20 Supreme
3136 2938 59 18 Court
3208 2938 19 18 of

2993 2961 55 23 Fiji.)

2801 2984 87 19 Solicitor
2900 2985 20 18 to
2929 2984 32 19 the
2968 2985 25 18 N.
3003 2984 20 19 Z.
3034 2985 127 18 Government
3175 2985 54 18 under

2908 3008 96 18 Advances
3013 3010 20 16 to
3041 3008 76 18 Settlers

2801 3044 98 18 Victoeia
2907 3045 89 22 Ascade,
3004 3045 115 21 Queen-st.,
3128 3044 101 18 Aucklanu,

2823 3080 71 22 Money
2902 3082 19 15 to
2930 3079 12 18 I
2947 3080 35 17 end
2990 3085 25 12 on
3024 3079 83 19 freehold
3120 3081 80 23 security
3213 3085 16 12 at

2799 3103 37 18 low
2845 3105 49 16 rates
2899 3103 20 18 of
2922 3104 82 17 interest.
3031 3104 70 22 Money
3110 3104 86 18 invested
3203 3104 26 17 for

2799 3127 68 18 olient3
2876 3126 39 18 free
2924 3126 20 19 of
2954 3127 73 22 charge.

2851 3179 30 27 J.
2896 3178 52 34 W,
2960 3178 217 34 WRIGLEY,

2802 3220 426 25 ARCHITECT,

2942 3254 145 22 ROTORUA.

2825 3288 68 25 Agent
2900 3286 34 21 for
2945 3286 33 21 the
2989 3287 64 20 South
3068 3288 77 21 British
3155 3289 47 21 Fire
3215 3290 14 19 &

2800 3314 81 20 Marine
2892 3314 112 19 Insurance
3014 3314 110 27 Company.

2857 3394 73 21 Whan
2944 3396 22 19 in
2980 3394 125 23 Auckland
3114 3396 59 22 Visit

2874 3427 31 28 E,
2927 3427 228 29 SPENCER'S

2839 3466 142 26 CURIO
3004 3467 185 33 DEPOT,

2886 3496 35 22 (On
2933 3496 59 19 Queen
3001 3497 55 17 Street
3066 3497 76 23 Wharf.)

2839 3540 40 20 For
2889 3539 28 20 all
2926 3539 61 21 kinds
2997 3540 21 20 of
3034 3540 52 21 New
3096 3541 93 21 Zealand

2874 3566 72 20 Curios
2956 3566 39 20 and
3009 3566 140 21 Greenstones.

2820 3645 71 47 W.
2916 3645 288 57 THOMAS,

2822 3709 254 23 M«XUME\TAL
3086 3711 118 23 M.4NON

2843 3750 139 22 VICTORIA
2993 3751 103 22 STREET
3107 3753 73 25 EAST,

2926 3793 170 21 AUCKLAND.

2829 3845 93 26 Orders
2943 3846 28 25 in
2992 3847 108 26 Marble.
3121 3846 106 28 Granite

2795 3879 50 23 and
2855 3880 86 27 Stone,
2952 3880 131 33 promptly
3092 3881 50 24 and
3150 3882 65 24 faith-

2795 3912 68 33 fully
2876 3913 132 26 executed.

2824 3972 110 33 Designs
2947 3972 49 24 and
3009 3973 81 31 prices
3100 3974 54 24 free
3167 3982 34 18 on

2928 4005 164 32 application.
