3330 4350
995 2641 56 23 THE
1073 2640 53 24 HOT
1162 2640 88 24 LAKES
1268 2640 159 24 CHRONICLE

1183 2677 57 13 AND

1097 2706 108 21 Tourists'
1223 2706 101 24 Journal.

1016 2761 171 20 WEDNESDAY,
1202 2761 117 18 OCTOBER
1326 2761 16 20 9,
1353 2762 51 16 1895.

994 2810 57 19 Some
1060 2810 120 26 interesting
1187 2812 132 18 information
1330 2817 96 13 concern--

994 2837 35 24 ing
1044 2836 35 19 the
1096 2836 58 19 lands
1169 2836 114 26 purchasod
1300 2836 41 19 and
1359 2836 68 19 leased

994 2863 52 18 from
1060 2862 80 19 natives
1156 2863 21 18 in
1192 2863 42 18 this
1249 2862 79 19 district
1345 2862 17 19 is
1380 2869 37 12 con-

994 2888 69 19 tained
1072 2888 21 19 in
1109 2895 12 12 a
1138 2888 162 25 Parliamentary
1315 2894 64 19 paper
1395 2895 22 12 re-

994 2914 66 24 cently
1068 2914 74 19 issued.
1155 2914 44 20 The
1205 2914 116 25 operations
1328 2914 21 19 in
1361 2914 64 19 which

995 2940 64 19 MrR.
1070 2939 21 20 J.
1107 2941 47 23 Gill,
1172 2941 67 19 native
1260 2940 49 19 land
1326 2940 99 25 purchase

994 2968 68 22 agent,
1086 2966 36 19 has
1141 2967 50 19 been
1213 2966 111 19 concerned
1350 2966 77 25 during

995 2993 33 18 the
1041 2994 43 23 past
1094 2993 72 19 twelve
1181 2992 80 19 months
1280 2998 34 13 are
1330 2991 53 25 fully
1399 2994 29 16 set

995 3021 35 15 out
1040 3017 40 19 and
1091 3019 16 17 it
1117 3025 45 18 may
1173 3018 26 19 be
1211 3024 12 13 a
1232 3018 89 25 surprise
1334 3021 20 15 to
1368 3024 60 18 many

995 3044 21 18 of
1025 3050 39 12 our
1073 3045 81 18 readers
1166 3050 19 13 to
1194 3044 60 19 know
1265 3044 45 18 that
1326 3043 21 19 in
1362 3044 67 18 round

995 3069 96 19 numbers
1108 3072 84 22 100,000
1209 3076 55 12 acres
1281 3070 21 18 of
1318 3069 48 19 land
1376 3069 52 19 have

995 3095 51 20 been
1056 3096 55 19 dealt
1121 3096 48 19 with
1180 3096 27 25 by
1213 3096 45 19 that
1273 3095 66 20 officer
1353 3095 76 26 during

995 3121 33 20 the
1047 3121 70 25 period
1142 3121 80 20 named.
1259 3121 43 20 The
1321 3123 69 18 return
1411 3121 18 19 is

995 3155 48 17 very
1054 3148 82 25 explicit
1153 3148 21 19 in
1187 3154 60 18 every
1264 3148 63 19 detail
1342 3147 40 19 and
1397 3147 32 19 for

995 3174 34 19 the
1039 3174 48 19 sake
1095 3174 22 18 of
1127 3174 58 19 those
1196 3174 22 18 of
1233 3180 37 12 our
1284 3173 81 19 readers
1383 3174 45 18 who

995 3200 47 18 look
1055 3206 55 18 upon
1119 3199 101 26 anything
1237 3200 21 18 in
1277 3200 35 18 the
1328 3199 63 25 shape
1408 3200 21 18 of

996 3231 26 13 an
1041 3225 73 20 official
1128 3225 108 20 document
1255 3225 50 19 with
1321 3231 12 13 a
1352 3224 77 26 feeling

996 3252 110 18 somewhat
1116 3251 49 19 akin
1177 3254 21 16 to
1208 3251 93 19 aversion
1317 3257 29 12 we
1365 3250 60 19 make

996 3277 34 18 the
1040 3277 105 25 following
1155 3278 66 24 digest
1232 3278 21 18 of
1269 3277 35 18 the
1312 3277 76 25 figures
1396 3283 33 12 :

997 3303 24 19 In
1040 3303 49 19 Part
1109 3303 15 23 I,
1136 3303 66 19 which
1220 3303 57 19 deals
1296 3303 49 19 with
1365 3302 59 19 lands

996 3329 72 24 finally
1079 3329 96 25 acquired
1185 3329 26 24 by
1221 3329 35 19 the
1262 3329 78 23 Crown,
1348 3335 29 12 we
1386 3329 41 18 find

996 3355 45 18 that
1051 3355 21 19 in
1087 3356 34 18 the
1140 3355 80 19 district
1236 3355 66 19 which
1320 3354 109 24 comprises

997 3380 96 24 Rotorua,
1117 3381 77 24 Tfiupo,
1220 3382 39 21 &c,
1284 3381 70 22 35,734
1374 3386 55 12 acres

997 3407 50 18 have
1058 3407 52 19 been
1119 3407 55 19 dealt
1181 3407 54 22 with,
1247 3407 21 18 of
1281 3406 65 19 which
1358 3407 69 22 14,887

996 3439 55 12 acres
1061 3439 51 13 were
1121 3432 117 25 negotiated
1249 3432 74 24 during
1337 3431 34 19 the
1388 3431 39 19 last

996 3458 94 19 financial
1100 3464 55 18 yoar,
1164 3458 52 18 from
1233 3460 28 16 Ist
1270 3457 57 25 April
1341 3458 46 18 1891
1408 3460 20 16 to

997 3486 44 16 3lst
1052 3484 71 19 March
1133 3485 57 18 1895.
1211 3483 59 19 With
1279 3483 35 19 the
1323 3483 105 25 exception

996 3510 21 19 of
1029 3511 36 18 116
1076 3516 54 13 acres
1140 3512 21 17 at
1170 3511 22 17 5s
1201 3516 36 18 per
1247 3515 45 13 acre
1309 3508 41 19 and
1368 3510 59 22 6,400

997 3538 20 17 at
1028 3537 22 17 2s
1060 3536 31 23 6d,
1104 3536 34 18 the
1153 3535 65 20 whole
1228 3536 20 17 of
1265 3535 41 18 this
1322 3534 49 19 land
1388 3541 40 12 was

996 3561 114 25 purchased
1123 3563 22 18 at
1162 3563 22 17 2s
1199 3567 36 19 per
1252 3567 51 16 acre,
1320 3566 23 12 or
1361 3560 32 19 for
1402 3567 25 12 an

997 3589 111 23 aggregate
1126 3593 44 12 sum
1185 3588 22 17 of
1225 3586 76 23 £1,509
1322 3587 21 17 8s
1358 3585 32 24 4d,
1407 3587 22 18 of

996 3613 66 18 which
1073 3613 55 19 £SBB
1140 3614 35 17 12s
1185 3612 26 19 7d
1220 3617 40 14 was
1270 3612 47 24 paid
1326 3618 47 12 over
1381 3612 35 19 dur-

997 3638 36 25 ing
1042 3638 35 19 the
1087 3639 40 18 last
1135 3638 95 19 financial
1248 3643 49 18 year
1314 3637 40 19 and
1371 3638 56 19 £ll2

999 3665 33 18 198
1042 3664 37 19 lOd
1088 3664 52 18 from
1153 3666 28 16 Ist
1191 3663 58 25 April
1260 3666 20 16 to
1295 3665 26 17 Ist
1336 3663 54 19 June
1404 3671 21 11 in

997 3690 34 18 the
1051 3692 80 16 current
1152 3696 55 17 year.
1242 3688 51 19 Part
1312 3689 28 22 11,
1362 3689 65 19 which

997 3715 56 19 deals
1063 3715 49 19 with
1122 3714 59 20 lands
1189 3714 97 25 partially
1295 3715 95 24 acquired
1406 3716 21 18 in

997 3741 34 19 the
1041 3747 54 13 same
1106 3741 82 22 district,
1206 3740 66 19 shows
1280 3740 43 19 that
1335 3744 35 15 out
1379 3741 22 18 of
1415 3748 11 12 a

997 3766 50 19 total
1065 3772 47 13 area
1128 3766 22 18 of
1169 3767 85 22 423,242
1274 3772 60 17 acres,
1355 3768 71 21 57,740

996 3798 56 13 acres
1070 3798 52 12 were
1139 3791 95 25 acquired
1257 3794 20 16 to
1293 3794 44 16 31st
1356 3792 71 19 March

999 3819 49 17 1894
1056 3817 40 19 and
1103 3818 73 22 98,183
1184 3817 75 25 during
1266 3817 21 26 th
1298 3817 11 26 9
1320 3817 107 26 succeeding

996 3843 73 19 twelve
1079 3843 87 18 months.
1195 3843 26 19 Of
1234 3843 40 19 this
1288 3843 49 20 land
1354 3850 12 13 a
1381 3850 33 19 por-

996 3869 43 18 tion
1056 3875 42 13 was
1113 3868 114 25 purchased
1243 3871 21 17 at
1282 3876 11 12 a
1310 3876 48 18 very
1375 3870 52 25 high

996 3894 62 24 price,
1068 3894 84 24 notably
1163 3894 34 19 the
1214 3894 71 20 blocks
1301 3897 21 17 at
1335 3895 75 20 Whaka-

995 3926 113 17 rewarewa,
1115 3921 36 18 215
1159 3927 54 12 acres
1218 3920 56 20 there
1282 3922 143 24 bringing£lo

995 3951 37 19 per
1045 3952 51 17 acre,
1107 3946 40 19 and
1157 3946 35 19 the
1205 3946 58 19 lands
1279 3950 21 16 at
1310 3947 28 18 To
1346 3948 79 24 Tuporo

995 3977 51 13 near
1055 3972 34 18 the
1099 3971 34 19 old
1141 3972 68 19 native
1219 3973 74 23 school,
1314 3973 65 19 where
1395 3973 32 18 for

996 3998 24 17 60
1035 4003 56 13 acres
1106 3998 30 19 £3
1154 3998 34 19 16s
1204 4004 35 19 per
1255 4005 44 12 acre
1315 4005 40 12 was
1372 3998 53 25 paid.

995 4022 60 20 With
1065 4023 35 19 the
1110 4024 106 25 exception
1225 4024 22 19 of
1255 4026 10 16 9
1276 4031 55 12 acres
1345 4027 21 16 at
1385 4024 27 19 Ka-

996 4054 53 13 vewa
1058 4050 21 17 at
1088 4049 29 19 £3
1128 4050 40 18 and
1180 4052 7 16 1
1200 4056 44 13 acre
1255 4053 20 16 at
1289 4050 105 18 Motuotau
1405 4054 21 14 at

997 4073 29 19 £2
1039 4075 34 18 10s
1089 4075 35 19 the
1140 4075 64 19 whole
1220 4076 21 18 of
1260 4076 35 18 the
1312 4075 115 19 remainder

997 4106 40 12 was
1047 4100 96 20 obtained
1153 4103 22 17 at
1187 4101 52 19 from
1251 4103 21 17 Is
1282 4101 26 19 6d
1326 4103 21 17 to
1362 4103 23 17 7s
1401 4101 26 19 6d

996 4131 36 19 per
1042 4132 51 12 acre.
1105 4126 40 19 For
1155 4126 41 19 this
1206 4126 48 20 land
1260 4133 12 12 a
1282 4127 50 18 total
1342 4129 82 17 amount

997 4151 21 19 of
1027 4151 88 25 £32,044
1128 4154 34 18 16s
1173 4151 37 20 lOd
1221 4153 35 18 has
1272 4152 51 20 been
1339 4152 48 25 paid
1404 4158 23 13 or

1453 156 91 20 £18.715
1556 156 22 17 7s
1589 154 26 18 9il
1625 155 93 24 previous
1727 159 20 15 to
1759 157 44 16 31st
1814 154 70 20 March

1455 183 47 17 1394
1514 180 40 19 and
1571 180 90 22 £10,020
1681 183 23 16 3s
1724 180 25 19 Id
1768 181 54 18 since
1841 181 45 18 that

1452 207 53 19 date.
1533 206 29 19 To
1573 207 118 18 summarise
1702 206 41 19 this
1752 206 42 19 still
1807 207 80 18 further

1454 240 28 11 we
1491 233 42 18 find
1545 232 44 18 tiiiit
1599 231 75 23 during
1683 233 34 18 the
1724 231 72 20 twelve
1804 233 83 18 mouths

1453 258 121 26 proceeding
1587 259 29 18 Ist
1632 258 59 24 April
1705 258 39 19 last
1761 258 68 24 Judge
1846 258 41 19 Gill

1453 285 40 18 had
1503 284 113 24 completed
1626 284 35 18 the
1668 284 98 24 purchase
1775 284 21 19 of
1804 284 83 24 113,070

1452 317 55 13 acres
1517 310 21 18 in
1549 310 41 18 this
1600 310 79 18 district
1688 310 40 18 and
1744 309 42 20 had
1801 310 49 24 paid
1867 310 19 18 in

1452 336 48 19 cash
1510 336 32 18 for
1552 341 55 13 same
1617 336 90 21 £14,031
1724 337 20 17 Is
1761 336 32 18 6d.
1829 336 59 18 Since

1453 363 34 18 the
1496 362 86 24 passing
1591 362 22 17 of
1622 363 35 17 the
1665 362 39 18 Act
1721 363 20 17 in
1759 363 56 21 1870,
1824 362 64 17 under

1453 388 64 19 which
1529 393 67 18 power
1613 394 40 11 was
1669 388 61 24 given
1745 390 22 16 to
1788 387 99 24 purchase

1453 414 68 19 native
1534 413 54 21 laud,
1599 412 35 20 the
1645 412 137 20 Government
1794 414 51 18 have
1853 420 22 11 ac-

1453 440 71 25 quired
1536 440 107 21 5.958,415
1662 445 55 13 acres
1732 440 21 18 in
1768 439 35 19 the
1821 439 66 18 North

1455 466 68 19 Island
1533 465 65 22 alone,
1607 465 40 18 and
1657 466 51 18 have
1717 466 65 18 under
1789 465 98 24 purchase

1453 492 38 19 and
1503 491 96 25 partially
1610 491 113 25 completed
1733 498 11 12 a
1754 491 80 19 further
1841 497 47 12 area

1453 519 21 19 of
1483 518 109 22 2,030,199
1601 524 61 12 acres.
1681 517 43 19 The
1732 517 52 19 total
1793 516 82 25 expendi-

1454 549 44 14 ture
1517 550 25 12 on
1562 543 42 19 this
1620 545 90 21 account,
1724 543 107 23 including
1841 548 35 19 pur-

1453 571 59 18 chase
1534 576 79 17 money,
1631 575 89 16 surveys,
1739 568 149 25 departmental

1453 597 85 23 charges
1569 595 41 18 and
1645 594 108 19 incidental
1791 600 97 15 expenses

1455 624 81 17 amount
1545 625 19 14 to
1573 621 124 22 £1,497,422
1704 627 22 12 or
1735 626 26 13 an
1771 626 87 18 average
1868 621 21 18 of

1454 649 62 18 aliout
1528 649 22 16 3s
1559 647 27 18 Hd
1597 653 35 19 per
1642 653 51 12 acre.
1721 646 61 19 Prom
1793 647 34 18 the
1838 646 40 19 fore-

1454 675 63 23 going
1539 673 75 25 figures
1638 672 41 19 and
1700 679 56 12 more
1780 672 108 24 especially

1454 701 57 18 those
1522 699 86 24 bearing
1617 705 26 12 on
1656 705 12 12 a
1679 698 158 25 comparatively
1853 705 24 12 re-

1454 729 44 16 cent
1507 725 70 25 period
1587 724 17 19 it
1614 724 41 18 will
1663 724 25 19 be
1699 731 47 12 seen
1761 724 45 18 that
1820 724 69 25 Judge

1455 752 40 19 Gill
1506 752 40 18 and
1556 752 58 17 those
1624 750 111 19 associated
1746 750 49 19 with
1808 750 43 18 him
1869 752 20 17 in

1455 778 34 19 the
1503 777 99 25 purchase
1617 776 20 18 of
1651 776 67 19 native
1727 776 49 19 land
1793 776 52 18 have
1862 783 26 12 no

1455 804 97 20 sinecure.
1580 802 43 19 The
1634 802 66 19 duties
1709 802 21 19 of
1740 808 12 13 a
1764 802 68 19 native
1842 802 48 19 land

1455 830 99 25 purchase
1573 832 62 21 agent
1654 828 86 18 demand
1756 828 134 25 unremitting

1455 856 105 21 attention,
1582 854 107 25 persistent
1707 854 129 25 application,
1864 861 26 12 no

1455 882 94 23 ordinary
1570 882 83 18 amount
1671 880 21 18 of
1712 879 122 26 diplomacy,
1849 880 41 19 and

1455 915 12 12 a
1476 908 54 18 clear
1542 907 78 24 insight
1629 907 42 18 into
1680 906 35 19 the
1723 905 137 26 peculiarities
1869 907 21 19 of

1455 934 33 19 the
1500 934 64 18 Maori
1577 934 77 17 nature.

1455 987 102 22 LOCAL
1573 985 97 24 NEWS
1693 985 70 23 AND
1777 985 103 24 NOTES.

1478 1038 69 19 Orders
1555 1039 39 17 will
1602 1039 23 16 bo
1634 1039 83 17 received
1729 1040 20 15 at
1757 1039 32 16 the
1799 1039 90 17 Chkoxi-

1455 1066 36 14 CLE
1499 1063 53 16 office
1561 1063 29 16 for
1598 1062 61 17 Lett's
1668 1061 72 18 Diaries
1750 1061 30 18 for
1792 1061 49 18 1896.

1478 1091 31 17 Mr
1515 1091 82 17 Richard
1602 1091 68 19 Crabb,
1677 1092 119 20 temperance
1802 1091 34 17 led
1840 1097 48 14 urer,

1455 1114 38 17 will
1502 1119 38 18 pay
1548 1120 11 11 a
1568 1114 44 17 visit
1617 1115 20 16 to
1643 1114 84 17 Rotorua
1733 1114 66 17 within
1806 1114 33 17 the
1844 1115 46 16 next

1455 1138 36 21 day
1500 1143 21 11 or
1529 1139 45 15 two.

1478 1167 39 16 The
1525 1167 75 21 display
1609 1166 20 17 of
1643 1167 29 16 art
1688 1166 118 17 needlework
1822 1166 21 17 in
1858 1166 32 17 Mr

1455 1190 96 17 Stewart's
1568 1190 81 16 window
1670 1189 34 17 has
1720 1189 94 17 attracted
1834 1190 56 16 much

1455 1213 100 17 attention.

1479 1241 31 15 Mr
1519 1240 28 17 W.
1557 1241 72 21 Rogers
1637 1240 34 16 has
1679 1240 41 21 just
1731 1239 85 18 received
1824 1246 12 10 a
1844 1246 35 11 con-

1455 1263 95 22 signment
1559 1263 20 17 of
1595 1263 59 21 prime
1671 1263 119 22 Canterbury
1803 1264 87 21 potatoes

1455 1288 21 15 at
1488 1286 29 17 his
1530 1288 66 15 store.*

1562 1315 15 17 is
1589 1321 10 10 a
1608 1314 87 23 gazetted
1712 1315 64 21 public
1784 1315 78 22 holiday
1871 1315 19 17 in

1455 1338 32 17 the
1503 1338 129 17 Government
1648 1338 66 17 Offices
1729 1338 119 22 throughout
1858 1339 32 16 the

1455 1361 73 22 Colony
1545 1367 25 11 on
1586 1361 32 17 the
1641 1361 84 17 occasion
1743 1362 20 16 of
1779 1362 32 16 the
1828 1362 62 17 Labor

1455 1384 160 17 Demonstration.

1478 1414 32 16 Mr
1518 1414 21 16 F.
1549 1413 88 17 Goodson
1646 1413 75 17 notifies
1729 1413 20 17 in
1762 1414 80 16 another
1850 1414 30 17 col-

1455 1443 45 10 umn
1507 1436 42 19 that
1558 1437 24 16 he
1591 1437 15 16 is
1615 1435 90 24 prepared
1714 1438 20 15 to
1745 1436 71 17 deliver
1831 1437 59 22 goods

1455 1460 19 17 in
1483 1466 37 16 any
1528 1460 45 22 part
1580 1460 21 16 of
1609 1460 32 16 the
1650 1461 57 18 town,
1717 1459 38 17 and
1768 1460 69 22 supply
1846 1460 36 17 fire-

1455 1483 54 17 wood
1517 1482 38 18 and
1564 1482 40 18 coal
1610 1484 20 15 at
1638 1482 32 18 the
1679 1483 66 17 lowest
1755 1485 55 15 rates.

1477 1512 39 17 The
1525 1510 80 23 petition
1615 1510 29 17 for
1652 1510 32 18 the
1693 1510 44 17 trial
1751 1511 21 17 of
1788 1510 32 18 the
1836 1511 54 17 Vaile

1455 1537 53 20 stage
1523 1535 70 20 system
1610 1534 20 16 of
1646 1534 78 21 railway
1740 1534 50 18 rates
1806 1540 44 16 may
1867 1534 23 17 be

1455 1557 66 23 signed
1530 1557 59 17 either
1597 1558 20 15 at
1626 1558 32 15 the
1667 1557 118 17 CIIHOXICLE
1801 1557 58 21 office,
1869 1564 21 11 or

1455 1583 20 16 at
1483 1582 32 17 the
1524 1580 47 22 shop
1580 1580 20 17 of
1608 1580 31 17 Mr
1648 1580 25 17 H.
1684 1580 27 18 W.
1724 1580 119 22 Neighbour.

1500 1610 74 17 Winter
1582 1609 15 17 is
1611 1609 44 21 past
1668 1609 38 16 and
1722 1609 32 17 the
1772 1609 87 18 Summer
1874 1609 16 18 is

1455 1639 51 12 come
1514 1632 38 17 and
1569 1632 32 17 the
1615 1632 51 17 voico
1683 1632 20 17 of
1717 1632 32 17 the
1763 1632 95 23 bull-frog
1874 1633 16 16 is

1454 1656 58 18 heard
1520 1656 20 17 in
1554 1656 33 17 the
1696 1656 39 16 The
1750 1656 46 16 hind
1813 1655 40 23 legs
1870 1656 20 17 of

1454 1681 52 15 these
1514 1685 31 11 are
1554 1685 12 11 a
1578 1679 77 23 greater
1669 1679 82 22 delicacy
1764 1679 47 17 than
1826 1685 53 17 grass-

1455 1703 85 22 hoppers.

1477 1735 32 17 Mr
1516 1735 19 17 J.
1545 1734 107 21 H.Taylor,
1664 1733 225 22 Auctioneer,announces

1454 1759 41 16 that
1504 1758 24 17 lie
1537 1757 37 18 will
1584 1757 34 17 sell
1626 1758 20 15 at
1655 1762 24 12 an
1688 1757 51 21 early
1752 1757 44 17 date
1811 1757 32 18 the
1859 1764 20 10 re-

1455 1780 83 19 mainder
1554 1781 20 16 of
1588 1780 32 17 the
1637 1780 94 17 furniture
1747 1780 106 22 belonging
1869 1782 20 15 to

1454 1805 30 17 Mr
1493 1804 51 18 John
1554 1803 96 20 Falloona,
1667 1803 38 17 late
1721 1804 21 16 of
1755 1804 33 17 the
1804 1804 85 17 Rotorua

1453 1827 64 18 Hotel.

1476 1856 32 17 Mr
1516 1856 80 21 Phillips
1605 1855 38 17 and
1651 1855 29 17 his
1689 1855 44 17 staff
1738 1862 31 10 are
1778 1862 43 11 now
1827 1856 62 22 busily

1453 1879 86 23 engaged
1548 1879 20 17 in
1576 1879 68 21 taking
1653 1879 31 16 the
1693 1879 57 17 levels
1759 1879 21 16 of
1789 1879 32 17 the
1829 1881 58 18 town,

1453 1903 86 21 wanting
1547 1902 61 17 which
1618 1902 15 17 it
1643 1908 36 11 was
1688 1902 101 22 impossibe
1801 1903 21 16 to
1836 1902 52 17 build

1453 1926 80 17 without
1545 1931 51 12 some
1611 1925 76 22 anxiety
1704 1931 20 11 as
1741 1926 20 16 to
1778 1926 43 17 how
1837 1926 51 17 one's

1453 1949 88 22 premises
1550 1949 63 22 might
1620 1948 24 17 be
1653 1948 108 23 eventually
1769 1949 88 17 situated.

1476 1978 16 16 A
1502 1976 83 22 meeting
1601 1976 20 17 of
1641 1976 32 17 the
1694 1975 91 19 residents
1805 1976 20 17 of
1841 1976 46 17 both

1453 1999 104 23 townships
1566 1999 38 17 will
1613 1999 44 17 take
1666 1999 53 22 place
1728 1999 18 17 in
1761 1999 31 17 the
1802 1999 87 24 Reading

1453 2023 59 17 Room
1521 2029 24 11 on
1555 2022 84 22 Monday
1653 2022 79 24 eyeniny
1749 2024 46 16 next
1809 2025 20 14 to
1843 2023 46 17 hear

1453 2046 51 17 what
1512 2046 34 17 has
1554 2046 47 17 been
1611 2045 48 17 done
1667 2045 103 23 regarding
1778 2046 32 17 the
1817 2046 61 17 resolu-

1452 2070 50 16 tions
1509 2068 68 24 passed
1586 2069 20 16 in
1614 2068 46 23 July
1669 2069 43 19 last,
1721 2069 38 17 and
1768 2070 20 16 to
1803 2069 85 17 consider

1453 2092 50 18 what
1512 2092 74 17 further
1595 2093 49 20 steps
1654 2091 61 23 ought
1723 2093 21 16 to
1752 2092 24 17 lie
1789 2092 62 17 taken.

1475 2124 20 16 It
1503 2124 15 16 is
1527 2123 62 17 stated
1598 2123 43 17 that
1650 2123 31 17 the
1691 2129 75 16 geysers
1775 2124 19 16 at
1809 2124 67 16 Orakei-

1451 2147 72 16 korako
1531 2147 47 16 have
1587 2146 66 17 shown
1661 2145 85 18 renewed
1755 2146 84 22 activity,
1850 2146 38 17 and

1451 2175 32 12 are
1491 2170 79 21 playing
1575 2175 21 11 as
1604 2168 134 23 energetically
1746 2175 21 10 as
1776 2170 20 16 of
1808 2169 37 17 old.
1871 2170 16 16 A

1451 2193 53 17 track
1513 2193 35 17 has
1556 2189 47 20 been
1612 2192 60 20 made,
1682 2192 37 16 and
1728 2192 78 17 tourists
1816 2199 34 10 can
1864 2192 24 17 be

1451 2216 65 17 driven
1533 2217 20 15 to
1570 2215 66 17 within
1653 2221 11 11 a
1684 2215 44 17 mile
1745 2221 21 11 or
1782 2221 20 11 so
1820 2216 19 17 of
1855 2215 33 17 the

1452 2239 81 22 springs.

1474 2268 31 18 Mr
1513 2268 19 19 J,
1542 2267 98 21 Muldoon,
1650 2267 38 17 lato
1705 2268 21 16 of
1741 2268 33 16 the
1787 2268 100 17 Auckland

1451 2291 85 23 Helping
1552 2291 59 17 Hand
1627 2291 85 20 Mission,
1733 2290 105 18 conducted
1854 2291 33 17 the

1451 2314 132 23 Presbyterian
1594 2314 69 17 service
1679 2314 19 16 i:i
1715 2314 33 17 the
1766 2314 121 17 Schoolroom

1451 2338 36 16 last
1496 2336 78 24 Sunday
1583 2336 87 23 morning
1679 2336 36 18 and
1722 2337 82 23 evening
1811 2339 19 15 to
1837 2338 50 21 good

1451 2361 127 17 attendances.
1604 2360 31 16 Mr
1644 2360 91 17 Muldoon
1751 2361 39 17 will
1807 2361 80 17 officiate

1451 2384 56 22 again
1517 2390 23 11 on
1556 2383 77 22 Sunday
1647 2384 51 17 next.

1473 2416 39 16 The
1522 2415 56 17 Brass
1586 2414 60 21 Band,
1656 2415 60 17 under
1728 2416 33 17 the
1774 2416 101 18 conductor-

1451 2439 42 21 ship
1510 2439 19 17 of
1545 2437 32 19 Mr
1593 2438 63 17 James
1673 2437 75 23 Munro,
1766 2440 88 16 marched
1868 2441 19 16 to

1451 2461 173 17 Whakarewarewa
1644 2467 25 11 on
1689 2461 78 23 Sunday
1788 2463 37 17 last
1848 2463 38 17 and

1451 2484 68 23 played
1527 2484 75 17 various
1611 2484 97 18 selections
1717 2491 24 11 on
1750 2485 33 18 the
1792 2486 45 17 road
1853 2488 33 15 out

1451 2505 37 19 and
1496 2509 21 15 at
1526 2508 32 16 the
1564 2513 25 16 pa
1597 2508 58 16 there.
1669 2508 39 17 The
1716 2509 60 17 music
1785 2515 37 11 was
1830 2510 56 16 much

1451 2531 120 22 appreciated
1579 2531 46 17 both
1638 2531 25 21 by
1672 2531 33 17 the
1717 2532 73 16 natives
1804 2532 38 17 and
1854 2533 32 16 the

1450 2554 74 17 visitors
1533 2555 20 16 to
1562 2554 33 17 the
1604 2560 81 16 geysers.

1473 2586 40 16 The
1521 2585 70 17 annual
1600 2585 77 21 general
1686 2587 83 21 meeting
1779 2587 20 16 of
1804 2587 71 17 subscri-

1451 2609 42 16 bers
1507 2610 20 15 to
1539 2609 34 16 the
1588 2606 79 24 Library
1684 2609 37 17 and
1730 2609 87 23 Heading
1826 2611 60 16 Room

1451 2631 38 18 will
1498 2632 43 16 take
1550 2632 52 22 place
1611 2637 25 11 on
1645 2632 68 22 Friday
1723 2632 57 22 night
1795 2634 21 17 at
1833 2634 53 21 eight

1451 2655 76 20 o'clock,
1539 2655 28 16 for
1584 2655 34 17 the
1633 2660 80 18 purpose
1730 2656 20 16 of
1767 2656 119 22 considering

1451 2677 31 18 the
1491 2679 64 21 report
1563 2677 38 18 and
1610 2677 77 18 balance
1695 2679 59 20 sheet,
1762 2679 37 17 and
1805 2679 81 23 electing

1451 2707 41 10 new
1497 2700 143 18 office-bearers.
1666 2702 16 16 A
1689 2702 106 17 committee
1802 2703 84 22 meeting

1451 2724 52 17 takes
1512 2724 54 22 place
1573 2724 19 17 in
1603 2724 32 17 the
1644 2724 85 18 institute
1738 2726 94 22 to-night.

1474 2750 76 24 Sophia,
1560 2752 33 16 the
1601 2752 95 17 historical
1705 2752 57 22 guide
1772 2753 20 16 of
1802 2753 33 17 the
1849 2753 37 17 lost

1451 2775 48 16 Pink
1508 2774 108 17 and.White
1628 2775 92 21 Terraces,
1735 2776 43 19 and,
1795 2776 50 17 since
1854 2776 32 17 the

1450 2798 86 22 eruption
1546 2797 82 18 resident
1636 2799 20 16 at
1665 2797 179 23 Whakarewarewa,
1850 2799 36 17 left

1449 2821 26 21 by
1489 2820 101 22 Monday's
1603 2821 50 16 train
1667 2822 28 16 for
1709 2822 100 17 Auckland
1826 2822 61 18 whore

1450 2844 32 16 she
1492 2844 38 16 will
1538 2844 41 21 Join
1588 2844 31 16 Mr
1628 2844 73 23 George
1715 2844 82 19 Leitch's
1831 2845 55 18 Land

1450 2867 20 17 of
1478 2867 32 17 the
1519 2867 45 17 Moa
1593 2867 93 18 dramatic
1699 2873 98 17 company,
1813 2874 60 12 assum-

1449 2889 34 23 ing
1492 2890 32 17 the
1533 2889 38 18 role
1581 2890 19 17 of
1609 2890 75 22 Sophia,
1691 2891 19 16 in
1716 2891 75 22 propria
1800 2898 85 16 persona,

1450 2912 70 23 during
1527 2913 33 16 the
1569 2913 109 17 Australian
1687 2914 48 17 tour.

1472 2945 40 16 The
1520 2944 93 18 blowhole
1622 2951 45 11 near
1683 2945 32 17 the
1733 2947 66 16 mouth
1816 2947 21 16 of
1854 2947 32 17 the

1451 2968 101 22 Puarenga
1560 2968 65 20 Creek,
1643 2968 61 17 which
1713 2969 79 17 emitted
1800 2969 86 18 volumes

1450 2991 19 17 of
1478 2990 46 18 mud
1533 2996 50 12 some
1592 2991 88 23 eighteen
1696 2992 77 17 months
1789 2999 43 16 ago,
1851 2993 35 17 but

1449 3014 34 16 has
1491 3014 48 16 been
1548 3014 94 22 quiescent
1649 3020 43 12 ever
1708 3015 56 21 since,
1781 3016 55 17 made
1851 3022 24 11 an-

1449 3037 54 16 other
1519 3037 149 18 demonstration
1685 3038 105 22 yesterday.
1821 3039 24 17 In
1853 3039 34 17 the

1449 3060 100 17 afternoon
1557 3066 12 11 a
1576 3060 28 22 jet
1613 3061 20 16 of
1642 3061 72 22 boiling
1726 3062 47 17 mud
1780 3062 38 17 and
1827 3063 61 16 water

1449 3083 43 17 shot
1501 3089 26 16 up
1536 3084 19 16 to
1564 3089 12 11 a
1584 3083 67 23 height
1659 3084 20 17 of
1695 3084 59 18 about
1770 3091 11 11 a
1790 3085 67 22 couple
1866 3086 20 16 of

1449 3105 87 18 hundred
1548 3106 45 18 feet.

1472 3137 24 17 In
1507 3138 68 21 regard
1592 3139 19 16 to
1628 3138 33 17 the
1677 3139 92 22 telegram
1786 3139 49 17 from
1853 3140 32 17 the

1449 3161 58 16 Town
1519 3161 62 17 Board
1590 3161 71 22 urging
1674 3162 33 16 the
1722 3163 130 17 Government
1865 3164 22 16 to

1449 3183 78 22 proceed
1536 3185 21 15 at
1565 3190 45 11 once
1619 3185 46 16 with
1672 3185 32 17 the
1713 3185 46 17 road
1767 3186 20 17 to
1794 3185 33 18 the
1833 3192 39 11 sum-

1449 3206 36 17 mit
1493 3206 20 17 of
1526 3206 130 23 NgoiigotfiLa.
1668 3208 39 17 und
1721 3209 32 16 the
1769 3208 63 17 wharf
1849 3209 37 16 csd

1449 3229 45 17 boat
1503 3229 70 17 shelter
1581 3236 23 11 on
1613 3230 33 18 the
1654 3230 42 18 lake
1701 3231 61 21 shore,
1773 3237 10 11 a
1789 3232 55 22 reply
1852 3232 34 17 has

1449 3252 47 17 been
1516 3253 84 17 received
1616 3253 26 23 by
1658 3254 31 16 Mr
1709 3254 83 22 Dansey,
1813 3255 74 21 stating

1449 3276 42 16 that
1500 3276 32 16 the
1541 3276 52 17 work
1602 3278 69 15 cannot
1682 3277 23 17 be
1721 3277 120 18 commenced
1856 3278 30 17 till

1449 3298 32 17 the
1490 3298 66 18 Public
1566 3299 66 17 Works
1641 3300 95 17 estimates
1748 3306 31 11 are
1787 3301 74 22 passed.

1472 3326 41 16 The
1520 3328 126 20 temperature
1655 3327 20 16 of
1691 3327 33 17 the
1738 3328 79 17 Priest's
1834 3328 52 17 Bath

1449 3348 70 23 during
1527 3349 32 17 the
1571 3351 44 20 past
1628 3350 52 17 week
1697 3350 33 18 has
1747 3351 73 22 ranged
1836 3351 50 17 from

1451 3371 32 17 100
1493 3373 19 16 to
1522 3373 32 16 103
1564 3372 83 23 degrees.
1677 3373 17 17 A
1707 3373 128 18 considerable
1848 3374 24 16 im-

1449 3396 110 20 provement
1567 3395 34 17 has
1609 3396 48 17 been
1668 3397 89 22 wrought
1769 3398 19 16 at
1802 3397 32 17 the
1847 3397 26 17 Pa-

1449 3417 57 17 vilion
1515 3418 26 21 by
1550 3418 31 17 the
1590 3419 123 22 expenditure
1730 3420 21 17 of
1764 3425 10 12 a
1788 3420 37 17 few
1841 3422 44 20 pots

1449 3441 20 16 of
1477 3441 59 21 paint,
1553 3441 35 17 but
1602 3442 57 16 much
1675 3442 39 17 still
1727 3443 83 22 requires
1825 3444 20 16 to
1861 3443 24 17 be

1449 3463 48 18 done
1506 3464 19 16 in
1534 3464 32 17 the
1576 3469 40 17 way
1625 3465 20 17 of
1659 3465 70 22 repairs
1743 3466 38 17 and
1796 3472 20 11 so
1834 3466 50 17 forth

1449 3486 63 18 before
1521 3487 32 17 tho
1562 3493 66 11 season
1637 3493 122 12 commences.

1472 3517 31 18 Mr
1512 3518 22 17 R.
1544 3518 58 18 Wake
1611 3519 33 17 has
1658 3519 38 18 laid
1709 3520 19 17 in
1743 3526 11 11 a
1767 3521 49 17 fresh
1832 3521 53 17 stock

1449 3541 19 16 of
1477 3540 58 23 drugs
1544 3542 38 16 and
1591 3542 105 21 medicines,
1704 3543 39 16 and
1751 3544 20 16 to
1780 3549 67 12 ensure
1853 3549 22 12 ac-

1448 3569 69 16 curacy
1524 3564 21 17 in
1553 3564 32 17 the
1603 3566 71 16 matter
1685 3565 20 18 of
1720 3566 117 23 dispensing,
1852 3567 32 17 tho

1448 3587 78 17 services
1540 3588 20 16 of
1574 3587 31 17 Mr
1621 3588 91 21 Holland,
1729 3589 91 22 formerly
1838 3589 46 17 with

1449 3610 68 17 Messrs
1526 3610 94 18 Sharland
1628 3610 38 17 and
1675 3611 39 21 Co.,
1729 3612 49 17 have
1792 3612 48 17 been
1856 3618 20 11 so-

1448 3633 62 17 cured.
1536 3633 31 17 Mr
1580 3633 59 17 Wake
1652 3634 75 17 intends
1742 3634 97 24 throwing
1853 3636 31 17 the

1448 3656 60 17 whole
1517 3656 52 17 front
1578 3657 19 16 of
1602 3657 111 17 thePenton
1720 3658 62 17 Street
1796 3658 88 22 premises

1447 3678 40 18 into
1497 3684 35 12 one
1541 3679 52 23 large
1602 3679 69 18 double
1679 3682 50 15 store
1738 3681 62 17 where
1809 3688 11 10 a
1832 3682 52 21 large

1447 3702 54 17 stock
1510 3702 19 16 of
1538 3702 76 21 general
1623 3703 58 21 goods
1698 3704 38 16 will
1750 3704 24 17 be
1781 3704 51 22 kept,
1845 3710 26 11 em-

1447 3724 80 23 bracing
1535 3724 86 23 drapery,
1632 3726 73 21 hosiery
1715 3726 38 17 and
1762 3733 89 16 mercery.

1471 3756 46 17 Fine
1526 3756 88 21 weather,
1622 3758 133 21 accompanied
1763 3758 26 21 by
1795 3758 43 17 S.E.
1846 3758 38 17 and

1448 3778 49 18 S.W.
1506 3779 80 20 breezes,
1602 3779 34 17 has
1652 3780 96 21 prevailed
1765 3780 70 23 during
1852 3781 32 17 the

1447 3803 43 21 past
1498 3802 58 16 week.
1581 3802 39 17 Tho
1626 3803 96 22 mornings
1729 3804 54 20 have,
1790 3804 92 20 however,

1447 3825 47 17 been
1503 3825 104 17 somewhat
1615 3825 47 18 cold,
1673 3825 49 18 from
1737 3827 11 16 -1
1762 3827 19 16 to
1801 3827 20 16 10
1830 3826 52 22 dogs,

1447 3848 20 17 of
1475 3848 49 17 frost
1531 3848 59 22 being
1597 3848 94 17 recorded.
1723 3850 39 16 The
1778 3850 105 16 maximum

1447 3871 134 17 thermometer
1586 3871 67 17 record
1657 3871 22 17 in
1683 3871 32 17 the
1722 3872 56 17 shade
1786 3878 38 11 was
1831 3872 52 17 70'05

1447 3893 52 23 degs,
1510 3900 24 11 on
1543 3894 32 16 the
1584 3894 39 17 oth.
1653 3894 31 17 On.
1700 3895 85 21 Monday
1802 3895 82 21 evening

1447 3917 32 16 the
1487 3916 52 17 wind
1547 3916 67 17 veered
1622 3918 22 15 to
1651 3918 32 16 the
1698 3918 104 19 westward,
1813 3917 38 17 and
1861 3918 20 15 13

1447 3940 63 21 points
1519 3940 21 16 of
1547 3939 41 17 rain
1599 3939 34 17 fell
1641 3945 26 17 up
1675 3941 21 17 to
1706 3940 37 18 this
1752 3940 95 23 morning.

1470 3971 39 17 The
1517 3971 125 21 professional
1650 3973 151 16 announcement
1810 3972 20 16 of
1836 3971 47 16 Miss

1447 3994 72 19 Fraser,
1541 3994 89 22 qualified
1650 4000 99 13 masseuse,
1767 3999 80 17 appears
1863 3994 19 16 in

1446 4017 81 17 another
1536 4017 80 17 column.
1647 4017 37 17 She
1696 4017 16 17 is
1729 4017 68 17 skilled
1814 4017 20 16 in
1851 4017 31 16 the

1447 4041 71 19 system
1524 4039 83 21 adopted
1614 4039 26 22 by
1649 4039 28 17 Dr
1689 4039 51 18 Weir
1755 4039 93 19 Mitchell,
1863 4039 21 17 of

1447 4062 133 21 Philadelphia
1592 4062 20 16 in
1626 4068 49 11 cases
1689 4063 21 16 of
1722 4062 101 19 insomnia,
1838 4062 33 21 dys-

1446 4085 65 22 pepsia
1519 4085 38 16 and
1566 4085 76 21 general
1649 4085 85 22 debility.
1760 4085 46 17 Miss
1816 4085 67 17 Fraser

1447 4107 39 18 will
1495 4107 23 17 be
1526 4107 20 16 in
1555 4107 85 16 Rotorua
1647 4107 20 17 in
1675 4114 12 10 a
1701 4108 37 17 few
1752 4107 46 22 days
1813 4107 36 18 but
1863 4107 20 17 in

1447 4130 33 17 the
1487 4130 102 17 meantime
1597 4130 65 16 letters
1672 4136 43 16 may
1722 4131 24 16 lie
1753 4130 101 17 addressed
1862 4132 20 15 to

1447 4153 32 16 the
1488 4152 118 17 CimONiCLE
1614 4152 58 17 office.

1933 155 29 17 On
1971 155 78 22 Sunday
2058 155 32 17 the
2098 160 76 16 geysers
2183 154 147 18 atWhakarewa-

1909 184 50 11 rewa
1967 184 48 11 were
2024 178 101 22 unusually
2134 178 61 17 active
2203 177 39 17 and
2254 178 70 22 proved
2332 185 11 10 a

1909 207 64 11 source
1982 202 21 16 of
2011 202 32 16 the
2051 202 83 19 greatest
2143 200 79 18 interest
2230 201 20 17 to
2262 201 80 18 visiujrs.

1907 224 40 16 The
1956 226 54 19 great
2019 224 74 18 Wairoa
2102 229 72 16 geyser,
2185 223 61 17 which
2255 224 16 16 is
2278 230 54 11 uncer-

1909 247 40 16 tain
1965 247 20 16 in
2002 247 25 16 its
2049 246 164 19 demonstrations,
2232 247 42 16 sent
2290 253 26 16 up
2332 254 12 11 a

1909 269 75 18 column
1994 270 20 17 of
2022 272 58 15 water
2088 270 89 20 rivalling
2186 269 43 17 that
2237 270 20 16 of
2268 270 76 17 Pohutu

1909 292 19 17 in
1943 292 25 17 its
1981 292 42 17 best
2038 296 97 14 moments.
2169 292 39 17 The
2229 292 56 17 latter
2304 293 39 18 also

1910 315 79 22 spouted
1999 315 58 22 freely
2071 315 38 17 and
2125 315 33 17 the
2174 315 135 21 Waikorohihi,
2323 323 21 11 or

1909 338 80 17 Bashful
1999 338 75 22 Geyser,
2088 338 91 17 so-called
2194 344 24 11 on
2231 341 80 15 account
2325 341 19 16 of

1909 361 25 17 its
1943 360 98 18 diffidence
2048 362 20 16 in
2076 361 33 17 the
2122 367 87 16 presence
2219 362 20 16 of
2250 362 94 23 strangers

1910 385 51 15 went
1967 390 27 15 up
2003 384 45 16 with
2057 390 24 10 an
2090 384 148 22 overwhelming
2246 385 51 16 rush.

1934 412 78 17 Settlers
2021 412 42 17 who
2072 413 47 16 have
2128 412 85 18 occasion
2222 414 20 16 to
2255 419 31 11 use
2303 414 41 18 that

1911 435 74 21 portion
2006 435 20 17 of
2046 435 101 17 Pukuatua
2172 436 62 16 Street
2260 437 84 18 between

1911 458 70 17 Ranolf
1990 458 60 17 Street
2059 459 37 16 and
2105 458 32 18 the
2151 459 77 22 railway
2241 459 38 17 line
2293 466 39 13 com-

1910 481 51 22 plain
1970 480 78 23 bitterly
2057 482 20 16 of
2085 482 32 16 the
2125 482 67 21 boggy
2201 482 95 17 condition
2305 484 39 17 into

1911 504 60 16 wdiich
1989 504 32 16 the
2038 504 87 22 roadway
2147 505 33 17 has
2202 506 57 21 again
2281 506 63 19 fallen.

1910 527 39 17 The
1966 527 52 17 work
2032 527 83 22 recently
2130 527 48 18 done
2192 528 34 17 has
2243 530 34 15 not
2292 531 53 17 stood

1911 550 55 22 proof
1974 550 75 22 against
2058 551 32 16 the
2103 553 63 14 recent
2181 551 50 16 rains
2245 552 36 17 and
2295 559 50 12 more

1910 574 47 16 than
1966 579 35 11 one
2033 573 82 22 sticking
2123 579 26 16 up
2178 579 42 12 case
2232 575 34 17 has
2281 582 54 11 occur-

1911 596 33 17 red
1952 596 67 16 within
2028 596 32 16 the
2069 598 43 20 past
2121 596 36 18 few
2167 597 53 21 days.
2246 599 88 17 Astonish-

1910 620 53 16 ment
1971 619 16 18 is
2001 619 99 22 expressed
2114 619 43 17 that
2170 620 32 17 the
2215 621 50 17 work
2278 623 67 17 should

1911 648 43 11 ever
1961 642 49 17 have
2018 642 47 17 been
2073 642 73 22 pissed.

1935 673 72 23 Craig's
2017 673 94 23 Curiosity
2119 673 52 23 Shop
2180 675 19 16 in
2215 676 81 18 Prince's
2310 677 34 21 St.,

1911 696 106 19 Auckland,
2032 697 42 16 vies,
2091 697 20 16 in
2124 698 55 21 point
2193 699 21 16 of
2227 700 117 21 attractions,

1911 720 46 16 with
1966 720 33 16 the
2008 720 87 17 Museum
2110 722 20 15 to
2145 721 61 17 which
2221 722 15 17 it
2249 723 64 17 stands
2326 724 19 17 in

1911 743 48 17 close
1968 743 110 23 proximity.
2103 743 27 17 To
2138 746 109 17 enumerate
2255 746 32 16 the
2299 747 35 17 end-

1911 766 36 17 less
1956 766 74 22 variety
2037 766 20 17 of
2065 767 61 16 curios
2135 767 99 18 contained
2248 769 64 17 within
2322 771 24 16 its

1911 789 53 17 walls
1980 788 61 18 would
2055 789 23 16 be
2095 789 79 18 difficult
2189 791 19 16 of
2222 792 112 23 accomplish-

1912 813 51 17 ment
1972 818 20 11 as
2006 812 32 16 the
2055 812 99 18 collection
2170 814 101 23 comprises
2288 816 56 20 ferns,

1912 835 62 19 shells,
1997 835 65 18 corals,
2090 836 87 22 carvings
2202 837 37 17 and
2259 839 87 17 minerals

1911 858 84 21 brought
2004 858 49 17 from
2062 864 55 16 every
2126 863 44 18 part
2178 860 20 16 of
2208 860 33 17 the
2253 860 93 20 Southern

1911 881 123 22 hemisphere.
2068 882 29 16 An
2111 884 151 17 announcement
2276 884 19 17 in
2312 891 22 10 an-

1911 905 55 17 other
1974 904 76 18 column
2058 905 68 17 invites
2141 906 78 18 tourists
2232 907 38 17 and
2283 908 62 17 others

1911 929 20 16 to
1940 927 36 18 call
1983 927 38 17 and
2029 928 78 22 inspect.

1935 955 17 16 A
1968 954 145 23 correspondent
2138 955 61 18 draws
2224 958 93 17 attention
2327 960 19 16 to

1911 978 33 17 the
1952 978 39 17 fact
1999 978 43 17 that
2050 978 32 17 the
2091 978 88 22 footpath
2196 980 57 22 along
2268 981 32 17 the
2308 982 38 17 side

1911 1001 20 17 of
1940 1001 32 17 the
1980 1001 34 17 hot
2029 1003 58 15 water
2104 1003 69 16 stream
2189 1003 61 22 going
2265 1006 81 16 towards

1911 1024 33 17 the
1952 1024 86 17 Utuhina
2047 1025 70 22 Bridge
2133 1031 37 11 was
2187 1032 57 11 never
2259 1028 87 23 properly

1911 1047 79 18 formed.
2016 1048 16 16 A
2041 1047 46 22 path
2097 1054 38 11 was
2144 1049 20 16 at
2173 1054 35 11 one
2221 1049 46 18 time
2275 1051 71 17 cleared

1912 1070 35 17 but
1963 1076 46 11 soon
2034 1072 34 20 got
2092 1077 111 15 overgrown
2220 1074 63 20 again.
2308 1074 38 17 Tlio

1911 1094 59 16 IVwn
1978 1093 63 17 Board
2050 1094 68 20 would,
2127 1094 23 17 he
2158 1094 69 21 thinks,
2236 1096 22 17 be
2264 1096 82 22 justified

1911 1117 19 16 in
1940 1117 89 22 properly
2038 1117 83 22 forming
2130 1117 31 17 tin.'
2174 1119 46 21 path
2229 1119 38 17 and
2275 1120 59 17 throw-

1911 1140 34 22 ing
1962 1145 11 11 a
1990 1140 66 22 couple
2072 1141 21 16 of
2109 1141 129 23 foot-bridges
2255 1148 44 12 over
2314 1144 32 17 the

1911 1164 76 16 stream.
2013 1163 19 17 It
2039 1164 62 16 would
2118 1164 52 19 then,
2189 1164 24 17 he
2227 1165 70 21 thinks,
2312 1167 22 17 be-

1913 1192 51 10 come
1973 1193 12 10 a
1994 1192 44 16 very
2048 1186 81 23 popular
2132 1187 49 17 walk
2189 1188 44 18 with
2240 1190 82 17 tourists.

1935 1213 38 17 The
1982 1213 99 22 telephone
2090 1214 69 18 service
2167 1214 85 19 between
2269 1217 31 17 the
2309 1219 37 16 two

1911 1236 104 24 townships
2024 1237 38 19 has,
2072 1237 50 17 after
2130 1244 11 10 a
2149 1238 123 22 lengthened
2288 1240 48 18 inter-

1911 1260 83 21 ruption,
2005 1259 46 18 been
2066 1266 46 12 once
2129 1267 51 11 more
2196 1262 113 18 established
2328 1266 18 15 to

1911 1282 33 17 the
1952 1282 73 18 intense;
2034 1283 117 18 satisfaction
2159 1284 21 17 of
2188 1284 26 17 all
2222 1285 54 18 those
2285 1287 61 17 whose

1911 1306 85 17 business
2004 1308 143 21 arrangements
2159 1313 32 11 are
2208 1309 99 21 expedited
2321 1310 25 22 by

1912 1329 69 22 speedy
1989 1329 158 19 communication
2156 1330 47 17 with
2212 1331 32 17 tin;
2249 1333 96 22 telegraph

1912 1352 77 17 station.
2015 1352 38 17 The
2062 1352 123 21 installation,
2198 1354 60 18 which
2267 1361 38 12 was
2318 1356 18 18 ef-

1912 1374 61 19 fected
1982 1375 26 22 by
2017 1376 31 16 Mr
2056 1375 28 19 W.
2095 1376 82 23 Dansoy,
2188 1377 16 17 is
2217 1383 45 17 very
2276 1380 70 21 perfect

1912 1398 37 17 and
1958 1404 92 17 messages
2060 1405 30 11 we
2099 1401 121 17 transmitted
2229 1402 45 17 with
2292 1403 54 17 much

1912 1427 51 12 more
1971 1421 91 18 clearness
2079 1423 46 16 than
2141 1429 37 11 was
2192 1425 107 22 previously
2315 1426 31 16 the

1912 1449 47 12 case.
1984 1445 32 16 Mr
2027 1445 77 17 Lakin's
2118 1447 132 21 appointment
2300 1449 36 16 tele-

1911 1468 78 21 phonist
2003 1468 15 18 is
2031 1468 92 23 regarded
2137 1470 47 17 with
2200 1472 76 21 general
2292 1472 45 17 satis-

1912 1491 77 17 faction.

1935 1520 32 16 Mr
1975 1521 23 16 R.
2013 1520 25 17 H.
2053 1521 82 22 Reaney.
2151 1522 90 23 formerly
2254 1523 45 17 road
2313 1530 22 11 en-

1912 1543 65 21 gineer
1984 1543 20 17 in
2013 1543 32 18 the
2058 1540 93 22 Pahia'tua
2167 1545 79 21 district,
2265 1547 38 16 will
2318 1553 18 11 re-

1912 1566 47 17 lieve
1975 1567 31 16 Mr
2023 1567 126 21 Hursthouse,
2165 1568 74 18 district
2252 1569 92 24 engineer,

1912 1589 20 17 of
1940 1590 29 16 his
1978 1589 61 17 duties
2047 1590 50 20 here,
2107 1591 38 17 and
2154 1592 38 17 will
2201 1592 44 17 tike
2257 1599 44 10 over
2315 1594 31 17 the

1912 1613 73 16 control
1999 1613 19 17 of
2034 1613 32 17 the
2079 1614 80 18 Galatea
2172 1615 38 17 and
2227 1616 119 18 Rotorua-Te

1911 1635 51 18 Teko
1971 1636 61 17 roads.
2057 1637 31 16 Mr
2097 1637 136 18 Hursthouse's
2247 1639 99 23 departure

1912 1659 48 16 from
1970 1657 36 20 this
2016 1660 76 22 locality
2102 1660 38 17 will
2149 1661 23 17 be
2181 1662 56 17 much
2252 1663 94 21 regretted

1911 1682 34 16 but
1954 1682 16 17 it
1978 1684 51 15 must
2038 1682 22 19 bo
2069 1683 58 17 borne
2135 1684 20 17 in
2165 1684 52 18 mind
2226 1686 42 16 that
2277 1686 23 16 lie
2313 1686 33 17 has

1911 1705 37 17 had
1958 1705 32 17 the
1998 1706 50 16 work
2056 1706 43 18 hero
2104 1707 66 22 placed
2177 1708 60 17 under
2242 1709 28 16 his
2278 1709 68 22 charge

1911 1728 19 17 in
1939 1728 85 17 addition
2035 1731 18 14 lo
2062 1729 32 18 the
2103 1731 96 16 extensive
2208 1731 60 18 duties
2278 1732 22 17 ho
2314 1733 32 17 lias

1911 1754 20 14 to
1940 1752 82 21 perform
2035 1752 19 17 in
2067 1754 111 17 connection
2192 1754 46 18 with
2254 1755 31 17 the
2300 1755 46 18 Xew

1911 1775 103 21 Plymouth
2024 1775 79 18 district.
2128 1777 82 22 Captain
2219 1778 77 19 Turner,
2307 1779 29 17 for-

1911 1798 59 22 merly
1979 1799 20 16 of
2007 1799 105 23 Tauranga,
2123 1801 87 17 succeeds
2225 1801 32 17 Mr
2271 1802 75 23 Reancy

1911 1822 20 15 at
1942 1821 98 18 Pahiatua.

1935 1848 39 18 Our
1991 1849 145 23 correspondent
2162 1851 19 16 in
2203 1851 31 18 the
2258 1852 87 18 Urewera

1912 1872 85 22 Country
2010 1872 77 24 writing
2102 1874 49 16 from
2165 1874 128 18 Rau-tawhiri
2309 1876 36 17 last

1911 1895 50 17 week
1971 1896 57 16 states
2035 1895 3 25 :
2083 1896 29 17 No
2122 1903 51 11 news
2181 1898 58 22 along
2244 1898 32 18 the
2283 1898 63 18 classic

1911 1918 116 22 Rangitaiki.
2057 1918 33 19 Wo
2107 1926 32 10 are
2156 1921 71 22 having
2243 1928 12 10 a
2267 1921 43 18 deal
2326 1923 20 17 of

1911 1941 46 18 rain,
1968 1942 36 16 like
2014 1942 112 22 yourselves,
2137 1943 36 17 and
2183 1944 32 17 the
2224 1945 57 17 rivers
2290 1951 30 11 are
2326 1946 19 16 in

1911 1969 125 18 consequence
2045 1965 74 18 Hooded
2151 1967 31 16 Mr
2191 1966 28 19 W.
2231 1968 44 17 Bird
2289 1968 34 17 10.-.t
2334 1975 10 10 a

1911 1987 54 17 horse
1973 1989 19 15 in
2001 1989 116 23 attempting
2128 1990 19 16 to
2163 1996 49 12 cross
2225 1990 33 17 the
2272 1992 60 20 Rangi-

1911 2010 45 17 taiki
1967 2011 45 17 with
2021 2012 59 20 goods
2090 2013 29 16 for
2135 2013 33 17 the
2182 2013 26 18 To
2222 2013 70 19 Whaiti
2307 2015 25 17 Go-

1910 2036 99 15 vernment
2021 2035 60 17 Store.
2111 2036 47 18 Part
2173 2037 19 16 of
2206 2037 33 18 the
2252 2037 42 18 load
2307 2044 38 11 was

1911 2059 58 20 swept
1978 2063 54 16 away
2040 2058 36 17 but
2085 2059 32 17 the
2126 2059 45 17 mail
2180 2060 38 22 bag
2231 2066 37 11 was
2283 2061 61 17 saved.

1911 2079 16 18 A
1935 2081 56 22 groat
1998 2086 60 17 many,
2063 2081 46 23 slips
2117 2082 49 18 have
2173 2083 89 18 occurred
2276 2090 24 11 on
2313 2084 32 18 the

1910 2103 46 17 road
1963 2103 36 17 and
2010 2104 45 22 di-ay
2064 2105 61 17 traffic
2137 2105 14 18 is
2166 2107 105 21 suspended
2288 2107 30 17 for
2334 2114 11 10 a

1911 2126 61 17 while.
1998 2128 31 15 All
2037 2130 82 20 supplies
2129 2134 32 11 are
2170 2128 58 23 being
2239 2130 72 22 packed
2325 2131 20 16 at

1909 2150 82 21 present.

1933 2182 94 22 Amongst
2032 2182 32 17 the
2070 2182 98 23 buildings
2174 2183 59 23 lately
2241 2184 104 23 completed

1909 2204 19 17 in
1938 2204 32 18 the
1978 2211 42 11 now
2028 2206 51 16 town
2088 2206 15 16 is
2112 2206 42 17 that
2164 2207 73 18 orected
2244 2208 25 22 by
2276 2208 69 17 Messrs

1909 2227 59 17 Blake
1977 2228 37 17 and
2023 2228 91 23 Seymour
2123 2229 61 17 under
2192 2232 85 16 contract
2286 2232 19 16 to
2314 2232 31 16 Mr

1909 2251 22 17 T.
1940 2251 79 17 Samson
2035 2251 37 18 aud
2086 2252 41 22 just
2142 2253 72 21 opened
2227 2254 26 22 by
2270 2255 30 16 Mr
2316 2255 27 17 M.

1909 2274 71 20 Simon,
1991 2274 60 18 tailor,
2077 2276 16 15 A
2102 2275 53 23 large
2170 2276 115 18 show-room
2299 2278 46 17 with

1909 2297 102 17 handsome
2028 2298 51 22 plate
2096 2299 50 21 glass
2163 2299 81 18 window
2260 2301 85 22 occupies

1909 2320 41 17 half
1958 2321 33 16 the
1999 2322 58 16 street
2065 2321 89 23 frontage
2163 2323 33 17 the
2203 2323 55 17 other
2269 2324 75 21 portion

1909 2343 57 23 being
1975 2343 78 19 allotted
2062 2345 20 16 to
2091 2351 11 10 a
2109 2345 42 17 well
2159 2345 73 23 lighted
2238 2347 37 17 and
2282 2348 50 16 venti-

1909 2366 51 17 lated
1973 2367 111 18 workroom.
2110 2369 16 16 A
2142 2370 74 16 stained
2232 2370 50 22 glass
2299 2370 46 17 door

1909 2389 52 17 leads
1970 2391 20 16 to
1998 2390 33 17 the
2045 2390 60 23 living
2120 2397 61 12 rooms
2196 2392 69 18 behind
2283 2394 61 17 which

1909 2413 90 22 comprise
2009 2413 136 23 sitting-room,
2156 2416 38 16 two
2201 2415 98 19 bedrooms
2307 2417 37 17 and

1909 2436 76 17 kitchen
1994 2437 37 16 and
2048 2437 33 17 the
2097 2438 55 17 usual
2166 2438 108 19 outhouses.
2305 2441 39 16 The

1909 2460 116 17 contractors
2040 2465 31 12 are
2086 2462 19 15 to
2120 2460 24 18 bo
2160 2462 145 22 complimented
2319 2469 25 11 on

1909 2482 33 18 the
1951 2483 100 17 successful
2060 2484 114 22 completion
2188 2486 20 16 of
2221 2486 50 16 their
2285 2486 57 21 work,

1909 2505 37 17 and
1955 2505 39 18 also
2008 2506 33 17 the
2053 2512 42 11 new
2109 2509 99 21 occupant,
2224 2509 32 16 Mr
2272 2509 70 21 Simon,

1909 2535 24 10 on
1942 2529 28 16 his
1979 2530 54 21 entry
2042 2530 40 17 into
2091 2530 28 17 his
2128 2537 42 11 new
2182 2532 95 22 premises.

1951 2559 59 17 Three
2018 2559 51 22 Days
2079 2566 23 11 on
2112 2561 33 16 the
2243 2561 14 17 is
2264 2561 31 17 the
2302 2562 42 17 title

1909 2582 21 17 of
1936 2587 24 11 an
1974 2582 65 17 article
2053 2583 19 16 in
2086 2583 38 17 this
2138 2584 69 17 week's

1909 2604 60 18 which
1979 2607 58 15 treats
2046 2606 19 16 of
2074 2612 23 10 an
2107 2607 98 17 excursion
2214 2608 20 16 to
2249 2608 32 16 the
2292 2609 40 21 posi-

1909 2628 57 22 tively
1975 2628 92 18 beautiful
2078 2629 77 20 Rotoiti,
2170 2630 32 17 the
2216 2636 51 11 more
2281 2631 62 22 lovely

1909 2651 86 18 Rotoehu
2004 2651 37 18 and
2050 2652 32 17 the
2096 2655 49 15 most
2154 2653 117 24 enchanting
2283 2654 48 18 Roto-

1909 2679 37 13 ma.
1982 2675 38 16 The
2044 2676 153 22 accompanying
2219 2677 123 18 illustrations

1909 2697 45 22 (and
1963 2698 31 16 the
2004 2699 41 16 text
2053 2704 20 12 as
2082 2699 48 20 well,
2137 2700 16 16 if
2167 2705 27 11 we
2208 2700 80 17 mistake
2300 2701 42 23 not)

1908 2726 32 11 are
1947 2721 26 22 by
1982 2721 31 17 Mr
2022 2721 19 17 T.
2051 2722 61 19 Ryan,
2123 2723 62 16 whose
2195 2723 54 17 facile
2257 2724 61 21 pencil
2326 2724 16 17 is

1908 2745 20 15 at
1944 2744 55 17 home
2015 2744 20 17 in
2051 2745 38 17 this
2106 2745 47 18 class
2170 2746 21 17 of
2209 2746 57 17 work.
2304 2747 38 18 The

1908 2767 55 17 artist
1980 2767 71 22 depicts
2067 2774 64 11 scones
2146 2775 24 10 on
2192 2770 32 16 the
2247 2771 38 16 two
2305 2770 37 17 last

1907 2789 69 19 named
1984 2791 51 17 lakes
2043 2791 38 17 and
2095 2792 33 16 the
2142 2792 116 18 settlements
2272 2793 20 17 of
2305 2794 24 16 Ta-

1907 2813 125 22 puacharuru,
2043 2814 80 17 Kakako
2132 2815 38 16 and
2178 2815 94 18 Parakino
2279 2822 23 10 on
2310 2817 32 17 the

1908 2833 72 20 Rotoiti
1997 2836 59 18 shore.
2081 2838 52 22 They
2147 2838 48 17 form
2209 2845 25 10 an
2250 2839 92 17 excellent

1907 2859 82 23 glimpse
1997 2860 20 17 of
2025 2860 32 17 the
2070 2861 84 17 beauties
2167 2862 21 16 of
2201 2861 33 17 the
2250 2862 78 17 Wonder-

1907 2882 45 17 land
1959 2883 38 17 and
2005 2883 61 22 ought
2074 2885 20 15 to
2103 2885 51 16 whet
2166 2885 32 16 the
2213 2885 84 22 appetite
2312 2886 30 16 for

1907 2911 12 11 a
1926 2906 49 17 view
1984 2907 20 16 of
2011 2906 32 18 the
2052 2907 73 22 reality.

1930 2935 40 16 The
1978 2935 68 17 Native
2055 2935 54 17 Land
2118 2935 65 21 Court,,
2192 2936 63 22 Judge
2270 2937 62 17 Wilson-

1907 2958 102 21 presiding,
2018 2958 33 17 has
2060 2959 30 16 for
2098 2959 32 16 the
2138 2959 37 17 last
2185 2962 35 14 Jew
2236 2959 45 21 days
2294 2960 48 17 been

1907 2980 113 23 principally
2028 2982 86 21 engaged
2123 2982 19 16 in
2151 2982 33 17 the
2192 2983 114 16 subdivision
2322 2983 22 17 of

1907 3004 33 16 the
1949 3004 100 17 Pohukura
2058 3005 66 17 Block.
2149 3005 44 17 This
2201 3006 56 16 block
2265 3006 16 17 is
2293 3006 40 18 situ-

1907 3027 44 16 ated
1959 3027 59 17 about
2025 3028 23 16 42
2061 3028 53 17 miles
2128 3028 49 17 from
2191 3029 70 22 Napier
2275 3029 20 17 in
2310 3029 31 17 the

1907 3050 65 22 Taupo
1981 3050 90 18 direction
2079 3051 39 16 and
2126 3057 38 11 was
2172 3053 20 16 at
2201 3052 41 17 first
2252 3052 88 17 intended

1907 3074 20 16 to
1935 3073 24 17 be
1968 3073 57 17 taken
2034 3075 20 15 at
2062 3074 80 17 Maketu
2153 3074 36 18 but
2203 3075 104 22 adjourned
2321 3076 19 16 to

1907 3096 38 16 this
1954 3097 64 19 Court,
2025 3097 93 22 although
2125 3097 107 17 thonatives
2238 3098 102 23 petitioned

1907 3120 20 16 to
1936 3119 48 17 have
1992 3119 32 17 the
2033 3121 69 16 matter
2110 3120 58 17 heard
2177 3121 20 16 at
2205 3121 71 22 Taupo,
2283 3122 46 16 Tara-

1907 3147 50 12 wera
1966 3148 20 11 or
1995 3142 93 23 Hastings
2100 3149 21 11 as
2133 3144 58 21 being
2205 3145 55 16 much
2276 3150 68 11 nearer

1907 3165 30 17 for
1945 3165 58 17 them.
2028 3166 55 17 Some
2091 3166 56 23 delay
2156 3173 52 11 arose
2216 3168 44 16 hero
2272 3173 25 11 on
2309 3173 22 11 ac-

1907 3190 58 15 count
1973 3189 21 16 of
2001 3189 32 17 the
2046 3189 79 17 absence
2138 3190 21 16 of
2172 3196 98 16 necessary
2283 3191 46 16 docu-

1908 3213 61 16 ments
1978 3212 35 16 but
2021 3212 51 17 the=e
2087 3212 72 23 having
2173 3213 45 16 been
2237 3213 102 18 forwarded

1907 3234 33 17 the
1958 3234 114 18 subdivision
2088 3236 39 16 will
2147 3242 44 11 now
2206 3236 93 23 probably
2318 3236 23 17 be

1908 3257 111 22 completed.

1931 3286 38 17 Por
1978 3292 49 12 some
2036 3286 45 18 time
2093 3288 44 21 past
2152 3287 32 19 the
2200 3288 140 23 arrangements

1907 3309 21 16 in
1935 3309 68 22 regard
2012 3311 19 15 to
2040 3310 79 22 visiting
2127 3311 77 17 Mokoia
2217 3311 64 17 Island
2294 3311 46 17 have

1907 3332 48 17 been
1964 3332 20 17 in
1991 3338 24 11 an
2024 3333 146 22 unsatisfactory
2184 3335 48 16 state
2245 3333 63 23 owing
2321 3335 19 16 to

1907 3354 33 18 the
1957 3355 39 17 fact
2008 3356 43 16 that
2065 3356 53 17 there
2135 3362 49 11 wore
2200 3358 38 15 two
2255 3356 85 17 different

1908 3378 60 22 hapus
1982 3384 24 11 on
2020 3379 31 17 the
2069 3379 61 17 island
2144 3380 43 16 each
2205 3379 90 23 claiming
2309 3380 31 16 the

1907 3401 53 22 right
1968 3401 20 18 of
1996 3401 94 23 imposing
2098 3408 12 11 a
2119 3402 34 17 toll
2162 3403 20 16 of
2191 3403 26 17 Is.
2241 3403 99 22 Although

1907 3424 33 16 the
1949 3424 68 17 double
2025 3424 69 23 charge
2103 3431 38 11 was
2149 3427 35 15 not
2196 3431 11 11 a
2221 3431 46 16 very
2279 3426 61 22 heavy

1907 3452 35 12 one
1951 3447 15 17 it
1975 3447 38 17 had
2025 3448 32 17 the
2069 3448 54 17 effect
2135 3448 21 17 of
2172 3448 96 22 deterring
2284 3454 56 17 many

1908 3470 48 17 from
1965 3470 78 23 visiting
2051 3471 33 16 the
2092 3471 59 22 place.
2177 3471 35 17 We
2218 3477 32 11 are
2260 3478 42 10 now
2311 3472 19 16 in-

1908 3493 72 16 formed
1989 3493 42 17 that
2045 3500 24 10 an
2083 3493 91 18 amicable
2191 3494 149 22 understanding

1907 3516 33 16 has
1949 3516 47 17 boon
2004 3516 73 17 arrived
2085 3518 21 15 at
2114 3517 88 22 whereby
2211 3523 34 11 one
2255 3518 28 16 fee
2297 3518 20 16 of
2330 3523 10 10 a

1907 3539 78 22 shilling
1994 3539 38 17 will
2041 3539 65 17 entitle
2116 3539 31 17 the
2156 3540 66 16 visitor
2234 3541 20 16 to
2269 3540 26 17 all
2308 3540 32 17 the

1907 3561 99 23 privileges
2015 3562 98 21 including
2121 3562 110 18 Hincinoa's
2239 3563 56 20 Bath,
2308 3563 31 17 the

1907 3584 77 17 Mokoi.i
1992 3591 39 16 pas,
2041 3585 32 16 the
2082 3581 88 21 Skeleton
2179 3586 51 19 Tree,
2246 3592 61 11 access
2319 3589 20 14 to

1908 3607 31 17 the
1949 3608 65 21 cherry
2027 3607 80 22 gardens
2117 3608 54 16 when
2185 3608 20 17 in
2222 3614 70 15 season,
2302 3608 38 18 and

1907 3630 32 17 the
1947 3631 37 16 fine
1992 3631 47 16 view
2045 3631 88 17 obtiined
2140 3631 48 17 from
2194 3631 32 17 the
2234 3631 82 23 heights.

1930 3659 76 21 During
2027 3659 32 17 the
2075 3660 44 20 past
2143 3659 51 17 week
2213 3659 126 18 considerable

1906 3681 92 22 headway
2006 3682 33 16 has
2047 3681 47 17 been
2104 3681 56 18 made
2168 3682 25 22 by
2210 3683 31 16 Mr
2257 3683 81 17 Boulton

1907 3704 37 17 and
1952 3704 29 17 his
1990 3704 46 17 staff
2043 3704 47 17 with
2098 3704 32 17 the
2147 3705 108 23 furnishing
2271 3706 21 17 of
2307 3706 32 17 the

1907 3727 64 17 Grand
1977 3727 62 19 Hotel,
2050 3727 38 17 and
2096 3733 11 11 a
2120 3729 64 21 pretty
2201 3728 37 17 fair
2253 3729 85 17 estimate

1907 3755 34 12 can
1949 3755 43 12 now
1999 3749 24 18 be
2031 3749 73 18 formed
2112 3751 20 16 of
2140 3751 33 16 the
2181 3751 97 17 luxurious
2288 3758 40 10 coin-

1907 3773 38 16 fort
1958 3772 61 17 which
2032 3773 39 16 will
2085 3773 57 17 await
2156 3774 32 17 the
2203 3775 64 21 guests
2285 3775 54 16 when

1906 3795 32 17 the
1947 3795 57 17 house
2012 3795 15 17 is
2036 3796 89 21 formally
2130 3796 79 22 opened.
2234 3797 30 17 On
2272 3797 55 17 Satur-

1906 3817 37 22 day
1954 3818 57 22 night
2025 3818 32 17 the
2073 3819 61 21 lamps
2151 3819 20 17 in
2187 3820 33 16 the
2236 3820 49 17 halls
2302 3819 36 17 and

1905 3841 64 20 larger
1977 3847 61 11 rooms
2046 3847 49 12 were
2102 3841 24 18 lit
2134 3842 38 17 and
2187 3843 33 16 the
2232 3843 55 17 effect
2301 3848 37 11 was

1905 3863 86 17 brilliant
1998 3864 19 16 in
2026 3864 32 17 the
2066 3866 89 15 extreme.
2170 3865 38 17 The
2213 3866 54 16 inner
2272 3871 66 17 square

1905 3886 85 17 between
1998 3887 33 17 the
2038 3887 61 22 wings
2113 3888 20 16 of
2141 3888 34 16 the
2186 3888 88 21 building
2289 3889 15 16 is
2318 3889 20 16 at

1905 3910 75 20 present
1989 3909 56 22 being
2053 3906 38 21 laid
2105 3911 34 16 out
2147 3911 37 16 and
2197 3911 78 22 planted
2292 3911 46 17 with

1905 3931 67 17 shrubs
1980 3932 38 17 and
2029 3932 99 23 flowering
2142 3934 69 21 plants.
2242 3934 20 17 It
2274 3934 16 17 is
2304 3940 22 11 an-

1905 3954 90 22 ticipated
2003 3955 43 17 that
2054 3956 32 16 the
2095 3956 52 17 hotel
2155 3956 40 18 will
2203 3957 24 17 be
2235 3956 57 23 ready
2309 3958 30 16 for

1905 3977 32 17 the
1945 3978 95 21 reception
2048 3979 21 17 of
2076 3979 75 17 visitors
2159 3980 53 21 early
2220 3980 19 16 in
2254 3980 70 17 Novem-

1904 4000 39 17 ber.
1969 4000 74 18 Several
2051 4001 126 22 applications
2184 4003 30 16 for
2220 4008 62 12 rooms
2290 4002 48 18 have

1904 4022 76 22 already
1989 4022 47 18 been
2044 4024 79 17 booked.

1966 4051 80 17 THEIR
2055 4052 75 17 NAME
2147 4052 24 17 IS
2181 4053 99 17 LEGION

1904 4086 49 17 Who
1969 4088 65 21 testify
2050 4089 20 16 to
2095 4089 30 16 the
2143 4089 64 17 merits
2224 4090 21 16 of
2261 4089 77 18 Wolfe's

1905 4109 98 23 Schnapps
2011 4111 29 16 for
2048 4111 99 23 removing
2155 4112 119 22 indigestion,
2286 4113 42 17 urin-

1904 4138 34 16 ary
1946 4132 98 22 disorders,
2059 4134 37 16 and
2111 4134 133 23 rheumatism;
2263 4136 39 17 also
2318 4137 21 17 to

1904 4155 24 17 its
1938 4156 102 17 admirable
2052 4156 64 17 flavor.

2388 156 39 16 The
2441 155 86 23 disciples
2542 155 20 17 of
2575 154 45 17 Izuk
2634 154 76 18 Walton
2723 155 40 16 will
2776 155 25 17 be

2365 178 75 22 pleased
2448 181 21 14 to
2477 179 57 16 know
2542 178 42 17 that
2593 179 50 15 moat
2651 178 20 16 of
2679 177 33 18 the
2721 179 80 17 streams

2365 202 19 16 in
2399 202 33 16 iho
2445 200 145 25 neighborhood
2606 207 31 11 are
2653 201 84 21 teeming
2755 201 45 18 with

2365 225 41 19 fish,
2416 225 79 22 notably
2508 224 33 17 the
2553 224 136 22 Ngongotaha,
2707 223 93 23 Utuhina,

2365 247 73 18 Waititi
2447 248 38 17 and
2493 247 153 18 Tahuna-a-tara
2655 247 19 17 at
2687 247 33 16 the
2737 247 51 18 Horo-

2365 270 46 17 horo
2418 277 65 16 gorge.
2509 268 93 19 Numbers
2611 270 21 17 of
2643 270 36 16 fish
2692 270 47 17 have
2754 270 47 17 been

2365 299 42 11 seen
2416 294 95 22 variously
2526 292 99 19 estimated
2639 293 21 17 at
2673 292 48 18 from
2739 299 10 11 a
2764 294 37 17 few

2366 322 68 12 ounces
2443 318 19 16 to
2478 317 50 17 lOlbs
2544 317 19 16 in
2577 315 76 23 weight.
2685 316 19 17 It
2717 322 42 16 may
2778 318 23 16 be

2365 339 128 18 remembered
2501 340 42 17 that
2552 346 11 10 a
2577 339 37 16 few
2629 338 56 17 white
2700 339 35 16 fish
2754 345 47 12 were

2366 362 66 22 placed
2440 363 20 16 in
2468 363 32 17 the
2514 362 42 17 lake
2573 368 50 11 sonio
2639 367 54 16 years
2709 368 39 16 ago
2763 364 38 16 and

2366 392 47 10 were
2430 392 57 10 never
2503 392 43 10 seen
2559 386 117 18 afterwar.lt,
2695 385 74 23 though
2786 386 15 17 it

2366 414 38 12 was
2412 409 94 22 supposed
2514 409 42 17 that
2566 409 45 21 they
2619 407 38 18 had
2666 414 50 16 gone
2728 414 26 17 up
2768 410 33 16 the

2366 431 129 26 Ngongotaha
2515 432 65 17 Creek.
2616 431 32 16 Mr
2669 431 72 17 Mcßao
2763 433 39 16 and

2366 455 54 16 other
2429 454 59 18 lovers
2501 456 20 16 of
2537 455 33 17 the
2586 454 64 23 gentle
2667 459 30 12 art
2713 454 88 23 whipped

2366 477 42 17 that
2423 479 69 16 stream
2506 478 81 17 without
2599 483 73 11 success
2685 482 25 12 on
2725 479 76 17 various

2367 500 99 18 occasions.
2493 501 28 17 On
2537 500 95 22 Saturday
2646 501 43 19 List,
2707 501 93 19 however.

2366 524 32 16 Mr
2413 523 120 22 Sutherland,
2548 531 11 10 a
2573 524 65 17 visitor
2653 524 49 16 from
2718 524 83 19 Hawkes

2367 547 46 21 Bay,
2424 547 47 17 tried
2481 548 28 16 his
2517 547 107 22 persuasive
2632 552 72 16 powers
2713 547 46 17 with
2768 548 33 18 the

2368 570 33 17 rod
2409 571 36 16 and
2453 570 100 18 succeeded
2559 571 19 16 in
2586 570 79 22 lauding
2671 576 24 10 an
2702 570 99 18 American

2367 592 59 18 brook
2435 595 52 16 trout
2500 593 49 17 after
2563 595 32 15 ten
2604 599 22 10 or
2638 592 68 17 twelve
2719 593 82 18 minutes

2368 615 49 23 play.
2455 617 38 16 The
2512 616 36 18 fish
2572 618 85 21 weighed
2678 617 40 18 slbs
2741 618 59 17 loozs.

2368 639 58 17 There
2435 640 14 16 is
2465 646 11 10 a
2490 640 126 18 considerable
2630 642 78 16 amount
2723 642 20 16 of
2760 646 27 13 am-

2368 661 73 23 biguity
2450 663 49 18 here,
2514 663 49 17 since
2577 664 32 16 the
2623 669 97 12 severance
2738 664 20 17 of
2769 664 32 17 the

2368 684 72 18 district
2460 686 49 17 from
2525 686 43 18 that
2584 687 20 17 of
2620 687 106 23 Tauranga,
2744 693 21 11 as
2781 688 20 17 to

2368 708 54 16 when
2431 708 31 18 the
2471 715 64 12 season
2543 715 63 17 opens,
2616 710 36 17 but
2657 710 37 17 this
2703 710 55 18 catch
2762 715 40 13 was

2369 731 53 17 made
2431 732 58 22 solely
2499 733 28 17 for
2537 733 30 17 the
2575 738 82 17 purpose
2669 734 21 16 of
2699 733 91 18 determin-

2368 754 33 22 ing
2410 754 51 17 what
2476 755 71 23 variety
2565 758 21 15 of
2593 757 36 16 fish
2642 756 111 23 frequcntel
2770 757 32 17 the

2368 778 74 17 stream,

2391 807 17 16 A
2414 806 39 19 fire,
2463 807 19 16 in
2495 807 23 18 its
2532 808 90 22 incipient
2635 813 59 17 stage,
2711 814 38 12 was
2763 809 29 18 dis-

2369 829 76 18 covered
2454 830 20 17 in
2483 830 30 17 Mr
2521 831 29 17 W.
2567 833 23 15 A.
2605 831 91 18 Williams
2713 833 89 21 premises

2368 858 24 10 on
2398 853 94 22 Saturday
2504 854 57 22 night
2567 854 39 18 and
2613 855 110 22 suppressed
2739 855 63 17 before

2369 875 55 18 much
2434 875 78 23 damage
2524 883 36 11 was
2569 878 54 17 done.
2648 879 18 15 A
2674 877 73 24 lighted
2757 884 33 11 can-

2368 898 30 17 dle
2406 898 39 17 had
2453 900 46 16 been
2508 900 34 17 left
2551 907 24 11 on
2585 901 32 16 the
2627 903 33 20 top
2669 902 20 17 of
2696 908 10 11 a
2716 901 53 19 chest
2782 904 20 16 of

2369 921 86 20 drawers,
2465 923 37 17 and
2512 924 47 16 from
2568 929 125 18 appearances
2702 926 15 15 it
2730 926 16 15 is
2760 932 31 11 sur-

2369 945 58 17 mised
2441 945 43 17 that
2497 947 49 16 after
2558 947 83 22 burning
2654 949 20 15 to
2689 948 32 17 the
2739 949 63 17 socket

2369 972 50 13 Some
2427 969 21 16 of
2462 969 31 16 the
2507 975 70 15 grease,
2594 970 20 17 in
2630 976 25 11 an
2664 971 73 23 ignited
2746 973 55 21 state,

2369 990 66 18 flowed
2443 997 45 12 over
2496 993 32 16 tlic
2537 993 69 17 broken
2615 994 49 22 edge
2677 995 20 16 of
2710 995 32 16 the
2756 1001 34 12 can-

2369 1013 30 19 dle
2410 1014 48 17 stick
2467 1015 37 17 and
2518 1018 28 14 set
2559 1016 33 17 fire
2605 1018 21 16 to
2639 1017 32 17 the
2688 1017 113 19 woodwork.

2369 1037 39 17 Mrs
2425 1038 97 17 Williams'
2537 1040 93 16 attention
2648 1046 38 11 was
2700 1040 65 18 drawn
2782 1043 20 16 to

2369 1060 51 17 what
2429 1067 38 11 was
2476 1061 59 23 going
2544 1068 24 11 on
2576 1062 25 22 by
2618 1063 32 17 the
2664 1063 52 18 smell
2731 1065 71 22 arising

2369 1083 48 17 from
2424 1084 33 17 the
2462 1084 82 24 burning
2551 1085 94 18 woodand
2651 1093 46 10 soon
2704 1087 37 17 had
2747 1088 15 16 it
2768 1095 22 10 ex-

2369 1107 114 22 tinguished.
2508 1108 39 17 The
2556 1109 52 17 chest
2616 1109 20 17 of
2644 1109 87 20 drawers,
2741 1111 61 18 winch

2368 1129 16 18 is
2400 1130 20 17 of
2434 1130 66 23 highly
2514 1131 84 27 polished
2615 1133 79 17 mottled
2711 1134 60 21 kauri,
2787 1135 15 17 is

2369 1153 112 22 completely
2490 1155 71 18 ruined,
2570 1155 36 17 but
2614 1155 31 17 Mr
2652 1156 91 18 Williams
2757 1163 34 12 con-

2369 1176 57 17 siders
2434 1176 76 19 himself
2519 1178 55 22 lucky
2585 1180 19 15 to
2612 1178 48 17 have
2668 1179 79 23 escaped
2756 1181 46 17 with

2369 1205 20 11 so
2398 1199 59 23 slight
2465 1207 11 10 a
2485 1201 42 19 loss,
2537 1201 29 17 for
2574 1201 18 17 in
2602 1208 11 10 a
2622 1202 36 16 few
2664 1203 80 17 minutes
2752 1210 50 12 more

2369 1223 32 17 the
2409 1228 59 14 room,
2479 1223 60 18 which
2549 1224 14 17 is
2572 1225 74 17 divided
2655 1225 49 19 from
2712 1227 32 16 the
2753 1229 49 15 store

2368 1246 26 22 by
2402 1252 11 10 a
2422 1246 78 17 wooden
2509 1248 96 20 partition,
2623 1248 62 17 would
2695 1250 47 17 have
2755 1249 47 19 been

2368 1268 19 18 in
2396 1269 71 17 flames.
2492 1270 38 18 The
2539 1272 93 20 youngest
2641 1272 82 17 member
2737 1273 20 17 of
2772 1274 30 17 Mr

2368 1292 98 17 Williams'
2476 1293 65 22 family
2549 1293 73 23 quietly
2630 1295 49 21 slept
2690 1295 19 17 in
2725 1296 34 17 her
2772 1298 30 16 cot

2368 1315 49 18 close
2426 1316 24 22 by
2460 1316 119 22 throughout
2591 1317 32 17 the
2638 1323 110 13 occurrence
2765 1321 37 16 and

2368 1338 16 17 is
2392 1340 34 15 not
2434 1345 46 10 even
2489 1341 32 20 yet
2530 1345 59 11 aware
2598 1341 21 16 of
2625 1341 32 16 the
2664 1341 71 23 danger
2742 1343 60 18 which

2369 1362 88 17 menaced
2471 1362 38 17 her.
2540 1362 79 24 Though
2634 1364 47 17 local
2699 1366 57 22 agent
2773 1367 29 16 for

2368 1385 32 17 the
2410 1385 80 17 Phoenix
2500 1386 96 22 Company
2605 1387 31 16 Mr
2645 1387 90 18 Williams
2745 1389 15 17 is
2766 1395 24 11 un-

2368 1408 75 17 insured
2453 1415 19 10 so
2482 1409 29 16 far
2519 1415 20 10 as
2546 1409 27 16 his
2581 1409 92 18 furniture
2679 1411 14 17 is
2700 1413 102 17 concerned

2368 1431 37 17 and
2415 1432 44 21 only
2468 1431 88 24 partially
2565 1438 20 11 so
2598 1432 19 17 in
2626 1434 67 22 regard
2707 1438 21 13 to
2742 1436 59 17 stock.

2392 1459 38 17 The
2439 1459 54 17 Band
2502 1460 20 16 of
2530 1460 54 22 Hope
2593 1462 74 15 concert
2681 1462 61 17 which
2757 1463 45 17 took

2368 1481 53 23 place
2440 1482 20 17 in
2477 1482 32 18 the
2526 1482 126 20 Schoolhouse
2674 1484 35 18 last
2733 1486 69 23 Friday

2368 1504 56 24 night
2432 1511 39 11 was
2481 1512 49 11 more
2543 1507 45 16 than
2605 1507 74 22 usually
2694 1510 107 17 successful.

2369 1528 30 17 Mr
2408 1529 25 16 H.
2443 1528 29 19 W.
2479 1529 112 23 Neighbour
2595 1530 86 22 presided
2686 1531 39 18 aud
2730 1533 72 22 opened

2369 1552 31 16 the
2409 1552 126 23 proceedings'
2538 1552 21 17 in
2564 1552 32 18 the
2601 1554 106 22 customary
2717 1561 84 12 manner.

2368 1574 38 18 The
2417 1581 87 16 presence
2518 1576 19 16 of
2550 1582 11 10 a
2575 1576 56 21 piano
2646 1583 37 11 was
2697 1584 10 10 a
2725 1578 77 18 distinct

2368 1598 112 22 advantage,
2490 1605 21 11 as
2519 1599 85 17 however
2613 1600 119 23 satisfactory
2740 1608 11 10 a
2757 1602 33 17 har-

2368 1622 84 16 monium
2461 1627 43 17 may
2520 1622 23 17 be
2558 1622 19 17 in
2593 1622 32 17 the
2639 1624 163 23 accompaniment

2369 1644 19 17 of
2396 1644 64 18 sacred
2469 1651 57 16 songs
2534 1646 16 16 it
2563 1646 16 16 is
2592 1646 55 16 much
2662 1648 31 15 too
2711 1653 91 12 sonorous

2370 1668 28 16 for
2406 1668 77 21 general
2491 1674 95 16 purposes.
2612 1669 37 17 The
2664 1670 39 17 solo
2718 1670 84 18 "'Sound

2368 1690 32 17 the
2417 1691 54 17 Loud
2602 1697 38 12 was
2655 1698 45 17 very
2718 1693 83 19 choicely

2368 1714 91 17 executed
2467 1714 26 22 by
2506 1715 46 16 Miss
2566 1714 67 21 White,
2649 1715 38 18 and
2700 1717 32 16 the
2749 1717 51 20 duet,

2388 1737 67 19 Home,
2466 1738 60 16 Sweet
2632 1744 37 11 was
2682 1739 119 24 charmingly

2368 1760 91 18 rendered
2474 1761 25 22 by
2514 1761 32 17 the
2561 1761 66 17 Misses
2642 1762 68 22 Cosscy
2724 1764 37 16 and
2779 1764 21 17 P.

2368 1783 69 17 White.
2462 1784 38 17 The
2509 1783 52 19 choir
2569 1789 37 12 was
2615 1783 19 18 in
2643 1787 50 21 good
2702 1786 52 17 voice
2763 1787 38 17 and

2369 1806 90 18 rendered
2475 1808 31 15 the
2523 1807 91 21 anthems,
2632 1810 42 19 part
2690 1815 57 15 songs
2763 1811 38 16 and

2369 1829 67 22 hymns
2445 1832 49 15 most
2503 1830 109 22 effectively.
2642 1831 38 17 The
2696 1833 105 17 remainder

2368 1850 20 20 of
2396 1853 33 16 the
2437 1859 124 16 programme,
2572 1853 60 18 which
2643 1860 36 11 was
2692 1856 98 21 exception-

2368 1876 38 21 ally
2415 1876 50 22 good
2474 1876 122 24 throughout,
2608 1883 37 10 was
2655 1884 21 11 as
2692 1878 72 18 follows
2772 1885 29 12 :

2368 1899 57 22 Song,
2540 1900 45 16 Miss
2594 1900 20 17 C.
2622 1900 94 19 Robinson
2725 1899 3 25 ;
2743 1907 46 17 quar-

2368 1923 53 20 tette,
2452 1923 90 22 Clinging
2550 1924 20 16 to
2655 1923 66 18 Misses
2728 1924 60 19 Robin-

2368 1950 33 13 son
2422 1946 37 17 and
2476 1947 68 16 Messrs
2561 1946 73 22 Fairley
2649 1947 37 17 and
2706 1946 93 24 Wallace;

2368 1974 53 15 song,
2452 1970 38 16 The
2507 1968 79 24 Skipper
2599 1970 37 16 and
2649 1970 27 18 his
2769 1972 32 17 Mr

2368 1991 75 22 Lynds;
2457 1993 100 21 quartette,
2634 1992 61 24 Night
2707 1994 47 17 have

2368 2015 66 16 Misses
2454 2016 78 21 Murray
2552 2015 37 17 and
2608 2015 100 22 Robinson,
2730 2017 70 18 Messrs

2370 2038 72 22 Fairley
2451 2039 37 16 and
2499 2039 80 16 Wallace
2586 2038 3 24 ;
2605 2044 51 18 song,
2688 2040 38 17 The
2741 2041 59 17 Little

2453 2062 47 17 Miss
2517 2062 20 17 F.
2559 2062 73 21 White;
2654 2062 50 21 duet,

2368 2084 63 20 Sister,
2527 2085 66 17 Misses
2603 2084 68 24 Cossoy
2679 2086 38 17 and
2723 2086 63 18 White
2794 2084 4 24 ;

2367 2113 53 16 song,
2626 2108 40 18 Mrs
2678 2109 119 22 Thompson;

2368 2130 103 22 recitation,
2501 2131 39 16 The
2663 2133 46 16 Miss
2718 2135 19 14 lii.
2744 2133 41 17 Mur-

2367 2159 43 16 ray;
2432 2153 51 21 duet,
2598 2156 56 15 sweet
2671 2155 48 17 shall

2367 2177 66 17 Misses
2454 2177 68 22 Cossey
2540 2177 37 17 and
2598 2178 20 16 P.
2642 2178 62 17 While
2713 2177 4 25 ;
2743 2184 54 18 song,

2387 2199 70 18 Hearts
2471 2200 36 17 and
2628 2201 46 16 Miss
2689 2201 97 19 Robinson
2793 2199 3 24 ;

2367 2229 53 16 song,
2430 2224 41 17 Mrs
2479 2224 106 21 Thompson
2593 2229 5 14 ;
2611 2224 50 19 duet,
2692 2225 55 17 Come
2760 2225 39 18 o'er

2366 2246 32 16 the
2427 2246 81 18 Moonlit
2620 2247 66 17 Misses
2712 2248 85 23 Murray.

2366 2269 58 17 These
2434 2271 82 15 concerts
2525 2276 31 10 are
2566 2270 36 16 fast
2610 2270 79 22 gaining
2702 2271 20 16 in
2735 2277 50 16 popu-

2366 2291 55 23 larity
2431 2293 38 17 and
2478 2293 31 16 the
2518 2293 111 17 attendance
2634 2298 24 12 on
2666 2293 69 23 Friday
2741 2295 57 22 night

2367 2321 37 10 was
2414 2316 55 17 much
2478 2316 19 17 in
2505 2321 63 12 excess
2576 2316 20 17 of
2605 2316 85 22 previous
2695 2318 101 17 occasions.

2424 2367 16 16 A
2453 2364 167 19 MIRACULOUS
2633 2366 97 17 ESCAPE.

2388 2413 17 17 A
2414 2411 113 20 sensational
2535 2412 80 16 incident
2626 2412 87 18 occurred
2725 2419 23 11 on
2764 2414 32 17 the

2367 2436 118 18 Rotorua-Te
2494 2435 50 18 Toko
2552 2433 46 19 road
2604 2435 60 17 works
2673 2441 22 12 on
2706 2435 78 20 Wednes-

2365 2459 37 23 day
2410 2459 37 18 last
2455 2458 61 19 which
2525 2457 118 23 endarigored
2659 2458 32 17 the
2706 2459 33 16 life
2752 2460 22 17 of
2786 2466 11 11 a

2365 2482 63 17 native
2443 2481 68 18 named
2525 2481 24 18 To
2563 2480 52 21 Rchi,
2631 2481 19 16 of
2666 2482 130 23 Tuhourangi.

2365 2505 52 22 Rchi,
2427 2505 44 17 who
2479 2505 15 17 is
2503 2505 121 16 well-known
2633 2504 19 17 in
2666 2504 80 19 football
2760 2506 27 17 cir-

2365 2529 42 19 cles,
2417 2529 15 16 is
2441 2527 86 24 engaged
2535 2533 25 12 on
2572 2533 12 11 a
2598 2529 83 16 contract
2694 2528 27 17 let
2737 2529 21 17 to
2774 2536 11 11 a-

2365 2552 67 17 nother
2445 2552 64 16 native
2520 2549 67 18 named
2601 2550 98 17 Arikatera
2713 2552 37 16 end
2764 2552 32 17 the

2365 2576 50 16 work
2424 2574 100 23 comprises
2533 2573 32 18 the
2574 2573 82 18 removal
2664 2574 20 16 of
2692 2580 10 11 a
2716 2574 80 19 number

2364 2599 20 16 of
2392 2599 53 22 largo
2453 2597 50 17 loose
2512 2597 54 17 rocks
2574 2596 25 22 by
2607 2595 83 25 blasting
2699 2597 38 17 and
2751 2598 33 17 bur-

2364 2622 48 21 ring.
2438 2620 48 19 Rohi
2495 2626 37 11 was
2540 2620 47 22 busy
2598 2619 96 24 trimming
2700 2620 56 17 down
2764 2621 32 18 the

2363 2645 63 16 hatter
2434 2645 20 16 at
2462 2649 11 12 a
2481 2643 67 22 height
2557 2642 19 18 of
2589 2643 47 17 from
2652 2644 20 16 I<>
2687 2645 20 15 to
2721 2644 22 16 20
2758 2644 38 18 feet

2364 2668 36 16 and
2410 2667 83 17 retained
2502 2667 28 16 his
2539 2666 81 22 position
2628 2672 25 10 on
2662 2667 31 16 the
2705 2667 51 22 slope
2770 2668 26 21 by

2364 2696 63 12 means
2436 2690 20 18 of
2464 2696 24 11 an
2496 2689 43 18 inch
2549 2694 43 16 rope
2601 2689 54 16 made
2664 2689 37 18 fast
2710 2691 20 16 to
2739 2697 10 10 a
2756 2692 40 16 tree

2363 2714 75 22 beyond
2447 2714 31 16 the
2487 2714 32 20 top
2528 2713 20 16 of
2557 2712 30 17 the
2600 2712 68 17 batter.
2700 2712 61 19 While
2775 2715 20 16 at

2364 2737 51 17 work
2424 2737 34 17 the
2466 2736 61 17 whole-
2534 2736 39 16 face
2580 2736 20 16 of
2610 2734 32 18 thti
2657 2734 61 18 batter
2733 2736 63 23 begun

2364 2761 19 17 to
2393 2760 45 17 slide
2447 2759 43 19 and,
2500 2758 90 26 bringing
2606 2759 33 16 tho
2650 2759 42 17 tree
2705 2760 20 16 to
2734 2760 62 17 which

2363 2784 33 17 the
2406 2783 122 17 unfortunate
2535 2781 62 17 fellow
2607 2787 38 10 was
2659 2781 75 18 secured
2749 2783 46 18 with

2363 2806 21 20 it,
2391 2805 112 24 completely
2509 2804 65 17 buried
2581 2804 39 17 him
2626 2805 69 16 several
2702 2804 38 18 feet
2748 2806 48 22 deep

2363 2829 19 17 in
2391 2830 54 17 rocks
2452 2828 36 18 and
2495 2827 60 19 earth.
2580 2828 28 16 An
2615 2827 59 17 alarm
2680 2834 37 10 was
2723 2830 20 15 at
2749 2835 48 11 once

2363 2853 61 17 raised,
2432 2852 37 17 and
2478 2851 28 17 his
2512 2852 64 16 mates,
2586 2850 78 17 assisted
2669 2851 25 21 by
2704 2851 32 17 the
2742 2852 54 17 other

2363 2881 63 18 gangs
2439 2874 46 19 hard
2499 2874 31 22 by,
2548 2873 75 17 worked
2640 2875 119 21 strenuously
2775 2877 20 16 to

2363 2898 90 19 extricate
2463 2896 48 19 their
2516 2896 111 23 companion
2638 2896 47 18 from
2694 2896 29 19 his
2737 2899 49 21 peril-

2363 2928 33 11 ous
2405 2922 87 22 position.
2517 2920 44 17 This
2576 2926 38 10 was
2628 2926 11 10 a
2654 2919 78 18 difficult
2746 2922 49 18 task,

2363 2945 92 18 however,
2465 2950 20 11 as
2494 2943 15 18 it
2522 2949 38 11 was
2572 2943 34 16 not
2622 2942 68 18 known
2704 2944 92 22 precisely

2363 2968 61 17 wliere
2433 2968 47 16 Rehi
2489 2967 39 21 lay.
2552 2966 44 17 Had
2604 2966 15 16 it
2627 2967 35 15 not
2669 2966 47 17 been
2725 2966 31 17 for
2764 2968 33 16 the

2363 2991 99 22 sharpness
2471 2990 19 16 of
2499 2996 11 10 a
2518 2989 63 17 native;
2589 2989 38 21 hoy
2636 2989 42 17 who
2687 2989 38 17 had
2737 2990 59 18 noted

2363 3015 31 16 tlie
2403 3015 55 16 exact
2466 3013 54 22 place
2527 3011 60 18 where
2597 3012 31 16 the
2638 3018 47 10 mass
2699 3013 21 15 of
2734 3013 61 17 debris

2363 3036 37 19 had
2409 3036 57 19 borne
2474 3036 55 17 down
2539 3041 50 16 upon
2598 3034 38 17 him
2650 3035 14 16 it
2678 3035 14 16 is
2702 3035 93 18 'doubtful

2363 3060 14 17 if
2390 3061 32 16 the
2436 3065 43 12 man
2494 3058 63 17 would
2570 3058 48 17 have
2634 3058 47 17 been
2697 3060 98 17 recovered

2362 3083 53 17 alive.
2441 3081 87 19 Directed
2537 3082 24 21 by
2570 3081 37 17 this
2617 3081 65 17 urchin
2691 3087 36 11 one
2735 3082 21 17 of
2763 3083 33 17 the

2362 3107 86 20 rescuing
2457 3107 55 21 party
2521 3103 65 18 struck
2594 3104 75 21 against
2678 3105 31 16 the
2721 3105 47 17 boot
2777 3106 19 16 of

2363 3129 32 18 the
2403 3128 99 18 entombed
2511 3133 43 11 man
2563 3126 37 17 and
2609 3128 20 15 to
2638 3127 32 17 the
2678 3128 118 17 satisfaction

2362 3153 22 16 of
2391 3152 24 17 nil
2424 3152 75 21 present
2507 3151 23 16 he
2540 3155 39 11 was
2585 3150 19 16 at
2612 3150 66 23 length
2684 3152 110 20 unearthed,

2362 3175 40 17 half
2410 3174 108 20 suffocate:!,
2527 3173 68 17 almost
2601 3173 103 21 speechless
2711 3174 37 16 and
2755 3175 31 16 suf-

2363 3199 61 21 fering
2432 3201 54 14 acute
2499 3197 53 22 pains
2565 3196 21 17 in
2601 3196 32 17 the
2648 3196 41 22 hips
2707 3197 37 16 and
2761 3197 35 18 left

2363 3221 45 18 side.
2432 3221 40 16 The
2490 3225 43 11 man
2551 3225 38 10 was
2602 3218 135 21 underground
2753 3227 43 10 over

2363 3246 21 15 20
2394 3244 80 17 minutes
2483 3242 37 18 and
2533 3242 28 17 his
2577 3248 64 16 escape
2656 3248 43 16 may
2714 3242 43 18 well
2773 3244 23 17 be

2362 3266 92 24 regarded
2462 3272 19 11 as
2490 3265 118 18 miraculous.
2634 3265 20 17 It
2662 3271 79 17 appears
2754 3267 43 17 that

2363 3290 53 17 when
2426 3290 31 17 the
2466 3295 48 11 mass
2523 3289 20 16 of
2557 3288 50 19 rock,
2626 3289 55 19 trees,
2687 3288 38 20 and
2742 3290 53 17 earth

2362 3319 51 11 came
2422 3318 53 16 awiy
2484 3310 63 19 Rehi's
2555 3310 48 18 head
2612 3311 38 17 and
2657 3312 98 17 shoulders
2762 3314 34 21 got

2361 3336 20 17 in
2390 3343 11 10 a
2409 3336 62 21 cavity
2479 3335 84 17 between
2579 3336 38 15 two
2631 3334 87 17 boulders
2734 3336 62 16 where

2361 3359 24 17 he
2394 3359 37 22 lay,
2445 3359 38 16 feet
2495 3364 32 16 up,
2542 3357 29 17 till
2586 3357 82 18 rescued.
2699 3358 61 17 When
2777 3359 18 16 in

2362 3382 38 17 this
2408 3382 80 22 position
2497 3381 25 16 he.
2530 3380 33 17 felt
2575 3380 32 17 the
2623 3386 50 16 rope,
2688 3381 61 17 which
2758 3387 38 12 was

2361 3404 89 18 attached
2458 3406 20 15 to
2487 3404 29 16 his
2524 3409 46 13 arm,
2580 3402 65 23 pulled
2653 3403 25 22 by
2688 3409 35 11 one
2737 3405 20 16 of
2764 3405 36 17 the

2361 3429 56 21 party
2434 3427 58 17 above
2506 3426 37 17 and
2556 3427 20 15 to
2592 3426 37 16 this
2643 3427 24 16 he
2683 3427 71 21 replied
2770 3428 28 21 by

2362 3451 52 17 three
2422 3450 51 22 jerks
2483 3451 19 16 to
2511 3449 26 17 let
2546 3449 52 18 them
2610 3449 57 17 know
2681 3450 25 17 he
2721 3456 38 11 was
2776 3456 20 12 as

2361 3475 33 21 yet
2402 3474 25 16 all
2436 3473 56 23 right.
2519 3472 68 17 Native
2595 3472 89 17 remedies
2700 3479 48 10 were
2761 3479 23 16 ap-

2361 3496 50 23 plied
2420 3492 38 21 and
2466 3496 23 16 lie
2497 3496 16 16 is
2521 3501 42 11 now
2575 3496 123 21 progressing
2709 3496 77 18 satisfac-

2361 3519 63 22 torily.
2455 3519 32 17 Mr
2506 3518 65 20 Tates,
2593 3518 32 17 the
2646 3524 89 14 overseer,
2758 3525 38 11 was

2361 3542 66 17 absent
2436 3542 19 17 in
2464 3542 84 17 Rotorua
2556 3542 20 15 at
2585 3540 32 18 the
2626 3541 47 17 time
2679 3542 20 17 of
2708 3542 33 17 the
2746 3543 40 16 acci-

2361 3565 44 17 dent
2414 3565 36 17 but
2458 3571 23 11 on
2490 3564 29 17 his
2528 3566 63 15 return
2600 3564 47 17 Rehi
2656 3564 94 18 informed
2757 3566 38 16 him

2361 3589 42 16 that
2411 3589 25 16 he
2444 3587 55 18 could
2507 3587 46 17 bear
2561 3587 54 17 those
2627 3587 59 17 above
2700 3589 85 20 speculat-

2361 3611 33 22 ing
2403 3616 20 11 as
2432 3612 20 15 to
2460 3611 29 16 his
2498 3609 129 18 whereabouts
2642 3610 36 17 and
2693 3611 36 16 feel
2743 3611 52 17 them

2361 3634 84 21 walking
2460 3639 45 11 over
2520 3633 46 17 him.
2595 3632 31 18 He
2642 3633 60 17 called
2718 3636 35 15 out
2765 3640 20 11 re-

2360 3653 88 26 peatedly
2457 3656 35 17 but
2501 3656 55 17 could
2565 3656 33 17 not
2615 3656 23 16 bo
2654 3656 59 17 heard
2728 3662 22 12 as
2766 3657 30 17 his

2361 3680 40 16 face
2409 3685 39 11 was
2456 3679 123 17 downwards.
2605 3679 85 17 Another
2699 3680 36 16 few
2746 3681 37 16 min-

2361 3703 40 16 utes
2410 3702 63 17 would
2481 3702 48 17 have
2538 3702 48 17 done
2592 3702 29 16 for
2627 3701 45 18 him.
2686 3702 39 18 The
2732 3703 64 22 cavity

2361 3725 61 17 which
2431 3724 99 24 preserved
2537 3725 30 17 his
2579 3724 32 18 life
2627 3731 37 11 was
2677 3725 46 22 only
2737 3726 59 17 about

2362 3749 20 15 18
2391 3749 66 16 inches'
2463 3754 74 16 square.
2554 3748 49 16 Rohi
2610 3749 38 15 mot
2657 3749 45 16 with
2712 3754 11 11 a
2732 3753 64 13 severe

2360 3771 86 17 accident
2454 3771 59 17 about
2525 3771 52 16 three
2592 3776 55 16 years
2660 3777 37 15 ago
2711 3778 24 10 on
2753 3772 42 17 Mc-

2360 3794 67 17 Loau's
2448 3795 85 16 contract
2550 3799 46 11 near
2611 3794 91 17 Mamaku
2725 3796 70 15 station

2361 3817 54 17 when
2423 3817 32 17 the
2464 3817 61 17 whole
2534 3817 20 16 of
2562 3817 29 16 his
2600 3817 40 16 face
2652 3822 37 12 was
2706 3818 89 16 scorched

2360 3840 46 17 with
2421 3839 82 23 powder,
2513 3839 66 22 nearly
2594 3839 111 24 destroying
2713 3841 29 16 his
2751 3847 33 11 eve-

2360 3863 57 21 sight.

2407 3907 62 17 FIRE
2481 3906 115 18 BRIGADE
2607 3907 133 17 MEETINGS.

2383 3953 26 16 At
2423 3958 11 12 a
2450 3953 84 21 meeting
2547 3953 20 17 of
2580 3953 32 17 the
2628 3953 113 18 Committee
2757 3954 38 17 and

2360 3976 62 17 others
2431 3976 102 17 interested
2542 3976 19 17 in
2570 3976 33 17 the
2611 3977 102 17 formation
2728 3977 21 17 of
2764 3977 31 17 the

2360 3998 44 18 Fire
2411 3999 82 22 Brigade
2501 3999 45 17 held
2556 3999 37 17 last
2607 3998 118 24 Wednesday
2738 4000 57 22 night

2360 4022 31 16 Mr
2399 4022 78 19 Corlett,
2482 4022 43 17 who
2530 4021 91 22 presided,
2627 4023 109 17 mentioned
2744 4024 52 16 what

2360 4044 38 17 had
2405 4045 48 17 been
2461 4045 49 17 done
2518 4045 50 16 since
2579 4045 36 16 last
2629 4045 84 23 mooting
2727 4045 21 18 in
2763 4046 32 17 the

2360 4068 69 16 matter
2438 4068 19 17 of
2466 4067 130 23 interviewing
2610 4068 33 17 the
2657 4069 57 16 Town
2732 4069 63 17 Board

2360 4090 20 17 in
2388 4090 93 18 reference
2490 4092 20 16 to
2519 4091 34 17 site
2561 4091 21 17 of
2589 4090 33 18 fire
2637 4092 85 18 stations,
2736 4094 60 15 water

2360 4113 69 23 supply
2438 4115 20 15 to
2467 4114 32 16 old
2507 4115 57 19 town,
2581 4115 34 15 etc.
2645 4114 38 17 The
2696 4115 64 17 action
2775 4115 20 17 of

2360 4136 32 17 the
2401 4137 111 21 deputation
2521 4143 38 10 was
2567 4137 96 22 approved
2675 4137 38 17 and
2726 4137 16 18 it
2756 4143 39 12 was

2360 4159 74 18 further
2442 4160 78 17 decided
2527 4160 20 16 to
2556 4160 36 17 ask
2606 4160 32 17 the
2652 4160 113 21 permission]
2775 4162 21 17 of

2823 153 33 17 the
2864 152 63 19 Board
2938 158 18 11 ij
2965 159 23 9 .■;■•.
2998 157 12 12 ..•
3187 153 35 16 ■'•..<?
3240 152 20 19 of

2824 176 33 17 the
2863 175 84 23 I»ibiury
2953 174 90 25 building
3048 176 46 17 for;
3161 174 3 25 •
3186 176 37 17 ticn
3240 176 19 18 of

2823 199 33 18 the
2867 199 39 17 reel
2920 198 38 18 and
2970 199 45 17 hose
3029 199 88 23 designed
3136 198 3 24 .
3150 207 13 7 •••
3180 199 32 17 the
3228 200 30 17 old

2824 228 57 11 town.
2914 223 41 16 The
2970 221 57 18 Town
3045 223 60 16 Boar.!
3125 229 12 9 v.
3144 230 17 9 i,;
3180 223 39 16 cl>o
3236 221 22 19 be

2823 244 58 19 asked
2890 246 20 16 to
2919 244 58 23 apply
2986 246 19 16 to
3014 245 32 18 the
3055 245 152 23 Depirtin-aitof
3214 245 44 17 Ju-;-

2823 268 38 18 tic?
2867 273 26 11 on
2902 267 65 18 behalf
2975 268 21 17 of
3001 268 35 18 the
3044 268 58 23 Briga
3111 267 2 24 ■
3125 267 2 24 ■
3137 270 29 16 for
3181 268 63 23 permis-

2824 292 40 16 sion
2873 291 20 17 to
2907 292 51 16 erect
2971 296 11 12 a
2996 291 44 17 shed
3056 292 30 16 for
3102 292 32 17 the
3150 296 41 13 new
3208 292 50 17 town

2823 314 109 23 appliances
2944 313 21 18 in
2977 314 33 17 the
3023 314 118 18 Courthouse
3156 314 101 18 enclosure.

2824 338 69 16 Messrs
2902 337 66 22 Mayes
2977 337 36 17 aud
3024 337 78 18 Stewart
3114 343 48 12 were
3177 343 67 16 empow-

2824 360 43 18 ered
2876 362 21 15 to
2906 360 52 18 enrol
2967 360 53 17 those
3029 361 77 17 licsir.ji:.
3121 362 20 16 of
3149 360 109 20 joitrinsrthe

2824 383 88 23 Brigade.

2847 408 27 15 At
2881 413 10 10 a
2902 406 113 22 subsequent
3025 406 84 23 meeting
3118 407 43 17 held
3170 413 24 10 on
3204 406 41 18 Mon-

2824 429 36 23 day
2869 429 63 24 night,
2947 429 31 17 Mr
2993 429 72 18 Cbrlett
3081 430 57 23 again
3156 428 101 25 presiding,

2824 453 69 17 Messrs
2903 452 66 23 Mayes
2976 452 38 17 and
3028 452 79 18 Stewart
3122 451 89 24 reported
3217 452 40 18 that

2824 476 45 22 they
2878 475 38 18 had
2925 476 22 17 26
2956 480 64 13 names
3029 475 89 21 enrolled,
3127 477 34 16 out
3170 475 20 19 of
3199 475 58 18 which

2824 500 45 20 they
2879 498 108 17 considered
2996 504 11 11 a
3017 498 66 24 highly
3093 499 81 18 efficient
3182 498 77 23 brigade

2824 521 55 19 could
2888 522 23 16 be
2920 521 78 17 formed.
3024 521 32 18 Mr
3072 522 70 18 Ernest
3150 522 58 17 Davis
3217 527 31 11 nar-

2824 544 53 18 rated
2888 545 50 17 what
2947 545 23 15 lie
2979 544 36 18 had
3033 545 48 17 done
3097 545 20 17 in
3134 544 99 18 Auckland
3241 545 17 17 in

2824 567 121 18 furtherance
2954 568 19 16 oi'
2986 567 33 18 the
3035 567 64 23 object
3114 567 21 18 in
3152 568 53 20 view,
3222 568 37 17 and

2824 592 49 16 after
2882 597 51 10 some
2942 591 136 22 conversation,
3088 591 24 16 he
3118 597 38 11 was
3163 592 96 21 request!;'!

2824 616 20 16 to
2853 614 89 17 continue
2951 614 28 16 his
2988 613 64 18 efforts
3061 617 20 14 to
3090 614 65 17 obtain
3164 614 32 17 the
3206 614 45 16 assis-

2824 639 55 15 tance
2887 637 21 17 of
2916 637 32 16 the
2957 637 98 17 insurance
3063 637 107 23 companies
3179 636 39 18 and
3222 636 37 19 also

2824 662 20 15 to
2853 660 92 18 ascertain
2955 660 31 17 the
2996 661 39 16 cost
3043 660 21 17 of
3072 659 111 24 equipment
3186 660 63 17 includ-

2824 684 35 23 ing
2866 683 44 20 reel,
2920 683 50 20 hose,
2985 683 39 20 &Cv,
3038 684 33 16 for
3081 690 11 10 a
3106 683 82 23 Brigade
3203 683 21 17 of
3239 684 21 16 20

2825 712 48 12 incoi.
2902 707 13 16 A.
2925 707 42 15 vote
2980 707 20 16 of
3015 707 70 16 thanks
3102 712 39 11 was
3158 706 67 22 passed
3241 708 19 16 to

2825 729 159 23 Superintendent
2993 729 86 23 Hughes,
3090 730 20 17 of
3118 729 106 18 Auckland,
3233 729 27 18 for

2824 754 33 17 the
2872 752 121 18 inforiuation
3008 752 77 22 already
3100 754 57 22 given
3173 753 26 21 by
3215 752 44 17 him.

2825 776 31 18 Mr
2866 776 65 21 Mayes
2948 775 62 17 stated
3024 775 42 18 that
3081 776 23 16 he
3121 776 39 16 had
3174 781 42 12 seen
3229 775 31 18 the

2824 799 108 23 appliances
2941 799 18 17 at
2974 797 33 19 the
3022 797 119 19 Sanatorium
3149 797 4 25 ;
3174 799 45 21 they
3232 804 18 10 re-

2824 822 68 23 quired
2899 827 52 13 some
2956 821 74 23 trifling
3040 821 71 23 repairs
3128 821 61 18 which
3207 821 53 18 could

2824 846 60 21 eas'ly
2893 845 22 18 be
2932 844 84 17 effected.
3049 845 39 16 The
3106 842 102 21 Chairman
3225 845 35 16 and

2824 869 70 17 Messrs
2902 869 65 20 .Mayes
2973 868 37 16 and
3020 868 81 17 Stewart
3109 874 48 11 were
3163 870 85 19 requeste
3254 868 5 16 1

2825 893 20 17 fed
2856 892 43 16 wait
2908 897 50 17 upon
2968 890 31 18 Mr
3007 890 83 24 Malfroy
3099 891 19 17 in
3125 891 68 23 regard
3200 892 21 15 to
3229 890 31 18 the

2825 922 32 11 use
2866 917 20 15 of
2895 915 32 16 the
2936 913 109 23 appliances
3052 914 29 18 for
3092 914 90 22 practice.
3196 914 18 17 It
3226 919 34 11 m.-

2824 939 40 16 also
2873 937 78 17 decided
2965 938 20 15 to
3002 937 53 17 write
3064 940 20 14 to
3102 937 32 17 Mr
3151 937 29 17 W.
3198 936 61 22 Kelly.

2825 962 87 18 M.H.K.,
2920 960 67 23 asking
2996 960 37 17 him
3045 962 18 16 to
3073 962 109 21 co-operate
3198 960 21 16 in
3227 960 22 16 ob-

2824 985 76 21 taining
2916 984 127 17 Government
3058 984 108 17 assistance.
3191 983 20 17 It
3224 988 37 11 was

2824 1007 85 19 resolved
2919 1007 41 18 that
2970 1013 10 10 a
2989 1007 108 18 committee
3102 1006 84 23 meeting
3194 1006 65 17 should

2824 1032 44 16 take
2878 1030 52 23 place
2939 1035 24 13 on
2970 1029 115 23 Wednesday
3092 1032 52 17 next,
3153 1030 37 16 and
3197 1035 11 11 a
3215 1034 34 18 gen-

2824 1053 39 19 eral
2873 1054 86 21 meeting
2966 1054 20 16 of
2994 1053 113 18 subscribers
3117 1053 37 17 and
3164 1053 62 17 others
3236 1057 21 12 on

2824 1078 33 17 the
2866 1076 99 23 following
2974 1076 69 22 Friday
3054 1076 29 18 for
3097 1077 33 16 the
3146 1074 79 19 election
3243 1075 18 18 of

2824 1101 79 17 officers,
2922 1100 31 16 the
2970 1100 101 16 formation
3088 1100 20 16 of
3124 1106 11 10 a
3152 1100 106 21 periaaneni

2825 1123 114 20 committee,
2949 1122 37 17 and
2995 1122 32 18 the
3036 1122 138 18 consideration
3179 1121 22 19 of
3204 1121 55 17 rules.

2824 1147 32 17 Mr
2865 1147 22 17 E.
2898 1146 63 19 Davis,
2972 1152 24 10 on
3005 1145 64 17 behalf
3077 1147 20 15 of
3106 1146 29 16 his
3149 1145 49 20 firm,
3215 1150 46 18 gave

2824 1177 11 10 a
2845 1169 90 19 donation
2945 1169 20 16 of
2973 1168 26 18 £2
3008 1170 19 15 2s
3038 1171 20 15 to
3075 1169 50 17 meet
3141 1168 120 23 preliminary

2824 1198 97 18 expenses.

2848 1215 106 22 Yesterday
2968 1215 68 17 Messrs
3054 1215 78 20 Corlctt,
3150 1214 58 17 Davis
3224 1213 37 18 and

2825 1241 66 21 Mayes
2900 1244 39 11 saw
2952 1238 31 18 Mr
3000 1238 83 22 Malfroy
3100 1237 43 19 who
3163 1235 98 23 expressed

2825 1263 28 18 his
2862 1263 67 16 wishes
2939 1262 29 17 for
2976 1261 32 18 the
3018 1266 72 13 success
3103 1262 20 16 of
3132 1261 33 18 the
3174 1259 85 24 Brigade;

2824 1285 39 18 and
2867 1284 96 24 promised
2968 1289 56 18 every
3026 1284 104 18 assistance
3134 1284 55 18 in'his
3191 1288 70 17 power;

2824 1310 39 16 The
2873 1307 81 25 Brigade
2964 1308 55 16 could
3027 1307 90 18 have'the
3121 1312 33 13 use
3164 1308 20 15 of
3189 1307 62 21 the.ap-

2824 1333 83 21 pliances
2930 1330 103 24 belonging
3050 1333 20 15 to
3084 1331 32 18 the
3135 1331 123 16 Government

2825 1357 29 16 for
2866 1355 88 21 ordinary
2964 1355 82 21 practice
3060 1354 72 21 weekly
3140 1354 39 16 and
3187 1353 30 17 for
3225 1354 33 15 Wei

2824 1379 82 22 practice
2921 1377 94 23 monthly.

2882 1424 313 33 CORRESPONDENCE.

2860 1486 16 16 A
2890 1484 78 18 BRASS
2982 1484 34 17 OR
3028 1483 104 18 BRAZEN
3142 1482 70 18 BAND

2973 1536 21 10 TO
3005 1535 35 11 TIIK
3052 1535 69 10 F.niTOK.

2848 1557 41 20 Sin,
2892 1557 62 17 —The
2964 1556 63 22 public
3037 1556 37 17 will
3085 1556 24 16 be
3123 1553 103 18 interested
3241 1556 17 14 to

2824 1582 57 16 know
2890 1581 43 16 that
2941 1580 84 17 Rotorua
3034 1579 16 17 is
3058 1580 33 16 not
3100 1585 12 10 a
3121 1577 49 24 good
3185 1576 73 23 enough

2824 1611 56 11 name
2888 1604 30 17 for
2928 1609 35 11 our
2977 1603 56 17 Brass
3048 1602 54 17 Band
3116 1601 39 17 anil
3169 1601 43 17 that
3229 1600 29 16 tin'

2824 1627 92 18 members
2925 1626 61 22 coolly
2996 1626 43 17 take
3048 1631 51 17 upon
3108 1623 112 18 themselves
3228 1622 30 18 the

2824 1656 56 12 name
2888 1650 19 17 of
2916 1650 74 17 Arawa.
3015 1649 39 17 The
3063 1654 65 11 reason
3138 1648 46 20 they
3193 1647 42 25 giye
3245 1646 13 17 is

2824 1676 20 15 to
2855 1674 66 17 obtain
2935 1673 32 16 the
2984 1674 79 21 support
3080 1672 20 16 of
3116 1670 62 18 Maori
3194 1669 63 18 chiefs,

2824 1697 52 22 quite
2885 1696 90 23 ignoring
2983 1695 32 18 the
3024 1696 39 16 fact
3070 1695 42 17 that
3121 1694 26 16 all
3154 1694 32 16 the
3193 1696 65 18 money

2824 1721 34 16 has
2866 1720 47 17 been
2923 1719 55 23 given
2987 1719 26 21 by
3022 1718 91 17 residents
3123 1718 30 16 for
3162 1717 31 16 the
3200 1716 47 16 Roto-

2824 1750 33 10 rua
2867 1743 56 16 Brass
2937 1742 60 17 Band.
3022 1742 55 19 Now,
3095 1741 46 22 they
3158 1738 65 19 intend
3241 1742 17 13 to

2824 1767 47 17 elect
2880 1767 81 16 trustees
2977 1766 19 16 at
3013 1771 35 11 one
3066 1764 19 18 of
3102 1764 49 16 their
3168 1761 90 23 meetings

2824 1790 61 19 when,
2895 1795 37 16 you
2941 1794 43 16 may
2993 1788 23 17 be
3024 1794 49 14 sure,
3083 1793 49 11 none
3142 1787 19 16 of
3175 1785 33 18 the
3221 1785 28 16 for-

2823 1818 40 12 mer
2880 1811 113 18 subscribers
3014 1811 39 17 will
3075 1811 48 16 have
3144 1815 38 16 any
3201 1808 57 17 voice.

2823 1836 55 17 Band
2887 1837 78 15 matters
2974 1840 49 11 seem
3032 1836 20 15 to
3064 1834 23 17 be
3102 1832 98 23 strangely
3215 1837 32 11 eon-

2823 1859 69 17 ducted
2901 1858 20 18 of
2930 1858 79 17 late.'—l
3018 1864 37 14 am,
3066 1857 40 20 &C,

3102 1880 22 17 F.
3138 1880 76 16 Booun.

2824 1926 428 47 CABLEGRAMS

2845 2012 92 20 London,
2956 2011 82 17 October
3052 2010 87 17 B.—Pro.
3155 2009 101 18 Lankestcr

2821 2035 83 18 arrested
2914 2041 24 10 on
2946 2040 11 11 a
2966 2034 68 21 charge
3041 2034 19 17 of
3067 2033 105 22 disorderly
3179 2030 76 19 conduct

2821 2059 19 17 in
2849 2058 104 21 Piccadilly
2961 2057 84 17 declares
3053 2057 43 17 that
3111 2057 24 16 he
3149 2061 37 11 was
3201 2054 55 18 taken

2820 2082 41 17 ii.io
2871 2081 80 21 custody
2960 2082 19 15 to
2989 2082 77 20 prevent
3076 2080 29 17 his
3121 2079 66 23 giving
3204 2077 44 18 testi-

2821 2111 57 15 mony
2888 2105 19 16 of
2916 2104 32 17 the
2956 2103 105 23 ill-usuage
3077 2104 20 17 of
3111 2109 12 10 a
3137 2102 67 17 female
3219 2101 28 22 pri-

2821 2134 55 11 soner
2883 2128 26 21 by
2918 2127 32 17 the
2958 2126 66 22 police.

2844 2151 186 19 OoxsrANTlXOriiE,
3041 2149 83 17 October
3133 2147 62 19 B.—lt
3204 2147 14 17 is
3224 2147 21 16 be-

2820 2173 61 18 lieved
2891 2174 42 16 that
2948 2173 32 16 the
2997 2171 84 19 Sultan's
3096 2171 55 23 reply
3168 2171 37 16 will
3225 2171 30 16 not

2820 2197 68 21 satisfy
2896 2197 33 16 the
2937 2196 75 17 Powers
3020 2196 20 16 in
3057 2196 50 16 their
3121 2194 90 17 demands
3229 2194 27 17 for

2820 2221 79 17 reforms
2907 2220 20 16 in
2935 2218 96 18 Armenia.
3057 2218 31 18 All
3097 2218 85 18 business
3194 2217 19 17 in
3226 2217 30 16 the

2820 2244 39 21 city
2867 2244 16 16 is
2891 2244 21 16 at
2920 2249 11 10 a
2939 2241 102 21 standstill,
3060 2242 38 16 and
3112 2242 34 17 the
3159 2240 53 17 walls
3227 2245 29 12 are

2819 2266 102 23 placarded
2930 2265 45 17 with
2984 2265 43 17 bills
3036 2265 82 22 inciting
3126 2264 33 18 the
3165 2263 90 24 populace

2820 2290 75 22 against
2906 2289 31 17 the
2946 2288 81 17 infidels.

2820 2338 206 32 AUSTRALIAN
3043 2338 207 32 TELEGRAMS.

2843 2411 91 21 Sydney,
2944 2411 82 17 October
3031 2412 17 16 8.
3050 2411 49 17 —In
3104 2411 33 17 the
3142 2410 112 23 Legislative

2818 2435 100 21 Assembly
2927 2434 87 24 to-night
3023 2434 32 17 Mr
3064 2434 54 17 Crick
3129 2433 43 18 read
3186 2440 9 10 a
3210 2440 33 10 con-

2819 2458 68 17 fession
2896 2458 26 22 by
2930 2457 98 24 Meagher.
3054 2458 39 16 The
3102 2458 56 16 latter
3169 2456 85 19 confirms

2818 2482 32 16 the
2859 2482 103 17 statement
2970 2480 54 18 made
3037 2480 27 23 by
3079 2481 29 17 Sir
3121 2480 65 17 Julian
3202 2479 42 18 Salo-

2818 2510 54 12 mons
2881 2504 37 16 and
2927 2505 110 15 exonerates
3046 2500 32 20 Mr
3087 2503 54 17 Crick
3155 2503 48 17 from
3219 2509 35 15 any

2817 2527 114 23 knowlodgo
2939 2527 20 17 of
2973 2527 32 17 tho
3020 2527 59 18 affair.
3113 2526 92 22 Meagher
3222 2526 32 17 has

2818 2550 87 24 resigned
2916 2550 28 17 his
2953 2552 45 19 seat,
3008 2550 39 17 and
3052 2555 97 18 expresses
3153 2547 34 20 the
3191 2549 52 17 inten-

2817 2574 40 18 tion
2868 2574 20 17 of
2895 2573 79 23 leaving
2981 2573 30 17 the
3021 2575 81 20 country
3116 2573 54 17 when
3184 2573 23 17 he
3222 2573 32 16 has

2817 2596 56 18 made
2881 2597 107 22 reparation
2998 2598 19 16 to
3026 2596 35 18 the
3066 2596 44 18 law.
3124 2595 31 18 He
3163 2595 89 18 demands

2818 2621 43 16 that
2869 2620 54 17 Dean
2932 2620 23 17 be
2963 2620 84 17 arrested
3062 2620 31 16 for
3106 2625 85 16 perjury.
3226 2618 27 17 He

2818 2643 75 18 further
2900 2643 58 17 states
2968 2643 42 17 that
3019 2642 25 18 he
3052 2649 38 11 was
3102 2640 117 20 determined
3235 2642 17 16 to

2817 2670 71 13 endure
2898 2666 32 18 the
2939 2665 70 18 mental
3018 2667 74 17 torture
3099 2672 27 10 ii'>
3134 2665 71 22 longer,
3216 2664 36 18 and

2818 2691 20 16 to
2850 2689 65 18 follow
2923 2689 32 17 the
2963 2689 51 17 voice
3033 2689 19 17 of
3067 2689 53 16 truth
3134 2688 65 22 .seeing
3214 2688 36 17 thnl

2817 2713 64 17 others
2902 2718 49 11 were
2965 2712 59 22 likely
3041 2714 20 15 to
3077 2712 24 17 be
3118 2712 82 17 arrested
3217 2710 36 18 and

2817 2736 66 22 placed
2898 2736 20 16 in
2934 2734 33 19 the
2982 2736 67 16 felon's
3065 2735 54 17 dock.
3152 2734 32 17 Mr
3200 2734 54 18 Crick

2817 2759 59 17 broke
2885 2759 56 17 down
2949 2759 69 16 several
3029 2759 54 16 times
3092 2758 38 17 and
3144 2758 29 16 his
3188 2758 55 16 finish-

2817 2782 35 22 ing
2860 2783 87 16 sentences
2956 2788 44 13 was,
3160 2780 91 24 blighted,

2817 2805 31 20 sir,
2859 2805 38 17 and
2906 2811 11 10 a
2925 2805 115 22 resignation
3055 2804 77 17 handed
3216 2804 37 17 The

2817 2828 117 21 resignation
2943 2834 38 11 was
2989 2827 96 24 accepted.

2841 2852 135 20 Mklhoukn'K,
2995 2851 81 17 October
3097 2851 82 17 B.—Tho
3200 2849 54 19 Chief

2817 2874 73 17 Justice
2899 2874 33 17 has
2949 2874 77 17 decided
3041 2874 44 17 that
3098 2874 33 17 the
3144 2874 74 17 scheme
3235 2879 18 11 ot

2817 2897 150 18 reconstruction
2976 2898 20 17 of
3003 2897 33 18 the
3044 2897 49 17 New
3105 2896 83 18 Zealand
3201 2896 51 18 Loan

2817 2920 39 17 and
2880 2921 113 17 Mercantile
3012 2921 99 21 Company
3132 2919 82 22 adopted
3235 2919 16 16 in

2817 2943 81 18 London
2906 2944 16 17 is
2930 2945 34 16 not
2972 2943 83 21 binding
3062 2948 24 13 on
3095 2943 35 18 the
3137 2943 89 18 creditors
3236 2942 17 17 in

2817 2966 33 17 the
2860 2966 72 22 Colony
2941 2967 37 16 and
2987 2964 88 21 awarded
3082 2967 32 16 the
3123 2966 80 17 creditor
3213 2966 27 16 wh

2817 2989 46 18 took
2873 2990 38 17 this
2920 2990 47 16 view
2975 2989 32 18 the
3017 2989 69 20 £4,000
3097 2989 85 18 claimed.

2908 3035 236 32 TELEGRAPHIC.

2841 3083 106 20 Auckland,
2965 3083 43 17 Tin's
3024 3084 94 21 day.—-In
3139 3082 104 23 corripliahc
3251 3082 1 23 •

2818 3106 46 16 with
2875 3106 158 22 representations
3042 3107 55 16 made
3106 3107 53 21 dairy
3168 3106 72 18 machin-

2818 3134 33 17 ery
2861 3129 36 17 will
2907 3129 26 18 be
2935 3129 67 22 placed
3010 3135 25 12 on
3044 3130 32 17 the
3085 3135 51 12 same
3151 3127 74 25 footing
3234 3135 18 11 as

2818 3152 74 23 mining
2902 3152 114 23 machinery,
3027 3154 41 17 viz..
3080 3154 11 15 5
3098 3158 34 17 per
3146 3156 48 13 cent.

2841 3175 78 20 Paeroa,
2934 3176 44 16 This
2995 3176 94 21 day.—At
3106 3175 32 18 the
3154 3175 45 17 land
3217 3175 35 17 sain

2817 3198 101 22 yesterday
2934 3199 53 17 town
3008 3199 81 17 sections
3104 3198 85 23 brought
3205 3198 47 18 front

2819 3220 25 18 £8
2862 3221 29 17 ln3
2908 3222 22 16 to.
2945 3222 44 17 £2l.
3022 3222 39 17 The
3078 3220 111 24 purchasers
3207 3227 45 12 were

2819 3244 69 18 mostly
2897 3244 49 17 local
2959 3251 51 11 men.

2878 3294 121 18 ROTORUA
3019 3294 169 18 SANATORIUM.

2995 3341 123 22 Wellington,
3134 3340 44 18 This
3188 3341 42 20 day.

2842 3363 126 18 Information
2977 3364 16 17 is
3001 3363 72 19 desired
3083 3364 25 22 by
3118 3365 30 16 Mr
3159 3364 29 17 W.
3198 3363 56 23 Kelly

2818 3391 20 12 as
2848 3388 20 15 to
2878 3386 84 17 whether
2970 3393 37 16 any
3016 3389 51 19 stops
3076 3387 48 18 have
3141 3387 47 16 boon
3196 3387 60 17 taken,

2818 3410 20 16 to
2848 3414 53 17 carry
2910 3412 34 14 ont
2956 3410 33 17 the
3003 3410 183 17 recommendations
3194 3410 20 16 oi'
3224 3409 31 18 the

2819 3431 189 23 Inspector-General
3017 3434 20 16 of
3045 3433 98 22 Hospitals
3160 3433 19 16 in
3188 3438 55 17 regar
3251 3431 3 24 I

2818 3455 20 16 to
2847 3455 85 17 Rotorua
2941 3455 38 18 and
2987 3456 35 17 they
3028 3456 88 17 Thermal
3127 3456 78 23 Springs
3212 3456 32 17 Dis-

2819 3478 44 17 trict
2870 3478 3 19 ;
2888 3478 39 17 and
2934 3478 88 19 whether
3027 3480 18 16 it
3050 3479 16 18 is
3085 3479 32 18 the
3134 3478 92 19 intention
3236 3479 20 17 of

2818 3500 34 18 the
2859 3501 129 19 Government
2995 3504 22 15 to
3024 3508 54 17 carry
3087 3506 34 13 out
3137 3502 33 18 the
3183 3508 61 12 recom-

2819 3523 118 19 mendations
2947 3525 19 16 in
2974 3525 29 17 Dv
3019 3525 134 23 MacGregor's
3161 3526 69 22 report.

2841 3546 39 18 The
2897 3548 65 16 House
2978 3550 51 15 went
3051 3549 41 17 into
3109 3548 112 19 Committee
3236 3547 19 18 of

2819 3568 73 24 Supply
2901 3570 30 18 for
2944 3571 34 17 the
2993 3572 75 16 further
3084 3571 137 18 consideration
3236 3571 20 18 of

2818 3592 35 17 the
2861 3592 108 19 Estimates.

2841 3615 31 18 On
2883 3615 32 18 the
2923 3616 46 18 item
2994 3617 85 18 Rotorua
3089 3617 139 18 Sanatorium."'
3236 3617 17 17 in

2817 3638 54 23 reply
2880 3640 20 15 to
2916 3640 32 16 Mr
2965 3640 21 17 T.
3004 3640 116 18 Mackenzie.
3137 3640 32 17 Mr
3185 3640 71 17 Reeves

2817 3661 41 17 said
2867 3661 43 18 that
2918 3662 28 16 Dr
2955 3662 79 19 Ginders
3043 3669 38 11 was
3090 3664 52 21 quite
3148 3665 106 20 competent

2817 3685 21 16 to
2847 3685 94 21 supervise
2957 3686 33 17 the
3008 3686 126 18 Sanatorium,
3153 3685 33 18 but
3203 3686 51 16 what

2818 3713 38 10 was
2865 3708 75 17 wanted
2949 3714 40 13 was
2992 3715 11 11 a
3014 3709 78 18 medical
3108 3715 43 11 man
3166 3709 48 17 from
3223 3708 33 17 the,

2818 3730 104 18 Continent
2931 3732 46 17 with
2990 3737 25 12 an
3031 3734 66 21 export
3115 3732 111 23 knowledge
3236 3732 20 17 of

2817 3753 80 17 mineral
2906 3756 67 15 waters
2989 3755 39 17 and
3043 3755 79 17 medical
3139 3755 56 17 baths
3212 3755 42 17 who

2817 3776 56 17 could
2890 3777 122 19 superintend
3029 3778 32 17 the
3078 3778 61 17 whole
3154 3777 92 18 establish-

2817 3800 58 16 ment.
2902 3800 30 17 He
2941 3806 38 11 was
2991 3801 92 22 prepared
3100 3803 20 15 to
3135 3801 53 17 make
3205 3806 39 12 arc-

2817 3822 151 19 commendation
2993 3826 20 14 to
3031 3824 31 17 the
3084 3823 80 19 Cabinet
3181 3826 19 16 to
3218 3824 27 16 thi-

2817 3845 60 17 effeot.
2903 3846 38 16 The
2951 3847 60 17 whole
3019 3849 44 15 vote
3072 3853 39 12 wxw
3123 3847 74 21 pissed.

2841 3904 16 16 A
2865 3909 42 11 now
2915 3904 132 24 consignment
3062 3906 22 17 of
3095 3906 104 22 stationery
3213 3906 42 22 just

2816 3925 74 18 arrived
2899 3928 20 15 at
2928 3927 118 19 Cmioxiclk
3055 3925 63 22 Office!

2841 3955 23 16 In
2873 3957 110 16 connection
2993 3957 46 17 with
3048 3958 32 16 the
3091 3958 63 17 recent
3172 3957 82 18 anthrax

2816 3983 51 11 cases
2874 3979 21 15 ut
2901 3977 86 24 Ohaupo.
2997 3979 51 23 (says
3053 3980 32 18 the
3092 3979 87 19 Waikato
3185 3980 68 22 Times}

2816 4000 34 17 the
2859 4000 58 17 Stock
2925 4000 124 21 Diroartment
3058 4004 34 16 Las
3105 4003 104 18 instructed
3223 4003 33 18 Mr

2816 4023 76 17 Knsabs
2904 4025 20 16 to
2940 4026 73 23 plough
3030 4032 25 16 up
3074 4028 32 15 100
3121 4031 52 13 acres
3189 4027 20 16 of
3225 4026 31 18 his

2816 4047 49 16 farm
2874 4047 38 17 and
2921 4048 49 16 treat
2978 4049 15 16 it
3001 4049 47 17 w-if.h
3054 4049 44 17 limo
3107 4051 20 15 at
3135 4049 33 17 the
3183 4051 40 15 rate
3233 4050 20 16 of

2816 4070 39 16 two
2864 4071 43 16 tons
2915 4071 20 16 to
2944 4071 32 18 the
2992 4077 49 12 aero.
3065 4072 45 17 This
3127 4078 63 11 means
3208 4078 35 12 con-

2816 4092 93 19 siderable
2917 4094 71 23 outlay;
2997 4095 35 16 hut
3041 4101 11 10 a
3126 4095 75 23 portion
3210 4096 20 16 of
3237 4096 19 17 it

2816 4115 39 17 ■will
2864 4115 24 17 he
2896 4117 89 17 returned
2992 4118 20 16 in
3030 4118 32 16 the
3078 4118 138 23 improvement
3232 4121 23 14 to-

1229 93 57 19 THE
1323 92 56 20 HOT
1406 91 91 20 IAKES
1526 91 169 23 CKEONICLE,
1724 92 188 22 WEDNESDAY,
1941 91 130 21 OCTOBER
2099 95 18 19 9,
2136 93 48 18 189
2183 91 1 23 a

201 263 139 17 STEAMSHIP
355 260 113 19 COUPANT
489 260 30 15 OF

191 286 35 14 :-:\V
239 284 114 17 ZEALAND
363 282 79 18 Limited.

94 742 32 28 |J
138 743 109 21 UDDART,
273 741 111 20 PARKER,
406 740 54 18 AND
480 740 38 17 CO.

86 759 47 26 1L
249 764 108 25 (LIMITED),

163 812 58 18 NEW
235 812 84 17 STEAM
333 809 107 20 SERVICE

89 844 128 29 Bringing
226 844 62 23 Low
296 843 78 23 Fares
384 842 54 23 into
450 842 69 22 force

109 893 95 22 Splendid,
214 891 162 24 Well-appointed
383 891 92 18 Steamera
482 891 37 17 will

86 915 22 18 he
117 915 113 23 despatched
239 917 50 17 from
298 917 118 18 AUCKLAND,
426 919 20 12 as
461 914 58 17 under

86 938 90 24 (■weather
192 940 36 17 and
248 940 55 17 other
319 938 142 18 cirounistanoes
477 943 32 17 per-

86 961 85 24 mitting)
178 968 29 12 :

87 985 183 21 FoiiGISBORNE,
277 985 104 17 NAPIER.
389 983 114 18 WELLING-

109 1008 56 21 TON,
177 1008 157 20 LYTTELTON,
345 1008 15 16 &
369 1006 126 21 DUNEDIN,

89 1031 113 18 Tasmania.
211 1030 14 21 ..
233 1032 110 19 .Tuesday,
355 1030 40 17 Out.
402 1031 17 17 s,
429 1034 55 12 noon.

88 1055 109 20 Anglian,.
206 1055 109 19 .Tuesday,
326 1053 41 17 Oct.
376 1053 27 19 22,
415 1053 20 16 10
444 1058 44 12 a.m.

213 1100 52 17 FOR
279 1098 112 19 SYDNEY,

133 1122 114 23 (Returning
260 1123 19 17 to
288 1121 99 18 Auckland
395 1121 79 22 Direct.)

87 1145 93 23 Carrying
199 1145 113 23 Passengers
333 1144 29 18 for
385 1143 133 22 Melbourne,

98 1168 54 18 other
157 1169 132 18 Australian
296 1169 70 18 Pours,
373 1166 134 22 andHc-BAivr,

89 1197 91 16 Anglian
253 1197 101 18 Tuesday,
368 1194 41 17 Oct.
423 1194 17 21 8,
455 1194 10 16 3
473 1200 46 16 p.m.

87 1220 106 16 Tasmania
241 1220 98 19 Monday,
352 1218 42 17 Oct.
407 1217 28 21 21,
449 1219 9 15 -1
472 1223 46 16 p.m.

109 1246 79 23 Freight
195 1246 38 18 and
242 1246 91 23 Passages
346 1246 20 16 at
380 1249 78 13 lowest
470 1249 49 13 cun-

87 1273 52 14 KENT
153 1274 67 13 KATES.

109 1292 72 18 Return
190 1293 74 17 Tickets
270 1291 92 19 available
369 1291 28 17 for
402 1291 28 17 six
436 1291 82 16 months.

186 1321 22 17 L.
221 1321 25 17 D.
256 1320 107 18 NATHAN
376 1321 15 15 &
404 1319 45 21 CO.,

117 1395 224 45 Visitors'
367 1394 112 45 List,

117 1473 102 22 Brent's
236 1472 129 23 Bathe-ate
385 1471 95 23 House.

85 1505 40 17 Mra
134 1504 37 17 and
179 1504 47 17 Miss
240 1505 56 19 Hurt,
311 1503 79 18 Thames

131 1527 70 18 Hazier
209 1527 37 18 and
256 1526 55 22 maid,
322 1526 92 17 Gisbonio

131 1550 71 21 Dodds,
217 1550 91 18 Gisborne

131 1573 21 18 B.
164 1573 71 23 Penny,
245 1572 98 19 Blenheim

130 1596 91 18 TurnbuU
231 1596 37 17 and
280 1596 54 20 child,
352 1594 95 19 Taranaki

131 1619 80 23 Wright,
221 1620 101 21 Tauranga

89 1643 64 17 Misses
160 1643 92 17 Williams
262 1642 32 23 (2),
304 1641 88 18 Duncdin

131 1665 74 21 Brown,
215 1665 93 17 Taranaki

131 1688 52 22 Reid,
200 1690 99 21 Tauranga

87 1712 29 17 Mr
125 1712 122 23 (iillinghain,
259 1713 76 16 Timaru

119 1735 37 17 and
165 1735 40 18 Mrs
214 1736 21 16 F.
245 1736 23 16 A.
278 1735 61 19 Kruil,
350 1733 106 24 Wanganui

190 1759 20 16 T.
219 1758 24 18 E.
254 1757 79 21 Seddon,
341 1757 77 18 Timaru

119 1782 25 17 11.
155 1781 23 17 E.
188 1782 47 20 Hill,
245 1780 90 19 Adelaide

120 1804 104 20 O'Connor,
237 1804 70 23 Napier

120 1828 74 22 Kenny,
208 1828 76 21 Sydney

119 1851 97 18 Freeman,
231 1849 100 19 Auckland

119 1874 114 22 Bottomloy,
249 1874 95 17 Pabiatua

118 1897 64 20 Jones,
197 1896 88 19 Duncdin

120 1921 70 19 Crowe,
208 1919 88 19 Duncdin

118 1942 99 22 Muldoon,
232 1942 100 18 Auckland

120 1966 118 23 Dougherty,
252 1966 92 17 Gisborne

119 1989 81 20 Telford,
219 1988 89 20 Scotland

119 2011 85 24 Phillips,
219 2011 100 18 Auckland

85 2035 27 18 Dr
120 2035 60 23 Barry
188 2036 21 17 T.
219 2035 80 21 Russell,
310 2034 75 24 Sydney

204 2074 70 22 Lake
289 2074 94 22 House.

85 2104 30 17 Mr
128 2103 119 21 Sutherland,
258 2102 82 19 Hawkes
348 2103 41 21 Bay

118 2127 26 16 11.
154 2128 61 21 Davy,
231 2126 100 17 Auckland

120 2150 85 21 Stewart,
273 2163 11 6 ~

119 2173 90 19 Sullivan,
271 2185 13 7 ~

118 2196 66 20 Grant,
205 2196 80 17 Galatea

118 2219 29 18 W.
157 2219 50 20 Bird,
240 2232 12 7 „

119 2242 97 21 Paterson,
227 2241 26 23 (2)
265 2242 101 21 Tauranga

119 2264 66 24 Inglis,

118 2288 70 17 Vercoe
294 2300 12 7 ~

118 2311 98 19 Fairhuru,
231 2310 100 18 Auckland

118 2333 78 23 MoKee,
206 2335 25 16 To
240 2335 53 16 Puke

118 2358 86 20 Munroc,
218 2356 100 19 Auckland

118 2380 126 17 Kursthouse.
259 2380 98 17 Auckland

196 2417 54 22 The
259 2416 140 28 Langham.

86 2448 39 16 Mrs
223 2446 100 18 Auckland

85 2470 30 17 Mr
124 2470 37 17 and
170 2470 39 18 Mrs
218 2470 47 20 Fov,
277 2470 100 21 Tauranga

118 2493 79 21 Flower,
207 2493 100 22 Tauranga

85 2516 30 17 Mr
124 2517 96 21 Seymour,
230 2515 100 18 Auckland

120 2540 107 19 Tarawhiti,
238 2538 100 19 Auckland

90 2561 2 23 '
116 2563 5 5 n
134 2568 14 16 ;e
155 2563 80 19 Wilson,
245 2561 99 18 Auckland

174 2625 247 44 NOTICE.

87 2759 197 33 FRANKTON
310 2758 206 33 JUNCTION

252 2801 113 31 HOTEL.

97 2895 194 47 PASSENGERS
305 2896 28 23 by
348 2895 53 19 train
417 2897 20 17 to
452 2894 52 20 Auck-

277 2921 55 19 land.

85 3018 72 19 Trains
179 3020 44 22 stop
244 3018 75 23 twenty
337 3016 88 18 minutes
443 3018 21 16 at
484 3015 35 19 the

132 3043 106 19 Prankton
247 3043 96 19 Junction
353 3042 31 18 for
394 3041 77 19 dinner.

111 3069 43 19 The
177 3068 136 25 undersigned
341 3068 38 18 lias
409 3067 110 19 first-class

86 3095 64 19 Meals
163 3095 61 24 ready
235 3095 40 18 and
285 3093 70 20 served
365 3100 26 12 on
405 3093 74 19 arrival
498 3093 21 19 of

87 3121 26 19 all
124 3121 70 19 trains.

86 3170 219 45 William
317 3168 199 54 Geateli,

141 3234 319 24 PROPRIETOR.

89 3278 147 24 Hancock's
244 3277 99 23 XXXX
349 3276 62 23 Ales
419 3276 101 29 always

217 3311 34 16 on
261 3302 127 30 Draught.

240 3565 56 19 ASK
311 3563 55 20 FOE

89 3613 431 47 HANCOCKS'

212 3687 183 21 CELEBRATED

268 3738 87 33 XXXX

201 3795 208 51 ALES,

222 3861 57 12 MADE
287 3861 55 13 PROM
351 3860 41 14 THE

92 3896 117 33 FINEST
235 3895 86 32 MALT
342 3896 64 31 AND
421 3895 99 37 HOPS,

131 3990 53 13 FK£E
196 3989 56 14 .FROM
264 3988 39 13 ALL
315 3987 125 14 ANTISEPTICS
452 3989 26 12 OH

197 4024 140 14 .DELETERIOUS
355 4024 63 12 ACIDS.

96 4098 138 33 CAPTAIN
256 4096 82 33 COOK
355 4096 165 38 BREWERY,

194 4145 194 22 NEWMARKET.

542 160 291 48 Ehrenfriea
851 169 121 35 Bros

685 221 143 23 BREWERS,

619 253 109 20 ALBEIiT
744 253 149 24 BrtEWERY,

562 287 39 20 QU
607 286 92 20 isEN-ST
705 287 13 18 K
722 285 57 23 EET,
793 282 159 23 AUCKLAND

561 338 68 17 WINE
642 337 50 16 AND
704 336 81 17 SPIRIT
793 334 158 21 MERCHANTS,

584 362 122 20 BOTTLERS
720 365 48 16 AND
785 362 144 19 IMPORTERS,

627 388 27 18 •13,
668 390 132 14 aUEEN'-6TI'.Ei:T
816 388 70 12 WIIABF.

633 439 52 11 IT.IZ*
695 438 60 11 MEDAL
765 437 35 10 />'D
812 436 70 11 IVTiBOo

541 463 24 13 At
574 461 28 15 the
617 460 56 17 follow
677 460 15 15 in
695 465 12 11 v
724 458 110 16 Exhibition*
850 456 26 16 for
884 461 33 11 one
925 455 38 17 well-

636 481 61 16 known
713 480 43 15 Bulk
765 478 32 16 ami
808 477 12 16 B
828 478 47 16 .ttted

654 501 48 17 ALE
714 500 49 16 AND
775 498 86 18 STOUT:

541 529 68 22 Sydney
619 527 124 19 Internaiiotal
752 526 107 17 Exhibition.
871 527 47 16 1579.

542 551 99 16 Melbourne
650 548 126 17 International
784 548 108 18 Exhibition,
902 547 69 15 1880-81

541 573 41 15 New
591 570 73 18 Zealand
674 568 204 20 LudustrUlExhibition,
885 567 77 21 Welling-

584 597 35 13 ton.
632 592 46 15 1883.

541 614 43 16 New
603 611 75 19 Zealand
692 611 33 17 and
739 612 54 15 South
805 611 42 16 Seas
862 611 110 16 Exhibition.

584 634 87 17 Dunediu.

541 656 20 16 In
571 656 76 16 addition
657 657 17 13 to
684 655 53 15 abutre
745 654 42 16 have
805 654 43 15 been
862 652 81 17 awarded
956 655 18 13 «t

720 675 108 19 Exhibition,
856 674 118 20 Ltuncestou,

586 698 78 16 IS.I-92.

628 722 57 17 FIVE
696 722 69 16 FIRST
782 722 107 16 AWARDS

541 766 67 17 BULK
621 764 108 17 BOTTLED
745 764 57 16 ALES
819 764 56 16 AND
896 764 76 17 STOUT

629 817 251 32 CHAMPIONSHIP

569 855 65 24 Gold
647 854 87 23 Medal
744 854 28 23 of
783 854 166 23 Australasia

650 889 72 12 AGAINST
732 889 98 12 AXLCOSUSRS
841 889 31 12 FoK

542 914 91 22 BULK
646 913 69 22 AND
735 911 146 23 BOTTLED
895 911 67 23 ALE

636 964 73 19 Having
716 969 10 11 a
735 964 57 19 Large
800 963 52 15 Stock
860 963 18 15 of

656 989 48 16 ALE
716 988 49 16 AND
778 988 82 20 STOUT,

544 1016 59 16 Bottle.
606 1014 4 21 1
620 1016 16 16 in
645 1018 50 17 quart
705 1015 33 15 mid
753 1015 38 20 pint
805 1015 68 17 b-ittle*.
890 1014 86 21 specially

543 1038 65 15 brewed
618 1037 26 16 for
652 1037 28 15 the
689 1041 73 11 Bummer
771 1035 54 20 trade,
836 1035 56 16 which
899 1041 29 10 are
937 1041 39 10 now

542 1058 105 20 thoroughly
655 1058 84 17 matured,
751 1062 31 10 can
798 1057 41 15 with
854 1061 50 16 every
920 1057 45 15 confi-

542 1081 51 15 dence
605 1078 106 17 recommend
726 1083 34 11 sum
763 1083 9 11 a
788 1081 16 13 to
819 1082 119 11 connoisseur*
956 1083 19 10 us

542 1101 61 15 second
611 1102 17 14 to
636 1105 44 10 none
690 1100 16 15 in
716 1100 29 15 the
753 1099 72 20 Colony.

678 1141 160 23 ROTORITA.

732 1202 55 11 J.XAR

542 1222 409 85 Langham

565 1324 49 23 (Oho
621 1324 87 16 minute's
716 1322 50 19 walk
775 1324 48 16 from
831 1323 33 19 the
868 1324 73 18 Govern-

693 1347 52 17 ment
754 1346 74 23 Baths.)

659 1413 191 22 T6RMS:

567 1448 99 30 35sper
684 1448 88 28 week;
791 1448 157 30 6s3perday.

567 1479 61 23 Two
638 1479 89 23 weeks
737 1486 28 15 or
774 1477 99 31 longer,
894 1479 54 23 30s.

576 1545 27 30 C.
636 1544 134 31 HAWKER
798 1544 142 38 WILSON,

668 1585 186 22 PROPRIETOR.

697 1726 118 23 Tenders.

541 1778 166 33 TyrKITTEiN
718 1779 129 19 TENDERS
858 1780 40 18 will
909 1780 25 18 bo
945 1785 20 13 ro-

559 1811 7 8 »
576 1804 9 17 T
632 1804 68 20 ceived
724 1808 21 16 at
763 1804 86 20 Galatea
867 1808 35 16 not
924 1806 51 18 later

541 1831 49 18 than
600 1830 112 25 Thursday,
725 1831 47 19 24th
784 1831 86 19 October
880 1834 54 17 next,
944 1832 31 18 for

540 1857 80 24 carting'
643 1857 89 24 supplies
750 1857 53 19 from
827 1857 34 19 tho
881 1857 93 25 Railway

541 1883 86 22 Station,
639 1881 95 26 Botorua,
747 1886 20 16 to
787 1883 33 19 tho
839 1883 136 19 Governniont

541 1909 57 18 Store
609 1911 20 16 at
639 1908 28 18 To
678 1907 77 21 Whaiti
766 1909 30 19 for
806 1916 12 11 a
837 1909 70 25 period
926 1910 20 18 of
964 1911 11 16 C

540 1934 87 19 months.
656 1934 117 20 Conditions
784 1935 20 19 of
814 1938 89 16 contract
917 1938 21 16 to
948 1935 25 19 ho

540 1966 47 12 seen
600 1962 21 17 at
631 1960 34 18 the
675 1961 77 24 Survey
771 1961 67 23 Ollioo,
858 1961 114 23 Auckland,

540 1986 67 18 Times
626 1985 66 25 Office,
712 1987 115 25 Tauranga,
851 1987 40 19 and
903 1987 70 19 Police

541 2011 85 23 Station,
639 2011 96 21 Botorua.

541 2064 62 24 sarily
613 2064 99 25 accepted.

694 2090 21 19 C.
731 2091 23 18 15.
768 2091 124 23 TURNER,

614 2116 187 26 A.ctingiEngineer
815 2117 21 18 in
846 2117 75 25 charge

721 2142 85 19 Galatea
818 2142 74 19 Roads.

1085 152 105 20 PUBLIC
1205 152 133 20 AUCriON.

1104 211 26 12 AT
1143 211 29 12 AX
1186 211 68 12 EAULY
1268 211 61 12 DATE.

997 239 41 19 The
1049 239 137 26 undersigned
1197 239 40 18 will
1249 239 34 18 soil
1294 246 21 11 as
1323 239 64 19 above
1396 238 33 18 the

1022 265 80 19 residue
1113 266 21 17 of
1144 264 33 20 Mr
1187 265 116 19 Falloona's
1321 265 107 21 furniture,

1022 291 124 24 coinurising
1155 298 33 10 :

998 309 14 42 fj
1023 316 104 19 SINGLE
1142 316 70 19 IBON
1227 315 163 21 BEDSTEADS

998 363 79 19 Double
1089 364 40 18 and
1139 364 66 24 single
1216 364 44 18 hair
1271 366 117 17 mattrasses

998 389 86 19 Feather
1094 389 40 19 and
1143 389 52 19 fl.>ck
1207 390 78 24 pillows

998 416 23 17 ■32
1033 415 70 18 White
1113 415 99 20 Blankets

997 466 158 26 Counterpanes,
1171 467 66 19 Toilet
1257 468 80 23 Covers,
1358 468 70 18 Pillow

1049 493 60 25 Slips,
1120 493 100 19 Venetian
1232 494 71 18 Blinds

998 518 92 25 Looking
1100 519 82 24 glasses,
1194 519 66 19 Toilet
1270 520 45 18 Sets

998 544 134 20 Washstands
1143 545 41 19 and
1194 546 70 23 Ware,
1283 544 40 25 &c-.
1340 546 25 18 &e
1375 544 4 25 ,
1398 545 30 19 &c.

1189 578 55 17 ALSO,

1048 596 48 25 Dog
1108 597 48 19 Cart

1049 622 98 20 Cortland
1158 624 95 25 Waggon

1048 649 49 19 Low
1114 649 92 19 Phaeton

1049 675 108 19 American
1167 676 51 18 built
1227 676 72 25 Spider
1308 675 75 25 Buggy
1392 675 40 19 and

1103 701 62 20 Hood

1051 728 82 22 Horses,
1148 729 40 23 &c,
1214 729 32 18 &c.

1044 759 177 19 TEUMS—Cash
1235 765 23 12 o:.
1259 759 2 19 t
1275 764 110 14 delivery.

1155 785 19 19 J.
1190 785 26 19 E.
1230 784 119 24 TAYLOit,

1266 811 141 19 Auctioneer.

1086 858 120 18 ROTORUA
1219 856 122 18 LIBRARY.

1088 903 74 19 Annual
1178 902 78 20 General
1270 902 85 20 meeting
1369 904 20 16 to
1402 908 20 11 re-

1061 928 51 16 ceive
1120 926 72 23 Report
1200 926 37 18 and
1245 926 144 17 Balance-sheet
1395 926 37 17 and

998 955 20 13 to
1026 950 48 18 elect
1082 955 41 12 new
1132 949 112 19 Committee
1257 948 39 18 will
1310 949 23 17 be
1348 948 44 18 held
1408 954 24 12 on

999 974 85 19 Friday,
1095 972 81 18 October
1191 973 27 20 11,
1232 973 21 16 at
1269 973 11 16 8
1294 978 54 16 p.m.,
1363 972 21 16 in
1399 972 33 17 the

998 997 86 21 Library.

1127 1019 22 17 P.
1164 1019 19 17 C.
1199 1018 162 19 PROTHEROE,

1209 1042 52 17 Hon.
1272 1042 40 17 Sec.
1321 1047 34 17 pro
1364 1041 45 17 tern.

1115 1091 63 18 FIRE
1192 1091 123 18 BRIGADE.

999 1138 44 42 A
1055 1137 120 17 MEETING
1181 1138 21 16 of
1208 1138 32 16 the
1246 1136 124 21 Preliminary
1377 1136 42 18 Com-

1068 1161 64 17 mittee
1141 1161 20 17 of
1169 1161 32 17 the
1210 1161 85 16 Rotorua
1304 1160 42 16 Fin;
1352 1159 80 23 Brigade

1000 1184 37 17 will
1046 1184 43 17 take
1098 1184 52 22 place
1159 1184 19 17 in
1187 1184 33 17 the
1234 1183 87 21 Reading
1336 1183 59 16 Room
1409 1189 25 10 on

1000 1207 131 17 Wednesday
1144 1208 102 19 Evening,
1261 1203 81 20 October
1365 1207 27 19 10,
1413 1208 21 15 at

1000 1231 9 15 S
1018 1230 77 18 o'clock.

1000 1269 43 41 A
1055 1268 121 17 MEETING
1196 1269 20 15 of
1237 1268 119 20 subscribers,
1373 1274 45 12 mem-

1079 1291 42 18 bers
1149 1291 38 17 and
1214 1291 101 21 intending
1343 1291 91 17 members

1000 1315 37 16 will
1046 1314 44 17 take
1098 1314 53 22 place
1160 1314 19 17 in
1188 1314 32 17 the
1229 1314 87 23 Reading
1325 1314 65 21 Room,
1409 1321 24 10 on

1000 1337 86 22 FRIDAY,
1096 1338 82 17 October
1188 1338 49 19 18th,
1248 1338 20 16 at
1277 1338 10 15 S
1294 1343 53 16 p.m.,
1357 1338 30 16 for
1400 1338 32 17 the

1000 1361 79 17 election
1095 1361 20 16 of
1127 1361 78 19 officers,
1221 1361 32 16 the
1270 1361 102 16 formation
1385 1361 21 17 of
1421 1367 11 11 it

1000 1385 110 21 permanent
1118 1383 107 18 committee
1238 1383 38 18 and
1290 1383 32 18 the
1337 1383 85 18 consider-

1000 1407 51 16 ation
1059 1407 20 17 of
1088 1406 55 18 rules.

1116 1430 25 17 H.
1155 1430 29 17 W.
1199 1430 163 20 NEIGHBOUR,

1273 1453 40 17 Sec.
1322 1459 34 16 pro
1366 1454 43 16 tern.

1097 1495 96 17 PUBLIC
1205 1495 126 17 MEETING.

1000 1544 43 39 A
1056 1541 120 17 MEETING
1188 1542 19 16 of
1218 1541 31 17 11iu
1256 1541 98 17 Residents
1361 1542 20 16 of
1387 1541 45 17 both

1067 1564 104 22 townships
1188 1564 38 17 will
1244 1564 43 17 take
1303 1564 53 22 place
1364 1564 20 17 in
1401 1564 32 18 the

1000 1587 78 22 Library
1087 1587 38 17 and
1135 1587 86 23 Reading
1235 1587 61 17 Room
1310 1593 24 11 on
1348 1587 85 23 Monday

1000 1610 42 17 14th
1052 1610 87 20 October,
1149 1611 20 16 at
1177 1611 11 16 8
1197 1616 52 16 p.m.,
1260 1611 29 16 for
1303 1610 31 17 the
1351 1616 81 17 purpose

999 1634 19 16 of
1026 1633 119 22 considering
1153 1634 53 16 what
1214 1634 73 16 further
1297 1635 50 21 steps
1355 1634 38 17 will
1410 1634 23 17 be

1000 1657 55 16 taken
1071 1657 103 22 regarding
1190 1657 32 17 the
1239 1657 111 17 resolutions
1367 1657 66 22 passed

999 1686 23 10 on
1032 1679 48 17 22nd
1089 1679 47 22 July
1143 1680 43 17 last.

1115 1707 26 17 H.
1155 1707 30 17 W.
1199 1707 161 20 NEIGHBOUR,

606 2355 114 24 Rotorua
728 2356 80 23 Town
818 2357 85 23 Board

552 2406 34 19 TO
608 2406 168 22 CONSUMERS
793 2408 34 19 OF
848 2409 109 19 WATER.

560 2465 5 6 K
686 2460 16 18 is
708 2460 77 24 hereby
791 2461 61 24 given
863 2462 44 18 that
915 2461 58 19 those

543 2483 38 21 jI.S
618 2484 22 20 in
649 2491 69 14 arrear
733 2486 48 19 with
796 2486 53 20 their
860 2490 62 17 water
927 2493 45 20 supi

540 2511 35 26 ply
586 2512 42 18 fees
637 2518 33 12 are
680 2512 94 25 required,
784 2516 20 15 to
816 2519 40 19 pay
867 2514 34 18 the
919 2519 54 13 same

541 2544 25 12 on
576 2544 23 12 or
609 2537 112 19 before''the
735 2538 46 19 16th
793 2539 55 22 inst.,
866 2539 107 20 otherwise

540 2563 34 19 the
585 2564 73 24 supply
670 2563 41 19 will
726 2564 26 19 be
769 2567 34 16 cut
820 2565 28 19 off
868 2565 40 19 and
925 2565 48 24 only

540 2589 132 19 reconnected
682 2592 20 16 at
712 2590 52 19 their
774 2594 42 16 cost
824 2591 21 19 of
855 2593 28 17 ss.

540 2615 31 25 By
583 2615 68 24 Order,
715 2616 26 18 R.
756 2616 20 19 D
798 2616 121 25 DA.NSEY,

746 2642 41 20 Sec.
798 2645 21 17 to
828 2644 33 18 the
872 2643 73 19 Board.

569 2669 29 17 Ist
607 2667 92 23 October,
714 2669 55 18 1895.

602 2711 115 24 Rotorua
727 2712 80 23 Town
820 2713 90 22 Board-

540 2762 34 20 TO
588 2762 105 20 CATTLE
706 2765 16 17 &
736 2763 94 21 HORSE
842 2765 131 19 OWNERS.

541 2814 42 43 IT
595 2815 24 17 IS
631 2815 108 17 HEREBY
748 2817 77 17 notified
834 2817 42 17 that
889 2817 32 17 the
932 2817 26 17 Im-

590 2838 99 22 pounding
698 2839 36 17 Act
741 2839 39 18 will
788 2840 49 17 from
854 2840 37 17 this
905 2842 33 15 out
950 2841 24 16 be

541 2861 77 24 strictly
628 2862 93 18 enforced
731 2863 40 18 and
787 2863 27 18 all
830 2866 56 22 stray
895 2864 75 22 horses,

541 2893 22 12 or
573 2886 67 25 cattle,
649 2894 23 11 or
685 2888 91 19 tethered
795 2889 91 23 animals,
900 2889 71 19 within

541 2912 33 20 the
585 2912 108 26 Township
708 2913 42 19 will
767 2914 23 19 be
805 2914 124 25 impounded
950 2921 23 12 or

541 2939 54 18 their
603 2945 78 13 owners
690 2940 124 24 prosecuted.

567 2964 32 25 By
609 2965 69 24 Order,
725 2965 61 19 R.D.
799 2966 55 19 DAN
860 2967 59 23 SET,

745 2991 42 21 Sec.
797 2994 22 18 to
827 2992 34 20 the
873 2992 73 20 Board.

569 3018 30 17 Ist
608 3016 91 24 October,
714 3019 55 18 1895.

657 3057 196 21 PANUITANGA.

550 3130 37 23 n
599 3135 372 24 ngatangatakiakauaoratouhoiho

541 3160 42 19 kau
592 3161 56 18 ranei
658 3161 7 18 i
674 3161 60 18 herea
745 3161 54 19 kite
815 3164 59 17 taura
894 3168 11 12 e
921 3163 52 18 tuku

542 3187 56 18 rauei
607 3186 36 19 kia
651 3186 61 20 haere
728 3187 60 19 noiho
805 3187 23 19 ki
844 3191 44 16 roto
908 3188 7 19 i
933 3194 41 19 nga

542 3212 50 19 rohe
599 3213 40 18 ote
649 3214 59 17 taone
717 3212 44 26 hipi
774 3213 33 19 kei
827 3214 67 19 whiua
913 3213 60 20 kite

542 3244 75 19 pauna.

600 3282 115 24 Rotorua
729 3283 81 24 Town
822 3284 75 23 Board-

710 3342 34 13 are
758 3336 77 24 hereby
851 3336 78 20 invited
947 3336 27 24 by

566 3360 7 19 L
609 3360 35 19 the
653 3360 68 20 Board
731 3362 33 18 for
773 3362 35 18 the
825 3361 109 20 formation
954 3363 20 18 of

542 3386 57 19 those
617 3388 56 22 parts
689 3386 21 19 of
724 3387 104 26 Haupapa
844 3388 41 19 and
901 3389 59 18 Puku-

542 3415 49 16 atua
615 3412 76 19 Streets
706 3412 58 26 lying
783 3413 92 20 between
894 3414 80 19 Fenton

542 3438 41 19 and
590 3438 114 19 Tutanekai
714 3439 82 19 Streets.
823 3439 51 20 Also
889 3440 32 19 for
939 3440 35 19 the

542 3463 105 25 grubbing
657 3464 21 18 of
687 3464 35 19 the
729 3465 59 18 scrub
798 3471 25 12 on
835 3466 46 18 that
891 3467 45 23 part
954 3466 20 18 of

543 3489 102 19 Hinemoa
665 3489 65 20 Street
748 3490 93 19 between
859 3491 115 20 Tutanekai

543 3514 40 20 and
592 3514 76 20 Ranolf
677 3515 71 20 Street.

569 3540 44 19 The
621 3540 70 20 lowest
701 3547 22 13 or
732 3548 40 19 any
783 3542 71 19 teader
863 3546 36 15 not
908 3549 55 13 neces-

543 3566 60 24 sarily
614 3567 100 24 accepted.
741 3567 42 19 Ten
793 3574 36 19 per
838 3571 45 16 cent
896 3569 78 25 deposit

543 3594 21 17 to
574 3598 121 18 accompany
705 3593 76 19 tender.

570 3617 150 26 Specifications
734 3625 47 18 may
793 3619 24 19 be
835 3626 47 12 Beon
899 3621 21 18 at
940 3620 34 20 the

543 3643 92 19 Rotorua
644 3643 49 19 Post
701 3645 60 18 Oltice
769 3650 27 13 on
804 3651 22 13 or
835 3645 54 19 after
899 3645 63 20 Thurs-

543 3669 46 25 day,
598 3669 35 19 the
643 3669 36 18 3rd
694 3669 83 19 instant.
812 3671 89 19 Tenders
922 3671 52 20 close

543 3697 21 16 at
574 3701 53 12 noon
637 3701 25 13 on
672 3694 36 20 the
718 3696 47 18 12th
776 3695 47 20 inst.

547 3721 28 25 By
585 3720 69 24 Order,
708 3721 26 19 R.
748 3721 26 20 D.
790 3721 120 26 DANSEY,

744 3747 44 21 See.
797 3750 21 17 to
828 3749 34 18 the
872 3749 74 19 Board.

572 3774 30 17 Ist
611 3772 92 24 October,
716 3774 56 18 1895.

663 3815 187 20 PANUITANGA

1093 1770 26 40 F.
1165 1770 172 47 GOODSON,

1139 1827 151 32 ROTORUA

998 1867 82 31 GOAL
1096 1867 26 30 &
1143 1866 168 32 FIREWOOD
1331 1865 98 37 YARD,

1019 1992 63 19 Goods
1090 1993 94 17 delivered
1192 1994 49 16 after
1254 1992 69 18 arrival
1338 1994 20 16 of
1371 1993 58 17 trains

996 2017 19 15 to
1023 2016 26 16 all
1058 2018 51 20 parts
1119 2017 20 16 of
1147 2016 32 18 the
1189 2018 50 15 town
1250 2015 45 17 with
1304 2018 125 20 promptness.

996 2048 61 22 Large
1066 2048 57 17 Stock
1136 2049 20 16 of
1173 2048 45 17 Coal
1235 2048 37 17 and
1290 2048 96 17 Firewood
1402 2048 18 17 al-

1065 2076 51 18 ways
1125 2078 24 10 on
1158 2072 51 16 hand
1219 2071 37 17 and
1266 2071 93 17 delivered

1135 2095 21 16 at
1164 2095 32 16 the
1209 2095 81 17 shortest

1178 2118 68 17 notice.

568 3866 43 42 IE
632 3866 73 20 TONO
716 3868 53 19 tenei
788 3868 21 19 ki
828 3875 43 18 nga
889 3871 85 22 tangata

620 3892 71 19 hiaiiia
707 3893 54 19 kite
778 3894 56 19 mahi
844 3895 35 18 Ida
893 3895 78 18 whaku.

543 3918 54 19 turia
606 3918 40 19 mai
657 3920 21 17 ta
687 3921 60 16 ratou
757 3922 38 16 utu
806 3926 10 12 e
825 3920 35 24 pai
868 3926 40 13 ana
915 3922 59 17 ratou

544 3950 32 12 mo
585 3946 19 16 te
613 3944 56 18 mahi
679 3946 61 18 mete
748 3945 163 20 whakatikatika
918 3946 7 19 i
933 3952 41 19 nga

545 3969 52 19 wahi
606 3976 12 12 o
628 3969 103 26 Haupapa
738 3977 31 13 me
780 3971 111 20 Pukuatua
903 3972 51 18 tiriti
964 3978 10 12 e

543 3995 70 19 takoto
623 4001 39 12 ana
671 3995 7 18 i
689 4002 84 19 waenga
781 4003 13 12 o
809 3997 106 19 Penetaua
924 4004 50 12 rana

543 4021 28 19 ko
583 4019 115 21 Tutanekai
707 4021 50 19 tiriti
772 4024 62 17 mete
844 4023 92 19 hutikuti
954 4025 20 17 te

545 4046 43 19 keri
597 4045 56 19 ranei
663 4046 5 18 i
680 4052 41 19 nga
731 4048 89 19 manuka
829 4055 12 12 e
849 4051 53 22 tupu
910 4055 40 12 ana
967 4049 7 18 i

545 4074 42 17 tera
594 4071 42 25 pito
645 4078 12 13 o
665 4071 100 20 Hinemoa
775 4073 50 19 tiriti
833 4081 35 12 ara
876 4075 7 17 i
890 4080 85 19 waenga

543 4104 12 12 o
564 4097 114 20 Tutanekai
688 4104 50 13 rana
747 4098 26 19 ko
781 4098 76 20 Rdnolf
864 4100 57 19 tiriti.

569 4123 40 19 Kei
630 4125 19 16 te
670 4123 114 25 Poutapeta
803 4131 42 19 nga
860 4125 87 26 tikanga
964 4132 11 13 e

543 4148 70 20 tokoto
623 4155 46 13 ana.

997 2235 87 42 MISS
1102 2236 106 20 FRASER,
1223 2236 90 22 qualified
1330 2236 98 17 American

1071 2259 100 20 Masseuse,
1182 2259 83 22 recently
1279 2259 49 17 from
1341 2259 86 21 London,

995 2281 14 17 is
1023 2282 91 21 prepared
1128 2284 19 15 to
1161 2282 66 17 attend
1243 2282 83 23 patients
1342 2288 25 12 on
1384 2288 44 16 very

995 2305 94 16 moderate
1098 2306 63 17 terms.

1018 2328 36 17 She
1063 2327 34 19 has
1105 2328 38 17 had
1152 2334 57 16 many
1217 2328 59 22 years'
1287 2329 108 21 experience
1409 2328 19 18 in

995 2350 31 18 the
1042 2352 108 19 treatment,
1168 2352 38 16 and
1226 2351 15 18 is
1258 2352 117 22 thoroughly
1397 2357 20 11 ac-

995 2373 89 23 quainted
1094 2375 45 16 with
1148 2375 32 17 the
1189 2375 74 22 System
1272 2375 21 16 of
1302 2375 28 17 Dr
1344 2375 19 17 S.
1378 2375 50 17 Weir

995 2397 91 19 Mitchell,
1096 2397 20 17 of
1125 2397 136 23 Philadelphia,
1272 2398 30 17 for
1312 2398 31 17 the
1352 2403 43 12 cure
1409 2398 19 17 of

995 2420 79 17 General
1082 2420 91 23 Debility,
1180 2421 135 20 Nervousness,
1324 2421 102 20 Insomnia,

995 2443 110 23 Dyspepsia,
1115 2444 39 20 &c,
1165 2445 32 16 &c.

1017 2470 87 20 Address,
1115 2471 33 19 C/o
1158 2470 64 21 Office,

1142 2494 85 17 LAKES

1237 2517 100 18 Hixemoa
1350 2517 31 18 St.

1180 2559 81 22 Cottage
1273 2561 20 15 to
1308 2559 119 23 let.—Apply

1011 2598 9 3 _
1058 2582 99 17 Seddox's
1167 2583 58 16 Lake
1238 2583 65 16 View.

962 4244 100 41 Ask
1087 4246 72 41 for
1185 4246 262 39 Hancock's
1479 4244 276 40 Celebrated
1780 4244 188 40 XXXX
1992 4246 111 41 Ales
2129 4251 94 37 and
2249 4250 146 39 Stout.
