3330 4350
81 153 33 39 IN
123 151 150 41 ANCIENT
284 151 107 41 MAORI
403 151 102 40 LAND.

80 267 64 17 Notes
165 270 111 13 collected
294 270 53 12 from
365 270 40 12 ttif.
421 269 74 13 descen-

104 292 61 14 dants
174 293 24 13 of
205 292 42 13 the
260 292 124 14 ABORIGINAL
393 292 76 13 I-EOrLE
485 292 22 12 OF

101 316 40 12 THE
148 311 89 18 RANGITA
244 310 250 19 nrrYATXEYANDtheUbe-

102 339 56 12 wexa.
168 334 101 21 CoromtY,
280 339 41 12 axis
332 339 50 12 from
389 337 40 13 the
436 334 57 16 Mata-

100 361 52 14 atua
162 358 78 17 Tribes.

191 391 31 15 By
231 391 101 15 ELSDON
343 390 67 16 BEST.

101 448 57 16 Given
167 447 26 23 by
202 447 90 17 members
301 447 20 16 of
330 447 31 16 the
367 445 128 21 Nprati-Manu-

76 477 34 11 w.-i.
132 470 144 23 Ngiiti-Whare,
295 469 69 20 Tuhoc,
386 468 119 23 Ngati-Apa,

76 494 122 22 Ngnti-Awa,
221 492 146 23 Ngati-Harnua
388 491 38 17 and
445 491 49 17 Patu-

76 516 72 16 iueuheu
157 517 69 15 Tribes.

227 570 41 13 nga
280 569 115 14 makamaka
407 570 10 12 o
431 565 73 18 JMata-

220 644 118 17 CHAPTER
346 644 16 15 I.

134 688 39 13 the
187 684 68 16 Maori
265 687 116 12 preserved
390 687 34 12 his
433 686 56 13 know-

177 708 65 16 ledge
254 710 24 13 of
290 710 41 12 the
343 710 53 12 fast.

100 735 27 18 To
138 734 56 18 those
204 734 45 18 who
261 734 52 18 have
329 732 80 19 studied
423 732 34 18 the
475 732 19 18 ef-

78 762 36 17 fect
127 761 21 17 of
157 760 34 19 the
201 759 93 24 adoption
306 759 21 18 of
337 765 11 12 a
365 759 78 17 written
458 758 34 18 lnn-

77 792 65 17 uuago
153 785 26 25 by
191 792 11 11 a
212 791 44 12 race
268 792 24 11 on
302 785 26 18 its
339 784 66 18 march
417 784 86 18 towards

77 811 116 20 civilisation
196 811 113 23 —nothing
327 811 17 17 is
359 816 55 12 more
428 810 63 18 notice-

76 837 44 19 able
131 837 45 19 than
188 837 34 18 the
235 837 91 24 singular
338 836 72 18 results
422 835 21 19 of
454 835 47 19 such

75 871 23 11 an
118 863 94 24 adoption
231 863 20 17 in
271 861 115 20 connection
405 861 47 19 with
468 861 34 18 tho

75 889 95 19 retentive
179 894 76 19 powers
270 888 20 18 of
303 888 34 18 the
355 894 94 17 memory.
483 888 18 17 A

74 920 42 14 race
128 915 64 24 living
201 915 20 17 in
233 921 11 11 a
254 916 52 16 state
316 914 21 17 of
349 913 97 18 letterless
456 912 33 19 bar-

165 943 35 16 not
208 941 35 24 yet
254 939 80 25 relying
351 945 23 12 on
391 945 12 12 a
422 939 77 18 written

73 967 101 19 character
184 969 19 15 to
215 971 93 19 preserve
325 965 34 18 tho
375 971 89 17 memory
480 964 21 18 of

73 995 43 23 past
127 995 68 15 events
205 992 39 18 and
254 991 153 19 achievements,
424 990 75 17 retains

73 1018 37 20 and
120 1018 102 18 transmits
232 1017 62 23 orally
305 1016 34 19 tho
349 1018 51 16 most
414 1015 85 24 lengthy

73 1044 109 21 traditions,
207 1049 73 18 poems,
302 1042 39 18 and
370 1041 129 24 genealogies

74 1070 45 19 villi
134 1068 90 26 singular
239 1068 76 23 facility
335 1067 39 19 and
393 1067 103 25 precision.

73 1094 105 21 Preserved
189 1094 19 18 in
219 1094 48 19 such
278 1100 11 12 a
303 1099 83 13 manner
396 1099 51 12 were
462 1093 35 17 tho

72 1127 67 21 poems
148 1121 20 18 of
184 1120 82 20 Homer,
282 1120 34 18 tho
335 1119 72 19 Indian
422 1117 73 24 Vcdas,

73 1148 33 19 the
118 1146 97 20 Kalevala
226 1146 20 18 of
255 1145 34 19 the
299 1145 84 18 Finnish
392 1150 50 17 race,
452 1144 44 18 that

73 1174 55 25 great
139 1173 41 24 epic
190 1178 56 19 poem
259 1171 21 18 of
290 1172 70 21 22,000
370 1176 72 12 verses.

96 1200 41 18 The
155 1198 61 18 Maori
235 1197 20 18 of
273 1197 50 17 New
344 1196 94 22 Zealand,
461 1198 35 16 not

73 1226 73 23 having
157 1223 81 20 evolved
248 1229 21 12 or
278 1222 103 18 borrowed
389 1228 12 12 a
411 1221 85 25 graphic

71 1256 78 19 system,
162 1257 40 11 was
212 1248 134 20 nevertheless
356 1250 48 16 most
418 1247 75 19 careful

70 1277 39 19 and
119 1275 104 20 successful
240 1275 19 18 in
275 1273 119 25 conserving
410 1273 34 18 tho
460 1280 22 11 an-

71 1304 51 18 cient
132 1303 39 18 lore
181 1302 21 18 of
214 1301 30 19 his
253 1306 49 13 race,
314 1300 52 18 their
372 1305 66 19 songs,
449 1306 33 18 pro-

70 1329 65 21 verbs,
157 1327 95 22 folk-lore,
273 1326 82 23 legends
374 1324 120 25 mythology

70 1355 38 18 and
120 1352 226 27 genealogies—having
356 1350 90 25 possibly
460 1351 20 18 de-

69 1381 55 18 rived
135 1380 39 19 this
185 1380 55 24 pride
250 1379 19 18 in
280 1378 52 18 their
341 1377 78 19 ancient
425 1376 53 19 know-

69 1407 56 24 ledge
136 1406 38 18 and
184 1406 73 19 history
268 1404 50 18 from
335 1409 54 12 somo
406 1402 86 19 offshoot

68 1433 20 18 •of
102 1432 43 19 that
167 1430 108 19 wonderful
292 1435 44 12 race
353 1428 49 23 who,
422 1428 32 18 for
481 1435 11 13 o

70 1465 57 17 many
144 1457 98 19 centuries
253 1455 104 25 preserved
372 1454 34 18 tho
423 1456 69 16 sacred

69 1484 66 19 Yedas
157 1483 26 24 by
201 1489 68 12 means
287 1482 20 18 of
330 1481 40 18 oral
389 1480 100 25 teaching.

70 1510 93 23 Through
174 1508 27 19 all
213 1508 34 19 the
263 1508 39 18 dim
320 1507 106 19 traditions
442 1507 20 17 of
480 1514 12 11 a

68 1539 73 16 remote
150 1538 44 22 past
205 1534 89 19 retained
304 1533 27 24 by
341 1533 34 19 the
387 1533 65 18 Maori
469 1533 21 18 in

69 1563 30 18 his
120 1560 125 25 wanderings
268 1566 64 12 across
356 1559 33 18 tho
416 1559 4 26 '
429 1559 63 18 Great

69 1588 62 19 Ocean
145 1588 20 17 of
175 1587 74 21 Kiwa,'
259 1593 19 11 in
290 1586 31 18 his
336 1585 91 24 singular
442 1585 49 18 rites

68 1614 37 18 and
116 1613 124 22 ceremonies,
249 1612 20 18 in
279 1612 32 18 his
322 1610 109 19 wonderful
448 1617 32 17 sys-

68 1643 37 16 tem
117 1641 20 16 of
149 1638 122 25 mythology,
290 1638 21 18 in
327 1637 31 19 his
373 1637 50 24 high
440 1636 51 19 class

68 1666 76 18 ancient
151 1665 75 21 chants,
238 1665 56 17 there
303 1670 35 12 can
349 1663 25 19 be
386 1662 59 19 noted
456 1663 35 18 the

68 1694 62 16 traces
146 1692 19 17 of
181 1697 10 12 a
206 1690 89 25 superior
313 1689 76 19 culture
407 1691 20 16 to
445 1688 45 19 that

69 1717 62 19 which
142 1717 35 18 has
187 1716 93 18 obtained
299 1722 74 18 among
388 1715 35 18 the
439 1715 40 18 vari-

69 1750 34 11 ous
126 1743 93 18 divisions
244 1743 20 18 of
287 1742 34 18 the
340 1740 151 26 far-spreading

68 1769 117 24 Polynesian
195 1774 45 13 race
250 1768 68 18 within
330 1768 80 17 historic
425 1767 65 18 times.

68 1796 20 18 It.
97 1795 15 18 is
123 1802 24 11 an
158 1794 132 24 ethnological
302 1794 66 18 axiom
379 1793 43 18 that
433 1792 57 19 when

68 1827 12 13 a
88 1828 42 12 race
140 1821 89 18 becomes
239 1820 97 19 scattered
350 1820 39 18 and
407 1818 83 19 isolated

68 1848 20 18 in
99 1847 54 19 small
163 1846 143 22 communities,
318 1846 44 18 that
375 1851 45 13 race
437 1848 55 15 must

68 1873 116 24 necessarily
205 1872 80 19 become
305 1872 38 18 less
362 1871 91 19 cohesive
470 1870 20 19 in

69 1903 39 14 arts
118 1899 38 18 and
167 1898 80 25 general
257 1898 125 23 knowledge,
394 1904 26 15 or,
441 1896 20 19 in
480 1903 11 12 a

69 1926 58 20 wonl,
139 1925 127 18 deteriorates
282 1924 19 18 in
313 1924 83 18 culture.
430 1923 60 18 From

69 1952 98 17 whatever
189 1950 70 19 far-off
283 1950 47 18 land
355 1950 32 18 (lie
412 1949 79 19 ancient

68 1977 62 19 Maori
141 1983 59 12 came,
213 1976 100 18 whatever
323 1975 157 24 old-timedynas-

69 2006 19 21 ty
99 2002 81 20 claimed
191 2002 40 18 him
242 2002 83 25 subject,
337 2001 85 19 whethei
441 2007 51 12 were

69 2030 24 18 ho
103 2028 58 19 allied
172 2031 20 16 to
209 2028 34 18 the
261 2028 101 18 Turanian
379 2034 21 12 or
416 2027 75 22 Aryan,

69 2055 86 18 Acadian
166 2061 22 12 or
200 2054 110 19 Dravidian
326 2060 59 15 races,
404 2053 89 19 whether

69 2081 30 21 his
108 2081 31 19 far
148 2087 56 18 away
215 2082 100 16 ancestors
327 2079 94 19 marched
435 2082 46 15 west-

70 2107 49 19 ward
138 2107 48 18 with
202 2107 34 17 the
252 2109 57 22 great
325 2105 169 19 Indo-Germanic

70 2132 103 26 migration
196 2139 22 11 or
240 2131 96 19 eastward
360 2138 11 11 a
393 2130 99 19 thousand

69 2166 56 17 years
149 2159 50 18 later
226 2158 41 18 into
294 2157 65 22 India,
386 2156 105 19 withstood

70 2184 114 25 Mongolian
191 2183 71 19 hortbs
269 2190 24 11 on
301 2183 95 19 northern
405 2185 85 21 steppes,

70 2218 21 11 or
100 2209 107 20 cultivated
217 2209 33 18 the
259 2209 71 24 Valley
348 2209 21 18 of
384 2209 34 18 the
427 2208 48 18 Won-

70 2236 64 19 derful
146 2235 170 25 City—whatever
327 2241 68 12 source
405 2234 25 19 he
446 2240 46 18 may

71 2263 48 18 have
138 2268 75 19 sprung
229 2262 112 18 from—tho
363 2262 41 17 fact
424 2260 69 19 shines

70 2289 50 18 clear
129 2291 20 16 to
160 2288 55 18 those
225 2287 42 20 who
285 2294 45 17 may
339 2287 45 18 look
402 2293 53 17 upon
469 2286 22 23 it,

70 2315 43 18 that
123 2314 33 19 the
167 2314 70 22 Maori,
248 2313 79 18 Mahori
340 2319 22 12 or
377 2312 39 19 fair
433 2312 48 24 Poly-

71 2341 65 18 nesian
147 2341 20 18 of
177 2340 72 23 io-day,
262 2340 73 17 retains
343 2340 19 17 in
374 2339 31 18 his
413 2338 67 22 mytho-

72 2368 50 22 logy,
141 2371 90 13 karakia
249 2365 40 18 and
305 2365 111 22 traditions,
437 2364 55 25 plain

73 2393 87 18 evidence
170 2392 21 18 of
207 2391 74 25 having
296 2391 106 25 originally
419 2390 73 19 known

73 2425 10 12 a
95 2418 69 26 higher
181 2420 49 16 state
249 2418 20 18 of
283 2417 80 25 general
378 2416 83 22 culture,
482 2423 11 11 a

73 2444 72 19 culture
155 2444 41 18 that
209 2444 35 18 has
255 2443 106 26 gradually
369 2443 60 18 fallen
441 2443 52 17 from

75 2471 36 18 him
122 2470 70 23 during
202 2476 58 18 many
271 2469 98 20 centuries
375 2469 21 19 of
402 2469 78 19 wander-

73 2496 33 26 ing
115 2503 45 11 over
170 2496 32 18 the
211 2498 43 16 vast
265 2495 77 22 Pacific,
360 2496 20 18 of
399 2495 93 18 isolation

74 2523 18 18 in
102 2522 53 19 small
164 2528 78 19 groups,
252 2523 20 17 of
279 2521 110 25 privations
396 2521 20 18 in
426 2520 55 26 grain-

75 2549 35 19 less
115 2548 60 23 lands,
185 2548 20 18 of
211 2547 127 26 sojournings
347 2548 19 18 in
375 2547 119 23 enervating

74 2575 88 22 climates,
174 2574 20 18 of
203 2574 98 18 countless
311 2580 50 12 wars
370 2573 40 19 and
426 2571 68 20 forced

73 2601 116 22 migrations.

99 2627 7 17 1
112 2627 23 17 lid
142 2627 32 17 the
184 2626 62 18 Maori
257 2632 46 12 ever
313 2626 50 18 have
374 2632 40 18 any
427 2630 53 13 Know-

76 2652 54 25 ledge
138 2652 20 19 of
175 2653 75 17 written
268 2651 126 19 characters?
412 2651 49 18 This
478 2650 18 18 is

78 2685 22 12 an
109 2678 102 24 extremely
222 2678 117 24 interesting
349 2677 93 25 question
454 2676 42 19 and

78 2710 33 13 one
120 2710 22 13 on
158 2704 62 19 which
240 2704 93 19 different
351 2703 92 25 opinions
461 2709 34 12 are

79 2730 47 19 held.
151 2730 63 24 Tylor,
226 2737 36 12 one
272 2730 20 19 of
304 2737 36 12 our
349 2730 81 24 leading
439 2728 36 25 Eng-

78 2756 36 18 lish
131 2756 168 25 anthropologists,
317 2756 37 19 has
374 2755 52 22 held,
447 2755 48 18 with

80 2782 130 24 nuinylothers.
219 2782 42 19 that
269 2789 25 12 no
302 2789 44 12 race
356 2782 44 18 that
413 2782 37 17 has
466 2787 19 12 ac-

80 2808 63 24 quired
154 2815 9 11 n
174 2808 79 25 graphic
263 2811 79 21 system,
355 2807 88 19 whether
454 2807 33 25 pic-

80 2834 102 24 tographic,
196 2834 99 24 symbolic,
308 2841 22 12 or
339 2834 99 25 phonetic,
450 2839 47 12 ever

80 2859 47 19 loses
135 2859 32 20 the
179 2860 114 24 knowledge
302 2860 21 19 of
338 2860 44 19 that
398 2862 37 20 art,
454 2859 41 18 and

80 2885 31 19 the
120 2886 106 18 researches
236 2887 19 17 of
263 2886 161 26 paleographists
430 2891 26 20 go
465 2885 32 19 far

80 2914 19 16 to
107 2917 55 18 prove
172 2912 31 18 the
213 2913 43 18 fact.

104 2937 39 19 The
155 2942 77 15 western
243 2939 64 24 origin
318 2939 21 18 of
350 2938 34 19 the
397 2938 66 18 Maori
480 2937 18 19 is

81 2970 39 11 now
133 2964 38 18 well
182 2964 124 23 established,
318 2964 39 19 and
368 2964 41 19 also
419 2964 45 18 that
472 2964 25 18 he

81 2989 90 19 travelled
182 2996 42 12 ever
233 2991 96 19 eastward
337 2991 19 18 in
365 2991 32 18 his
407 2990 78 18 wander-

82 3015 48 24 ings,
144 3016 46 18 from
207 3017 32 17 the
257 3017 85 24 original
360 3017 100 18 Uawaiki
478 3017 21 17 of

84 3040 71 25 bygone
163 3048 45 19 ages
217 3046 19 14 to
245 3043 56 19 those
317 3043 46 18 islts
382 3042 65 19 which
464 3050 34 12 are

82 3068 83 23 stamped
173 3074 48 18 upon
229 3069 30 18 his
267 3076 87 17 memory
362 3068 135 23 asWAEnoTI,

83 3092 105 24 Waehota;
212 3094 83 24 I'akista,
325 3095 63 23 Paea,
416 3095 81 23 Wiutj,

83 3118 70 24 TpXGA,
177 3121 142 23 Tawhiti-nui,
345 3121 152 23 Tawiuti-uoa,

84 3144 191 22 Tawiuti-3'amajiao
298 3147 37 19 and
358 3147 29 18 Tk
410 3146 73 20 Honoi-

81 3176 81 15 waikfa.

113 3197 14 18 \\
135 3196 30 20 hat
182 3199 78 24 graphic
275 3201 83 23 systems
376 3206 33 12 are
424 3199 74 18 known

84 3222 18 18 in
113 3222 31 18 the
155 3227 43 16 west
208 3225 35 18 and
255 3226 29 18 for
297 3226 54 17 what
361 3225 68 25 period
448 3225 51 20 have

85 3248 42 24 tl-ey
133 3248 16 17 1m
157 3257 20 10 in
187 3251 17 17 in
212 3257 31 12 use
250 3258 72 18 among
330 3252 33 17 the
372 3251 115 25 nationspos-

85 3274 71 25 sensing
162 3276 62 19 them?
238 3277 129 25 TheTagalo,
377 3277 122 25 Bisayaand

85 3298 75 21 Ilocano
169 3302 57 19 tribes
236 3304 18 18 of
264 3304 33 17 the
307 3303 115 25 Philippine
433 3311 66 17 group

85 3325 47 19 have
146 3327 44 25 loug
207 3329 99 24 possessed
325 3335 9 12 a
355 3329 144 25 semi-syllahic

85 3351 96 25 alphabet,
191 3354 55 19 ailied
257 3361 19 12 to
294 3356 33 17 the
342 3355 100 20 Javanese
459 3356 39 18 and

85 3378 70 19 Severn!
165 3379 20 19 of
193 3380 31 19 the
243 3381 70 19 Indian
334 3384 63 22 types,
418 3382 39 17 and
479 3382 22 18 of

87 3401 57 21 wliich
162 3406 29 17 tin.
207 3410 100 22 prototype-
403 3407 96 25 alphahct

87 3429 17 17 of
115 3429 31 19 the
156 3431 119 26 inscriptions
282 3434 20 18 of
311 3432 74 24 A.solta,
397 3434 102 25 giandson

86 3456 16 16 ol
114 3455 147 28 Cliaiidragupia
272 3459 83 19 founder
367 3460 20 18 oi'
398 3460 33 18 the
442 3464 55 19 gieat

85 3479 78 22 Minna
187 3483 86 26 dynasty,
294 3485 60 21 which
372 3485 129 26 inscriptions

85 3512 47 13 wore
150 3509 69 19 incised
236 3517 47 18 upon
300 3511 55 19 rocks
370 3512 19 18 in
407 3512 38 18 five
462 3512 27 18 dif-

87 3532 61 20 ferent
156 3537 52 22 parts
219 3537 19 17 of
246 3536 58 20 India
320 3539 57 17 a'out
398 3538 34 18 the
450 3544 47 14 year

87 3559 34 17 200
132 3565 32 14 n.c.
190 3561 40 19 Tin.-
240 3563 43 18 date
294 3565 19 17 of
323 3563 33 19 the
367 3563 94 26 adoption
475 3564 24 24 by

88 3583 32 20 the
129 3584 108 29 Philippine
247 3589 60 19 tribes
314 3590 20 18 of
344 3589 40 19 this
391 3594 73 21 system
483 3590 17 18 is

88 3610 141 28 unfortunately
245 3619 29 14 not
295 3615 77 23 known,
395 3616 104 18 inasmuch

90 3641 21 12 as
123 3636 32 19 the
172 3639 69 20 fanatic
257 3641 96 19 followers
371 3642 20 18 of
412 3641 87 28 Legaspi

90 3660 96 28 destroyed
197 3666 43 18 with
254 3667 55 25 pious
318 3667 42 19 y.enl
377 3668 55 18 these
447 3671 53 15 most

90 3688 110 26 interesting
210 3692 71 20 written
292 3693 77 20 records
380 3695 20 17 of
412 3694 33 18 the
456 3695 34 18 out-

88 3716 42 21 post
139 3716 19 17 of
166 3716 31 18 the
206 3717 88 25 Malayan
305 3726 49 11 race.

113 3740 24 18 Of
147 3741 23 19 all
181 3742 31 19 the
227 3744 85 24 sporadic
331 3745 112 26 alphabetic
459 3752 30 17 sys-

89 3768 47 17 terns
146 3768 19 18 of
177 3768 31 18 the
221 3770 70 18 Asiatie
307 3771 133 25 Archipelago
456 3772 45 18 that

88 3792 61 20 of-the
158 3793 61 26 Bugis
228 3801 19 13 or
262 3796 71 26 Wugis
349 3798 20 18 of
384 3797 84 20 Celebes
483 3798 18 18 is

88 3819 32 18 the
130 3821 46 17 most
186 3824 78 18 eastern,
276 3824 37 17 and
323 3824 33 18 the
370 3824 103 19 literature
480 3824 21 18 of

88 3844 38 18 this
135 3845 67 26 people
212 3846 43 20 does
265 3852 32 15 not
308 3849 45 18 date
362 3850 79 19 further
449 3849 52 19 back

87 3869 45 20 than
142 3873 36 16 -100
188 3879 54 16 years
252 3876 47 17 from
310 3875 32 18 tho
356 3879 75 21 present
445 3876 55 18 time.

88 3895 97 21 Eastward
196 3899 19 18 of
224 3900 32 18 the
268 3899 97 21 Moluccas
380 3902 34 18 the
431 3906 57 15 exten-

88 3921 39 19 sion
144 3924 18 17 oi'
179 3924 36 18 this
229 3930 54 18 great
299 3933 45 17 sign
359 3928 20 18 of
398 3935 11 11 a
428 3928 74 24 higher

87 3947 71 21 culture
173 3956 36 12 was
224 3953 80 23 stopped
322 3953 24 23 by
361 3953 32 20 the
410 3953 78 26 impene-

68 3983 8 10 »
88 3974 60 19 tiabk'
159 3976 40 18 v.all
210 3977 18 17 ol'
239 3977 81 20 Papuan
331 3979 116 18 barbarism,

557 151 43 18 Tlio
608 150 353 25 semi-syllabjcalphabetiosystems

532 177 21 18 of
562 177 52 18 Java
624 176 37 17 and
673 176 44 18 Biili
732 176 40 18 and
783 176 20 19 of
819 176 35 19 the
873 176 88 19 Buttak*

531 202 22 19 of
562 202 99 22 Sumatra,
673 201 65 19 which
750 201 39 20 last
798 202 72 24 people
885 208 75 20 occupy

532 228 33 18 (he
575 228 75 23 unique
659 227 87 24 position
757 228 21 17 of
788 228 62 24 being
865 228 34 18 the
915 228 46 24 only

530 252 94 20 cannibal
633 259 44 12 race
687 252 21 19 in
718 253 35 18 the
763 253 63 19 world
842 253 45 18 who
903 254 58 19 make

530 285 35 12 use
575 279 21 18 of
607 285 11 12 a
635 278 78 18 written
729 282 138 21 tongue—are
882 279 28 18 all
924 280 25 18 de-

530 304 55 19 rived
598 305 51 17 from
659 310 23 12 hd
697 303 74 19 Indian
782 311 68 12 source
862 304 39 19 and
910 305 51 19 have

530 329 100 26 probably
640 329 49 19 been
701 329 21 18 in
732 336 41 17 use,
787 334 20 14 at
813 330 51 18 least
871 331 21 17 in
900 331 59 23 Java,

530 357 32 17 for
571 359 20 15 at
599 355 50 19 least
657 355 47 19 nine
712 356 107 18 centuries.
829 355 42 19 The
882 357 79 18 ancient

529 381 60 19 Kavri
607 381 21 18 of
643 381 52 18 Java
710 387 40 12 was
767 381 73 24 elosely
861 381 60 19 ailied
941 384 19 17 to

529 407 34 18 the
583 407 135 24 Peva-uagari
739 407 20 17 in
770 407 65 18 which
857 407 104 19 character

529 433 34 18 the
581 431 87 20 Sanscrit
683 432 107 19 literature
806 433 18 18 is
843 433 115 24 conserved,

529 458 39 19 and
579 458 34 19 the
630 464 33 12 use
681 458 21 18 of
716 458 35 19 the
767 458 61 19 Kawi
843 459 41 18 and
902 459 58 19 other

529 483 88 20 obsolete
635 485 84 23 systems
741 484 20 18 in
779 484 53 19 Java
847 484 18 19 is
881 485 39 18 lost
938 485 21 19 in

529 509 33 19 the
571 510 57 18 mists
635 510 21 18 of
665 510 109 24 antiquity.

554 534 64 19 These
626 536 48 17 then
684 541 34 12 are
728 535 34 18 the
778 538 81 17 nearest
874 539 85 23 systems

528 561 21 18 of
558 561 44 18 that
612 565 57 21 great
680 563 30 16 art
723 561 44 18 that
783 561 38 19 has
837 562 52 19 done
904 570 55 12 more

529 586 47 19 than
596 593 39 18 any
654 586 57 19 other
729 589 21 16 to
769 587 43 18 free
831 588 35 19 the
882 590 76 17 human

529 612 53 18 mind
593 613 50 18 from
654 612 33 18 the
698 612 93 19 shackles
806 614 22 17 of
845 614 113 19 barbarism

527 638 38 18 and
582 640 20 16 to
617 640 89 23 promote
722 638 34 19 the
774 639 145 20 advancement
938 641 21 18 of

527 663 125 20 civilisation.
680 663 59 19 With
755 665 35 18 the
807 665 66 25 single
889 673 57 19 exemp-

527 689 41 18 tion
579 690 21 18 of
609 690 33 18 the
650 691 82 22 strange
739 690 98 25 symbolic
845 692 113 20 characters

527 715 21 18 of
557 715 34 19 the
602 715 70 19 Easter
682 715 69 19 Island
767 718 5 16 1
777 717 71 22 ablets,
866 724 26 14 no
912 718 46 25 sign

526 741 21 18 of
556 748 12 12 a
577 741 77 19 written
664 741 103 25 language
778 742 17 18 is
812 746 40 15 met
871 744 48 18 with
937 745 20 17 in

526 767 33 18 the
570 770 43 15 vast
628 769 68 16 extent
709 767 21 18 of
746 767 35 19 the
798 769 69 19 island
884 773 72 21 system

525 792 58 25 lying
602 793 90 18 between
710 792 90 25 Celebes,
818 795 20 18 in
908 795 50 19 East

525 818 74 23 Indies,
611 818 39 19 and
659 819 100 19 America.

551 844 21 18 If
581 844 35 19 the
626 844 63 18 Maori
701 845 72 24 passed
793 846 91 25 through
899 847 58 19 these

525 870 84 18 lettered
617 870 80 24 peoples
704 877 24 12 on
736 871 33 18 his
776 874 98 17 eastward
879 880 76 16 course,

525 895 24 18 ho
560 896 63 18 either
633 896 66 19 forced
711 896 32 19 his
755 904 45 18 way
812 898 87 25 through
911 905 23 12 as
944 906 13 11 a

526 920 107 20 barbarian
643 922 94 25 scorning
747 923 34 19 the
798 924 126 23 advantages
935 927 21 16 of

524 947 86 24 writing,
620 953 22 13 or
653 948 24 18 lie
688 948 36 18 has
734 948 40 19 lost
789 951 35 17 the
840 953 31 16 art
881 950 75 24 during

523 972 31 20 his
565 972 135 21 adventurous
715 975 121 24 migrations
852 976 52 19 from
918 976 37 19 isle

522 1000 21 17 to
554 998 35 20 isle
602 1006 25 12 on
638 999 32 18 his
678 1006 44 18 way
731 1003 21 16 to
761 1002 119 19 Aotearoa.
913 1002 42 18 But

522 1024 34 18 tho
578 1025 125 25 probability
725 1026 19 19 is
767 1027 45 19 that
832 1028 25 18 ho
882 1028 71 24 passed

522 1049 88 26 through
622 1051 34 18 the
666 1051 50 19 East
732 1052 70 20 Indies
819 1053 49 25 long
887 1054 67 18 before

522 1075 34 19 the
566 1079 31 15 art
608 1077 21 18 of
638 1077 81 26 writing
731 1085 43 12 was
784 1079 72 19 known
865 1080 21 18 in
896 1080 57 18 those

520 1101 53 21 isles,
586 1102 48 18 with
650 1103 35 19 the
701 1105 89 23 possible
808 1106 104 24 exception
933 1106 21 17 of

519 1126 59 18 Java.

545 1162 141 19 *Battak—The
703 1164 87 18 'Padda'
804 1166 20 17 of
837 1166 114 17 Herodotus.

520 1185 38 17 The
567 1185 45 18 final
622 1185 32 26 'k'
670 1186 15 18 is
702 1188 52 16 mute
770 1188 20 17 in
807 1188 70 23 Malay,
894 1188 59 23 being

519 1207 85 23 replaced
613 1209 25 22 by
647 1216 10 10 a
666 1211 38 15 soft
713 1211 87 21 aspirate.

637 1243 33 22 [To
682 1248 21 12 be
717 1246 114 20 continued.]

1236 90 58 19 THE
1320 91 58 19 HOT
1405 92 91 20 TAKES
1524 91 167 26 CHRONICLE,
1720 95 186 23 WEDNESDAY,
1935 92 128 24 OCTOBER
2092 102 18 19 o,
2128 100 48 17 1895

45 4057 457 88 dsfasf

542 1300 97 19 THEICE
648 1300 23 19 IS
680 1301 36 18 HE
726 1302 99 22 ARMED,

564 1324 59 17 WHO
632 1324 51 17 HAS
691 1324 45 19 HIS
752 1326 123 19 QUARREL
883 1326 66 17 JUST.

518 1370 135 18 CLEMENTS
666 1371 83 19 TONIC,

540 1394 51 16 THE
601 1392 112 19 WORLD'S
723 1394 84 19 GREAT
824 1396 110 17 RESTORA-

516 1416 59 16 TIVE
585 1417 51 16 HAS
645 1416 85 19 CURED
740 1417 74 19 MORE
832 1419 76 17 CASES
917 1419 32 17 OF

516 1438 174 21 INDIGESTION,
697 1440 52 18 NED
754 1441 103 18 RALGIA.
862 1442 70 17 WEAK-

515 1462 68 17 NESS.
589 1462 50 17 DEB
644 1463 74 20 TLITY,
724 1464 103 19 DROPSY
837 1464 112 19 BRIGHTS

515 1484 114 22 DISEASE,
640 1486 53 17 AND
703 1486 81 18 LIVE]?.
798 1488 151 17 COMPLAINT

515 1509 71 16 THAN
594 1508 50 18 ALL
653 1509 87 17 OTHER
747 1510 146 18 MEDICINES
899 1512 50 16 PUT

515 1531 143 16 TOGETHER.

537 1578 19 16 If
565 1583 37 16 you
611 1584 31 11 are
651 1578 38 17 sick
698 1579 38 16 and
750 1580 55 17 value
814 1586 48 16 your
869 1580 39 21 life,
918 1580 20 17 in-

514 1601 34 16 sist
556 1606 24 12 on
589 1600 70 24 having
676 1602 96 18 Clements
788 1604 63 19 Tonic,
869 1604 38 16 and
923 1609 25 12 no

515 1623 102 18 substitute
626 1630 21 11 or
654 1630 38 16 you
701 1625 39 17 will
748 1626 24 16 be
786 1626 138 22 disappointed.

618 1670 69 19 READ
696 1672 61 17 THIS
772 1672 69 17 CASE.

513 1693 40 17 Mrs
570 1693 61 17 Annie
647 1694 73 21 Lovett,
738 1695 121 18 Manchester
884 1697 62 18 street,

720 1719 42 17 who
768 1719 69 17 writes
854 1725 24 11 on
894 1719 55 22 April

515 1739 49 21 19th,
576 1740 43 17 1893
626 1740 94 18 :—About
728 1743 39 16 two
777 1747 54 17 years
846 1748 37 17 ago
891 1742 11 17 I
918 1748 20 11 re-

514 1762 62 18 ceived
588 1769 10 11 a
607 1764 54 21 great
669 1764 56 17 shoe];
736 1765 19 17 to
764 1771 32 16 my
805 1771 65 11 nerves
887 1766 61 17 wliich

513 1785 83 24 brought
605 1792 24 11 on
637 1787 113 21 palpitation
759 1788 21 16 of
788 1788 33 17 the
833 1788 60 21 heart,
911 1788 38 18 and

513 1808 38 17 laid
560 1815 29 11 me
597 1811 93 20 prostrate
699 1811 30 16 for
737 1817 11 10 a
757 1811 73 17 month.
856 1812 10 16 I
873 1812 37 16 bad
918 1818 20 10 re-

513 1833 40 16 sort,
561 1834 20 15 to
589 1838 11 11 a
609 1832 66 18 doctor
682 1833 35 17 but
725 1834 25 17 be
758 1834 33 17 did
800 1841 30 10 me
842 1841 45 15 very
899 1835 50 17 little

514 1855 57 22 good;
586 1856 38 16 still
633 1861 45 17 very
686 1856 44 21 sick,
748 1858 9 16 I
772 1857 76 23 applied
856 1859 20 16 to
885 1863 11 12 a
905 1858 33 17 che-

514 1879 49 17 mist,
573 1879 58 21 being
638 1885 45 16 very
691 1880 53 17 weak
761 1881 37 16 and
816 1886 79 12 nervous
911 1881 39 17 and

514 1902 57 22 really
583 1902 20 17 lit
613 1903 29 16 for
650 1908 24 11 no
682 1903 47 17 kind
746 1904 20 17 of
783 1904 51 17 work
840 1902 4 22 ;
859 1904 10 17 I
878 1904 37 17 had
924 1910 25 11 no

513 1924 55 17 heart
576 1927 19 15 to
605 1925 23 17 do
637 1926 100 26 anything,
755 1926 37 17 and
810 1933 32 16 my
850 1927 33 17 life
892 1933 38 11 was
939 1934 11 10 a

513 1948 73 17 burden
595 1950 19 15 to
623 1954 34 15 mo,
673 1949 9 17 I
690 1949 37 17 had
737 1950 45 16 read
790 1950 59 17 about
854 1950 96 18 Clements

514 1971 62 21 Tonic,
588 1971 36 17 and
636 1978 37 10 was
689 1973 105 21 persuaded
810 1975 21 15 to
848 1973 42 22 give
907 1973 15 17 it
939 1980 11 10 a

515 1994 48 17 trial.
589 1995 9 16 I
608 1996 33 21 got
650 2001 49 11 some
709 1995 37 18 and
758 1996 61 17 found
835 1997 15 16 it
866 2002 38 12 was
917 1997 33 16 tho

515 2017 41 17 best
565 2017 54 24 thing
626 2018 9 17 I
641 2018 37 17 had
683 2018 58 17 taken
747 2020 30 16 for
786 2025 32 16 my
824 2017 126 25 complaint—■

515 2041 19 16 in
544 2041 43 21 fact,
596 2041 17 17 it
618 2041 34 18 has
656 2041 55 18 made
716 2048 30 12 me
755 2042 36 17 feel
798 2044 72 21 strong,
878 2043 72 22 having

515 2065 36 21 put
556 2070 41 11 new
607 2064 52 23 vigor
667 2065 40 17 into
716 2064 39 24 me;
770 2065 16 17 it
794 2066 34 17 has
834 2066 74 22 greatly
913 2066 25 16 im-

516 2087 69 22 proved
595 2093 31 17 my
642 2088 88 21 appetite,
749 2089 39 16 and
803 2089 88 17 removed
908 2089 43 17 that

516 2110 112 22 unpleasant
636 2110 69 24 feeling
715 2112 20 16 of
743 2112 96 17 weakness
854 2112 38 17 and
908 2112 32 17 lan-

515 2134 141 21 gour,—Yours
664 2135 57 20 truly,
732 2135 62 17 Annie
805 2135 75 20 Lovett,
890 2136 44 16 Man-

515 2156 72 17 chester
595 2158 61 19 street,
670 2158 140 19 Christchurch,
820 2159 47 16 N.Z.

518 2236 33 19 TO
565 2236 58 19 THE
638 2236 105 20 PUBLIC
757 2237 35 19 OF
814 2237 135 21 hOTORUA.

518 2288 94 42 IBEG
623 2291 19 17 to
652 2289 65 19 thank
726 2289 36 20 the
859 2290 21 19 of
889 2290 50 19 Koto-

571 2321 38 12 run
630 2315 31 19 for
676 2315 53 20 their
735 2316 84 19 favours
831 2316 75 25 during
918 2316 34 19 the

518 2342 44 23 past
572 2341 70 18 fifteen
651 2347 64 19 years,
728 2342 41 18 and
785 2345 19 16 to
823 2342 64 24 notify
908 2342 43 19 that

518 2366 31 19 for
559 2366 34 19 the
605 2368 132 19 convenience
748 2368 21 18 of
779 2368 99 19 residents
887 2368 21 18 in
918 2368 34 19 the

518 2392 50 19 New
580 2393 114 25 Township,
706 2393 40 19 and
757 2401 33 17 my
804 2394 58 19 trade
881 2401 59 18 gener-

518 2418 47 25 ally,
577 2418 11 19 I
598 2418 52 19 have
660 2419 53 18 built

544 2453 52 19 New
605 2453 102 20 Phehises
716 2460 22 12 in-
746 2454 85 19 Fun-ton-
839 2454 85 25 Street,

519 2483 65 20 which
595 2490 51 13 weie
656 2484 77 25 opened
742 2485 32 18 for
785 2485 93 18 business
887 2492 25 11 on

614 2519 151 19 SATURDAY
778 2519 75 19 LAST.

518 2550 11 19 I
548 2549 41 21 will
607 2557 45 12 now
671 2550 25 20 be
717 2551 100 25 prepared
840 2554 20 16 to
880 2551 72 26 supply

658 2581 70 20 Prime
749 2582 63 19 Meat

518 2611 21 20 in
551 2612 49 18 both
612 2613 49 18 New
673 2613 39 19 and
722 2613 40 19 Old
772 2613 126 25 Townships.

552 2664 43 23 An
608 2665 152 29 Inspection
775 2665 23 23 is
813 2665 107 23 invited.

728 2698 103 18 HENRY
845 2697 81 19 KIRK.

522 2775 51 43 T.
609 2775 65 43 M.
713 2775 243 45 h*™"'"-

557 2826 143 18 BARRISTER
714 2827 54 16 AND
779 2826 140 21 SOLICITOR,

546 2850 39 20 US,
598 2849 98 19 VICTOKIA
708 2849 90 22 AHOADE,
813 2849 120 18 AUCKLAND.

708 2896 60 21 Ar.so,

522 2919 92 17 Barrister
627 2919 36 17 and
680 2919 88 17 Solicitor
785 2919 19 17 of
818 2919 33 17 the
867 2919 90 23 Supremo

568 2943 64 19 Court,
643 2942 84 20 Ontario,
738 2942 84 19 Canada.

550 3244 129 37 lAKER.4
690 3244 256 32 CONFECTIONER.

578 3336 83 23 Bread
675 3337 133 22 delivered
825 3337 78 29 daily.

579 3408 163 26 GKOCEKIES,

721 3441 146 21 UKATERY,

717 3479 44 13 AND

525 3504 123 18 GENERAL
654 3504 208 19 STOREKEEPER'S
869 3504 89 18 GOODS.

528 3568 161 43 ROTOROA
712 3568 92 40 BOOT
826 3568 24 40 &
868 3568 90 40 SHOE

676 3622 127 41 DEPOT.

684 3925 1 11 :
690 3925 1 11 '
707 3925 5 11 i

526 3954 17 18 A
564 3953 66 27 Large
649 3954 61 21 Stook,
731 3957 21 18 of
769 3956 94 23 German,
881 3955 77 22 Frejacli

595 3981 39 18 and
645 3980 90 21 Colonial
747 3982 62 19 Boots
820 3982 75 24 always

689 4008 21 18 in
728 4008 67 19 Stock.

526 4038 67 20 BEST
602 4038 151 21 MATERIAL.
790 4039 31 19 BF
828 4039 30 19 ST
868 4039 89 21 WORK,

605 4075 159 21 AUCKLAND
774 4076 106 21 PRICES.

527 4125 162 24 Hand-sewn
700 4126 79 23 Boots
789 4133 15 16 a
820 4126 138 30 Specialty,

1014 153 109 22 Visitors
1134 153 26 22 to
1175 152 46 23 the
1236 152 52 23 Hot
1296 153 91 23 Lakes.

985 285 43 19 Situ
1031 288 21 17 at
1066 286 10 19 d
1102 287 19 18 in
1146 287 34 18 the
1204 286 49 19 New
1277 286 135 20 Government

983 311 108 25 Township
1107 319 18 12 in
1143 319 53 12 Close
1214 312 107 25 proximity
1339 316 22 15 to
1380 313 32 18 the

987 337 68 23 liaths,
1072 337 134 24 Sanatoiiam,
1227 338 48 19 Tost
1296 338 60 19 Office
1375 339 38 19 arid

982 363 92 25 l£ai.w;y
1082 366 86 17 Station.

1009 414 41 19 The
1062 416 59 19 ]fi.tel
1134 416 16 19 is
1168 415 123 25 Imuiioualy
1307 416 105 19 furnished

982 441 39 19 and
1032 448 29 12 rei
1070 442 40 18 lete
1121 442 45 19 with
1174 449 57 17 every
1240 441 133 20 convenience
1381 442 32 18 for

983 467 85 19 tourists
1078 468 38 18 and
1127 468 74 19 other*.
1231 468 19 18 It
1272 474 10 12 c
1296 467 91 20 mmanda
1403 473 10 13 a

982 493 92 24 splendid
1087 496 47 16 view
1145 496 21 17 of
1176 494 34 19 th*
1218 493 56 19 Lake
1284 494 37 18 and
1331 493 15 19 is
1357 493 45 19 ui;h-

982 518 20 19 in
1013 526 45 17 easy
1069 527 67 13 access
1149 520 21 20 of
1187 520 33 19 the
1237 520 77 24 Geyser
1329 519 84 26 Spring*

983 545 2 24 i
997 546 7 18 f
1017 546 184 20 Whakarewarewa
1210 552 19 13 at
1237 546 12 19 d
1260 546 26 18 all
1299 545 32 20 the
1350 545 63 24 sights

996 572 7 19 f
1015 572 33 19 (lie
1058 572 85 19 district.

995 599 33 18 All
1039 599 106 23 telegrams
1156 598 102 24 promptly
1268 597 95 19 attended
1372 600 27 16 to.

1115 688 169 18 PROPRIETOR.

1011 769 46 14 LOW
1066 769 114 14 PREMIUMS.
1197 769 69 14 LAJiGE
1280 769 38 14 HON
1322 769 5 13 I

1093 814 45 15 ility
1147 814 20 13 to
1177 814 150 15 Policy-holders

1092 833 78 13 ;onomy
1180 830 20 12 in
1210 830 117 16 Manajcmei

1113 846 75 13 3TATB
1207 846 119 13 SECURITY

1197 981 35 39 M,
1267 980 118 47 SIMON,

1173 1033 61 23 (Late
1241 1032 21 19 of
1271 1032 137 24 Melbourne.)

1182 1081 113 17 Practical
1315 1081 82 17 Tailor.

1170 1153 105 23 Clothes
1288 1154 75 21 made
1382 1154 26 21 to

1197 1180 73 22 order
1288 1186 33 15 on
1336 1178 47 23 the

1223 1205 134 22 shortest

1241 1230 93 23 notice.

1180 1328 54 24 Sty;e
1246 1334 17 12 ni
1273 1326 11 19 d
1296 1326 35 21 Fit
1342 1327 36 18 not
1389 1328 19 17 to

1168 1356 23 16 be
1201 1353 92 25 equalled
1310 1359 18 12 iu
1346 1354 55 17 town

1168 1391 14 19 A
1188 1396 81 14 ddkess
1275 1390 4 20 :
1296 1390 14 19 A
1316 1397 52 12 nuva
1376 1391 32 18 St.

1239 1416 99 20 Rotoiua.

1077 1496 155 19 Established
1244 1496 33 19 187
1277 1496 22 19 G.

1007 1734 130 20 BUILDi-R
1151 1736 16 18 &
1181 1735 194 22 CONTRACTOR,

1137 1766 60 19 Roto
1202 1774 9 12 it
1216 1772 32 14 ha.

974 1796 93 17 E.-timstes
1086 1797 50 21 given
1151 1798 27 15 for
1195 1798 95 18 Fuildinjrs,
1308 1797 99 17 al'orHtions

995 1819 33 15 iiikl
1038 1819 65 20 repairs
1111 1819 17 15 in
1138 1820 22 15 nil
1177 1820 83 15 brandies
1268 1820 18 15 of
1294 1820 29 15 the
1332 1819 53 16 trade.

995 1844 89 21 Piiintinjr,
1106 1846 142 21 PaperhfliiKintr,
1271 1846 32 16 and
1325 1846 82 19 Glaziny,

974 1865 84 18 Venetian
1068 1868 33 15 and
1116 1868 48 16 oihor
1179 1868 61 16 Blinds
1254 1870 17 14 to
1284 1868 49 15 order
1347 1873 19 10 or
1380 1872 18 11 re-

974 1888 68 20 painted
1051 1889 35 15 and
1095 1889 84 21 re-taped.

1023 1910 49 16 Good
1084 1911 56 15 stocks
1147 1911 19 15 of
1173 1911 73 16 Funeral
1255 1910 24 16 Rf
1282 1910 78 20 qni.-itrs.

973 1946 9 17 8
1005 1946 63 15 FUN
1078 1946 39 15 KH
1128 1950 12 12 A
1150 1946 15 16 h
1183 1947 57 16 FUif
1250 1947 49 15 N1«
1307 1948 38 15 HK
1355 1949 14 14 Li

974 1996 129 41 GREAT
1130 1997 277 43 DISTRIBUTION

1093 2042 38 23 OP
1157 2043 132 24 SYDNEY

975 2068 59 29 City
1049 2068 52 23 and
1124 2068 135 25 Suburban
1281 2070 127 24 Freehold

1123 2094 133 32 Property,

985 2141 149 19 EQUITABLE
1143 2142 130 19 BUILDING
1279 2144 116 22 SOCIETY,

1123 2165 135 23 BRISBANE,

975 2186 163 22 (Incorporatedaco
1149 2188 51 21 riling
1204 2192 17 13 to
1225 2191 34 14 Act
1264 2191 18 15 of
1287 2190 121 22 Parliament.)

976 2232 75 22 Issue
1061 2233 28 22 of
1093 2232 132 27 £150,000
1232 2235 94 23 Shares
1335 2235 73 26 at£l-

975 2260 72 18 Anyone
1056 2263 30 11 can
1095 2259 53 21 apply
1157 2261 27 16 for
1193 2261 58 14 sharps
1259 2259 4 24 !
1276 2261 27 15 No
1314 2262 80 21 Liability
1404 2259 4 24 !

1011 2302 96 17 B.\LLOT
1119 2305 43 15 20in
1173 2304 138 22 DECEMBER,
1327 2307 46 15 1895.

1049 2346 17 16 C.
1072 2352 80 13 MMITTFE
1164 2354 20 12 up
1197 2350 90 16 Managem
1290 2355 32 11 i>:nt
1328 2346 4 20 :

977 2368 46 16 Hoc.
1033 2368 14 15 B
1064 2369 13 16 B
1095 2369 77 18 Biuret-m
1189 2368 3 24 |
1202 2371 47 15 Hon.
1254 2371 44 15 John
1310 2370 12 16 !';
1331 2372 77 17 miildson

1051 2390 76 17 AchcKon
1138 2391 83 21 Overetid,
1231 2392 15 15 E
1254 2398 25 15 q.,
1294 2393 13 16 C
1316 2392 20 17 E.

1037 2417 71 16 Sidney
1126 2420 59 15 Buass
1197 2423 21 12 of

976 2438 54 16 Bruce
1040 2440 58 18 Stniih,
1189 2438 3 24 |
1212 2440 18 16 J.
1239 2441 20 16 F.
1266 2442 61 15 Burns.
1336 2442 50 20 Jvq.,

1105 2461 27 16 W.
1144 2461 12 16 J
1172 2461 62 21 Green,
1247 2463 39 21 Hsq.

978 2487 83 16 Bankers
1068 2487 4 25 :
1087 2487 37 16 Tlie
1133 2487 109 18 Commercial
1253 2489 81 23 Bunking
1347 2492 29 15 Co.
1392 2492 16 15 oi

1128 2510 71 20 Sydney.
1216 2510 40 16 Ltd.

1001 2536 31 15 508
1040 2536 57 16 Prizes
1106 2537 61 16 valued
1175 2538 44 15 from
1234 2539 33 15 £2O
1282 2541 16 13 to
1307 2540 80 19 £21,560.

999 2565 97 22 Properties
1105 2572 28 11 lire
1141 2573 21 9 no
1168 2567 32 21 irly
1208 2568 24 15 all
1246 2568 40 21 City
1300 2569 33 16 and
1347 2569 52 16 subur-

977 2587 39 19 ban,
1027 2592 52 15 many
1087 2587 65 22 having
1160 2588 47 21 largo
1218 2591 54 14 rental
1286 2592 72 15 returns.
1382 2592 27 15 Sec

978 2607 107 20 Prosprctus.

979 2630 29 16 Ist
1016 2630 53 17 Prize
1079 2630 85 23 £28,600,
1222 2633 37 16 2nd
1268 2634 53 16 Prize
1330 2632 79 23 £21,00
1409 2630 1 25 C

1002 2653 33 17 :3rd
1044 2653 53 18 Prize
1106 2654 81 20 £1(1,000
1203 2656 34 16 4th
1246 2656 52 17 Prize
1308 2656 80 19 £11,2.50

978 2675 33 18 otli
1020 2676 53 17 Prize
1090 2676 74 23 £7,000,
1180 2679 38 16 and
1234 2680 33 16 S(W
1281 2680 53 16 otlier
1348 2680 61 18 Prize*

1041 2701 83 22 ranging
1133 2701 48 17 from
1197 2701 68 21 £(i,s()o
1274 2703 19 17 to
1303 2702 43 18 £2O.

980 2729 22 15 Jtt
1013 2733 38 16 may
1062 2729 33 16 win
1111 2730 84 16 £125.910
1209 2731 54 16 worlh
1277 2731 17 16 of
1307 2731 98 22 Propertied

1001 2755 34 15 For
1044 2755 58 16 shares
1113 2756 33 15 and
1160 2757 21 15 all
1199 2757 109 17 information
1324 2759 53 21 apply
1394 2762 14 13 tc

980 2779 91 18 socrfciary,
1082 2778 30 14 212
1128 2778 104 20 Queen-st.,
1251 2778 92 21 Brisbane,
1361 2785 19 10 or
1396 2782 12 14 t<

981 2797 19 16 G.
1015 2797 19 16 C.
1044 2797 100 21 Chaimebs,
1155 2801 19 15 72
1184 2799 82 19 I'iit-st.,
1279 2801 76 19 Sydney,
1374 2802 34 16 wh(

981 2818 34 17 will
1023 2823 28 11 act.
1061 2825 18 10 as
1087 2825 53 15 agtut
1148 2820 27 16 for
1185 2820 28 17 tlie
1222 2821 64 20 Society
1293 2823 17 14 in
1318 2821 38 18 N.S.
1362 2823 26 16 W.

1038 2870 39 41 W.
1105 2871 31 40 A.
1167 2871 185 42 WILLIAMS'

982 2943 221 24 PIONEER
1246 2946 166 26 STORE,

1059 2981 101 24 Opposite
1176 2983 72 19 Palace
1266 2983 24 19 il<
1301 2983 31 21 tel.

981 3031 137 23 GROCERY.

1062 3094 218 25 IRONMONGERY,

1115 3125 155 21 CROCKERY
1274 3127 91 24 WARE,

1167 3162 7 19 ]
1188 3162 121 24 lUPKRY,
1327 3164 42 21 Ac,
1379 3164 23 19 Ac-

1010 3195 12 13 a
1043 3190 147 22 \v<l!-assorled
1208 3195 19 16 pt
1241 3193 22 19 ck
1283 3194 19 18 in
1320 3194 26 18 all
1363 3194 50 20 lines

982 3217 20 18 of
1013 3217 34 18 the
1056 3218 62 19 above
1129 3222 17 15 at
1159 3218 70 20 lowest
1242 3226 69 15 prices.

982 3252 49 19 New
1043 3252 87 19 Zealand
1141 3254 61 24 Dairy
1213 3253 145 21 Association'»
1367 3255 34 20 Fac-

1017 3282 45 20 tory
1075 3278 74 20 Butler
1160 3280 54 19 fresh
1226 3280 56 19 t.*i<-e
1294 3281 81 25 weekly.

1057 3313 50 20 New
1118 3314 48 18 Laid
1179 3315 59 22 E'.'gs,
1249 3317 42 20 &c.,
1304 3317 33 19 &c.

999 3446 47 31 EC.
1058 3445 57 32 W,
1131 3446 267 40 MITCHELL,

1082 3503 116 24 Sulj&origcJ)
1209 3505 109 26 jctirbegor,

1129 3563 141 24 ROTORUA.

1041 3681 80 17 STOCK
1135 3681 14 17 &
1163 3681 197 24 SHAKELEOKEK,

984 3717 60 17 LAND,
1059 3717 75 14 ESTATE
1146 3719 43 12 AND
1204 3719 121 15 COMMISSION
1343 3721 73 18 AGENT,

1011 3832 175 26 WYNYARD
1199 3834 190 29 &PUBCHAS,

1046 3868 127 19 BAIUUSTEItS
1182 3875 41 12 AND
1235 3869 122 24 SODICITOItS,

984 3906 84 26 Temple
1077 3907 118 26 Chambers,
1203 3908 59 26 High
1271 3909 28 22 St,
1310 3908 106 20 Auckland

983 3968 82 43 WE
1079 3969 51 20 have
1141 3977 71 18 money
1223 3973 19 16 lo
1252 3970 46 19 loud
1312 3977 23 13 on
1354 3971 52 19 ATort-

1074 4002 54 18 gn;ro
1138 3996 21 19 of
1174 3996 99 19 Free]]old
1288 3997 46 18 and.
1344 3997 60 19 Lease-

984 4020 48 19 hold
1042 4025 94 21 property
1147 4024 21 17 at
1179 4027 80 14 current
1269 4027 58 14 rates.

984 4074 98 21 TVTOTE
1102 4082 62 18 paper
1183 4076 41 19 and
1241 4076 111 26 Envelopes
1370 4077 46 20 with

985 4098 35 20 i-i
1064 4102 80 26 printed
1159 4102 89 26 heading
1259 4105 21 16 at
1289 4102 64 26 cheap
1361 4105 55 18 rates

984 4130 20 16 at
1015 4127 106 20 Chronicle
1136 4128 61 19 office.

2020 183 147 41 IMrSff

2085 277 208 44 totoraa.

1721 330 224 32 ESTABLISHED
1967 330 76 32 !88l

1438 367 72 18 Under
1525 366 34 18 the
1572 372 5 18 ;
1585 367 96 24 atror.nge
1693 367 21 18 of
1724 369 32 17 Sir
1768 369 33 19 W.
1823 369 86 22 Jervoip,
1925 369 48 18 Karl
1991 371 36 17 and
2047 369 102 19 Countess
2168 369 21 19 of
2209 369 116 26 Hopctu'uD,

1608 391 35 20 the
1657 393 53 20 Hon.
1722 394 88 19 Premier
1821 395 37 19 and
1874 395 103 18 Members
1993 395 20 19 of
2025 396 129 19 Parliament.

1465 444 41 19 The
1517 443 63 19 Hotel
1594 444 14 17 is
1620 444 88 19 situated
1719 452 25 11 on
1755 452 25 12 an
1790 445 91 20 elevated
1893 446 87 25 portion
1992 453 24 12 on
2027 447 35 19 the
2072 447 70 19 shores
2158 447 21 19 of
2194 447 55 19 Lake
2264 447 49 19 Eoto-

1438 476 43 16 rua,
1493 470 120 18 eonvemVi.i:
1625 474 19 13 to
1655 471 25 18 all
1693 470 33 19 ihn
1737 471 63 23 nights
1811 472 19 18 in
1843 471 33 20 the
1887 472 86 20 district.

1511 495 112 30 Sulphur
1636 496 52 22 and
1700 496 113 24 Mineral
1827 497 83 23 Baths
1924 498 20 19 in
1956 498 35 18 the
2003 498 96 19 Grounds
2109 497 22 20 of
2142 498 35 19 the
2187 498 68 19 Hotel.

1464 548 29 17 To
1504 548 52 17 meet
1568 546 33 20 Ihe
1620 547 83 20 dulnets
1714 548 22 19 of
1747 548 34 19 the
1791 548 58 19 times
1860 555 11 12 a
1881 548 71 26 ebaige
1962 549 21 19 i.f
1994 550 30 19 £2
2034 550 22 19 2s
2067 556 37 19 per
2114 550 55 19 week
2181 549 39 20 will
2231 550 22 19 be
2271 550 54 19 made

1438 572 33 19 for
1481 579 12 12 a
1505 572 119 24 lengthened
1636 577 50 21 stay.
1715 574 72 20 Under
1798 581 38 12 one
1846 581 13 12 m
1867 574 35 20 eek
1913 579 22 15 He
1947 582 34 18 per
1992 575 44 26 day.

1502 624 65 19 —Mis
1578 624 85 20 Graham
1676 625 38 19 will
1726 626 42 18 also
1778 626 95 19 continue
1884 628 20 17 to
1915 628 103 21 supervise
2029 628 33 17 the

1557 656 130 22 GEYSER
1707 656 109 24 HOUSE
1836 658 242 24 HYDROPATHIC
2091 659 116 28 HOTEL,

1785 683 198 25 WAIKaKEI,

1436 706 64 20 whhh
1516 708 33 18 has
1569 708 81 19 become
1665 715 11 11 a
1698 715 33 19 poj
1739 708 45 20 ular
1800 716 39 12 am;
1857 710 102 20 favourite
1977 714 64 17 rrsort
2057 715 94 22 nmorgst
2165 712 105 19 travellers
2286 713 37 19 and

1834 736 90 21 invalid;--.

1567 760 16 18 A
1604 760 104 19 reduction
1726 761 16 18 is
1762 762 58 17 made
1837 767 21 12 to
1870 769 33 12 ve<
1912 763 32 20 klv
1956 772 5 11 i
1969 770 9 13 v
1989 764 89 19 monthlv
2090 762 18 21 hi
2117 764 77 19 arders.

1437 786 69 19 Quioe
1516 785 68 20 Biokß
1594 785 38 19 and
1641 786 19 19 in
1665 786 183 25 formation.giatis
1865 792 19 15 at
1895 788 55 20 Cork
1966 791 38 18 and
2023 790 58 19 Sets'
2098 791 51 24 (sole
2165 784 80 33 ageni°)
2261 792 64 19 (fficrs

1747 813 126 23 throughout
1885 814 33 20 the
1929 816 84 18 Colouv.

1985 872 30 25 £f
2018 872 162 25 c7iTiTelr»j
2187 880 70 17 mil»J

1435 1007 437 59 GEYSER
1950 1010 373 61 HOUSE

1463 1082 342 56 Hydropathic
1837 1085 161 56 Hotel,
2022 1086 269 48 Wairakei.

1626 1140 35 18 Six
1675 1140 56 19 miles
1748 1140 50 20 from
1810 1141 56 20 Lake
1875 1142 70 21 Tnurn
1958 1143 101 21 (Boiorua
2072 1145 60 24 side).

1533 1166 239 34 SUPJKHIOB
1805 1168 420 36 ACCOMMODATION,

1602 1206 55 20 ALL
1674 1207 57 19 THE
1753 1207 146 22 COMFOHTS
1915 1211 37 19 OF
1967 1214 15 16 A
2002 1212 83 19 HOME
2099 1213 57 19 FOR

1665 1239 159 24 TOURISTS
1838 1241 70 24 AND
1924 1242 169 25 INVALIDS.

1431 1291 54 23 Hot
1506 1291 153 28 Swimming
1680 1291 92 28 Baths,
1798 1293 221 26 Kiri-o-hine-Kai
2038 1303 28 16 or
2080 1296 67 23 New
2168 1296 64 23 Skin
2248 1297 75 28 Bath,

1626 1319 54 24 Hot
1690 1317 105 26 Douche
1807 1320 89 28 Baths,
1913 1321 88 24 Grand
2011 1322 115 23 Climate.

1588 1344 241 30 Elevation—l,3so
1855 1348 54 22 feet
1928 1348 81 23 ahove
2022 1355 45 16 sea
2089 1348 76 23 level.

1433 1395 195 25 COMPETENT
1644 1397 123 24 GUIDES
1790 1406 121 19 aecompsny
1929 1400 87 20 tourists
2032 1402 20 18 to
2070 1400 35 20 tie
2122 1400 78 21 various
2219 1401 67 24 places
2305 1402 17 19 of

1519 1422 92 25 interest,
1620 1425 64 19 which
1695 1425 57 19 baffle
1760 1425 34 19 the
1802 1425 61 21 facile
1872 1434 5 16 |
1885 1434 32 11 or.
1927 1427 38 17 and
1974 1434 36 12 can
2021 1427 45 26 only
2078 1428 25 18 be
2113 1427 83 20 realised
2205 1427 55 20 whec
2272 1435 51 13 seen,

1432 1474 196 25 G6YSGR
1645 1478 198 23 iZHLLSY
1864 1479 92 20 contains
1967 1479 34 19 the
2021 1479 106 25 following
2144 1479 119 27 unequalled
2281 1481 28 19 Ka-

1510 1501 51 20 luga!
1573 1501 103 30 wonder*:
1679 1503 147 25 —Tubuatalii,
1838 1512 21 12 or
1871 1505 64 19 Great
1944 1505 128 26 Champagne
2081 1505 101 21 Cauldion
2192 1515 5 15 ;
2211 1506 33 19 the
2253 1508 66 18 Great

1511 1528 103 20 Wairakei
1627 1529 91 26 Geyser;
1734 1531 35 19 the
1779 1530 87 25 Donkey
1880 1531 94 24 Engine;
1991 1532 33 19 the
2034 1532 85 20 Fairies'
2131 1533 53 18 Bath
2194 1528 4 30 ;
2213 1531 34 21 the
2254 1533 68 25 Light.

1510 1554 48 24 ning
1569 1554 57 29 Pool;
1638 1557 34 18 the
1684 1555 88 21 Cascade
1784 1557 78 25 Geyser
1875 1564 21 12 or
1907 1557 102 26 Dragon's
2020 1558 86 23 Mouth;
2122 1558 105 20 tbe.Blfcek
2239 1559 84 22 Geyt-er:

1511 1581 34 18 the
1556 1581 49 19 Mud
1618 1583 91 24 Geyser;
1725 1583 35 21 the
1770 1583 52 20 Blue
1831 1582 69 26 Lake;
1917 1584 34 20 the
1967 1585 33 19 Oil
2023 1585 66 23 Bath;
2113 1585 34 19 the
2165 1584 79 25 Eagle's
2259 1585 52 20 Rest
2320 1581 3 29 ]

1509 1607 36 18 the
1558 1607 73 20 Devil's
1645 1609 66 19 Punch
1725 1609 68 25 Bowl;
1809 1609 33 19 the
1856 1611 68 18 Prince
1936 1611 22 18 of
1970 1610 75 20 Wa'es'
2062 1611 95 20 Feathers
2166 1607 4 28 ;
2186 1611 34 19 the
2233 1611 88 24 Mirror;

1510 1633 35 19 the
1555 1634 54 19 Twin
1622 1635 91 25 Geyser;
1729 1635 35 20 the
1775 1636 58 19 Cora!
1845 1636 87 25 Geyser;
1948 1637 35 19 the.
1994 1638 67 18 Green
2077 1638 62 23 Pool;
2155 1637 43 20 Ten
2205 1638 74 19 kerebe
2295 1645 24 11 or

1510 1659 47 20 Hell
1573 1660 91 25 Geyser;
1680 1661 34 20 the
1724 1663 68 19 Steam
1804 1662 102 20 Hammer.
1937 1663 86 21 Guide's
2033 1664 32 20 fee
2074 1666 22 18 to
2112 1663 78 26 Geyser
2199 1663 71 27 Valley
2288 1666 35 22 ss;

1510 1685 91 20 distance
1612 1687 51 19 from
1676 1688 34 19 the
1722 1688 69 20 Hole),
1802 1695 36 12 one
1850 1689 52 19 mile.

1844 1724 41 14 :m
1909 1722 22 13 or
1948 1716 79 20 Ladder
2046 1716 86 26 Bapide.
2160 1716 42 19 The
2222 1717 100 19 Grandest

1511 1741 79 23 JKaptdx
1600 1746 19 13 in
1631 1741 35 20 the
1677 1741 102 20 Southern
1796 1741 147 26 Hemisphere;
1959 1743 70 25 falling
2047 1743 18 19 in
2084 1743 29 19 six
2131 1743 85 19 (iistirct
2232 1744 91 18 cascades

1510 1768 93 24 amotgst
1614 1767 61 20 weird
1687 1768 39 19 and
1730 1768 86 26 .rugged
1825 1775 90 18 scenery.
1943 1769 99 19 Distai.ce
2059 1769 50 19 from
2129 1769 33 19 the
2180 1769 69 24 Hotel,
2266 1769 56 21 three

1510 1792 65 19 miles.
1605 1794 72 19 i-a-Mle
1689 1794 19 19 b<
1716 1801 43 12 rses
1771 1797 20 17 to
1802 1795 45 18 vi.-il
1861 1795 35 20 the
1905 1794 85 26 Bapide,
2000 1796 23 19 7s
2035 1797 23 18 6d
2071 1795 55 20 each.

1432 1818 232 24 I'CS.FSTTP'ITI
1682 1827 22 12 or
1715 1820 33 19 the
1760 1821 75 19 Devil's
1852 1823 92 22 trumpet
1961 1822 16 19 is
1995 1822 40 19 said
2053 1824 20 17 to
2094 1818 4 27 <
2106 1822 37 19 mit
2159 1828 11 13 a
2191 1828 93 17 pressure
2302 1824 20 18 of

1510 1846 71 18 18o.Is
1595 1848 21 17 of
1627 1851 64 14 steam
1703 1851 21 14 to
1735 1846 34 20 the
1779 1847 53 23 inch,
1844 1848 51 19 from
1907 1855 24 12 an
1947 1850 95 22 aperture
2058 1849 22 18 of
2096 1848 63 19 about
2176 1849 23 18 12
2216 1849 68 19 inches
2301 1857 19 12 in

1511 1871 103 21 diumtter.
1643 1872 100 21 Distance
1751 1876 53 17 trom
1815 1873 34 20 the
1865 1874 65 23 Hotel,
1942 1874 29 19 tin
1978 1881 22 13 ee
2010 1875 39 19 aid
2065 1882 12 12 a
2096 1871 3 26 I
2108 1875 30 19 alf
2154 1874 62 20 miles.
2249 1875 73 21 Saddle

1510 1898 70 20 horses
1591 1902 20 16 to
1623 1899 47 19 visit
1681 1899 34 19 the
1727 1900 67 22 ahi.v>-,
1811 1902 21 17 2.-
1844 1902 23 17 bM
1880 1901 54 18 each.

1848 1933 49 12 ALSO

1462 1951 67 22 He
1547 1952 142 23 HUKH
1707 1953 168 25 F=s=fL-L-S,
1892 1953 33 19 the
1937 1953 104 20 Grandest
2058 1954 55 20 Falls
2129 1954 19 19 in
2167 1954 35 19 the
2221 1954 99 20 Southern

1510 1978 139 24 Hemisphere.
1678 1979 41 19 The
1730 1979 55 19 Falls
1798 1986 41 19 may
1854 1982 23 17 be
1889 1979 73 19 \isited
1979 1987 24 11 on
2015 1980 34 19 the
2060 1987 54 12 same
2125 1980 115 26 expedition
2250 1987 22 12 as
2289 1981 33 20 the

1510 2004 74 19 Devil's
1594 2004 105 25 Trumpet.
1729 2005 98 19 Distance
1846 2006 52 19 from
1915 2004 32 21 the
1964 2006 60 19 Hotel
2041 2006 58 20 three
2110 2008 38 18 ar.d
2167 2014 12 12 a
2199 2006 41 20 half
2259 2007 61 20 miles.

1509 2030 73 19 Saddle
1596 2030 57 20 hone
1663 2038 22 12 or
1696 2032 67 26 buggy
1774 2034 21 17 2s
1806 2032 26 19 9d
1842 2032 55 19 each.

1432 2062 114 39 MRS
1572 2063 48 39 K.
1649 2063 263 45 GRAHAM,

2065 2081 255 24 PROPRIETRESS.

1595 2416 130 42 TAILOR
1778 2416 70 42 AND
1900 2417 257 50 HABIT-MAKER,

1467 2817 828 99 vxczvzx

1582 2986 43 19 One
1641 2986 22 20 of
1681 2987 34 20 the
1725 2991 118 18 vecesMiies
1855 2991 21 19 of
1886 2991 34 19 the
1930 2992 80 21 coming
2020 2993 75 19 Season
2107 2993 40 19 will
2158 2993 25 19 be

1437 3017 25 23 A
1501 3017 112 24 COOL
1655 3020 98 23 AND
1795 3022 333 26 REFRESHING
2168 3025 160 23 DRINK

1463 3048 140 20 Untiuetured
1617 3050 23 25 by
1650 3057 38 17 any
1700 3050 128 22 Deleterious
1844 3057 6 14 l
1863 3053 81 21 heinical
1957 3054 67 25 Cornp.
2035 3056 59 18 unds.
2123 3055 19 19 A
2152 3056 58 19 drii.k
2221 3057 22 18 at
2252 3062 50 13 once

1661 3082 185 32 Exhilarating
1868 3086 51 22 and
1936 3086 166 30 Refreshing,

1436 3112 39 18 ami
1489 3111 63 19 which
1568 3111 36 19 jrill
1615 3118 63 20 prove
1688 3120 12 13 a
1710 3115 151 24 prtventive.of
1868 3116 116 26 Dyspepsia
2001 3119 38 17 find
2057 3118 27 19 all
2101 3118 93 20 Internal
2213 3119 114 20 Disorders.

1463 3137 87 19 Aerated
1564 3138 83 20 Waters
1658 3139 39 19 and
1708 3140 98 24 Cordials,
1825 3149 17 12 cc
1850 3143 97 25 mprif-ing
1964 3144 34 19 the
2008 3143 74 21 Purest
2091 3145 120 24 Lemonade,
2229 3146 35 19 the
2274 3146 54 19 Most

1436 3163 104 21 Delicious
1551 3164 78 26 Gringi-r
1639 3165 44 25 Ale,
1698 3165 176 26 Highly-charo'ed
1893 3170 51 19 Soda
1958 3170 71 20 Water

1753 3186 282 52 ZOLAKONK,'

1436 3238 12 12 a
1458 3238 42 13 new
1509 3232 132 26 Enervating,
1659 3234 148 21 non-alcoholic
1824 3236 100 27 Beverage
1934 3232 4 34 ;
1957 3238 54 20 Lime
2029 3238 60 20 Juice
2106 3239 88 24 Cordial,
2205 3240 123 26 Raspberry,

1439 3258 136 26 Peppermint,
1587 3258 76 25 Cloves,
1675 3260 37 19 and
1725 3261 76 20 Lemon
1812 3263 76 25 Syrups
1899 3271 34 12 '.ire
1944 3264 26 19 all
1982 3266 155 19 manufactured
2149 3273 26 12 on
2183 3266 35 19 the
2226 3267 102 25 premises.

1728 3360 90 26 /=H\Yr

1557 3588 138 27 Overlooking
1706 3591 35 19 the
1752 3591 35 24 Pa,
1799 3591 84 26 Boiling
1898 3593 86 26 Springs
1998 3596 41 18 and
2047 3596 92 19 Eotorua
2149 3596 62 19 Lake.

1584 3695 174 23 T6RMS
1770 3702 5 16 :
1790 3695 47 23 30s
1848 3703 45 22 per
1902 3698 83 28 week,
1998 3706 27 15 or
2039 3700 27 23 5s
2077 3708 46 22 per
2134 3701 57 30 day.

1443 3730 101 30 Special
1554 3731 205 29 Arrangements
1769 3733 40 23 for
1819 3741 15 15 a
1840 3734 161 28 lengthened
2007 3738 136 23 residence
2151 3739 51 22 and
2210 3739 118 24 families.

1710 3807 171 22 CUISINE.-A
1895 3810 172 21 SPECIALITY.

1480 3845 124 19 Eeferences
1613 3846 129 26 throughout
1756 3847 51 21 New
1820 3850 90 18 Zealand
1921 3851 40 18 ami
1971 3852 33 18 the
2013 3852 119 20 Australian
2139 3853 93 20 Colonies
2240 3854 53 19 from

1781 3875 93 24 previous
1895 3876 92 19 Visitors,

1470 3902 4 32 i
1486 3904 55 17 touts
1552 3902 105 26 employed
1668 3906 21 16 at
1700 3904 107 20 Auckland
1817 3913 21 12 or
1855 3906 90 21 Potorua
1963 3908 92 26 Railway
2074 3910 91 20 Stations
2184 3918 22 12 or
2223 3912 105 20 Steamers-

1690 3935 31 20 No
1736 3938 34 17 ten
1780 3944 36 19 per
1827 3940 45 17 cent
1881 3938 93 25 Coupons
1985 3941 99 24 accepted.

1467 4002 153 19 NOTE.—Ask
1633 4002 32 19 for
1675 4003 107 25 Sejjdon's,
1793 4005 40 19 and
1843 4012 33 12 see

1973 4104 346 57 Proprietress.

982 4248 31 14 rjtjj
1025 4249 15 13 K
1049 4246 31 16 Jt-4.

1283 4225 185 44 ncpck's
1498 4226 276 40 Celebrated
1801 4227 187 40 XXXX
2013 4228 113 41 Ales
2153 4233 93 36 and
2279 4231 147 40 Stout,

2456 227 215 34 MAMAKU

2347 263 74 39 SAW
2437 264 25 39 &
2487 265 152 43 PLANING
2660 268 117 39 MILLS,

2349 332 268 26 MOUNTHIN
2641 337 138 24 Rl7yi\J,

2349 407 134 21 GENUINE
2498 408 59 19 DiiY
2572 410 78 19 LAND
2668 411 112 20 TIiIBEE

2454 442 29 16 IN
2495 442 52 17 THE
2561 442 112 20 MAEKET.

2401 487 75 17 ESSES
2496 487 99 17 KUSABS
2612 489 70 17 BEOS,
2695 490 40 22 beg
2750 496 20 12 ro-

2349 505 50 24 -LfX
2425 510 101 23 spectfully
2531 511 20 16 to
2560 511 69 17 inform
2637 512 32 17 the.
2681 513 68 17 Public
2761 514 19 16 of

2349 532 78 16 Kotoruu
2436 532 34 16 and
2478 533 74 20 vicinity
2560 533 39 16 that
2607 535 41 19 they
2662 535 44 15 have
2721 538 49 13 estab-

2348 553 55 16 lished
2412 558 10 11 a
2432 553 42 21 yard
2483 553 18 16 in
2514 553 125 21 Hincmoa-st.,
2649 556 32 14 and
2697 561 31 10 can
2743 562 37 10 now

2348 576 63 19 supply
2420 574 30 16 the
2458 574 50 16 fluent
2516 575 44 15 class
2573 576 19 15 of
2605 576 83 19 Building
2700 576 80 17 Material

2348 595 17 15 in
2374 596 29 14 the
2413 595 74 16 Market.
2504 596 17 15 It.
2529 597 15 14 is
2551 596 101 21 unequalled
2662 598 16 14 in
2687 597 93 22 durability

2349 616 33 16 and
2392 617 105 20 impervious
2505 618 18 15 to
2532 617 29 16 the
2569 618 67 15 attacks
2652 618 19 15 of
2683 619 51 15 borer
2747 620 33 15 and

2347 637 32 20 dry
2391 640 33 14 rot.
2447 638 53 15 Their
2508 638 83 16 sawmills
2599 644 28 10 are
2636 639 49 15 fitted
2695 640 43 15 with
2753 640 27 16 the

2349 663 44 11 most,
2401 659 71 16 modern
2481 659 98 21 appliances
2589 660 33 15 and
2631 661 29 15 the
2667 661 39 15 firm
2719 661 15 14 is
2744 661 36 16 able

2347 683 18 12 to
2381 680 64 21 supply
2461 686 34 14 any
2511 681 80 20 quantity
2608 682 18 15 of
2641 681 38 21 Dry
2697 681 83 21 Building

2347 701 82 16 Material
2438 707 22 10 on
2469 702 28 15 the
2506 703 74 15 shortest
2589 703 61 15 notice.

2349 743 140 30 Skirtings,
2497 744 179 28 Architraves,
2681 745 83 23 Mould-

2386 774 68 28 ings,
2466 775 51 22 and
2527 774 111 24 Dressed
2647 776 103 22 Timber

2416 805 28 22 of
2453 812 79 22 every
2547 805 165 30 description,

2441 835 110 29 Always
2561 842 33 16 on
2603 836 84 23 Hand.

2377 868 121 23 HENAU
2508 869 107 23 HOUSE
2624 870 129 24 BLOCKS.

2368 915 50 16 Price
2427 915 47 16 Lists
2482 921 22 10 on
2513 917 102 19 application
2625 918 18 14 to

2348 946 225 33 KUSABS
2609 948 171 38 BROS,,

2424 988 116 18 MAMAKU
2554 994 25 12 ok
2592 989 112 18 OHAUPO.

2476 1016 27 18 Or
2511 1019 20 15 at
2540 1018 31 17 the
2584 1018 67 21 Yards,

2370 1043 126 19 HINEMOA
2509 1045 101 19 STEEET,
2629 1045 128 18 EOTOEUA.

2425 1089 137 23 SPECIAL
2579 1089 126 23 NOTICE.

2472 1146 59 17 NOW
2544 1146 117 18 OPENING

2348 1174 71 23 Spring
2428 1174 37 18 and
2474 1174 86 19 Summer
2573 1175 62 18 Goods
2649 1176 19 17 in
2680 1182 56 17 every
2750 1178 21 16 de-

2407 1199 97 22 partment
2513 1199 20 16 at
2547 1199 99 17 Auckland
2654 1199 69 18 Prices.

2419 1244 155 17 INSPECTION
2595 1245 116 18 INVITED.

2426 1291 37 32 S.
2484 1290 217 38 HOWARD,

2382 1329 116 19 DEAFER
2515 1329 61 19 AND
2600 1329 148 23 CLOTHIER,

2886 171 21 20 J.
2923 169 38 22 W.
2976 169 169 28 WEIGLEY,

2814 217 18 24 A
2879 218 19 19 R
2931 221 15 18 C
2980 223 21 18 II
3037 223 10 18 I
3076 223 16 18 T
3120 223 17 18 E
3166 222 15 19 C
3208 222 23 23 T,

2942 268 142 21 BOTOPOJA.

2828 316 68 21 Agent
2911 317 30 20 for
2953 319 32 20 the
3004 320 62 21 Sonth
3086 322 76 19 British
3184 322 47 19 Tire

2802 341 16 18 &
2830 341 79 21 Marino
2919 343 108 23 Insurance
3041 349 108 24 Company.

2848 391 29 40 A.
2906 393 67 40 AND
2999 396 29 40 fl.
3056 398 126 46 BROOK,

2802 442 80 23 BOOT
2896 443 68 24 AND
2980 446 80 25 SHOE
3082 449 147 29 MAKERS,

2861 473 85 23 FfiNION
2961 477 87 27 feIBEET,
3072 482 104 19 i.'OTOHUA.

2803 505 45 20 And
2871 508 20 17 at
2922 508 78 21 Parnell
3023 511 39 19 aid
3092 513 137 19 Newmarket.

2828 558 65 25 Large
2903 560 38 18 and
2952 561 65 20 vaiied
3034 563 61 20 Stock
3107 564 20 19 of
3138 565 90 24 English,

2804 583 84 26 Foreign
2900 586 37 19 and
2949 588 39 17 Col,
2998 588 39 19 nial
3049 590 61 19 Boots
3120 593 37 16 and
3166 591 63 19 Sho6s

2863 612 21 17 to
2895 610 69 21 choose
2976 614 48 18 from
3036 617 22 17 at
3068 616 34 18 the
3114 619 50 16 most

2870 683 92 21 GlfcfcAT
2975 684 189 25 EKDtrCTIOJSS.

2830 712 92 27 Clearing
2941 717 114 22 outStovk
3075 719 30 19 for
3129 720 75 24 Spring

2954 741 120 26 Shipments.

2805 769 32 19 All
2854 771 68 19 orders
2938 774 37 17 and
2992 776 74 24 repairs
3082 777 148 25 expeditiously

2964 801 100 18 executed.

2846 845 32 40 9.
2903 847 37 38 W.
2973 847 215 52 P8&IS0I,

2932 913 168 23 PRUITEEEfi,

2829 965 57 19 iNext
2896 962 98 22 Saddler's
3009 966 55 25 shop,
3075 968 129 21 Obinemuru.

2805 996 44 20 Has
2859 997 75 25 always
2949 1003 9 13 n
2974 1004 17 19 g>
3001 998 25 18 cd
3041 1000 71 24 supplv
3128 1001 21 18 of
3169 1002 62 20 Fresh

2878 1023 64 24 Fruit,
2953 1023 48 20 both
3017 1024 50 19 local
3076 1026 37 18 and
3124 1027 23 18 im-

2930 1049 69 26 jiorted
3010 1057 25 12 on
3048 1050 58 20 band.

2971 1076 20 18 A
3001 1082 11 13 r.
3022 1083 39 18 so,

2929 1103 13 17 A
2965 1103 42 18 well
3019 1106 90 17 assorrci

2857 1130 23 16 p|<
2890 1128 22 19 ck
2923 1128 21 19 of
2956 1128 84 25 Biscuit,
3054 1130 117 21 Confection-

2804 1159 34 20 ery
2849 1154 38 18 and
2899 1156 90 18 Summer
3003 1155 76 20 Drinks
3092 1159 21 17 at
3129 1158 104 20 Moderate

2980 1181 75 19 Prices.

2377 1667 184 46 Robert
2595 1668 157 46 Wake

2369 1747 78 23 )EGS
2456 1750 18 16 to
2483 1748 92 19 intimate
2584 1752 21 15 to
2611 1749 35 18 the
2654 1749 126 19 inhabitants

2368 1771 23 22 3
2422 1774 21 18 of
2458 1774 91 19 Rotorua
2563 1775 39 18 and
2619 1775 34 18 the
2672 1775 108 25 travelling

2347 1800 70 25 public
2427 1800 105 24 generally
2546 1800 45 18 that
2607 1801 25 19 he
2649 1801 37 18 has
2702 1807 13 12 a
2735 1803 45 23 trap

2347 1826 91 25 running
2448 1832 59 14 even-
2518 1826 55 19 week
2581 1827 90 19 between
2681 1826 98 24 Rotorua,

2347 1852 87 19 Galatea
2445 1852 39 18 and
2496 1853 27 17 To
2539 1852 80 19 Whniti
2635 1854 32 17 for
2681 1853 35 19 the
2734 1860 46 12 con«

2345 1885 89 18 veyanee
2445 1879 21 18 of
2476 1885 126 19 passengers,
2617 1879 83 25 parcels,
2721 1879 32 19 &c.

2371 1909 83 19 Parcels
2464 1909 78 19 recived
2554 1909 39 19 and
2605 1909 28 19 all
2648 1909 132 20 information

2346 1935 61 24 given
2427 1939 21 15 at
2466 1935 24 19 R.
2511 1935 88 19 Wake's
2617 1935 64 24 Store,
2702 1935 77 19 Fenton

2345 1961 73 18 Street.

2829 1308 187 42 MARAEROA
3037 1311 172 42 SAWMILL.

2812 1366 11 34 ]
2837 1367 9 19 \
2856 1365 98 23 ESIEE
2968 1367 27 22 to
3003 1367 86 23 thank
3095 1367 45 23 the
3149 1369 85 28 public

2812 1397 36 14 *-'
2882 1397 40 22 for
2935 1399 60 28 past
3010 1399 88 23 favors
3117 1400 51 22 and
3186 1401 48 28 beg

2804 1430 26 21 to
2855 1436 135 16 announce
3013 1430 59 23 that
3095 1431 100 29 having
3218 1438 16 16 a

2804 1460 73 28 large
2898 1460 74 23 stock
2994 1460 28 23 of
3036 1461 198 23 well-seasoned

2804 1491 136 24 first-class
2949 1492 95 23 timber
3055 1500 34 15 on
3095 1492 69 23 hand
3171 1493 63 29 they

2805 1524 43 16 are
2863 1519 124 28 prepared
2997 1521 26 20 to
3035 1519 68 22 fulfil
3113 1519 87 23 orders
3208 1522 26 21 at

2804 1548 111 23 reduced
2922 1550 77 21 rates.

2909 1667 220 25 ARCHITECT,

2883 1703 96 25 Building
2994 1704 108 25 Surveyor,
3120 1705 35 19 &c.

2805 1743 69 23 Agent
2896 1741 31 18 for
2946 1741 34 19 the
3004 1742 97 19 National
3125 1742 46 19 Fire
3195 1742 40 19 and

2895 1767 78 20 Marine
2981 1766 114 22 Insurance
3107 1768 35 19 Co.

2443 2078 244 20 ANNOUNCEMENT.

2346 2159 24 43 I
2386 2159 80 19 HAVE
2476 2159 114 25 purchased
2600 2165 12 13 a
2628 2159 39 19 full
2684 2159 57 19 stock
2759 2160 19 18 of

2399 2185 69 25 drugs,
2484 2185 113 23 eherniculs,
2616 2186 40 22 &c,
2674 2185 41 19 and
2728 2185 50 19 have

2345 2212 93 24 engaged
2450 2218 11 12 a
2471 2214 114 21 competent
2594 2217 46 13 man
2652 2213 20 17 to
2685 2211 93 25 dispense

2345 2237 35 19 the
2394 2244 56 12 same
2466 2239 21 17 at
2503 2237 35 19 the
2557 2243 44 13 new
2619 2237 50 25 shop
2688 2237 90 25 opposite

2344 2263 35 20 the
2392 2263 69 19 Grand
2471 2263 69 19 Hotel.

2530 2303 112 18 ROBERT
2658 2303 94 18 WAKE.

2350 2686 60 42 IT.
2438 2686 137 42 HOBSON
2610 2686 170 47 NURSERY,

2375 2740 174 28 KEHTOEKA,
2565 2740 191 28 AUCKLAND,

2455 2775 61 23 [LOXG
2523 2775 153 23 ESTABLISHED.]

2350 2803 202 19 SUPPLIES
2563 2803 104 20 advanced
2677 2804 60 18 Fruit
2744 2803 40 19 and

2350 2825 31 25 k_?
2411 2829 132 19 Ornamental
2557 2829 67 19 Trees.

2378 2860 77 19 Native
2464 2860 72 19 Plants
2547 2860 40 19 and
2596 2860 70 23 Ferns,
2684 2860 101 25 prepared

2350 2887 32 19 for
2394 2886 87 24 sending
2490 2892 20 13 to
2523 2886 27 19 all
2560 2888 56 23 parts
2634 2888 22 17 of
2670 2886 35 19 the
2723 2886 62 19 world

2350 2913 49 19 with
2411 2912 211 25 success—including
2632 2912 34 19 the
2672 2912 113 19 handsome

2350 2939 77 25 species
2437 2939 21 18 of
2468 2938 124 19 Tree-Ferns
2603 2939 20 18 of
2632 2938 56 19 these
2696 2938 87 23 Islands,

2351 2965 39 19 and
2401 2965 28 19 all
2439 2965 58 18 other
2507 2965 59 19 items
2580 2965 94 24 required
2683 2965 28 24 by
2727 2964 49 18 culti-

2350 2994 74 16 vators.

2378 3017 86 19 Current
2484 3016 84 19 circular
2588 3016 115 20 forwarded
2720 3022 25 13 on
2755 3022 20 12 re-

2351 3044 54 24 ceipt
2415 3043 21 19 of
2447 3043 89 19 address.

2382 3095 50 47 C.
2465 3079 147 61 T.Tf

2443 3161 253 31 BEHUEBA.

2379 3236 168 20 FIREWOOD!
2596 3236 165 21 FIREWOOD!

2453 3289 75 19 RATA
2540 3294 42 14 and
2597 3289 90 19 TAWA.

2354 3315 109 20 Delivered
2482 3315 28 25 by
2529 3315 84 20 Kusabs
2634 3315 57 19 Bros,
2708 3317 22 17 to
2748 3322 40 17 any

2354 3344 47 23 part
2413 3342 22 18 of
2446 3342 34 18 the
2491 3341 99 26 township
2601 3344 20 16 at

2427 3367 86 19 Lowest
2526 3367 99 19 Ourkext
2637 3367 77 19 Rates.

2382 3393 74 19 Orders
2465 3393 92 19 received
2568 3398 21 14 at
2600 3393 34 19 the
2644 3395 67 22 yards,
2724 3393 52 19 Time-

2355 3426 46 12 mou
2411 3420 72 18 Street.

2406 3478 135 42 HORACE
2561 3478 179 40 STEWART.

2358 3537 107 21 SADDLE,
2479 3536 125 22 HARNESS,
2618 3536 53 18 AND
2689 3536 99 17 COLLAR

2525 3563 99 22 MAKER,

2356 3598 73 18 Wishes
2438 3598 20 17 to
2469 3597 62 22 nolify
2545 3597 31 17 the
2590 3596 66 19 Public
2674 3597 19 17 of
2706 3596 82 18 Rotorua

2357 3621 38 17 and
2406 3620 127 23 surrounding
2541 3619 74 19 district
2619 3620 44 17 that
2666 3620 25 18 he
2696 3619 41 18 will
2743 3625 23 13 on

2411 3650 91 16 Monday
2511 3653 60 16 next,
2581 3648 120 19 September
2705 3649 29 20 23,

2355 3682 107 13 commence
2470 3676 85 17 business
2566 3676 21 17 in
2601 3676 32 17 the
2647 3676 58 16 above
2721 3675 36 17 line
2770 3675 18 17 in

2356 3701 32 16 the
2397 3700 89 22 premises
2494 3699 104 22 belonging
2606 3700 19 16 to
2637 3699 22 16 B.
2674 3698 19 18 S.
2712 3698 76 21 Corlett,

2356 3723 74 18 Fenton
2440 3722 66 21 Street,
2517 3728 24 11 on
2550 3722 32 17 the
2594 3722 84 22 opposite
2691 3727 66 11 corner
2770 3723 18 15 to

2355 3746 33 17 the
2398 3745 65 18 Grand
2471 3745 64 19 Hotel,
2547 3745 36 17 and
2592 3745 69 17 solicits
2670 3750 11 12 a
2689 3744 37 17 fair
2736 3744 52 18 share

2356 3770 20 16 of
2383 3769 111 22 patronage.

2380 3792 72 18 Collars
2460 3791 54 18 made
2528 3793 20 15 to
2561 3797 84 11 measure
2659 3797 23 10 on
2700 3790 32 17 the
2746 3795 32 18 pre-

2355 3815 56 18 mises
2420 3821 10 12 a
2439 3815 103 22 speciality.

2379 3837 124 24 Lengthened
2513 3837 107 23 experience
2628 3837 20 17 in
2657 3837 25 17 all
2691 3837 68 17 classes
2770 3837 18 16 of

2355 3861 94 18 Saddler's
2460 3861 56 18 work.
2542 3861 31 16 All
2582 3860 63 17 orders
2653 3859 97 24 promptly
2759 3861 20 16 at-

2354 3884 69 17 tended
2435 3885 25 17 to.

2424 3930 163 23 COTTAGES
2601 3930 38 22 TO
2653 3929 69 22 LET.

2356 3983 85 45 C\NE
2453 3982 144 19 Four-roomed
2609 3988 25 12 on
2645 3981 34 18 the
2694 3981 93 19 thulium

2383 4008 15 20 /
2429 4009 71 19 Creek.

2355 4036 44 18 One
2410 4033 137 21 Two-roomed
2559 4033 20 19 in
2726 4035 49 17 town-

2355 4061 52 25 ship.

2383 4087 39 19 For
2432 4085 120 26 particulars
2563 4085 67 25 apply,

2539 4111 33 20 W.
2590 4111 115 23 ROGERS,

2580 4137 101 18 liiiieiiioa
2695 4139 63 16 Store.

2802 1832 163 41 ROTORUA
2993 1834 162 42 SAWMILL
3181 1835 51 42 CO.

2803 1957 126 22 TTTHITE
2943 1959 53 17 AND
3014 1959 52 18 BED
3086 1960 63 17 PINE
3166 1960 20 17 of
3201 1961 33 17 tlic

2818 1984 28 16 IT
2888 1982 55 17 finest
2952 1982 73 23 quality
3040 1983 37 17 and
3090 1984 91 22 carefully
3195 1985 37 16 cut.

2993 2012 49 13 ALSO

2815 2034 90 29 Matai,
2929 2036 120 24 Pukatea
3069 2038 51 22 and
3142 2037 79 23 Tawa

2804 2065 128 31 Shingles,
2943 2067 116 30 Palings,
3071 2069 95 23 Blocks
3183 2069 51 23 and

2977 2099 85 28 Posts,

2828 2135 16 17 A
2859 2134 50 24 good
2920 2134 39 19 and
2969 2136 89 18 assorted
3070 2136 73 24 supply
3161 2136 73 25 always

2802 2166 25 13 on
2837 2160 52 19 hand
2900 2163 21 16 at
2930 2160 34 19 tho
2974 2161 81 19 Timber
3065 2161 63 19 Yard.

2931 2194 174 21 EOTOEUA.

2802 2248 160 25 N.B—Special
2973 2255 44 12 care
3032 2249 61 19 taken
3105 2250 19 18 in
3142 2251 34 18 the
3192 2257 32 13 sea-

2978 2274 77 26 soning.

2804 2327 96 20 PRICES
2922 2328 35 18 AT
2981 2326 134 22 CURRENT
3138 2328 95 21 RATES.

2802 2380 35 19 W.
2853 2380 73 19 HENS
2931 2380 76 24 HAW,
3114 2381 120 21 Manages.

2805 2568 110 42 TOTAR
2917 2568 18 19 A
2940 2568 95 20 HOUSE
3042 2569 112 25 BLOCKS,
3161 2569 29 21 Sti
3195 2571 39 19 aim

2870 2600 38 20 ers,
2920 2595 39 18 and
2970 2594 137 21 Government
3116 2596 40 19 size
3169 2596 65 24 Posts,

2805 2620 20 18 in
2837 2626 40 18 any
2888 2621 100 25 quantity,
2999 2621 102 20 delivered
3111 2624 20 17 to
3142 2629 40 18 any
3191 2627 45 21 part

2804 2646 21 18 of
2835 2646 35 19 tbe
2884 2646 78 20 listrict.
2965 2647 95 25 —Apply
3074 2650 20 17 at
3104 2648 34 19 the
3149 2649 87 19 Auction

2804 2671 62 20 Maii.

2986 2708 19 18 J.
3023 2708 28 18 H.
3065 2709 118 19 TAYLOR.

2808 2830 121 23 Plumber
2946 2831 21 22 &
2978 2831 111 24 General
3101 2832 136 23 Mechanic

2900 2881 129 19 TUTANEKAI
3048 2881 91 24 STHEET,

2907 3083 301 50 MSB

2835 3174 56 20 HAS
2905 3174 111 20 OPENED
3037 3175 47 19 HIS
3099 3175 114 23 SALOON,

2809 3231 78 19 NEXT
2903 3231 73 19 DOOR
2992 3231 33 19 TO
3039 3232 42 18 MR
3099 3232 138 19 SAMSON'S.

3015 3394 25 40 &
3073 3394 146 46 COTTER,

2890 3462 111 20 FAMILY
3020 3462 152 25 LOJ'ICUERS,

2866 3513 79 19 ABAWA
2969 3513 91 23 iJTIVEET,
3086 3512 104 20 JiOTOIIUA.

2841 3561 56 20 Have
2908 3563 19 17 to
2939 3561 43 20 thai
2993 3561 10 19 k
3016 3561 34 20 the
3060 3561 74 19 Public
3150 3561 22 20 of
3185 3561 44 20 Koto-

2815 3595 32 11 run,
2866 3588 30 18 for
2907 3593 5 18 |
2919 3592 32 15 ast
2959 3588 86 19 i'avi.urß
3054 3588 37 19 and
3107 3587 35 25 beg
3153 3590 21 17 to
3191 3590 49 17 stulo

2815 3614 44 24 liicy
2876 3613 37 19 will
2931 3615 96 19 eoiitinue
3048 3617 19 16 lo
3085 3614 57 19 merit
3160 3615 80 24 support

2815 3640 20 26 Ivj
2851 3640 105 26 providing
2967 3640 34 19 the
3013 3641 42 18 best
3065 3640 77 26 quality
3153 3640 22 19 of
3192 3643 48 16 meat

2885 3690 35 18 AT
2935 3688 117 21 LOWEST
3069 3689 102 20 PRICED.

2878 3745 85 20 OKO
2979 3745 12 18 I
3007 3746 17 18 A

2813 3838 242 31 BOABDITO
3073 3836 163 33 HOUSE.

2987 3923 77 19 Office.

2812 3956 29 17 An
2852 3951 3 23 i
2878 3961 47 13 near
2946 3954 32 20 the
2999 3954 116 20 Celebrated
3143 3951 91 21 PJIiISST

2854 3980 111 20 KAOHEL
2982 3981 38 18 an,!
3034 3981 55 17 .I'l.-r
3104 3978 89 23 [UTIJS,

2952 4005 141 21 ROTOKUA.

2843 4057 112 41 MRS
2998 4056 199 52 YOUiYG,

2943 4106 164 19 Pnoj?nrETHEss.

2887 4138 92 18 TEEMS
2996 4138 21 18 M
3041 4136 112 19 DEKATH.
