3340 4340
1119 3125 125 18 VISITORS'
1257 3126 65 18 LIST.

1140 3172 76 17 Grand
1223 3172 77 17 Hotel.

1027 3203 29 17 Sir
1072 3203 61 17 limco
1146 3203 39 17 and
1199 3203 54 23 Lady
1267 3205 98 20 Burnside,
1382 3205 42 23 Eng-

1003 3226 45 17 land
1055 3226 3 22 ;
1073 3226 107 17 Mosdames
1188 3227 86 21 Colman,
1286 3227 50 18 child
1350 3228 38 17 and
1399 3229 39 17 two

1004 3249 64 21 maids,
1095 3250 83 17 Bircliell
1204 3250 38 17 and
1263 3250 56 21 maid,
1346 3251 90 23 Higgins,

1004 3273 81 19 Sclioles,
1107 3273 77 22 Wright
1201 3273 38 17 and
1258 3273 57 20 maid,
1336 3273 100 24 England;

1004 3296 66 20 Bakor,
1081 3296 75 17 Donald
1165 3296 37 17 and
1215 3297 38 17 two
1267 3297 88 20 children,
1374 3298 51 16 Auck-

1003 3319 45 17 land
1058 3319 4 24 ;
1084 3319 91 21 Jackson,
1198 3320 126 19 Melbourne;
1349 3320 87 23 Jacques,

1004 3342 75 22 Sydney
1092 3342 3 22 ;
1122 3342 77 21 Adams,
1225 3343 106 18 Auckland.
1371 3344 67 18 Misses

1003 3365 86 22 Jacques,
1108 3365 86 23 Sydney;
1217 3366 102 18 Ducarrow
1336 3366 32 23 (2),
1383 3367 41 22 Eng-

1004 3388 55 21 land;
1086 3388 83 17 Jackson
1194 3388 33 24 (2),
1253 3389 116 18 Melbourne.
1410 3391 28 16 Dr

1004 3411 77 21 Haines,
1102 3411 112 22 Auckland;
1236 3412 27 17 Dr
1282 3412 88 21 Jackson,
1387 3413 38 18 Mel-

1003 3434 71 18 bourne
1082 3434 4 25 ;
1100 3435 29 17 Dr
1134 3435 98 20 Donovan,
1239 3436 70 17 Messrs
1317 3436 80 22 Jacques
1404 3436 32 23 (2),

1004 3458 55 17 Clifts
1076 3457 33 24 (3),
1132 3458 96 20 Lambert,
1250 3459 65 20 Gibbs,
1331 3459 105 22 Galbraith,

1004 3481 63 22 Jagcr,
1078 3481 86 22 Sydney;
1179 3481 88 20 Bircliell,
1274 3481 90 23 Higgins,
1372 3482 64 22 Jones,

1004 3504 81 21 Wright,
1093 3504 78 20 Stirton,
1178 3504 76 21 Munro,
1261 3504 79 21 Russell,
1346 3506 90 20 Gardner,

1004 3527 89 21 London;
1115 3527 68 17 Fraser
1199 3527 38 17 and
1251 3534 39 13 son,
1305 3528 119 19 Queensland
1432 3527 4 21 ;

1004 3550 106 19 Ashworth,
1133 3550 128 24 Wellington;
1287 3551 77 23 Oooper,
1387 3553 38 16 Mel-

1005 3574 69 16 bourne
1081 3574 4 22 ;
1096 3574 80 19 O'Neill,
1184 3574 97 20 Williams,
1288 3574 76 21 Adams,
1373 3575 63 21 Davis,

1003 3596 57 20 West,
1070 3596 85 21 Dunbar,
1166 3596 117 21 Bloomiield,
1293 3597 66 22 Upfill,
1375 3598 62 17 Grim-
1448 3591 1 28 I

1004 3619 63 20 mond,
1075 3620 105 21 Auckland;
1189 3620 109 21 McKcnzic,
1306 3621 130 18 Coromandel.
1448 3618 1 25 |

1027 3666 82 17 Geyseii
1117 3666 78 21 Hotel,
1206 3666 207 19 Whakap.kwarewa.

1026 3692 106 18 Mesdames
1140 3693 74 20 Felton,
1225 3694 75 20 Dallon,
1314 3694 68 17 Oronin
1400 3695 39 18 and

1003 3716 53 17 three
1065 3716 91 21 children,
1171 3716 111 21 Auckland;
1302 3717 66 22 .Toynt,
1386 3718 49 22 Fiji;

1004 3739 80 19 Mather,
1093 3739 82 21 Forstcr,
1182 3739 99 23 Kennedy,
1288 3739 86 23 Sydney;
1388 3741 47 20 Hill,

1003 3762 64 20 Black,
1077 3762 52 17 Mills
1138 3762 38 17 and
1181 3762 44 23 boy,
1234 3763 81 22 Napier;
1329 3763 106 22 McNioliol,

1003 3785 98 21 Dunedin;
1115 3786 91 22 Murphy,
1217 3786 139 17 Christohurcli.
1370 3787 66 18 Misses

1003 3808 130 22 Kemptliorne
1143 3808 32 23 (2),
1188 3805 89 21 Dunedin
1284 3805 4 26 ;
1309 3809 22 17 do
1345 3809 90 22 Salainos,

1003 3831 70 17 Franco
1081 3831 3 21 ;
1099 3831 100 21 Husband,
1215 3831 23 17 A.
1253 3832 29 16 M.
1296 3832 61 20 Beale,
1373 3833 51 17 Auck-

1002 3854 46 17 land
1056 3854 4 24 ;
1086 3854 95 20 Haddick,
1208 3854 89 23 England
1307 3854 3 24 ;
1336 3855 99 23 Kennedy,

1003 3876 80 23 Sydney.
1109 3877 28 17 Dr
1145 3876 66 23 Joynt,
1222 3874 49 25 Fiji;
1291 3878 80 21 Captain
1387 3874 47 25 Hiil,

1002 3899 80 22 Napier;
1105 3900 28 16 Dr
1153 3900 56 22 Lilly,
1228 3901 71 16 H.M.s.
1317 3901 117 22 Katoomba;

1002 3923 45 16 Rev.
1056 3923 32 16 Mr
1096 3922 70 22 Pridic,
1181 3923 88 23 England
1277 3922 3 24 ;
1299 3924 28 17 Dr
1340 3924 94 22 Fenwick,

1002 3946 98 24 England;
1119 3946 71 17 Messrs
1202 3946 61 21 Budd,
1279 3947 83 23 Dagger,
1376 3948 58 21 Hore,

1002 3968 108 21 Buchanan,
1131 3968 73 22 Clarke,
1226 3970 69 20 Abbot,
1315 3970 50 22 Caw,
1383 3971 41 17 Fitz-

1001 3992 87 20 maurice,
1095 3992 90 23 England
1193 3992 2 23 ;
1211 3993 21 16 B.
1240 3993 121 21 Richardson,
1369 3994 51 17 Swan-

1001 4021 31 11 sea
1040 4015 3 22 ;
1058 4015 96 20 Goldrick,
1164 4015 83 20 Mather,
1260 4016 76 20 McGill,
1352 4017 81 20 Forster,

1001 4038 63 20 Gibbs,
1081 4038 105 21 Lamberts,
1209 4039 105 20 Galbraith,
1335 4040 98 22 Kennedy,

1001 4061 86 22 Sydney;
1101 4062 75 20 Felton,
1186 4061 18 18 J.
1215 4062 20 18 C.
1246 4062 63 21 Davis,
1319 4062 28 18 W.
1361 4063 72 20 Potter,

1001 4084 107 18 McDonald
1117 4085 37 17 and
1163 4090 40 14 son,
1213 4085 55 20 Bold,
1281 4085 74 21 Dallen,
1371 4086 51 17 Auck-

1001 4107 45 17 land
1053 4107 3 23 ;
1070 4108 72 19 Fisher,
1152 4108 47 17 New
1205 4108 102 22 Plymouth
1314 4107 4 23 ;
1327 4109 105 21 McNichol,

1001 4130 97 24 Dunedin;
1117 4131 91 23 Murphy,
1227 4131 193 18 ChristohuroliFer-

1001 4159 66 15 guson,
1077 4153 126 19 Queensland.

1540 135 88 16 Brent's
1640 135 114 16 Bathgate
1766 133 78 18 House.

1498 166 106 17 Mesdames
1613 167 55 21 Tilly,
1684 168 94 16 Remuera
1785 171 5 16 ;
1811 165 98 22 Williams,

1474 189 25 17 To
1507 188 61 24 Ante;
1590 189 70 21 Walsh,
1677 189 77 23 Sydney
1761 195 5 15 ;
1780 188 71 21 Cadell,
1860 189 49 18 Hill-

1462 212 1 23 I
1474 214 62 19 stone;
1552 212 78 17 Dnbson
1638 212 38 17 and
1684 212 58 20 maid,
1750 212 91 23 England
1849 212 4 23 ;
1861 212 36 17 Mel-

1474 236 48 19 ville,
1531 236 25 16 Te
1565 236 102 16 Awamutu
1674 233 3 24 ;
1693 234 72 22 Danks,
1781 233 128 24 Wellington;

1474 258 61 22 Syms,
1545 259 92 17 Gisbome
1644 258 3 23 :
1660 258 19 18 J.
1689 259 23 17 B.
1724 259 58 22 Gray,
1797 258 112 22 Auckland;

1472 281 64 18 James
1542 281 61 21 Snaw,
1611 282 120 22 Coolgardie;
1742 282 22 17 A.
1772 282 60 19 Robb,
1839 281 56 18 Oama-

1472 310 33 15 ru;
1531 305 23 17 R.
1577 305 67 20 Clunn,
1666 304 123 22 Melbourne;
1816 304 92 22 Clinnick,

1472 328 89 17 Victoria.
1595 328 66 17 Misses
1678 328 66 22 Tilley,
1763 328 55 20 Bose,
1835 328 73 21 Danks,

1472 351 84 17 McLean
1566 350 33 24 (2),
1606 351 117 23 Wellington
1730 350 4 24 ;
1749 351 69 19 Smart,
1826 350 81 24 Nelson;

1472 374 61 21 Shaw,
1543 374 118 22 Coolgardie.
1746 374 45 17 Bev.
1804 374 23 17 A.
1842 374 65 22 Boyle,

1462 394 1 25 !
1471 394 122 25 Melbourne;
1606 397 29 17 Dr
1643 397 60 22 Barry
1710 398 20 16 T.
1738 397 80 20 Bussell,
1828 397 79 21 Dublin,

1472 420 75 17 Ireland
1554 420 3 22 ;
1572 421 55 21 Capt.
1632 420 100 22 Williams,
1742 420 71 17 Nelson
1820 420 3 22 ;
1837 421 72 17 Messrs

1470 443 69 21 Prime,
1561 443 88 20 .Tneksou,
1669 444 76 20 Brown,
1766 443 19 18 J.
1807 443 23 18 B.
1848 443 57 23 Gray,

1470 466 99 17 Auckland
1576 473 6 12 i
1624 466 122 20 McCracken,
1780 466 125 22 Wliangarei;

1470 489 22 17 L.
1500 490 72 20 Dcrlot,
1580 490 64 20 Perth,
1651 490 64 20 W.A.;
1725 489 109 20 Cudwortli,
1843 489 51 18 York-

1470 513 49 17 shire
1526 512 4 24 ;
1545 513 22 17 A.
1578 513 59 20 Robb,
1648 512 93 24 Oamaru;
1752 513 56 17 Shaw
1816 512 26 24 (2)
1850 513 44 17 Cool-

1470 536 65 22 gardie
1543 536 4 22 ;
1562 536 28 17 W.
1600 536 20 17 T.
1630 536 98 20 Williams,
1745 536 25 17 To
1779 536 60 22 Aute;
1854 536 39 17 Den-

1469 565 33 11 ver
1503 565 13 13 hj,
1535 559 68 17 Samoa
1612 566 5 14 ;
1631 560 88 22 Burgess,
1738 559 82 20 Canada;
1833 559 71 20 Walsh,

1469 582 113 23 Phillipson,
1597 582 86 23 Sydney;
1698 582 65 21 Gibbs,
1782 582 121 23 Melbourne;

1469 605 90 20 McLean,
1582 605 132 21 Queensland;
1736 605 23 18 G.
1777 606 26 17 H.
1829 605 74 22 Ayliffo,

1469 628 100 23 Adelaide;
1589 629 67 21 Lloyd,
1674 630 64 16 Dixon
1756 628 32 23 (2),
1803 628 100 23 England;

1469 652 22 16 B.
1510 652 68 19 Clunn,
1599 652 122 23 Melbourne;
1743 652 85 23 Oglevie,
1847 652 46 17 Blen-

1469 675 48 17 heim
1524 675 4 21 ;
1543 675 92 21 Clinnick,
1648 675 90 17 Victoria.

1601 730 44 17 Tiie
1656 730 113 18 Langiiam.

1491 761 106 17 Mesdames
1608 762 95 19 Kennard,
1719 761 90 22 N.S.W.;
1826 762 77 17 Gunsen

1467 785 38 17 and
1524 786 39 16 two
1580 784 89 21 children,
1690 784 99 18 Auckland
1796 791 7 14 \
1823 785 79 20 Fookes,

1467 808 99 17 Taranaki.
1604 808 66 16 Misses
1700 808 68 20 Smith,
1797 808 104 21 Taranaki;

1467 831 109 21 Buchanan,
1587 831 90 22 Rodgers,
1684 831 87 22 Parnell;
1787 831 115 18 Greatbateh

1467 852 33 25 (2),
1517 852 105 26 Remuera;
1641 852 92 19 Edwards
1750 854 33 23 (2),
1802 852 100 26 Hastings.

1466 874 64 25 Judge
1538 878 78 20 Wilson,
1627 877 99 17 Auckland
1733 874 4 25 ;
1759 878 71 17 Messrs
1844 878 47 17 Tara-

1466 901 60 20 whiti,
1536 901 77 22 Iluntly
1620 901 4 22 ;
1638 901 97 21 Kennard,
1745 901 88 22 N.S.W.;
1848 901 40 17 Gun-

1466 929 37 15 sen,
1519 924 68 19 Smith,
1604 924 112 23 Auckland;
1738 924 64 20 Davis,
1821 924 79 23 Sheedy,

1466 946 86 24 Sydney;
1566 947 68 18 Eraser
1643 946 32 24 (2),
1687 947 129 19 Queensland-

1599 994 84 18 Mokoia
1695 994 64 17 View.

1488 1026 70 17 Messrs
1578 1025 96 20 Caldwell,
1696 1026 54 19 Parr,
1768 1025 131 24 Canterbury;

1465 1046 88 22 Costello,
1569 1049 54 19 Paul,
1640 1046 123 24 Melbourne;
1783 1049 116 21 Hammond,

1465 1072 76 18 Powell.
1552 1072 96 21 Marsliell,
1663 1072 112 23 Auckland;
1794 1073 105 22 Melntyre,

1465 1095 55 22 Grey,
1528 1096 88 21 Thames;
1627 1096 77 22 Rogers,
1712 1095 88 23 London;
1811 1096 87 22 Mackay,

1465 1118 85 23 Sydney;
1564 1118 62 23 Mays,
1636 1119 108 17 Blenheim^

1563 1165 57 17 Lake
1637 1165 71 18 House
1721 1166 77 17 Hotel.

1488 1197 30 16 Mr
1528 1196 37 18 and
1574 1197 40 17 Mrs
1623 1197 22 17 E.
1655 1197 26 17 11.
1692 1197 67 19 Quere.
1770 1197 31 17 Mr
1810 1197 39 17 and
1859 1198 41 17 Mrs

1464 1219 28 18 W.
1502 1219 104 21 Anderson,
1617 1220 31 17 Mr
1655 1221 38 16 and
1702 1221 40 17 Mrs
1756 1221 20 16 T.
1792 1221 22 17 G.
1829 1221 69 20 Smith,

1463 1243 67 16 Misses
1539 1243 62 18 Smith
1611 1243 32 23 (2),
1654 1244 85 17 Philcox.
1749 1244 71 17 Messrs
1833 1244 29 17 W.
1877 1245 21 17 C.

1463 1266 102 21 Horrocks,
1576 1266 25 18 11.
1612 1267 24 17 11.
1646 1267 61 22 Davy,
1719 1268 21 16 B.
1750 1267 68 18 Dola.n.
1835 1268 51 16 Mose-

1463 1289 36 22 ley,
1510 1289 20 17 C.
1540 1289 53 21 Hall,
1603 1291 20 16 T.
1633 1291 27 16 M.
1670 1290 68 23 Laing,
1749 1291 54 17 Alex.
1814 1291 56 22 Gray,
1879 1291 18 17 J.

1463 1313 124 19 Williamson,
1597 1314 22 17 A.
1629 1313 124 21 Williamson,
1764 1314 28 17 11..
1797 1314 23 17 G.
1827 1314 73 20 James,-

1463 1336 64 18 Boult,
1537 1336 29 17 W.
1576 1336 77 18 Lambe,
1663 1337 72 17 Potter.

1463 1395 56 23 THE
1538 1395 56 23 HOT
1613 1395 94 23 LAKES
1726 1395 168 23 CHRONICLE

1461 1441 433 12 AND

1565 1475 108 20 Tourists'
1698 1475 196 20 Journal.

1474 1534 170 21 WEDNESDAY,
1660 1535 124 18 JANUARY
1795 1537 27 20 16,
1834 1538 50 16 1896.

1462 1593 102 23 LOCAL
1578 1594 96 23 NEWS
1698 1594 70 23 AND
1783 1595 110 22 NOTES.

1484 1655 39 16 The
1536 1655 47 17 next
1597 1655 77 22 sittings
1687 1655 22 18 of
1722 1655 33 17 the
1771 1655 125 22 Magistrates

1461 1678 58 17 Court
1529 1678 38 17 will
1575 1677 43 18 take
1627 1678 52 22 place
1693 1686 26 12 on
1727 1678 34 17 the
1769 1679 45 16 24th
1823 1679 44 17 inst.

1484 1710 38 17 The
1531 1710 56 18 usual
1595 1711 199 24 monthlyineetingof
1799 1712 31 17 the
1837 1713 59 16 Town

1462 1733 61 17 Hoard
1532 1733 53 18 takes
1590 1735 52 21 place
1648 1736 112 16 to-morrow
1766 1736 105 17 afternoon.

1484 1766 17 16 A
1516 1765 124 22 professional
1656 1768 153 16 announcement
1822 1767 27 22 by
1865 1768 31 16 Mr

1461 1788 84 21 Ginders,
1557 1789 169 22 surgeon-dentist,
1744 1795 79 18 appears
1832 1791 19 16 in
1861 1797 23 10 an-

1460 1811 55 18 other
1523 1812 81 17 column.

1484 1843 38 17 The
1531 1843 49 18 lease
1589 1844 20 17 of
1617 1844 70 18 section
1698 1846 27 19 l.j,
1735 1845 59 17 Block
1804 1846 27 19 22,
1839 1846 16 16 is
1861 1845 23 17 ad-

1461 1867 80 16 vertised
1550 1867 30 17 for
1588 1867 44 17 sale.
1656 1868 40 17 The
1704 1869 36 17 site
1752 1869 16 16 is
1776 1875 11 10 a
1796 1869 50 22 good
1860 1874 36 12 one

1460 1889 57 23 being
1526 1891 46 16 next
1581 1891 20 16 to
1609 1891 32 17 the
1649 1891 56 18 block
1715 1893 20 16 at
1749 1891 32 18 the
1796 1898 66 11 corner
1876 1892 20 17 of

1460 1913 104 17 Tutanekai
1573 1914 38 16 and
1619 1914 102 17 Pukuatua
1728 1915 76 17 Streets.

1484 1945 38 17 The
1531 1945 26 17 Te
1565 1945 64 18 Aroha
1637 1946 56 17 News
1703 1947 94 17 contrasts
1811 1953 35 11 our
1858 1947 38 17 last

1461 1968 82 17 month's
1551 1968 47 17 bath
1606 1969 85 23 receipts,
1706 1969 37 18 -19
1760 1971 36 19 14s,
1811 1971 47 16 with
1871 1971 24 17 its

1460 1997 43 11 own
1533 1991 102 18 handsome
1716 1994 20 15 of
1750 1992 38 18 63
1804 1994 30 17 1(
1848 1994 48 17 9d

1460 2014 99 23 including
1567 2016 70 20 towels,
1652 2022 27 10 we
1689 2022 88 16 suppose.

1484 2046 114 23 Thursday's
1607 2047 77 17 Gazette
1693 2048 86 17 contains
1788 2055 11 10 a
1808 2048 77 19 notifica-

1460 2069 41 17 tion
1509 2070 43 17 that
1583 2070 101 18 Constable
1689 2071 84 18 William
1788 2072 79 22 Murray
1879 2072 16 18 is

1460 2093 102 22 appointed
1571 2093 51 18 clerk
1631 2094 20 16 of
1663 2094 32 17 the
1703 2094 124 23 Magistrates
1836 2095 59 18 Court

1460 2118 21 15 at
1493 2116 90 21 Rotorua,
1592 2117 40 17 vice
1640 2117 32 17 Mr
1680 2117 22 18 It.

1483 2148 39 17 The
1529 2147 73 23 Jockey
1617 2149 48 17 Club
1681 2149 38 17 call
1735 2150 30 16 for
1781 2150 114 18 tenders-for

1460 2171 32 16 the-
1497 2171 100 23 privileges
1602 2172 20 17 in
1627 2172 111 18 connection
1744 2173 46 17 with
1794 2173 32 17 the
1832 2174 52 16 forth-

1460 2195 76 22 coming
1552 2201 42 11 race
1611 2196 89 22 meeting.
1726 2196 115 18 Particulars
1856 2197 39 17 will

1460 2217 24 17 be
1491 2218 59 17 found
1559 2218 19 17 in
1588 2218 79 18 another
1675 2219 81 18 column.

1482 2247 39 17 The
1530 2248 55 16 usual
1594 2248 86 22 monthly
1688 2248 86 24 meeting
1782 2250 20 16 of
1811 2250 32 17 the
1860 2250 22 17 li-

1459 2270 56 23 brary
1524 2270 112 18 Committee
1649 2272 60 17 called
1726 2272 30 18 for
1771 2272 37 18 last
1825 2273 70 23 Friday

1459 2293 65 23 lapsed
1533 2294 29 17 for
1570 2296 52 15 want
1635 2295 20 17 of
1668 2301 11 11 a
1692 2301 87 16 quorum.
1809 2297 86 17 Another

1460 2317 83 23 meeting
1551 2317 15 17 is
1575 2317 60 18 called
1644 2319 30 16 for
1681 2319 71 22 Friday
1761 2319 62 23 night.

1482 2349 37 17 His
1525 2349 68 18 Honor
1604 2349 65 23 Judge
1682 2350 72 18 Wilson
1771 2351 38 17 and
1825 2352 70 18 Messrs

1460 2372 109 18 Hammond
1589 2373 38 17 and
1647 2373 102 18 Sherridan
1763 2375 90 17 returned
1869 2376 26 22 by

1459 2395 101 23 Monday's
1568 2396 56 17 train.
1649 2397 39 17 The
1696 2397 70 18 Native
1775 2397 54 18 land
1836 2399 59 17 Court

1460 2424 38 12 was
1506 2419 93 23 reopened
1607 2420 100 23 yesterday
1715 2421 35 16 but
1764 2422 45 22 only
1826 2422 69 17 formal

1459 2441 84 19 business
1553 2448 38 12 was
1599 2444 113 17 transacted.

1482 2474 95 22 Amongst
1586 2474 32 17 the
1629 2475 73 17 visitors
1706 2476 20 17 to
1735 2476 85 17 Rotoraa
1823 2478 20 16 at
1850 2483 32 16 pre-

1460 2498 41 16 sent
1509 2503 31 11 arc
1549 2498 29 16 Dr
1586 2497 72 18 Haines
1671 2499 20 17 of
1700 2498 101 19 Auckland
1808 2500 43 17 who
1860 2500 33 18 has

1459 2520 46 17 been
1514 2521 19 16 in
1542 2521 113 17 attendance
1663 2528 25 10 on
1703 2522 32 17 the
1752 2523 142 22 gubernatorial

1459 2545 56 20 party
1523 2544 84 22 recently
1616 2545 37 16 and
1662 2545 27 16 Dr
1698 2545 89 22 Jackson,
1797 2547 33 16 the
1841 2547 42 17 lead-

1459 2567 69 17 oculist
1533 2568 21 16 of
1562 2568 117 17 Melbourne.

1482 2599 18 16 A
1512 2604 46 17 very
1574 2599 96 23 sweeping
1685 2600 39 17 and
1741 2601 153 22 comprehensive

1459 2622 102 17 statement
1569 2622 20 17 in
1598 2623 93 17 reference
1705 2624 20 17 to
1733 2624 33 17 the
1783 2625 75 22 quality
1875 2625 20 18 of

1459 2645 62 22 liquor
1537 2645 87 23 supplied
1639 2648 20 15 to
1677 2646 32 17 the
1726 2648 73 17 natives
1820 2648 19 17 in
1856 2648 39 17 this

1459 2669 74 17 district
1538 2674 78 17 appears
1622 2669 19 17 in
1648 2669 36 17 last
1690 2670 67 17 week's

1458 2692 40 17 The
1504 2691 79 23 charges
1591 2698 31 11 are
1628 2698 20 11 so
1655 2693 74 21 specific
1735 2693 49 21 that,
1791 2700 28 11 we
1825 2695 57 17 under-

1459 2715 61 21 stand,
1530 2715 72 18 redress
1613 2716 36 17 will
1658 2716 23 17 be
1692 2717 72 22 sought
1780 2718 30 17 for
1826 2718 20 17 in
1862 2719 33 16 the

1458 2738 38 18 law
1507 2740 68 16 courts.

1482 2770 32 17 Mr
1522 2770 28 17 W.
1561 2770 57 23 Kelly
1626 2771 15 17 is
1649 2771 20 17 in
1677 2772 72 22 receipt
1753 2773 21 16 of
1780 2778 10 11 a
1797 2773 44 17 wire
1847 2773 48 18 from

1460 2794 31 17 the
1500 2794 51 17 Hon.
1561 2794 18 17 J.
1597 2794 115 18 MacKenzie
1729 2796 74 22 stating
1815 2797 43 16 that
1872 2798 23 15 he

1458 2817 35 17 has
1499 2817 41 22 just
1547 2817 90 18 returned
1645 2819 20 16 to
1674 2818 118 23 Wellington
1805 2820 51 17 from
1862 2820 33 17 the

1459 2841 47 17 East
1515 2841 56 17 Coast
1580 2841 45 22 trip,
1632 2841 37 17 and
1674 2841 45 17 that
1726 2848 86 16 pressure
1818 2843 19 17 of
1843 2843 41 17 busi-

1459 2869 41 12 ness
1510 2864 63 17 would
1582 2864 109 18 necessitate
1700 2865 31 17 his
1738 2866 117 23 postponing
1866 2867 29 16 his

1459 2887 84 17 Rotorua
1552 2887 44 17 visit
1604 2888 30 17 for
1642 2894 11 10 a
1659 2888 53 17 short
1719 2889 51 17 time.
1804 2889 30 17 He
1849 2890 44 20 will,

1458 2910 92 21 however,
1561 2911 43 22 give
1612 2911 52 22 good
1670 2912 63 17 notice
1742 2912 19 17 of
1775 2912 120 24 his-coming.

1483 2942 20 17 It
1510 2942 16 17 is
1538 2942 115 23 confidently
1670 2943 117 23 anticipated
1803 2944 43 17 that
1863 2945 32 17 the

1460 2965 61 17 wharf
1525 2965 38 17 and
1571 2966 45 16 boat
1625 2966 69 17 shelter
1703 2967 45 20 will,
1758 2967 50 17 after
1822 2968 33 20 all,
1873 2968 22 17 be

1459 2988 105 23 completed
1570 2989 67 17 before
1643 2989 33 17 the
1684 2989 52 18 close
1742 2991 20 16 of
1776 2991 35 16 the
1820 2992 76 21 present

1460 3017 71 12 season.
1556 3013 39 16 The
1604 3012 37 17 site
1648 3013 74 20 chosen,
1736 3019 20 12 as
1766 3019 35 12 our
1820 3014 75 17 readers

1459 3034 77 23 already
1544 3035 62 20 know,
1615 3036 15 17 is
1642 3037 20 16 at
1669 3036 34 17 tho
1713 3036 41 17 foot
1763 3037 20 17 of
1789 3038 104 17 Tutanekai

1460 3057 67 22 Street,
1537 3059 33 16 the
1587 3059 54 22 plans
1657 3059 38 17 and
1712 3060 137 22 specifications
1863 3067 31 11 are

1459 3081 57 23 Ixiing
1525 3082 91 22 prepared
1625 3082 49 20 hero,
1684 3083 38 17 and
1734 3088 20 12 as
1760 3089 46 11 soon
1815 3090 20 11 as
1849 3084 46 22 they

1459 3111 32 10 aire
1500 3105 108 17 sanctioned
1616 3105 77 18 tenders
1699 3106 39 17 will
1752 3106 24 17 be
1790 3107 61 17 called
1866 3107 30 18 for

1459 3128 36 17 the
1500 3128 61 17 work,

1483 3159 17 18 A
1508 3159 96 23 thorough
1618 3160 90 17 overhaul
1721 3161 16 17 is
1754 3161 59 18 about
1830 3163 23 16 to
1871 3163 23 16 bo

1459 3182 55 18 made
1522 3183 20 17 of
1550 3183 26 17 all
1585 3183 32 17 the
1625 3183 77 23 bridges
1718 3184 38 17 and
1772 3185 82 17 culverts
1870 3191 25 12 on

1460 3206 32 18 the
1499 3206 50 17 nvain
1557 3206 56 18 roads
1622 3206 19 17 of
1649 3206 33 18 the
1689 3206 77 19 district
1772 3208 48 17 with
1829 3215 11 10 a
1848 3208 46 18 view

1460 3231 20 16 to
1488 3229 50 17 their
1545 3229 59 23 being
1611 3229 66 23 placed
1686 3231 20 16 in
1714 3236 12 11 a
1734 3236 69 17 proper
1816 3233 50 15 state
1876 3232 20 17 of

1460 3253 67 22 repair.
1552 3253 17 16 A
1578 3255 158 16 comirocncement
1751 3254 39 17 will
1799 3254 23 17 be
1840 3255 57 17 made

1460 3276 46 17 with
1515 3276 32 17 the
1556 3276 85 17 Awahou
1644 3276 74 23 bridge,
1728 3283 24 11 on
1756 3278 33 16 the
1794 3278 101 22 Tauranga

1460 3299 52 20 road,
1521 3299 35 17 but
1564 3299 32 17 tho
1604 3300 38 16 rest
1651 3300 39 16 will
1698 3300 24 17 be
1726 3300 100 18 examined
1834 3301 63 17 indue

1460 3328 64 13 course
1533 3328 19 11 as
1562 3323 39 16 also
1622 3322 53 18 those
1695 3323 85 18 between
1797 3324 44 17 here
1857 3325 38 16 and

1460 3346 76 22 Napier.
1562 3346 32 16 Mr
1601 3346 52 17 Vane
1661 3346 39 17 will
1703 3346 48 17 have
1761 3347 69 23 charge
1839 3347 20 18 of
1863 3348 32 17 the

1461 3369 56 17 work.

1482 3400 39 17 The
1530 3400 77 17 mission
1616 3400 79 18 services
1709 3401 63 17 which
1785 3407 52 12 were
1850 3401 44 18 hold

1460 3423 69 23 during
1537 3423 38 17 last
1583 3424 52 16 week
1642 3424 20 16 in
1671 3424 111 17 connection
1800 3424 46 18 with
1862 3426 32 16 the

1460 3447 73 17 Roman
1549 3446 87 18 Catholic
1655 3446 76 18 Church
1751 3447 25 22 by
1797 3448 32 17 the
1848 3448 48 18 Rev..

1460 3470 71 17 Father
1554 3470 102 22 Heggarty
1672 3476 49 11 wore
1738 3471 42 17 well
1797 3471 96 17 attended.

1459 3493 39 17 The
1519 3493 45 17 Rev.
1586 3493 70 18 Father
1676 3493 59 22 Boyle
1756 3493 85 23 brought
1862 3495 32 16 the

1460 3516 76 17 mission
1545 3518 20 15 to
1578 3523 11 10 a
1598 3516 48 17 close
1658 3522 24 11 on
1691 3516 77 23 Sunday
1776 3517 58 23 night
1839 3517 56 18 when

1460 3539 22 17 he
1491 3539 93 22 preached
1590 3544 11 12 a
1609 3540 49 16 most
1667 3539 90 22 eloquent
1766 3546 73 12 sermon
1844 3540 50 18 from

1460 3563 32 16 the
1501 3563 46 19 text,
1641 3563 44 17 does
1693 3563 16 17 it
1718 3563 57 22 profit
1780 3570 10 10 a
1800 3569 43 11 man
1853 3563 15 17 if
1870 3564 23 17 lie

1460 3586 45 22 gain
1512 3586 31 17 the
1554 3585 60 17 whole
1623 3586 58 17 world
1691 3586 38 17 and
1737 3587 57 17 suffer
1810 3587 33 17 tho
1856 3587 37 17 loss

1460 3609 19 17 of
1488 3608 28 18 his

1483 3640 39 17 Our
1531 3640 145 21 correspondent
1684 3641 21 16 at
1713 3641 25 16 Te
1747 3641 72 18 Whaiti
1830 3641 66 18 writes,

1459 3662 60 18 under
1536 3662 110 23 Saturday's
1659 3663 44 17 date
1711 3662 3 25 :
1718 3664 144 23 Everything
1877 3664 16 17 is

1459 3686 51 22 quiet
1516 3686 19 16 in
1542 3686 38 18 this
1587 3686 81 22 locality.
1683 3687 32 17 Mr
1721 3687 54 17 Cross
1781 3687 15 17 is
1803 3687 90 22 expected

1459 3710 34 17 out
1502 3715 23 11 on
1534 3708 84 23 Monday
1627 3711 43 15 next
1678 3711 20 16 to
1707 3710 117 23 takecliargo
1832 3711 21 17 of
1861 3711 32 16 the

1458 3732 48 17 road
1514 3732 67 17 works.
1606 3732 31 17 Mr
1643 3732 41 17 Fox
1692 3734 21 16 to
1722 3734 32 16 the
1763 3734 64 22 regret
1834 3734 21 17 of
1867 3734 26 17 all

1459 3761 24 11 on
1492 3755 32 17 tho
1533 3755 62 17 works
1601 3755 34 17 has
1640 3755 46 18 been
1700 3756 115 18 transferred
1823 3758 20 16 to
1860 3758 31 16 the

1459 3779 51 16 office
1519 3779 20 16 at
1548 3779 89 17 Rotorua.
1663 3779 30 17 lie
1702 3779 34 17 has
1749 3780 54 17 made
1817 3780 76 18 himself

1458 3807 45 16 very
1512 3801 82 23 popular
1602 3801 48 18 hero.
1676 3803 59 16 There
1747 3808 31 12 are
1794 3803 60 18 about
1869 3805 23 16 40

1458 3830 42 11 men
1510 3830 25 11 on
1546 3824 32 17 the
1597 3824 59 18 work)
1675 3831 49 12 now.
1750 3826 39 17 Tag
1809 3826 84 18 furthest

1458 3848 56 22 party
1522 3847 16 17 is
1546 3847 44 17 that
1598 3854 23 11 on
1635 3848 32 17 tho
1681 3848 76 18 descent
1771 3849 49 17 from
1833 3850 47 18 Tara-

1458 3876 108 16 pounamou
1575 3872 20 16 to
1601 3871 32 17 tho
1641 3871 118 19 Whakatane
1769 3873 55 16 river.
1846 3873 46 17 Fine

1459 3894 81 17 weather
1549 3894 80 22 prevails
1641 3894 49 18 here.

1481 3925 38 17 The
1528 3926 25 16 To
1562 3925 64 18 Aroha
1634 3926 82 18 Domain
1725 3927 62 17 Board
1799 3927 45 17 hsvo
1858 3927 22 18 de-

1458 3948 53 17 cided
1519 3948 43 17 that
1570 3949 20 16 in
1599 3949 62 17 future
1674 3950 32 17 the
1722 3949 56 18 baths
1787 3950 24 17 bo
1820 3951 71 22 opened

1458 3972 20 16 at-
1487 3972 10 16 0
1507 3977 42 11 n.in.
1561 3972 45 17 each
1615 3972 42 23 day,
1667 3972 15 17 it
1693 3973 73 23 having
1774 3973 48 17 been
1827 3979 53 17 repre-

1457 3994 65 17 sented
1529 3995 42 17 that
1577 3995 74 17 visitors
1660 4001 49 12 were
1716 3996 108 23 frequently
1835 3998 21 16 to
1869 3997 22 17 be

1456 4023 44 12 seen
1506 4017 79 23 waiting
1593 4019 19 16 to
1621 4020 53 15 enter
1680 4019 32 17 the
1721 4019 77 17 domain
1803 4019 47 23 long
1858 4019 22 17 be-

1457 4041 39 16 fore
1500 4041 33 16 the
1539 4042 75 21 present
1621 4041 48 18 hour
1676 4043 19 16 of
1699 4042 88 23 opening,
1796 4043 8 18 7
1813 4043 76 18 o'clock.

1458 4064 23 16 In
1489 4064 32 17 tho
1537 4064 103 17 discussion
1653 4065 63 17 which
1728 4066 45 17 took
1789 4066 54 22 place
1860 4066 31 17 Mi-

1457 4087 65 19 Gavin,
1535 4087 31 17 the
1573 4087 102 21 chairman,
1693 4088 64 18 statod'
1764 4089 44 17 that
1822 4089 15 17 it
1853 4094 37 12 was

1456 4109 32 17 the
1498 4109 49 23 duty
1555 4111 20 16 of
1581 4110 32 17 tho
1620 4111 62 17 Board
1691 4113 20 16 to
1721 4112 85 17 consider
1815 4113 31 17 the
1860 4112 20 18 in-

1456 4132 66 18 terests
1531 4133 19 17 of
1556 4132 74 19 visitors
1639 4134 37 17 and
1682 4136 34 15 not
1725 4135 32 17 tho
1767 4135 123 18 convenience

1456 4156 19 16 of
1484 4155 33 17 tho
1526 4156 115 16 attendants.

1958 134 17 17 A
1984 136 57 21 party
2053 134 39 18 will
2096 134 74 22 shortly
2179 134 24 17 be
2211 135 27 16 sot
2248 135 20 16 to
2285 134 53 17 work
2347 140 22 11 on

1934 157 33 17 the
1973 158 79 17 Galatea
2069 157 47 18 road
2130 159 21 16 to
2168 157 56 17 make
2241 157 71 17 certain
2326 158 33 16 sub-

1911 179 1 24 '
1934 181 77 17 stantial
2023 181 148 22 improvements
2180 180 38 18 and
2234 179 68 18 render
2318 179 15 19 it
2349 181 20 17 fit

1933 203 30 18 for
1979 203 62 18 traffic
2060 204 71 22 duiing
2152 204 33 17 the
2206 204 77 22 coming
2295 204 73 17 winter.

1911 227 1 22 ,
1932 227 39 16 The
1978 228 46 16 road
2032 227 34 17 has
2075 227 47 17 been
2131 227 56 17 much
2199 228 33 15 cut
2249 233 25 16 up
2290 227 21 16 of
2323 227 44 20 late,

1911 250 1 21 !
1931 251 36 15 not
1975 250 64 21 solely,
2049 250 16 17 it
2074 250 15 18 is
2098 250 69 19 stated,
2177 250 25 21 by
2210 250 33 16 the
2255 251 78 16 amount
2350 250 19 17 of

1931 273 61 17 traffic
2003 273 79 22 passing
2093 273 59 22 along
2163 273 35 17 but
2211 273 26 21 by
2249 273 33 17 the
2295 278 74 12 narrow

1931 296 51 22 tyres
1989 296 19 17 in
2017 302 62 16 vogue
2085 296 51 17 here.
2161 296 35 17 We
2201 295 116 18 understand
2326 296 43 17 that

1931 318 122 18 instructions
2062 320 48 16 have
2118 319 49 17 been
2174 318 62 17 issued
2242 319 20 16 in
2271 319 68 22 regard
2348 320 20 16 to

1930 342 33 16 the
1966 342 35 17 last
2005 342 69 17 named
2077 343 70 16 matter
2151 342 60 17 which
2217 342 37 16 will
2258 342 110 18 necessitate

1930 365 33 17 the
1969 365 117 23 regulations
2094 365 20 17 in
2123 365 39 17 this
2170 366 74 22 respect
2257 365 59 23 being
2324 365 32 17 bet-

1930 389 29 16 ter
1964 388 96 17 observed.

1953 419 25 17 At
1990 419 33 17 the
2032 419 36 17 last
2077 419 84 23 meeting
2170 420 19 16 of
2198 419 33 17 the
2238 419 73 23 Jockey
2316 420 49 17 Club

1928 442 17 17 it
1953 449 37 11 was
1999 442 99 17 intimated
2105 443 43 17 that
2161 443 66 17 efforts
2243 449 49 10 were
2307 443 59 23 being

1928 466 55 16 made
1992 467 20 15 to
2020 466 88 22 organise
2117 471 11 11 a
2140 466 77 22 regatta
2231 466 31 16 for
2277 466 33 16 the
2329 466 37 22 day

1929 489 99 22 following
2036 489 92 17 theraces.
2155 485 210 26 Thosepresentlooktd

1928 512 112 21 favourably
2048 518 52 16 upon
2109 512 33 17 the
2151 512 41 17 idea
2200 512 39 17 and
2251 512 63 17 stated
2322 512 43 17 that

1928 535 45 22 they
1981 534 63 18 would
2053 535 24 16 l>o
2085 535 74 22 willing
2169 537 19 15 to
2197 535 56 17 assist
2264 535 20 17 in
2297 536 56 22 bring-

1927 558 90 22 ingittoa
2023 558 103 18 successful
2131 558 56 17 issue.
2212 558 17 17 A
2238 558 125 23 subscription

1926 581 33 17 list
1968 581 71 22 having
2048 581 47 17 been
2104 581 112 17 introduced
2222 581 71 17 several
2299 587 65 11 names

1928 610 47 11 were
1981 604 99 23 appended
2086 605 19 16 to
2114 604 21 21 it,
2144 605 39 16 and
2191 605 16 16 it
2215 605 16 16 is
2248 604 115 18 understood

1926 628 44 16 that
1977 633 24 11 an
2010 628 95 22 energetic
2114 633 78 12 canvass
2213 628 39 16 will
2269 628 23 17 be
2307 628 55 17 made

1926 650 21 17 of
1952 650 35 18 the
1993 652 52 16 town
2054 651 30 17 for
2091 652 85 21 support.
2202 650 52 18 With
2264 657 10 11 a
2292 650 43 18 lake
2340 657 21 11 so

1926 673 43 17 well
1989 673 82 23 adapted
2092 675 20 16 to
2133 674 76 22 aquatic
2230 673 61 23 sports
2310 675 53 17 there

1926 696 68 18 should
2001 697 25 17 be
2042 703 26 11 no
2083 697 94 22 difficulty
2194 697 19 17 in
2230 697 112 23 organising
2351 704 11 11 a

1926 720 110 17 successsful
2045 720 85 23 meeting
2138 720 21 17 of
2168 720 36 17 this
2218 720 119 23 description.

1949 751 38 17 The
1996 751 70 17 annual
2076 751 83 23 meeting
2165 752 20 17 of
2191 752 31 17 the
2229 752 132 22 Presbyterian

1925 774 75 18 Church
2008 781 38 10 was
2055 774 43 17 held
2106 775 37 16 last
2153 775 77 22 Sunday
2238 776 22 16 at
2267 776 32 16 the
2312 776 49 17 close

1924 798 21 16 of
1952 798 33 17 the
1993 798 81 22 evening
2082 798 76 20 service,
2169 798 55 17 when
2231 798 33 17 the
2272 798 77 18 balance-

1924 821 53 17 sheet
1985 827 38 11 was
2032 821 99 22 presented
2140 821 38 17 and
2187 821 87 22 adopted.
2297 822 19 16 It
2322 828 38 11 was

1924 843 46 18 then
1982 844 85 17 resolved
2076 844 43 17 that
2130 844 31 17 the
2172 845 107 17 committee
2292 845 68 17 should

1924 867 70 17 consist
2002 868 20 16 of
2030 867 36 17 five
2075 867 93 18 members
2177 868 50 22 only,
2238 868 36 17 and
2284 868 66 17 the-fol-

1924 890 70 23 lowing
2003 896 48 12 were
2060 890 82 23 elected:
2144 891 93 17 Messrs
2246 890 73 23 Penny,
2328 892 30 16 W.

1924 913 53 21 Hall,
1995 914 22 16 F.
2035 914 52 20 Hall,
2102 914 115 22 Thompson,
2234 914 37 17 and
2285 914 62 23 Neigh-

1923 937 54 17 bour.
2001 937 56 17 After
2065 937 32 17 the
2105 937 66 22 public
2181 937 84 23 meeting
2274 943 11 11 a
2298 939 49 16 meet-

1923 960 33 23 ing
1965 960 20 17 of
1993 960 35 17 the
2039 960 108 17 committee
2156 964 38 13 Was
2205 960 45 17 held
2265 960 54 17 when
2328 961 31 17 Mr

1923 983 66 22 Penny
2010 989 37 11 was
2064 983 72 17 elected
2153 984 100 22 secretary,
2273 984 38 17 and
2327 984 32 17 Mr

1923 1007 111 22 Neighbour
2042 1008 99 16 treasurer.
2166 1007 38 17 The
2217 1007 142 17 balance-sheet

1923 1035 78 17 appears
2008 1030 20 17 in
2038 1035 34 12 our
2081 1029 117 23 advertising
2208 1030 90 17 columns.

1945 1061 82 17 Tenders
2035 1067 32 11 are
2076 1061 61 17 called
2146 1061 19 17 in
2175 1061 37 16 this
2224 1061 49 18 issue
2281 1062 30 17 for
2325 1063 35 16 the

1922 1085 81 17 erection
2012 1085 21 17 of
2041 1091 41 10 new
2091 1085 98 22 buildings
2198 1085 37 16 and
2243 1085 84 23 stabling
2338 1085 20 18 in

1922 1108 110 17 connection
2042 1108 46 17 with
2097 1108 33 17 the
2138 1108 71 23 Geyser
2218 1108 65 17 House
2291 1109 65 20 Hotel,

1921 1131 103 18 Wairakci.-
2046 1131 58 17 From
2121 1138 23 10 an
2162 1132 105 21 inspection
2284 1132 20 17 of
2325 1132 32 17 the

1921 1155 54 23 plans
1992 1155 32 17 the
2048 1154 97 18 additions
2162 1155 140 22 contemplated
2318 1155 39 17 will

1921 1178 37 17 add
1967 1178 55 17 much
2032 1179 19 16 to
2062 1178 31 17 the
2099 1179 83 16 comfort
2187 1178 38 18 and
2234 1179 125 17 convenience

1921 1202 20 17 of
1949 1202 37 17 this
1996 1201 93 18 favourite
2105 1202 70 17 tourist
2192 1202 66 17 resort.
2284 1202 16 17 A
2314 1207 42 12 new

1920 1224 93 23 building,
2024 1224 111 23 containing
2138 1224 68 23 dining
2215 1231 58 14 room,
2279 1225 77 17 kitchen

1921 1248 36 17 and
1963 1246 57 19 about
2033 1249 19 16 Ifs
2062 1247 106 21 bedrooms,
2179 1249 39 17 will
2227 1248 23 17 bo
2254 1248 73 17 erected
2331 1254 23 11 on

1920 1277 11 11 a
1940 1271 35 18 site
1980 1271 91 23 adjacent
2083 1272 19 16 to
2120 1271 34 17 the
2175 1271 56 18 coach
2251 1271 47 18 road
2318 1271 38 18 and

1920 1294 62 23 partly
1992 1294 89 23 occupied
2090 1293 26 24 by
2124 1295 33 17 the
2175 1295 82 22 existing
2271 1295 83 20 kitchen,

1920 1317 61 18 which
1990 1318 39 16 will
2037 1318 23 16 be
2069 1317 48 18 done
2121 1324 55 17 away
2180 1318 47 18 with
2235 1324 21 11 as
2260 1318 32 17 the
2301 1318 53 17 work

1919 1346 113 18 progresses.
2058 1341 47 17 New
2112 1341 70 19 stable*,
2187 1341 38 17 will
2229 1341 40 17 also
2277 1341 66 17 beerec-

1921 1364 31 17 ted
1959 1364 38 17 and
2006 1364 33 17 the
2043 1364 87 17 facilities
2145 1365 30 17 for
2189 1365 82 22 bathing
2284 1366 59 16 mater-

1920 1387 45 22 ially
1971 1387 101 18 increased.
2098 1388 128 17 Workwillbe
2235 1388 120 17 commenced

1911 1411 1 18 i
1922 1411 96 17 forthwith
2027 1417 20 11 as
2056 1411 33 17 the
2094 1416 96 13 resources
2198 1412 21 17 of
2227 1411 93 17 Wairakci
2323 1417 32 11 are

1920 1435 20 16 at,
1949 1435 74 21 present
2032 1434 82 22 scarcely
2123 1435 43 17 able
2174 1437 20 15 to
2210 1436 50 16 meet
2276 1435 33 16 the
2321 1435 22 16 de-

1919 1457 66 17 mands
1996 1457 53 18 made
2058 1463 51 17 upon
2117 1458 53 17 them
2178 1458 20 17 in
2216 1458 32 17 the
2257 1459 69 16 matter
2335 1458 20 17 of

1919 1486 64 12 accoro
1990 1480 98 18 uodation.

1943 1512 38 17 The
1999 1513 26 16 To
2042 1512 63 17 Aroha
2124 1513 81 17 Domain
2227 1512 63 18 Board
2306 1513 48 17 have

1919 1535 47 17 been
1975 1536 104 22 exorcising
2088 1536 113 17 themselves
2211 1536 77 20 muchly
2296 1536 19 16 in
2323 1541 20 12 re-

1919 1559 47 22 gard
1975 1560 20 16 to
2004 1559 32 17 the
2045 1559 61 17 Guide
2124 1559 53 17 Book
2191 1559 83 22 recently
2291 1559 63 17 issued

1919 1581 59 18 under
1987 1582 49 17 their
2049 1582 108 23 authority.-
2180 1583 19 16 It
2217 1588 78 16 appears
2312 1582 42 18 that

1919 1605 33 17 Mr
1964 1605 89 23 Spooner,
2068 1605 32 18 the
2121 1606 90 22 compiler
2224 1606 20 17 of
2256 1605 32 18 the
2296 1605 56 21 book,

1919 1628 73 23 bought
2001 1629 72 17 certain
2080 1628 66 18 blocks
2155 1630 49 16 from
2213 1635 24 11 an
2254 1629 100 17 Auckland

1919 1652 106 17 illustrated
2041 1658 59 16 paper
2116 1652 97 23 believing
2229 1652 52 17 them
2293 1654 21 15 to
2331 1652 23 17 be

1919 1675 57 17 views
1981 1675 20 17 of
2010 1675 32 17 the
2051 1675 42 17 Hot
2101 1673 62 20 Lakes
2177 1674 79 18 district.
2282 1675 40 17 One
2334 1676 20 16 of

1918 1698 53 17 these
1980 1704 38 11 was
2026 1698 89 18 included
2123 1699 19 16 in
2152 1699 33 17 the
2193 1699 50 17 book
2250 1705 20 10 as
2278 1705 12 10 a
2306 1699 47 16 view

1919 1722 19 17 of
1947 1722 31 16 the
1987 1722 81 17 Waahou
2073 1722 55 21 river,
2138 1722 36 17 but
2182 1722 144 22 unfortunately
2338 1722 17 17 it

1919 1750 51 12 came
1979 1745 60 17 under
2044 1745 32 17 the
2082 1751 35 16 eye
2125 1746 20 16 of
2157 1746 34 16 the
2206 1745 67 17 holder
2288 1745 20 17 of
2321 1745 33 17 the

1918 1769 88 21 negative
2013 1768 43 17 who
2068 1769 123 21 pronounced
2199 1769 16 16 it
2224 1769 19 16 to
2249 1769 48 16 have
2305 1768 48 18 been

1919 1790 56 17 taken
1984 1793 19 15 at
2012 1792 83 22 Fitzroy,
2105 1792 60 17 Great
2173 1792 75 17 Barrier
2264 1792 19 16 in
2301 1792 50 17 1891.

1919 1815 58 16 There
1985 1820 49 12 were
2039 1815 40 17 also
2088 1816 68 22 strong
2171 1815 68 17 doubts
2254 1815 99 22 expressed

1918 1844 20 10 as
1948 1839 18 15 to
1968 1838 2 22 -
1975 1838 31 17 the
2017 1838 127 22 authenticity
2159 1839 20 17 of
2192 1839 80 16 another
2284 1839 21 16 of
2321 1839 32 16 the

1918 1861 43 17 four
1980 1861 57 18 views
2058 1861 61 18 which
2144 1861 33 18 the
2197 1861 49 18 book
2260 1861 91 18 contains.

1918 1884 113 17 Meanwhile
2039 1884 32 17 the
2088 1884 90 23 compiler
2191 1886 19 16 of
2224 1885 32 16 the

1917 1907 34 17 has
1960 1908 37 16 had
2006 1908 33 16 the
2047 1908 107 23 remaining
2163 1908 61 23 copies
2238 1908 89 17 returned
2333 1909 19 16 to

1917 1931 39 17 him
1966 1931 19 17 in
1994 1931 54 17 order
2057 1933 20 15 to
2084 1931 47 17 have
2135 1931 50 18 fresh
2190 1932 68 21 photos
2264 1931 88 17 inserted.

1942 1962 28 18 On
1977 1962 51 18 what
2036 1969 31 11 are
2076 1963 70 17 known
2156 1969 20 11 as
2184 1963 39 17 late
2232 1963 49 17 train
2287 1963 65 22 nights

1917 1986 35 16 the
1958 1986 48 16 hour
2014 1986 20 17 of
2050 1986 69 17 arrival
2135 1986 45 18 here
2193 1986 34 18 has
2243 1986 47 17 boon
2307 1992 34 12 con-

1917 2009 94 22 siderably
2019 2009 108 22 protracted
2137 2010 20 17 of
2165 2010 43 17 late.
2234 2009 47 18 Last
2295 2009 43 18 Wed-

1917 2032 70 21 nesday
1993 2032 57 22 night
2062 2033 33 16 the
2111 2033 51 16 train
2178 2033 36 17 due
2231 2033 43 16 hero
2283 2035 19 15 at

1917 2056 32 16 did
1961 2056 35 17 not
2003 2055 61 18 arrive
2070 2056 30 17 till
2108 2057 44 21 past
2163 2057 18 16 11
2192 2056 77 19 o'clock,
2279 2056 39 17 and
2326 2056 25 17 all

1917 2080 48 16 sorts
1971 2079 19 17 of
2003 2085 89 11 rumours
2106 2085 50 11 were
2173 2079 58 17 afloat
2246 2085 22 11 as
2283 2082 19 14 to
2320 2080 32 16 the

1917 2108 54 11 cause
1980 2103 20 16 of
2008 2103 33 16 the
2049 2099 62 25 delay.
2137 2103 20 16 It
2173 2108 79 17 appears
2269 2103 42 16 that
2328 2108 24 11 an

1917 2126 67 22 engine
1992 2125 59 18 broke
2060 2126 55 17 down
2132 2127 21 16 at
2170 2126 97 17 Frankton
2283 2126 20 17 in
2319 2126 33 17 the

1917 2148 96 23 morning,
2022 2148 38 18 and
2069 2149 37 17 this
2116 2149 55 17 made
2179 2149 32 17 the
2217 2149 88 22 up-train
2314 2149 38 17 late

1917 2172 24 16 all
1951 2172 57 22 along
2016 2172 32 16 the
2057 2172 43 17 line.
2126 2173 26 16 At
2157 2172 127 17 Morrinsvillo
2289 2172 16 17 it
2315 2178 37 11 was

1917 2196 37 16 two
1963 2195 57 18 hours
2029 2195 44 20 late,
2084 2195 38 17 and
2135 2195 39 18 had
2190 2195 43 17 that
2250 2195 38 18 fact
2304 2195 47 18 been

1917 2218 122 22 telegraphed
2048 2220 20 15 to
2078 2218 86 18 Rotorua
2173 2219 25 16 all
2204 2218 79 23 anxiety
2288 2218 63 17 woidd

1917 2242 47 16 have
1973 2241 45 17 been
2028 2241 80 22 allayed.
2134 2242 60 18 Those
2199 2242 65 22 delays
2273 2242 65 22 empha-

1917 2265 35 17 sise
1959 2265 33 17 the
1999 2265 92 22 necessity
2100 2265 62 17 which
2171 2265 58 17 exists
2243 2265 29 17 for
2288 2265 53 17 estab-

1917 2288 70 22 lishing
1992 2287 107 23 telephonic
2102 2288 160 18 communication
2267 2288 85 18 between

1917 2311 32 17 the
1957 2312 75 17 various
2041 2312 79 17 stations
2129 2312 59 22 along
2196 2312 33 17 the
2242 2312 43 17 lino.
2311 2312 27 17 Ox-

1917 2334 40 17 ford
1968 2334 14 18 is
1992 2334 32 18 the
2033 2334 87 18 terminal
2129 2335 55 22 point
2192 2336 21 16 at
2225 2336 81 21 present,
2316 2335 36 17 but

1917 2358 35 16 the'
1957 2358 44 17 wire
2010 2358 68 16 should
2086 2358 23 17 be
2118 2358 102 18 continued
2229 2359 20 17 to
2263 2359 89 22 Ngativa,

1916 2381 112 23 Tarukenga
2037 2381 38 17 and
2083 2387 25 12 on
2116 2382 21 17 to
2147 2381 51 18 liore.

1939 2420 39 17 The
1987 2426 43 16 pros
2039 2423 37 14 and
2088 2425 45 12 cons
2148 2426 20 11 as
2183 2421 20 16 to
2219 2420 85 17 whether
2319 2420 33 17 the

1917 2444 33 22 big
1965 2443 36 17 fish
2017 2449 45 11 now
2077 2443 61 23 being
2152 2443 57 17 taken
2227 2446 33 14 out
2276 2443 20 17 of
2319 2444 33 16 the

1916 2467 62 17 crooks
1987 2472 45 12 near
2041 2467 43 17 here
2098 2472 32 12 are
2143 2468 53 16 trout
2210 2472 21 12 or
2246 2466 56 18 white
2316 2467 35 17 fish

1916 2496 31 11 are
1956 2490 38 17 still
2008 2489 59 23 being
2080 2489 78 24 argued.
2189 2490 23 17 In
2227 2490 31 17 Mr
2272 2489 79 23 Rogers'

1917 2514 49 16 store
1986 2514 32 16 the
2039 2514 54 16 other
2113 2513 38 22 day
2172 2513 53 17 three

1916 2536 83 18 beauties
2029 2542 48 12 were
2086 2536 67 23 placed
2162 2542 24 12 on
2195 2536 32 18 the
2241 2536 55 18 scale-
2314 2538 38 16 two

1916 2559 97 23 weighing
2022 2561 8 16 7
2034 2559 39 22 jibs
2083 2560 45 17 each
2137 2560 38 16 and
2182 2559 33 18 the
2228 2559 51 17 third
2292 2560 59 17 9Albs.

1917 2583 58 17 Later
1982 2589 29 15 on,
2022 2585 21 15 at
2050 2583 52 17 Lake
2111 2583 73 21 House,
2192 2588 28 12 we
2229 2588 47 12 were
2291 2583 50 17 intro-

1917 2606 59 17 duced
1984 2608 20 15 to
2013 2606 80 17 another
2101 2607 20 16 of
2130 2606 33 17 the
2171 2612 52 12 same
2236 2608 39 15 sort
2290 2606 62 17 which

1917 2629 60 18 scaled
1986 2635 44 12 over
2041 2630 6 16 l
2053 2630 44 16 llbs.
2123 2630 83 17 Further
2217 2630 135 22 acquaintance

1917 2653 46 17 with
1972 2653 37 17 this
2017 2653 58 17 latter
2083 2653 94 22 specimen
2184 2659 24 11 on
2214 2653 32 17 the
2253 2653 100 22 following
2363 2653 1 22 |

1917 2676 88 22 morning
2013 2677 21 16 at
2045 2675 104 21 breakfast,
2159 2677 21 16 at
2188 2676 61 17 which
2263 2682 27 11 we
2304 2682 48 12 were

1917 2700 75 21 present
2003 2699 20 16 in
2032 2699 32 16 the
2079 2699 88 18 interests
2182 2700 19 17 of
2215 2700 76 19 science,
2307 2705 34 12 con-

1917 2722 65 18 firmed
1992 2728 21 11 us
2021 2722 20 17 in
2050 2722 33 18 the
2096 2722 78 23 opinion
2187 2722 44 18 that
2244 2722 16 18 if
2272 2722 16 18 it
2304 2729 48 11 were

1917 2747 53 16 trout
1977 2746 15 16 it
2005 2750 39 12 was
2057 2745 59 23 really
2130 2746 38 16 fine
2185 2747 52 16 trout
2252 2746 37 16 and
2305 2747 16 16 if
2337 2747 16 16 it

1917 2775 48 12 were
1974 2769 56 16 white
2040 2768 36 18 fish
2092 2769 16 17 it
2124 2775 39 12 was
2180 2769 119 22 remarkably
2316 2769 36 18 fine

1917 2792 57 17 white
1986 2792 43 17 fish.
2054 2792 20 17 It
2090 2792 64 17 would
2168 2792 23 17 bo
2205 2792 114 23 injudicious
2333 2794 21 16 to

1917 2822 33 15 say
1959 2821 56 15 more,
2025 2815 20 17 in
2053 2815 47 17 viaw
2110 2816 20 16 of
2138 2815 75 17 further
2228 2816 125 21 experiments

1917 2839 58 22 boing
1982 2839 78 17 deemed
2068 2844 105 17 necessary,
2184 2839 49 17 until
2241 2839 33 17 the
2282 2839 72 23 fishing

1917 2868 65 11 season
1988 2862 16 17 is
2013 2867 50 12 over.
2090 2862 18 17 It
2117 2868 44 16 may
2170 2862 24 17 be
2199 2868 20 11 as
2226 2862 42 17 well
2274 2863 19 16 to
2299 2869 40 10 men-

1918 2885 39 17 tion
1966 2885 87 17 however
2060 2885 43 17 that
2109 2886 34 16 the
2151 2885 36 17 size
2196 2886 22 16 of
2227 2885 51 17 these
2288 2885 34 18 fish
2338 2886 15 16 is

1917 2914 25 11 no
1948 2909 81 17 obstacle
2037 2909 20 16 to
2065 2908 50 17 their
2123 2909 59 22 being
2194 2910 58 16 trout.
2278 2909 76 17 Several

1917 2932 70 22 species
1996 2932 19 17 of
2024 2931 42 18 lake
2075 2933 53 16 trout
2136 2932 20 17 in
2168 2931 85 18 America
2267 2932 61 17 attain
2342 2938 12 11 a

1917 2957 54 20 great
1980 2955 41 16 size.
2036 2955 38 16 The
2083 2954 55 18 finest
2147 2955 38 17 and
2193 2955 72 23 largest
2273 2955 20 17 of
2302 2956 52 16 these

1917 2978 16 17 is
1941 2978 33 17 the
1979 2977 107 18 Mackinaw
2094 2978 54 17 trout
2154 2977 68 24 (salmo
2228 2978 125 23 ametliystus)

1918 3002 19 16 of
1946 3001 60 17 Lakes
2015 3001 68 17 Huron
2091 3001 39 17 and
2142 3001 95 23 Superior,
2251 3002 103 21 specimens

1918 3025 19 17 of
1953 3024 62 17 which
2029 3024 47 17 have
2090 3024 47 17 been
2153 3024 89 18 obtained
2257 3025 97 23 weighing

1918 3048 86 22 upwards
2013 3048 21 17 of
2042 3048 58 16 fiOlbs.
2132 3048 24 17 In
2170 3048 33 17 the
2215 3048 37 17 Old
2269 3048 85 22 Country

1917 3077 52 14 even,
1979 3070 42 18 lake
2029 3072 54 16 trout
2090 3070 49 18 have
2147 3071 48 17 boon
2203 3071 71 22 caught
2281 3072 60 22 weigh-

1917 3095 35 22 ing
1959 3100 44 11 over
2011 3093 58 18 3fflbs.
2096 3093 50 18 Such
2156 3094 35 18 fish
2199 3095 20 16 in
2228 3094 51 17 lakes
2288 3100 31 11 are
2328 3095 25 17 all

1917 3123 45 16 very
1970 3117 48 20 well,
2028 3117 36 17 but
2071 3117 20 17 in
2100 3117 32 17 the
2142 3117 62 18 creeks
2213 3118 44 17 here
2269 3118 45 22 they
2323 3118 20 17 af-

1917 3140 42 17 ford
1968 3146 25 11 no
1999 3141 52 22 sport
2058 3140 101 21 whatever,
2170 3147 20 11 as
2199 3141 15 17 it
2223 3141 15 17 is
2244 3141 109 22 impossible

1917 3164 20 16 to
1950 3164 45 22 play
2011 3164 58 16 them.
2099 3164 53 22 They
2166 3170 32 11 are
2215 3164 72 18 besides
2304 3166 50 16 most

1917 3192 91 12 ravenous
2024 3187 38 16 and
2082 3187 56 17 make
2158 3187 33 17 sad
2207 3188 60 16 havoc
2283 3194 71 16 among

1917 3210 49 17 their
1972 3210 75 17 smaller
2051 3210 96 17 brethren.
2172 3211 56 16 Their
2231 3210 121 18 destruction,

1917 3233 51 19 then,
1984 3233 26 22 by
2024 3232 95 18 whatever
2130 3239 71 15 means,
2217 3234 15 17 is
2245 3236 34 15 not
2295 3235 21 16 to
2330 3234 24 17 bo

1917 3256 96 22 deplored.

1940 3288 55 17 Some
2004 3288 22 17 of
2032 3293 35 12 our
2075 3288 75 18 readers
2159 3295 43 16 may
2208 3289 48 17 have
2263 3289 90 17 observed

1917 3317 9 10 a
1936 3310 61 18 notice
2006 3311 19 17 in
2034 3311 61 17 Maori
2101 3312 68 21 posted
2177 3318 26 16 up
2210 3312 19 17 in
2237 3312 116 18 Ohinemutu

1917 3333 69 23 during
1994 3334 33 17 the
2036 3335 43 21 past
2087 3334 38 23 day
2133 3341 22 11 or
2163 3337 44 15 two.
2234 3335 28 17 Its
2271 3337 80 20 purport

1917 3363 38 11 was
1964 3358 20 16 to
1993 3357 51 17 draw
2054 3358 95 17 attention
2158 3359 20 16 to
2187 3364 11 11 a
2215 3359 83 22 mooting
2306 3359 45 17 held

1917 3381 20 16 at
1945 3380 56 17 Tame
2010 3382 19 15 te
2038 3380 69 23 Kapua
2116 3382 30 16 for
2154 3382 33 17 the
2196 3387 80 17 purpose
2286 3382 19 17 of
2314 3382 26 17 dis-

1917 3403 75 23 cussing
2001 3404 31 16 the
2040 3404 74 17 troublo
2123 3404 62 18 which
2199 3405 34 17 has
2250 3405 61 17 arisen
2319 3405 22 17 be-

1917 3427 60 16 tween
1993 3427 90 22 England
2100 3427 38 17 and
2154 3428 33 17 the
2204 3428 54 17 other
2273 3434 78 16 powers.

1987 3450 17 17 is
2018 3456 25 11 an
2154 3451 15 16 it
2185 3451 70 18 wound
2271 3457 31 16 up,

1916 3472 33 18 the
1957 3470 77 20 Arawas
2043 3474 20 17 to
2072 3475 49 16 meet
2130 3474 90 23 together
2228 3474 37 17 and
2281 3474 71 18 discuss

1917 3495 32 17 the
1957 3496 96 17 situation.
2079 3497 24 16 In
2109 3497 69 22 regard
2192 3498 19 16 to
2229 3497 38 17 this
2283 3499 70 16 matter

1917 3524 35 11 one
1960 3519 43 17 who
2011 3519 90 18 attended
2111 3520 32 17 the
2157 3521 84 22 meeting
2255 3521 62 17 writes
2324 3526 28 12 :

1916 3542 39 17 The
1964 3548 38 11 war
2010 3543 55 22 spirit
2072 3543 35 17 has
2115 3544 62 17 seized
2183 3549 51 17 upon
2241 3544 32 17 the
2279 3544 73 17 natives

1917 3565 42 17 here
1968 3566 64 22 owing
2040 3566 20 17 to
2069 3566 32 17 the
2110 3568 65 16 recent
2183 3566 140 23 developments
2332 3568 20 16 in

1916 3588 33 17 the
1963 3589 108 17 Transvaal.
2102 3589 108 23 Yesterday
2224 3591 87 22 morning
2328 3596 24 11 an

1916 3611 125 23 impassioned
2046 3613 64 16 orator
2115 3613 41 16 told
2163 3613 19 17 in
2187 3613 61 17 fervid
2256 3613 96 23 language

1916 3634 32 17 the
1957 3636 51 21 story
2017 3636 20 15 of
2045 3636 32 16 the
2090 3636 64 17 march
2170 3636 19 17 of
2203 3636 28 17 Dr
2246 3636 105 17 Jameson's

1916 3663 41 11 men
1966 3658 38 17 and
2012 3658 43 18 how
2064 3658 45 23 they
2119 3664 48 12 were
2177 3659 135 18 overwhelmed
2326 3660 25 22 by

1915 3681 88 17 numbers
2018 3682 49 16 after
2083 3681 50 17 their
2149 3682 37 17 last
2203 3682 94 23 cartridge
2314 3683 37 17 had

1915 3703 46 18 been
1971 3704 103 22 expended.
2099 3705 31 17 He
2139 3705 92 18 exhorted
2242 3705 32 18 the
2291 3712 45 11 mem-

1916 3726 40 18 bers
1965 3727 20 17 of
1992 3727 33 17 the
2039 3728 49 17 tribe
2104 3729 19 16 to
2141 3728 46 17 offer
2203 3729 111 17 themselves
2330 3730 20 16 to

1915 3750 32 16 the
1956 3751 69 17 British
2035 3751 129 17 Government
2177 3752 29 16 for
2223 3752 32 17 the
2269 3758 81 16 purpose
2368 3750 1 24 '

1915 3773 20 17 of
1944 3773 82 23 forming
2035 3780 11 10 a
2054 3774 81 21 pucrillu
2144 3780 54 17 corps
2207 3775 30 17 for
2253 3775 68 17 sorvice
2330 3775 19 17 in

1915 3796 69 18 Africa.
1997 3797 30 16 An
2036 3797 92 17 influetial
2137 3798 83 17 member
2234 3798 19 17 of
2262 3799 31 16 the
2302 3799 50 17 tribe
2368 3796 1 20 1

1914 3819 34 17 has
1957 3819 68 18 offered
2034 3821 17 16 tc
2062 3820 78 22 provide
2149 3827 50 11 arms
2208 3821 37 17 and
2258 3822 91 17 uniforms
2368 3819 1 23 1

1915 3842 29 17 for
1952 3843 29 16 his
1989 3843 72 22 people.
2088 3843 25 17 liv
2119 3843 33 17 the
2161 3845 101 17 meantime
2276 3845 74 17 further
2368 3842 1 23 i

1914 3865 71 23 tidings
2001 3872 21 11 as
2038 3867 20 16 to
2067 3867 32 16 the
2122 3872 65 12 course
2201 3867 21 18 of
2238 3869 64 16 events
2318 3874 31 11 are
2368 3865 1 23 i

1914 3888 85 18 awaited.
2024 3890 60 17 There
2092 3890 15 16 is
2121 3895 26 12 no
2164 3890 67 21 doubt,
2256 3891 91 20 however,
2368 3888 1 23 1

1914 3911 42 17 that
1967 3912 32 17 the
2012 3912 154 23 impressionable
2178 3914 61 16 Maori
2253 3916 67 15 nature
2333 3914 16 17 is
2368 3911 1 24 i

1914 3935 56 17 much
1985 3935 74 17 excited
2076 3941 43 12 over
2142 3937 33 16 the
2199 3937 72 22 danger
2288 3937 61 17 which

1914 3963 83 12 menaces
2006 3959 33 16 the
2047 3958 83 23 Empire,
2137 3959 38 18 and
2184 3959 15 18 is
2208 3960 82 17 inclined
2298 3961 20 16 to
2324 3966 25 16 go
2368 3958 1 24 I

1913 3982 20 15 to
1942 3982 74 21 greater
2024 3982 77 22 lengths
2109 3984 5 15 1
2119 3982 38 17 ban
2167 3983 31 16 the
2204 3982 76 23 Sydney
2286 3983 63 18 crowd
2368 3982 1 23 1

1914 4003 60 17 which
1984 4005 100 17 manifestd
2093 4005 24 17 its
2125 4005 74 23 loyalty
2208 4006 32 17 the
2249 4006 54 18 other
2312 4006 37 23 day
2368 4003 1 26 1

1912 4026 26 22 by
1947 4027 79 23 hooting
2035 4034 11 11 a
2055 4028 82 17 German
2146 4029 60 17 Band.
2368 4025 1 25 i

1959 4058 52 17 THE
2019 4059 125 18 MOBNING
2156 4060 145 17 HEADACHE
2368 4052 1 25 1

1912 4114 19 17 Is
1939 4114 52 17 often
2000 4115 33 17 tho
2042 4116 57 17 result
2109 4117 20 16 of
2138 4116 91 24 drinking
2233 4117 39 18 bad
2279 4119 60 22 liquor.

1911 4136 44 18 You
1963 4143 31 12 are
2002 4138 73 18 invited
2084 4140 19 17 to
2115 4140 32 22 try
2157 4140 76 18 Wolfe's
2242 4141 97 23 Schnapps

1912 4160 18 17 It
1939 4160 16 17 is
1960 4166 52 15 pure,
2020 4162 119 19 wholesome,
2150 4163 38 17 and
2195 4164 144 17 unadulterated.

2417 134 39 17 The
2465 134 54 17 usual
2528 134 88 22 monthly
2625 134 56 17 social
2695 134 21 17 of
2730 134 33 17 the
2776 133 53 18 Bund

2394 156 19 18 of
2422 157 56 22 Hope
2486 156 46 18 took
2540 156 53 23 place
2601 158 20 16 in
2630 158 32 16 the
2672 156 122 19 Schoolroom
2807 163 22 11 on

2393 179 71 22 Friday
2472 180 37 17 last
2518 180 37 17 and
2561 185 39 13 was
2608 186 21 12 as
2637 180 102 23 enjoyable
2748 186 21 11 as
2778 181 51 16 those

2392 203 156 17 Entertainments
2557 203 71 23 always
2638 209 38 12 are.
2702 204 17 16 A
2725 209 52 12 more
2784 203 45 17 than

2393 226 73 22 usually
2476 227 67 21 strong
2552 226 73 17 feature
2633 226 19 17 in
2659 226 34 18 tlie
2707 232 122 17 programme

2391 255 38 11 was
2439 249 32 17 the
2479 255 89 16 presence
2576 250 20 16 of
2604 250 32 16 Mr
2644 250 73 17 Arthur
2728 250 65 19 Boult,
2810 250 19 17 of

2391 272 97 21 Adelaide,
2498 273 50 17 S.A.,
2558 273 38 16 and
2605 273 28 17 his
2644 273 107 22 promising
2763 279 66 16 young

2390 295 59 23 pupil,
2460 295 73 18 Master
2541 295 75 18 Hubert
2624 295 70 18 James.
2720 296 40 17 The
2772 296 57 17 latter

2390 318 121 17 contributed
2527 320 38 15 two
2580 325 61 16 songs,
2730 318 98 19 Nameless

2483 342 38 16 and
2588 342 50 18 thro'
2647 342 33 17 the
2790 342 37 18 and

2388 364 92 23 betrayed
2500 365 33 17 the
2549 366 104 21 possession
2674 366 19 16 of
2714 372 11 10 a
2746 372 81 16 soprano

2389 388 51 17 voice
2449 388 20 17 of
2478 388 32 17 the
2518 389 72 16 utmost
2600 389 66 21 purity
2679 388 39 17 and
2731 389 85 17 consider-

2388 410 42 18 able
2439 417 65 16 range.
2533 412 38 16 The
2578 412 78 17 method
2665 412 37 16 and
2708 417 90 12 evenness
2807 413 20 16 of

2387 434 30 17 his
2425 435 122 17 vocalisation
2556 435 64 17 reflect
2629 435 32 17 the
2675 435 78 22 highest
2767 435 59 17 credit

2387 462 25 11 on
2428 457 32 17 Mr
2480 457 74 18 Boult's
2570 459 70 21 system
2657 458 21 17 of
2694 458 85 22 training
2796 459 30 16 for

2388 480 81 17 without
2474 481 94 21 judicious
2573 481 94 21 guidance
2673 487 45 11 even
2725 481 33 17 the
2767 481 46 23 high-

2387 504 28 16 est
2424 504 76 17 natural
2508 504 79 18 musical
2595 504 46 21 gifts
2650 510 31 11 are
2690 504 20 17 in
2723 504 73 23 danger
2805 506 20 15 of

2386 526 59 23 being
2452 527 78 22 spoiled.
2556 528 71 16 Master
2638 527 65 17 James
2714 533 46 15 was,
2775 534 22 10 as
2813 534 12 11 a

2386 551 69 16 matter
2464 550 20 17 of
2492 556 69 13 course,
2572 550 80 18 encored
2660 550 38 17 and
2707 550 19 17 in
2735 556 80 17 response-

2386 578 49 16 gave
2459 573 73 22 Joyous
2627 574 39 17 The
2683 574 52 17 Bells
2746 574 75 21 chorus,

2386 595 24 22 by
2425 596 33 17 the
2473 596 89 20 children,
2581 598 50 16 went
2648 597 47 17 with
2712 603 11 11 a
2735 597 88 22 pleasant

2385 619 67 23 swing,
2470 619 37 17 and
2521 620 33 16 the
2572 620 87 17 anthems
2678 620 26 22 by
2721 620 33 17 the
2770 621 53 17 choir

2385 647 48 12 were
2442 642 55 17 much
2504 643 126 22 appreciated.
2654 643 39 17 The
2700 647 122 19 programme

2383 665 48 17 with
2439 666 33 17 the
2485 666 99 22 exception
2597 667 20 16 of
2628 666 33 17 the
2674 666 55 17 items
2744 667 78 22 already

2384 689 121 17 enumerated
2526 695 38 11 was
2587 695 21 11 as
2634 689 85 24 follows:
2761 690 58 23 Song,

2404 711 60 18 When
2473 718 38 16 you
2519 712 37 17 and
2565 713 10 16 I
2584 718 48 12 were
2640 718 72 17 young,

2383 734 47 17 Miss
2439 735 22 17 G.
2476 735 90 22 Murray;
2586 741 53 17 song,
2676 736 41 22 Thy
2730 736 59 18 Voice
2805 737 15 17 is

2469 758 47 17 Miss
2537 759 114 22 Fitzpatrick
2660 765 6 15 ;
2691 759 128 21 recitatation,

2403 781 39 17 The
2451 781 72 19 Child's
2532 782 40 17 first
2662 782 47 18 Miss
2725 782 81 18 Hawkes-

2382 804 62 17 worth
2452 809 5 15 ,'
2478 810 54 18 song.
2547 805 46 17 Miss
2608 805 82 21 Jfelson;
2712 806 108 22 pianoforte

2382 827 45 21 solo,
2438 828 32 17 Mr
2485 828 69 18 Boult;
2572 834 54 17 song,
2716 829 24 17 he
2740 827 3 24 1
2757 829 62 18 kissed

2382 856 30 12 mo
2425 851 55 17 when
2495 852 23 16 lie
2535 851 35 17 left
2653 852 40 17 Mrs
2710 852 95 18 Thomson
2814 851 3 22 ;

2381 880 54 16 song,
2638 875 46 17 Miss
2693 876 23 16 A.
2726 876 91 22 Murray;

2381 903 54 17 song,
2615 899 47 17 Miss
2683 899 21 17 F.
2726 899 91 23 Murray;

2380 926 54 17 song,
2507 921 66 17 Arab's
2579 921 92 18 Farewell
2677 923 20 16 to
2702 922 30 17 his

2380 944 47 16 Miss
2443 944 21 17 C.
2479 944 105 24 Robinson;
2604 945 105 20 recitation,-

2440 967 48 17 Miss
2504 967 50 17 Elsie
2570 968 85 23 Murray.
2689 969 39 17 The
2742 974 63 12 accom-

2380 990 108 22 paniments
2511 991 120 22 throughout
2643 996 49 13 were
2705 992 70 23 played
2792 993 25 22 by

2380 1013 32 16 the
2421 1014 67 17 Misses
2497 1014 117 22 Fitzpatrick
2626 1015 38 17 and
2674 1016 98 17 Robinson-
2780 1010 37 23 anil

2380 1036 32 17 Mr
2420 1037 64 17 Boult.

2411 1085 32 18 TO
2460 1085 105 18 ROTOITI
2581 1087 54 17 AND
2653 1087 133 18 ROTOEHU.

2481 1133 16 16 A
2510 1133 107 19 Pleasant
2630 1134 84 18 Cruise.

2535 1160 131 25 (Concluded.)

2402 1188 19 17 It
2430 1188 63 17 would
2502 1188 22 18 be
2533 1188 108 23 impossible
2651 1192 21 15 to
2688 1190 85 18 describe
2790 1190 26 18 all

2377 1211 33 17 the
2418 1211 85 18 beauties
2512 1212 20 17 of
2540 1212 37 17 this
2586 1213 113 18 marvellous
2708 1214 49 17 lake.
2775 1215 41 22 Bay

2377 1235 50 16 after
2435 1235 38 22 bay
2489 1240 39 12 was
2544 1236 82 21 entered,
2640 1237 50 17 nook
2700 1237 49 17 after
2766 1238 50 17 nook

2377 1258 88 21 scanned,
2475 1258 33 17 the
2517 1258 98 19 loveliness
2626 1260 107 23 increasing
2750 1267 21 11 as
2788 1267 28 12 we

2377 1281 110 22 proceeded.
2512 1282 38 17 The
2559 1284 54 21 great
2622 1283 56 17 bluffs
2687 1289 25 12 on
2721 1284 33 17 the
2769 1291 36 10 nor-

2378 1305 54 16 thern
2441 1305 55 17 shore
2505 1311 48 11 were
2561 1307 97 17 festooned
2672 1307 47 17 with
2736 1310 68 21 vegeta-

2377 1328 40 17 tion
2426 1328 21 17 of
2460 1328 32 17 the
2505 1329 49 17 most
2570 1329 100 19 luxuriant
2686 1330 115 24 description
2809 1328 4 26 ;

2376 1351 33 17 the
2417 1352 51 17 ratas
2477 1352 38 17 had
2523 1352 77 23 already
2608 1353 54 18 burst
2675 1354 42 17 into
2725 1354 89 22 blossom,

2376 1374 38 18 and
2423 1374 32 18 the
2463 1374 134 23 pohutakawa,
2610 1383 22 11 or
2646 1377 105 18 Christmas
2768 1380 45 19 tree,

2376 1404 39 10 was
2423 1398 88 23 showing
2524 1399 52 22 signs
2585 1400 20 16 of
2621 1400 77 23 quickly
2716 1401 100 23 following

2376 1421 44 17 suit.
2433 1421 60 18 Great
2500 1427 69 12 masses
2578 1423 20 17 of
2604 1423 85 19 brilliant
2694 1424 34 18 red
2733 1425 82 17 blended

2376 1444 46 17 with
2431 1445 32 16 the
2472 1445 75 18 various
2555 1446 67 18 shades
2636 1447 20 17 of
2673 1453 58 17 green
2747 1449 69 23 giving

2376 1474 11 10 a
2396 1468 70 17 wealth
2476 1468 20 17 of
2505 1468 50 18 color
2563 1469 43 17 that
2614 1470 16 17 it
2638 1471 63 16 would
2710 1471 23 17 be
2742 1472 60 22 impos-

2376 1491 46 17 sible
2430 1493 21 15 to
2459 1492 83 17 transfer
2550 1493 19 16 to
2586 1498 74 13 canvas.
2685 1495 40 17 The
2741 1496 75 18 artistic

2376 1520 33 16 eye
2425 1514 72 23 lingers
2510 1515 101 23 longingly
2625 1523 24 11 on
2663 1517 34 17 the
2713 1519 102 18 wondrous

2375 1538 64 17 effects
2448 1538 20 17 of
2477 1538 50 23 light
2536 1538 36 17 and
2582 1540 62 21 shade,
2655 1540 35 18 biTt
2707 1543 109 21 recognises'

2375 1561 43 17 how
2427 1561 55 17 futile
2492 1561 62 18 would
2568 1562 22 17 bo
2599 1563 33 17 the
2647 1566 87 16 outcome
2747 1566 21 17 of
2776 1572 37 16 any

2375 1585 83 22 attempt
2475 1585 20 16 ut
2511 1585 139 23 reproduction.
2691 1588 56 18 Vista
2764 1590 52 17 after

2376 1608 48 16 vista
2433 1608 20 17 of
2460 1608 34 17 the
2502 1609 48 16 most
2557 1609 73 18 intense
2644 1611 99 18 loveliness
2752 1613 16 17 is
2778 1619 24 16 op-

2375 1630 47 18 ened
2431 1637 27 16 up
2459 1631 55 17 the
2524 1632 135 19 exclamations
2675 1635 19 16 of
2710 1637 103 21 rapturous

2375 1654 82 22 surprise
2474 1660 57 15 cease,
2549 1655 43 19 and,
2602 1662 21 11 as
2635 1658 16 16 if
2657 1658 92 18 surfeited
2766 1660 47 17 with

2375 1677 88 18 Nature's
2473 1677 79 22 charms,
2569 1679 68 18 silence
2652 1681 77 22 reigns-
2740 1683 38 17 and
2792 1689 21 12 so

2376 1707 26 10 we
2411 1701 52 22 glide
2471 1701 65 23 along.
2560 1702 56 20 Tims,
2633 1710 27 11 we
2674 1706 53 16 enter
2742 1707 74 17 Parent

2375 1724 47 23 Bay,
2434 1724 80 24 rousing
2530 1726 32 17 the
2578 1726 102 19 wild-fowl
2696 1729 49 18 from
2764 1731 49 17 their

2375 1747 70 18 haunts
2461 1748 20 16 in
2497 1748 89 23 myriads.
2617 1750 71 19 Groves
2705 1753 21 16 of
2742 1754 70 22 acacia,

2375 1771 75 20 willow,
2460 1771 67 23 cherry
2536 1773 50 17 trees,
2592 1774 38 16 and
2638 1774 82 19 bamboo
2733 1782 32 12 are
2780 1778 32 17 the

2375 1794 52 22 signs
2432 1794 26 22 by
2465 1794 61 18 which
2532 1796 32 17 the
2569 1796 32 17 old
2608 1797 125 20 missionaries
2741 1806 44 17 may
2790 1802 22 17 he

2375 1817 70 21 traced,
2467 1818 38 17 and
2524 1819 44 18 here
2585 1820 52 17 there
2654 1821 16 16 is
2689 1823 63 23 ample
2772 1825 30 17 evi-

2375 1841 57 17 dence
2441 1841 21 17 of
2470 1842 58 18 them.
2554 1842 50 18 Once
2613 1850 51 12 more
2678 1846 32 16 the
2724 1852 53 17 prow
2792 1849 20 16 of

2374 1863 33 18 the
2423 1864 70 18 launch
2510 1865 15 17 is
2540 1865 82 19 directed
2636 1868 20 16 to
2670 1868 32 18 the
2720 1871 90 18 southern

2374 1888 54 17 shore
2437 1888 38 17 and
2488 1889 77 23 passing
2579 1889 25 23 by
2619 1890 34 18 the
2666 1892 50 18 little
2731 1893 44 18 islet
2792 1896 19 16 of

2375 1911 116 18 Patikoan
2501 1912 82 17 emerald
2590 1914 20 16 in
2620 1921 12 10 a
2640 1915 97 23 turquoise
2742 1917 69 18 field

2375 1940 27 11 we
2411 1935 54 17 reach
2475 1936 130 22 Tapuaekura,
2615 1943 12 11 a
2635 1940 65 21 pretty
2709 1940 49 17 little
2772 1943 29 16 set-

2375 1958 79 17 tlement
2459 1959 90 23 boasting
2554 1960 19 16 of
2578 1966 11 10 a
2595 1960 41 22 tiny
2642 1961 86 19 Catholic
2735 1962 76 21 Church

2374 1982 62 17 where
2446 1988 49 11 miss
2503 1983 15 16 is
2528 1983 104 18 celebrated
2646 1987 20 15 at
2679 1985 91 20 intervals
2785 1989 25 20 by

2374 2006 32 17 the
2416 2006 84 17 Rotorua
2509 2006 69 23 clcrgv.
2594 2007 39 17 The
2641 2009 74 17 nalives
2723 2016 32 11 are
2764 2011 36 18 fish-

2374 2029 34 23 ing
2416 2029 30 17 for
2454 2029 60 18 koura
2522 2029 96 24 (crayfish)
2629 2030 33 18 hut
2680 2034 92 17 assemble
2786 2041 24 12 on

2375 2053 31 17 the
2415 2053 58 17 beach
2482 2052 37 18 and
2529 2053 42 22 give
2580 2059 22 11 us
2613 2060 11 10 a
2637 2054 68 23 hearty
2722 2059 89 19 greeting

2373 2082 21 11 as
2403 2082 27 11 we
2439 2076 63 20 linger
2515 2077 30 16 for
2559 2082 11 11 a
2585 2079 90 16 moment.
2707 2080 57 20 Hero.
2779 2083 32 17 Mr

2374 2100 82 17 William
2466 2099 63 23 Kelly,
2539 2099 32 18 the
2584 2100 83 18 member
2681 2102 29 17 for
2724 2103 32 18 the
2771 2105 29 18 dis-

2373 2123 50 20 trict,
2434 2123 35 17 lias
2477 2122 28 18 his
2515 2122 79 18 sawmill
2603 2124 37 17 and
2649 2125 34 17 the
2690 2126 48 17 bush
2748 2129 61 18 round

2373 2146 59 18 about
2442 2147 16 16 is
2473 2146 75 22 rapidly
2563 2146 59 23 being
2637 2147 87 19 denuded
2741 2152 21 16 of
2778 2152 32 17 the

2373 2169 75 18 heavier
2468 2169 38 17 and
2522 2169 62 17 better
2604 2170 69 19 classes
2691 2173 21 16 of
2734 2174 74 20 timber.

2373 2193 94 22 Hauparu
2475 2193 16 16 is
2500 2199 34 10 our
2542 2194 45 15 next
2600 2195 91 21 stopping
2705 2196 54 22 place
2772 2200 37 16 and

2373 2216 44 17 her;
2426 2222 28 11 we
2463 2216 59 23 spend
2531 2222 11 10 a
2550 2216 86 22 pleasant
2645 2218 40 17 half
2697 2219 54 19 hour.
2783 2223 26 17 To

2373 2239 38 17 this
2420 2239 60 23 point,
2493 2239 61 17 which
2568 2239 16 17 is
2600 2241 5 15 1
2610 2242 10 14 (
2637 2241 52 18 miles
2703 2244 37 16 and
2759 2251 51 12 some

2374 2263 37 17 odd
2426 2263 65 17 chains
2508 2263 48 16 from
2573 2263 90 21 Rotorua,
2682 2265 32 18 the
2731 2269 46 17 road
2794 2270 16 17 is

2374 2286 106 22 completed
2496 2286 38 17 and
2554 2286 22 17 lit
2596 2286 30 17 for
2646 2288 32 17 the
2695 2295 80 15 passasre
2790 2293 21 17 of

2373 2309 89 18 vehicles.
2486 2309 82 17 Further
2576 2316 23 10 on
2609 2310 32 17 the
2657 2312 46 17 road
2718 2313 15 18 is
2747 2316 59 17 made'

2373 2333 35 17 but
2416 2333 33 17 the
2458 2332 83 18 culverts
2548 2338 31 12 are
2587 2335 35 15 not
2630 2335 32 21 yet
2672 2337 35 20 put
2716 2336 25 18 in.
2772 2340 25 16 Be-

2373 2357 59 16 tween
2442 2356 45 17 here
2495 2356 38 17 and
2545 2356 63 17 Ruato
2622 2357 33 17 the
2669 2358 84 20 heaviest
2766 2364 44 20 part

2373 2380 21 16 of
2402 2380 32 16 the
2444 2379 52 17 work
2512 2385 38 11 was
2563 2379 54 20 done,
2634 2383 54 20 great
2703 2389 70 14 masses
2790 2387 20 16 of

2373 2403 48 17 hard
2429 2402 45 18 rock
2483 2402 67 23 taking
2559 2403 31 16 the
2599 2403 53 22 place
2660 2405 21 17 of
2689 2406 33 17 the
2738 2413 72 19 sugary

2373 2426 74 22 pumice
2456 2427 40 16 met
2503 2423 46 20 with
2564 2425 106 19 elsewhere.
2702 2430 29 20 By
2744 2437 12 12 a-

2373 2450 52 17 cular
2434 2455 61 16 sweep
2503 2455 29 11 we
2540 2450 95 22 approach
2644 2451 32 18 the
2684 2455 75 17 eastern
2773 2456 37 18 end

2373 2473 21 17 of
2402 2472 32 18 the
2442 2472 44 18 lake
2500 2472 59 17 under
2572 2472 32 18 the
2619 2473 97 25 frowning
2728 2479 84 18 trachite

2373 2496 47 17 cliffs
2429 2496 20 17 of
2462 2496 134 17 Matawhauru
2609 2497 62 18 which
2680 2499 36 18 rise
2724 2502 35 16 800
2772 2502 38 18 feet

2373 2519 59 18 above
2441 2519 33 17 the
2482 2519 48 20 lake,
2540 2519 36 17 and
2595 2521 44 15 ISOO
2656 2521 60 19 above
2724 2524 33 18 the
2771 2532 32 11 sea

2373 2543 38 16 The
2424 2542 71 22 abrupt
2507 2542 61 22 slopes
2581 2543 20 16 of
2615 2543 33 18 the
2662 2548 100 17 mountain
2778 2555 32 11 are

2373 2565 76 18 clothed
2463 2565 47 17 with
2528 2565 145 24 bush-gigantic
2689 2575 120 15 rewa-rewas

2373 2589 38 17 and
2427 2589 86 22 graceful
2529 2589 40 17 fern
2587 2590 48 18 trees
2648 2592 160 25 predominating.

2373 2613 57 18 Hore,
2440 2612 20 17 in
2468 2618 12 11 a
2489 2617 44 12 cave
2541 2618 45 11 near
2600 2613 32 17 the
2646 2617 84 20 summit,
2746 2618 16 17 is
2777 2619 33 17 the

2373 2635 80 23 reputed
2461 2635 61 18 burial
2531 2636 52 21 place
2592 2637 20 16 of
2626 2637 32 18 the
2672 2639 58 19 chiefs
2742 2642 22 16 of
2777 2643 33 17 the

2373 2658 131 23 Ngatipikiao.
2521 2658 45 18 This
2575 2665 43 11 cave
2628 2660 49 19 after
2684 2662 59 24 being
2750 2670 48 17 pene-

2374 2682 61 17 trated
2446 2683 29 15 for
2484 2688 57 16 many
2549 2682 86 18 hundred
2645 2686 64 21 yards,
2724 2687 28 23 (so
2764 2695 45 11 runs

2373 2705 34 18 the
2415 2705 63 18 native
2487 2705 93 23 account),
2598 2703 79 28 ends'|in
2693 2716 24 10 an
2726 2711 56 21 abyss
2790 2719 21 11 or

2374 2735 51 11 waro
2434 2729 20 17 of
2462 2728 96 17 unknown
2566 2725 66 26 depth.
2663 2732 44 18 Into
2725 2734 38 18 this
2777 2736 33 17 the

2373 2752 59 18 bones
2449 2752 19 17 of
2485 2751 54 18 those
2555 2752 94 25 receiving
2665 2756 97 21 sepulture
2778 2764 32 12 are

2374 2775 82 21 thrown,
2473 2775 38 17 and
2528 2775 31 17 the
2577 2778 149 19 reverberations
2741 2782 20 16 of
2777 2782 35 17 the

2374 2799 75 17 various
2457 2798 61 22 pieces
2527 2799 20 16 of
2555 2798 70 19 human
2634 2803 90 22 anatomy
2733 2810 20 11 as
2764 2805 46 22 they

2375 2822 57 17 strike
2441 2822 33 16 the
2488 2821 48 18 sides
2549 2822 18 16 in
2585 2822 49 19 their
2649 2824 77 20 descent
2740 2827 70 23 impart

2374 2845 32 17 the
2415 2850 99 17 necessary
2522 2850 133 15 awesomeness
2663 2850 20 15 to
2692 2850 32 17 the
2735 2851 75 18 funeral

2375 2869 50 17 rites.
2451 2868 30 17 No
2489 2868 73 22 pakeha
2576 2869 35 17 has
2624 2876 43 12 ever
2682 2873 76 18 entered
2772 2876 38 16 this

2375 2897 50 15 cave,
2432 2891 55 18 when
2493 2891 22 17 lie
2522 2891 44 18 does
2571 2898 11 11 a
2589 2894 127 19 considerable
2722 2897 89 19 discount

2375 2915 37 16 will
2430 2914 93 23 probably
2540 2915 22 16 bo
2578 2916 58 18 taken
2652 2918 29 17 off
2698 2919 32 18 the
2745 2921 66 17 native

2375 2939 109 16 statement.

2399 2961 152 23 Tapuaeharuru,
2561 2963 20 15 at
2589 2963 33 17 the
2629 2963 48 19 head
2687 2966 20 16 of
2716 2967 31 17 the
2760 2968 43 17 lake

2375 2985 15 17 is
2399 2984 101 22 becoming
2507 2991 12 10 a
2527 2984 52 23 large
2587 2986 114 20 settlement,
2709 2990 37 17 and
2756 2991 54 17 when

2375 3008 158 17 communication
2542 3008 15 17 is
2565 3010 55 17 made
2629 3011 57 17 easier
2695 3012 15 17 is
2724 3013 86 19 destined

2375 3032 20 16 to
2403 3031 76 17 become
2488 3031 38 17 still
2535 3031 67 23 larger.
2634 3034 50 17 Here
2696 3036 33 17 Mr
2743 3038 23 16 A.
2782 3039 21 16 M

2375 3055 60 16 Grant
2444 3054 34 17 has
2487 3060 11 11 a
2506 3055 55 19 store,
2571 3056 38 17 and
2616 3056 85 25 judging
2717 3060 49 18 from
2778 3062 32 16 the

2375 3078 38 17 fact
2423 3078 43 16 that
2474 3078 24 16 he
2506 3078 15 16 is
2530 3078 88 24 building
2626 3086 24 11 an
2659 3081 85 19 addition
2754 3085 20 16 to
2788 3085 21 20 it,

2375 3101 23 17 he
2406 3100 93 23 probably
2512 3106 64 13 means
2589 3104 20 15 to
2627 3104 47 22 stay.
2700 3105 20 18 It
2736 3107 15 17 is
2770 3113 30 12 cer-

2375 3124 60 21 tainly
2444 3124 32 16 the
2482 3125 50 16 most
2538 3124 95 19 favorable
2638 3128 90 22 camping
2735 3131 75 20 ground

2375 3153 24 10 on
2408 3147 78 19 Rotoiti,
2496 3147 30 17 for
2535 3147 46 18 from
2591 3149 44 17 here
2644 3151 45 17 with
2699 3152 50 18 little
2756 3157 43 14 trou-

2375 3170 30 17 ble
2413 3170 88 17 Rotoehu
2509 3170 38 17 and
2555 3172 82 18 Rotoma
2645 3180 44 16 may
2698 3175 24 17 be
2734 3177 74 17 visited.

2375 3194 16 16 A
2400 3195 42 15 vast
2451 3199 57 16 grove
2517 3194 20 17 of
2546 3194 65 22 cherry
2617 3197 54 20 trees,
2679 3198 33 17 the
2718 3199 93 19 branches

2375 3216 85 23 bonding
2467 3216 61 18 under
2536 3217 49 18 their
2599 3219 72 19 burden
2687 3222 22 16 of
2718 3222 41 23 ripe
2773 3224 39 17 and

2375 3239 81 18 luscious
2468 3240 53 20 fruit,
2536 3246 37 12 was
2588 3242 90 22 explored
2691 3245 47 18 with
2755 3247 45 17 satis-

2375 3264 74 21 factory
2457 3263 74 20 results,
2541 3264 37 17 and
2591 3265 46 18 then
2651 3267 72 18 headed
2736 3269 26 22 by
2776 3276 35 11 our

2374 3286 49 23 pilot
2432 3292 27 11 we
2473 3286 84 23 plunged
2571 3288 41 17 into
2625 3290 33 17 the
2672 3291 40 18 bolt
2725 3287 85 24 of'bush

2376 3309 59 17 which
2450 3311 95 21 separates
2561 3311 72 19 Rotoiti
2649 3314 49 18 from
2716 3315 93 19 Rotoehu.

2374 3333 39 17 The
2422 3332 84 18 distance
2514 3339 61 12 across
2584 3335 33 16 the
2625 3336 80 19 isthmus
2722 3339 16 16 is
2752 3340 58 17 about

2375 3357 37 16 two
2420 3356 54 17 miles
2482 3356 35 17 but
2525 3357 32 16 the
2565 3357 48 18 bush
2623 3359 15 18 is
2652 3366 20 11 so
2689 3362 121 23 wondrously

2373 3379 94 17 beautiful
2476 3379 43 17 that
2532 3380 15 16 it
2561 3380 43 18 does
2617 3384 34 15 not
2668 3389 48 12 seem
2733 3386 41 17 half
2790 3392 20 11 as

2375 3403 34 16 fat.
2435 3402 39 17 The
2482 3408 41 14 sun,
2721 3408 54 18 fierce
2790 3410 18 16 in

2374 3426 32 17 the
2421 3431 54 17 open,
2491 3426 38 17 had
2543 3426 42 17 here
2599 3427 24 18 its
2637 3435 43 17 rays
2696 3432 115 22 completely

2374 3448 44 18 shut
2427 3452 34 14 out
2468 3448 25 23 by
2502 3450 31 16 the
2542 3451 53 22 great
2604 3457 70 13 masses
2686 3454 19 17 of
2719 3460 91 18 greenery

2374 3472 62 16 which
2444 3472 95 17 stretched
2553 3474 99 19 overhead.
2683 3478 62 20 Tawa,
2761 3479 47 19 rata,

2373 3500 116 15 rewa-rewa,
2500 3495 47 18 miro
2555 3496 37 17 and
2602 3498 48 18 rimu
2657 3506 31 10 are
2695 3501 20 17 to
2721 3492 24 26 be'
2750 3502 59 16 found

2373 3518 19 17 in
2402 3518 36 17 this
2448 3518 135 24 astoundingly
2589 3520 62 24 lovely
2657 3523 56 17 bush.
2739 3525 58 17 Grace-

2373 3542 29 16 ful
2410 3542 39 16 tree
2466 3541 51 17 ferns
2529 3543 59 16 tower
2603 3545 44 22 high
2665 3547 93 18 overhead
2772 3548 37 17 and

2373 3565 41 22 tiny
2429 3565 103 21 specimens
2546 3566 70 22 mingle
2629 3568 47 18 with
2691 3570 31 17 the
2739 3577 70 12 mosses

2371 3587 84 18 beneath
2463 3587 37 18 and
2509 3588 49 17 form
2566 3594 11 11 a
2588 3590 98 20 luxurious
2702 3595 65 20 carpet
2780 3594 29 17 for

2373 3611 32 16 the
2414 3611 44 16 feet.
2484 3611 16 16 A
2508 3612 84 17 botanist
2607 3615 63 17 would
2685 3616 57 22 fairly
2759 3618 50 16 revel

2372 3634 20 17 in
2401 3634 52 17 these
2461 3639 72 18 groves'
2538 3635 29 17 for
2575 3642 51 11 some
2635 3639 20 16 of
2663 3639 32 17 the
2702 3641 61 16 rarest
2771 3638 40 19 and

2372 3658 50 16 most
2429 3657 93 17 beautiful
2533 3658 55 20 ferns,
2599 3666 70 13 mosses
2683 3662 36 17 and
2734 3663 75 18 orchids

2372 3681 20 16 to
2401 3680 23 17 bo
2432 3681 40 16 met
2480 3680 46 18 with
2536 3681 19 17 in
2563 3682 48 18 New
2619 3684 83 18 Zealand
2710 3692 32 11 are
2748 3686 60 18 found

2372 3704 49 16 hore.
2435 3703 103 18 Collectors
2548 3705 37 18 will
2593 3706 94 19 therefore
2700 3709 112 22 appreciate'

2371 3727 36 17 the
2413 3726 99 23 following
2519 3727 33 18 list
2560 3727 95 24 (supplied
2669 3731 25 20 by
2707 3738 12 10 a
2738 3730 70 26 friend)

2371 3750 21 17 of
2401 3756 10 11 a
2420 3749 36 18 few
2465 3750 20 17 of
2495 3750 30 17 the
2534 3751 86 19 varieties
2632 3754 61 18 which
2707 3761 31 11 are
2757 3762 51 11 more

2371 3772 124 22 particularly
2515 3775 279 26 prominent:Hymonophyl-

2371 3793 39 20 ium
2419 3801 21 12 or
2449 3796 53 22 filmy
2511 3797 40 16 fern
2559 3793 3 31 ;
2576 3798 131 23 Nephrodiuin
2717 3807 79 17 squaniu
2802 3793 4 31 -

2371 3819 60 17 losum
2438 3819 116 21 dichotoma;
2572 3821 70 24 kidney
2656 3824 49 17 fern:
2728 3825 80 18 cvathca

2371 3842 114 20 moduli,'iris,
2496 3843 46 17 with
2550 3843 24 18 its
2583 3845 54 22 giant
2649 3847 66 18 fronds
2730 3848 22 16 20
2771 3848 37 18 fret

2370 3866 19 16 in
2398 3865 67 23 length
2473 3865 4 23 ;
2491 3871 47 16 para
2545 3869 82 17 maratta
2635 3870 84 17 salicinia,
2732 3877 21 11 <>r
2767 3871 30 17 edi-

2369 3888 32 17 ble
2417 3888 47 18 fern.
2502 3889 39 17 The
2561 3890 89 24 lycopods
2671 3899 20 11 or
2717 3896 78 16 connect-

2369 3912 35 22 ing
2412 3911 40 17 link
2461 3911 85 19 between
2554 3914 32 16 the
2593 3914 50 19 ferns
2651 3916 38 18 and
2696 3917 33 17 the
2735 3923 69 12 mosses

2370 3940 31 11 are
2410 3934 39 17 also
2458 3935 95 22 plentiful.
2578 3938 60 18 Those
2648 3940 41 17 who
2701 3940 48 18 have
2763 3947 42 11 soon

2370 3958 32 17 the
2411 3958 94 17 erstwhile
2522 3960 94 22 grandeur
2632 3963 19 16 of
2667 3963 33 17 the
2716 3961 90 25 Tikiiapu

2369 3981 49 17 bush
2427 3981 61 22 allege
2497 3982 42 18 that
2549 3983 36 17 this
2594 3985 15 16 is
2619 3987 32 16 not
2662 3992 34 11 one
2712 3986 46 17 whit
2772 3987 22 16 be-

2369 4004 53 18 hind.
2448 4005 19 16 It
2475 4005 16 16 is
2498 4012 10 10 a
2514 4006 95 23 labyrinth
2620 4009 19 17 of
2644 4009 99 18 loveliness
2752 4010 42 17 lead-

2369 4027 35 23 ing
2411 4027 41 18 into
2467 4028 108 23 Fairyland,
2590 4031 39 17 and
2644 4032 16 17 if
2677 4033 73 17 Titania
2768 4033 37 18 and

2369 4051 34 16 her
2416 4052 102 17 attendant
2531 4054 65 21 sprites
2612 4060 48 11 wore
2677 4055 94 23 suddenly
2785 4058 19 16 to
2815 4051 1 27 !

2369 4079 70 17 appear
2452 4074 15 17 it
2481 4075 62 17 would
2558 4081 50 13 seem
2622 4079 49 16 most
2688 4080 116 17 reasonable.

2369 4097 16 17 A
2395 4097 47 18 miro
2452 4099 38 15 tree
2499 4099 65 17 stands
2572 4100 83 18 athwart
2668 4101 32 17 the
2714 4103 66 17 trench
2815 4094 1 26 !

2369 4121 32 18 the
2409 4120 47 17 bark
2465 4121 34 17 has
2514 4121 46 18 boon
2574 4123 77 23 scraped
2668 4130 11 11 a
2695 4125 55 21 little,
2769 4126 35 17 but
2815 4120 1 26 i

2369 4145 33 16 not
2411 4149 19 12 so
2440 4150 20 11 as
2468 4145 21 16 to
2498 4144 54 18 harm
2560 4146 32 17 the
2598 4148 44 19 tree,
2649 4147 38 17 and
2693 4153 23 11 an
2723 4148 80 24 inscrip-
2815 4140 1 32 |

2368 4167 41 17 tion
2416 4167 68 21 placed
2492 4167 19 17 in
2524 4168 58 18 rustic
2595 4169 71 19 letters,
2704 4171 60 17 Arbre
2781 4172 35 16 del

2831 131 1 27 1
2855 135 47 17 Paul
2911 136 19 16 et
3068 135 20 18 It
3095 135 16 18 is
3120 135 76 19 evident
3203 131 40 27 that.
3252 140 24 18 the
3287 131 21 23 Sst

2831 156 1 25 i
2854 158 55 23 spirit
2917 158 21 17 of
2945 164 58 17 poesy
3009 158 76 19 attacks
3094 159 86 17 whoever
3186 161 59 18 enter*
3251 163 27 18 thju

2831 177 1 31 i
2854 181 106 18 enchanted
2968 182 65 18 forest.
3059 182 26 18 As
3094 182 92 23 suddenly
3196 189 20 11 as
3223 189 24 12 wo
3252 191 23 13 en-
3287 177 18 31 1

2831 204 1 27 i
2852 204 59 21 tered,
2916 210 29 12 wo
2947 210 21 12 as
2972 204 92 23 suddenly
3069 210 75 17 emerge
3146 205 49 17 from
3200 206 31 18 the
3233 214 42 16 grate
3286 207 23 24 jj

2852 227 29 18 ful
2887 227 57 18 shade
2952 228 38 17 and
2996 228 106 23 stretching
3109 228 65 18 before
3180 234 21 12 us
3206 229 15 17 is
3227 228 38 22 Roto-

2831 250 1 24 f
2852 251 43 20 elm,
2904 251 99 23 sparkling
3010 252 21 16 in
3040 252 33 17 the
3082 252 92 17 sunshine'
3181 252 41 18 and.
3230 254 43 19 hold-

2831 275 1 22 '
2852 276 33 21 ing
2894 278 33 15 out
2935 276 25 17 its
2968 281 51 13 arms
3027 275 109 22 invitingly.

2874 299 51 17 Here
2934 306 34 10 our
2981 299 87 17 outward
3082 299 79 22 journey
3178 299 96 22 terminate}
3287 297 22 25 'M

2831 318 1 29 1
2850 323 35 17 but
2894 328 19 12 as
2922 329 29 11 we
2958 324 72 16 retrace
3039 328 35 12 our
3083 324 50 20 steps
3141 321 34 18 the
3185 322 72 20 interest
3264 327 9 16 i;
3287 318 21 29 fS>

2850 346 100 17 unabated.
2981 346 40 17 The
3040 345 47 18 road
3103 351 43 11 now
3162 345 57 22 being
3238 353 35 13 con-
3287 349 20 17 M

2850 369 83 18 structed
2942 369 38 17 will
2989 368 66 18 follow
3063 368 33 18 the
3102 368 52 18 track
3160 368 81 23 through
3247 372 24 17 tlm
3287 371 9 20 [

2848 393 48 17 bush
2906 393 35 17 but
2949 398 56 16 every
3014 392 113 22 precaution
3139 391 39 17 will
3191 392 23 16 bo
3226 393 46 21 taken
3288 391 2 23 :

2848 417 20 16 to
2876 416 89 17 interfere
2974 422 20 11 as
3002 415 51 18 little
3068 421 20 12 as
3102 415 81 22 possible
3198 415 43 18 with
3254 417 17 18 iu
3294 419 11 20 jg

2847 441 76 20 present
2931 439 103 17 condition.
3060 438 40 17 The
3104 438 54 17 track
3166 438 16 17 is
3188 438 65 19 known
3258 448 13 12 as
3294 440 12 21 p

2848 462 87 23 Hongi's,
2945 462 38 17 and
2991 462 16 17 is
3015 461 76 22 alleged
3099 462 20 16 to
3128 461 48 17 have
3188 461 47 18 been
3247 468 24 15 cat

2847 485 25 22 by
2880 486 43 16 that
2931 485 100 17 insatiable
3040 485 65 17 villian
3114 490 20 11 as
3143 484 24 17 he
3175 484 66 18 hauled
3248 487 23 19 bij

2847 514 38 11 war
2905 515 67 10 canoes
2992 514 63 11 across
3076 508 29 17 for
3125 508 32 16 the
3176 508 63 17 attack
3253 516 18 13 on

2847 532 76 17 Mokoia
2931 532 19 17 in
2961 533 50 16 1823.
3037 532 51 16 Near
3104 531 33 17 the
3149 531 103 19 settlement
3259 535 11 18 is
3288 537 17 14 M

2846 557 19 15 to
2881 555 24 18 be
2921 562 43 11 seen
2981 556 32 16 the
3030 555 73 17 sunken
3120 560 39 11 war
3175 560 61 15 canoe,
3252 556 19 19 T

2845 579 61 17 Iroiro
2914 579 61 17 which
2984 579 16 17 it
3012 579 15 16 is
3042 577 93 23 proposed
3149 579 21 16 to
3182 583 47 12 raise
3241 581 32 17 and'

2844 602 83 17 remodel
2947 602 37 17 and
3001 602 82 17 another
3099 601 43 16 relic
3162 601 20 17 of
3198 601 72 23 Hongi's
3288 610 11 19 (;

2843 625 41 17 raid
2892 626 16 17 is
2916 625 85 18 afforded
3008 625 27 22 by
3043 631 12 11 a
3063 624 53 23 large
3125 625 54 17 stone
3186 629 45 12 near
3245 626 24 18 the
3294 620 10 25 I

2844 648 39 18 side
2892 648 19 18 of
2920 649 32 17 the
2965 648 54 18 track
3033 648 63 17 which
3110 647 63 17 marks
3186 647 33 17 the
3235 652 34 19 spot
3288 650 14 16 .1

2844 672 61 17 where
2924 673 25 16 Te
2966 672 65 22 Mapu,
3051 677 35 12 one
3102 671 21 16 of
3138 671 33 16 the
3187 670 82 24 principal
3288 670 2 24 >

2843 695 59 18 chiefs
2915 695 20 17 of
2949 695 33 17 the
2996 693 125 24 Ngatiplkiao
3138 694 39 17 fell.
3212 694 58 20 Before
3288 694 13 24 |5
3301 693 3 25 ;

2843 718 75 23 leaving
2934 718 149 23 Tapuaeharuru
3101 722 28 12 we
3141 722 49 12 were
3204 717 64 22 liospit-
3294 716 8 25 J

2842 741 45 22 ably
2907 741 118 18 entertained
3041 741 27 22 by
3088 741 32 17 the
3139 741 73 17 natives
3235 742 34 18 who
3288 746 13 17 vj

2841 765 84 22 brought
2934 765 60 17 koura
3002 764 38 18 and
3045 765 80 16 kumara
3130 764 29 17 for
3165 770 35 11 our
3205 765 54 20 regale
3263 772 8 7 --
3288 761 4 26 !

2841 789 59 20 ment,
2909 788 46 17 with
2965 794 10 11 a
2989 788 72 17 dessert
3074 788 21 17 of
3108 787 85 18 cherries.
3226 788 42 18 Once
3288 785 13 28 j'

2841 817 51 11 more
2901 811 101 17 embarked
3011 811 36 17 full
3057 810 55 23 speed
3121 810 60 18 ahead
3190 816 38 12 was
3243 812 25 17 the

2841 835 106 20 command,
2968 831 22 24 th
3001 831 11 24 6
3023 831 121 24 twelve-mile
3165 834 69 16 stretch
3254 835 17 17 of
3288 831 16 22 '

2841 858 72 17 Rotoiti
2921 864 39 11 was
2969 864 45 11 soon
3023 857 85 21 covered,
3118 857 92 21 }heOhau
3217 857 40 18 chan-

2840 880 32 19 nel
2876 881 60 22 safely
2942 882 116 21 negotiated,
3064 880 38 18 and
3108 881 84 16 Rotorua
3197 882 71 17 reached
3288 880 4 23 "'

2840 905 19 17 in
2876 905 75 22 exactly
2968 906 32 16 ten
3016 904 59 18 hours
3088 904 49 18 from
3148 904 33 17 the
3193 904 45 17 time
3253 906 15 16 of

2840 929 107 22 departure.
3295 934 9 7 -

2998 982 124 17 CONCERT.

2862 1028 39 18 The
2918 1028 76 19 Cburcb
3010 1028 20 17 of
3047 1028 90 22 England
3154 1029 74 16 concert
3237 1028 30 19 last

2839 1053 57 22 night
2904 1054 20 15 at
2932 1052 33 17 the
2976 1052 88 17 Pukeroa
3080 1048 45 20 Hall
3142 1057 39 11 was
3198 1057 24 11 an
3238 1057 20 12 un-

2839 1075 83 17 doubted
2931 1081 72 11 success
3012 1075 47 17 botli
3066 1075 49 17 from
3121 1080 11 12 a
3137 1074 79 18 musical
3221 1075 47 22 point

2839 1099 20 17 of
2866 1099 48 17 view
2922 1099 38 17 and
2969 1099 19 16 in
2998 1099 31 16 the
3038 1100 71 15 matter
3124 1099 20 16 of
3154 1097 112 19 attendance.
3289 1099 10 21 's

2838 1122 39 17 The
2894 1124 53 20 stage
2964 1122 124 19 decorations,
3111 1121 70 18 thanks
3198 1122 19 16 to
3235 1122 33 18 Mrs
3294 1121 5 23 f

2839 1146 79 17 (iinders
2927 1145 38 17 and
2973 1146 32 16 the
3017 1145 55 17 other
3086 1144 58 18 ladies
3160 1144 43 18 who
3219 1145 48 17 made

2838 1169 38 17 this
2885 1170 70 16 matter
2963 1169 50 17 their
3014 1168 1 22 1
3022 1168 63 22 study,
3101 1174 48 10 were
3164 1168 64 17 chaste
3236 1169 32 17 and

2838 1192 87 23 striking,
2935 1192 38 17 and
2982 1191 89 18 removed
3088 1191 55 18 much
3153 1191 20 17 of
3188 1191 33 17 the
3236 1197 20 11 un-

2838 1216 109 22 siglitliness
2955 1215 62 17 which
3026 1215 35 17 has
3070 1221 20 11 so
3104 1214 92 23 repellant
3212 1220 23 11 an
3243 1216 16 15 ef-

2838 1240 38 16 fect
2886 1245 24 11 on
2918 1238 76 18 visitors
3003 1240 20 16 to
3033 1238 38 18 this
3080 1238 45 18 hall.
3151 1238 96 22 Although
3255 1238 12 18 it

2838 1268 43 17 may
2890 1259 23 20 be
2921 1262 94 17 invidious
3024 1263 21 15 to
3055 1261 52 17 draw
3118 1261 126 22 comparisons
3252 1262 14 16 in

2838 1287 85 16 amateur
2931 1285 157 17 entertainments
3096 1285 15 17 it
3120 1285 15 16 is
3140 1284 106 23 impossible
3252 1287 16 16 to
3289 1283 5 13 '

2839 1309 68 18 refrain
2917 1309 48 17 from
2979 1308 80 23 making
3076 1308 68 22 special
3161 1308 83 17 mention
3252 1310 16 16 of

2838 1332 32 18 the
2878 1332 55 18 items
2942 1332 121 17 contributed
3069 1332 26 22 by
3102 1330 46 18 Miss
3156 1331 56 22 Tilly.
3233 1331 22 17 En-

2838 1355 66 18 dowed
2912 1355 46 17 with
2966 1362 10 10 a
2983 1355 40 17 rich
3032 1355 39 17 and
3081 1355 126 22 sympathetic
3214 1355 52 21 voice,

2837 1379 80 23 Braga's
3064 1384 39 11 was
3112 1378 55 22 given
3177 1377 45 18 with
3231 1383 35 13 rare

2837 1403 60 20 effect,
2902 1402 32 17 the
2937 1402 45 22 lady
2985 1402 81 22 playing
3070 1402 34 16 her
3107 1407 42 11 own
3153 1402 102 21 accompani-

2837 1428 53 15 ment
2898 1433 23 11 on
2932 1426 31 16 the
2972 1426 63 21 piano.
3061 1425 39 17 The
3109 1424 57 18 violin
3182 1426 44 21 part
3234 1430 34 12 was

2836 1450 21 16 in
2865 1449 79 23 capable
2951 1449 68 17 hands.
3045 1449 23 16 In
3078 1454 10 11 a
3102 1448 114 22 subsequent
3224 1454 43 17 song

2895 1473 32 16 the
2936 1471 95 18 Fountain
3057 1471 47 18 Miss
3111 1471 50 22 Tilly
3177 1472 89 17 increased
3290 1477 9 20 g

2836 1496 33 17 the
2876 1496 96 17 favorable
2986 1495 112 22 impression
3108 1496 31 17 she
3156 1496 37 17 had
3210 1496 55 21 made,

2836 1520 38 17 and
2881 1519 37 18 had
2927 1520 20 16 to
2956 1518 71 18 submit
3035 1520 21 16 to
3065 1519 80 17 another
3150 1518 117 19 enthusiastic

2836 1543 62 17 recall.
2912 1543 47 17 Miss
2968 1542 136 22 Kempt'norno,
3120 1543 80 16 another
3207 1548 62 17 young

2836 1567 45 21 lady
2888 1566 71 17 visitor,
2970 1567 47 17 with
3026 1572 11 10 a
3046 1566 58 22 finely
3112 1564 110 19 modulated
3227 1572 30 11 con-

2836 1590 58 17 tralto
2902 1590 57 19 voice,
2970 1596 47 17 sang
3048 1588 89 23 Crossing
3152 1589 32 16 the
3250 1590 16 17 in

2835 1620 12 11 a
2855 1613 67 23 highly
2931 1613 84 18 effective
3023 1618 85 15 manner,
3118 1613 38 17 and
3170 1612 47 18 Miss
3225 1614 42 23 May

2835 1637 84 22 Malfroy
2935 1639 91 19 rendered
3043 1640 33 17 the
3100 1636 67 22 Fliffht
3175 1639 20 17 of
3203 1638 47 23 Ages
3292 1633 7 29 $

2835 1662 50 16 most
2894 1661 125 26 charmingly.
3044 1664 73 17 Master
3125 1663 75 17 Hubert
3209 1663 58 17 James
3293 1657 6 32 |

2835 1685 140 20 demonstrated
2984 1688 33 17 the
3026 1687 101 22 flexibility
3139 1686 38 17 and
3185 1692 58 14 range
3250 1687 17 16 of

2834 1710 30 17 his
2873 1711 48 17 clear
2930 1717 80 16 soprano
3017 1711 53 17 voice
3079 1711 19 16 in
3126 1710 72 22 Joyous

2834 1735 38 17 and
2881 1741 20 11 as
2909 1741 12 10 a
2929 1736 69 15 matter
3015 1734 19 17 of
3050 1739 64 12 course
3130 1738 39 12 was
3185 1732 81 18 encored.

2834 1758 58 18 Later
2901 1764 22 11 on
2931 1758 24 16 be
2963 1757 96 23 appeared
3069 1758 19 16 in
3098 1764 11 10 a
3124 1757 44 16 duet
3185 1755 45 18 with
3239 1757 27 16 Mr

2834 1782 65 20 Boult,
2928 1781 39 17 The
3078 1781 60 17 which
3154 1780 82 22 through
3245 1786 21 11 no

2834 1806 50 17 fault
2896 1805 22 18 of
2924 1805 32 18 the
2964 1802 90 20 vocalists
3062 1804 32 17 did
3106 1805 33 16 not
3148 1809 57 17 prove
3214 1809 19 12 so
3241 1806 17 15 at-

2834 1830 79 17 tractive
2929 1835 25 10 an
2970 1828 52 17 item.
3047 1828 33 17 Mr
3099 1827 115 17 Richardson
3231 1833 35 11 was
3294 1828 5 14 L

2854 1852 57 18 billed
2950 1852 29 17 for
2994 1852 39 17 two
3051 1857 62 16 songs,
3156 1851 51 21 Only
3226 1856 42 11 once
3294 1850 5 27 |

2924 1875 37 17 and
3180 1873 35 18 but
3236 1874 29 17 the
3294 1871 5 25 [<

2833 1899 90 18 audience
2932 1898 62 17 would
3008 1899 35 16 not
3057 1899 38 16 rest
3108 1896 82 18 satisfied
3203 1896 28 17 till
3245 1898 20 15 lie
3294 1896 2 21 :

2833 1923 38 17 had
2880 1922 120 17 contribe'ed
3018 1922 50 19 four,
3086 1920 37 18 and
3139 1920 74 18 seemed
3230 1920 36 18 half

2833 1946 81 18 inclined
2923 1947 21 15 to
2953 1945 82 17 demand
3050 1952 11 10 a
3076 1945 49 16 fifth.
3156 1944 32 16 Mr
3204 1943 61 17 Fisher

2834 1976 47 15 gave
2890 1969 90 17 Pinsuti's
3008 1968 66 19 Queen
3081 1968 21 17 of
3106 1967 35 18 the'
3231 1967 33 17 and

2833 1993 33 17 the
3045 1992 47 16 with
3104 1990 150 18 considerable'ef-

2833 2017 43 17 fect.
2902 2016 32 17 Mr
2943 2015 64 19 Gibbs,
3017 2014 82 18 another
3113 2015 92 19 stranger,
3224 2019 30 12 con-

2833 2039 84 18 tributed
2945 2039 38 17 The
3123 2037 61 17 which
3197 2037 33 17 has
3243 2044 21 10 air

2833 2063 116 23 easy-going
2956 2062 36 17 roll
3001 2062 59 17 about
3068 2061 16 17 it
3097 2061 101 20 rendering
3212 2061 14 16 it
3238 2062 18 15 at-

2833 2087 84 17 tractive.
2943 2086 31 17 Mr
2982 2086 52 17 Roth
3043 2084 89 18 achieved
3141 2084 50 17 fresh
3200 2084 64 17 laurels

2832 2116 20 11 in
2994 2108 38 18 and
3048 2108 32 18 Mr
3101 2108 94 18 Samson's
3215 2108 38 16 well-

2833 2133 109 18 modulated
2947 2134 55 16 tenor
3007 2138 38 12 was
3052 2132 59 18 heard
3116 2133 20 16 to
3144 2131 33 17 the
3186 2131 77 18 Greatest

2832 2157 107 22 advantage
2948 2156 19 16 in
2996 2156 9 16 I
3022 2152 44 20 seek
3083 2156 30 16 for
3229 2155 35 16 The

2833 2180 170 22 accompaniments
3012 2179 62 18 which
3084 2185 47 10 were
3139 2178 69 22 played
3221 2178 42 17 with

2832 2204 32 17 the
2885 2204 72 16 utmost
2975 2202 150 18 discrimination
3151 2201 113 22 throughout

2832 2233 49 11 were
2889 2227 19 17 in
2917 2227 32 17 the
2958 2226 60 17 hands
3027 2226 23 17 of
3055 2226 33 17 the
3095 2226 66 17 Misses
3177 2225 85 18 Brabant.

2833 2251 85 18 Ginders,
2928 2249 38 18 and
2972 2250 55 21 Tilly,
3035 2249 38 17 and
3079 2246 31 20 Mr
3115 2249 64 17 Boult.
3205 2249 24 16 At
3235 2248 29 17 the

2833 2271 106 20 conclusion
2949 2273 73 17 instead
3031 2273 21 17 of
3061 2273 32 17 the
3109 2272 54 17 usual
3179 2272 73 22 perfunc-

2833 2298 42 21 tory
2883 2302 79 12 manner
2970 2297 21 16 of
2998 2296 82 23 playing
3087 2303 12 10 a
3111 2296 35 17 bar
3158 2302 22 11 or
3193 2297 38 16 two
3247 2296 17 16 of

2852 2320 42 18 God
2903 2320 47 17 Save
2958 2320 32 17 the
3102 2326 20 10 as
3135 2320 32 16 the
3179 2319 85 17 audience

2833 2345 73 16 wrestle
2914 2344 41 16 into
2964 2343 50 17 their
3019 2344 96 16 overcoats
3124 2343 37 17 and
3170 2340 55 20 make
3238 2343 26 16 for

2832 2368 33 17 the
2873 2367 52 19 door,
2935 2373 12 11 a
2954 2373 52 11 verse
3015 2367 20 16 of
3043 2367 33 16 the
3083 2366 76 17 anthem
3172 2372 38 11 was
3219 2371 45 15 sung

2831 2392 27 21 by
2861 2392 14 16 tl
2878 2389 4 24 i
2885 2397 9 11 e
2897 2390 94 20 audience,
2994 2391 42 16 stan
3038 2390 33 17 din
3073 2389 18 24 <r,
3096 2390 61 17 which
3161 2389 102 18 sliowsthat

2832 2421 28 11 we
2869 2420 31 12 are
2909 2421 10 10 a
2928 2413 51 22 loyal
2995 2413 28 17 lot
3036 2413 20 17 in
3070 2414 82 16 Rotorua
3168 2413 54 17 when
3235 2413 31 16 the'

2833 2444 38 11 war
2880 2437 64 18 clouds
2951 2442 31 12 are
2991 2437 103 22 gathering
3102 2436 66 17 round.

2888 2490 120 17 ROTORUA
3021 2489 103 18 JOCKEY
3139 2490 65 17 CLUB.

2855 2538 42 17 The'
2915 2537 95 18 Stewards
3031 2538 20 16 of
3067 2537 38 17 this
3122 2537 48 17 Club
3187 2538 40 16 met
3243 2543 19 10 rm

2832 2560 99 23 Thursday
2939 2560 62 21 night,
3011 2560 32 17 Mr
3056 2561 22 17 R.
3095 2560 23 17 I).
3132 2560 77 22 Dansey
3224 2566 29 17 pre-

2832 2585 69 17 siding-.
2931 2584 39 16 The
2987 2585 94 21 secretary
3098 2584 61 17 stated
3177 2584 43 18 that
3235 2584 29 16 the

2832 2607 101 18 Auckland
2942 2604 73 24 Racing
3025 2607 49 17 Club
3083 2607 37 17 had
3135 2607 77 18 decided
3225 2607 37 17 that

2832 2631 64 17 horses
2904 2630 84 21 running
2997 2632 20 15 at
3026 2630 33 17 the
3067 2631 63 17 recent
3136 2630 128 17 unadvertised

2832 2654 84 21 meeting
2925 2656 20 15 at
2954 2654 79 17 Galatea
3041 2660 49 11 were
3103 2654 76 22 eligible
3192 2654 30 17 for
3236 2654 28 16 tho

2832 2678 129 20 forthcoming
2968 2677 49 17 hack
3027 2677 89 21 meeting.
3143 2677 23 17 In
3175 2677 89 18 reference

2832 2702 21 17 to
2862 2707 10 11 a
2881 2701 54 23 reply
2944 2700 83 18 received
3036 2701 49 16 from
3095 2701 33 17 the
3142 2701 78 21 railway
3234 2701 19 16 de-

2832 2726 96 21 partment
2937 2724 96 19 declining
3042 2725 20 16 to
3071 2730 35 11 run
3116 2731 10 10 a
3135 2724 69 22 special
3219 2724 45 17 train

2832 2753 24 11 011
2866 2748 97 21 February
2973 2748 27 19 12,
3015 2747 33 17 the
3062 2748 94 22 secretary
3170 2747 62 18 stated
3245 2748 19 16 lie

2832 2771 37 17 had
2879 2771 49 17 since
2937 2770 75 17 written
3022 2768 69 26 asking
3103 2771 32 17 the
3149 2771 115 19 deportment

2832 2794 44 17 that
2883 2794 15 17 if
2907 2794 108 17 excursions
3026 2799 51 12 wore
3090 2794 94 23 arranged
3196 2795 31 16 for
3236 2797 28 14 tne

2833 2818 45 16 29th
2886 2818 44 19 insfc,
2941 2817 32 17 the
2982 2817 38 17 fact
3030 2818 22 16 of
3060 2817 92 18 the'races
3156 2818 45 17 here
3207 2818 57 22 might

2832 2840 24 18 be
2864 2840 78 18 notified
2951 2846 24 12 on
2984 2840 32 18 the
3024 2841 80 21 posters.

2857 2864 19 16 It
2884 2870 39 11 was
2930 2863 83 17 resolved
3023 2863 44 18 that
3081 2865 31 16 the
3126 2864 96 17 stewards'
3231 2863 33 18 and

2832 2887 98 17 members'
2940 2887 29 17 fee
2978 2893 20 11 so
3007 2887 30 17 far
3045 2893 20 11 as
3074 2887 38 18 this
3120 2889 76 18 present
3210 2891 44 14 meet-

2832 2910 35 21 ing
2874 2911 16 16 is
2900 2910 103 17 concerned
3011 2910 24 17 bo
3049 2910 82 18 reduced
3143 2912 20 15 to
3180 2912 36 16 10s.
3249 2912 15 15 If

2832 2939 39 12 was
2879 2934 40 16 also
2928 2933 75 17 decided
3013 2934 45 17 that
3065 2934 75 17 holders
3149 2934 21 17 of
3175 2934 80 19 subscrip-

2832 2957 41 17 tion
2893 2957 41 17 lists
2951 2957 22 17 be
2989 2957 101 22 requested
3111 2959 19 15 to
3151 2957 68 18 inform
3236 2958 28 17 the

2832 2981 94 18 secretary
2935 2980 21 17 of
2971 2980 33 17 the
3017 2981 89 16 amounts
3120 2980 109 19 subscribed
3244 2987 20 10 011

2832 3003 33 17 tho
2873 3003 71 22 Friday
2952 3003 57 22 night
3017 3004 103 23 preceding
3132 3004 32 17 the
3179 3005 85 17 meetii.ir.

2857 3025 153 23 Arrangements,
3033 3027 75 22 subject
3125 3028 19 16 to
3161 3027 102 18 alteration,

2832 3055 48 12 wore
2890 3049 54 18 made
2953 3049 29 18 for
2991 3049 32 18 tho
3032 3050 39 17 sale
3084 3051 20 17 of
3118 3051 31 16 tho
3163 3053 54 19 gates
3231 3051 33 17 and

2832 3072 105 22 publican's
2947 3073 64 17 booth.
3043 3074 40 16 Tho
3099 3074 29 17 fee
3144 3074 31 17 for
3187 3075 68 17 refresh-

2832 3097 53 16 ment
2901 3096 53 17 stalls
2970 3102 39 11 was
3025 3096 51 18 fixed
3093 3098 20 16 at
3130 3098 37 19 20s,
3185 3098 39 17 and
3239 3098 25 17 fur

2832 3118 124 18 bookmakers
2963 3119 32 17 3.
3013 3119 21 17 It
3040 3126 39 11 was
3085 3120 76 18 decided
3170 3121 20 17 to
3196 3126 68 16 engage

2832 3142 33 17 tho
2873 3140 87 20 Pukeroa
2974 3143 46 16 Hall
3036 3143 30 18 for
3080 3143 32 18 the
3125 3145 55 16 usual
3194 3147 68 15 concert

2832 3171 25 10 on
2865 3166 33 16 the
2907 3165 56 20 night
2971 3166 103 22 preceding
3083 3167 32 17 tho
3128 3168 89 21 meeting,
3231 3167 33 18 and

2832 3188 70 18 Messrs
2908 3188 84 21 Webber;
3000 3189 99 20 Williams,
3104 3190 72 23 Mayes,
3184 3191 80 17 Samson.

2833 3212 71 18 Cotter,
2921 3212 91 20 Fordyce,
3031 3213 85 20 Holmes,
3135 3214 37 16 and
3189 3215 75 17 Stewart

2832 3241 49 11 wore
2889 3235 72 17 invited
2970 3236 19 16 to
2996 3235 55 18 make
3060 3238 148 19 arrangements.

2857 3258 31 17 Mr
2897 3260 74 20 Dansey
2980 3259 89 22 reported
3076 3260 43 17 that
3124 3260 32 17 the
3162 3260 102 18 oonrsoand

2833 3281 85 20 training
2925 3282 53 17 track
2985 3282 38 17 had
3031 3282 48 18 been
3097 3283 73 18 cleared
3183 3284 37 17 and
3234 3285 30 21 put

2832 3304 20 17 in
2860 3305 101 17 readiness.
2987 3305 103 18 Reference
3098 3312 39 12 was
3145 3307 54 17 made
3208 3308 20 16 to
3237 3307 27 17 the

2832 3328 153 17 unwarrantable
2994 3335 80 11 manner
3079 3329 21 17 in
3107 3329 59 18 which
3175 3330 32 17 the
3214 3331 50 16 Bras-

2832 3350 55 18 Band
2895 3350 38 18 had
2942 3351 54 17 acted
3005 3352 19 16 in
3039 3352 91 23 ignoring
3143 3353 34 18 the
3189 3354 65 22 permis-

2832 3374 40 17 sion
2886 3374 61 18 which
2961 3375 38 17 had
3012 3375 50 17 been
3079 3376 56 19 given
3151 3378 20 15 to
3187 3383 33 11 use
3236 3376 28 18 the

2832 3400 71 16 Course,
2913 3397 38 17 and
2959 3397 46 18 then
3014 3398 69 20 taking
3093 3399 81 18 without
3183 3400 71 17 authori-

2832 3421 22 21 ty
2862 3420 33 17 t-lio
2903 3420 191 24 hurdles'belonging
3104 3424 18 15 to
3133 3423 33 17 the
3175 3423 49 17 Club
3231 3429 21 11 an
3259 3422 5 15 1

2832 3443 60 19 using
2905 3444 52 17 thorn
2970 3445 21 16 at
3005 3444 51 18 thdir
3070 3447 67 20 sports.

2855 3467 56 16 After
2923 3467 33 17 the
2964 3467 103 18 discussion
3078 3469 20 17 of
3108 3475 50 11 some
3170 3470 83 22 unimpor-

2832 3490 42 17 tant
2883 3489 67 18 details
2959 3491 32 16 tho
2998 3491 85 22 m'e&ting
3091 3492 111 21 adjourned.

2925 3538 236 34 TELEGRAPHIC.

2855 3593 86 23 London,
2957 3597 86 23 January
3064 3599 199 18 14.Halt'-a-million

2831 3619 151 18 cx-YolunteerS'
3000 3626 31 11 arc
3054 3622 74 23 willing
3142 3624 19 15 to
3178 3623 40 22 join
3235 3624 19 16 th

2831 3641 95 19 Reserves.

2855 3665 82 18 Gorman
2951 3666 100 23 importers
3066 3669 93 21 complain
3176 3670 43 17 that
3235 3670 28 17 tho

2831 3688 51 17 crisis
2889 3695 15 10 is
2914 3690 82 21 proving
3005 3690 78 18 ruinous
3096 3693 20 15 to
3125 3691 59 18 trade.

2854 3712 39 17 The
2901 3712 62 18 Times
2979 3715 59 15 states
3054 3714 44 17 that
3114 3715 73 18 Britain
3203 3716 16 17 is
3228 3716 35 17 still

2831 3735 111 17 confronted
2950 3735 26 21 by
2984 3742 11 11 a
3001 3738 50 16 most
3060 3738 72 17 critical
3144 3739 84 18 outlook.
3248 3740 15 16 It

2830 3763 62 12 warns
2900 3759 100 18 President
3009 3760 78 22 Kruger
3101 3761 43 17 that
3157 3762 29 17 his
3194 3763 57 17 whole-

2830 3780 38 18 sale
2877 3784 70 15 arrests
2956 3783 73 21 require
3041 3784 130 20 justification.

2853 3804 39 17 The
2901 3805 79 17 Cabinet
2989 3806 33 17 has
3040 3806 77 19 decided
3135 3809 19 16 to
3170 3809 57 17 allow

2830 3827 135 19 Chamberlain'
2972 3835 10 11 a
2991 3829 39 17 free
3048 3830 52 17 hand
3109 3831 48 17 until
3174 3832 33 18 the
3215 3832 48 18 crisis

2829 3850 15 17 is
2856 3855 44 13 over

2853 3874 91 21 Pretoria,
2954 3874 87 24 January
3062 3874 25 24 1-1.
3113 3878 38 17 Tho
3168 3881 68 14 arrests
3246 3879 15 16 in

2829 3896 148 22 Johannesburg:
2983 3896 76 21 incVude
3066 3900 27 17 Dr
3107 3900 105 19 Jameson's
3220 3902 32 17 bro-

2829 3919 42 18 ther
2880 3921 37 16 and
2925 3921 33 17 the
2966 3921 78 23 leading
3054 3923 75 18 miners.
3154 3925 39 16 The
3202 3927 5 15 f
3213 3919 2 25 :
3226 3931 24 11 ms-

2829 3942 28 17 fer
2866 3944 20 16 of
2893 3946 90 21 property
2992 3945 15 17 is
3020 3945 107 19 forbidden.
3156 3948 45 17 Two
3215 3949 35 16 hun-

2829 3965 43 18 dred
2883 3967 104 18 additional
2996 3970 93 17 warrants
3097 3970 47 17 have
3150 3970 46 18 bean
3203 3972 47 17 issue
3257 3970 5 17 !

2828 3991 43 21 agai
2886 3991 18 15 st
2911 3990 149 25 Johannesburg
3067 3992 97 19 residents.

2852 4012 122 24 Wellington,
2992 4015 49 17 This-
3054 4015 50 22 day.-
3123 4017 14 15 'l'
3140 4012 21 25 11n
3184 4023 77 12 revenue

2828 4035 60 18 under
2896 4036 32 17 the
2935 4043 42 12 now
2985 4039 83 17 customs
3078 4039 52 18 tariff
3137 4040 14 16 is
3161 4041 100 19 exceeding

2827 4058 33 17 the
2876 4061 50 16 most
2942 4061 93 22 sanguino
3052 4063 135 20 expectations.
3224 4064 39 17 Tim'

2828 4081 88 24 Colony's
2925 4083 82 18 finances
3015 4084 68 18 should
3093 4085 93 19 therefore
3194 4087 23 17 be
3226 4088 17 16 in
3251 4093 10 10 a

2827 4105 60 18 sound
2896 4106 38 17 and
2942 4106 78 24 healthy
3029 4107 97 19 condition
3140 4111 21 15 at.
3177 4110 32 17 the
3226 4110 33 17 end

2827 4128 20 17 of
2855 4128 32 17 the
2895 4129 88 18 financial
2991 4136 51 16 year,
3052 4131 55 18 when
3116 4132 12 17 it
3140 4133 14 16 is
3163 4130 100 21 estimated'

2827 4151 42 17 that
2876 4152 33 17 the
2917 4153 100 18 Treasurer
3027 4154 37 17 will
3085 4154 22 18 be
3116 4156 19 16 in
3152 4162 11 11 a
3179 4157 74 22 positiei

2826 4175 20 17 to
2855 4174 72 18 declare
2937 4182 10 11 a
2956 4176 113 18 substantial
3078 4179 84 19 surplus..

1256 71 58 20 TILE
1342 71 57 21 EOT
1427 71 91 21 LAKES
1547 68 173 27 CHRONICLE,
1748 68 191 27 WEDNESDAY,
1968 70 136 22 JANUARY
2134 73 30 22 15,
2182 69 49 21 1896

582 288 208 44 Rotorua
839 283 133 47 Jiaek,

597 345 122 45 Race
739 340 221 55 .Meeting.

558 410 84 24 (Under
652 409 39 20 the
701 408 110 27 auspices
826 408 23 18 o?
864 406 39 19 the
921 406 55 23 Roto-

663 442 38 14 rua
710 435 89 26 dockey
807 433 77 24 Club.)

557 491 155 22 Wednesday,
724 490 106 21 January
842 487 63 22 29th,
922 486 66 19 1890.

669 534 200 21 PROGRAMME.

649 568 78 24 (Passed
734 568 26 22 by
769 567 32 17 the
814 565 80 23 A.R.C.)

626 600 50 18 First
692 600 49 16 Race
761 599 20 16 at
800 599 54 15 11.30
873 603 44 11 a.m.

558 625 7 15 1
598 624 107 16 Handicap
714 622 89 17 Hurdi-e
811 621 55 16 Race
875 620 21 17 of
910 621 76 19 .lOsovs.,

579 646 67 18 second
661 646 53 17 horse
724 646 20 16 to
757 644 71 17 receive
843 644 60 17 2sovs.
920 644 34 15 out
969 642 20 17 of

578 670 33 17 the
619 669 67 17 stakes.
696 668 49 18 Over
760 667 28 17 six
800 666 66 23 flights
875 666 20 18 of
904 666 82 20 hurdles,

579 693 28 17 Bft
614 693 31 16 Gill
651 692 52 23 high.
725 691 129 19 Nomination,
864 695 28 15 os;
907 689 68 22 Accept-

578 721 51 14 ance,
645 721 26 11 os.
702 715 95 19 Distance,
810 719 36 12 one
862 712 43 17 mile
922 712 37 17 and
976 718 12 11 a

578 738 47 17 half.

555 763 16 16 2.
574 761 100 17 Maiden
681 761 55 17 Plate
741 760 21 18 of
767 760 11 17 8
785 766 55 11 sovs..
847 759 70 17 second
933 759 54 17 horse

578 786 19 16 to
605 785 71 17 receive
684 785 10 15 2
703 790 48 10 sovs.
760 784 33 16 out
801 783 20 17 of
826 783 33 16 the
864 782 68 17 stakes.
950 782 38 17 For

578 808 25 17 all
608 808 64 17 horses
678 807 42 17 that
725 807 48 16 have
778 812 56 11 never
840 811 42 12 won
889 811 23 11 an
919 805 56 17 adver-

578 830 47 18 tised
633 836 42 11 race
684 828 3 25 ;
702 830 72 23 weight
782 830 29 16 for
825 834 43 17 age.-
892 828 94 18 Entrance

577 855 26 16 Ss.
624 854 95 20 Distance,
729 859 35 11 one
772 853 51 17 mile'.

554 878 20 16 3.-
574 877 84 17 Maori
673 876 94 18 Women's
781 874 55 19 Hack
854 875 49 18 Race
917 875 19 17 of
953 873 32 22 3,

577 900 67 17 second
652 900 54 17 horse
715 901 20 16 to
743 899 71 18 receive
832 898 24 18 1
871 900 34 15 out
922 898 19 17 of
954 898 32 17 the

576 924 68 17 stakes.
670 923 31 17 All
709 923 64 17 horses
781 920 20 20 to
814 922 24 17 be
851 922 33 16 the
896 922 90 22 property

576 947 20 17 of
604 947 76 17 Maoris.
706 946 59 18 Catch
771 945 86 23 weights.
870 945 47 17 Post
924 945 60 21 entry,

576 971 26 16 3s.
627 970 95 20 Distance,
732 975 35 12 one
775 969 50 17 mile.
851 967 51 18 Four
910 969 19 16 to
939 968 47 16 start

576 999 21 11 or
604 999 26 11 no
638 999 47 11 race.

551 1017 17 17 4.
571 1016 62 17 The
639 1016 40 17 Hot
687 1016 61 17 Lakes
757 1014 101 23 Handicap
866 1014 20 17 of
896 1014 4 23 1
905 1014 10 16 3
929 1018 54 15 sovs.,

576 1039 68 18 second
656 1039 54 17 horse
724 1040 21 16 to
753 1038 71 18 receive
833 1039 10 15 3
853 1043 47 11 sovs.
918 1037 33 17 out
966 1036 19 17 of

575 1062 32 17 the
622 1063 68 17 stakes.
715 1061 129 20 Nomination,
859 1061 20 17 7s
893 1060 33 21 (id;
948 1060 24 16 Ac-

576 1087 93 21 ceptance,
688 1086 18 17 Is
721 1085 30 17 Gd.
776 1085 94 19 Distance,
890 1088 35 12 one
941 1082 46 18 mile

575 1109 37 17 and
621 1115 11 11 a
640 1109 45 17 half.

552 1133 104 17 o.Maori
664 1132 55 17 Hack
731 1132 49 16 Race
793 1131 21 17 of
826 1132 60 15 4sovs.
912 1129 72 18 Second

575 1155 55 18 horse
640 1157 7 15 1
662 1161 41 12 sot.-
715 1155 49 17 from
781 1154 32 17 tin?
826 1153 68 18 stakes.
925 1152 59 18 Catch

574 1178 87 23 weights.
691 1179 46 16 Post
753 1178 60 21 entry,
831 1178 27 15 4s.
887 1176 95 20 Distance,

575 1208 34 11 one
618 1202 50 18 mile.

552 1225 140 23 (i.Handicap
708 1225 54 21 Pony
783 1223 49 17 Race
856 1222 20 18 of
897 1228 9 11 o
927 1227 55 15 sovs.,

575 1248 71 17 Second
655 1248 53 17 horse
721 1248 20 16 to
754 1246 71 18 receive
839 1247 7 16 1
862 1251 38 12 sov.
919 1246 33 16 out
964 1245 20 17 of

574 1271 33 17 the
623 1271 67 18 stakes.
723 1270 37 18 For
776 1269 64 23 ponies
859 1270 21 16 14
898 1268 60 18 hands
973 1269 10 16 2

574 1294 63 18 inches
645 1294 38 17 and
691 1293 64 18 under.
780 1292 130 20 Nomination,
920 1293 20 15 2s
948 1291 33 21 Gd;

574 1319 115 21 acceptance,
699 1318 20 16 2s
728 1317 29 16 Gd.
783 1316 95 20 Distance,
898 1315 28 17 six
943 1315 30 16 fur-

573 1341 61 21 longs.

551 1362 112 24 7.Flying
683 1363 65 18 Stakes
766 1362 20 18 of
808 1362 10 17 S
839 1368 55 14 sovs.,
915 1361 68 17 second

572 1387 55 17 horse
635 1388 20 16 to
661 1387 70 17 receive
738 1387 6 15 1
759 1392 38 11 sov.
807 1387 33 15 out
848 1385 20 17 of
873 1385 32 17 the
914 1384 68 18 stakes.

572 1410 129 20 Nomination,
708 1411 29 19 4s;
759 1409 118 22 acceptance,
886 1409 27 16 4s.
939 1408 33 16 Dis-

572 1435 60 18 tance,
642 1439 56 12 seven
706 1433 93 22 furlongs.

549 1457 30 17 8.-
586 1456 77 18 -Forced
671 1456 100 22 Handicap
781 1456 19 16 of
809 1455 9 17 7
828 1460 56 15 sovs.,
899 1453 84 23 optional

572 1480 30 17 for
622 1480 62 17 losers.
714 1479 101 20 Entrance,
835 1479 25 17 7s.
894 1478 89 17 Distance

572 1508 35 12 one
616 1503 49 17 mile.

684 1550 162 19 CONDITIONS.

549 1600 58 16 Dates
616 1599 20 17 of
648 1598 138 20 Nominations,
802 1597 133 22 Acceptances,
945 1595 38 18 and

717 1622 111 16 Entrances.

548 1654 92 22 Tuesday,
653 1653 86 22 January
753 1653 46 20 21st,
816 1653 45 16 IS9G
875 1653 21 16 at
906 1652 21 16 10
936 1657 45 17 p.m.

572 1685 131 17 Nominations
737 1684 101 22 Handicap
848 1683 88 19 Hurdles,
955 1688 26 12 os.

549 1709 42 17 Hot
599 1708 61 18 Lakes
672 1707 105 22 Handicap,
792 1708 20 16 7s
827 1707 30 17 Gd.
882 1706 101 22 Handicap

549 1733 55 21 Pony
612 1732 55 20 Race,
677 1732 20 17 2s
704 1731 29 17 Gd.
759 1731 69 21 Flying
838 1730 72 20 Stakes,
920 1731 26 15 4s.

549 1762 100 23 Saturday,
658 1762 85 22 January
753 1762 25 20 2.3
778 1762 25 20 th,
815 1762 50 20 1896,
875 1762 21 16 at
906 1762 21 15 10
935 1766 46 17 p.m.

572 1791 195 18 EntranceMaiden
776 1791 60 20 Plate,
850 1791 25 17 Bs.

548 1821 92 22 Tuesday,
649 1821 85 22 January
743 1820 50 19 28th,
806 1820 50 19 1896,
866 1820 20 16 at
901 1820 20 16 10
936 1825 45 16 p.m.

572 1849 126 22 Acceptances
727 1848 101 21 Handicap
847 1846 90 20 Hurdles,
955 1852 26 11 os.

549 1872 41 17 Hot
599 1872 60 17 Lakes
667 1870 105 23 Handicap,
788 1871 20 17 7s
822 1870 29 17 Gd.
882 1869 100 23 Handicap

549 1896 54 22 Pony
611 1896 55 20 Race,
677 1895 19 17 2s
705 1894 30 17 Gd.
760 1894 71 22 Flying
837 1893 73 21 Stakes,
920 1894 26 16 4s.

580 1925 58 17 Dates
647 1929 25 12 on
679 1923 61 17 which
749 1923 110 22 Handicaps
868 1923 81 21 Appear.

595 1951 124 23 Wednesday,
726 1950 85 23 January
819 1950 54 21 22nd,
884 1950 30 17 189
914 1950 20 17 G.

572 1983 70 18 Posted
654 1985 20 15 to
682 1983 26 17 all
717 1982 123 18 nominators.

595 2025 84 18 RULES
691 2025 54 17 AND
752 2023 182 19 REGULATIONS

548 2071 35 22 (To
592 2072 61 18 which
662 2072 32 17 the
703 2071 93 17 attention
806 2071 19 17 of
833 2076 77 17 persons
919 2071 51 16 enter-

572 2097 33 21 ing
613 2096 71 16 Horses
692 2095 15 17 is
713 2094 123 23 particularly
844 2093 115 23 requested.)

571 2128 30 17 No
609 2126 132 18 Nominations
750 2131 22 12 or
780 2126 126 22 Acceptances
912 2125 38 17 will
958 2125 23 17 bo

548 2150 84 18 received
640 2156 25 11 on
673 2156 37 15 any
726 2151 89 20 pretence
829 2149 95 17 whatever
933 2149 49 17 after

548 2174 33 16 the
589 2173 48 17 hour
645 2173 74 19 named,
729 2178 21 11 or
755 2172 81 17 without
841 2171 60 23 being
907 2177 61 12 accom-

547 2196 69 23 panied
632 2196 47 17 with
694 2196 35 17 the
743 2201 97 16 necessary
863 2196 79 16 amount
963 2195 18 16 in

548 2220 50 21 cash,
608 2219 77 17 marked
692 2219 76 22 cheque,
775 2224 22 11 or
802 2220 43 21 post
853 2224 21 11 or
882 2218 99 23 telegraph

547 2248 68 17 money
624 2243 60 17 order.
709 2242 100 17 Attention
818 2242 19 16 of
846 2241 56 17 horse
909 2246 72 12 owners

547 2267 16 16 is
571 2265 123 24 particularly
703 2265 59 18 called
778 2266 21 16 to
816 2265 38 17 this
866 2264 114 23 regulation.

571 2290 47 22 Age,
628 2289 96 22 Pedigree,
739 2289 147 18 Performances,
896 2287 37 18 and
943 2288 28 17 col-

548 2318 43 12 ours
599 2313 20 17 of
626 2312 66 18 Riders
700 2315 20 14 to
729 2312 23 17 bo
761 2313 41 15 sent
813 2311 46 17 with
868 2311 26 17 all
906 2310 74 18 entries.

571 2337 43 21 Any
622 2335 72 22 Jockey
701 2335 65 22 riding
779 2335 68 22 except
861 2335 19 16 in
896 2335 31 16 the
942 2334 29 18 col-

548 2365 42 12 ours
599 2359 123 17 entered.will
727 2358 24 17 bo
760 2357 50 18 fined
819 2359 10 15 2
839 2363 47 12 sovs.

571 2382 30 17 All
611 2383 81 21 protests
701 2383 50 16 must
765 2381 23 17 be
802 2380 55 18 made
870 2381 20 16 in
904 2380 77 23 writing

547 2407 20 16 to
576 2406 32 16 the
617 2405 96 22 Secretary
722 2404 66 18 within
807 2405 21 16 15
843 2404 81 17 minutes
933 2404 48 17 after

547 2429 33 17 the
588 2434 48 15 race,
645 2427 133 23 accompanied
788 2427 24 23 by
829 2429 10 15 2
854 2433 54 15 sovs.,
919 2427 61 17 which

547 2452 39 17 will
594 2452 23 17 be
626 2451 87 18 forfeited
726 2452 20 16 to
759 2451 33 17 the
806 2451 48 17 Club
867 2450 68 18 should
949 2450 32 17 the

546 2476 73 22 protest
631 2475 23 16 be
667 2474 102 18 dismissed.

571 2498 71 18 Should
652 2504 38 16 any
707 2498 74 21 dispute
792 2497 48 17 arise
854 2497 19 17 in
885 2503 38 16 any
939 2503 42 16 way

548 2521 101 17 connected
658 2521 45 17 with
712 2521 52 17 these
774 2521 63 20 Races,
853 2521 32 16 the
900 2520 81 17 decision

548 2545 19 18 of
576 2545 31 16 the
616 2544 94 17 Stewards
719 2544 48 17 shall
775 2544 23 17 be
809 2544 89 22 accepted
907 2549 20 12 as
936 2544 44 16 final

547 2568 38 17 and
600 2568 110 17 conclusive.

637 2592 21 16 T.
669 2591 20 17 C.
696 2591 149 19 URQUHART,
856 2591 50 16 Hon.
917 2590 39 17 Sec.

672 2634 31 17 TO
718 2634 136 17 BUILDERS.

698 2680 39 17 will
745 2680 24 17 be
776 2680 85 18 received
870 2686 26 16 up
905 2681 19 16 to
931 2686 49 11 noon

555 2698 19 26 .1
611 2705 21 17 of
639 2704 104 22 Thursday,
754 2704 43 16 16th
806 2704 52 19 inst.,
865 2704 29 17 for
899 2704 81 17 erection

547 2728 20 17 of
576 2728 57 17 Hotel
642 2728 99 21 Buildings
750 2726 37 17 and
797 2726 88 23 Stabling
896 2728 19 16 at
929 2727 39 17 Wai-

548 2751 57 21 rakei,
624 2751 46 17 East
686 2751 71 21 Taupo,
775 2750 102 22 according
893 2751 20 16 to
926 2751 54 21 plans

548 2774 37 17 and
605 2773 135 23 specifications
757 2774 20 16 to
793 2773 23 17 bo
833 2778 42 12 seen
893 2774 20 16 at
930 2773 50 18 Lake

547 2798 71 20 House,
628 2798 90 19 Rotorua,
729 2803 21 10 or
758 2798 20 15 at
787 2802 31 16 my
827 2796 58 20 office,
896 2796 72 17 Govern-

548 2822 52 16 ment
607 2821 102 17 Insurance
717 2819 106 23 Buildings,
834 2820 65 18 Queen
912 2819 67 22 Street,

548 2843 104 18 Auckland.

606 2865 156 19 FITZGIBBON
771 2865 94 20 LOUCH,
875 2866 45 17 C.E.

854 2890 101 17 Architect.

571 2913 85 22 January
665 2913 39 20 6th,
718 2913 51 17 1596.

581 2943 398 62 fCsrJffitj-isT

659 3019 211 32 ROTORUA,

548 3067 139 26 GENERAL
695 3067 285 26 CARTER&CARRIER.

575 3128 67 20 Goods
651 3128 102 19 delivered
764 3130 19 17 to
792 3128 26 19 all
833 3132 57 21 parts
907 3129 21 18 of
946 3129 35 19 the

549 3155 77 19 district
633 3157 21 16 at
661 3155 38 18 low
708 3156 61 17 rates.

630 3185 61 18 ALL
703 3185 111 18 TRAINS
829 3186 69 18 MET.

576 3243 136 19 N.B.Good
716 3243 130 26 paddocking
851 3244 31 18 for
887 3244 57 18 alimi
948 3244 32 18 ted

549 3269 86 19 number
644 3270 21 18 of
675 3269 74 19 horses.
767 3269 105 24 Spencer's
882 3270 98 25 paddock,

550 3295 144 19 well-watered
720 3295 40 19 and
791 3302 60 19 every
882 3296 99 18 attention

550 3321 54 25 paid.

552 3364 215 47 Rotorua
809 3365 169 47 Tours.

576 3448 162 23 PASSENGERS
745 3450 21 16 to
775 3448 85 18 Rotorua
868 3454 31 12 arc
906 3448 76 18 advised

559 3467 8 21 I
614 3471 43 17 that
665 3478 11 10 a
689 3472 76 22 regular
776 3472 50 22 daily
840 3472 57 17 coach
913 3472 68 17 .service

549 3494 85 18 between
642 3494 90 18 Okoioire
740 3495 38 17 and
788 3495 85 18 Rotorua
888 3495 38 17 and
942 3495 41 18 vice

550 3523 52 11 versa
610 3518 15 16 is
633 3521 44 13 now
684 3517 91 22 running.

573 3540 38 18 The
619 3540 116 23 advantages
741 3542 19 16 of
767 3541 37 17 this
810 3542 54 16 route
869 3546 32 12 are
905 3546 64 12 numer-

550 3569 39 15 ous,
599 3570 11 10 a
619 3564 102 16 somewhat
733 3564 74 17 tedious
816 3563 77 23 railway
901 3564 81 23 journey

550 3587 15 16 is
573 3584 77 23 broken,
660 3587 37 16 and
705 3587 32 17 the
753 3589 54 16 route
823 3588 92 17 traverses
931 3593 50 12 some

550 3610 20 16 of
587 3610 32 17 the
636 3610 84 17 loveliest
736 3610 52 17 Rush
806 3610 80 23 Scenery
902 3610 20 17 in
935 3610 46 17 New

550 3632 88 18 Zealand.

590 3661 103 22 FARES,
709 3661 41 18 10s
760 3660 82 20 EACH
856 3661 85 19 WAY.

550 3688 90 23 Special
657 3688 164 24 Conveyances
839 3694 43 13 can
903 3689 28 18 he
948 3695 22 12 ar-

694 3712 88 23 ranged
790 3712 42 18 for.

549 3758 75 19 Leave
635 3758 125 18 -Okoroire
769 3758 35 18 for
818 3758 104 19 Rotorua
936 3759 45 18 and

618 3781 219 19 Whakarewarewa
866 3782 63 23 daily
957 3783 24 18 at

620 3805 29 17 10
705 3804 3 19 .

548 3828 89 18 Leave-
649 3828 103 18 Rotorua
761 3828 46 17 and
816 3828 149 19 Whakarewa-

617 3856 62 13 rewa
695 3851 36 18 tor
744 3850 117 23 Okoroire,
877 3850 62 24 daily
956 3852 25 17 at

619 3875 29 17 10
656 3878 51 14 a.m.

571 3901 30 17 All
621 3907 110 17 passengers
752 3907 31 11 are
799 3901 77 17 advised
896 3902 20 16 to
931 3902 49 17 avail

547 3925 111 17 themselves
666 3925 20 16 of
694 3925 38 16 this
748 3923 62 18 Route
825 3930 20 11 as
861 3924 90 18 Okoroire
965 3925 15 17 is

547 3953 35 11 one
597 3948 19 17 of
628 3948 31 17 the
668 3948 51 17 show
728 3948 62 21 places
807 3948 21 17 of
844 3948 32 16 the
893 3948 87 17 Thermal

547 3970 84 20 District,
652 3970 38 18 and
704 3976 25 12 no
745 3970 44 18 visit
804 3972 19 16 to
840 3970 32 18 the
887 3969 61 19 Lakes
964 3971 16 17 is

547 3993 92 23 complete
647 3993 80 18 without
732 3993 25 18 its
763 3993 98 17 inclusion.

570 4015 72 23 Special
651 4017 92 17 attention
755 4017 16 16 is
786 4017 58 16 called
859 4018 19 16 to
891 4017 33 17 the
941 4017 39 18 fact

546 4039 42 16 that
597 4046 10 10 a
616 4040 57 17 coach
682 4040 59 17 leaves
756 4040 85 17 Rotorua
850 4040 38 17 and
897 4040 68 17 Whaka-

546 4066 99 14 rewarcwu
653 4068 24 12 on
687 4062 77 24 Sunday
772 4064 21 15 at
802 4064 21 15 10
832 4069 44 11 a.m.

681 4109 148 17 HGENTS
838 4109 4 17 :

545 4128 73 18 THOS.
632 4129 67 17 COOK
717 4130 15 16 &
751 4130 55 21 SON,
824 4130 100 18 Auckland
943 4130 37 18 and

715 4153 89 15 Rotorua.

218 239 138 17 STEAMSHIP
371 238 117 17 COMPANY
507 237 30 16 OF

109 255 25 24 U
186 261 58 16 NEW
255 260 116 17 ZEALAND
380 260 81 16 Limited.

166 299 8 14 IJKOrO6EDl
175 296 4 17 J
181 296 108 16 KOrO6ED
301 296 83 16 DEPAB
390 296 79 16 LUKES.

238 327 48 16 I'OK
298 327 100 16 SYDNEY.

100 359 135 21 ManaI'OUUI,
244 358 90 22 Tuesday,
345 357 42 17 Jan.
398 357 27 19 21,
436 361 10 11 o
454 360 46 17 p.m.

178 401 49 15 FUR
238 399 129 17 SuUTHEkN
380 398 76 15 fuKlti.

102 437 98 16 'J'akaj'U.na
209 442 51 15 every
269 435 75 20 Monday

101 458 17 15 ]\l
122 463 21 11 Aii
147 463 66 11 inal'Ua
221 463 50 15 every
280 456 89 19 Thursday

103 479 54 21 Moa,
166 479 91 22 Monday.
265 479 43 17 Jan.
319 478 27 19 20,
357 483 9 10 0
375 482 45 16 p.m.

101 503 117 20 Dingadee,
228 500 124 22 Wednesday,
360 499 44 18 Jan.
411 499 28 20 22,
447 499 10 16 5
463 503 45 17 p.m.

166 544 80 17 Reduced
254 544 44 15 fares
305 548 28 10 aie
342 547 37 10 now
389 541 17 16 iu
414 541 53 16 force.

101 567 91 17 Auckland
199 564 67 17 Branch
318 563 105 16 Palmerston
435 562 98 17 Bnildinirs.

100 700 161 45 HtJDDART,
287 699 110 18 PARKER,
420 698 52 17 AND
494 696 38 18 CO.

263 721 107 24 (limited),

175 770 60 18 NEW
248 769 85 17 STEAM
346 767 108 19 SERVICE

101 803 128 29 Bringing
240 802 61 22 Low
308 801 79 22 Fares
397 801 54 22 into
463 799 69 23 force

122 851 96 24 Splendid,
227 850 163 23 Woll-appointod
395 849 92 18 Steamers
493 848 40 16 will

98 876 23 17 1m
129 874 115 24 despatched
252 875 49 16 from
310 875 117 17 Auckland,
438 877 19 11 as
472 870 61 18 under

97 899 91 23 (weather
203 898 39 17 and
261 897 54 18 other
331 896 141 18 circumstances
487 900 33 16 per-

97 919 86 24 mitting')

97 947 43 16 Foil
145 943 136 21 GISBORNE,
288 943 103 19 NAPIER,
399 940 114 18 WELLING-

119 969 57 20 TON,
187 966 158 19 LYTTELTON,
356 966 14 17 &
379 963 126 20 DUNEDIN,

99 994 100 17 Anglian,
209 992 102 18 Tuesday,
322 989 43 18 Jan.
376 989 25 19 14,
411 992 57 13 noon,

98 1016 109 17 Tasmania
254 1014 101 18 Tuesday,
361 1011 43 18 Jan.
413 1011 43 20 28,1
463 1016 46 16 p.m.

225 1060 49 17 FOR
289 1058 111 19 SYDNEY,

142 1084 116 23 (Returning
269 1084 20 16 to
298 1081 98 18 Auckland
405 1079 77 23 Direct.)

97 1108 93 22 Carrying
209 1107 113 21 Passengers
343 1105 29 16 for
394 1104 134 20 MELBOURNE,

108 1131 53 18 other
166 1132 132 16 Australian
305 1128 70 20 Ports,
383 1127 37 17 and
425 1127 91 20 Hobart,

97 1160 106 17 Tasmania
251 1157 98 19 Monday,
365 1156 44 17 Feb.
421 1156 27 19 10,
458 1156 11 15 4
481 1160 47 16 p.m.

98 1184 101 17 Anglian.
208 1181 106 19 .Monday,
323 1179 43 18 Jan.
374 1178 28 21 27,
412 1179 10 16 3
431 1183 45 17 p.m.

118 1210 79 22 Freight
206 1209 38 16 and
251 1208 92 22 Passages
355 1208 21 16 at
388 1209 79 14 lowest
479 1209 49 13 cur-

95 1238 53 13 Kent
160 1236 69 14 KATES.

119 1258 72 16 Return
199 1255 74 18 Tickets
280 1253 91 18 available
378 1253 28 17 for
412 1253 29 16 six
446 1251 82 18 months.

195 1285 23 17 L.
231 1285 23 17 D.
265 1283 108 18 NATHAN
385 1283 15 16 &
413 1281 45 19 CO.,

426 1305 79 22 Agents.

234 1347 95 17 riiHOS.
351 1345 68 18 COOK
441 1345 14 16 &
479 1343 49 18 SON

248 1356 9 34 I

272 1398 50 13 LOOK
338 1395 94 14 PASSAGES
444 1394 42 14 AND

101 1418 119 16 bESSSS&ai
298 1420 75 14 SECURE
385 1418 76 14 BERTHS

258 1440 34 18 AT
303 1438 102 19 LOWEST
418 1436 79 18 RATES

96 1470 27 15 I;Y
135 1472 17 12 T.
163 1467 15 17 &
187 1470 17 13 O.
215 1470 35 15 CO.,
261 1467 73 14 ORIENT
343 1466 36 17 CO.,
388 1465 72 13 DIRECT
469 1463 59 14 LINES

188 1492 89 17 OCEANIC,
292 1488 141 16 MESSAGEIIIES,

195 1517 27 17 Or
228 1521 34 17 any
274 1515 36 17 lino
319 1519 20 12 as
348 1512 77 18 desired.

116 1563 86 24 Enquiry
211 1561 76 19 invited.
303 1559 125 19 Information
437 1558 65 23 gratis.

96 1610 94 20 lufending
197 1613 101 17 passengers
310 1606 61 16 should
385 1604 52 21 apply
451 1604 27 16 for
495 1609 32 10 oxir

115 1632 35 16 free
159 1631 29 16 list
196 1631 18 15 of
222 1632 72 14 stennier
307 1628 71 19 sailings
389 1627 34 15 and
431 1627 46 15 fares
487 1629 18 12 at

141 1657 88 18 COOK'S
242 1654 124 20 SHIPPING
379 1653 99 20 OFFICE,

169 1686 22 18 70
199 1690 42 12 AND
251 1684 21 18 78
286 1684 163 19 Queen-stkeet.

124 1714 85 17 Rotorua
225 1713 78 22 Agency
310 1709 3 26 :
326 1711 95 17 Hinemoa
430 1709 66 17 Street.

115 1746 46 16 N.B.
165 1745 82 16 Drafts
254 1744 33 15 and
296 1743 77 16 Circular
380 1742 54 15 Notes
442 1741 56 16 issued
508 1742 18 14 at

98 1769 53 14 owest
158 1768 67 15 current
233 1768 51 13 rates.

152 1806 114 47 FOR

96 1938 230 25 rriOTABAHQUSE
333 1937 111 22 BLOCKS.
451 1938 75 20 Stiain-

101 1961 25 26 X
160 1975 32 12 <-rs
212 1968 40 19 and
262 1967 135 20 Government
407 1965 40 19 size
460 1965 64 22 Posts,

94 1996 22 18 in
128 2002 10 12 a
140 2002 22 17 r,}
162 2002 5 6 T
178 1994 101 25 quantity,
290 1991 101 21 delivered
401 1994 20 16 to
432 1998 39 17 any
480 1993 47 22 part

95 2022 22 18 of
126 2021 19 19 tli
151 2027 9 12 0
171 2018 179 27 district.Apply
364 2020 21 17 at
394 2018 34 18 the
439 2017 87 19 Auction

94 2047 62 19 Mait.

277 2071 19 19 J.
314 2068 27 22 H.
356 2067 116 23 TAYLOR.

366 3850 87 21 HlKlllll

1107 134 27 23 M
1148 134 25 23 A
1191 134 16 24 S
1224 134 15 24 S
1254 135 24 22 A
1293 134 22 24 G
1328 135 26 22 E,

1015 183 89 29 T\/TISS
1122 183 107 21 FRASER,
1244 183 90 23 qualified
1350 183 100 17 American

1020 208 21 15 IT
1048 201 8 22 I
1089 207 103 20 Masseuse,
1202 207 84 22 recently
1299 207 50 17 from
1361 206 88 21 London,

1012 231 16 16 is
1041 229 92 23 prepared
1146 231 20 16 to
1181 229 65 18 attend
1263 230 82 22 patients
1362 236 25 11 on
1404 235 46 17 very

1013 252 95 18 moderate
1117 254 64 15 terms.

1036 276 36 17 Slie
1081 276 34 17 lias
1124 276 38 17 had
1171 281 57 16 many
1236 276 60 22 years'
1306 276 109 22 experience
1429 275 20 17 in

1012 299 32 17 the
1060 299 109 20 treatment,
1187 299 38 17 and
1245 299 16 17 is
1277 299 117 22 thoroughly
1417 304 21 11 ac-

1012 321 90 23 quainted
1111 323 46 16 with
1167 322 32 17 the
1209 321 73 22 System
1291 321 21 18 of
1321 322 28 17 Dr
1364 322 18 17 H.
1398 321 51 18 Wt-ir

1011 344 93 21 Mitchell,
1114 345 21 17 of
1143 344 138 23 Philadelphia,
1291 345 30 17 for
1329 345 33 16 the
1371 351 44 10 euro
1429 345 20 16 of

1012 368 79 17 General
1100 368 92 22 Debility,
1199 368 134 21 Nervousness,
1343 368 103 20 Insomnia,

1011 391 112 22 Dyspepsia,
1134 391 39 21 &c.,
1184 391 32 17 &<s.

1034 417 89 21 Address,

1104 441 97 22 Bathgate
1214 442 70 19 House,

1065 470 22 11 or
1100 464 45 17 Hot
1154 464 69 18 Lakes
1232 465 118 18 Chronicle
1359 464 63 18 Office.

1034 510 67 52 A.
1145 510 277 62 BRADY,

1011 582 115 19 BARBER
1148 582 61 19 AND
1239 581 205 23 HAIRDKESSER,

1009 615 92 44 BEGS
1112 618 21 18 to
1144 623 105 13 announce
1260 617 44 19 that
1311 617 25 18 ho
1348 616 37 19 has
1392 622 41 13 com-

1077 643 84 19 menced
1172 643 93 19 businoss
1275 643 21 18 iu
1309 643 33 18 the
1359 642 50 24 shop
1425 642 19 18 in

1009 671 34 19 the
1059 669 32 18 old
1108 671 61 21 town,
1190 669 96 24 formerly
1306 668 94 25 occupioa
1418 668 27 24 by

1009 697 33 18 Mr
1051 695 125 25 McFadyen,
1186 695 86 23 saddler,
1290 695 41 18 and
1347 694 62 25 hopes
1425 697 20 16 to

1009 723 58 18 merit
1079 729 12 12 a
1101 723 60 18 sharo
1172 722 21 18 of
1203 722 34 18 the
1248 721 70 25 public
1328 722 88 23 support.

1091 755 160 19 RAZORS
1280 755 78 18 SET.

1031 814 22 19 A
1062 814 84 18 Choice
1157 812 152 19 Assortment
1322 812 27 17 of
1359 812 71 17 Tobac-

1008 843 45 17 cos,
1065 837 86 26 Cigars,
1162 836 130 23 Cigarettes
1300 835 19 18 &
1327 835 117 19 Smoker's

1008 861 139 23 Requisites.

1129 916 195 18 TENDERS.

1008 962 142 29 fpiENDERS
1171 963 40 17 will
1227 963 24 16 be
1270 962 84 19 received
1368 962 26 22 by
1409 962 33 17 the

1015 980 21 27 X
1070 987 99 22 Secretary
1177 988 20 15 at
1206 986 52 17 Lake
1267 986 64 17 House
1344 991 25 16 up
1384 986 20 16 to
1421 986 21 16 10

1006 1016 45 17 p.m.
1061 1016 25 11 on
1095 1009 106 22 Thursday,
1213 1009 42 17 16th
1264 1009 91 22 January,
1366 1009 29 17 for
1409 1009 33 16 the

1007 1033 108 23 Privileges,
1124 1038 21 12 as
1152 1033 66 17 under,
1229 1033 20 17 of
1258 1032 31 17 the
1298 1033 84 16 Rotorua
1396 1031 34 18 Joc-

1006 1057 36 21 key
1056 1057 65 16 Club's
1136 1056 56 17 Hack
1206 1056 50 17 Race
1272 1056 92 22 Meeting,
1381 1056 20 16 to
1418 1055 24 17 be

1006 1080 43 17 held
1058 1085 24 12 on
1091 1078 125 24 Wednesday,
1227 1079 45 17 29tli
1280 1078 91 23 January,
1389 1079 51 16 IS9G.

1120 1107 121 17 Publican's
1250 1107 76 20 Booth,

1120 1130 73 18 Gates.

1028 1158 53 18 Each
1089 1158 67 17 tender
1169 1159 19 16 to
1197 1158 24 16 be
1234 1157 132 22 accompanied
1379 1157 26 22 by
1421 1157 20 16 10

1005 1187 34 17 per
1047 1182 42 16 cent
1098 1181 21 17 of
1127 1181 32 17 the
1168 1182 80 16 amount
1255 1180 90 18 tendered
1357 1180 35 17 for.

1029 1204 111 18 Conditions
1146 1210 24 11 on
1176 1204 92 22 applying
1274 1205 19 16 to
1297 1204 32 16 the
1335 1203 104 22 Secretary.

1028 1228 39 17 The
1075 1228 78 22 highest
1168 1233 20 11 or
1202 1233 37 16 any
1251 1226 64 18 tender
1329 1228 35 16 not
1376 1232 54 11 neces-

1005 1251 56 18 sarily
1070 1250 96 23 accepted.

1155 1275 21 15 T.
1191 1271 20 20 C.
1220 1273 148 20 URQUHART,

1315 1296 51 17 Hon.
1376 1296 39 17 Sec.

1145 1353 153 19 DENTISTRY.

1005 1400 69 44 MR
1095 1400 120 21 GINDERS,
1232 1400 173 23 Surgeon-dentist,
1420 1400 21 16 of

1080 1424 113 20 Masterton,
1204 1424 38 17 will
1250 1430 38 16 pay
1296 1430 13 10 a
1316 1423 123 22 professional

1004 1448 37 16 vist
1049 1449 19 15 to
1078 1447 85 17 Rotorua
1171 1447 53 22 early
1232 1449 46 15 next
1286 1447 73 17 month.

1155 1506 51 17 FOR
1220 1506 69 17 SALE.

1006 1552 75 29 rpiTE
1094 1552 83 18 LEASE
1190 1553 21 17 of
1220 1552 74 18 Section
1304 1553 26 20 15,
1341 1552 59 17 Block
1409 1553 28 19 22,

1020 1571 7 22 I
1067 1576 59 17 Town
1135 1576 20 17 of
1163 1576 90 17 Rotorua.

1028 1599 37 17 For
1072 1598 113 23 particulars
1194 1599 64 22 apply,

1192 1622 18 17 J.
1225 1622 20 17 C.
1260 1622 130 17 CAMERON.

1004 1672 217 18 BALANCE-SHEET
1239 1673 33 16 OF
1291 1672 53 17 THE
1362 1673 61 17 ROTO-

1028 1696 52 17 RUA
1101 1696 200 17 PRESBYTERIAN
1322 1696 115 19 CHURCH,

1027 1719 144 17 DECEMBER
1180 1720 51 20 31st,
1243 1720 50 16 1595.

1004 1766 122 17 Presented
1141 1770 26 13 at
1180 1769 42 14 the
1238 1765 87 18 Annual
1341 1765 96 18 Meetino

1074 1793 55 13 held
1138 1788 99 19 January
1248 1790 55 19 12th,
1317 1789 49 16 1896.

1062 1835 147 18 GENERAL
1223 1835 149 19 ACCOUNT.

1168 1868 105 17 Receipts.

1004 1919 77 22 Sunday
1090 1919 114 18 Collections

1003 1943 102 17 Advanced
1113 1943 25 22 by
1151 1943 101 17 Treasurer

1386 1902 8 11 s
1426 1896 11 17 d

1346 1920 21 17 77
1382 1920 20 16 12
1427 1921 11 15 5

1359 1944 7 15 1
1382 1944 20 15 10
1427 1944 11 16 G

1330 1989 38 18 79
1392 1991 10 15 2
1417 1990 20 16 11

1144 2012 156 18 Expenditure.

1002 2040 30 23 By
1035 2040 95 23 Payment
1133 2040 20 18 of
1156 2040 102 18 Ministers'
1265 2040 56 18 Fares
1345 2041 22 17 47
1382 2041 20 16 14
1427 2042 11 15 0

1074 2077 11 7 ~
1133 2064 31 17 Mr
1169 2064 80 20 Brent..
1303 2078 14 3 ..
1347 2065 21 16 15
1392 2065 10 16 4
1427 2065 12 16 0

1026 2087 49 17 Rent
1084 2087 21 17 of
1113 2087 46 17 Hall
1169 2087 38 17 and
1216 2087 66 18 School
1302 2101 14 3 ..
1347 2088 20 16 10
1382 2088 20 16 18
1427 2089 10 15 0

1025 2110 129 24 Advertising,
1161 2110 114 23 Stationery,
1280 2111 39 20 &0.,
1359 2112 79 15 119

1026 2133 100 21 Kerosene,
1139 2134 39 20 &c.,
1232 2133 14 21 ..
1302 2133 3 21 .
1314 2133 2 21 .
1357 2134 45 17 116
1427 2136 10 15 G

1002 2157 76 17 Refund
1087 2158 20 16 to
1116 2157 102 17 Treasurer
1232 2157 15 17 ..
1358 2158 6 15 1
1382 2158 20 16 10
1427 2159 10 15 G

1050 2193 11 7 ~
1111 2180 47 17 Miss
1164 2179 72 18 Wilson
1241 2179 43 18 who
1290 2186 47 16 gave

1048 2202 174 24 haif-a-sovereign
1236 2203 30 17 for
1274 2202 43 24 lid..
1392 2204 10 16 9
1427 2205 10 16 G

1002 2226 127 18 Communion
1138 2226 54 18 Wine
1232 2226 16 18 ..
1302 2226 3 18 .
1314 2241 5 3 .
1392 2228 10 16 6
1427 2228 10 16 6

1002 2249 82 17 Balance
1091 2249 20 17 in
1121 2250 52 17 hand
1232 2249 14 18 ..
1302 2249 15 18 ..
1392 2251 45 16 22

1329 2296 39 18 79
1392 2298 10 15 2
1417 2298 19 15 11

1181 2329 81 17 Assets.

1002 2355 61 18 Voted
1071 2355 25 23 by
1106 2355 116 23 Presbytery
1232 2355 14 23 ..
1302 2355 14 23 ..
1345 2357 21 16 20
1391 2358 11 15 0
1426 2358 11 15 0

1002 2378 81 18 Balance
1091 2379 20 16 in
1121 2380 54 17 hand.
1232 2392 17 5 ~
1303 2378 14 19 .
1392 2381 45 16 22

1329 2425 40 19 2O
1392 2428 45 16 22

1155 2457 132 18 Liabilities.

1002 2486 42 17 Due
1053 2487 19 16 to
1081 2486 32 17 Mr
1121 2487 60 16 Brent
1232 2486 3 19 .
1244 2486 2 19 .
1302 2486 3 19 .
1314 2486 3 19 .
1357 2489 10 15 6
1382 2489 20 16 10
1427 2489 13 16 0

1049 2523 12 7 ~
1099 2509 78 23 Sunday
1183 2510 68 17 School
1256 2510 63 17 Union
1357 2512 44 15 10
1426 2512 11 16 3

1002 2533 82 17 Balance
1088 2533 19 17 of
1110 2534 59 16 assets
1175 2539 45 11 over
1225 2533 94 18 liabilities
1345 2534 23 17 12
1391 2536 10 15 6
1416 2536 19 16 11

1328 2580 39 18 2O
1391 2582 45 16 22

1076 2611 105 17 Building
1194 2611 58 17 Fund
1262 2611 99 19 Account.

1002 2640 139 22 Subscriptions
1150 2641 84 17 received
1302 2640 2 22 .
1313 2640 3 22 .
1344 2642 22 16 29
1391 2642 10 16 3
1426 2644 11 16 6

1002 2663 143 18 Miscellaneous
1155 2664 87 22 Receipts
1302 2663 2 23 .
1314 2663 2 23 .
1345 2665 20 16 11
1380 2666 21 16 14
1426 2667 11 15 9

1328 2710 38 19 4O
1380 2712 21 17 18
1426 2713 11 16 3

1002 2750 49 18 Rent
1057 2750 19 18 of
1080 2750 95 19 Section..
1232 2765 14 3 ..
1357 2752 7 16 1
1381 2753 21 16 10
1426 2754 11 15 0

1002 2774 37 16 Fee
1047 2774 29 16 for
1082 2774 59 17 Lease
1150 2774 20 17 of
1175 2774 59 18 same.
1265 2774 2 18 1
1302 2774 1 18 .
1312 2774 3 18 .
1357 2776 44 16 10
1425 2777 11 15 0

1002 2797 47 17 Hire
1057 2797 20 16 of
1082 2797 47 17 Hall
1136 2797 39 17 and
1180 2797 68 17 School
1254 2798 29 16 for
1288 2798 31 17 Mr

1048 2820 123 23 Brakenrig's
1183 2820 81 18 Lecture
1302 2820 13 23 ..
1357 2822 7 16 1
1391 2822 10 17 7
1426 2823 10 16 G

1002 2843 122 23 Advertising
1133 2849 50 11 same
1230 2843 15 23 ..
1301 2843 2 23 .
1312 2843 3 23 .
1390 2846 11 15 4
1426 2847 10 15 6

1002 2867 80 17 Balance
1091 2867 19 16 in
1121 2867 67 17 P.O.S.
1198 2867 55 17 Bank
1302 2867 2 19 .
1313 2867 2 19 .
1343 2869 23 16 32
1380 2870 21 15 16
1426 2870 11 16 0

1049 2903 12 8 ~
1110 2890 52 17 hand
1232 2890 2 21 .
1243 2890 3 21 .
1302 2890 3 21 .
1314 2890 2 21 .
1355 2893 11 15 4
1391 2893 11 15 0
1426 2894 11 16 3

1329 2937 39 18 4O
1382 2939 20 16 18
1427 2940 10 16 3

1026 2969 9 16 I
1044 2968 70 21 hereby
1123 2968 67 22 certify
1199 2969 43 16 that
1251 2969 9 17 I
1275 2969 47 18 have
1338 2970 99 18 examined

1002 2992 25 16 all
1037 2992 91 17 vouchers
1136 2992 38 17 and
1180 2992 50 17 bank
1239 2992 49 17 book
1296 2993 37 16 and
1340 2993 40 17 find
1385 2994 52 17 them

1002 3015 26 17 all
1037 3016 76 16 correct.

1228 3039 22 17 B.
1262 3039 17 17 S.
1293 3039 96 18 PENNY.

1025 3061 86 22 January
1121 3062 38 20 7th,
1175 3062 50 17 1896.

1001 4242 101 40 Ask
1134 4244 73 39 for
1233 4244 266 40 Hancock's
1530 4246 278 42 Celebrated
1860 4249 189 40 XXXX
2076 4251 113 42 Ales
2218 4258 95 37 and
2341 4256 156 40 Stout.
