3340 4340
75 162 33 40 IN
118 151 143 47 ANCIENT
274 149 221 42 MAORILAND.

76 277 61 13 VnTKi?
157 270 109 17 COU.K(-TEI)
283 268 56 14 rUOM
354 268 42 12 TIIE
412 266 86 13 D'KSCE.V-
508 266 3 25 [

76 291 7 3 *
99 299 59 15 Ii\XTS
166 297 23 12 OF
198 295 39 13 THE
251 291 125 15 AT.OKWISAL
386 289 75 14 I'EOI'I.K
476 289 35 19 OF,

97 324 36 12 ...jjj.
143 318 11 16 [•
160 316 101 18 \XOITAIICI
264 308 223 21 VAUiEVAXI)TiIBt'IIE-

160 339 100 18 COI'XTHY,
269 337 42 14 AXI)
320 331 167 19 KKOJITIIEMATA-

95 369 51 15 ATI'A
154 363 77 16 TIIIHES.

183 395 30 17 BY
221 390 102 20 ELSDON
336 389 67 18 BEST.

151 415 2 2 •

96 464 56 18 (jivi'ii
159 460 24 17 1)V
192 456 90 19 members
290 454 20 16 of
319 453 32 17 the
357 451 130 18 Xmiti-Miinii-

127 477 139 25 .V.r;ifi-VhiuP,
285 477 70 19 Tulioe,
377 475 119 22 jNgati-Apa,

76 496 61 33 \'"di-
145 508 44 17 Vwa,
210 499 147 25 Nguti-Hainmi
379 497 38 17 and
436 497 61 16 Patu-

75 522 67 31 Inni'hcu
149 528 68 18 Tribes.

74 607 11 5 -•
92 598 115 16 Kolll'vOUlA
218 595 41 14 XOA
271 591 117 16 MAKAMAEA
396 590 15 14 O
425 586 57 17 MaTA-

131 660 116 23 CHAPTER
252 658 34 17 VI.
300 655 130 25 (Continued-')

82 704 19 11 w
115 701 44 14 ir.N-r
176 691 125 19 Waus■■■•Tun
316 688 71 17 Maoiu
400 687 97 18 Hakes—

95 721 116 20 Tisaihtioxs
214 714 64 17 —Tiie
287 713 92 16 P.iiai,ltc
384 710 88 17 Symiioi,.

181 764 28 16 Te
217 762 37 16 liio
264 764 11 12 o
283 758 95 17 Kataka.

82 787 3 31 i
98 801 20 17 I{(
120 787 3 31 .
123 798 23 18 lic
154 802 9 12 0
165 795 7 17 f
188 794 31 17 the
236 791 72 18 Phallic
323 789 46 20 Cult
384 793 72 16 among
464 787 19 17 tli
486 795 10 11 e

108 811 92 28 Vrewern.
213 816 59 18 Tribe.
297 814 65 23 (From
368 810 81 23 Tuhoe.)

99 848 96 22 Jrii-kovva
201 849 54 14 came
264 844 52 17 from
327 842 50 21 afar,
388 842 52 17 from
452 840 33 18 ITa-

78 876 59 20 «siiki.
147 873 64 19 before
222 870 33 19 the
266 867 74 20 arrival
350 868 21 17 of
381 867 113 18 Mntantna.
505 867 2 29 i

78 905 5 17 1
88 905 11 17 J,
113 889 3 33 ,
123 889 3 33 i
132 898 53 20 .isseel
196 898 33 18 the
243 895 60 18 Great
318 894 66 18 Ocean
395 893 21 18 of
434 892 60 19 Kiwa
505 889 2 33 j

76 915 4 33 ,
83 937 14 11 m
113 915 31 33 il,o
158 924 49 19 hack
223 922 20 18 of
254 927 12 12 a
285 922 63 17 water
363 919 72 19 demon
456 919 37 18 and
505 915 2 33 |

76 944 2 26 >
150 952 18 18 J;i
186 950 104 18 Aotearoa.
318 945 68 19 AVhen
403 944 89 19 Kataka.

77 969 11 31 ,'|
91 989 9 10 H
103 969 3 31 ,
116 977 95 20 ,lau»htor
221 974 20 18 of
250 973 120 19 Tane-atua,
385 977 41 12 was
436 970 57 19 born.

78 995 16 31 1,.
95 995 3 31 ;
101 1005 67 19 ,,ki.wa.
188 1000 46 20 took
252 999 33 18 the
306 997 56 19 'iho'
381 995 112 26 (umbilical

136 1023 4 24 i
150 1030 6 17 f
165 1029 33 18 the
207 1025 52 20 child
269 1024 59 18 when
337 1023 67 19 it-was
412 1023 81 17 severed

75 1066 28 12 m
103 1058 6 18 l
120 1058 51 21 bung
182 1054 14 18 it
215 1058 23 12 on
257 1057 11 11 a
287 1051 63 17 hinau
367 1051 42 16 tree
428 1047 64 19 which

114 1084 9 17 a
134 1085 19 15 at
169 1080 26 19 To
215 1078 85 21 Koturu,
321 1078 21 16 at
360 1075 132 18 Euatahuna.

75 1100 94 29 i.ra-kewa
177 1110 38 14 was
225 1110 23 12 an
259 1105 48 15 atua
327 1101 49 25 (god
421 1099 72 20 deified

76 1134 87 22 ancestor)
174 1131 38 19 and
222 1128 45 20 held
277 1131 81 22 strange
370 1132 82 19 powers.

98 1162 107 17 Tane-atua
223 1160 54 14 came
294 1154 52 18 from
366 1152 95 19 Hawaiki
472 1153 20 18 in
504 1149 2 30 1

77 1189 29 19 11-e
114 1186 70 20 Mutant
189 1189 23 13 ua
225 1181 39 19 and
277 1179 74 20 landed
362 1183 20 15 at
400 1178 92 19 Whaka-
503 1178 2 30 :

158 1211 29 17 i[c
206 1207 45 19 took
267 1206 158 19 Bine-alui-oiio
435 1205 21 18 of
465 1205 28 18 Te
503 1205 2 26 j

76 1228 60 31 'i"iiii-o
145 1237 9 18 'J
161 1237 23 21 i.i,
197 1234 38 19 and
245 1232 38 19 had
298 1232 82 19 Kataka
393 1231 39 18 and
442 1230 51 19 I-hp-
503 1228 1 31 :

76 1265 47 20 wliiii
142 1262 37 20 and
198 1258 75 21 Kanihi
290 1258 40 19 and
348 1257 74 19 Oliom.
460 1258 34 17 He
503 1257 2 28 j

77 1289 85 22 tiavi-lh'd
174 1293 25 19 up
209 1286 32 19 tho
247 1284 132 19 Whnkatane
391 1284 52 18 river
452 1284 40 18 and
503 1284 1 28 I

77 1320 28 17 1,1;
118 1317 28 17 his
156 1315 39 23 di'g
205 1316 19 15 at
233 1311 26 18 Te
271 1310 101 24 l'urenga.
388 1310 53 18 That
450 1309 44 25 dog
503 1309 1 29 ;

76 1343 77 20 nmaiiis
163 1340 54 19 there
226 1345 21 11 as
256 1344 12 11 a
281 1339 65 21 tupua
358 1335 91 25 (demon)
459 1335 3 28 ;
478 1337 15 18 it
503 1335 1 28 |

76 1371 42 18 lives
129 1369 17 17 in
156 1374 9 11 a
177 1365 44 19 lake
231 1366 18 16 at
260 1362 44 19 that
314 1362 62 25 place;
406 1362 45 18 And
459 1362 33 19 tho
503 1359 1 32 j

76 1395 106 20 do"'dean>n
191 1390 59 19 howls
261 1393 20 14 at
289 1388 66 25 night,
365 1394 59 18 every
433 1388 60 21 liitrht.
503 1386 1 29 i

144 1426 5 9 1
155 1425 5 10 '
167 1425 26 12 ar.
206 1417 35 17 but
251 1414 71 20 should
330 1421 79 18 anyone
418 1415 48 19 seek
478 1416 15 17 it
503 1412 1 28 ■
510 1412 1 28 :

148 1451 36 13 hiiti
203 1442 56 19 hides
278 1440 56 19 itself
350 1440 19 18 in
388 1440 34 19 the
438 1442 53 18 lake.
510 1440 1 24 .

137 1472 14 17 ■:
177 1470 6 19 J
189 1472 17 16 )o
215 1470 35 17 not
259 1467 28 19 let
298 1473 25 13 us
341 1467 43 19 talk
403 1467 21 20 of
443 1468 48 19 such

76 1500 30 19 t),i;
130 1493 12 26 >,
155 1505 8 8 r
172 1501 14 13 st
200 1494 37 19 evil
247 1493 61 20 befall
319 1500 29 11 as.

98 1530 21 12 •>„
142 1524 13 16 T
165 1519 1 23 .
172 1530 27 10 nr-
206 1524 16 15 at
228 1527 24 11 ua
281 1519 79 19 arrived
381 1522 22 17 at
429 1520 63 19 Oriiia

75 1552 32 18 «•].,
115 1557 18 12 l-c
144 1550 21 17 ';<•
176 1548 36 19 iei't
228 1545 71 21 l'ahon
316 1545 86 19 another
418 1547 22 18 of
460 1547 32 19 his
510 1545 1 25 '

151 1576 28 17 11..
188 1581 10 11 I-
210 1573 14 18 T
227 1579 35 11 ane
275 1571 71 19 lurncd
356 1574 20 16 to
386 1573 34 18 tho
428 1574 63 18 South
502 1571 2 22 •
510 1571 1 22 .

74 1604 33 18 .mid
117 1609 13 11 i'i
138 1600 57 20 iii-hi-d
211 1599 88 19 Oliuu-te
308 1597 59 24 rangi
384 1599 67 20 where
467 1601 25 18 ho
501 1597 3 30 j
510 1597 1 30 1

76 1627 96 21 reiu.Miitd.
196 1626 32 18 He
237 1623 97 19 ascended
344 1628 20 15 to
372 1625 28 19 Te
410 1626 80 19 Koturu
502 1623 2 25 j

75 1656 32 18 nuil
117 1661 35 11 saw
166 1653 53 18 there
230 1658 9 10 a
251 1651 38 17 line
300 1649 62 19 hinau
372 1653 48 17 tree,
449 1653 43 17 lie-
501 1644 3 30 I
510 1644 1 30 !

75 1682 29 21 inn
114 1686 60 17 ueary
186 1679 23 17 he
220 1680 30 16 sat
264 1676 44 19 him
323 1676 58 20 down
403 1679 87 19 beneath
502 1676 1 27 :
510 1676 1 27 '

75 1708 29 18 iliu
116 1712 43 15 tree,
171 1703 41 20 and
222 1702 99 19 stretched
330 1703 54 19 forth
397 1704 31 19 his
437 1705 53 19 hand
501 1700 2 32 j
510 1700 1 32 '

75 1740 16 12 to
99 1732 52 26 pluck
162 1731 32 18 ihe
204 1729 48 18 fruit
262 1728 85 23 thereof,
367 1730 30 18 for
416 1731 24 18 ho
452 1738 39 12 was
501 1728 2 30 i

74 1757 100 26 hungered.
202 1756 41 18 The
257 1758 82 20 strange
358 1756 70 25 things
447 1754 56 23 Hint!

74 1783 95 21 jiai-iiciKd
180 1783 18 18 in
210 1781 54 19 those
275 1781 81 20 ancient
365 1783 71 19 times'!
452 1784 40 18 For

74 1812 28 18 the
112 1811 42 17 iiuit
167 1809 23 18 he
202 1807 111 20 was.about
330 1811 19 16 to
367 1809 60 24 pluck
437 1811 53 19 cried
501 1804 2 32 |

74 1837 59 25 gently
182 1835 55 18 Kami
250 1834 52 18 ahau
314 1840 9 12 e
339 1834 83 26 kningn.
434 1839 57 16 note-
501 1834 2 28 j
510 1834 1 28 '

74 1870 34 12 ■Men
120 1863 22 18 l<o
151 1865 18 15 te
180 1861 32 18 iiio
229 1860 52 18 ahau
298 1867 11 10 o
450 1863 40 21 (Do
500 1860 3 29 j

75 1893 26 15 not
113 1887 3 25 i
123 1892 16 14 at
151 1894 37 16 me,
199 1887 31 18 lor
239 1887 10 17 1
263 1893 31 11 am
302 1887 35 18 the
346 1887 4 25 '
359 1888 34 19 iho
401 1887 4 25 '
416 1889 22 19 of
447 1889 44 19 Ka»
501 1887 2 25 |

74 1916 44 19 tnkii.
154 1914 25 19 So
197 1913 10 18 'J
214 1915 97 17 ane-atua
326 1913 34 20 did
376 1917 35 16 not
427 1917 34 17 eat
471 1915 21 19 of
501 1907 2 33 |
510 1907 1 33 t

74 1942 28 19 ill.;
114 1947 12 11 1:
134 1945 26 13 u:t
167 1940 20 18 of
198 1938 42 19 that
259 1941 42 16 tree
319 1940 31 19 for
360 1941 16 18 it
398 1948 40 12 was
457 1938 34 28 the
501 1938 2 28 |

74 1964 3 26 *
82 1964 3 26 j
89 1969 13 17 hi
107 1964 11 26 i'
133 1967 18 18 of
172 1966 30 18 his
221 1964 99 24 daughter
341 1967 90 23 Kataka,
444 1968 45 20 and,
501 1964 2 26 I

75 1987 38 33 -r.ci■■
118 1994 20 17 -(I.
169 1993 36 17 ilut
221 1991 24 18 ho
264 1990 67 21 thrust
349 1993 35 18 tho
396 1987 4 33 '
408 1994 34 18 iho
452 1987 4 33 '
466 1994 21 18 of
501 1987 2 33 j

74 2020 25 19 lii.-
108 2020 52 17 oilier
177 2017 52 18 child
247 2020 42 16 into
308 2018 33 19 the
353 2019 48 19 base
421 2020 21 18 of
457 2020 35 18 the
501 2017 2 22 I
510 2017 1 22 1

74 2046 52 19 Lilian
135 2044 36 19 ;;ml
190 2042 74 19 uttered
283 2044 40 19 this
339 2046 151 19 incantation—
501 2042 2 23 i

118 2071 14 18 1\
138 2078 8 11 u
159 2068 131 21 whakaiiibia
299 2072 54 18 ahau

119 2098 27 17 Ka
158 2095 91 20 wbakalo
259 2098 96 19 tnmariki
364 2099 60 18 ahau.

74 2124 41 18 That
133 2129 37 12 was
191 2122 40 18 how-
250 2123 35 19 the
302 2124 67 19 sacred
388 2126 63 17 hinau
471 2126 32 18 all

75 2150 109 18 liiiatahuna
209 2148 5 16 1
223 2154 31 12 oca
258 2155 31 13 me
299 2151 104 24 possessed
421 2152 21 17 of
457 2151 45 18 the;

75 2179 69 20 strange-
155 2181 65 19 power
230 2174 20 18 nf
267 2176 85 25 causing
370 2177 89 18 children
471 2178 19 17 to
501 2174 2 27 !

75 2202 20 18 he
104 2202 42 18 bian
158 2202 42 18 into
217 2200 32 18 the
269 2202 68 19 world.
365 2202 45 20 And
428 2203 15 18 it
454 2203 37 18 has
501 2200 2 22 i

75 2234 38 12 evi-r
123 2229 47 17 been
187 2228 70 18 known
274 2232 20 14 to
308 2234 24 14 us
342 2229 38 19 mid
392 2235 36 13 our
438 2229 52 19 fore-
501 2228 2 21 ,

75 2255 65 18 fatluis
153 2262 22 12 as
184 2255 26 17 Te
224 2255 161 19 Iho-o-Kntnkn.

96 2281 39 18 And
145 2282 50 18 fiorn
205 2281 44 18 that
259 2281 48 19 tiiuo
325 2281 52 19 forth
388 2281 33 19 the
433 2281 57 19 'iho'
510 2281 1 19 <

75 2307 17 19 of
102 2307 23 18 ail
135 2314 34 12 our
178 2306 88 20 children
276 2307 37 19 has
323 2307 51 20 been
394 2307 96 19 eaivfullv
501 2304 2 23 !

76 2340 40 17 wraj
124 2334 34 23 pod
169 2335 19 17 in
198 2333 94 19 raukawa
304 2340 21 12 or
335 2336 46 16 ante
392 2334 40 18 and
447 2340 43 12 sus-
501 2333 2 24 ;

75 2359 68 26 pi-iteil
163 2367 23 11 on
210 2360 25 17 To
259 2359 160 20 Iho-o-Kataka.
436 2359 30 26 .T1
469 2359 23 26 iis
501 2359 2 26 |

74 2389 64 16 .custom
149 2386 39 18 still
198 2387 109 18 continues.

97 2411 41 19 Anil
156 2413 33 18 the
203 2411 105 20 taha-fane
328 2412 63 24 (male
408 2412 52 25 side)
471 2413 21 17 of
503 2411 1 26 i

78 2439 36 17 that
127 2438 59 19 hinau
205 2439 16 17 is
240 2439 44 17 that
304 2439 65 19 which
388 2439 54 18 faces
457 2438 35 19 the
502 2438 2 20 i

76 2465 54 23 rising
152 2471 42 12 sun.
233 2465 44 19 And
300 2465 33 19 the
353 2465 139 19 tnha-wahino
503 2465 1 29 |

85 2490 63 19 female
158 2491 49 25 side)
218 2491 15 19 is
243 2491 45 19 that
303 2491 87 19 towards
409 2491 33 19 the
453 2493 37 17 set-
503 2490 1 27 j

76 2517 35 23 ting
120 2523 40 14 sun.

98 2543 41 18 And
155 2545 54 18 when
225 2551 10 12 a
254 2550 76 13 woman
348 2544 20 19 of
388 2550 36 12 our
441 2543 53 19 tribe
504 2543 1 20 !

78 2568 59 20 luiows
146 2571 43 18 that,
199 2571 33 18 she
243 2570 16 18 is
273 2578 9 11 a
299 2569 84 26 puknpa
398 2570 93 24 (barren)
504 2568 2 27 ;

78 2596 28 17 slie
116 2603 44 17 goes
169 2599 20 17 to
200 2597 31 18 ihe
242 2596 88 19 Iho-o-h'
337 2596 60 19 ataka
409 2596 38 19 and
467 2596 25 23 by

79 2622 104 20 cnibiai.i]|ir
193 2623 31 19 the
235 2623 62 18 hinau
309 2622 35 19 she
354 2629 46 17 may
411 2622 82 19 become
504 2622 2 24 j

79 2647 41 19 with
130 2649 56 21 child,
196 2650 37 18 and
245 2650 41 17 that
301 2648 52 19 child
372 2655 47 12 mnv
438 2648 26 18 bo
475 2648 20 18 of
504 2646 2 26 j

78 2675 17 18 of
102 2674 44 19 eitlu
153 2683 8 12 r
169 2683 39 15 sex,
218 2675 107 25 according
332 2677 20 16 to
361 2674 91 19 -whether
459 2674 36 19 she
505 2674 1 26 ;

78 2700 416 21 emlricesthetnha-taneortaha-wahine.
505 2700 3 24 |

166 2770 27 16 Te
202 2768 191 17 H.r\Aiir.vA-A-Po.

78 2802 73 17 Anntlier
167 2801 91 16 Remnant
275 2799 19 18 of
309 2798 75 18 Phallic
402 2799 93 21 Worship.

169 2825 52 16 From
228 2822 174 23 Ngati-Manawa.)

101 2853 38 17 Tin-
149 2850 179 20 Tluiiahuna-a-Po
337 2852 16 17 is
364 2857 12 12 a
383 2850 63 19 hinau
454 2851 43 18 tree

80 2879 54 19 which
144 2878 66 19 stands
221 2879 21 17 at
249 2876 34 19 the
295 2875 129 26 fioromanga
431 2876 64 22 ereelc,

81 2905 32 19 and
124 2912 34 11 one
167 2904 40 19 '•ide
216 2904 21 18 of
248 2903 45 18 that
302 2904 43 17 tree
353 2903 18 18 is
381 2909 61 16 green
458 2902 38 19 and
508 2902 1 23 ■

82 2938 30 12 one
122 2931 38 19 side
170 2931 16 18 is
196 2930 42 24 dry.
266 2928 47 19 And
323 2929 16 18 if
348 2935 12 12 a
370 2929 72 19 barren
458 2935 39 12 wo-
508 2926 2 28 I

81 2963 39 14 man
136 2956 69 19 should
214 2956 47 19 visit
278 2955 45 18 that
341 2957 42 17 tree
400 2955 20 18 in
440 2955 58 18 order
508 2955 2 28 j

82 2983 37 19 that
128 2984 32 17 she
170 2989 44 17 may
224 2982 49 19 bear
283 2988 11 11 n
304 2981 61 23 child,
384 2980 35 19 she
435 2981 62 18 closes

81 3009 31 18 her
120 3016 41 16 eyes
169 3008 57 19 while
235 3011 33 21 yet
280 3007 82 24 afaroff,
369 3007 39 19 and
424 3007 16 18 is
450 3013 48 16 very

82 3035 64 19 cartful
156 3036 44 18 how
209 3035 34 18 she
252 3033 124 26 approaches
386 3033 35 18 the
431 3033 66 18 sacred

81 3064 41 19 tree,
134 3061 39 20 fkia
184 3061 52 18 kaua
246 3061 77 18 ehaere
334 3059 63 19 maori
407 3065 38 12 noa
456 3059 42 25 iho)

83 3093 18 12 as
109 3095 29 17 my
148 3088 105 18 informant
263 3088 48 24 puts
320 3086 22 18 if.
372 3086 26 18 So
414 3085 33 19 the
459 3091 39 13 wo-
510 3085 1 27 i

84 3119 38 13 man
132 3120 45 17 pecs
186 3116 19 15 1o
214 3112 93 19 embrace
318 3112 33 19 the
362 3114 48 17 tree.
438 3112 41 18 For
488 3118 12 12 a
510 3108 1 29 j

83 3139 40 25 long
132 3140 45 18 time
188 3139 32 19 she
231 3139 65 24 clasps
305 3138 35 19 tho
350 3138 62 19 trunk
429 3138 22 18 of
467 3137 34 19 the
510 3137 1 27 :

75 3167 43 17 .tree
127 3166 35 18 and
174 3165 44 19 then
234 3167 58 17 turns
306 3164 53 19 from
374 3164 15 19 it
400 3164 47 18 with
464 3163 37 19 her

83 3197 39 16 eyes
132 3192 35 18 <till
179 3191 62 19 closed
252 3191 39 18 and
299 3197 47 18 goes
354 3196 63 18 away,
429 3196 21 12 so
457 3190 44 18 that

83 3217 30 19 she
122 3225 41 11 niav
172 3219 34 17 not
215 3224 32 11 see
259 3216 63 20 which
334 3217 42 19 side
386 3217 21 17 of
417 3216 34 18 tho
460 3218 41 16 tree

84 3243 30 19 she
122 3243 34 19 has
165 3243 109 19 embraced.
304 3243 22 18 It
335 3243 18 17 is
363 3243 84 18 another
456 3248 35 19 per-

86 3275 29 13 son
125 3270 40 18 who
175 3272 54 16 notes
238 3269 35 19 the
285 3269 72 19 arrival
374 3269 21 19 of
410 3269 35 19 the
463 3274 26 12 wo-

85 3301 38 13 man
134 3298 17 17 at
162 3296 33 18 the
204 3298 41 16 tree
280 3295 19 18 It
315 3294 17 18 is
349 3297 36 15 not
400 3294 102 20 unknown

85 3324 17 14 to
111 3321 30 19 the
149 3322 88 22 tolmngn
245 3328 24 12 ns
279 3323 20 17 to
311 3321 63 18 which
386 3321 42 18 side
438 3320 21 18 of
467 3320 34 18 the

86 3349 35 16 tree
142 3348 16 18 is
181 3347 104 19 embraced
308 3347 28 24 by
358 3347 34 18 the
417 3352 87 13 wonian-

87 3372 64 20 Pliould
158 3374 31 18 the
200 3380 75 12 woman
287 3373 92 19 embrace
394 3373 35 18 the
438 3372 66 24 living

86 3398 58 19 sideof
151 3400 31 18 tho
191 3402 39 16 tree
238 3399 35 19 she
280 3399 38 18 will
325 3399 48 19 bear
378 3405 13 12 a.
400 3398 59 21 child,
468 3398 37 19 but

86 3424 13 18 if
107 3425 30 18 slie
148 3426 61 24 clasps
228 3426 34 18 t'no
282 3425 51 20 dead
350 3425 43 18 side
412 3425 49 18 then
479 3431 25 12 no

88 3451 44 19 child
151 3452 37 18 will
200 3458 52 12 come
264 3454 20 16 to
303 3451 88 23 glfidden
407 3451 43 18 her.
478 3450 28 18 At

86 3476 57 20 Oiilati
151 3485 10 12 a
172 3478 54 19 there
235 3478 17 18 is
263 3484 10 12 a
285 3484 47 12 man
344 3476 73 20 named
432 3477 29 18 Te
471 3476 22 18 Ai-

88 3504 115 19 ra-te-hinatl
225 3504 44 18 who
287 3510 42 12 was
346 3504 50 17 bora
416 3502 88 24 through

89 3528 28 19 tin-
126 3530 92 19 ii.lluence
228 3530 21 18 of
259 3530 45 19 that
313 3529 71 23 hinau,
395 3528 28 19 Te
432 3528 62 19 ITunn-

89 3554 113 21 hnna-a-Po.
230 3556 44 19 And
285 3555 89 19 children
382 3554 39 19 and
431 3554 63 24 grand-

87 3580 80 21 children
177 3582 50 19 have
237 3582 52 19 been
299 3582 50 18 born
360 3584 21 16 to
391 3581 49 18 him.

177 3635 27 17 Te
215 3634 187 18 llunahuxa-a-Po

181 3666 121 23 (Kgati-Apa.
313 3664 90 23 version.)

113 3693 38 19 The
160 3694 60 18 hinau
231 3693 16 19 is
263 3692 80 20 divided
356 3695 20 16 at
395 3698 54 12 some
468 3691 30 19 dis-

92 3721 49 16 till,ce
151 3720 47 19 from
209 3719 33 20 the
254 3719 78 24 ground
343 3718 39 19 and
390 3718 34 20 tlie
432 3717 75 19 branch

91 3747 27 16 lov
126 3746 43 19 .-.rds
178 3746 32 19 the
225 3746 65 24 rising
307 3751 37 12 sun
361 3745 18 18 is
395 3744 34 19 the
446 3744 53 24 pelen-

92 3773 33 16 tan
134 3770 3 26 ,
150 3772 58 24 (male
221 3771 86 24 branch)
322 3770 40 19 and
380 3770 45 19 that
439 3772 20 16 to
475 3770 35 17 the

92 3798 66 24 •silting
174 3805 34 12 sun
219 3798 18 19 is
256 3797 34 19 the
308 3796 148 26 pekn-wahine,
470 3795 30 24 (fe-

93 3824 43 18 male
153 3824 91 24 branch).
282 3823 43 18 Tho
349 3822 96 19 husband
463 3827 47 19 goes

93 3849 39 18 with
143 3850 30 19 his
182 3850 45 19 wife
237 3852 21 16 to
268 3849 34 19 tho
315 3852 42 15 tree
377 3848 39 19 and
436 3846 75 20 breaks

92 3880 9 12 a
110 3876 43 24 twig
162 3883 21 12 or
193 3877 54 23 piece
257 3876 21 18 of
287 3874 51 19 hark
353 3875 50 18 from
415 3874 34 18 the
459 3873 50 25 peka

93 3902 39 18 lane
150 3909 21 12 or
197 3902 52 25 peka
259 3901 86 23 wahine,
366 3900 107 23 according
491 3902 20 16 to

94 3926 79 21 whether
183 3935 8 12 a
202 3935 33 11 son
247 3934 22 12 or
279 3927 102 25 daughter
390 3926 17 18 is
425 3925 85 19 desired.

94 3952 8 18 '1
109 3953 20 18 iie
139 3954 58 19 result
208 3956 20 17 of
239 3954 45 22 this,
299 3960 21 11 so
330 3959 46 18 says
393 3952 34 19 tho
438 3951 72 26 Ngatb

95 3979 42 24 Aja,
149 3980 16 18 is
174 3980 73 25 always
257 3979 134 24 satisfactory.

115 4031 38 19 The
160 4033 37 18 cult
208 4033 21 18 of
243 4033 36 19 tho
294 4031 79 20 riiollic
387 4029 79 26 symbol
476 4030 35 18 has

95 4062 56 18 never,
162 4058 11 18 I
188 4058 64 23 think,
269 4059 51 18 been
340 4057 69 19 traced
424 4059 22 16 to
463 4057 48 18 JNew

94 4081 86 23 Zenknd.
191 4085 36 18 hut
237 4085 35 19 the
282 4083 107 26 foregoing
405 4083 59 19 items
473 4081 38 19 will

97 4114 12 11 sf
115 4108 3 27 i
123 4116 20 12 vo
154 4113 18 15 to
180 4117 58 18 prove
250 4111 44 18 that
303 4112 53 16 most
371 4109 81 18 ancient
461 4108 50 18 form

122 4137 79 25 worship
217 4139 19 17 to
256 4137 52 19 have
327 4135 52 19 been
395 4133 116 21 irtroduced

515 143 1 25 i
522 146 47 19 liero
579 147 21 16 at
610 151 54 12 some
673 144 77 18 remote
762 143 77 25 period,
849 144 64 18 eitiier
923 143 27 24 by

515 167 1 31 |
523 172 33 18 the
566 172 100 18 ancestors
683 170 21 18 of
715 170 34 18 tho
765 171 82 22 present
865 175 45 12 race
930 169 22 18 of

522 197 77 19 natives
608 202 55 13 some
674 197 74 21 twenty
757 195 128 25 generations
904 200 46 19 ago,

522 230 22 11 or
554 223 25 23 by
590 222 53 18 their
652 221 138 26 predecessors
800 221 21 17 in
831 220 33 18 tho
872 220 50 23 days
930 221 22 18 of

521 247 149 22 Tiwakawnka,
682 246 99 24 orMaku,
791 253 22 11 nr
823 246 42 18 Toi.
885 246 66 19 There

522 275 16 17 is
548 280 26 12 no
584 273 63 19 doubt
656 275 44 17 that
708 272 76 25 phallic
803 271 87 23 worship
910 278 41 12 was

522 306 36 12 one
568 300 20 17 of
598 299 35 18 the
646 299 81 18 earliest
746 298 66 19 forms-
830 298 20 19 of
864 297 86 25 religion

520 325 99 25 practised
630 325 27 24 by
669 324 102 26 primitive
788 330 47 13 man
851 324 40 18 and
901 330 49 12 even

520 358 44 12 now
574 351 16 18 it
606 351 77 19 retains
697 357 14 12 -a
727 352 71 22 strong
814 350 48 18 hold
877 355 75 19 among

522 383 53 12 more
584 376 50 19 than
645 383 37 12 one
693 376 91 19 cultured
800 376 71 18 nation
885 376 22 17 of
917 375 34 18 the

520 402 56 21 East
604 402 43 19 The
657 405 63 16 traces
730 402 21 17 of
761 402 16 17 it
796 407 34 12 are
849 407 49 12 even
917 403 34 21 yet

518 431 42 16 •not<
567 429 12 18 d
590 429 20 18 in
621 428 94 19 Western
725 427 87 24 Europe,
830 427 40 18 and
887 426 16 19 it
913 426 38 19 has

520 454 99 24 probably
629 454 51 19 been
690 453 77 19 carried
784 454 52 17 from
847 454 35 17 the
892 452 48 18 Asia-

520 480 26 18 tic
555 480 117 19 fatherland
687 480 26 24 by
723 479 35 18 the
774 480 101 17 ancestors
885 479 21 17 of
917 478 33 19 tho

520 505 71 23 Maori,
604 506 31 18 far
642 506 43 18 and
706 504 51 20 wide
776 511 48 11 over
842 504 34 18 the
892 506 59 23 great

517 538 62 12 ■ocean
591 532 75 24 during
682 537 61 17 many
756 531 100 18 centuries
866 530 21 18 of
898 536 39 12 wan-

520 557 76 24 dering,
607 558 42 18 and
657 557 69 24 finally
744 557 80 23 expires
834 562 22 12 as
875 557 27 17 Te
913 556 38 19 llio

520 590 10 12 o
539 583 82 19 Kataka
626 584 23 18 of
652 583 34 19 the
692 583 98 19 Urewera
797 582 39 18 and
843 581 27 19 Te
877 582 62 18 Iluna-

520 609 116 19 huua-a'Po
647 609 21 19 of
681 609 34 19 the
732 608 134 18 descendants
875 609 21 17 of
905 609 46 24 Apa

519 636 20 18 of
548 635 39 19 old.

635 669 36 21 £TO
682 673 22 12 UK
717 673 99 11 C'VNTIVUTD
823 667 8 22 ]

1201 81 58 19 TIIE
1286 81 59 21 HOT
1371 83 93 19 LAKES
1493 82 170 24 CHRONICLE,
1693 83 189 22 WEDNESDAY,
1911 83 137 19 JANUARY
2075 86 30 20 15,
2123 85 47 18 1896

518 717 150 19 HEADACHE,

564 739 146 21 BACKACHE,

611 762 177 19 INDIGESTION,

670 785 159 21 FLATUENCE,

725 808 67 17 SOUR
805 808 121 18 STOMACH
935 809 14 18 &

609 832 82 17 LIVER
703 832 157 19 COMPLAINT,

572 855 2 18 .
587 855 141 18 PROMPTLY
741 855 87 18 CURED
845 855 35 17 BY

619 878 136 18 CLEMENTS
763 879 84 16 TONIC.

517 925 14 16 T
535 925 60 16 [RED
599 924 119 18 NATURES
722 924 84 17 GREAT
811 924 138 18 RESTORER.

517 970 35 18 Mr
566 970 88 23 George
663 970 127 23 M'Donald,
807 971 33 17 Sth
855 971 93 19 Dimcdin,

609 994 72 18 cured
689 993 26 18 of
806 994 58 19 N.Z.,
887 995 63 17 writes

587 1017 121 23 Swellings
719 1016 24 19 in
808 1023 24 12 011
851 1018 51 22 Sept.
921 1020 27 17 20,

586 1040 144 23 Kneejoints.
806 1041 144 18 1801Ploaso

515 1065 66 21 accept
597 1064 32 17 the
647 1064 99 22 following
762 1064 103 22 testimony
881 1067 21 14 to
917 1065 32 16 tlio

515 1086 87 18 valuable
612 1087 88 22 qualities
708 1087 21 17 of
746 1086 96 18 Clements
851 1087 63 18 Tonic.
940 1088 8 17 I

515 1109 37 18 bad
562 1110 30 17 for
609 1111 42 16 four
660 1110 76 17 months
753 1115 11 11 a
781 1110 86 23 swelling
883 1110 20 17 in
917 1116 32 17 my

516 1133 107 22 kneejoints
632 1133 38 17 and
679 1133 71 20 ankles,
755 1133 85 22 brought
848 1140 24 10 on
881 1133 26 23 by
916 1140 32 10 ex-
960 1133 1 23 ;

515 1161 68 17 posuro
592 1158 19 15 lo
620 1157 37 16 wet
666 1156 37 17 and
710 1156 42 17 cold
761 1156 70 22 during
847 1157 32 17 the
896 1162 53 17 years

516 1180 9 16 1
535 1185 38 10 was
583 1180 57 17 coach
649 1180 81 21 driving.
756 1180 10 16 I
776 1185 38 11 was
824 1180 38 17 laid
870 1186 32 16 up,
912 1180 37 17 and

515 1202 54 18 could
578 1204 35 16 not
628 1203 51 17 walk
695 1202 81 18 without
790 1202 50 22 pain,
856 1203 93 22 although

515 1226 10 16 I
535 1231 36 11 was
581 1226 38 16 free
627 1226 48 17 from
682 1226 45 21 pain
741 1225 56 17 while
807 1226 67 22 sitting
882 1232 21 11 or
919 1227 20 20 ly-

515 1249 33 22 ing
557 1248 61 22 down;
627 1249 17 16 it
651 1254 39 12 was
699 1249 44 22 only
761 1249 54 17 when
830 1254 32 17 my
878 1249 71 23 weight

515 1278 39 11 was
562 1278 24 10 on
592 1278 31 16 my
634 1272 55 17 limbs
698 1272 42 17 that
749 1272 32 17 the
788 1272 46 22 pain
838 1278 37 11 was
880 1278 67 11 severe.

516 1296 8 16 I
534 1295 54 17 could
604 1297 33 20 got
645 1301 25 11 no
687 1300 41 12 ease
745 1296 49 16 from
811 1295 34 17 oils
859 1301 20 11 or
896 1296 53 17 other

514 1319 107 19 treatment,
648 1319 9 16 1
667 1318 97 18 consulted
782 1324 35 11 one
826 1318 70 21 doctor,
907 1319 42 17 who

515 1341 39 17 told
561 1347 29 12 me
599 1342 10 16 I
618 1341 38 18 had
667 1341 128 21 rheumatism;
807 1342 23 17 lie
842 1342 106 22 prescribed

515 1371 11 10 a
532 1364 91 21 liniment,
632 1365 38 16 also
677 1371 9 10 a
693 1365 88 20 mixture,
790 1365 9 16 I
809 1366 33 21 got
848 1371 24 11 no
881 1365 66 17 belter.

515 1388 86 22 Reading
616 1394 35 11 one
668 1388 20 17 of
702 1394 48 15 your
764 1388 161 20 advertisements,
938 1388 9 17 I

514 1411 84 17 resolved
607 1413 20 15 to
637 1411 43 21 give
696 1411 96 18 Clements
801 1411 57 17 Tonic
867 1418 10 10 a
894 1411 53 17 trial-

515 1434 54 17 After
580 1435 32 16 the
620 1435 42 17 first
681 1434 60 18 bottle
754 1435 9 16 I
773 1441 38 10 was
820 1434 96 22 satirised
929 1436 20 15 at

514 1457 58 22 being
584 1458 41 16 able
637 1459 20 15 to
675 1458 49 16 walk
745 1458 45 17 with
801 1458 34 17 less
851 1458 51 21 pain,
912 1458 33 17 sol

515 1481 100 17 continued
623 1481 17 16 it
648 1481 61 17 forsix
719 1481 66 20 weeks,
795 1481 38 17 and
848 1487 28 11 am
884 1481 65 22 happy

514 1505 20 16 to
543 1509 33 17 say
582 1504 26 17 all
614 1504 87 22 swelling
709 1504 38 17 had
760 1509 55 17 gone.
841 1504 23 17 In
882 1505 39 16 fact
938 1505 10 16 I

514 1533 38 11 was
561 1527 61 20 cured,
628 1533 20 10 as
658 1528 83 17 formore
745 1527 47 17 than
797 1527 66 17 twelve
872 1528 77 16 months

515 1551 9 17 I
533 1551 47 17 have
585 1550 49 18 been
642 1550 39 18 free
685 1551 48 17 from
736 1550 25 17 all
766 1550 43 22 pain
815 1550 34 17 and
855 1550 92 22 swelling.

515 1574 16 16 A
540 1574 54 21 great
606 1573 81 18 number
695 1574 19 16 of
724 1580 30 15 my
764 1573 70 17 friends
843 1579 31 11 are
888 1579 61 11 aware

514 1597 20 16 of
543 1597 31 17 Hie
583 1597 59 17 above
652 1597 53 20 facts,
715 1602 21 12 so
743 1602 37 17 you
785 1602 31 11 are
825 1599 19 15 at
853 1597 69 22 liberty
928 1598 20 15 to

514 1625 32 12 use
555 1620 37 17 this
613 1621 103 16 statement
728 1626 20 11 as
768 1626 38 16 you
816 1620 50 17 wish.
896 1620 6 16 L
910 1626 37 13 am,

514 1649 55 16 yours
576 1643 109 22 gratefully,
689 1644 75 21 George
770 1643 110 19 M'Donald,
888 1642 60 18 South

514 1663 94 21 Dnuedin,
618 1667 47 16 New
675 1666 88 18 Zealand.

540 1722 167 20 FIKEWOOD!
755 1722 166 19 FIIfEWOOD!

611 1775 18 19 I!
635 1776 51 18 ATA
699 1781 43 13 and
757 1775 63 19 TAW
823 1775 25 19 A.

514 1807 107 19 Delivered
642 1807 27 25 liy
689 1808 84 18 Kusabs
794 1807 57 18 Bros,
868 1809 21 17 to
907 1813 40 18 any

514 1836 45 22 part
572 1834 20 17 of
604 1834 35 18 Hio
650 1834 99 24 township
760 1836 20 15 at

587 1860 85 18 Lowest
684 1860 100 19 OvKiiiorr
797 1859 75 20 Kates.

541 1885 73 19 Orders
626 1886 91 19 received
729 1890 21 14 at
761 1886 34 18 the
805 1886 67 24 yards,
882 1886 7 17 'I
896 1885 41 18 line-

514 1919 43 12 moa
569 1915 72 16 Mrcet.

641 1960 19 18 N
679 1960 15 18 0
708 1960 15 18 T
739 1960 9 18 1
764 1959 16 19 0
794 1959 22 18 E.

515 2011 32 25 'I"
556 2011 39 19 HE
606 2011 171 19 FOLLOWING
787 2011 71 23 Goods,
869 2011 79 25 freight
957 2011 2 25 I

529 2044 11 12 i.
581 2038 47 25 paid
639 2043 20 13 lo
675 2041 20 15 K<
704 2041 57 15 torua
771 2045 34 11 :

515 2070 79 19 Double
606 2070 92 19 Wooden
709 2069 108 24 Bedstead,
834 2070 34 18 '22s

553 2111 12 8 ~
603 2096 48 19 Iron
750 2110 12 9 ~
832 2097 36 17 40s

554 2137 11 8 „
574 2122 167 19 Brass-mounted
751 2136 11 7 ~
779 2124 42 20 -JBs,
833 2122 41 22 08s,
887 2122 34 18 80s

514 2148 48 19 Best
573 2149 75 18 double
660 2156 11 10 v
679 2149 26 17 ire
717 2149 123 22 Mattresses,
853 2149 10 17 2
866 2148 3 23 ;
872 2154 16 11 >s

652 2174 39 19 flax
853 2175 36 17 24s

576 2215 11 9 ~
654 2200 73 25 Kapok
739 2200 43 18 Bed
793 2201 35 17 -10s

620 2226 54 19 Cash
694 2232 53 12 wnn
763 2228 78 16 Ojinuit.

540 2253 177 25 Paperliangings,
729 2260 9 10 a
751 2253 57 24 largo
818 2251 63 19 stock,
900 2258 47 18 very

513 2279 70 24 cheap,
613 2279 52 18 Send
677 2281 31 16 for
717 2282 98 21 patterns.

531 2315 42 31 Tx
595 2314 59 32 W,
674 2314 255 35 MAXJNDKE.,

626 2356 20 17 II
656 2356 18 18 A
685 2356 20 18 M
717 2356 9 17 I
738 2355 17 18 L
765 2355 15 18 T
791 2357 15 17 O
817 2355 25 18 N.

516 2404 228 40 HINEMOA
760 2389 36 54 ~S
810 2404 20 40 T
845 2404 21 40 O
882 2404 20 40 R
918 2389 28 55 E,

704 2472 109 21 KOGERS
829 2473 73 19 directs
919 2477 20 14 at-

534 2506 6 9 >
553 2507 5 7 »
594 2500 77 18 tention
682 2502 20 15 to
710 2500 35 18 the
755 2500 105 24 following
867 2500 52 18 linos
929 2500 21 18 of

518 2532 90 41 Gllli
618 2532 102 39 ISTtc
730 2532 52 38 M

520 2581 99 19 l'vcrofi's
627 2581 113 20 Snowdrift
750 2580 52 19 N.Z.
810 2580 63 19 Flour

518 2607 102 22 Sultanas,
631 2606 100 19 Muscatel
740 2606 41 19 and
789 2606 98 19 Yalencia
902 2606 40 18 I'ai-

569 2632 48 19 sins.
629 2633 39 18 and
679 2632 97 19 Currants

519 2659 48 24 Figs
575 2659 40 18 ami
625 2658 112 19 Preserved
747 2658 84 26 Ginger,
842 2658 70 25 Spices

517 2685 77 19 Lemon
603 2685 40 19 and
654 2684 81 25 Orange
747 2684 50 19 Poel

573 2711 70 19 White
654 2711 113 24 fc'ugnr—A
783 2710 115 25 Speciality.

521 2738 48 18 New
580 2737 91 19 Zealand
679 2737 62 24 Dairy
749 2736 145 20 Association's
902 2736 39 19 But-

623 2766 37 16 ler.

544 2790 60 19 TEA.
663 2789 115 20 COFFEE.
832 2788 94 20 COCOA.

519 2839 88 19 General
620 2839 128 19 Assortment
765 2838 21 19 of
804 2838 150 25 Storekeeper's

696 2864 77 19 Goods.

513 2982 52 40 iTO
622 2971 41 51 £
664 2982 52 42 FROM
736 2982 70 40 THE
832 2980 122 41 BATHS,

524 3109 150 45 CBIRSS
692 3116 49 12 runs
759 3116 13 11 a
790 3110 113 22 wagonette
922 3107 24 19 he-

569 3146 7 8 •
609 3138 63 16 tween
688 3135 34 19 the
740 3135 38 19 Old
794 3134 109 25 Township
918 3134 39 18 and

524 3163 33 18 the
568 3161 66 20 Baths
644 3161 126 23 throughout
780 3161 34 19 the
824 3161 24 18 da
852 3167 18 12 v.

526 3225 48 19 Also
597 3224 200 22 AVliakarewarewa,
822 3222 73 19 Sodom
918 3221 41 19 and

562 3250 113 20 Gomoriah
686 3249 39 19 and
736 3249 58 18 other
803 3248 67 26 sights
877 3253 50 14 near

689 3276 35 19 the
736 3278 59 15 town.

626 3329 79 22 Fares
721 3327 139 23 Moderate.

630 3957 302 58 MiH

1445 995 60 24 (Late
1515 996 21 17 of
1545 994 113 20 Grosvcnor
1668 993 69 24 Hotel,
1749 993 81 25 Sydney
1839 993 7 24 )

1171 1091 485 60 STREWS

1075 1441 19 19 A
1115 1440 116 20 First-class
1245 1440 39 19 and
1303 1440 47 20 well
1360 1440 110 26 appointed
1477 1440 71 18 House
1557 1440 123 18 .convenient
1690 1440 20 17 to
1720 1439 35 18 the
1871 1439 1 29 j

971 1494 98 31 HOT
1083 1494 202 33 SPBIHGS
1309 1494 33 31 &
1361 1492 235 33 HATUBAL
1613 1489 260 34 WO'HBEBS,!

998 1552 56 19 HOT
1079 1551 91 20 LATHS
1193 1558 24 13 on
1235 1552 35 19 tlie
1289 1552 103 25 premises.
1429 1551 43 20 The
1482 1551 96 25 stopping
1589 1550 71 19 House
1670 1550 32 19 for

1084 1583 66 22 THE
1174 1582 61 23 SPA
1259 1583 108 23 HOTEL
1393 1582 168 23 COACHING
1584 1580 164 24 COMPANY,

999 1635 90 19 Coaches
1103 1635 65 19 arrive
1178 1636 52 18 from
1240 1635 72 25 Taupo
1322 1635 118 25 Thursdays
1448 1634 39 19 and
1503 1634 101 25 -Sundays,
1616 1633 39 19 and
1670 1633 58 19 leave
1743 1633 32 18 for
1790 1631 70 26 Taupo

971 1661 87 25 Fridays
1068 1661 39 19 mid
1118 1661 105 26 Mondays.

1216 1713 21 19 M
1249 1713 92 19 ODEE
1348 1713 40 19 AT
1395 1713 17 19 E
1435 1713 71 19 OIIA
1513 1713 18 19 E
1541 1713 16 19 G
1566 1712 44 20 ES.

1225 1811 111 19 BEFOEE
1352 1810 147 20 OEDERING
1510 1810 62 20 ELSE-

1031 1899 9 14 /
1069 1885 40 24 &

1188 1869 109 20 WIIEEE
1308 1870 58 18 TIIE
1386 1870 103 19 PUBLIC
1505 1869 55 20 AliE
1578 1870 26 18 IN-

1226 1928 88 20 VITED
1330 1929 33 19 TO
1377 1929 70 19 CaLL
1461 1929 58 19 AND
1532 1929 51 19 SEE

983 1973 353 35 TNEW
1351 1988 146 19 MATERIAL
1514 1988 32 19 IN

975 2006 56 31 mt
1054 2006 111 42 M||

1190 2047 163 28 SUITINGS,

1270 2097 169 28 GOATING3,

983 2136 33 63 (
1336 2146 171 28 vestings,

1388 2256 236 26 TZOIfSERINGS,

1220 2374 31 40 H.
1284 2373 40 41 \l
1362 2373 239 40 NEIGHBOUR'S.

1651 2139 4 7 1

998 2672 40 17 One
1047 2671 38 18 -And
1095 2677 9 10 m
1113 2670 41 18 half
1162 2670 54 17 miles
1225 2670 48 16 from
1282 2668 32 18 the
1323 2668 47 18 Post
1379 2668 62 17 Office.
1466 2667 31 17 All
1505 2667 81 17 Coaches
1593 2667 48 17 from
1648 2667 96 18 Tokaanu.
1750 2667 71 22 Napier
1827 2667 37 17 and

974 2696 86 16 Botorua
1069 2701 31 11 are
1109 2694 39 18 met
1154 2693 27 22 by
1190 2693 33 17 the
1314 2691 89 20 Coaches,
1414 2691 37 17 and
1459 2691 75 17 visitors
1543 2690 94 22 conveyed
1649 2692 20 16 to
1684 2691 32 16 the
1826 2690 39 17 free

1365 2715 21 16 of
1393 2714 75 22 charge.

1000 2747 44 19 The
1183 2745 17 19 is
1213 2745 36 18 Iho
1259 2744 66 18 Home
1336 2743 21 19 of
1367 2743 34 19 (he
1411 2743 88 19 Fnmotis
1514 2742 93 23 Crow's
1621 2742 66 23 Nest
1704 2742 105 30 Geyser,
1828 2742 36 19 the

975 2773 83 17 Witches
1068 2772 99 20 Cauldron,
1182 2771 123 22 Champagne
1319 2769 76 23 Geyser,
1412 2769 63 21 Milky
1488 2769 76 22 Geyser.
1581 2768 107 22 Flesh-pot,
1705 2769 90 21 Porridge
1811 2769 53 21 Pots,

976 2796 123 20 Blow-holes,
1108 2795 84 18 Hannah
1201 2794 39 21 Gey
1243 2799 34 14 ter,
1287 2793 32 17 the
1328 2793 67 16 Lesser
1407 2792 70 18 Crow's
1490 2792 53 18 Xest,
1557 2792 64 17 Venus
1637 2792 57 19 Bath,
1708 2792 75 17 Satan's
1800 2792 63 22 Glory.

976 2820 40 17 Salt
1026 2820 76 22 Spring,
1111 2817 148 20 Paddle-wheel,
1270 2816 36 18 and
1316 2816 72 18 several
1395 2815 54 17 other
1457 2815 61 22 sights
1525 2815 20 17 of
1552 2814 83 18 interest.
1661 2815 77 17 Guide's
1746 2815 29 17 fee
1785 2816 19 17 2s
1820 2815 45 17 each

976 2848 74 17 person.

1000 2866 39 16 The
1048 2865 75 17 HUICA
1136 2863 87 19 FALLS.
1248 2863 81 18 Visiters
1338 2863 19 16 to
1365 2862 32 17 the
1487 2860 95 23 conveyed
1591 2861 38 17 free
1638 2861 20 17 of
1665 2861 76 23 charge.

998 2912 42 17 The
1047 2910 160 19 accommodation
1215 2910 20 17 at
1244 2909 33 17 the
1305 2908 38 23 Spa
1392 2908 24 17 all
1426 2908 43 17 that
1484 2913 33 11 can
1534 2908 23 16 he
1574 2907 78 17 desired.
1684 2907 64 23 Every
1764 2908 103 18 Bed-room

978 2935 107 17 over-looks
1094 2935 31 16 the
1134 2933 92 18 Gardens.
1250 2932 77 18 Private
1337 2932 60 17 Suites
1407 2931 19 17 of
1435 2932 128 21 Apartments.
1592 2931 63 23 Large
1669 2931 156 23 Drawing-room
1839 2932 29 16 for

978 2959 73 16 Ladies.
1077 2954 127 21 Comfortable
1212 2955 163 21 Smoking-room.

1001 2981 53 18 THE
1067 2981 83 17 MAORI
1164 2979 104 18 CARVEL
1280 2978 98 17 DINING
1390 2977 71 17 lIALL
1470 2978 49 17 seats
1530 2982 35 12 one
1577 2976 87 18 hundred
1679 2983 76 16 persons
1771 2978 36 16 and
1823 2983 33 12 con-

978 3004 50 18 tains
1037 3004 25 17 all
1071 3004 84 21 separate
1164 3003 61 17 tables
1233 3003 30 16 for
1271 3002 74 22 private
1353 3001 70 22 parties
1432 3006 20 12 or
1463 3000 76 17 friends.

1002 3028 52 16 TIIE
1064 3027 85 17 LARGE
1158 3026 58 17 HOT.
1227 3025 67 18 COLT)
1305 3025 14 17 &
1329 3024 77 17 TEPID
1413 3023 139 18 SWIMMING
1558 3023 69 17 BATH
1635 3023 75 23 adjoins
1719 3023 32 18 the
1759 3024 108 18 Bedrooms.

1002 3051 40 17 The
1051 3049 121 19 SULPHUR
1181 3049 70 17 BATII
1259 3049 16 16 is
1284 3048 76 22 equally
1368 3047 104 18 efficacious
1480 3053 21 10 as
1508 3047 31 16 the
1545 3047 73 16 famous
1625 3047 62 17 Priest
1691 3047 50 17 Bath
1748 3048 21 16 of
1778 3048 89 17 Rotorua.

1003 3074 39 17 The
1049 3074 78 17 TEPID
1140 3072 69 17 BLUE
1223 3071 69 18 BATH
1299 3072 17 16 is
1324 3076 46 16 very
1378 3070 111 23 refreshing.

1189 3095 52 17 ALL
1249 3094 84 18 BATHS
1341 3095 39 15 free
1388 3095 21 15 to
1417 3093 80 17 Visitors
1505 3094 20 16 to
1534 3092 32 18 the

1034 3120 42 18 Iho
1087 3119 92 19 Grounds
1190 3124 35 13 are
1236 3117 41 19 li'id
1288 3120 35 16 out
1338 3117 21 18 in
1377 3117 67 18 choice
1465 3115 82 20 Eose-b<
1555 3115 29 24 ds,
1606 3116 140 22 Shrubberies,
1764 3116 103 20 Beautiful

980 3147 95 22 Flowers,
1087 3145 50 19 Pine
1147 3144 135 23 Plantations*,
1294 3143 51 19 Turf
1355 3143 74 19 Tennis
1447 3143 69 22 Lawn,
1532 3142 126 19 Promenade
1679 3142 40 19 and
1738 3143 130 19 Ornamental

980 3173 81 18 Lawns.

1035 3197 57 20 Good
1102 3197 61 19 Grass
1173 3195 112 23 Paddocks,
1298 3195 101 24 Stabling,
1411 3194 67 19 Horse
1488 3194 60 23 Feed,
1559 3195 32 18 &c.

983 3247 115 23 Visitors
1111 3245 136 29 conveyed
1256 3245 54 22 free
1320 3245 30 22 of
1358 3244 94 29 charge
1462 3246 27 21 to
1498 3245 69 22 meet
1577 3244 35 22 all
1661 3244 77 23 aches
1752 3245 104 29 proceed-

1266 3271 46 29 ing
1326 3272 27 21 to
1369 3270 120 23 different
1503 3272 78 27 parts.

1115 3320 141 23 TARIFF:
1275 3321 34 17 10s
1323 3319 56 19 PEE
1393 3319 66 19 DAY.
1487 3319 30 19 £2
1534 3321 33 17 10s
1577 3319 56 19 PEE
1646 3319 93 19 WEEK.

1010 3371 79 26 Special
1096 3370 125 20 concessions
1227 3371 20 17 to
1254 3368 98 20 Families
1359 3369 38 18 and
1406 3369 56 24 large
1470 3368 75 26 parties
1552 3368 85 26 making
1645 3375 10 12 a
1663 3369 125 24 lengthened
1795 3372 51 22 stay.

983 3421 87 19 Visitors
1081 3427 46 17 may
1137 3418 124 25 confidently
1272 3420 61 17 count
1342 3424 53 19 upon
1407 3424 59 18 every
1476 3424 45 13 care
1532 3418 38 19 and
1580 3418 100 19 attention
1691 3420 20 17 to
1721 3418 54 19 their
1781 3420 92 23 comfort,

1287 3444 39 19 and
1336 3444 76 25 civility
1421 3444 51 19 from
1481 3444 35 19 the
1527 3444 52 19 staff.

1089 3471 115 20 First-class
1214 3470 71 19 Table.
1419 3470 126 19 Abundance
1556 3470 20 18 of
1584 3470 60 19 Fruit
1654 3470 20 19 in
1686 3470 81 20 Season.

984 3499 42 18 Tea
1037 3498 40 19 and
1087 3498 66 19 Coffee
1164 3496 72 20 served
1247 3497 19 19 in
1284 3497 35 19 the
1335 3496 79 25 Dining
1430 3496 49 19 Hall
1498 3496 104 25 mornings
1621 3497 40 19 and
1678 3497 123 19 afternoons.
1838 3497 34 19 No
1879 3496 1 32 |

1355 3525 58 17 extra
1423 3522 81 25 charge.
1879 3522 1 25 (

1277 3576 88 32 SPA
1677 3575 64 33 CO,

1164 3617 45 17 Run
1218 3616 81 18 Coaches
1308 3617 21 17 to
1337 3616 34 17 the
1379 3616 97 22 following
1484 3616 63 22 places
1555 3616 20 17 of
1583 3616 88 22 interest:
1673 3627 23 2 —

986 3650 134 25 Toltaanu,
1131 3648 116 25 Thursdays
1259 3648 38 19 and
1313 3648 99 24 Sundays.
1441 3647 52 19 Fare
1504 3649 27 17 ss.

988 3675 138 23 Wairakei
1139 3674 122 29 Geycexs,
1272 3674 61 24 daily,
1346 3672 93 26 Sundays
1448 3672 101 20 included.
1576 3673 52 19 Faro
1639 3676 21 16 2s
1671 3674 32 19 Gd.

987 3705 152 19 ARATEATEA
1146 3705 101 21 RAPIDS,
1258 3705 57 23 daily.
1339 3705 49 18 Fare
1400 3705 19 17 3s
1428 3704 30 18 (id.

988 3729 144 18 ItOTOKAWA
1145 3728 122 18 SULPHUR
1279 3728 77 18 LAICE.
1381 3728 49 17 Fare
1438 3728 19 17 7s
1466 3728 29 20 Gd,
1506 3733 37 16 any
1552 3728 50 17 time.

1014 3811 145 44 JECKLIfi
1251 3811 132 41 &
1384 3811 22 46 COTTER,
1432 3796 3 61 I
1488 3799 31 39 *

1065 3889 113 20 FAMILY
1195 3888 155 24 BUTCHERS,

1044 3945 80 19 Ahawa
1146 3944 92 23 Street,
1262 3944 69 19 Eoto;:
1336 3949 6 7 t
1343 3949 26 14 ja.

1019 3996 58 19 Have
1087 3996 20 17 to
1118 3993 42 19 thai
1170 3992 12 19 lr
1193 3993 37 19 the
1238 3992 77 19 Public
1329 4000 5 10 <
1343 3992 8 19 f
1363 3992 48 20 Ruto-

993 4029 35 12 rua
1042 4021 33 19 for
1084 4024 45 20 fast
1138 4020 41 18 lavi
1188 4025 35 13 urs
1233 4019 37 19 and
1284 4019 38 20 bcj»
1333 4022 20 16 to
1371 4021 52 17 Biate

993 4048 47 24 tliry
1053 4046 39 19 will
1109 4046 97 18 continue
1226 4048 20 16 !o
1263 4045 59 19 merit
1340 4046 85 24 cupport

993 4075 25 25 by
1031 4072 105 28 providing
1146 4072 36 19 the
1193 4071 43 19 best
1244 4072 78 25 quality
1334 4072 21 18 of
1372 4074 51 17 meat

1065 4121 36 21 AT
1115 4121 118 19 LOWEST
1247 4120 105 20 PRICES.

1529 3877 6 5 -
1573 3866 172 22 FEUITEEEH.

1471 3907 56 19 Next
1538 3906 99 20 Sadd'er's
1651 3907 57 24 shop,
1719 3908 107 20 Oliinnnul
1833 3917 17 11 u.

1449 3938 42 19 Has
1503 3938 73 25 always
1591 3945 11 11 a
1618 3938 51 24 geed
1684 3940 72 24 supply
1773 3941 22 18 of
1816 3942 61 19 Fresh

1521 3964 64 24 Fiuit,
1596 3964 48 20 botli
1660 3964 50 20 local
1720 3967 37 18 and
1769 3966 23 20 im-

1571 3990 71 25 ported
1654 3997 25 13 on
1691 3991 59 20 hand.

1615 4017 20 18 A
1644 4023 13 13 l
1667 4023 38 18 so,

1571 4043 15 18 A
1609 4043 43 19 well
1664 4045 90 18 assorted

1501 4067 56 20 stnik
1568 4068 22 19 of
1601 4068 86 25 Biscuit,
1700 4070 116 20 Confection-

1448 4100 35 20 ery
1494 4094 37 20 and
1543 4096 92 18 Summer
1648 4095 77 21 Drinks
1737 4099 22 17 at
1775 4098 105 20 Moderate

1625 4121 75 20 Prices.

1081 145 98 52 TH
1202 145 33 52 E
1284 145 31 54 H
1346 145 31 54 0
1408 145 30 54 T
1493 145 256 52 LAKES
1804 146 35 51 D
1862 146 14 53 I
1896 145 310 52 STRICT.

1207 226 93 19 Tourists
1309 226 40 19 and
1361 226 93 19 Invalids
1463 227 85 25 visiting
1557 227 35 18 the
1601 226 140 20 Wonderland
1752 228 21 18 of
1782 227 50 19 New
1842 227 91 20 Zealand
1943 226 42 19 will
1992 226 42 19 find
2044 227 34 18 the

1161 267 50 51 p
1358 267 143 43 ATO
1533 268 64 41 Tl
1695 268 241 42 UAHP
1962 268 59 45 W
2051 268 30 47 I

1161 306 56 33 VJi
1251 308 68 34 1\
1714 308 67 35 £%
1437 312 58 31 11
1533 310 64 32 JL#
1689 310 26 28 X
1730 310 24 28 X
1890 312 26 30 J.
1962 314 63 28 JO
2053 314 75 42 U,

1449 357 399 64 ROTORUA,

976 423 8 13 r
988 422 34 19 IP]
1028 423 27 18 IE
1068 425 53 17 .most
1131 423 86 25 elegant,
1229 422 181 19 comfortable-and
1421 423 44 18 hest
1475 422 110 25 appointed
1595 421 155 20 establishment
1759 423 21 17 in
1801 423 50 18 New
1867 421 97 26 Zealand,
1984 422 16 18 it
2019 422 62 25 being
2096 422 76 25 replete
2187 423 129 24 throughout

981 443 23 22 -1-
1446 448 48 19 with
1504 448 34 18 the
1550 450 51 16 most
1615 447 83 19 modern
1712 449 148 18 conveniences.

1000 473 58 20 THE
1072 475 92 19 HOTEL
1181 475 18 18 is
1216 475 21 18 in
1258 474 35 19 the
1311 473 117 20 immediate
1442 473 170 25 neighbourhood
1630 474 21 18 of
1670 473 34 19 the
1722 473 73 23 Priest,
1816 473 83 23 Rachel,
1919 473 125 19 Postmaster
2067 473 40 19 and
2122 473 58 19 other
2195 473 67 23 baths,
2281 473 35 19 the

974 500 89 19 curative
1073 501 113 25 properties
1195 500 21 19 of
1227 500 66 19 which
1308 505 34 14 a-re
1359 499 148 19 world-famed.
1536 499 54 19 Path
1599 499 68 19 chairs
1678 500 40 18 and
1729 500 117 18 attendants
1856 506 34 11 are
1901 499 98 25 provided
2010 503 20 14 to
2042 505 75 19 oonvey
2133 499 87 19 invalids
2236 501 20 17 to
2276 499 40 18 and

974 526 51 19 from
1035 526 35 18 the
1082 526 80 19 various
1174 526 142 19 bath-houses.
1344 525 43 18 The
1398 525 107 19 bedrooms
1515 525 39 18 and
1573 525 87 24 retiring
1681 531 67 12 rooms
1768 532 34 12 are
1820 525 59 19 iitled
1898 524 48 19 with
1975 524 76 26 special
2064 524 74 25 regard
2152 527 20 16 to
2186 525 35 18 the
2236 525 80 25 require

974 555 65 15 nients
1049 552 21 18 of
1079 555 70 22 guests
1159 552 20 18 in
1189 552 69 18 search
1269 552 22 18 of
1300 551 90 18 renewed
1402 551 98 24 strength.

1000 577 43 19 The
1058 578 61 19 Ilaths
1129 580 21 17 at
1162 578 34 18 tho
1204 577 129 20 Sanatorium
1345 577 52 18 have
1409 576 98 19 attracted
1518 583 60 17 many
1586 576 82 19 visitors
1688 577 21 18 of
1728 576 41 19 late
1787 583 73 18 years;
1887 578 95 22 amongst
1997 576 59 19 those
2067 576 46 19 who
2121 576 52 19 hare
2186 576 63 19 found
2258 576 58 19 relief

974 602 32 19 bei
1016 604 34 17 the
1060 604 144 22 convalescent,
1216 609 92 17 nervous,
1320 602 118 22 rheumatic,
1450 602 40 19 and
1501 602 100 24 sleepless.

1000 628 92 19 Eotorua
1101 630 18 17 is
1128 629 34 19 the
1181 633 66 14 centre
1267 629 51 18 from
1338 628 65 19 which
1423 628 27 18 all
1470 628 70 25 points
1549 628 21 18 of
1579 628 84 19 interest
1673 628 21 19 in
1711 628 34 18 the
1756 628 95 18 Thermal
1862 628 87 24 Springs
1964 627 85 19 District
2066 633 46 19 may
2127 627 25 19 be
2167 628 91 23 reached,
2277 627 39 19 and

973 654 74 25 special
1058 655 94 18 facilities
1162 661 33 13 are
1204 654 97 25 provided
1312 654 31 18 for
1352 654 57 18 those
1417 654 20 18 in
1448 653 69 19 search
1528 654 21 18 of
1557 653 33 19 the
1601 653 101 19 beautiful
1714 654 40 18 and
1769 653 127 19 marvellous.

1067 687 182 17 MAGNIFICENT
1262 685 176 18 APARTMENTS.
1566 685 87 17 XOFTY
1665 685 146 18 BEDItOOMS.
1930 685 116 18 PERFECT
2063 684 161 19 SANITATION.

1119 710 24 18 In
1155 710 55 18 short
1220 716 12 12 a
1243 715 125 13 imhs'l'-class
1381 708 173 19 Establishment
1564 708 87 25 offering
1660 708 61 25 equal
1729 709 96 18 comforts
1832 710 22 17 to
1865 708 35 18 the
1909 708 46 19 best
1970 708 64 19 hotels
2044 709 20 18 in
2074 708 87 24 Europe.

1641 740 10 12 o

1214 761 86 22 Suites
1318 761 27 22 of
1357 759 247 30 Apartments-with
1613 760 99 28 special
1726 760 156 23 attendance
1898 759 38 23 for

973 796 104 25 Spacious
1087 795 125 19 Promenade
1222 795 112 23 Balconies,
1345 794 58 25 Snug
1416 793 90 23 Alcoves,
1518 793 39 20 and
1573 793 128 25 luxuriously
1717 794 108 25 appointed
1837 793 104 26 Drawing,
1961 793 72 22 Music,
2048 793 152 23 Conversation,
2217 793 99 25 Reading.,

1427 820 98 25 Smoking
1535 820 40 18 and
1585 819 86 19 Billiard
1682 820 81 19 Booms.
1792 820 70 19 Baths.

1211 857 36 21 03-
1265 854 116 20 SPECIAL
1395 853 161 20 ATTENTION
1569 854 69 19 PAID
1648 854 37 19 TO
1698 853 120 21 CUISINE
1831 854 61 18 AND
1906 853 126 21 SERVICE.
2047 856 36 21 jgfl

1002 888 33 19 All
1047 887 178 20 communications
1237 887 27 23 by
1274 886 60 19 letter
1343 893 23 12 or
1377 886 98 24 (ehgram
1486 885 39 20 will
1536 886 76 19 receive
1622 887 81 23 prompt
1713 886 105 19 attention.

2007 938 250 55 Manager,

1912 1691 115 22 Visitors
2037 1693 27 20 to
2077 1692 46 22 the
2138 1692 53 23 Hot
2199 1693 91 23 Lakes.

1890 1827 63 18 •itiuit
1966 1827 11 18 d
2002 1827 20 19 in
2047 1828 34 19 ihe
2105 1827 49 20 New
2178 1828 138 20 Government

1884 1853 108 23 Township
2008 1854 19 18 in
2044 1861 53 12 c.ose
2116 1854 108 26 proximity
2243 1858 21 16 lo
2283 1855 35 19 the

1885 1878 70 24 Baths,
1973 1879 135 24 Sanatorium,
2128 1881 49 19 Post
2199 1881 61 20 Office
2278 1888 18 12 ai
2306 1882 11 19 d

1884 1905 91 26 liai.Wi.y
1984 1907 86 19 Station-

1909 1958 43 18 The
1963 1958 61 20 Hotel
2036 1959 16 19 is
2069 1959 125 26 luxuriously
2211 1959 106 20 furnished

1884 1985 37 17 and
1935 1985 77 20 lenliMe
2023 1986 46 18 with
2077 1992 58 18 every
2144 1986 135 20 corjvenier.ee
2288 1987 31 19 for

1884 2011 86 18 touri-ts
1981 2011 37 19 and
2030 2012 74 18 oihers.
2135 2013 17 17 It
2175 2020 10 12 c
2201 2013 91 19 minands
2308 2020 10 12 a

1884 2037 93 24 splendid
1988 2038 47 18 view
2046 2040 21 16 of
2078 2038 35 19 tl>f
2121 2038 56 20 Lake
2187 2039 37 19 and
2235 2040 16 18 is
2260 2039 47 19 with-

1884 2063 19 19 in
1914 2070 45 16 easy
1973 2070 66 13 access
2051 2064 22 20 of
2090 2065 33 19 the
2140 2065 78 25 Geyser
2233 2066 85 25 Springs

1884 2089 21 18 of
1916 2089 187 21 Whakurewarewa
2114 2091 38 19 aid
2164 2092 25 18 all
2203 2092 33 19 tlie
2255 2091 63 25 sights

1898 2116 7 18 f
1916 2115 34 20 the
1961 2117 84 19 district.

1899 2142 32 19 All
1942 2143 33 19 teh
1982 2150 66 18 grains
2060 2143 103 26 promptly
2173 2145 95 19 attended
2277 2148 28 16 to.

2020 2235 169 17 PKOPRIETOIi.

1915 2283 183 46 Robert
2133 2283 157 46 Wake
2329 2273 2 67 |

1888 2348 38 44 J3>
1933 2347 52 19 EGS
1994 2350 19 15 to
2022 2347 92 19 intiinato
2123 2347 45 19 that
2178 2347 25 19 lie
2274 2355 45 11 now

1909 2369 20 23 y
1959 2373 110 19 concluded
2080 2374 34 18 the
2127 2373 118 19 alterations
2258 2377 20 15 to
2288 2374 32 19 his

1885 2399 98 25 premises
1998 2400 19 18 in
2036 2399 78 19 Fenton
2131 2399 72 24 Street,
2218 2400 102 25 (opposite

1886 2426 34 18 the
1931 2425 68 19 Grand
2010 2425 79 25 Hotel,)
2100 2425 39 19 and
2150 2425 37 19 has
2196 2432 12 12 a
2215 2426 56 25 large
2280 2427 40 18 and

1887 2451 43 19 well
1942 2451 89 19 assorted
2042 2451 55 19 stock
2108 2453 21 17 of
2143 2451 34 19 the
2196 2453 111 19 undermen-

1887 2478 67 18 tioned
1966 2478 68 24 goods,

1888 2512 66 40 FOR
1977 2512 85 40 CASH
2281 2512 24 40 &
2117 2512 86 40 CASH
2217 2513 103 41 ONLY.

1913 2568 50 19 This
1973 2568 53 19 Rule
2037 2568 40 18 will
2095 2568 23 19 be
2135 2568 77 24 strictly
2232 2568 88 19 adhered

1888 2596 19 17 to
1918 2601 22 12 so
1952 2601 25 12 no
1988 2601 37 12 one
2036 2594 50 19 need
2098 2595 5 17 I
2110 2601 11 12 e
2131 2594 94 19 offended
2233 2595 16 18 if
2258 2595 65 18 credit

1889 2620 15 19 is
1916 2620 88 19 refused.

1889 2655 83 22 Men's
1983 2655 126 29 Mercery,
2119 2655 75 28 Hats,
2207 2655 43 23 &c.

1891 2685 84 23 Men's
1991 2686 50 22 and
2056 2685 76 29 Boys'
2150 2686 122 28 Clothing

1995 2735 13 10 ~
2120 2717 78 23 Boots
2210 2718 22 22 &
2243 2718 80 24 Shoes

1890 2748 137 27 Blankets,
2041 2748 80 28 Rugs,
2131 2748 100 29 Prints,
2246 2749 62 24 Flan-

1943 2780 121 26 nelettes,
2077 2781 47 22 etc.

1891 2812 115 27 Saddles,
2018 2811 108 28 Bridles,
2144 2813 46 22 etc.

2004 2882 103 25 Complete
2117 2883 61 19 Stock
2189 2884 21 18 of

1892 2913 92 30 Fancy
1998 2912 90 28 Goods,
2105 2913 152 31 Stationery
2274 2916 52 22 and

1944 2945 86 23 Books

1893 2977 195 23 Tobacconist's
2103 2977 92 29 Goods,
2207 2980 48 21 etc-

1882 3006 1 26 I
1894 3009 114 22 Musical
2023 3008 178 24 Instruments

1882 3039 1 28 1
1893 3039 112 28 Fishing
2019 3039 96 23 Tackle

1882 3070 1 35 |
1892 3071 123 22 Window
2022 3070 71 29 glass
2101 3071 21 22 &
2130 3070 78 31 Lamp
2217 3072 109 29 glasses.

1882 3123 1 26 |
1893 3123 94 19 LARGE
2003 3123 59 19 AND
2093 3123 235 21 WELL-ASSORTED

2040 3154 88 21 STOCK
2143 3155 34 19 OF

1882 3178 1 37 i
1908 3186 186 27 BIRTHDAY,
2123 3187 95 23 XMAS
2244 3188 71 23 AND

1949 3218 78 23 NEW
2048 3218 93 23 YEAR
2161 3219 113 24 CARDS.

1935 3271 68 19 Maori
2015 3271 73 19 Curios
2097 3271 22 19 in
2128 3272 64 18 Great
2201 3271 90 26 Variety.

1963 3323 118 19 First-class
2097 3323 86 20 Billiard
2194 3324 70 20 Table.

1896 3370 117 26 Prescripti.
2022 3377 24 12 ns
2057 3370 107 25 dispensed
2174 3372 27 24 by
2209 3378 12 13 a
2231 3371 102 21 Qualified

2055 3396 91 19 Chemist
2156 3400 21 17 at

1975 3429 129 31 ROBERT
2121 3429 136 32 WAKE'S.

2034 3482 162 23 ROTORUA.

2088 3540 56 13 IXLlli

1900 3561 409 87 Langham

1922 3657 49 24 (One
1977 3658 88 18 minute's
2074 3659 50 18 walk
2133 3659 49 17 from
2189 3659 32 17 the
2227 3659 73 18 Govern-

2049 3683 55 16 ment
2111 3682 76 23 Baths.)

2019 3739 175 23 TORMS
2203 3746 7 17 :

1927 3773 98 30 35sper
2045 3775 88 27 week;
2152 3775 30 23 6s
2196 3782 46 23 per
2251 3775 58 30 day.

1929 3804 61 23 Two
2001 3805 89 22 weeks
2100 3812 28 15 or
2137 3805 99 28 lonsrer,
2255 3805 54 24 30s.

2027 3895 187 21 PROPRIETOR.

1930 3941 175 23 WYNYARD
2119 3942 192 30 &PURCKAS,

1964 3975 130 19 Bamiisteiis
2102 3982 41 12 and
2155 3977 123 24 Solicitous,

1905 4013 79 20 B.N.Z.
1993 4013 118 24 Chambers,
2121 4013 68 22 Queen
2195 4016 29 23 St,
2232 4015 105 21 Auckland

1918 4092 36 25 yy
1996 4107 53 19 gage
2059 4101 21 19 of
2095 4101 99 20 Freehold
2210 4103 42 19 and
2267 4103 59 20 Lease-

1905 4126 49 20 hold
1964 4130 95 22 property
2070 4129 20 17 at
2101 4131 81 16 current
2190 4132 61 15 rates.

972 4215 103 41 Ask
1103 4214 71 39 for
1203 4213 263 40 Efancock's
1499 4214 274 40 Celebrated
1821 4215 193 44 XXXX
2046 4217 113 42 Ales
2188 4222 96 38 and
2312 4221 148 39 Stout.

2371 289 274 62 NOTICE
2678 290 101 60 TQ
2808 266 366 84 foußiSiT^

2373 331 100 22 luV/
2491 331 19 21 1
2528 331 115 22 iVaVu
2695 333 14 20 I
2731 334 47 20 W
2827 336 12 17 I
2863 337 208 20 WWltlW
3091 331 81 26 iw
3179 346 5 11 ■

2372 377 65 25 The
2455 377 215 31 undersigned
2690 384 53 20 are
2761 384 73 20 now
2849 380 139 32 running
3003 382 139 32 Buggies
3159 381 63 26 and

2339 410 140 26 Coaches
2501 410 32 24 to
2553 410 55 25 the
2620 410 165 31 following
2796 411 107 31 places
2916 412 34 25 of
2963 414 133 26 interest
3114 415 34 25 in
3168 415 53 25 the

2338 442 240 31 neighborhood
2596 444 32 24 at
2646 444 129 31 greatly
2798 444 135 26 reduced
2958 447 92 25 rates.
3098 447 124 32 Special

2339 475 182 25 reductions
2530 474 48 25 for
2591 475 90 31 large
2688 476 127 31 parties.

2338 515 329 23 WHAEAEEWAEEWA;
2704 516 164 19 WAIRAKEI
2888 518 21 18 &
2929 518 101 19 TAUPO
3039 515 3 24 •
3067 520 155 19 TIKITERE*

2479 538 145 19 TIKITERE
2636 538 21 18 &
2670 539 104 18 OKERE
2787 539 108 23 PALLS;

2352 586 94 27 Special
2458 587 168 25 Conveyances
2638 586 45 25 ar?d
2695 586 86 20 Saddle
2792 587 82 24 Worses
2885 591 22 17 to
2919 589 26 19 all
2958 593 61 23 parts
3034 591 22 19 of
3068 590 38 20 the
3123 590 85 21 district

2664 616 23 15 at
2699 613 115 24 {Moderate
2825 614 77 23 Plates.

2387 661 49 17 Bus
2441 661 78 17 leaves
2526 661 65 17 Lake
2596 661 86 22 House,
2691 661 84 23 calling
2781 662 25 18 at
2813 662 30 18 all
2849 663 82 19 Hotels
2936 664 47 18 and
2989 664 115 24 Boarding
3109 665 92 19 Houses

2364 684 37 18 for
2409 684 225 22 Whakarewarewa,
2644 685 68 18 twice
2721 684 117 23 forenoon,
2847 685 68 19 twice
2923 687 127 19 afternoon,

2530 716 46 46 J.
2610 716 309 47 FALLOQNA
2939 718 45 45 &
3010 720 96 49 Co.,

2839 782 322 56 Proprietors.

2357 847 130 25 BOOKING
2502 846 105 26 OFFICE
2619 847 60 25 AND
2692 846 133 26 STABLES
2839 846 144 27 OPPOSITE
2994 849 99 25 GRAND
3109 850 103 25 HOTEL.

2344 901 240 46 KUSABS
2618 900 154 46 BROS
2855 900 39 39 W.
2923 901 29 38 L
2984 901 181 42 WILLIAMS'

2451 967 217 32 MAMAKU
2801 971 219 24 PIONEER
3062 975 164 27 STORE,

2342 1007 74 40 SAW
2432 1007 25 40 &
2483 1005 152 41 PLANING
2657 1004 116 41 MILLS,
2878 1010 17 19 °
2899 1016 11 18 i)
2914 1004 4 43 >
2919 1011 60 18 ,osite
2994 1011 72 19 Pa,aco
3082 1011 66 23 IloteK

2345 1077 268 22 MOUNTHIN
2638 1075 137 24 RI7UY\J,
2811 1061 166 51 ''"'OILMEN'S
2992 1092 109 25 STORES,

2503 1120 41 13 TUE
2558 1119 53 13 oyLY
2880 1123 217 24 IRONMONGERY,

2346 1153 133 21 GENUINE
2494 1153 60 18 DRY
2569 1152 79 20 LAND
2666 1151 110 20 TIMBER
2787 1151 3 28 J
2932 1154 154 20 CROCKERY
3090 1155 91 24 WARE,

2450 1189 28 18 IN
2491 1188 52 17 THE
2557 1187 115 18 MARKET.
2985 1189 141 21 DRAPERY.
3142 1191 42 19 &c..
3194 1192 34 18 &e.

2345 1236 127 43 Messes
2492 1233 100 19 kusabs
2609 1233 71 18 bros.
2694 1233 37 21 beg
2748 1238 20 11 re-

2420 1258 101 24 spectfully
2527 1259 20 16 to
2556 1258 69 17 inform
2636 1256 31 17 tli<'
2679 1254 67 19 Public
2759 1256 20 16 of

2345 1284 79 14 ltotoiuu
2432 1283 33 15 and
2476 1281 73 20 vicinity
2558 1281 39 15 that
2606 1281 23 14 lla
2636 1285 10 15 y
2661 1280 43 15 have
2720 1282 22 12 est
2747 1281 20 13 üb-

2345 1304 54 16 lished
2409 1309 11 11 a
2429 1303 42 21 yatd
2480 1303 17 15 in
2511 1302 42 16 llim
2559 1305 78 15 mca-st.,
2647 1302 32 14 and
2695 1305 30 10 mm
2740 1305 38 10 now

2344 1327 62 19 ffujjpiv
2417 1326 29 14 IIIG
2453 1325 51 15 finest
2512 1324 44 15 class
2570 1323 18 15 of
2603 1322 82 18 Pirhlinjr
2698 1321 79 16 Material

2345 1346 16 16 in
2371 1342 30 22 l)iJ
2409 1342 75 22 Market.
2500 1346 14 14 jt
2526 1345 14 15 is
2548 1343 100 21 tunqualkd
2658 1345 16 14 in
2684 1342 93 20 duialiility

2345 1368 33 15 and
2387 1368 17 15 in
2413 1368 80 20 pervious
2502 1369 17 13 to
2528 1367 28 14 lite
2566 1367 68 14 ntiaeks
2648 1364 19 16 of
2680 1364 50 16 borer
2744 1364 33 15 and

2344 1389 31 20 dry
2387 1392 33 13 rot.
2443 1388 52 16 Their
2504 1393 17 9 wt
2525 1393 31 9 win
2559 1386 28 16 ills
2596 1392 26 9 are
2632 1386 48 16 lilted
2691 1386 27 15 wit
2721 1385 10 15 h
2747 1385 28 15 the

2344 1413 43 13 most,
2397 1410 44 16 mtidi
2447 1415 19 10 in
2475 1409 99 20 appliances
2584 1407 33 16 and
2627 1407 28 16 the
2664 1407 36 16 firm
2714 1406 15 15 is
2738 1406 37 16 able

2344 1435 17 12 to
2377 1432 62 20 supply
2456 1435 34 16 any
2505 1430 81 20 quantity
2603 1429 18 15 of
2637 1428 37 21 Dry
2692 1428 83 19 Building

2343 1453 81 15 Mateiial
2433 1458 21 10 on
2464 1453 29 15 the
2501 1454 36 13 shot
2543 1454 33 12 test
2584 1451 61 15 w-tice.

2345 1496 141 28 Skirtings,
2494 1494 178 26 Architraves,
2677 1492 80 23 Moul-

2379 1527 69 28 dings,
2461 1526 50 22 and
2521 1524 113 23 Dressed
2643 1524 102 22 Timber

2410 1557 27 23 of
2446 1563 80 22 every
2542 1555 165 29 description,

2436 1587 109 29 Always
2556 1593 33 16 on
2599 1585 84 23 Hand.

2370 1621 120 24 HENAU
2501 1620 107 24 HOUSE
2620 1619 128 23 BLOCKS.

2364 1670 50 16 Piice
2423 1670 46 16 Lists
2478 1674 20 10 on
2508 1668 103 21 implication
2622 1669 18 13 to

2342 1699 226 34 KUSABS
2604 1696 170 37 BEOS,

2417 1741 118 19 MAMAKU
2547 1746 31 15 oit.
2585 1740 114 18 OHAUPO.

2470 1770 27 18 Or
2505 1771 19 16 :it
2533 1770 33 17 tlio
2577 1769 69 21 Yards,

2365 1798 125 20 HINEMOA
2502 1797 102 20 STREET,
2625 1795 127 19 ROTORUA.

2344 1873 33 18 TO
2392 1872 58 19 THE
2464 1870 106 20 PUBLIC
2585 1869 34 19 OE
2636 1867 138 21 ROTORUA.
2785 1867 3 41 j

2349 1924 88 44 IBEG
2448 1926 21 17 to
2479 1923 65 19 tlianit
2553 1922 36 19 the
2601 1921 74 19 Public
2685 1920 22 19 of
2713 1919 50 19 Roto-

2363 1945 4 26 .
2397 1957 40 12 run
2455 1950 32 19 for
2501 1949 53 19 their
2561 1949 83 18 favours
2656 1947 75 24 during
2742 1945 34 19 the

2342 1980 45 23 past;
2398 1977 70 18 fifteen
2477 1982 65 19 years,
2555 1974 40 19 and
2610 1978 21 14 to
2647 1973 65 24 notify
2731 1971 44 20 that

2342 2005 31 18 for
2384 2003 34 18 the
2430 2002 132 19 convenience
2572 2001 22 18 of
2603 1999 99 20 residents
2711 1999 20 18 in
2740 1997 34 19 the

2343 2030 50 19 New
2405 2028 114 24 Township,
2531 2027 41 19 and
2582 2033 33 18 any
2629 2025 57 19 trade
2704 2030 59 19 gener-

2341 2056 43 25 ally
2386 2054 4 27 ,
2402 2056 8 18 1
2423 2055 52 19 have
2484 2054 54 19 built

2369 2090 53 19 New
2431 2089 104 19 Premises
2543 2094 21 13 ).x
2571 2088 59 18 Penr
2631 2093 26 12 ox
2664 2086 85 22 Street,

2343 2127 65 20 which
2420 2133 33 12 aie
2463 2131 45 13 now
2519 2131 51 18 open
2580 2124 31 18 for
2622 2122 99 23 business,
2737 2120 39 20 and

2342 2154 11 19 I
2364 2159 33 12 am
2416 2151 98 27 prepared
2537 2153 21 16 to
2571 2149 74 26 supply

2483 2185 71 19 PimiE
2573 2185 19 18 M
2598 2190 38 13 EAT

2342 2226 21 18 in
2375 2225 50 19 both
2436 2224 50 19 New
2498 2223 40 19 and
2549 2222 38 19 Old
2597 2220 126 25 Townships.

2377 2292 43 22 An
2433 2289 152 30 Inspection
2599 2289 23 22 is
2637 2287 108 23 invited.

2552 2328 103 21 HENRY
2669 2326 81 21 KIRK.

2391 2396 29 41 A,
2449 2394 69 40 AND
2544 2394 31 39 G,
2603 2390 127 47 BROOK,

2344 2448 82 24 BOOT
2441 2446 68 23 AND
2527 2444 82 24 SHOE
2629 2441 148 27 MAKERS,

2403 2481 86 19 EKN'ION
2505 2479 89 21 SIRKET,
2619 2477 4 35 I
2635 2480 88 15 OTORVA:
2787 2477 1 35 j

2345 2513 45 19 Ai-,d
2413 2514 22 18 at
2464 2509 82 20 Parnell
2570 2508 39 20 aid
2638 2505 137 22 Newtniukct.

2372 2566 65 18 Lnree
2447 2564 38 18 am!
2498 2563 65 18 vatied
2580 2562 30 18 St'
2619 2560 24 20 ck
2654 2559 21 19 of
2685 2557 90 26 English,
2785 2557 3 27 'I

2346 2592 21 19 F.
2377 2592 55 24 leigii
2444 2590 38 20 and
2495 2589 34 18 Col
2545 2585 39 31 ni:il
2597 2588 61 18 B''ots
2669 2588 36 17 and
2715 2585 62 19 Sho6a

2406 2620 22 17 i<>
2439 2617 71 19 choose
2523 2616 48 18 from
2584 2616 22 17 at
2618 2613 32 19 the
2662 2614 51 17 most

2380 2646 215 36 REASONABLE
2617 2644 127 33 PRSGES.

2413 2690 94 21 OEIUT
2521 2690 30 17 lit
2561 2687 47 20 ])!!'
2619 2686 94 20 TIOKS.

2373 2723 94 23 Clearing
2486 2724 37 16 cut
2542 2722 41 17 Sto.
2592 2719 11 19 k
2623 2719 32 19 for
2678 2717 75 25 Spiing

2500 2747 123 24 Shipments.

2349 2783 33 19 All
2398 2782 69 19 oulers
2483 2779 40 20 and
2540 2785 26 18 re]
2576 2778 39 19 airs
2632 2774 31 29 exj
2671 2774 106 25 editiously

2511 2804 102 21 exf-cu'ed.

2855 900 40 39 W.
2923 900 30 39 A,
2984 901 181 42 WILLIAMS'

2801 970 219 25 PIONEER
3062 974 164 26 STORE,

2878 1010 101 24 Opposite
2995 1011 71 19 Palace
3083 1011 64 21 Hotel.

2799 1059 137 27 GROCERY,

2840 1092 137 20 OILMEN'S
2992 1092 109 25 STORES;

2880 1123 217 24 IRONMONGERY,

2932 1154 154 20 CROCKERY
3090 1155 91 24 WARE,

2985 1189 141 25 DRAPERY,
3142 1191 43 23 &c.,
3194 1192 35 19 &cl

2829 1222 15 15 A
2862 1226 21 11 we
2890 1219 120 20 11—assorted
3026 1221 56 18 stuck
3100 1221 19 19 in
3137 1221 26 19 all
3179 1221 51 21 lines

2801 1245 22 18 of
2832 1246 34 18 the
2874 1246 63 19 above
2947 1249 20 16 tit
2977 1246 70 20 lowest
3058 1247 70 23 prices.

2802 1280 48 19 New
2862 1280 86 19 Zealand
2956 1281 65 25 Dairy
3030 1281 144 19 Association's
3182 1282 37 19 Fac-

2836 1308 45 22 tory
2893 1305 75 21 Butter
2978 1307 55 19 fresh
3043 1307 57 19 twice
3110 1308 82 25 weekly.

2875 1341 50 19 New
2937 1341 50 19 Laid
2998 1341 59 25 Eggs,
3069 1342 41 23 &e.,
3122 1343 34 18 &c.

2814 1393 162 18 Gowei*nsi-ie3si
2996 1395 47 17 Life
3065 1395 141 18 Cristti'ance.

2827 1428 46 14 LOW
2883 1429 115 13 PIUCMIUMS.
3096 1430 97 13 BONUSES.

2814 1456 34 14 The
2854 1456 111 14 Watchwords
2972 1458 17 12 of
2995 1458 28 12 the
3029 1457 48 14 Ollico
3083 1461 28 9 are
3118 1465 10 2 -

2848 1473 106 16 Liberality
2965 1474 20 12 to
2995 1473 158 16 Policy-holders.

2889 1490 98 15 Economy
2998 1490 19 13 in
3028 1490 139 16 Management.

2930 1506 76 13 state:
3025 1506 124 14 security.

2813 1526 117 13 Accumulated
2939 1526 55 14 Funds
3005 1527 57 13 exceed
3073 1527 15 16 ii.}
3098 1527 68 13 Millions
3177 1528 28 15 ntg.

2786 1553 1 18 !
2954 1555 14 13 J.
2977 1555 19 14 H.
3005 1555 135 15 KICIIARDSOX.

2811 1573 15 14 3]
3076 1573 130 14 Commissioner.

2802 1630 216 46 Rotorua
3036 1630 194 57 Bakery

2350 2935 430 40 CIEPEKTEB,

2455 2980 103 19 FENTON
2575 2978 102 21 STREET,

2443 3015 100 18 OITOSII'E
2592 3013 79 17 GRAND.

2374 3046 66 18 Stislies
2449 3044 53 18 made
2512 3044 19 16 to
2541 3042 60 18 order.

2445 3104 28 40 F.
2519 3101 171 46 GOODSON,
2713 3101 3 46 ■

2813 1831 105 32 BAKER
2929 1832 25 31 &
2966 1831 254 33 CONFECTIONER.

2853 1910 85 23 Bread
2952 1910 131 24 delivered
3099 1910 78 30 daily.

2853 1978 164 24 GROCERIES,

2994 2014 144 21 DRAPERY,

2799 2081 124 17 GENERAL
2928 2081 206 17 STOREKEEPER'S
3141 2081 90 17 GOODS.

3005 2133 178 42 STEWART,

2801 2193 107 21 SADDLE,
2923 2192 124 21 HARNESS,
3059 2193 55 16 AND
3132 2192 101 18 COLLAR

2968 2229 99 20 MAKER,

2844 2261 180 23 FENTON-ST.,
3038 2261 151 20 ROTORUA.

2801 2295 40 16 Has
2850 2294 39 21 just
2898 2293 72 23 opened
2975 2300 11 10 a
2992 2293 67 18 Choice
3066 2294 117 17 Assortment
3190 2294 20 17 of

2801 2324 144 23 SADDLES,
2953 2324 135 23 BRIDLES,
3093 2324 139 19 COLLARS

2825 2349 119 20 CHAINS,
2949 2348 71 21 BITS,
3026 2347 101 23 SPURS,
3135 2349 57 17 HAR-

2901 2371 76 19 NESS
2991 2371 83 23 SOAP,
3089 2371 39 19 &c.

2825 2418 71 18 Collars
2904 2418 55 18 made
2972 2419 20 16 to
3006 2423 83 13 measure
3102 2424 25 12 on
3144 2418 31 18 the
3190 2425 33 16 pro-

2864 2449 11 10 a
2884 2441 103 23 speciality.

2824 2464 124 23 Lengthened
2957 2464 108 23 experience
3072 2465 19 16 in
3101 2465 25 16 till
3135 2465 68 18 classes
3214 2466 20 16 of

2801 2488 94 18 Saddler's
2903 2488 58 17 work.
2987 2488 31 17 All
3027 2488 61 17 orders
3097 2488 97 22 promptly
3203 2490 20 15 at-

2799 2512 70 17 tended
2880 2512 25 17 to.

2846 2590 68 69 H
3020 2601 33 39 ffl,
3089 2601 119 47 SIMON,

2837 2663 6 13 !
2998 2653 38 24 (La
3039 2656 6 13 f
3048 2660 10 11 e
3065 2652 21 19 <>f
3095 2653 138 25 Melbourne.)

3007 2702 113 17 PRACTICAL
3140 2702 82 18 TAII.OIL

2998 2775 102 22 Clothes
3114 2776 74 21 made
3208 2776 25 22 to

2829 2797 61 37 Iflx
2904 2797 24 37 18
3024 2801 73 22 order
3114 2808 33 15 on
3163 2801 45 22 the

2829 2830 7 30 I
3050 2827 133 23 shortest

3068 2853 93 23 notice,

3011 2949 55 25 Style
3075 2956 18 11 ar
3102 2949 11 19 d
3126 2949 35 19 Fit
3172 2951 35 17 not
3217 2952 21 17 to

3004 2978 22 17 bo
3036 2975 92 26 tquailtd
3146 2982 19 11 in
3184 2978 55 18 town

2939 3010 40 26 3j?
3000 3012 109 19 Address:
3126 3012 112 19 AnuvaSt.

2939 3037 24 20 W
3070 3037 101 20 Rotoiua.

2808 3126 136 23 BARBER
2959 3126 21 21 &
2996 3125 242 24 HAIRDRESSER.

2354 3204 82 32 COAL
2454 3203 25 30 &
2498 3199 169 33 FIREWOOD
2688 3196 96 36 YARD,

2438 3246 144 19 PUKUATUA
2595 3244 101 20 STREET,

2378 3330 63 17 Goods
2450 3327 94 19 delivered
2552 3327 50 17 after
2615 3325 69 17 arrival
2697 3325 21 16 of
2730 3324 59 17 trains

2354 3356 21 16 to
2384 3354 26 17 all
2418 3353 52 23 parts
2479 3351 19 18 of
2507 3351 33 17 the
2548 3352 53 16 town
2608 3349 47 17 with
2663 3348 125 22 promptness.

2354 3387 63 23 Large
2427 3384 56 19 Stock
2497 3384 20 17 of
2533 3383 46 18 Coal
2596 3382 37 17 and
2649 3379 98 19 Firewood
2761 3378 19 18 al-

2425 3414 52 17 ways
2486 3413 25 11 on
2518 3406 53 18 hand
2581 3405 37 18 and
2627 3403 94 19 delivered

2495 3431 22 17 at
2524 3430 32 17 tlie
2569 3429 82 17 shortest

2538 3453 69 17 notion.

2380 3485 67 17 RATA
2452 3487 41 13 axd
2579 3485 26 14 at
2610 3483 80 15 lowest
2698 3482 69 14 hates.

2403 3525 158 20 UCICLAND
2575 3521 217 20 ADVERTISING

2514 3547 112 20 AGENCY,

2380 3575 99 17 Victoria
2491 3572 90 19 Arcade,
2596 3570 72 19 Queex
2683 3568 85 18 Street.

2413 3595 122 22 Advertising
2540 3594 21 17 in
2570 3593 26 18 all
2607 3593 25 17 its
2640 3591 97 18 branches.

2358 3621 54 20 New,
2426 3619 76 22 Unique
2518 3617 39 18 and
2570 3616 85 18 Tasteful
2671 3614 122 21 Advertising

2531 3640 92 18 Medium.

2382 3667 69 18 Orders
2460 3666 50 17 from
2518 3664 26 17 all
2552 3665 53 21 parts
2614 3660 90 20 attended
2712 3662 20 16 to
2747 3659 45 17 witli

2359 3696 42 11 care
2410 3689 39 18 and
2457 3687 114 23 expedition.

2810 3291 62 18 HAS
2889 3290 111 18 removed
3013 3290 26 18 to
3055 3289 37 19 his
3106 3290 74 18 NEW
3197 3290 32 19 SA-

2834 3322 84 18 LOON
2925 3322 179 22 Fenton-street,
3114 3322 106 23 opposite

2937 3351 66 22 Kirk,
3017 3351 103 19 butcher.

2853 3417 90 20 Setting
2956 3417 81 19 Razors
3050 3423 12 13 a
3077 3417 121 19 Specialty.

2837 3466 108 19 Choicest
2957 3466 91 18 Brands
3061 3465 86 23 Cigars,
3161 3465 70 20 Tobac-

2813 3495 46 17 cos,
2870 3490 39 18 &c.

2815 3520 138 59 b7~S.
3001 3533 35 44 C
3053 3534 186 18 oiilett
3240 3520 4 59 '

2921 3592 16 18 A
2949 3590 19 19 R
2976 3591 15 19 C
3001 3591 17 17 II
3029 3591 10 19 I
3048 3591 16 18 T
3071 3591 17 18 E
3096 3591 15 19 C
3122 3591 20 23 T,

2898 3626 95 24 Ruilding
3008 3626 106 24 Surveyor,
3133 3626 35 19 &c.

2817 3665 68 23 Agent
2908 3664 32 17 fi'r
2960 3663 34 19 the
3017 3663 97 19 National
3139 3663 45 20 Fire
3208 3662 37 21 and

2908 3689 169 20 Maiin'Blnt-urai
3087 3697 22 12 ce
3121 3690 34 19 Co.

2817 3739 49 22 HiT
2883 3740 17 19 O
2918 3739 19 19 K
2952 3742 18 17 O
2985 3740 11 19 1
3013 3741 16 18 A
3101 3740 46 21 IT
3162 3739 11 19 I
3187 3739 16 19 E
3220 3739 25 18 W

2377 3801 115 34 H.W,
2509 3797 267 36 mitchkll,

2458 3857 117 24 Sutljortecti
2586 3857 110 23 .Siivbcrov,

2507 3909 143 26 I^OTORUfI.

2385 3962 44 45 G
2443 3961 45 18 EO
2491 3960 160 43 'M°A
2662 3957 103 19 ULET
2768 3957 4 50 '

2364 4031 122 24 Plumber
2504 4029 20 23 &
2535 4028 112 24 General
2658 4026 138 24 Mechanic

2455 4080 130 19 TutaneiwU
2605 4078 92 21 Street,

2818 3824 243 33 BOABDIKG
3079 3822 166 33 HOU.SK

2818 3883 112 27 Opposite
2946 3883 38 20 the
3000 3885 53 17 Post
3064 3883 45 19 and
3121 3881 124 27 Telegraph

2995 3909 77 20 Office.

2820 3941 43 19 Anl
2885 3947 49 13 r«»nr
2955 3941 33 19 the
3008 3940 116 20 Celebrated
3149 3939 33 19 PR
3187 3939 5 17 I
3198 3937 47 19 ESP

2861 3967 114 19 RACHEL
2992 3967 39 19 and
3043 3974 5 10 f
3055 3966 44 20 t'.ier
3109 3965 96 22 BATIiS,
3213 3965 3 22 •

2963 3992 141 20 ROTORUA.

2852 4043 114 41 MRS
3009 4041 201 48 YOUNG,

2952 4093 167 20 Proprietress.

2897 4123 94 21 TERMS
3007 4123 159 20 MODERATE.
