2520 3970
608 529 131 33 PORT
760 530 288 37 NICHOLSON,
1068 511 261 49 SATURDAY
1347 527 243 40 MORNING,
1611 530 126 32 JULY
1759 532 52 35 24,
1835 533 96 31 XB4l.

47 539 60 33 No.
131 536 66 38 67.]

2281 532 98 41 [Vol.
2401 533 48 32 11.

1200 45 101 33 THE

50 108 455 135 NEW
614 103 868 132 ZEALAND
1592 103 853 140 GAZETTE

1194 263 102 39 AND

50 302 1143 160 WELLINGTON
1307 302 1142 160 SPECTATOR.

162 626 174 28 Wellington
349 624 138 28 Hospital.

41 659 253 56 SUBSCRIPTIONS
312 657 92 29 already
417 656 104 24 received
529 656 36 22 for
579 655 39 23 the

100 689 69 22 above
179 686 132 24 Institution
317 693 7 15 :
324 696 31 5 —
447 685 6 3 *

65 733 109 26 Collected
181 736 24 19 at
213 741 15 15 a
236 734 95 21 Sermon
336 730 127 30 preachedl
498 744 12 13 k
538 745 13 11 o
579 744 9 12 i

89 762 30 27 by
127 760 38 23 the
174 760 57 22 Rev.
241 760 29 22 R.
280 759 68 27 Davy
451 758 8 13 '

65 787 158 25 B.J.Benson
499 784 54 21 10
579 785 14 20 0

65 814 59 24 John
133 813 75 28 Kemp
218 812 60 28 (ship
285 812 75 26 Mary)
498 811 54 20 10
579 811 15 20 0

65 840 121 23 W.Moore
498 838 14 20 0
525 837 28 21 10
579 837 14 20 6

65 868 67 21 Waitt
141 866 45 22 and
197 866 71 27 Tyser
498 864 14 20 2
538 864 15 20 2
579 864 14 19 0

66 892 93 28 George
159 892 94 28 Hunter
497 890 14 20 2
537 890 15 20 2
578 890 15 20 0

65 918 175 25 RichardDavis
499 916 54 21 10
579 916 15 20 0

64 945 173 24 R.D.Hanson
499 942 54 22 10
579 943 15 19 0

65 973 59 22 J.O.
134 972 103 21 Western
498 970 14 19 0
526 969 27 21 10
579 969 15 20 0

65 998 133 24 Mrs.Jones
498 995 12 21 1
538 996 15 20 0
579 995 14 20 0

66 1026 123 26 Ridgways,
201 1025 52 26 Guy
255 1026 46 25 ton,
312 1023 46 22 and
365 1023 60 26 Earp
446 1035 20 7 ..
496 1023 14 19 5
531 1023 21 21 ,0
578 1023 15 19 0

64 1064 27 5 —
100 1051 139 23 Goodfellow
499 1049 11 20 1
538 1049 15 20 0
579 1049 15 20 0

64 1091 27 5 —
99 1079 146 22 Macnamara
498 1075 14 21 0
538 1075 15 20 2
579 1075 14 20 6

65 1107 21 22 J.
96 1105 29 22 D.
132 1103 113 23 Monteith
498 1101 14 21 2
538 1101 15 21 2
579 1102 15 20 0

64 1144 27 5 —
100 1131 90 22 Scholes
199 1130 46 22 and
252 1140 30 5 —
291 1127 92 24 Telford
498 1129 14 20 0
538 1128 16 20 4
579 1128 15 20 6

66 1157 155 25 Richardßall
499 1155 54 20 10
579 1155 15 20 0

65 1185 126 24 J.Jenkins
407 1193 60 9 ..•••
499 1181 96 20 100

66 1212 25 23 T.
101 1211 33 22 M.
144 1209 117 28 Partridge
270 1209 62 22 &Co
499 1207 14 21 2
539 1207 15 21 2
580 1207 15 21 0

68 1237 137 24 F.T.Yates
500 1234 55 20 10
581 1234 15 20 0

68 1265 120 22 R.Barnes
500 1261 15 19 0
540 1259 14 21 5
581 1261 15 19 0

67 1292 33 22 W.
110 1291 26 22 B.
146 1289 91 23 Rhodes
501 1286 55 20 10
582 1287 15 20 0

68 1319 94 22 Thomas
171 1314 120 24 Buckland
501 1313 11 20 1
541 1313 15 19 0
583 1314 14 19 0

68 1343 154 24 F.V.Martin
501 1339 13 21 1
541 1339 57 26 0,0

68 1371 113 22 W.Jones
502 1366 11 20 1
543 1366 12 19 1
583 1367 15 19 0

69 1403 160 29 Subscriptions
251 1409 39 15 are
312 1399 105 24 received
439 1402 24 19 at
484 1398 40 23 the
546 1398 79 23 Union

44 1432 67 26 Bank,
125 1431 44 21 and
184 1432 25 20 at
219 1428 39 23 the
275 1427 71 23 Office
364 1427 26 22 of
404 1426 40 21 the
461 1426 54 21 New
532 1426 94 21 Zealand

45 1460 90 21 Gasette.

68 1492 142 27 Wellington,
222 1489 55 28 July
285 1491 35 25 21,
331 1489 62 21 1841.

114 1536 39 21 To
167 1534 128 22 Builders
309 1532 56 22 and
379 1531 169 26 Carpenters.

181 1574 71 16 UNION
267 1573 74 15 STEAH
356 1571 46 15 SAW
416 1570 64 15 MILL.

44 1602 156 51 PERSONS
216 1600 100 23 desirous
325 1599 27 21 of
358 1596 141 27 contracting
507 1599 24 19 to
543 1599 62 20 erect
614 1604 12 14 a

110 1628 102 27 building
227 1627 36 22 for
278 1626 38 22 the
332 1625 77 22 Union
426 1625 76 21 Steam
518 1623 49 21 Saw
582 1623 45 23 and

45 1657 63 22 Flour
124 1655 56 27 Mill,
200 1661 54 20 may
272 1660 37 15 see
327 1651 40 22 the
385 1649 168 29 specifications,
570 1649 57 23 after

46 1683 93 27 Monday
155 1684 61 24 next,
232 1684 24 18 at
269 1679 39 22 the
324 1679 95 21 Gazette
435 1675 80 28 Office,
531 1675 45 23 and
589 1684 37 14 are

44 1708 111 28 requested
161 1712 23 18 to
191 1706 57 24 send
255 1706 25 22 in
286 1705 59 22 their
351 1704 91 22 tenders
448 1706 23 19 to
477 1703 44 21 Mr.
528 1703 98 22 Revans.

44 1736 44 22 The
103 1736 113 21 Directors
231 1733 28 22 do
275 1735 40 20 not
325 1731 58 22 bind
397 1729 135 23 themselves
542 1733 24 19 to
576 1729 51 23 take

46 1763 36 22 the
89 1762 75 22 lowest
172 1760 86 23 tender.

202 1788 29 21 G.
245 1787 27 22 B.
287 1786 67 27 Earn,

201 1814 25 22 F.
242 1814 30 21 A.
287 1809 153 28 Molesworth,
452 1809 13 23 I
478 1809 122 23 Directors.

201 1840 23 22 J.
238 1840 26 22 T.
280 1838 136 23 Wicksteed.
446 1834 12 30 J

71 1868 51 27 July
132 1869 32 26 19,
175 1868 62 21 1841.

106 1912 171 26 Wellington
289 1909 111 27 Baking
414 1909 150 25 Company.

47 1947 65 48 AT
120 1953 14 14 a
144 1944 147 23 MEETING
299 1943 54 22 held
362 1950 29 14 on
401 1941 109 27 Monday,
520 1940 54 27 July
580 1940 46 27 sth,

120 1972 38 22 the
174 1971 131 26 following.
310 1969 130 28 gentlemen
458 1974 59 15 were
539 1965 87 23 elected

47 2000 109 21 Directors
165 1998 27 21 of
198 1998 37 21 the
442 1996 5 5 '

47 2033 86 21 Messrs.
143 2031 22 22 J.
176 2032 101 24 Annear,
352 2030 93 21 Messrs.
455 2028 22 21 S.
487 2026 116 28 Marshall,

142 2058 34 21 W.
186 2057 127 26 Bannister,
455 2054 22 21 J.
489 2053 64 27 Seed,

142 2084 36 22 W.
190 2084 29 21 A.
231 2084 92 27 Cooper,
456 2081 22 21 J.
489 2080 80 27 Spiers,

143 2112 28 21 R.
180 2110 79 27 Davis,
455 2107 23 22 J.
487 2106 78 27 Wade,

141 2138 36 21 W.
188 2137 61 27 Hay,
457 2134 28 22 G.
496 2134 90 27 Young.

142 2165 27 22 R.
181 2162 132 28 Houghton,

72 2199 86 21 Messrs.
172 2197 37 21 W.
224 2197 28 21 A.
264 2196 93 27 Cooper,
374 2194 28 22 R.
414 2194 77 26 Davis,
505 2193 48 22 and
566 2192 62 22 John

48 2225 130 22 Wade-were
189 2223 87 22 elected
284 2222 111 22 Trustees.

72 2258 45 22 The
126 2258 47 21 first
187 2256 133 23 instalment
329 2254 27 22 of
362 2256 44 19 10s.
417 2261 41 20 per
466 2253 65 22 share
546 2252 20 22 is
576 2259 51 15 now

48 2285 22 22 in
80 2284 34 23 the
124 2291 76 15 course
211 2283 27 22 of
251 2281 127 27 collection,
388 2280 46 22 and
444 2287 52 20 may
503 2280 29 21 be
541 2279 54 27 paid
605 2282 22 18 to

47 2319 42 19 any
104 2311 26 22 of
144 2310 37 23 the
201 2310 126 25 Directors;
343 2311 24 18 to
381 2307 31 22 H.
428 2306 96 27 Garrod,
539 2304 88 29 Plough

50 2338 46 27 Inn,
107 2337 78 22 Petoni
193 2344 6 20 ;
211 2344 26 15 or
245 2339 23 18 to

298 2361 62 22 John
377 2360 81 27 Wade,
473 2359 128 22 Treasurer.

74 2397 142 27 Wellington,
227 2395 55 27 July
291 2396 33 26 21,
336 2395 62 21 1841.
418 2410 8 3 -

129 2441 122 25 Country
264 2439 78 21 Land
356 2437 187 22 Association.

51 2474 137 48 OFFERS
211 2474 35 21 for
264 2472 38 23 the
321 2470 98 28 disposal
437 2470 27 21 of
482 2469 103 22 Sections
607 2468 26 23 of

123 2500 145 22 COUNTRY
282 2498 97 26 LAND,
393 2496 91 27 already
501 2495 90 27 chosen,
607 2503 25 14 or

51 2527 121 22 unselected
193 2526 56 22 land
270 2525 82 26 orders,
367 2531 37 15 are
418 2522 70 28 ready
503 2525 23 18 to
548 2522 30 21 be
596 2529 34 14 re-

52 2554 77 26 ceived,
139 2553 121 22 addressed
322 2551 39 22 the
375 2550 105 22 Trustees
494 2549 26 22 of
530 2549 38 21 the
579 2549 53 22 Port

52 2580 115 22 Nicholson
191 2579 143 22 Association
356 2577 36 22 for
416 2576 38 21 the
477 2575 109 27 purchase
609 2575 26 22 of

52 2606 92 28 Country
271 2608 25 19 at
312 2604 39 23 the
374 2604 75 21 Stores
463 2602 26 21 of
506 2601 46 23 Mr.
569 2601 61 22 John

52 2632 72 28 Wade,
133 2633 144 27 Wellington.

301 2658 24 21 F.
340 2657 28 22 T.
383 2656 86 27 Yates,
480 2655 63 22 Hon.
554 2655 49 22 Sec.

74 2693 139 28 Wellington,
224 2693 56 28 July
290 2695 33 24 10,
334 2693 61 21 1841.

52 2738 174 47 NOTICE.—
224 2737 49 22 The
282 2737 57 22 Rev.
347 2736 46 22 Mr.
401 2734 147 27 Macfarlane,
560 2733 27 22 of
593 2733 37 22 the

125 2764 80 23 Scotch
212 2782 5 3 .
229 2763 96 27 Church,
350 2762 47 23 will
422 2761 100 28 perform
548 2761 83 21 Divine

53 2790 102 29 Worship,
172 2791 25 22 in
220 2791 82 25 future,
322 2790 25 22 in
366 2789 38 22 the
420 2788 114 25 Morning,
554 2790 24 18 at
593 2787 38 22 the

52 2816 75 23 Native
143 2817 90 29 Chapel,
247 2818 33 21 Te
291 2818 47 21 Aro
348 2816 57 27 Flat,
414 2819 24 18 at
446 2816 25 21 11
482 2813 94 28 o'clock,
587 2813 43 23 and

52 2843 23 22 in
86 2844 34 22 the
131 2844 125 23 Afternoon
268 2846 24 19 at
305 2843 39 22 the
359 2843 71 22 Court
444 2842 85 26 House,
543 2840 88 23 Thorn-

52 2869 40 22 don
101 2870 54 28 Flat,
165 2874 23 19 at
198 2878 13 15 a
220 2874 91 24 quarter
318 2872 53 26 past
379 2876 44 15 one
433 2868 94 23 o'clock.

77 2896 138 29 Wellington,
226 2897 56 27 May
292 2898 33 25 12,
337 2897 62 21 1841.

56 2940 152 49 PERSONS
232 2942 99 22 desirous
355 2940 26 23 of
401 2939 126 27 obtaininig
548 2938 82 28 Bibles,

112 2969 146 27 Testaments,
276 2975 25 15 or
317 2968 111 22 Common
449 2967 84 27 Prayer
548 2965 82 27 Books,

54 3000 33 15 are
93 2995 115 28 requested
216 2997 24 20 to
250 2994 67 28 apply
325 2997 25 20 to
358 2994 40 22 the

260 3028 57 22 Rev.
327 3027 30 23 R.
367 3027 75 26 Daw,
453 3025 79 23 Kumu
539 3024 65 24 Toto.

78 3053 51 30 July
136 3057 21 26 3,
167 3056 63 21 1841.

144 3098 157 28 Wanganui
315 3098 78 21 Land
407 3097 123 27 Agency.

57 3131 87 49 THE
167 3131 153 26 undersigned
346 3130 85 27 having
456 3128 88 23 resided
571 3136 62 14 some

114 3154 89 27 months
216 3161 25 19 at
253 3157 136 28 Wanganui,
407 3156 42 22 has
461 3156 61 22 been
538 3155 95 23 enabled

56 3186 20 19 to
84 3185 60 22 make
153 3185 92 23 himself
256 3179 136 33 acquainted
400 3183 56 22 with
467 3182 38 22 the
515 3183 57 21 -best
581 3182 52 22 sites

54 3210 31 22 for
92 3211 35 23 the
136 3212 105 22 selection
251 3211 26 23 of
282 3214 97 28 country
385 3210 80 27 lands,.
468 3209 47 22 and
523 3208 110 23 therefore

56 3237 45 22 with
114 3239 128 21 confidence
250 3237 91 23 tenders
350 3237 36 22 his
394 3236 97 22 services
501 3239 24 19 to
534 3235 99 27 proprie-

56 3265 45 26 tors,
116 3272 23 14 as
154 3272 29 15 an
198 3266 78 26 Agent
288 3264 35 22 for
338 3264 40 22 the
392 3262 121 33 selection,.
518 3262 53 26 sale,
581 3269 52 20 pur-

57 3289 64 29 chase,
132 3291 44 23 and
183 3292 88 27 leasing
278 3293 107 26 property
392 3290 26 22 in
426 3290 50 21 that
485 3288 93 23 district.

80 3323 80 24 Letters
167 3325 36 22 for
211 3324 39 23 the
259 3323 126 23 subscriber
390 3326 30 19 .to
433 3323 29 22 be
476 3321 121 23 addressed
610 3324 23 20 to

57 3347 33 24 the
98 3358 48 15 care
155 3352 26 21 of
190 3352 92 21 Messrs.
292 3350 80 27 Wade,
382 3349 147 28 Wellington.

289 3384 31 22 H.
338 3384 120 26 Churton,
470 3381 135 28 Wanganui.

238 3426 60 25 £20
311 3427 133 24 Reward..
485 3445 2 5 ,
633 3432 2 12 >

59 3451 81 37 fpHE
148 3455 151 28 undersigned
307 3455 46 22 will
361 3454 57 27 give,
422 3450 38 26 the
470 3453 71 21 above
548 3451 85 23 reward

65 3476 25 24 J.
123 3485 21 18 to
154 3490 45 20 any
209 3489 82 23 person
307 3488 25 16 or
347 3487 93 20 persons
456 3479 49 23 who
522 3479 47 22 will
582 3478 50 27 give

58 3505 47 23 such
111 3507 143 24 information
264 3516 24 14 as
298 3507 45 23 will
348 3503 55 27 lead
415 3509 24 19 to
454 3506 38 22 the
505 3505 128 22 conviction

58 3531 22 32 ??
89 3540 26 15 an
116 3542 15 19 y
137 3542 80 20 person
227 3542 25 15 or
260 3542 93 21 persons
362 3532 136 27 feloniously
503 3531 80 28 taking
588 3531 45 23 and

58 3556 71 31 killing
137 3568 43 21 any
188 3562 40 27 pig
237 3569 24 15 or
270 3562 49 28 pigs
327 3559 103 24 branded
440 3559 21 22 G
471 3559 30 22 D.

60 3611 7 2 _
409 3586 96 22 George
514 3585 91 21 Duppa.

60 3628 106 47 OIL.—
165 3631 48 23 The
231 3632 126 23 subscriber
372 3631 19 21 is
408 3629 110 28 prepared
533 3631 24 20 to
579 3636 52 21 pur-

127 3657 64 23 chase
210 3665 25 15 or
252 3658 66 22 make
337 3658 79 21 liberal
438 3657 111 21 advances
571 3663 61 20 upon

59 3679 32 23 Oil
99 3685 117 27 consigned
225 3688 22 19 to
256 3685 36 22 his
301 3684 97 23 London
412 3682 193 28 correspondents.

412 3717 32 22 A.
458 3716 76 28 Hort,
550 3716 55 22 Jun.

82 3739 136 31 Wellington,
228 3744 56 28 July
291 3746 20 25 9,
322 3745 63 21 1841.

63 3783 77 46 OIL.
141 3797 26 5 —
167 3787 49 21 The
237 3787 153 27 undersigned
411 3787 46 21 will
476 3785 109 34 purchase
609 3793 24 15 or

129 3813 63 22 make
201 3813 78 23 liberal
288 3814 112 22 advances
416 3820 30 14 on
463 3813 31 22 oil
510 3812 128 27 consigned'

62 3836 19 19 to
89 3836 51 24 their
149 3840 181 27 correspondents
341 3840 24 22 in
376 3839 102 23 London.

374 3873 82 22 Waitt
466 3872 44 23 and
521 3872 83 23 Tyser.
637 3883 1 12 i

87 3897 134 29 Wellington,
231 3899 53 28 July
294 3902 19 24 2,
325 3900 61 21 1841.

1374 619 4 5 '
1388 612 6 7 '
1407 619 87 21 Town
1507 619 85 21 Acres
1607 621 29 19 to
1651 619 58 21 Let.

1265 642 181 52 NUMBERS
1457 652 29 14 on
1496 644 38 23 the
1543 644 239 28 Surveyor-General's
1790 651 59 20 map,

1317 690 16 4 _
1375 692 3 4 .
1407 670 6 7 £
1460 672 41 22 510
1662 673 41 21 263

1292 703 45 22 For
1343 703 132 28 particulars
1482 704 70 28 apply
1560 707 22 20 to
1592 704 106 28 Wallace,
1710 703 81 28 White,
1806 703 45 22 and

1266 728 107 23 Wallace.

1291 773 113 22 Bowler
1414 775 55 20 and
1482 774 108 22 Smith's
1605 776 86 24 Store,
1706 775 37 20 Te
1757 775 65 20 Aro.

1266 799 91 34 rpHE
1371 800 117 28 following
1501 800 77 28 goods,
1595 808 29 14 ex
1637 802 38 19 Sir
1682 802 58 20 John
1752 801 97 27 Falttaff,

1273 822 30 25 JL
1339 825 35 22 for
1383 826 47 22 sale
1439 834 5 14 :
1445 838 29 4 —

1319 851 115 29 Blankets,
1444 853 88 22 various
1541 853 63 27 sizes,

1320 878 110 28 Blacking
1439 879 46 22 and
1493 879 99 27 brushes,

1319 904 105 28 Buttons,

1319 931 104 27 Bellows,

1319 957 71 22 Black
1399 958 52 23 lead
1459 958 25 22 in
1492 965 86 21 papers,

1258 993 2 16 ;
1319 983 98 28 Clothes,

1319 1010 82 22 Clocks
1412 1011 103 27 (Dutch),

1319 1037 189 28 Crockery-ware,

1319 1063 88 28 Copper
1414 1064 77 27 bowls,

1319 1089 57 28 Caps
1387 1090 156 28 (percussion),

1259 1131 2 3 -
1282 1125 9 6 •>
1319 1115 99 29 Cutlery,

1319 1142 78 28 Corks,

1259 1167 13 21 :i
1319 1168 138 29 Carpetting,

1319 1195 121 28 Druggets,

1319 1221 50 22 Eau
1378 1223 29 21 de
1416 1223 105 27 Cologne,

1319 1247 106 29 Floating
1433 1249 75 28 wicks,

1321 1274 156 29 Grindstones,

1321 1300 53 23 Gun
1383 1301 70 28 flints,

1320 1327 67 28 Hats,

1322 1353 61 28 Iron,

1322 1379 108 30 Lucifers,

1322 1406 137 29 Lanthorns,

1322 1433 105 28 Leather,

1323 1459 70 28 Mills,

1322 1485 72 28 Nails,

1323 1512 100 24 Needles
1432 1513 45 23 and
1486 1513 57 29 pins,

1324 1539 70 23 Pease
1405 1540 79 28 (split),

1289 1574 6 3 -
1324 1565 80 23 Porter
1411 1567 26 22 in
1444 1567 81 22 bottles
1535 1566 46 24 and
1588 1565 134 28 hogsheads,

1325 1592 73 28 Pipes,

1326 1618 189 29 Paper-hanging,

1326 1645 67 28 Pails,

1327 1671 71 29 Slops,

1327 1698 194 29 Ship-chandlery,

1327 1725 70 28 Snuft,

1327 1752 134 28 Stationery,

1327 1778 77 28 String
1413 1780 45 21 and
1467 1779 74 27 twine,

1298 1813 5 4 -
1327 1805 67 27 Soap,

1328 1830 63 29 Shot,

1327 1858 112 27 Tobacco,

1327 1884 100 23 Wheels.

1300 1910 22 22 A
1336 1912 104 27 quantity
1448 1912 27 21 of
1482 1911 95 23 London
1587 1910 45 23 and
1648 1910 125 23 Provincial
1787 1917 71 14 news-

1265 1933 94 31 ipapers,
1369 1940 25 19 to
1402 1938 29 22 be
1441 1938 50 22 sold
1505 1945 24 15 as
1544 1941 67 19 waste
1626 1945 77 21 paper,
1712 1938 35 21 for
1762 1936 97 28 packing

1265 1962 271 30 femd-'bther^purppjeg.^
1546 1986 6 4 ,
1597 1978 2 9 ,
1642 1979 46 12 M^
1707 1984 3 4 .
1724 1983 4 7 ,
1760 1976 103 16 .^..q^^

1396 2006 192 21 Second-hand
1602 2006 140 28 Clothing.
1766 2010 16 9 -'■
1800 2016 4 2 -

1275 2032 73 49 AN
1362 2035 134 19 assortment
1511 2034 26 20 of
1549 2032 147 28 gentlemen's
1706 2031 154 23 second-hand

1353 2058 107 28 clothing,
1477 2060 26 21 of
1515 2060 99 27 superior
1625 2059 66 22 make
1706 2059 44 22 and
1766 2058 92 29 quality,

1274 2085 87 27 worthy
1369 2085 39 22 the
1418 2086 108 22 attention
1536 2086 27 22 of
1569 2085 127 22 mechanics
1706 2085 44 22 and
1760 2085 81 22 others.
1854 2104 4 7 ,

1588 2112 98 22 Bowler
1696 2112 46 22 and
1750 2112 80 21 Smith.

1437 2152 85 21 Boots
1537 2152 54 21 and
1605 2152 92 20 Shoes.

1293 2178 16 21 A
1327 2178 23 21 N
1359 2178 116 21 extensive
1484 2180 134 19 assortment
1627 2178 26 21 of
1659 2178 99 27 superior
1765 2176 95 23 London

1275 2204 52 22 Jljl.
1354 2204 67 22 made
1434 2204 64 22 boots
1507 2204 46 22 and
1568 2204 64 22 shoes
1648 2204 26 21 of
1687 2211 67 21 every
1763 2204 97 27 descrip-

1276 2231 54 27 tion,
1345 2230 96 23 suitable
1449 2231 35 22 for
1492 2230 38 23 the
1546 2230 79 22 winter
1639 2237 87 20 season,
1743 2237 28 15 on
1782 2230 45 22 sale
1837 2233 24 18 at

1275 2258 99 21 Bowler
1385 2257 47 22 and
1441 2258 94 21 Smith's
1546 2258 81 26 Stores,
1637 2257 32 22 Te
1679 2257 56 22 Aro.

1360 2303 40 19 To
1416 2302 72 20 Boot
1501 2301 56 21 and
1571 2301 68 21 Shoe
1653 2302 118 20 Makers.

1276 2329 51 47 A
1354 2328 162 24 QUANTITY
1540 2328 26 22 of
1584 2328 72 21 men's
1683 2328 46 21 and
1754 2327 107 22 women's

1354 2354 94 28 English
1457 2355 51 21 butt
1515 2357 87 25 pattern
1612 2354 64 27 soles,
1684 2354 46 22 and
1739 2354 62 22 other
1807 2354 54 21 shoe

1276 2382 119 27 materials,
1415 2388 29 15 on
1463 2382 46 21 sale
1531 2383 24 19 at
1577 2381 99 22 Bowler
1698 2381 46 22 and
1766 2381 94 21 Smith's

1277 2409 81 26 Stores,
1369 2408 33 22 Te
1413 2408 54 22 Aro.

1303 2435 56 22 Also
1374 2442 15 14 a
1408 2437 34 19 set
1460 2435 26 22 of
1501 2435 55 28 shop
1573 2435 128 27 boot-trees,
1722 2434 26 22 of
1762 2433 100 29 superior

1278 2462 171 27 workmanship,
1459 2462 35 22 for
1503 2462 54 22 sale.

1331 2507 75 22 OPES
1416 2507 45 22 and
1475 2506 73 22 SHIP
1561 2505 193 23 CHANDLERY
1763 2505 35 21 for
1808 2503 52 27 sale,

1357 2536 23 19 at
1399 2533 89 22 Bowler
1501 2533 46 22 and
1561 2532 90 23 Smith's
1667 2532 81 27 Stores,
1758 2531 33 22 Te
1805 2531 56 28 Aro,

1278 2561 123 26 consisting
1410 2561 35 21 of:
1446 2571 29 4 —

1331 2587 76 28 Ropes
1417 2586 24 22 of
1449 2587 31 22 all
1489 2587 63 26 sizes,

1317 2620 2 7 1
1333 2614 111 27 Canvass/

1332 2640 78 22 Paints
1420 2639 45 23 and
1474 2639 48 26 oils.

1332 2666 136 23 House-line
1477 2665 45 24 and
1531 2664 113 27 mar-line,

1332 2693 97 26 Oakum,

1333 2721 136 26 Spun-yarn,

1332 2745 91 23 Thread
1430 2746 89 27 ratling,

1333 2773 107 29 Seaming
1448 2772 46 23 and
1503 2772 86 28 roping,

1333 2797 130 25 Stockholm
1472 2802 42 23 tar,

1333 2825 90 28 Bl«cks,
1433 2825 30 23 all
1472 2825 64 22 sizes.

1305 2851 56 23 Also
1377 2860 63 14 some
1454 2851 112 23 excellent
1579 2853 58 21 tents
1647 2851 35 22 for
1690 2857 92 22 persons
1795 2849 69 28 going

1278 2878 48 22 into
1336 2878 37 22 the
1382 2879 66 22 bush.
1664 2901 4 4 .

1354 2923 64 20 Van
1431 2922 137 21 Dieman's
1581 2921 77 22 Land
1672 2921 116 21 Timber.

1279 2949 51 48 A
1339 2949 108 22 LARGE
1461 2949 103 27 quantity
1574 2948 25 22 of
1611 2947 52 22 Van
1673 2947 117 22 Dieman's
1798 2945 65 22 Land

1357 2975 83 22 timber
1458 2975 26 21 of
1500 2975 89 22 various
1605 2973 137 23 dimensions
1750 2980 5 19 ;
1764 2972 69 32 /also,
1850 2979 13 14 a

1277 3001 63 28 large
1349 3002 103 27 quantity
1462 3001 27 22 of
1498 3000 101 23 Colonial
1607 3000 88 27 timber,
1710 2998 120 27 consisting
1839 2997 26 22 of

1279 3028 104 27 weather,
1394 3029 89 26 lining/
1489 3027 46 23 and
1543 3027 95 26 flooring
1646 3026 81 22 boards
1736 3025 45 23 and
1790 3027 73 19 scant-

1278 3054 49 27 ling
1335 3055 26 21 of
1372 3054 32 22 all
1413 3054 56 22 sizes
1479 3053 155 26 andlengths:
1655 3060 50 14 now
1719 3059 28 15 on
1764 3051 60 21 hand
1839 3055 25 18 at

1279 3081 37 21 the
1325 3084 70 19 stores
1406 3081 25 21 of
1438 3080 37 22 the
1484 3076 158 30 undersigned.

1305 3107 64 28 They
1378 3107 47 23 will
1434 3107 47 22 also
1489 3107 35 21 be,
1533 3106 76 27 happy
1618 3109 24 18 to
1652 3104 80 29 supply
1742 3104 62 22 those
1813 3103 50 23 who

1279 3133 79 23 intend
1367 3133 100 28 erecting
1475 3133 113 27 buildings
1596 3131 55 23 with
1659 3131 38 23 the
1701 3131 70 22 above
1779 3130 84 27 article,

1280 3163 39 19 cut
1336 3163 23 19 to
1378 3160 73 27 order,
1473 3159 26 23 of
1521 3166 46 21 any
1585 3157 139 23 dimensions
1742 3157 53 28 they
1811 3164 52 20 may

1279 3187 94 27 require,
1393 3187 47 21 and
1460 3185 134 23 deliverable
1613 3189 23 17 at
1655 3192 44 20 any
1717 3187 50 25 part
1784 3184 27 22 of
1825 3183 38 21 the

1280 3213 72 22 beach
1362 3220 30 15 on
1402 3213 39 22 the
1448 3212 96 22 shortest
1550 3211 84 22 notice.

1542 3239 62 21 John
1621 3244 46 15 and
1682 3237 61 22 Geo.-
1755 3236 82 22 Wade.

1307 3291 30 20 T.
1347 3291 38 20 M.
1396 3290 142 26 Partridge
1548 3290 22 20 &
1579 3289 46 21 Co.
1636 3288 71 21 offer-
1712 3287 42 20 for
1764 3286 68 25 Sale,

1281 3317 170 49 BOTTLED
1474 3319 76 23 porter
1573 3314 45 23 and
1635 3314 50 28 pale
1704 3314 36 21 ale
1756 3313 25 21 in
1803 3312 63 22 thr«e

1357 3344 72 21 dozen
1444 3342 71 27 casks,

1310 3370 65 23 Good
1384 3370 79 27 sherry
1471 3369 25 22 in
1505 3370 90 26 quarter
1606 3366 70 27 casks,

1307 3397 81 23 Mould
1397 3395 99 27 candles,

1307 3424 113 26 Windsor,
1430 3422 92 26 toilette,
1532 3420 47 23 and
1587 3419 80 29 yellow
1675 3426 61 21 soap,

1300 3451 109 21 -Window
1418 3448 59 28 glass
1486 3450 27 20 13
1521 3448 31 26 by
1561 3450 20 24 9,

1307 3478 160 22 Earthenware
1475 3475 25 21 in
1510 3477 77 25 crates,

1308 3504 106 27 Cooper's
1423 3509 66 19 ware,

1307 3531 85 25 Paints,
1402 3528 105 26 brushes,-
1514 3528 48 26 &c,

1307 3558 54 29 Slop
1371 3556 107 26 clothing,
1514 3566 10 8 -
1670 3571 5 4 -
1839 3565 5 8 *

1307 3579 96 31 Pickles,
1413 3588 84 20 sauces,
1508 3580 88 23 French
1604 3587 84 21 capers,
1703 3584 99 22 cayenne
1811 3584 43 20 pep

1281 3617 46 21 per,
1338 3609 108 25 mustard,

1308 3636 67 22 India
1383 3632 203 28 rubberblacking,
1597 3632 92 23 &C..&C.
1860 3643 2 13 :

1293 3683 3 3 .
1307 3663 56 22 And
1371 3669 52 16 now
1431 3660 100 27 landing,
1540 3660 57 22 from
1604 3658 38 23 the
1651 3658 114 21 Katherint
1772 3658 91 20 Stewart

1280 3690 82 26 Forbes,

1308 3715 117 29 Superfine
1435 3712 95 24 Dantzic
1538 3712 48 23 kiln
1596 3711 48 23 dna
1653 3711 80 26 ttfiour,

1307 3744 13 19 5
1331 3745 50 19 tons
1390 3742 57 24 zinc,
1453 3739 40 21 -for
1501 3739 93 26 roofing.

1354 3786 64 20 Van
1430 3784 138 21 Dieman's
1580 3782 78 21 Land
1672 3780 115 22 Timber.
1860 3791 2 16 :

1283 3812 88 48 FOR
1385 3811 87 27 SALE,
1488 3809 91 25 Boards,
1585 3807 143 27 .Scantling;-
1735 3806 44 22 artd
1791 3805 72 23 -Joists

1354 3838 26 22 of
1392 3838 31 21 all
1439 3837 55 22 sizes
1509 3835 45 22 and
1568 3834 95 28 lengths,
1675 3836 23 19 at
1712 3834 43 21 245.
1771 3840 40 20 per
1823 3834 40 20 100

1281 3865 50 22 feet.
1361 3863 76 29 Apply
1446 3867 24 18 to
1480 3863 37 22 the
1526 3860 156 27 undersigned,

1637 3886 86 22 Harry
1738 3886 97 21 Robsoh.

1922 619 128 21 Woollen
2065 621 120 26 Drapery
2197 622 221 27 Establishment,

1908 652 174 27 Lvmbtpnquay,
2101 654 105 27 adjoining
2222 656 103 21 Lambton
2343 657 89 21 Tavern.
2463 670 4 7 <

1882 685 37 47 J
1950 685 139 23 JACKSON
2106 687 58 28 .begs
2170 705 5 3 .
2182 689 142 28 respectfully
2340 692 28 19 to-
2378 690 84 23 inform

1922 722 12 11 •
1973 712 36 22 the
2020 713 143 23 .inhabitants
2180 715 26 21 of
2219 715 136 28 Wellington
2373 717 45 21 and
2425 717 36 22 -its

1881 737 99 29 vicinity,
1996 739 50 21 that
2058 739 29 22 he
2102 740 40 22 has
2155 741 102 23 received
2274 741 59 23 from
2348 742 38 22 the
2398 743 64 22 West

1882 764 84 27 Riding
2030 765 120 23 Yorkshire
2168 774 29 14 an
2204 780 4 7 .
2215 769 114 21 extensive
2351 769 64 22 stock
2437 769 28 22 of

1881 792 111 25 superfine
2007 791 70 23 broad
2089 792 79 28 .cloths,
2178 793 158 28 kerseymeres,
2349 795 111 28 doeskins,

1875 817 96 27 .tweeds,-
1987 817 68 28 drills,
2071 818 67 28 fancy
2150 823 114 24 cantoona,
2279 821 73 26 cords,-
2358 821 102 27 fustians,

1881 843 46 21 and
1949 844 161 27 waistcoatings
2120 852 5 19 ;
2154 845 47 23 also
2223 852 30 16 an
2279 851 133 19 assortment
2437 848 29 22 of

1881 870 104 21 merinos.

1908 895 86 22 N.B.—
1994 896 134 28 Trimmings
2138 897 26 22 of
2169 904 68 21 every
2246 897 132 30 description
2389 899 26 22 of
2423 900 38 22 the

1880 922 49 21 best
1938 922 92 28 quality.
2055 939 4 4 .

1907 948 55 28 July
1972 950 32 26 16,
2016 950 61 21 1841.
2404 982 56 4 _^

2046 993 39 22 TO
2098 993 64 23 THE
2176 994 120 24 LADIES.

1880 1025 149 27 Millinery,
2039 1026 215 29 Dress-making,
2269 1029 54 21 and
2336 1028 124 22 Embroi-

2135 1054 72 26 dery.

1882 1085 107 48 MRS.
2007 1085 27 22 T.
2053 1085 180 23 HONEYMAN
2242 1087 54 28 begs
2302 1090 24 19 to
2334 1087 81 23 inform
2425 1087 38 23 the

1964 1112 79 22 Ladies
2056 1112 28 22 of
2097 1112 136 28 Wellington
2248 1114 45 22 and
2308 1114 37 22 the
2358 1120 107 16 surroun-

1881 1138 54 27 ding
1948 1138 188 28 neighbourhood,
2147 1139 49 23 that
2208 1140 42 21 she
2264 1140 40 22 has
2320 1141 145 22 commenced

1881 1164 38 22 the
1928 1165 70 21 above
2013 1165 108 23 branches
2136 1166 27 22 of
2166 1165 120 27 .business;
2303 1167 46 22 and
2356 1167 59 21 from
2423 1167 42 22 her

1881 1190 54 28 long
1944 1192 130 27 experience
2089 1192 24 21 in
2122 1192 37 22 the
2175 1192 47 22 first
2236 1192 78 23 circles
2329 1193 26 22 of
2364 1193 39 22 the
2417 1200 48 15 me-

1881 1217 91 27 tropolis
1987 1218 27 21 of
2023 1218 38 21 the
2076 1218 87 22 mother
2180 1222 101 25 country,
2290 1220 57 22 -and-
2355 1219 39 28 by>
2403 1219 63 23 strict

1881 1244 109 21 attention
2009 1247 24 19 to
2051 1244 37 22 the
2107 1248 57 19 most
2185 1245 90 27 elegant
2297 1246 46 22 and
2366 1246 100 27 graceful

1882 1270 77 21 modes
1975 1278 23 14 as
2013 1270 53 28 they
2076 1272 70 21 arrive
2154 1272 63 22 .from
2232 1272 110 28 England,
2356 1272 70 28 hopes
2441 1276 24 18 to

1882 1296 67 22 merit
1957 1304 13 14 a
1978 1297 66 22 share
2053 1298 26 21 of
2089 1297 57 23 their
2152 1301 129 24 patronage.

1909 1322 130 31 Fife-place,
2051 1323 131 29 Hill-street,

1964 1350 54 27 July
2029 1351 31 25 15,
2067 1352 64 21 .1841.

1883 1393 184 48 WILLIAM
2081 1393 85 23 LYON
2179 1395 55 27 begs
2240 1399 23 18 to
2272 1402 118 16 announce
2398 1399 24 19 to
2429 1395 36 23 his

1979 1419 84 23 friends
2082 1420 56 23 and.
2145 1421 38 22 the
2204 1421 83 28 public,
2307 1421 49 23 that
2377 1422 30 22 he
2425 1422 40 22 has

1884 1445 89 28 opened
1980 1446 35 22 his
2025 1446 56 23 New
2086 1447 70 28 Store,
2164 1454 79 15 corner
2250 1448 26 22 of
2281 1443 184 28 Willis-street

1885 1472 47 22 and
1946 1472 190 28 Lambton-quay,
2147 1473 79 28 where,
2241 1474 25 22 in
2280 1473 98 23 addition
2394 1478 24 18 to
2430 1475 36 22 his

1885 1498 84 22 former
1977 1499 71 27 stock,
2059 1499 28 23 he
2095 1499 40 23 has
2145 1507 30 15 on
2182 1500 45 22 sale
2237 1500 38 22 the
2284 1501 112 26 following
2404 1501 63 23 fresh

1886 1525 97 27 arrivals,
1994 1533 28 14 ex
2032 1522 37 26 the
2076 1527 71 26 Mary,
2157 1527 116 21 Katherine
2283 1529 91 20 Stewart
2382 1529 83 24 Forbet,

1881 1552 51 22 and
1938 1552 132 27 Harrington
2075 1562 7 12 t
2083 1564 29 5 —
2320 1570 11 4 ..
2356 1551 38 32 ?*^.

1882 1593 3 5 -
1912 1585 49 26 270,
1963 1585 74 28 pieces
2046 1587 258 29 mouaseline-de-laine,.
2307 1588 129 28 containing
2452 1596 15 15 a

1886 1614 65 25 great
1959 1613 86 27 variety
2053 1613 27 22 «f
2086 1614 94 28 designs,
2324 1613 101 34 -js'*'^£-
2439 1621 5 18 >'

1915 1640 40 20 163
1961 1639 74 26 pieces
2040 1640 27 21 of
2072 1640 167 29 saxony,,plain,
2246 1641 92 28 figured,
2345 1641 22 22 &
2371 1641 96 28 printed,

1915 1665 98 22 Siamese
2022 1666 78 27 cloths,
2110 1666 59 23 lama
2178 1667 91 27 dresses,
2364 1684 2 3 .
2407 1672 23 24 y

1915 1691 87 22 French
2011 1693 105 27 merinos,
2126 1693 83 22 double,
2214 1694 72 27 twills,
2296 1693 122 28 shalloons,*

1915 1718 94 22 Orleans
2018 1719 77 28 cloths,
2106 1723 108 24 aatteens,.
2218 1720 96 28 alpacas,

1915 1744 91 29 Shawls,
2017 1746 74 27 scarfs,
2102 1746 45 22 and
2155 1746 177 28 handkerchiefs,

1916 1771 149 27 Manchester,
2068 1772 46 23 and
2123 1773 103 27 Glasgow
2235 1773 78 28 prints,
2325 1773 88 28 checks,
2424 1773 46 23 and

1887 1797 86 28 stripes,

1915 1825 101 27 Hosiery,
2025 1824 84 29 gloves,
2118 1825 44 22 and
2169 1825 80 23 lamb's
2258 1826 57 22 wool
2321 1825 73 29 shirts,

1914 1850 79 27 Tapes,
2003 1851 97 28 threads,
2110 1852 96 27 buttons,
2216 1852 47 22 and
2271 1853 83 27 braces,

1915 1877 23 21 A
1947 1882 61 22 large
2018 1881 132 19 assortment
2157 1879 26 21 of
2187 1882 73 23 gents,
2267 1880 97 27 wearing
2372 1879 97 28 apparel,

1916 1903 97 23 Brushes
2022 1905 45 21 and
2074 1905 75 22 combs
2158 1905 24 22 in
2190 1909 64 24 great
2262 1907 92 27 variety,

1917 1929 154 23 Gentlemen's
2081 1931 44 22 fine
2135 1931 60 23 dress
2204 1932 81 27 stocks,

1916 1957 23 20 A
1949 1957 64 21 small
2021 1960 133 26 assortment
2162 1958 26 21 of
2193 1958 137 27 stationery,:

1917 1982 130 27 Hardware,
2058 1984 133 25 carpenters'
2200 1983 65 28 tools;
2276 1984 118 28 andnaili,

1917 2009 65 26 Soap,
1994 2009 95 27 candles,
2095 2009 74 24 India:
2173 2010 85 22 rubber,
2263 2010 110 28 blacking,

1917 2034 94 28 Pickles,
2022 2042 85 20 sauces,
2118 2036 45 22 and
2170 2037 86 21 bottled
2265 2037 70 26 fruits,
2443 2049 3 6 •

1918 2061 65 21 Good
1992 2058 77 31 sherry
2079 2063 22 21 in
2111 2062 60 22 butts
2180 2063 45 21 and
2234 2067 90 24 quarter
2332 2063 71 28 casks,

1917 2087 55 22 Fine
1982 2088 94 27 English
2084 2089 80 27 honey,

1917 2114 82 22 Dahlia
2008 2115 45 21 and
2062 2115 68 21 ladies
2140 2115 80 28 starch,
2231 2115 25 22 in
2266 2116 50 25 Jib.
2325 2116 98 28 packets,

1917 2141 76 26 Stone,
2003 2141 86 27 thumb,
2098 2141 44 22 and
2151 2142 90 27 powder
2249 2143 59 26 blue,

1917 2167 87 21 French
2013 2168 133 27 perfumery,

1918 2194 116 22 Groceries
2044 2194 44 22 and
2096 2195 130 26 provisions,

1917 2220 62 27 Zinc,
1990 2220 66 28 hoop,
2067 2221 68 27 sheet,
2145 2221 47 27 rod,
2203 2221 45 22 and
2258 2221 40 22 bar
2305 2222 57 27 iron,

1918 2246 71 27 Pitch,
1997 2250 42 24 tar,
2048 2248 68 26 rosin,
2125 2248 80 27 paints,
2216 2247 32 22 oil
2256 2248 44 21 and
2304 2248 140 27 .turpentine.

1954 2275 109 25 Expected
2072 2275 55 26 daily
2138 2275 25 25 by
2173 2275 35 20 the

1919 2300 21 22 A
1949 2300 61 27 large
2020 2304 132 18 assortment
2161 2301 26 21 of
2194 2301 86 22 French
2289 2301 97 28 ribbons,
2417 2317 4 3 -

1917 2329 15 19 3
1942 2334 59 15 cases
2012 2328 27 21 of
2049 2328 147 26 gentlemen's
2209 2328 46 22 and
2269 2328 75 22 ladies'
2354 2329 64 21 boots
2427 2328 46 23 and

1891 2352 71 28 shoes,

1919 2382 10 19 1
1940 2380 50 22 bale
2000 2380 27 22 of
2034 2380 74 22 chintz
2117 2380 77 28 prints.

1892 2425 29 21 T
1941 2424 126 22 ANDING
2094 2425 57 22 from
2180 2424 36 23 the
2237 2426 116 20 Katherine
2380 2427 92 20 Stewart

1892 2446 28 27 A.
1924 2451 14 21 A
1966 2452 83 24 Forbes,
2060 2451 45 22 and
2111 2451 36 23 for
2156 2452 46 22 sale
2202 2463 29 4 —

1918 2486 15 20 2
1950 2484 72 28 hhds.,
2041 2485 128 27 containing
2185 2493 13 14 a
2215 2488 64 24 great
2295 2486 87 28 variety
2399 2486 27 21 of
2439 2486 43 22 tin.

1891 2517 66 21 ware,

1919 2538 80 21 Brown
2009 2540 66 25 stout,
2267 2538 88 23 Packed
2382 2539 24 22 in
2433 2538 41 23 red

1919 2564 54 21 Pale
1982 2564 43 27 ale,
2216 2571 12 15 >
2234 2564 75 28 boxes,
2340 2565 73 23 suited
2438 2566 36 21 for

1920 2590 74 22 Men's
2002 2591 64 21 boots
2078 2590 44 22 and
2133 2590 71 28 shoes,
2210 2587 11 31 J
2234 2591 82 22 Native
2323 2592 69 22 trade.

1919 2617 64 27 Soap,

1919 2643 108 22 Blankets
2027 2655 27 5 —
2055 2642 66 23 white
2129 2644 45 22 and
2183 2644 46 28 red,

1919 2667 113 30 Clothing,

1919 2696 82 22 Cotton
2009 2697 79 31 prints,

1921 2723 80 26 Sherry
2008 2730 24 15 in
2043 2726 92 25 quarter,
2140 2724 70 27 casks,

1921 2749 207 23 Double-barrelled
2137 2750 129 28 percussion
2274 2757 65 21 guns,

1921 2775 134 28 Negrohead
2065 2777 97 22 tobacco.

2269 2804 92 23 Samuel
2375 2804 101 23 Revans.

1921 2829 59 22 June
1993 2829 32 27 16,
2038 2830 60 21 1841.
2296 2834 3 2 '
2338 2834 4 3 •
2387 2830 5 5 '

2022 2874 85 21 Cash!.
2119 2874 94 21 Cash!!
2229 2874 114 22 Cash!!!

1895 2906 156 49 SELLING
2065 2907 63 27 OFF,
2144 2910 24 18 at
2176 2907 37 22 the
2223 2908 75 22 Stores
2308 2908 27 22 of
2343 2907 37 23 the
2395 2907 83 23 under-

1959 2933 88 27 signed:
2048 2944 29 5 —
2077 2933 111 28 crockery,
2199 2934 122 27 consisting
2331 2935 25 21 of
2369 2941 54 20 cups
2432 2934 44 22 and

1893 2966 95 20 saucers,
1999 2959 82 28 basins,
2088 2960 58 27 jugs,
2159 2960 116 27 vegetable
2285 2961 80 26 dishes,
2377 2961 40 21 &c.
2427 2961 49 26 &c,

1893 2985 47 22 also
1949 2993 29 14 an
1987 2989 134 19 assortment
2129 2986 27 22 of
2160 2986 165 28 ironmongery,
2333 2989 26 19 20
2369 2994 40 20 per
2417 2990 60 20 cent,

1893 3011 73 23 under
1973 3012 72 27 prime
2053 3015 55 19 cost.
2135 3012 45 22 For
2189 3012 53 22 cash
2255 3013 60 27 only.

2243 3038 26 22 T.
2283 3039 45 22 and
2342 3039 22 22 S.
2380 3039 70 23 Cook.

1921 3063 188 28 Lambton-quay,
2119 3063 54 28 July
2182 3065 20 26 2,
2212 3065 62 21 1841.

2035 3115 40 20 To
2089 3114 247 27 Agriculturalists.

1896 3147 88 49 FOR
1994 3147 85 28 SALE,
2088 3155 13 14 a
2108 3147 63 22 small
2178 3148 103 28 quantity
2286 3149 28 22 of
2319 3156 53 21 very
2378 3149 100 28 superior

1968 3174 54 22 seed
2030 3173 79 28 wheat,
2120 3174 45 22 also
2176 3182 13 14 a
2197 3174 67 22 small
2276 3176 103 27 quantity
2389 3177 26 20 of
2425 3176 54 21 seed

1895 3199 76 28 barley
1980 3200 94 22 without
2082 3200 64 27 husk,
2156 3200 54 22 both
2218 3208 78 18 grown
2311 3202 25 22 in
2352 3201 38 23 the
2404 3202 75 28 valley

1897 3228 23 20 ot
1935 3226 36 22 the
1980 3227 66 26 Hutt,
2056 3226 46 22 and
2110 3227 129 21 warranted,
2243 3227 27 22 of
2279 3227 38 23 the
2326 3229 51 21 first-
2384 3229 93 28 quality.

1896 3253 57 21 Also
1963 3260 13 14 a
1984 3253 86 26 variety
2080 3253 25 21 of
2115 3253 82 26 garden
2207 3253 70 28 seeds,
2291 3253 38 23 the
2343 3256 98 25 produce
2455 3255 27 22 of

1897 3279 38 25 the.
1945 3279 86 28 Colony
2065 3279 45 21 For
2118 3279 140 28 particulars,'
2265 3281 66 27 apply
2341 3284 22 18 to

2059 3305 24 21 C.
2094 3305 26 22 E.
2129 3305 53 23 Von
2185 3307 132 27 _Alzdorf,.
2324 3307 86 28 Petoni,
2420 3310 58 23 or.to

2058 3331 27 23 E.
2093 3331 82 28 Davis,
2186 3335 23 19 at
2218 3330 91 25 Messrs.
2324 3333 95 23 Hanson
2432 3334 47 22 and

2086 3358 43 22 and
2139 3358 123 28 Alzdoff's,
2272 3359 144 28 Wellington.

2138 3410 14 15 A
2168 3410 67 15 CARD.

2039 3436 48 22 Mr.
2101 3436 25 22 T.
2142 3437 27 21 O;
2183 3438 156 27 WESTERN,

1917 3471 77 20 Land
2008 3471 140 26 Surveyor,
2162 3471 111 26 Valuer,
2288 3472 54 21 and
2355 3472 102 26 Agent,

2088 3511 196 21 TINAKOREROAD,
2298 3526 4 4 ,

1985 3537 87 22 Second
2082 3537 59 22 Acre
2150 3538 57 22 from
2217 3539 63 27 Capt.
2291 3538 97 23 Smith's.

2138 3598 14 14 A
2167 3598 68 14 CARD.

2060 3624 53 20 Mr.
2126 3624 34 21 H.
2174 3625 29 20 B.
2218 3625 98 26 Relph,

1996 3664 104 14 ■tmOKON
2115 3664 155 20 AC9OUCHBUR,
2285 3663 90 16 FCTOMI.

2117 3702 52 21 For
2183 3702 70 24 Sale,

1895 3733 257 49 BACKGAMMON
2176 3734 84 22 Boards
2277 3733 46 23 and
2344 3733 64 27 Men,
2427 3740 51 16 wax

1971 3763 80 24 tapers,
2063 3760 45 22 and
2116 3760 78 22 lucifer
2202 3760 106 22 matches.

1922 3787 98 27 Enquire
2030 3789 24 20 at
2065 3787 38 21 the
2134 3787 93 22 Gazette
2265 3786 77 26 Office,
2355 3785 124 23 Taranaki-

1895 3813 71 27 place.
2234 3818 2 4 '

1896 3857 117 49 BILLS
2028 3857 38 21 OF
2081 3857 122 21 LADING
2216 3863 29 15 on
2261 3855 45 22 tale
2323 3858 23 19 at
2354 3855 39 22 the
2405 3855 72 23 OEc*

1972 3883 26 22 «f
2009 3883 43 23 this
2062 3890 73 21 paper.

853 622 41 21 To
909 621 34 21 be
957 621 58 21 Let.
1199 638 4 3 .
1217 623 13 26 J*
1227 612 5 10 1

665 655 19 22 A
713 654 209 24 COMMODIOUS
932 661 63 16 room
1004 652 100 28 fronting
1112 651 38 22 the
1156 649 77 29 beach,

648 677 51 26 jCjL
746 681 54 23 with
816 689 14 14 a
846 680 125 24 bed-room,
983 678 117 33 attached^
1112 677 122 29 admirably

648 708 105 28 adapted,
775 708 59 22 from
860 708 29 22 its
917 706 95 23 central,
1030 706 104 28 position,
1147 711 4 16 :
1161 704 44 22 for*
1220 711 15 16 a

648 734 117 23 solicitor's
774 734 64 23 office
846 734 47 23 and
902 732 196 28 dwelling-house..
1115 731 91 28 -Apply-
1212 729 22 24 tb

1000 758 88 28 T...and
1101 758 23 22 S.
1138 755 70 26 Cook.
1224 762 8 27 |
1240 777 4 4 .

677 787 195 27 Lambton-quay,'
877 786 59 27 July.
940 787 15 21 2
1065 805 3 4 ,
1089 804 17 5 .
1117 802 4 3 -
1202 781 7 16 '"

650 830 140 48 HOUSE
812 830 63 22 FOR
894 830 117 22 SALE.—
1009 829 34 22 To
1060 826 29 25 He
1096 824 12 31 '
1108 824 61 31 Sold;
1187 821 48 36 %ii

737 857 143 21 well-knoWn
889 855 163 28 English-built
1054 854 81 28 Tibuse,
1140 854 99 23 situated

649 890 30 14 on
707 883 81 21 Petoni
815 882 82 27 Beach,
920 882 70 27 lately
1014 881 108 27 occupied
1151 888 24 15 as
1197 879 36 24 thi

649 908 195 28 Britannia-hotel,
852 908 131 27 containing
989 908 51 22 four
1047 914 75 15 rooms
1132 906 44 23 and
1185 906 49 23 fire-
1244 925 2 4 .

648 935 71 29 place,
730 935 54 23 with
792 938 44 20 two
845 934 67 23 sheds
920 934 124 28 adjoining.
1071 934 100 27 Enquire
1180 933 36 23 of-
1223 932 7 28 \

839 962 97 22 George
951 961 91 27 Young,
1230 958 9 25 I:

877 988 176 27 Britannia-inn,
1061 986 146 28 Wellington.
1228 989 10 26 {■

677 1015 61 23 June
747 1016 34 26 22,
792 1016 60 22 1841.
995 1037 4 3 .
1092 1023 6 16 :
1227 1011 10 29 j

872 1060 55 20 Por
941 1059 69 25 Sale,
1143 1083 5 3 .
1206 1061 25 19 ?v

649 1094 52 48 A
720 1092 258 24 SUBSTANTIALLY
991 1091 60 23 built
1064 1091 77 22 native
1157 1091 76 26 housft

728 1120 51 22 half
790 1120 26 22 of
825 1120 18 21 it
858 1120 20 21 is
892 1118 63 23 lined
971 1118 45 22 and
1028 1118 98 27 floored;
1140 1118 95 32 situated

648 1150 57 19 next
719 1150 24 19 to
759 1146 39 23 the
812 1146 98 25 Queen's
925 1145 74 22 Head.
1028 1145 44 21 For
1086 1144 87 23 further
1185 1141 50 31 par-

649 1173 92 23 ticulars
750 1173 67 28 apply
826 1176 22 19 to
961 1171 36 22 W.
1007 1171 30 22 V.
1047 1171 106 27 Brewer,

1015 1198 194 22 Manners-street.
1216 1197 7 27 \

800 1245 40 20 To
854 1244 35 21 be
903 1243 67 21 Sold
985 1248 30 15 or
1022 1243 65 25 'Let,
1216 1247 4 8 '
1233 1241 6 22 1

652 1277 134 23 fTIHREE
805 1276 102 22 Wooden
922 1276 98 26 Houses,
1040 1275 97 23 situated
1154 1282 30 15 on
1198 1274 38 23 the
1238 1287 4 16 :

659 1298 30 28 X
739 1302 184 27 Tinakore-road,
933 1317 3 8 i
943 1302 38 22 the
1000 1301 84 23 second
1107 1308 50 16 acre
1178 1301 58 23 from

652 1331 101 27 Captain.
762 1329 99 28 Smith's,
871 1329 131 26 containing
1016 1328 50 22 four
1077 1335 75 17 rooms
1165 1328 46 22 and
1223 1335 14 15 a

652 1364 101 21 passage,
772 1356 56 23 each
842 1355 55 23 with
913 1355 51 22 zinc
978 1355 68 27 roofs,
1065 1355 47 21 and
1129 1355 24 21 in
1170 1361 75 20 every,

652 1386 89 25 respect
758 1383 51 22 well
825 1381 102 23 finished.
955 1381 79 23 Terms
1035 1392 27 5 —
1062 1381 25 22 If
1177 1381 61 22 £150

642 1407 2 27 i
653 1410 35 22 for
703 1410 57 22 each
772 1409 70 22 house
849 1417 6 20 ;
869 1409 22 21 if
903 1408 39 27 let,
959 1408 32 22 dBl
1007 1415 42 20 per
1056 1407 64 23 week
1135 1407 35 23 for
1183 1407 55 23 each

653 1436 79 23 house.
760 1435 77 29 Apply
846 1439 24 19 to
1228 1433 16 27 V

1040 1461 76 22 James
1131 1460 79 22 Watt.

681 1488 147 27 Wellington,
837 1488 57 27 May
903 1488 34 27 13,
948 1488 63 21 1841.

656 1533 116 48 LAND
793 1533 40 21 TO
856 1532 95 22 LET.—
951 1531 70 22 Town
1044 1538 63 17 acres
1129 1531 44 22 No.
1192 1532 52 25 168,,

732 1560 48 26 156,
790 1560 47 26 423,
853 1559 36 26 47,
899 1560 49 25 561,
960 1559 48 26 559,
1024 1557 48 22 and
1082 1564 70 21 many
1166 1557 74 22 others

656 1586 24 21 in
688 1585 40 22 the
737 1588 60 19 most
804 1585 108 22 desirable
926 1585 124 22 situations.
1077 1583 61 23 Also'
1147 1586 93 25 country

655 1612 55 22 land
717 1619 30 15 on
757 1612 37 21 the
803 1612 72 22 banks
884 1611 27 22 of
916 1611 39 22 the
964 1611 70 22 River
1042 1610 60 23 Hutt
1111 1610 45 22 and
1164 1617 30 15 on
1203 1609 37 23 the

657 1639 95 22 Porirua
759 1638 62 23 road.
848 1637 77 29 Apply
935 1640 24 20 to

1044 1663 22 22 J.
1081 1663 36 22 W.
1133 1663 80 23 Child.

868 1708 42 21 To
922 1708 36 21 be
972 1708 59 25 Let,

659 1741 164 51 SEVERAL
836 1741 93 23 TOWN
939 1741 106 32 ACRES,
1053 1741 24 22 in
1086 1741 89 22 various
1183 1743 60 25 parts

724 1770 28 21 of
760 1769 145 27 Wellington.
933 1768 45 22 For
985 1767 139 28 particulars,
1138 1767 69 28 apply
1219 1771 23 18 to

834 1795 27 22 E.
877 1795 143 26 Catchpool,
1031 1793 107 23 Dickson.
1142 1797 74 19 street.
1242 1797 3 9 '

868 1840 41 20 To
922 1839 35 21 be
973 1839 59 24 Let,

660 1872 92 49 THE
765 1875 60 20 town
840 1879 52 15 acre
908 1872 45 21 No.
969 1873 42 20 680
1024 1879 30 14 on
1067 1871 40 22 the
1123 1872 123 26 Surveyor-

735 1899 116 22 General's
859 1898 60 28 plan,
930 1898 123 27 belonging
1061 1901 23 18 to
1100 1898 39 22 the
1155 1897 89 23 Church

658 1926 27 22 of
695 1926 115 22 Scotland.
837 1926 45 21 For
890 1928 76 24 terms,
977 1924 66 28 apply
1053 1927 22 19 to

847 1959 96 22 Robert
953 1959 29 21 R.
992 1959 101 26 Stranq,
1107 1957 149 30 Solicitor.^

678 2004 87 21 Town
780 2003 55 21 and
847 2003 125 25 Country
1077 2002 30 20 to
1122 2002 33 19 be
1170 2002 57 20 Let.

661 2036 167 49 SECTIONS
842 2035 47 22 and
904 2035 101 26 portions
1021 2035 26 21 of
1060 2035 100 21 Sections
1175 2034 24 22 in
1214 2034 30 21 all

730 2066 61 24 parts
807 2063 26 21 of
847 2062 39 22 the
903 2062 71 22 Town
991 2061 27 22 of
1033 2061 145 26 Wellington,
1198 2060 46 22 also

659 2090 100 27 Country
769 2089 99 22 Sections
883 2089 25 21 in
917 2087 39 23 the
973 2087 94 23 districts
1084 2087 27 22 of
1124 2087 36 22 the
1178 2087 64 27 Hutt,

659 2116 37 22 the
710 2116 87 26 Kaiori,
804 2115 40 22 the
854 2115 77 26 Ohiro,
944 2114 45 22 and
1000 2114 39 22 the
1053 2114 99 22 Porirua.
1181 2114 65 26 Long

658 2143 72 21 leases
739 2142 27 22 of
771 2142 40 22 the
826 2145 94 21 country
929 2141 55 21 land
999 2140 47 22 will
1060 2141 28 21 be
1100 2140 97 28 .granted
1215 2147 29 15 on

658 2169 131 22 reasonable
800 2173 73 18 terms.
903 2168 45 21 For
956 2168 130 27 particulars
1096 2167 66 28 apply
1173 2169 22 19 to

850 2194 100 22 Hanson
960 2194 47 22 and
1020 2194 117 26 Alzdorf,

884 2220 123 22 Thorndon
1017 2221 72 27 Quay,
1100 2220 144 27 Wellington.

659 2269 119 49 LAND
793 2268 62 23 FOR
868 2268 116 22 SALE.—
982 2267 50 23 The
1045 2267 70 22 Town
1125 2267 66 27 Acre,
1206 2267 41 21 884

736 2303 30 14 on
776 2295 38 22 the
824 2293 239 28 Surveyor-General's
1071 2293 54 26 plan
1133 2301 5 20 ;
1153 2293 46 22 and
1208 2293 37 21 the

660 2323 100 27 Country
771 2321 75 22 Lands
859 2322 26 21 in
899 2321 38 22 the
953 2321 60 27 right
1028 2321 26 20 of
1066 2319 77 22 choice
1157 2321 26 20 of
1193 2319 53 22 land

660 2349 77 22 orders
756 2348 54 22 Nos.
826 2348 47 27 687,
890 2347 48 28 726,
959 2348 60 26 1084,
1039 2347 26 21 of
1079 2347 40 21 the
1136 2347 49 21 first
1201 2346 46 22 and

659 2375 110 28 principal
779 2375 135 22 settlement.
943 2374 44 21 For
995 2376 70 19 terms
1074 2373 67 28 apply
1152 2376 22 19 to

912 2408 28 21 R.
955 2407 29 21 R.
999 2407 99 27 Strang,
1110 2406 108 22 Solicitor.

687 2434 146 28 Wellington,
843 2434 106 27 June:24,
960 2434 62 21 1841.

810 2479 39 20 To
863 2479 35 20 be
913 2478 65 21 Sold
993 2483 30 15 or
1037 2478 59 25 Let,

662 2512 164 50 SEVERAL
843 2511 71 22 Town
929 2510 47 23 and
991 2511 101 27 Country
1110 2510 101 22 Sections
1225 2510 27 21 of

727 2538 73 23 Land.
826 2537 77 29 Apply
913 2540 24 19 to

978 2564 94 21 Robert
1081 2563 29 22 R.
1122 2563 98 22 Strang.

661 2608 165 50 SEVERAL
839 2609 71 21 Town
923 2608 109 26 Sections,
1050 2607 45 22 and
1110 2606 99 28 portions
1225 2606 26 22 of

727 2636 107 26 Sections,
842 2635 25 21 in
885 2637 60 19 most
959 2634 109 22 desirable
1084 2634 123 26 situations,
1224 2636 23 18 to

660 2663 27 21 be
697 2662 34 22 let
739 2669 30 15 on
778 2662 68 27 lease,
856 2662 35 21 for
899 2668 77 20 seven,
988 2661 110 27 fourteen,
1153 2662 95 25 twenty-

660 2696 44 14 one
713 2696 73 19 years.

688 2716 65 26 Also,
766 2715 100 32 portions
882 2714 28 22 of
925 2714 101 27 Country
1042 2713 101 22 Sections
1158 2712 36 23 for
1210 2711 37 22 the

661 2749 61 15 same
732 2742 95 27 periods.

687 2768 46 22 For
741 2768 65 28 plans
815 2768 45 22 and
868 2766 140 30 particulars,
1018 2766 67 28 apply
1094 2769 25 18 to

1083 2793 29 22 R.
1127 2793 93 22 Stokes.

689 2821 238 23 Woollcombe-street.

912 2865 86 21 Land.

662 2900 30 21 T
710 2898 70 23 AND
789 2898 35 22 for
833 2898 45 22 sale
888 2905 25 15 or
919 2900 24 19 to
952 2897 33 22 let
992 2898 24 21 in
1026 2896 39 23 the
1073 2896 52 23 best
1132 2896 116 23 situations

661 2919 48 29 JLJ
738 2926 24 21 in
778 2925 38 22 the
834 2925 78 27 Town,
929 2927 24 19 at
971 2931 55 20 very
1040 2924 44 21 low
1101 2924 79 26 prices,
1197 2922 51 22 sub-

662 2952 98 28 divided,
777 2952 46 22 and
837 2959 62 20 upon
908 2954 69 19 terms
992 2954 23 18 to
1025 2950 44 22 suit
1084 2950 39 21 the
1132 2949 117 27 labouring

662 2979 90 22 classes.

689 3006 46 21 For
742 3004 65 29 plans
816 3004 45 22 and
869 3003 138 29 particulars,
1018 3003 68 27 apply
1095 3005 24 19 to

1068 3029 32 22 A.
1115 3029 105 22 Ludlam.

689 3057 160 26 Willis-street,
858 3057 61 21 June
930 3057 34 26 18,
975 3057 62 20 1841.

663 3102 124 26 Country
800 3100 124 23 Sections
943 3100 44 23 for
1006 3100 59 21 Sale
1087 3105 37 15 on
1141 3098 108 23 Liberal

908 3127 101 21 Terms.

665 3160 165 50 SEVERAL
863 3160 103 23 Sections
992 3160 27 22 of
1049 3160 101 27 Country
1176 3157 71 28 Land,

729 3188 91 27 already
830 3186 82 24 chosen
920 3187 26 22 in
955 3186 38 22 the
1006 3187 94 21 Porirua
1114 3185 90 28 district,
1215 3185 35 21 for

663 3214 59 27 Sale,
733 3222 75 15 terms
817 3221 113 15 liberal.-
952 3213 76 28 Apply
1037 3216 24 19 to

759 3241 25 21 F.
800 3241 29 21 A.
842 3241 172 26 Molesworth,
1030 3238 184 29 Murphy-street,
1225 3244 25 15 or

758 3267 37 22 W.
810 3267 28 21 V.
852 3267 108 26 Brewer,
971 3267 194 21 Manners-street.

806 3312 90 21 Town.
906 3312 91 21 Acres,
1006 3312 30 20 to
1042 3311 66 21 .Let.

662 3345 181 49 NUMBERS
853 3352 31 15 on
892 3344 39 22 the
941 3343 240 29 Surveyor-General's
1190 3350 58 20 map,

779 3373 43 20 438
843 3384 11 3 -
901 3372 43 21 553
1025 3370 41 23 627
1147 3370 40 22 775

691 3398 45 23 For
744 3398 143 29 particulars,-
893 3398 68 27 apply
970 3401 23 19 to

819 3431 37 22 W.
866 3432 27 21 B.
903 3432 108 26 Brewer,
1020 3429 201 24 barrister-at-law.

740 3475 132 27 Building
886 3476 170 21 Allotments
1069 3473 30 23 tb
1115 3475 58 21 Let,

665 3508 92 49 THE
774 3507 201 23 ADVERTISER
989 3507 66 23 offers
1068 3514 63 20 upon
1145 3505 115 26 Building,

740 3535 89 26 Leases,
839 3542 15 14 a
861 3534 97 22 number
968 3533 25 23 of
1002 3534 71 22 Town
1081 3533 136 22 Allotments
1226 3532 24 22 in

663 3561 38 23 the
710 3565 61 18 most
779 3561 108 22 desirable
896 3563 62 25 parts
967 3561 26 21 of
1002 3560 46 22 this
1058 3559 138 23 Settlement.

690 3587 49 23 The
759 3588 109 22 attention
884 3587 28 22 of
927 3587 39 22 the
976 3587 82 27 .public
1072 3587 21 21 is
1108 3584 143 29 particularly

663 3614 74 23 called
756 3617 22 19 to
797 3613 38 23 the
853 3613 125 28 advantage
995 3613 28 22 of
1039 3613 106 26 Building
1161 3610 88 28 Lease's,
1247 3615 3 9 1

663 3641 75 22 which
746 3640 39 22 the
793 3640 152 27 undersigned
953 3647 19 14 is
983 3639 95 22 enabled
1087 3643 23 18 to
1119 3642 73 23 grant,
1199 3638 51 26 viz.,

664 3669 57 21 from
732 3674 68 15 seven
811 3669 22 19 to
848 3670 140 23 twentyrone
1003 3673 78 20 years,,
1093 3665 120 27 according
1228 3667 23 18 to

664 3695 37 21 the
719 3693 67 23 value
795 3714 3 4 .
805 3693 27 21 of
849 3693 40 22 the
910 3692 115 27 buildings
1046 3692 110 28 proposed
1177 3694 23 19 to
1222 3690 29 22 be

665 3721 97 23 erected.
792 3719 74 28 Apply
876 3722 23 19 to

746 3747 25 21 F.
786 3746 30 22 A.
832 3746 170 26 Molesworth,
1017 3744 185 28 Murphy-street,
1213 3749 24 16 or

745 3773 37 21 W.
797 3772 29 22 V.
839 3773 108 25 Brewer,
962 3772 194 21 Manners-street.

663 3813 70 37 \tr
735 3817 105 23 ANTED
863 3817 41 21 TO
927 3815 184 28 EXCHANGE,
1121 3817 129 24 —country

677 3838 42 30 YY
761 3843 65 23 lands
836 3843 33 23 for
879 3846 59 18 town
950 3850 71 14 acres.-
1047 3842 99 28 Enquire
1157 3841 26 22 of

894 3870 35 21 W.
941 3869 28 22 V.
981 3869 106 26 Brewer,

1030 3895 191 22 Manners-street.
