2520 3970
1886 123 45 24 last
1942 124 80 23 decree
2029 124 26 23 of
2062 123 39 23 the
2112 124 125 24 Auckland
2248 125 75 24 divan.
2359 127 47 24 His
2416 129 48 25 Ex-

1886 156 101 31 cellency
1998 156 109 29 William,
2125 164 25 15 or
2161 165 26 15 as
2198 157 29 23 he
2245 158 20 23 is
2283 159 111 30 gazetted,
2408 161 56 26 John

1886 188 106 29 Hobson,
2001 188 107 31 Esquire,
2121 189 41 23 has
2174 189 77 24 issued
2262 198 14 15 a
2287 191 86 23 solemn
2380 195 84 28 procla-

1885 222 93 27 mation,
2002 222 114 30 imposing
2134 229 14 15 a
2165 222 63 23 fresh,
2252 223 165 26 nomenclature
2438 235 26 17 on

1885 253 64 23 these
1956 253 99 29 Islands,
2060 254 74 22 which
2142 262 37 15 are
2187 258 22 19 to
2216 254 29 23 be
2250 254 83 24 known
2337 256 127 27 henceforth

1885 294 24 14 as
1918 285 57 24 New
1984 285 88 29 Ulster,
2080 285 58 24 New
2145 286 114 30 Leinster,
2272 288 45 23 and
2328 288 58 23 New
2396 290 68 25 Mun-

1884 322 55 19 ster.
1975 318 40 23 An
2025 318 82 23 official
2124 324 181 19 announcement
2321 327 45 16 was
2385 323 79 25 needed

1884 355 23 18 to
1919 350 81 24 render
2013 350 37 23 the
2062 352 151 30 perpetration
2227 352 26 22 of
2267 360 25 15 so
2311 360 64 23 gross
2387 362 28 15 an
2426 356 38 24 ab-

1884 383 89 30 surdity
1989 383 106 24 credible.
2131 384 37 23 No
2187 384 77 28 doubt,
2276 384 36 23 his
2331 385 133 32 Excellency

1884 415 94 23 himself
1992 416 21 22 is
2025 423 42 15 one
2078 416 26 22 of
2118 423 14 15 a
2149 416 66 23 small
2234 417 106 30 minority
2354 418 25 23 of
2394 419 70 26 Irish-

1884 456 52 15 men
1948 449 24 22 in
1991 456 29 15 an
2038 447 100 31 English
2158 449 44 22 and
2220 449 85 23 Scotch
2323 454 141 30 community,

1884 480 40 23 but
1935 481 21 22 if
1969 480 30 23 he
2010 487 58 16 were
2080 485 23 18 to
2115 482 105 22 continue
2232 489 41 15 our
2293 481 60 24 ruler
2370 483 24 23 in
2413 492 51 23 per-

1879 515 79 28 petuo,
1971 520 25 16 or
2003 513 35 23 for
2045 520 45 23 any
2096 513 54 30 long
2157 514 54 23 time
2218 512 86 31 (which
2312 514 53 23 God
2370 515 71 26 forbid
2446 518 18 32 !)

1884 545 48 23 still
1948 550 23 19 to
1990 545 100 24 christen
2108 545 38 24 the
2164 546 72 23 whole
2255 547 25 22 of
2294 546 62 25 New^
2369 548 95 26 Zealand

1883 577 55 23 with
1956 578 39 22 the
2008 586 77 15 names
2105 578 26 23 of
2152 578 62 23 Irish
2232 580 117 29 provinces
2368 588 56 16 were
2441 591 23 16 as

1884 617 67 23 gross
1963 618 14 15 a
1994 610 103 29 blunder,
2110 619 25 14 as
2146 610 20 23 if
2182 619 40 15 our
2236 612 123 30 Sovereign
2376 621 56 16 were
2443 620 20 19 to

1884 643 116 30 repudiate
2017 643 41 23 her
2076 647 92 27 present
2187 644 49 22 title
2253 644 35 23 for
2307 644 49 24 that
2366 645 26 23 of
2406 647 58 25 Nora

1885 675 90 29 Creina,
1988 675 111 31 Empress
2111 676 25 23 of
2152 676 127 30 Killarney.

1917 708 44 23 We
1972 716 105 23 presume
2089 708 51 23 that
2149 709 76 23 future
2238 710 174 30 proclamations
2421 714 42 24 will

1884 740 56 24 alter
1953 741 38 23 the
2001 749 78 15 names
2093 741 25 23 of
2132 745 71 20 towns
2215 742 45 23 and
2278 747 89 19 streets.
2402 744 60 25 Wel-

1883 773 89 31 lington
1983 774 45 23 will
2039 774 93 23 become
2144 774 167 31 Donnybrook,
2324 775 43 23 and
2379 776 83 26 Nelson

1884 805 153 31 Ballybunion
2046 815 6 20 ;
2081 806 131 31 Wanganui
2231 807 46 23 will
2300 807 28 24 be
2349 812 114 23 converted

1883 839 48 23 into
1945 839 151 31 Carrigaholt,
2109 839 44 23 and
2164 840 117 23 Taranaki
2293 840 82 31 rejoice
2389 842 24 22 in
2427 843 35 24 the

1884 871 136 32 appellation
2043 872 25 23 of
2095 872 15 23 S
2114 876 84 27 cattery
2217 872 60 31 Bay.
2314 872 34 24 Of
2374 873 31 24 all
2426 884 36 15 our

1884 909 89 24 streets,
1987 913 42 15 one
2040 904 53 31 only
2104 905 46 23 will
2161 905 28 23 be
2200 905 94 24 allowed
2307 910 21 19 to
2346 908 71 22 retain
2435 909 26 23 its

1884 944 66 16 name
1951 950 33 3 —
1984 938 44 22 and
2039 938 57 27 that,
2109 938 25 22 of
2149 946 87 20 course,
2249 938 46 23 will
2312 939 28 22 be
2355 939 107 33 Murphy-

1884 974 77 19 street.
1996 971 36 22 As
2043 970 35 22 for
2090 969 36 23 his
2137 970 148 30 Excellency,
2305 978 33 16 we
2349 978 78 24 expect
2438 974 24 24 he

1883 1002 47 25 will
1942 1002 76 23 obtain
2029 1002 38 23 the
2079 1002 49 23 title
2138 1002 25 23 of
2209 1002 62 23 Lord
2292 1004 82 22 Mount
2388 1005 74 25 coffee-

1884 1034 79 29 house,
1977 1035 38 23 the
2027 1034 63 24 Irish
2189 1035 165 24 immortalized
2365 1037 29 30 by
2407 1038 56 25 Lord

1884 1067 88 30 Byron.

1918 1099 124 31 Seriously,
2065 1100 111 29 however,
2198 1099 33 32 (if
2254 1102 19 22 it
2336 1103 95 30 possible
2442 1109 20 19 to

1884 1132 67 23 think
1965 1141 26 15 or
2009 1134 62 22 write
2090 1133 53 23 with
2162 1134 90 30 gravity
2269 1135 26 22 of
2316 1135 108 31 anything
2440 1145 22 15 so

1884 1164 79 33 droll,)
1979 1173 33 15 we
2024 1170 62 18 must
2097 1171 87 26 protest
2194 1167 89 30 against
2295 1166 45 24 this
2352 1168 110 25 wholesale

1886 1198 198 29 Hibernification,
2086 1211 34 4 —
2121 1199 45 22 this
2178 1200 56 22 total
2249 1200 61 23 twist
2320 1200 46 23 into
2379 1209 13 14 a
2403 1204 59 22 terri-

1884 1235 51 26 tory
1947 1232 26 22 of
2106 1244 33 4 —
2140 1232 46 22 this
2199 1233 117 23 merciless
2335 1233 127 31 application

1885 1263 26 24 of
1924 1264 39 23 the
1975 1264 109 23 Milesian
2287 1266 26 23 If
2335 1266 54 23 New
2408 1267 54 24 Zea-

1884 1296 54 24 land
1949 1297 45 23 had
2005 1298 57 22 been
2074 1297 129 24 discovered
2215 1298 31 30 by
2257 1298 64 24 Irish
2332 1300 128 30 navigators,

1885 1338 25 14 or
1922 1329 82 31 chiefly
2016 1330 116 23 inhabited
2143 1331 34 29 by-
2185 1330 61 23 Irish
2259 1331 89 24 settlers
2366 1340 25 15 or
2409 1334 53 23 their

1885 1362 156 29 descendants,
2065 1363 64 23 there
2154 1364 76 29 might
2251 1364 58 22 have
2330 1364 57 24 been
2406 1373 55 17 some

1885 1403 83 15 excuse
1980 1396 35 22 for
2027 1395 45 23 this
2091 1403 50 16 new
2160 1396 126 23 exhibition
2305 1397 25 23 of
2351 1397 109 26 Hobson's

1884 1428 53 30 folly
1951 1437 6 20 ;
1985 1428 46 23 this
2051 1428 122 23 ridiculous
2176 1433 3 5 1
2196 1434 96 26 attempt
2310 1435 22 18 to
2354 1430 56 24 alter
2428 1432 32 24 the

1884 1469 67 15 name
1963 1461 29 30 by
2005 1461 73 23 which
2090 1461 56 23 New
2150 1462 104 23 .Zealand
2265 1464 21 21 is
2295 1462 82 24 known
2389 1464 28 22 all
2427 1465 33 23 the

1885 1494 71 23 world
1975 1502 52 15 over
2027 1506 32 4 —
2061 1494 31 31 by
2109 1494 88 31 foreign
2215 1503 26 14 as
2257 1496 51 23 well
2326 1504 23 15 as
2368 1496 92 31 English

1884 1527 138 30 navigators,
2034 1527 160 31 geographers,
2208 1532 131 25 statesmen,
2351 1529 43 23 and
2407 1538 53 15 mer-

1885 1560 79 23 chants
1967 1573 32 3 —
2001 1560 36 23 the
2055 1568 66 15 name
2139 1560 73 23 under
2232 1560 73 24 which
2323 1562 18 23 it
2358 1562 41 23 has
2410 1563 50 23 been

1884 1593 138 30 proclaimed
2038 1597 52 26 part
2110 1593 25 23 of
2156 1593 38 23 the
2211 1593 101 31 English
2335 1594 125 31 dominions,

1884 1625 45 23 and
1940 1625 120 31 legislated
2071 1626 35 23 for
2118 1626 24 23 in
2153 1626 38 23 the
2203 1626 110 32 Imperial
2321 1627 138 25 Parliament.

1884 1658 48 23 But
1944 1658 64 23 there
2019 1659 19 22 is
2049 1666 30 15 no
2090 1659 56 23 such
2157 1667 89 21 reason,
2255 1660 45 23 and
2312 1660 36 23 the
2361 1661 52 30 only
2423 1670 37 15 one

1885 1696 78 18 extant
1975 1692 27 27 is,
2015 1691 49 24 that
2074 1692 97 30 Captain
2184 1691 99 24 Hohson
2294 1693 99 31 happens
2405 1698 20 19 to
2436 1694 25 23 be

1884 1731 28 16 an
1936 1724 124 24 Irishman.
2104 1725 58 23 This
2181 1726 37 22 the
2241 1730 86 19 newest
2354 1726 107 24 Shouraki

1884 1757 162 29 achievement,
2058 1757 53 29 will,
2121 1758 47 23 like
2180 1759 106 29 previous
2299 1766 52 16 ones
2361 1759 55 23 from
2427 1759 34 24 the

1884 1797 63 16 same
1959 1795 98 26 quarter,
2069 1798 69 23 prove
2151 1799 13 15 a
2170 1791 95 29 failure;
2286 1792 44 23 and
2337 1800 28 14 no
2373 1793 88 22 rational

1884 1822 128 24 inhabitant
2032 1823 26 23 of
2083 1823 45 23 this
2152 1829 96 25 country
2270 1824 47 23 will
2341 1825 66 30 adopt
2427 1825 33 23 the

1884 1855 124 24 ridiculous
2031 1856 167 23 nomenclature
2229 1857 25 23 of
2280 1858 38 23 the
2345 1858 116 23 Auckland

1885 1888 126 29 Governor,
2024 1889 85 29 unless,
2121 1889 47 23 like
2182 1889 97 31 Captain
2294 1890 75 30 Rock,
2387 1891 28 23 he
2426 1891 34 23 de-

1884 1922 64 29 signs
1958 1926 22 19 to
2017 1922 67 23 make
2097 1922 38 23 the
2145 1922 43 23 fun

1917 1954 106 24 Another
2053 1955 162 31 proclamation
2245 1956 154 24 recommends
2427 1956 33 24 the

1884 1987 140 30 Europeans-
2037 1992 23 19 to
2080 1988 27 23 be
2119 1988 56 23 kind
2191 1994 22 17 to
2225 1989 39 22 the
2276 1990 94 22 natives.
2406 1989 54 23 Such

1884 2020 77 22 advice
1974 2027 74 15 comes
2060 2020 51 22 well
2127 2020 58 23 from
2197 2021 39 22 the
2255 2021 97 23 Hobson
2365 2021 95 23 Govern-

1883 2056 78 25 ment;
1980 2053 19 22 it
2014 2053 41 22 has
2074 2053 118 23 consulted
2211 2053 37 24 the
2268 2054 105 23 interests
2391 2054 24 23 of
2427 2054 33 23 the

1883 2086 88 22 natives
1996 2093 25 15 so
2043 2086 116 30 carefully,
2183 2086 49 23 that
2254 2091 23 18 to
2295 2087 45 23 this
2357 2087 55 23 hour
2427 2087 33 23 the

1883 2118 76 23 native
1978 2123 108 26 property
2111 2119 54 23 here
2191 2119 41 23 has
2260 2125 41 17 not
2319 2120 85 30 yielded
2424 2128 36 15 one

1883 2150 101 31 farthing
2006 2152 25 22 of
2051 2152 87 22 income
2161 2152 35 23 for
2218 2152 39 23 the
2279 2152 84 24 benefit
2384 2154 24 22 of
2426 2153 33 23 the

1883 2185 87 21 natives
1977 2194 8 17 ;
2004 2192 41 15 nor
2057 2184 41 24 has
2111 2192 44 23 any
2167 2190 158 26 arrangement
2336 2186 55 23 been
2403 2187 56 22 made

1883 2216 31 31 by
1924 2216 74 24 which
2016 2225 43 23 any
2071 2218 26 22 of
2106 2217 37 24 the
2156 2218 71 23 chiefs
2240 2226 41 15 can
2292 2222 39 27 get
2340 2220 119 29 possession

1884 2251 24 21 of
1918 2257 13 15 a
1942 2250 47 22 foot
1998 2251 25 22 of
2031 2250 61 24 land.
2128 2251 96 23 Natives
2232 2251 44 23 and
2284 2251 129 31 Europeans
2422 2260 37 14 can

1883 2282 61 23 alike
1955 2282 68 32 bring
2031 2291 14 15 a
2055 2283 55 31 long
2119 2284 118 31 catalogue
2246 2284 25 23 of
2280 2286 85 22 serious
2375 2285 83 30 charges

1883 2316 90 30 against
1985 2316 97 31 Captain
2101 2316 105 30 Hobson,
2218 2317 76 24 which
2306 2325 32 15 we
2349 2317 66 23 doubt
2427 2318 30 22 his

1882 2348 69 31 being
1963 2349 50 23 able
2025 2354 21 18 to
2058 2354 61 19 meet
2130 2354 22 19 to
2165 2350 37 23 the
2213 2350 141 24 satisfaction
2365 2350 23 23 of
2404 2350 53 23 Lord

1883 2381 61 23 John
1956 2382 102 22 Russell.

1917 2439 36 31 By
1965 2439 38 24 the
2014 2440 85 31 barque
2107 2440 86 31 Bright
2199 2441 93 29 Planet,
2300 2441 72 24 which
2381 2440 75 23 arrived

1882 2471 53 24 here
1956 2481 28 14 on
2003 2473 144 31 Wednesday
2168 2474 45 22 last
2231 2474 59 24 from
2314 2475 96 30 Sydney,
2428 2481 28 15 we

1882 2504 58 24 have
1952 2505 63 23 dates
2027 2506 80 23 thence
2119 2511 23 18 to
2156 2507 38 22 the
2207 2507 43 23 3rd
2261 2507 62 30 July.
2358 2507 41 22 We
2409 2507 47 22 have

1882 2538 50 23 files
1952 2538 30 30 by
1993 2539 48 29 her,
2055 2540 41 22 but
2112 2540 53 30 they
2178 2541 89 22 contain
2286 2548 29 15 no
2332 2541 55 22 later
2404 2540 52 22 dates

1882 2570 60 24 from
1959 2571 107 31 England
2080 2572 54 24 than
2147 2573 64 23 those
2222 2573 118 23 furnished
2349 2573 43 23 last
2404 2572 52 24 week

1882 2603 30 31 by
1923 2604 39 23 the
1982 2604 118 31 Transfer.
2137 2606 73 30 They,
2230 2606 110 29 however,
2352 2613 104 16 announce

1882 2636 58 24 later
1951 2638 124 23 American
2086 2639 45 22 and
2143 2639 100 23 Chinese
2259 2646 69 21 news,
2340 2639 69 23 which
2418 2637 38 24 will

1883 2670 28 23 be
1921 2670 72 23 found
2005 2671 69 23 under
2084 2671 58 23 their
2154 2673 125 29 respective
2290 2672 76 24 heads.

1917 2728 51 23 The
1980 2728 110 24 schooner
2105 2728 82 31 B%lley
2199 2729 108 23 returned
2325 2733 20 19 to
2365 2729 52 23 Port
2431 2735 24 15 on

1883 2760 145 31 Wednesday
2045 2761 52 29 last,
2114 2762 59 23 from
2192 2762 98 23 Middle.
2304 2762 83 23 Island.
2419 2761 36 22 We

1883 2793 63 23 learn
1958 2794 50 22 that
2020 2794 40 23 she
2077 2795 53 30 only
2142 2795 80 23 visited
2244 2796 58 22 Port
2320 2795 83 30 Cooper
2418 2794 37 22 and

1884 2826 57 24 Port
1964 2827 72 31 Levy,
2060 2828 55 23 both
2137 2829 24 22 in
2185 2828 37 23 the
2246 2827 175 32 neighbourhood
2436 2825 20 24 of

1883 2859 102 24 Akaroa.
2023 2860 50 23 The
2091 2861 84 23 former
2192 2862 21 22 is
2232 2861 49 23 said
2300 2865 21 19 to
2339 2861 26 23 be
2382 2868 12 15 a
2409 2866 45 23 very

1883 2893 59 30 good
1952 2893 106 29 harbour,
2073 2894 39 23 the
2123 2894 66 23 latter
2199 2894 44 23 has
2254 2894 109 23 excellent
2372 2893 48 23 land
2435 2892 20 22 in

1883 2926 29 23 its
1924 2926 194 30 neighbourhood.
2155 2926 51 24 Our
2217 2927 86 23 friends
2320 2928 24 22 in
2361 2924 94 32 England

1883 2966 38 16 are
1938 2959 126 30 impressed
2075 2959 55 24 with
2147 2959 39 23 the
2203 2960 52 23 idea
2271 2960 50 23 that
2338 2959 58 23 there
2412 2959 16 21 is
2444 2965 11 15 a

1883 2991 59 31 good
1961 2996 53 26 port
2031 2996 23 19 at
2071 2992 165 25 Lookers-on.
2272 2992 57 24 This
2340 2998 86 25 appears
2436 2994 19 19 to

1883 3025 28 23 be
1931 3032 30 16 an
1979 3032 70 16 error.
2086 3025 24 23 It
2127 3026 20 22 is
2165 3034 30 14 an
2213 3033 59 24 open
2289 3027 51 29 bay,
2358 3023 96 30 affording

1883 3065 54 23 very
1949 3058 59 23 little
2019 3058 84 23 shelter
2116 3058 58 23 from
2193 3067 43 23 any
2252 3058 66 24 wind.
2352 3058 67 23 There
2429 3057 24 27 is,

1883 3091 111 28 however,
2017 3091 46 23 fine
2085 3099 65 22 grass
2172 3092 54 22 land
2248 3099 61 23 upon
2328 3092 27 22 its
2377 3090 74 22 shores.

1884 3124 51 23 The
1947 3124 106 23 evidence
2071 3124 61 30 daily
2143 3124 103 23 received
2263 3124 65 24 tends
2340 3129 19 17 to
2371 3122 80 23 confirm

1884 3156 37 23 the
1934 3157 100 30 opinion,
2047 3156 50 23 that
2114 3157 63 23 there
2195 3158 20 22 is
2235 3166 13 14 a
2259 3157 62 30 large
2332 3156 91 32 quantity
2434 3153 21 23 of

1883 3189 80 31 highly
1982 3189 110 23 available
2107 3189 55 24 land
2180 3197 29 16 on
2229 3190 38 23 the
2290 3190 57 24 East
2364 3192 55 19 coast
2434 3186 21 23 of

1884 3222 89 24 Middle
1985 3222 80 23 Island
2073 3231 6 20 ;
2098 3222 51 24 that
2159 3224 25 22 in
2194 3223 55 29 fact,
2261 3231 25 15 as
2299 3231 31 15 we
2340 3223 51 28 long
2401 3221 51 22 since

1884 3255 80 29 stated,
1978 3255 89 23 Middle
2079 3255 80 24 Island
2175 3257 21 22 is
2215 3256 42 23 but
2272 3256 59 23 little
2341 3255 83 23 inferior
2434 3256 19 19 to

1884 3289 37 22 the
1935 3288 118 23 Northern
2062 3288 87 23 Island.

1916 3339 45 24 We
1984 3339 45 23 last
2049 3339 65 24 week
2137 3340 116 23 described
2271 3339 38 24 the
2327 3337 77 33 speech
2420 3336 32 22 de-

1882 3372 85 24 livered
1978 3372 32 31 by
2017 3372 62 24 Lord
2091 3372 59 24 John
2163 3373 102 28 Russell,
2275 3378 24 18 at
2307 3372 36 24 the
2354 3371 72 23 dinner
2434 3371 19 20 at

1883 3405 74 24 which
1976 3405 29 24 he
2023 3413 45 15 was
2086 3406 141 23 entertained
2242 3406 30 30 by
2284 3406 37 23 the
2339 3404 52 24 New
2403 3402 49 23 Zea-

1882 3439 53 23 land
1954 3439 127 30 Company.
2116 3438 44 24 We
2178 3439 38 23 did
2232 3444 39 18 not
2288 3437 88 32 publish
2386 3437 23 27 it,
2419 3435 32 22 be-

1883 3479 68 16 cause
1962 3479 34 16 we
2013 3472 131 23 considered
2155 3472 50 23 that
2222 3471 38 24 the
2279 3474 73 28 report
2364 3472 55 21 must
2428 3467 24 22 be

1883 3505 147 30 exceedingly
2041 3505 125 30 imperfect.
2201 3504 45 24 We
2265 3504 46 23 had
2326 3502 69 31 hoped
2411 3500 41 23 that

1883 3538 45 23 this
1940 3537 64 24 week
2016 3537 74 24 would
2100 3537 57 24 have
2168 3538 57 23 been
2242 3536 103 25 attended
2355 3534 50 24 with
2419 3532 32 23 the

1882 3571 82 23 arrival
1983 3571 26 23 of
2024 3578 14 15 a
2048 3570 75 24 vessel
2138 3571 59 23 from
2209 3570 114 31 England,
2335 3568 77 28 having
2426 3571 24 16 on

1881 3604 71 23 board
1963 3612 29 15 an
2004 3603 176 31 acknowledged
2191 3608 76 26 report
2279 3602 25 23 of
2315 3601 29 24 all
2361 3601 35 22 the
2406 3605 44 24 pro-

1881 3637 106 30 ceedings
2005 3644 29 15 on
2051 3636 50 23 that
2121 3636 124 31 important
2267 3634 43 24 and
2330 3632 122 27 interesting

1881 3671 112 27 occasion,
2005 3669 41 23 but
2058 3677 33 15 we
2102 3669 57 23 have
2170 3669 58 23 been
2239 3665 150 34 disappointed
2397 3674 6 19 ;
2419 3666 33 27 yet

1881 3710 32 15 we
1931 3702 58 23 have
2013 3702 92 23 decided
2127 3709 62 23 upon
2211 3706 40 19 not
2271 3699 126 33 publishing
2414 3702 37 22 any

1881 3739 96 19 account
1987 3735 59 23 until
2057 3742 34 16 we
2103 3742 41 16 can
2161 3735 75 23 obtain
2249 3734 55 22 such
2321 3740 23 15 as
2362 3738 30 15 we
2407 3734 43 23 may

1880 3768 64 29 place
1955 3768 38 23 the
2004 3767 77 24 fullest
2093 3767 97 24 reliance
2200 3774 69 23 upon.

1912 3824 25 22 A
1947 3824 68 22 letter
2027 3824 44 23 and
2083 3827 121 20 statement
2222 3829 83 24 appear
2322 3822 22 22 in
2361 3815 86 33 to-day's

1879 3864 78 23 paper,
1975 3857 105 30 pointing
2098 3861 40 18 out
2156 3857 38 22 the
2213 3855 105 24 mischief
2332 3852 67 24 which
2414 3856 33 16 en-

1880 3896 51 16 sues
1951 3889 59 23 from
2026 3889 38 23 the
2090 3890 95 22 absence
2204 3890 25 22 of
2244 3895 61 16 some
2326 3885 50 24 land
2392 3880 55 26 mark

521 45 97 33 THE
637 47 108 30 NEW
756 45 228 31 ZEALAND
1005 44 224 34 GAZETTJS
1247 44 100 33 AND
1368 42 322 33 WELLINGTON
1713 42 289 33 SPECTATOR.

1336 128 169 21 SHIPPING
1524 128 269 21 INTELLIGENCE.

1497 184 140 21 ARRIVED.

1302 212 52 26 July
1362 213 35 23 21',
1408 212 79 26 barque
1497 212 77 24 Bright
1590 212 83 23 Planet,
1684 212 46 24 240,
1735 214 57 22 tons,
1803 212 51 19 from

1277 240 82 26 Sydney
1367 247 7 17 ;
1401 241 71 23 cargo;
1480 239 47 19 -400
1542 238 71 26 sheep,
1625 240 13 19 2
1652 238 81 25 horses,
1747 238 44 20 and
1807 245 47 14 sun-

1276 267 63 20 dries.

1303 293 60 20 Same
1380 292 47 26 day,
1444 291 85 21 N.Z.C.
1543 292 102 20 schooner
1661 292 81 25 Bailey,
1761 292 93 24 Sinclair,

1276 320 52 19 from
1338 326 26 13 an
1375 319 109 26 exploring
1493 319 125 25 expedition.
1643 318 123 26 Passengers
1767 329 28 5 —
1796 319 58 26 Capt.

1276 346 90 27 Daniell,
1377 346 41 21 and
1428 346 86 19 Messrs.
1526 346 77 25 Duppa
1612 346 41 19 and
1662 345 89 26 Tyrrell.

1509 390 113 20 SAILED.

1301 417 53 26 July
1371 418 33 24 18,
1416 417 102 21 schooner
1533 418 59 23 Jane,
1604 417 109 25 Sheridan,
1723 417 34 20 for
1776 417 78 25 Cloudy

1276 445 50 25 Bay.

1300 471 53 26 July
1364 471 33 25 19,
1409 471 47 26 ship
1466 471 71 26 Mary,
1549 471 38 20 705
1596 472 56 23 tons,
1662 470 76 27 Kemp,
1749 470 35 21 for
1793 470 61 20 Bom-

1276 499 47 25 bay.
1376 513 4 3 .
1610 511 7 2 -
1797 507 35 7 ••

1497 542 33 20 IN
1546 542 83 21 PORT.

1329 570 82 26 Barque
1424 570 62 25 Jane,
1497 570 73 19 Stobo.

1421 597 116 20 Katherine
1547 597 92 19 Stewart
1648 596 83 26 Forbes,
1743 595 83 21 Hobbs.

1328 623 123 26 Brigantine
1461 624 140 24 Harrington,
1613 623 92 20 Mercer.

1329 651 108 20 Schooner
1448 651 57 24 Gem,
1516 650 87 20 Pearce.'

1450 678 72 25 Eagle,
1531 677 65 20 Kind.

1329 705 83 26 Barque
1420 705 118 24 Africaine,
1550 704 89 20 Dutton.

1300 746 5 3 -
1329 732 51 26 Brig
1392 732 107 25 Transfer,
1510 731 65 20 Read.

1303 777 4 4 ,
1394 759 129 25 Speculator,
1535 758 87 26 Draper.

1329 786 107 20 Schooner
1444 786 108 25 Lapwing,
1564 785 60 20 Lees.

1328 812 83 27 Barque
1421 814 79 24 Bright
1507 813 84 24 Planet,
1602 811 116 21 Morrison.

1329 840 107 20 Schooner
1446 840 80 25 Bailey,
1538 839 96 20 Sinclair.

1328 877 19 5 —
1448 868 87 24 Louisa,
1547 866 89 20 Burrell.

1299 922 70 20 When
1380 922 35 19 the
1428 922 78 25 Bright
1515 922 76 19 Planet
1607 920 39 20 left
1661 919 90 20 Manilla
1760 919 33 19 for
1804 918 50 26 Syd-

1276 955 44 19 ney,
1332 949 35 20 the
1384 949 106 20 Blenheim
1506 948 55 20 from
1572 948 41 19 this
1622 949 48 24 port
1679 953 42 13 was
1731 946 59 26 lying
1798 946 56 19 there

1276 976 88 24 seeking-
1378 976 84 24 freight.
1500 975 45 20 The
1568 975 82 25 captain
1675 974 42 19 had
1735 973 50 25 only
1804 972 50 20 been

1276 1003 76 20 offered
1359 1001 36 23 £3
1406 1003 44 19 10s.
1461 1008 38 20 per
1508 1004 36 17 ton
1555 1004 22 17 to
1587 1002 49 19 take
1645 1007 62 18 sugar
1717 1002 21 17 to
1751 1000 91 25 Europe.

1288 1026 3 4 '
1300 1030 45 19 The
1363 1030 40 19 Sea
1420 1028 70 21 Horse
1508 1031 88 17 steamer
1615 1028 24 19 of
1660 1028 41 19 500
1721 1029 57 21 tons,
1793 1026 61 25 lately

1276 1056 79 20 arrived
1369 1056 24 19 in
1414 1056 115 22 Australia,
1543 1055 41 19 and
1599 1060 48 14 now
1668 1054 73 25 plying
1764 1054 90 19 between

1276 1084 88 26 Sydney,
1384 1082 51 21 Port
1452 1082 85 26 Phillip,
1554 1082 41 19 and
1614 1080 83 21 Hobart
1713 1080 74 23 Town,
1805 1080 18 19 it
1839 1080 15 19 is

1276 1110 66 20 stated
1351 1116 48 20 may
1408 1110 26 20 be
1443 1109 101 27 expected
1552 1112 23 16 to
1585 1108 85 20 become
1680 1114 13 13 a
1702 1107 52 20 New
1764 1106 90 21 Zealand

1276 1138 75 17 trader.

1367 1195 282 19 METEOROLOGICAL
1656 1194 103 20 TABLE.

1299 1225 41 20 For
1350 1225 34 19 the
1393 1224 55 20 week
1457 1224 74 21 endiiig
1543 1224 115 21 Thursday,
1669 1224 52 21 July
1733 1224 35 21 22,
1782 1224 58 17 1841.

1444 3133 119 22 LATEST
1575 3135 109 20 DATES.

1275 3397 92 79 New
1397 3397 214 79 Zealand
1641 3397 213 79 Gazette

1319 3476 66 21 AND
1400 3476 210 24 WELLINGTON
1624 3480 186 25 SPECTATOR.

1400 3533 128 24 Saturday,
1543 3533 60 20 July
1617 3534 34 25 24,
1667 3535 63 21 1841.

1403 3587 22 21 A
1443 3587 145 23 SPECIAL
1606 3587 112 24 EDICT.

1292 3627 101 22 Through
1403 3627 80 21 Ulster,
1495 3627 101 24 Leinster,
1606 3627 132 27 Connaught,
1747 3629 106 27 Munster,

1273 3651 97 20 Crimp's
1381 3650 35 21 the
1425 3651 41 26 boy
1477 3654 22 18 to
1509 3653 60 20 make
1579 3654 35 20 the
1623 3655 39 19 fun

1303 3686 55 23 Few
1378 3686 25 23 of
1424 3695 41 15 our
1483 3688 90 23 readers
1596 3689 57 24 have
1671 3699 46 23 any
1731 3693 80 23 notion
1832 3693 22 23 of

1273 3719 56 23 their
1350 3719 152 25 whereabout.
1559 3721 65 32 They
1644 3723 75 31 fancy,
1743 3726 109 29 forsooth,

1273 3751 47 24 that
1330 3752 24 22 in
1364 3751 39 24 the
1415 3751 116 26 Northern
1544 3754 78 24 Island
1634 3756 25 23 of
1674 3757 57 23 New
1744 3758 107 29 Zealand,

1273 3784 51 30 they
1335 3784 57 23 have
1410 3784 62 24 fixed
1490 3786 59 24 their
1566 3788 114 24 residence
1700 3790 42 23 and
1754 3791 99 24 founded

1273 3817 55 23 their
1338 3817 111 24 fortunes.
1484 3819 105 24 Deluded
1606 3821 92 31 beings!
1733 3823 66 31 They
1815 3832 37 15 are

1273 3849 105 31 peopling
1400 3850 58 23 New
1479 3851 94 25 Ulster!
1603 3853 58 24 This
1683 3855 21 23 is
1733 3855 38 24 the
1794 3861 60 18 most

1273 3886 74 20 recent
1357 3890 61 16 news
1430 3883 58 24 from
1500 3884 37 24 the
1554 3885 60 24 Gulf
1625 3887 25 22 of
1664 3888 189 21 Shouraki—the

1276 1301 8 3 '
1292 1304 47 16 1841.

1362 1298 5 2 .
1377 1282 52 17 Time
1435 1283 21 16 of

1373 1304 88 16 Observa-

1393 1324 44 17 tion.

1490 1292 54 16 Baro-

1485 1315 62 14 meter.

1561 1268 3 15 I

1565 1292 80 16 Thermo-

1575 1315 63 14 meter.

1675 1267 59 40 Hi

1775 1301 60 18 Wind.

1273 1381 82 21 Friday...

1273 1443 29 17 Sat

1273 1505 82 21 Sunday..

1273 1566 82 21 Monday.

1396 1382 9 15 8

1395 1402 53 20 lp.m.

1395 1423 10 15 5

1395 1444 10 14 8

1395 1464 50 20 lp.m.

1395 1485 9 14 5

1395 1505 10 15 8

1395 1526 54 19 lp.m.

1395 1546 9 15 5

1395 1567 10 15 8

1395 1587 53 20 lp.m.

1395 1608 9 15 5

1395 1628 9 16 8

1395 1649 52 20 lp.m.

1394 1670 10 14 5

1395 1690 9 15 8
1433 1701 2 4 .

1395 1710 52 20 lp.m.

1394 1731 9 15 5

1395 1752 9 15 8

1395 1773 52 19 lp.m.

1394 1794 9 14 5

1489 1381 57 16 30.042

1489 1402 57 15 30.140

1489 1422 57 16 30.126

1489 1442 57 16 30.244

1489 1463 59 16 30.164

1489 1484 57 15 30.146

1489 1505 57 15 30.102

1490 1525 57 16 30.100

1489 1545 59 16 30.094

1489 1566 58 15 30.088

1489 1586 55 16 30.051

1490 1607 56 16 30.022

1489 1627 58 16 29.830

1488 1649 59 16 29.760

1488 1670 58 15 29.506

1489 1690 58 15 30.100

1489 1710 57 16 29.972

1489 1731 57 15 30.100

1489 1752 58 15 30.000

1488 1773 58 15 29.996

1489 1793 57 15 30.096

1588 1380 38 16 50.5

1588 1400 26 16 51.

1589 1421 27 16 50.

1588 1442 26 15 46.

1588 1463 27 15 56.

1588 1482 26 16 53.

1588 1502 26 17 47.

1588 1522 26 17 57.

1588 1545 26 15 56.

1588 1565 26 15 48.

1588 1585 26 16 56.

1588 1606 27 16 55.

1588 1626 26 18 51.

1588 1648 26 17 46.

1588 1670 26 16 53.

1588 1690 27 16 49.

1588 1711 26 15 26.

1588 1731 26 16 56.

1588 1752 26 15 48.

1588 1773 37 15 49.5

1588 1793 27 16 49.

1684 1402 37 16 0.07

1669 1464 58 16 None.

1668 1526 59 16 None.

1670 1587 57 16 None.

1753 1379 23 17 N.
1784 1381 23 20 by
1815 1383 27 16 W.

1753 1400 24 16 N.
1784 1402 21 19 by
1814 1403 27 17 W.

1752 1421 64 19 North.

1753 1442 63 18 North.

1752 1462 51 17 N.W.

1751 1483 52 17 N.W.

1751 1503 64 19 North.

1751 1524 65 19 North.

1752 1545 64 18 North.

1751 1565 65 19 North.

1752 1586 64 18 North.

1752 1606 24 17 N.
1783 1608 23 19 by
1814 1609 27 17 W.

1752 1627 64 19 North.

1752 1647 24 17 N.
1783 1649 22 21 by
1813 1651 27 16 W.

1752 1668 24 17 N.
1783 1670 22 21 by
1814 1671 27 16 W.

1753 1689 63 19 South.

1753 1710 17 16 S.
1778 1712 48 20 byE.

1753 1731 17 15 S.
1778 1732 48 20 byE.

1753 1752 18 16 S.
1778 1753 22 20 by
1806 1753 21 16 E.

1753 1773 18 15 S.
1778 1774 50 19 byE.

1753 1794 17 15 S.
1778 1794 22 20 by
1805 1795 22 16 E.

1273 1628 81 20 Tuesday

1683 1649 37 16 0.18

1273 1689 42 17 Wed

1684 1711 36 16 0.91

1272 1750 58 17 Thuri
1336 1762 17 6 ...

1684 1773 36 15 0.41

1271 1844 83 21 Friday...

1393 1845 10 15 S

1468 1824 3 16 I
1602 1825 125 16 REMARKS.

1472 1844 54 21 Light
1533 1844 27 16 air
1568 1844 35 16 and
1612 1845 41 16 fine.

1392 1886 52 20 Ip.m.

1467 1879 3 22 I
1473 1885 91 16 Moderate
1570 1886 62 16 breeze
1642 1886 36 16 and
1685 1890 43 17 very
1736 1887 23 16 fin

1750 1891 28 12 ne.

1391 1927 11 15 6

1471 1926 54 21 Light
1536 1926 28 17 air
1573 1926 34 17 and
1615 1927 42 17 fine.

1270 1967 31 16 Sat

1391 1968 10 16 8

1513 1967 34 17 Do.
1590 1967 33 17 Do.
1665 1968 34 17 Do.

1391 2009 53 19 Ip.m.

1512 2007 35 17 Do.
1589 2008 33 16 Do.
1664 2009 35 16 Do.

1391 2050 10 15 5

1472 2047 92 18 Moderate
1570 2049 61 16 breeze
1638 2049 37 16 and
1682 2049 41 17 fine.

1270 2089 83 21 Sunday..

1391 2091 10 15 8

1471 2089 54 20 Light
1531 2089 67 20 breeze,
1607 2090 35 16 and
1650 2091 41 16 fine.

1391 2132 53 20 Ip.m.

1471 2130 65 20 Strong
1541 2131 63 16 breeze
1611 2131 34 16 and
1653 2132 41 16 fine.

1391 2173 9 15 5

1471 2171 54 20 Light
1567 2171 31 17 Do.
1642 2172 35 17 Do.

1270 2212 82 21 Monday.

1391 2214 10 16 »

1512 2213 34 16 Do.
1589 2213 32 16 Do.
1664 2214 35 16 Do.

1390 2255 54 20 Ip.m.

1471 2253 65 21 Strong
1576 2253 34 17 Do.
1654 2254 33 17 Do.

1390 2296 9 16 5

1512 2294 34 17 Do.
1588 2297 87 15 overcast.

1270 2336 82 20 Tuesday

1390 2337 10 16 8

1501 2348 5 5 ,
1512 2336 34 16 Do.
1588 2336 34 16 Do.
1664 2337 47 17 rain.

1390 2378 53 21 Ip.m.

1511 2377 35 17 Do.
1588 2377 33 17 Do.
1663 2378 33 17 Do.

1390 2420 10 15 5

1471 2418 92 16 Moderate
1588 2418 33 18 Do,
1663 2419 34 17 Do.

1269 2459 42 16 Wed

1390 2461 10 15 8

1471 2460 64 20 Strong
1587 2460 33 16 Do.
1663 2461 33 16 Do.

1390 2502 53 20 lp.m.

1511 2501 34 16 Do.
1588 2502 33 16 Do.
1663 2502 34 17 Do.

1391 2543 9 15 5

1511 2542 35 17 Do.
1588 2543 32 16 Do.
1663 2543 35 18 Do.

1270 2583 58 17 Thurs
1334 2594 18 6 ...

1390 2584 10 16 8

1702 2575 4 3 ■

1512 2583 34 17 Do.
1588 2584 33 17 Do.
1663 2585 35 16 Do.

1391 2625 53 21 lp.m.

1512 2624 34 18 Do.
1588 2626 33 16 Do.
1664 2627 33 16 Do.

1391 2667 9 15 5

1512 2667 34 17 Do.
1588 2667 33 17 Do.
1664 2668 33 16 Do.

1286 3165 84 20 iondon
1634 3165 84 24 March
1732 3168 23 28 9,

1286 3196 79 29 lydney
1635 3197 54 32 July
1731 3201 23 27 3,

1286 3229 8 15 r
1296 3236 29 15 an
1336 3228 120 23 Dieman's
1468 3228 67 24 Land
1557 3246 55 7 ....
1633 3230 61 25 June
1717 3234 10 21 1
1732 3234 23 28 7,

1286 3262 37 29 lay
1334 3261 26 23 of
1374 3261 93 23 Islands
1635 3264 60 31 Apr.
1716 3267 41 28 22,

1286 3294 86 22 'names
1635 3297 57 31 May
1729 3301 23 26 5,

1286 3328 44 22 »ort
1341 3326 88 31 Phillip
1636 3330 59 23 June
1708 3333 47 28 .26,

1286 3359 97 23 idelaide
1635 3363 59 24 June
1732 3366 23 26 9,

1781 3170 63 22 1841

1781 3203 64 22 1841

1783 3236 61 22 1841

1782 3269 63 22 1841

1783 3302 62 22 1841

1782 3335 62 21 1841

1784 3368 61 21 1841

63 131 156 48 MESSRS.
233 128 143 23 JOHNSON
393 127 44 22 and
456 127 109 22 MOORE
583 127 57 21 have

151 156 107 27 received,
271 163 27 14 ex
309 155 100 25 Transfer
420 162 33 12 :—
481 165 12 14 „*
501 176 2 5 _

87 191 59 21 Pilot
154 193 67 23 coats,
232 196 43 20 pea
280 188 94 28 jackets,

86 217 57 21 Blue
148 216 94 27 jackets,
251 214 97 27 monkey
357 214 61 26 ditto,
602 232 4 4 .
618 229 4 9 ;

87 242 107 26 Flushing
204 246 106 21 trowsers,
319 240 41 22 red
369 240 71 25 shirts,
607 238 3 7 '
631 252 6 5 •

87 269 62 21 Dark
157 268 66 32 fancy
233 268 70 26 prints
313 266 44 22 and
367 273 58 20 navy
434 266 71 27 blues,

86 295 104 26 Superior
197 289 111 30 blankets,
320 292 94 22 Manilla
422 292 55 27 hats,

86 320 106 25 Ribbons,
201 319 100 22 artificial
310 319 92 26 flowers,

86 346 69 22 Black
166 346 41 21 silk
216 345 176 27 handkerchiefs,
404 348 73 19 cotton
487 344 63 28 ditto,

86 372 68 22 Wash
162 372 102 25 leathers,
275 378 100 20 sponges,

87 399 86 26 Combs,
185 398 99 26 shaving,
293 398 67 26 teeth,
371 396 43 23 and
423 396 49 22 hair
480 396 98 27 brushes,

87 424 93 27 Violins,
191 424 60 21 bows
261 423 44 22 and
313 424 87 26 strings,

86 450 64 22 Deed
159 450 45 21 and
213 450 52 21 cash
276 450 75 25 boxes,

85 478 77 25 20,000
170 477 99 26 superior
278 476 94 21 Manilla
380 476 75 27 cigars,

86 503 69 22 Black
166 506 35 18 tea
209 503 23 20 in
242 503 51 20 half
305 503 79 26 chests,
399 502 45 21 and
453 502 45 22 fine
506 501 80 28 butter,
599 501 40 22 &c.

60 530 48 25 &c,
119 536 102 15 common
232 529 114 21 tumblers.

87 563 36 20 On
133 562 45 21 sale
193 562 52 21 with
259 562 37 21 the
312 562 76 26 above,
400 569 13 14 a
426 562 101 27 quantity
536 561 26 22 of
574 560 66 22 hard-

58 595 59 15 ware
125 588 45 21 and
179 588 141 26 agricultural
329 588 147 27 implements.

86 621 22 21 A
125 628 55 19 very
198 621 99 26 superior
314 621 34 21 six
364 621 67 21 oared
450 620 113 22 Canadian
583 619 57 23 built

58 646 70 22 whale
138 647 58 26 boat,
206 647 50 21 with
265 647 61 21 brass
333 647 113 27 rowlocks,
456 654 57 19 oars,
522 649 64 24 mast,
595 647 45 21 and

59 673 47 21 sail.

61 717 172 48 RICHARD
247 717 82 22 BALL
350 717 44 22 and
408 718 38 21 Co.
463 717 43 27 beg
524 720 23 18 to
557 717 82 21 inform

148 743 58 21 their
223 743 84 22 friends
330 744 45 21 and
394 743 38 22 the
448 743 75 28 public
543 743 29 21 of
586 743 53 21 Port

59 769 129 26 Nicholson,
204 768 48 23 that
267 769 53 28 they
330 769 57 22 have
396 770 86 27 opened
498 776 14 15 a
522 769 116 22 wholesale

59 795 45 22 and
118 795 62 22 retail
191 796 62 21 Store
263 796 35 21 for
311 796 37 21 the
365 796 44 21 sale
425 797 25 20 of
462 796 116 21 Groceries
594 796 45 21 and

60 821 177 28 Haberdashery,
274 822 44 22 and
348 825 62 23 trust,
434 823 29 26 by
486 822 106 27 assiduity
615 825 24 18 to

59 848 108 27 business,
178 851 22 18 to
210 848 66 22 merit
284 856 14 14 a
307 849 64 21 share
380 849 26 21 of
412 848 74 28 public
495 851 128 24 patronage.

85 881 132 22 Beach-side
227 882 26 21 of
263 882 177 27 Tinakori-road,

174 908 54 26 July
237 910 35 24 21,
285 910 49 20 1841

230 953 44 19 Ex

60 985 71 47 ON
145 985 45 21 sale
200 988 23 18 at
236 985 37 21 the
283 985 74 21 Stores
366 985 26 20 of
402 985 37 21 the
447 985 160 27 undersigned:
610 996 25 5 —

137 1011 114 26 Superfine
260 1018 49 15 new
319 1011 96 21 colonial
423 1011 63 26 flour,

86 1037 97 22 Seconds
265 1037 35 22 do.
355 1037 35 22 do.
446 1037 35 22 do.

85 1064 72 21 Coffee
168 1064 24 21 in
201 1063 59 27 good
270 1063 120 27 condition,

85 1089 95 23 Refined
189 1090 48 21 loaf
244 1097 64 20 sugar
318 1091 23 21 in
351 1089 64 23 hhds.

83 1117 69 21 Moist
159 1123 66 20 sugar
233 1117 23 21 in
268 1116 59 27 bags,

85 1143 82 26 Cigars,
178 1143 69 26 prime
258 1143 99 26 Manilla,
368 1142 47 22 first
424 1142 91 28 quality,

84 1169 97 27 Brandy,
193 1170 11 20 1
214 1169 54 23 hhd.
279 1177 53 20 very
341 1169 105 27 superior,

85 1196 101 21 Jamaica
195 1202 49 14 rum
299 1196 35 21 do.
386 1195 35 22 do.

85 1222 54 22 Pale
148 1221 38 27 gin
195 1221 25 21 in
229 1221 65 22 hhds.

85 1250 40 20 150
136 1255 59 15 cases
206 1248 25 21 of
237 1247 110 27 hollands,

84 1277 41 19 300
137 1274 76 22 cheese
223 1274 22 22 in
256 1275 57 26 good
324 1273 70 28 order,

84 1301 55 21 Port
146 1301 45 21 and
200 1301 77 26 sherry
286 1301 22 21 in
319 1300 63 22 wood
392 1301 44 22 and
444 1300 77 28 bottle,

84 1327 142 27 Champagne
235 1327 24 21 in
269 1329 14 19 6
293 1327 71 22 dozen
373 1334 67 20 cases,

84 1354 89 21 Bottled
182 1353 34 22 ale
226 1353 46 22 and
280 1357 81 23 porter,

84 1380 69 22 Black
163 1383 37 18 tea
209 1380 21 20 in
240 1381 27 21 35
277 1380 29 22 lb.
317 1380 117 27 packages,

84 1407 92 27 Ginger,
188 1407 88 26 raisins,
293 1410 72 18 castor
382 1406 37 27 oil,
435 1406 65 22 white
516 1414 82 21 pepper
610 1408 18 21 ir

55 1433 63 27 bags,

84 1461 129 20 Arrowroot
221 1466 24 15 m
256 1463 128 23 cannisters,

85 1486 91 27 Shingle
184 1486 65 27 nails,
260 1486 45 22 and
320 1493 29 15 an
363 1489 132 19 assortment
509 1486 25 22 of
547 1487 55 21 nails
613 1487 26 21 of

57 1512 29 22 all
97 1512 151 27 descriptions,
297 1529 9 9 ,

84 1538 71 28 Large
164 1546 58 20 rugs,
230 1539 51 21 10-4
286 1538 102 22 blankets
394 1538 71 28 heavy
471 1539 44 21 and
522 1539 110 28 coloured,

84 1565 166 27 Counterpanes
259 1566 23 20 in
293 1566 67 26 bales,
369 1565 49 21 best
427 1568 85 24 regatta
521 1566 71 27 shirts,

84 1592 124 26 Osnaburg,
219 1593 54 20 1000
282 1592 66 26 yards
357 1592 38 21 for'
400 1592 72 26 lining
479 1591 87 28 houses,

82 1618 82 27 Prints,
188 1625 14 14 a
223 1621 64 24 great
308 1618 91 27 variety,
425 1618 44 21 and
495 1618 139 22 fashionable

54 1647 107 24 patterns,

82 1670 113 27 Sheeting,
206 1670 100 28 shirting,
317 1670 45 22 and
371 1670 137 23 unbleached
517 1671 77 28 calico,

82 1697 75 22 Men's
166 1697 65 21 white
241 1696 72 27 shirts,
324 1698 71 26 socks,
405 1698 61 21 linen
476 1698 76 27 check,

81 1723 179 24 Men's.woollen
270 1723 73 27 shirts,

81 1750 113 22 Moleskin
204 1750 45 21 and
258 1750 54 21 cord
320 1753 107 23 trowsers,
437 1750 144 28 bed-ticking,

80 1776 110 26 Flushing
199 1780 100 18 trowsers
316 1776 98 27 monkej'
420 1777 92 27 jackets,

81 1802 45 22 Pea
132 1802 93 29 jackets,
237 1803 93 21 woollen
341 1802 100 27 drawers.

80 1829 67 22 Duck
155 1829 82 25 frocks,
249 1829 135 26 comforters,
395 1832 44 19 and
446 1833 109 24 trowsers,

81 1855 86 27 Chintz,
180 1856 103 21 coloured
295 1856 45 21 and
348 1856 65 21 black
421 1857 104 26 merinos,

80 1882 47 21 Kid
136 1882 76 27 gloves
220 1882 27 21 of
253 1882 29 23 all
293 1882 151 28 descriptions,

80 1908 58 22 Rich
148 1908 84 27 figured
240 1908 95 28 poplins,

81 1934 65 28 Long
153 1935 61 22 scarf
225 1934 87 28 shawls,
322 1934 54 23 dark
383 1935 248 23 mousselane-de-laine

54 1960 92 28 dresses,

80 1988 63 21 Satin
152 1987 75 26 scarfs,
237 1988 59 21 book
304 1988 90 26 muslin,
404 2006 6 8 l

80 2013 70 21 Black
159 2013 46 21 and
213 2013 104 22 coloured
327 2020 50 19 gros
387 2014 37 27 de'
424 2014 89 27 Naples,

81 2039 119 22 Cashmere
223 2039 86 28 shawls,
333 2040 75 21 ladies'
426 2042 44 21 and
491 2041 54 27 girls
567 2044 62 19 straw

53 2065 102 26 bonnets,
166 2066 55 26 boys
230 2066 74 21 velvet
313 2073 58 20 caps,

80 2092 70 22 Black
160 2100 70 19 crape,
240 2092 77 22 ladies'
329 2093 44 21 and
381 2093 53 27 girls
444 2097 66 24 stays,

80 2118 114 22 Women's
201 2119 61 26 hose,
273 2126 14 14 a
296 2119 83 26 variety
390 2120 26 21 of
421 2121 96 26 ribbons,

79 2147 27 19 10
116 2145 73 27 pieces
199 2145 65 22 India
273 2145 42 22 silk
324 2145 177 28 handkerchiefs,

79 2171 74 22 Men's
164 2171 136 27 comforters,
310 2172 79 22 lamb's
399 2173 55 22 wool
465 2173 72 27 shirts,
612 2173 12 18 >

80 2198 153 22 Gentlemen's
243 2202 65 22 vests,
320 2198 47 22 first
378 2199 91 28 quality,

80 2224 154 22 Gentlemen's
249 2225 65 21 black
328 2225 82 22 beaver
419 2225 55 28 hats,
485 2225 147 28 gentlemen's

52 2250 81 22 oilskin
143 2251 55 27 hats,
209 2251 95 21 Manilla
313 2251 57 26 hats,

79 2277 132 27 Umbrellas,
237 2277 82 23 tailors'
338 2279 132 26 trimmings,
485 2279 46 21 and
552 2279 79 22 haber-

51 2303 95 28 dashery
155 2304 27 21 of
193 2304 28 21 all
229 2307 64 23 sorts,

79 2330 66 22 India
152 2331 82 21 rubber
244 2331 45 21 and
298 2333 75 19 cotton
381 2331 84 27 braces,

78 2356 154 23 Gentlemen's
259 2357 100 28 superior
384 2358 109 22 buckskin
520 2361 107 24 trowsers,

51 2383 59 26 good
120 2383 73 27 shape,

78 2409 80 22 Cotton
169 2409 171 23 handkerchiefs
350 2410 23 22 in
383 2410 79 27 pieces,

77 2436 104 27 Superior
211 2436 141 22 broad-cloth
378 2437 45 21 and
451 2437 118 22 Cashmere
596 2437 35 22 for

51 2465 106 24 trowsers,

76 2489 14 20 3
99 2489 60 21 bales
169 2489 26 21 of
202 2489 52 27 sole,
265 2489 45 27 kip,
322 2489 45 21 and
376 2489 47 22 calf
430 2490 92 27 leather,

75 2515 60 22 Boat
143 2515 56 22 nails
210 2516 24 20 of
242 2515 30 22 all
281 2516 151 27 descriptions,

76 2542 74 22 Men's
159 2545 76 24 strong
244 2543 71 26 boots,
325 2543 63 26 boy's
398 2543 44 21 and
452 2544 105 21 women's
567 2543 35 22 do.

77 2569 153 21 Gentlemen's
253 2569 100 27 superior
377 2569 113 27 kangaroo
517 2570 111 27 bluchers,

49 2595 65 21 made
123 2599 23 17 to
156 2596 71 26 order,

77 2622 78 21 Mould
165 2622 97 26 candles,

76 2649 58 20 Boat
143 2648 101 26 anchors,

77 2675 103 27 Superior
188 2675 110 21 furniture
308 2675 25 21 of
340 2674 30 22 all
380 2675 151 28 descriptions,

76 2701 135 27 Negrohead
221 2702 98 26 tobacco,

78 2728 48 21 One
140 2728 47 27 pipe
196 2728 57 26 light
265 2731 50 24 port
325 2728 63 22 wine.

306 2761 35 22 W.
357 2762 26 21 B.
398 2762 93 21 Rhodes
507 2762 45 21 and
565 2763 39 21 Co.

96 2813 98 20 Choice
204 2813 153 24 Furniture,
367 2819 36 15 ex

53 2844 69 49 ON
135 2845 82 27 SALE,
227 2853 28 14 an
264 2849 131 18 assortment
402 2846 26 21 of
435 2846 75 21 choice
518 2846 114 28 furniture,

116 2872 119 26 consisting
246 2872 33 21 of:

131 2898 60 21 Four
199 2899 74 26 4-post
281 2898 124 27 bedsteads,

132 2924 60 21 Four
200 2924 56 22 wool
266 2928 133 23 mattrasses,

130 2950 60 21 Four
200 2950 89 22 Marina
298 2954 132 24 mattrasses,

131 2977 60 21 Four
199 2977 71 22 railed
280 2977 100 27 couches,

129 3003 73 22 Three
211 3003 132 22 wash-hand
353 3004 82 27 stands,

129 3029 73 22 Three
212 3030 100 27 dressing
320 3030 77 28 tables,

129 3056 73 22 Three
211 3059 45 19 sets
265 3057 21 21 D
297 3057 76 27 tables,

129 3083 73 21 Three
212 3086 44 18 sets
266 3083 102 26 drawers,

129 3109 89 21 Twelve
227 3112 136 24 mattrasses,

129 3135 89 22 Twelve
227 3135 92 28 pillows,

131 3161 49 21 One
190 3164 33 18 set
232 3161 90 28 dummy
332 3161 65 28 table,

130 3187 88 22 Twelve
228 3188 78 27 chairs,

129 3213 80 26 Thirty
217 3222 68 14 seven
295 3222 59 19 rugs,

131 3240 54 22 Five
194 3241 48 21 hair
253 3241 101 26 couches,

130 3267 72 21 Three
211 3267 123 22 bedsteads.

77 3300 33 22 At
120 3300 35 21 the
166 3300 73 22 Stores
249 3300 26 21 of

400 3328 21 21 J.
433 3328 44 22 and
488 3328 28 22 G.
526 3329 79 22 Wade.

253 3371 39 20 To
301 3371 133 21 Builders.

50 3404 175 48 WANTED
236 3407 22 18 to
267 3405 86 21 receive
369 3409 109 18 contracts
491 3407 36 21 for
536 3407 96 27 erecting

128 3438 13 13 a
152 3431 69 26 Store,
232 3431 29 21 all
272 3431 36 21 the
317 3432 111 21 materials
439 3433 25 21 of
474 3433 71 22 which
554 3434 41 21 will
605 3434 27 21 be

51 3457 107 28 supplied.
187 3457 55 21 Plan
259 3457 44 22 and
317 3458 129 27 particulars
463 3460 45 21 will
523 3460 27 21 be
566 3460 66 26 given

51 3491 28 14 on
89 3483 134 28 application
232 3487 23 18 to

354 3510 29 21 D<
393 3511 21 21 S.
425 3511 76 22 Durie
512 3512 43 22 and
566 3513 37 21 Co.

77 3542 143 27 Wellington,
232 3541 54 28 July
295 3543 32 27 15,
339 3544 60 21 1841.

166 3587 144 20 Contracts
324 3586 43 21 for
380 3588 137 21 Potatoes.

51 3620 144 49 WAITT
209 3619 43 22 and
267 3619 97 22 TYSER
379 3620 44 21 will
440 3622 85 21 receive
544 3623 88 22 tenders

147 3646 34 22 for
192 3650 41 17 two
242 3645 102 22 hundred
354 3649 48 18 tons
413 3647 91 26 English
514 3649 119 22 cultivated

51 3676 107 46 Sotatoes,
178 3672 92 28 packed,
291 3672 132 22 deliverable
442 3677 23 18 at
482 3674 58 22 their
559 3676 74 22 Stores

68 3700 66 26 uring
143 3700 37 21 the
189 3702 89 24 potatoe
289 3705 85 15 season.

78 3732 144 27 Wellington,
233 3732 55 26 July
297 3732 33 26 15,
341 3733 61 20 1841.

53 3777 111 49 LOST,
181 3784 30 15 on
227 3776 117 27 Saturday,
355 3776 54 26 July
420 3777 31 24 17,
464 3779 59 26 1841,
533 3779 99 22 between

136 3804 35 21 the
190 3803 70 22 Town
277 3803 44 21 and
340 3802 36 22 the
395 3803 63 21 Road
477 3805 97 26 crossing
596 3805 36 22 the

53 3838 83 19 swamp
150 3830 90 27 leading
255 3832 22 18 to
293 3829 81 21 Evans'
390 3829 55 26 Bay,
456 3829 37 22 the
510 3838 47 14 sum
568 3832 26 20 of
601 3833 31 20 £4

53 3857 97 26 sterling.
180 3856 112 22 Whoever
300 3855 55 21 shall
367 3855 46 21 find
423 3856 35 21 the
468 3856 70 23 above
548 3857 44 22 will
605 3858 27 21 be

52 3883 113 23 rewarded
174 3890 28 15 on
213 3882 100 27 delivery
323 3885 22 19 at
355 3881 43 23 this
408 3881 75 23 Office,

1361 2731 123 21 AGENTS
1497 2733 57 20 FOR
1568 2734 71 20 THIS
1652 2735 108 19 PAPER.

1290 2757 39 18 Mr.
1340 2757 24 17 R.
1375 2757 117 18 BARRETT
1565 2759 45 17 New
1617 2760 109 22 Plymouth,
1733 2761 103 18 TaranaVi.

1290 2778 38 17 Mr.
1340 2778 25 18 H.
1377 2778 122 18 CHURTON
1563 2780 113 23 Wanganui.

1271 2825 81 18 Notice
1364 2830 28 13 to
1404 2825 105 18 Settlers
1521 2831 28 13 at
1561 2827 129 18 Wanganui.
1690 2837 23 4 —
1714 2829 23 17 In
1750 2829 67 18 future
1829 2834 25 13 we

1271 2846 48 17 shall
1329 2846 46 21 only
1385 2846 82 18 forward
1479 2851 68 17 papers
1559 2849 19 16 to
1589 2848 55 17 thoie
1658 2850 43 16 who
1713 2850 48 17 send
1773 2850 21 17 in
1806 2851 48 17 their

1271 2871 65 13 names
1349 2868 19 16 to
1381 2872 36 12 our
1428 2867 53 18 office
1493 2872 21 13 as
1528 2869 127 18 subscribers.
1676 2870 28 18 To
1716 2870 40 18 this
1768 2871 50 18 hour
1829 2876 25 13 we

1271 2888 48 17 have
1332 2889 34 16 not
1380 2888 87 17 received
1479 2888 33 18 the
1530 2894 53 13 name
1596 2890 22 17 of
1632 2895 11 12 a
1657 2890 62 23 single
1733 2891 85 18 resident
1837 2894 17 16 at

1271 2918 4 3 -
1423 2909 107 22 Wanganui
1537 2914 22 13 as
1568 2914 12 13 a
1585 2911 118 19 subscriber.

1291 2940 40 17 The
1338 2940 98 22 following
1442 2945 33 13 are
1483 2942 31 16 th«
1523 2943 77 20 quarter
1610 2942 48 22 days
1664 2943 22 18 of
1695 2943 40 18 this
1742 2949 59 17 paper
1808 2951 4 11 :
1813 2954 24 3 —

1375 2961 68 17 March
1701 2966 47 16 31st.

1376 2982 51 17 June
1702 2985 50 18 30th.

1376 3003 112 21 September
1702 3006 50 18 30th.

1376 3023 107 18 December
1702 3029 47 15 31st.

1291 3044 82 17 Persons
1380 3045 110 21 previously
1497 3047 19 15 to
1529 3045 145 25 discontinuing
1684 3048 51 17 their
1741 3053 70 17 paper?
1818 3050 36 17 and

1271 3064 165 23 advertisements,
1444 3067 54 16 must
1504 3067 58 17 settle
1568 3067 33 17 the
1611 3070 92 16 accounts
1710 3069 37 18 due
1754 3074 27 16 up
1792 3071 20 17 to
1823 3071 31 17 the

1272 3086 50 14 date.
1768 3081 13 10 *

668 126 148 25 Township
832 126 31 20 of
879 125 148 26 Aglionby,
1047 130 37 15 on
1102 126 44 20 the
1159 126 90 20 banks

821 152 31 20 of
868 153 46 19 the
928 151 90 24 River,
1022 151 79 21 Hutt.

668 184 116 48 LAND
807 184 40 22 TO
871 184 39 21 BE
938 183 59 22 LET
1023 183 44 22 ON
1095 183 154 22 BUILDING

743 210 114 22 LEASES
872 210 23 21 in
911 209 37 22 the
964 209 122 27 secondary
1102 209 107 27 township
1225 217 25 14 or

668 236 80 28 village
757 236 26 22 of
795 236 119 27 Aglionby,
927 243 28 14 on
966 236 38 21 the
1013 235 91 22 borders
1111 236 24 21 of
1147 235 38 22 the
1192 236 58 21 river

670 263 63 26 Hutt,
745 269 28 15 on
784 262 48 21 that
841 263 84 21 section
941 262 26 21 of
979 261 60 27 land,
1055 262 38 21 the
1109 264 103 25 property
1227 263 26 20 of

670 289 26 21 D.
715 289 121 26 Riddiford,
855 289 59 26 Esq.,
929 288 93 21 marked
1036 289 23 20 in
1077 288 37 21 the
1129 288 120 27 Surveyor-

670 315 114 21 General's
794 322 51 20 map
855 314 43 22 No.
910 315 32 25 17,
957 314 44 22 and
1016 313 82 23 chosen
1114 313 72 23 under
1200 321 49 20 pre-

668 341 103 26 liminary
780 341 129 21 land-order
919 340 43 22 No.
972 341 20 21 5.

695 368 21 20 A
727 367 86 27 portion
825 367 25 21 of
861 366 42 22 this
919 370 58 18 most
991 366 102 22 valuable
1111 366 83 22 section
1208 366 41 22 has

668 392 56 23 been
733 393 45 21 laid
788 396 39 19 out
836 400 25 14 as
871 400 13 14 a
896 393 107 26 township
1017 393 30 26 by
1062 393 27 21 R.
1107 392 64 26 Park,
1187 393 61 27 Esq.,

668 426 112 21 surveyor,
797 419 24 21 in
980 417 24 23 of
1022 426 42 14 one
1081 422 88 23 quarter
1183 419 26 21 of
1218 426 30 14 an

668 452 51 15 acre
733 445 61 26 each,
965 452 97 14 reserves
1075 445 35 21 for
1122 452 13 14 a
1151 444 96 27 Church,

669 471 168 28 Market-place,
858 471 45 22 and
920 471 63 21 other
1006 478 106 20 purposes
1129 471 26 21 of
1173 471 84 27 public'

668 498 80 27 utility.
757 513 85 7 ...

694 524 47 22 The
750 523 87 27 portion
848 523 26 22 of
884 523 54 21 land
947 530 51 14 now
1007 523 82 22 offered
1100 525 22 19 to
1131 522 37 22 the
1173 523 76 27 public

668 550 68 22 forms
745 550 36 22 the
792 553 75 18 centre
877 550 26 21 of
914 550 60 22 what
980 557 45 14 was
1034 550 116 26 originally
1157 550 45 21 laid
1210 553 39 19 out

668 576 29 28 by
715 576 93 28 Captain
823 576 71 22 Smith
910 583 24 14 as
953 575 37 22 the
1007 576 93 27 Capital,
1115 576 77 21 before
1210 576 38 21 the

668 603 96 21 removal
775 606 22 18 to
814 602 224 22 Lambton-harbour.
1067 602 22 22 It
1105 602 19 22 is
1138 602 37 22 the
1190 602 59 22 head

668 628 25 22 of
703 629 37 21 the
749 630 53 20 boat
816 628 129 27 navigation
960 628 25 21 of
1002 628 37 22 the
1055 628 68 22 River
1136 628 60 22 Hutt
1202 637 5 18 ;
1229 629 19 21 is

667 656 90 26 pointed
766 657 40 20 out
814 655 29 31 by
851 655 85 22 Nature
943 661 25 15 as
976 654 37 22 the
1022 655 58 21 local
1090 654 79 28 capital
1179 656 25 21 of
1211 655 37 22 the

668 682 65 21 finest
750 681 143 27 agricultural
911 680 84 23 district
1018 681 24 22 in
1065 680 38 23 the
1118 681 92 27 vicinity
1225 682 27 21 of

669 708 52 21 Port
730 707 129 27 Nicholson,
875 714 29 15 on
917 707 71 22 which
999 714 12 14 a
1020 707 62 27 large
1091 707 127 28 population
1229 708 19 21 is

667 734 85 26 rapidly
761 734 169 26 concentrating
944 734 71 26 itself;
1037 734 45 21 and
1096 734 20 21 is
1130 734 118 21 accessible

668 760 55 22 from
734 760 36 22 the
780 764 58 17 town
849 760 26 21 of
886 760 142 26 Wellington,
1044 760 70 21 either
1127 760 30 27 by
1173 764 74 23 water,

668 794 25 14 or
700 787 31 26 by
740 793 77 16 means
827 786 26 21 of
867 786 36 21 the
917 786 56 21 road
986 786 71 21 which
1074 786 19 21 is
1107 793 49 15 now
1171 787 75 26 nearly

668 813 124 27 completed
801 816 24 18 at
834 812 37 22 the
882 819 98 21 expence
991 812 25 22 of
1027 812 38 22 the
1078 812 55 23 New
1148 812 101 23 Zealand

668 840 121 31 Company.

694 866 23 21 It
724 873 19 14 is
752 865 102 22 needless
863 868 23 19 to
896 866 63 26 point
973 869 38 18 out
1027 865 37 22 the
1078 865 133 27 advantages
1227 866 25 21 of

667 891 37 22 the
714 893 111 26 situation,
836 892 71 21 either
915 892 35 21 for
956 892 136 21 investment
1099 899 24 14 or
1129 892 33 21 for
1170 893 79 20 imme-

667 918 58 21 diate
744 918 140 27 occupation,
901 925 23 14 as
941 918 53 26 they
1010 925 37 14 are
1063 918 49 22 well
1127 918 81 22 known
1225 922 24 17 to

667 951 67 21 every
741 945 100 21 resident
851 948 23 17 at
884 944 52 21 Port
944 944 130 22 Nicholson.

693 971 66 21 Plane
768 978 52 19 may
830 971 28 21 be
873 978 60 19 seen,
951 971 45 20 and
1009 971 129 26 particulars
1154 971 94 22 learned

667 1004 28 14 on
705 997 132 27 application
855 1000 22 18 to
893 997 28 21 D.
938 997 122 26 Riddiford,
1068 997 72 27 -Esq.;
1163 997 86 22 Robert

667 1023 63 26 Park,
744 1023 61 28 Esq.,
823 1030 117 20 surveyor;
963 1030 24 14 or
1004 1023 28 21 G.
1049 1024 23 20 S.
1088 1023 81 27 Evans,
1187 1023 69 28 Esq.,'

667 1049 89 26 D.C.L.,
766 1049 199 22 barrister-at-law.

666 1095 68 20 New
747 1094 120 26 Drapery
882 1094 54 21 and
950 1094 205 26 Haberdashery
1169 1095 79 21 Esta-

879 1121 155 20 blishment.

665 1153 126 49 LEVIN
809 1153 46 22 and
874 1154 45 21 CO.
935 1154 43 27 beg
994 1157 22 18 to
1033 1154 103 27 acquaint
1146 1154 37 22 the
1196 1155 53 21 Port

740 1180 123 22 Nicholson
873 1180 80 27 public,
964 1181 47 21 that
1023 1180 24 22 in
1057 1188 14 14 a
1080 1181 42 21 few
1131 1181 54 26 days
1196 1181 52 27 they

666 1207 42 21 will
717 1214 56 20 open
782 1207 57 21 their
849 1214 49 14 new
907 1207 44 21 and
959 1207 112 21 extensive
1081 1207 104 27 premises
1196 1206 52 23 with

665 1240 13 14 a
693 1233 59 26 large
769 1233 45 22 and
832 1233 50 21 well
900 1233 96 21 selected
1013 1233 62 22 stock
1094 1234 26 20 of
1138 1233 108 28 Drapery,

666 1259 101 28 Hosiery,
778 1259 45 22 and
837 1259 176 28 Haberdashery,
1029 1260 45 21 and
1089 1263 62 23 trust,
1166 1260 31 27 by
1206 1268 42 14 un-
1258 1259 2 23 i

665 1286 111 27 remitting
795 1286 108 22 attention
928 1289 22 18 to
971 1286 106 26 business,
1098 1287 45 21 and
1163 1286 85 28 having
1258 1289 2 30 j

664 1312 68 26 goods
741 1313 53 26 only
809 1313 25 21 of
848 1313 48 21 that
912 1312 131 27 description
1053 1313 71 21 which
1138 1313 54 27 they
1205 1320 42 15 can

665 1339 133 27 confidently
815 1339 151 27 recommend,
984 1343 22 18 to
1020 1339 86 22 receive
1122 1347 13 14 a
1149 1339 64 22 share
1225 1340 26 21 of

665 1365 36 21 the
712 1366 73 26 public
796 1369 127 23 patronage.

690 1392 187 27 Lambton-quay,
887 1392 144 27 Wellington,

774 1418 54 27 July
837 1420 35 24 23,
884 1420 60 20 1841.

871 1464 39 20 To
926 1463 113 21 Tailors.

663 1496 173 48 WANTED
856 1497 159 27 immediately,
1034 1498 85 21 several
1140 1497 106 22 first-rate

757 1524 156 21 coat-makers.
942 1522 74 28 Apply
1027 1531 22 14 10

938 1550 36 21 W.
988 1550 110 27 Murray,
1114 1550 104 22 Clothier.

665 1593 89 48 MR.
776 1594 22 21 S.
822 1594 149 22 MOCATTA
990 1594 84 27 having
1092 1595 91 21 entered
1199 1595 47 22 into

752 1620 141 27 partnership
902 1620 52 22 with
964 1621 42 21 Mr.
1020 1621 29 21 A.
1060 1621 64 26 Hort,
1132 1622 58 27 jun.,
1208 1620 38 23 the

662 1646 99 22 business
771 1647 45 21 will
825 1647 57 22 from
893 1647 42 21 this
945 1647 43 28 day
997 1648 28 21 be
1035 1648 84 21 carried
1132 1654 28 15 on
1175 1647 72 23 under

663 1672 37 22 the
708 1672 49 22 firm
768 1674 27 21 of
803 1673 70 27 Hort,.
879 1674 106 27 Mocatta,
997 1673 45 23 and
1051 1675 39 21 Co.

688 1699 33 21 Te
729 1700 47 21 Aro
792 1700 55 27 Flat,
860 1700 142 28 Wellington,

741 1726 54 27 July
804 1728 34 25 23,
851 1728 59 20 1841.

661 1770 143 47 LAND
828 1771 192 21 AGENCIE
1030 1772 54 21 S.—
1084 1771 40 22 TO
1147 1771 98 22 LAND-

737 1797 180 22 HOLDERS.—
917 1797 49 22 The
985 1798 153 27 Undersigned
1156 1799 43 26 beg
1222 1801 22 18 to

661 1823 55 21 offer
725 1823 132 22 themselves
867 1827 22 18 to
898 1824 58 21 their
965 1824 84 22 friends
1058 1825 46 21 and
1117 1825 37 21 the
1170 1824 75 27 public

661 1856 23 14 as
694 1849 86 26 Agents
789 1850 36 21 for
833 1850 38 22 the
881 1850 94 27 disposal
983 1851 26 21 of
1015 1851 69 21 Town
1094 1851 42 21 and
1145 1851 100 27 Country

661 1875 81 28 Lands,
753 1876 45 22 and
808 1880 57 18 trust
874 1877 57 21 their
940 1877 95 21 colonial
1046 1877 132 26 experience
1193 1885 51 20 may

661 1902 77 22 entitle
747 1903 62 21 them
818 1907 23 17 to
851 1911 13 13 a
875 1903 65 21 share
950 1903 26 21 of
985 1903 37 21 the
1032 1903 75 27 public
1114 1907 129 24 patronage.

686 1929 63 26 They
758 1929 45 21 will
813 1929 26 22 be
849 1929 74 28 happy
933 1933 22 18 to
965 1937 92 20 arrange
1070 1931 35 21 for
1114 1930 44 22 and
1168 1938 76 19 super-

660 1954 78 22 intend
747 1955 38 21 the
794 1963 92 20 surveys
893 1956 45 21 and
944 1956 158 22 sub-divisions
1109 1957 24 21 of
1139 1957 37 21 the
1182 1957 61 22 land.

661 1981 88 22 Liberal
758 1982 112 22 advances
879 1983 44 21 will
936 1983 28 21 be
978 1983 66 21 made
1053 1990 30 14 on
1091 1983 65 21 lands
1164 1983 80 26 placed

660 2007 22 21 in
693 2007 57 21 their
758 2008 72 20 hands
837 2009 35 19 for
879 2008 53 21 sale.
959 2009 63 26 They
1029 2009 45 20 will
1081 2009 46 20 also
1133 2009 28 20 be
1169 2011 75 25 happy

661 2037 21 17 to
693 2034 63 21 assist
766 2034 134 27 proprietors
908 2034 25 22 in
942 2034 86 27 leasing
1038 2034 57 22 their
1103 2034 71 22 lands.
1237 2031 4 11 '

939 2061 62 21 John
1011 2061 45 21 and
1067 2061 57 21 Geo.
1135 2061 80 22 Wade.

662 2104 86 48 FOR
762 2104 85 22 SALE.
848 2115 27 4 —
875 2105 127 26 Wanganui
1017 2105 102 27 sections,
1132 2105 111 22 Numbers

735 2131 24 21 of
771 2130 77 22 choice
858 2133 40 20 199
907 2131 45 22 and
962 2133 46 25 200,
1021 2131 65 28 apply
1096 2134 23 19 to

976 2159 80 21 Waitt
1072 2158 44 22 and
1129 2158 84 23 Tyser.

675 2202 3 4 ,
686 2184 145 27 Wellington,
842 2185 54 27 July
907 2187 33 24 16,
952 2187 60 19 1841.

661 2229 39 20 To
722 2230 42 19 the
787 2230 167 23 Merchants,
976 2230 194 26 Ship-owners,
1189 2231 53 20 and

754 2256 94 20 others
867 2256 30 20 of
909 2256 66 21 Port
988 2257 159 20 Nicholson.

662 2282 158 47 MESSRS.
842 2282 100 22 PRATT
961 2283 44 20 and
1024 2283 107 22 BEVAN
1151 2284 45 26 beg
1208 2290 35 15 re-

750 2308 118 28 spectfully
896 2312 21 18 to
940 2309 82 22 inform
1045 2309 39 22 the
1107 2310 134 26 merchants,

660 2334 153 27 ship-owners,
831 2335 45 22 and
893 2335 81 27 others,
989 2336 50 21 that
1049 2336 56 27 they
1120 2336 56 22 have
1192 2343 50 15 now

660 2361 145 22 commenced
821 2362 38 21 the
880 2362 154 21 manufacture
1056 2362 26 22 of
1096 2369 61 21 rope,
1176 2363 65 25 lines,

660 2388 66 21 twine
740 2388 25 21 of
773 2388 30 21 all
817 2388 153 27 descriptions,
983 2392 58 18 mats
1053 2389 28 21 of
1093 2389 29 21 all
1138 2390 63 26 sizes,
1213 2390 30 21 oil

660 2414 77 27 cloths,
755 2415 40 21 &c.
805 2422 6 18 ;
827 2415 81 26 fishing
924 2419 50 18 nets
989 2415 64 22 made
1071 2416 45 21 and
1133 2416 108 27 repaired,

660 2440 45 22 and
721 2448 67 19 every
798 2441 134 27 description
952 2442 26 21 of
994 2442 76 21 article
1084 2442 24 21 in
1124 2442 37 21 the
1172 2442 70 23 above

660 2467 52 26 line,
729 2467 29 21 all
775 2467 57 22 from
849 2468 55 21 New
918 2468 100 21 Zealand
1033 2468 53 27 flax,
1102 2469 44 21 and
1160 2476 30 15 on
1204 2469 37 22 the

660 2497 58 18 most
726 2494 130 21 reasonable
866 2495 100 26 charges.
993 2495 76 27 Apply
1079 2499 23 17 to

875 2521 93 21 Messrs.
982 2521 78 22 Pratt
1075 2522 46 21 and
1133 2522 87 27 Bevan,

660 2546 43 22 No.
721 2548 19 25 1,
764 2547 230 27 Molesworth-street,
1022 2548 143 27 Wellington,
1191 2549 53 22 Port

877 2581 4 3 ■
888 2574 128 22 Nicholson.

752 2618 120 20 Thomas
886 2619 54 20 and
954 2619 108 20 Samuel
1077 2620 77 19 Cook

660 2644 91 47 BEG
759 2647 23 18 to
792 2644 82 21 inform
884 2644 37 22 the
931 2645 81 27 public,
1023 2644 48 22 that
1086 2645 83 28 having
1183 2654 61 14 com-

735 2670 75 28 pleted
828 2671 58 22 their
907 2672 114 21 extensive
1039 2672 205 23 weather-boarded

661 2697 68 27 Store,
740 2696 53 28 they
802 2696 58 23 have
877 2705 66 19 every
959 2698 151 22 convenience
1125 2699 34 21 for
1175 2707 69 14 ware-

660 2723 94 27 housing
762 2724 75 26 goods,
850 2726 24 19 at
882 2731 14 14 a
903 2731 55 19 very
968 2724 113 22 moderate
1091 2725 87 27 charge.

750 2768 53 20 For
817 2768 58 26 Bay
891 2768 30 21 of
933 2769 109 20 Islands
1057 2769 93 21 direct.

694 2809 70 26 **£X>-
773 2801 92 34 npHE
881 2802 43 21 fine
940 2802 120 26 first-class,
1078 2803 167 27 Bombay-built

686 2827 82 36 <g£3g^
780 2823 29 26 JL
846 2828 85 27 barque
940 2830 76 25 Bright
1023 2830 84 24 Planet,
1114 2830 59 21 John
1185 2831 60 21 Mor-

663 2858 107 23 tyrffiygt
792 2854 68 27 rison,
872 2858 87 24 master,
971 2856 44 21 will
1030 2856 41 21 sail
1085 2856 24 21 in
1125 2856 43 22 five
1183 2857 60 27 days,

661 2883 45 20 and
715 2886 76 17 return
800 2884 23 18 to
833 2881 44 21 this
887 2881 58 21 Port.
975 2882 42 21 She
1032 2882 44 21 will
1086 2882 42 22 call
1136 2886 23 17 at
1168 2884 78 21 Auck-

661 2908 54 22 land
724 2916 28 14 on
762 2908 41 22 her
812 2910 83 24 return,
906 2907 79 23 should
994 2909 112 21 sufficient
1112 2916 134 21 encourage-

661 2938 63 18 ment
741 2935 61 21 offer,
833 2933 51 22 lhis
900 2934 18 22 is
935 2942 13 13 a
963 2934 128 22 favourable
1105 2937 141 27 opportunity

661 2961 35 21 for
705 2968 43 20 any
757 2968 44 14 one
813 2960 92 27 wishing
919 2963 23 19 to
957 2961 66 22 make
1039 2969 13 13 a
1069 2962 41 26 trip
1120 2966 22 17 to
1156 2969 44 15 seet
1208 2963 38 22 he

661 2987 114 22 Northern
790 2987 149 21 Settlements.
968 2987 42 22 She
1027 2995 40 14 can
1081 2990 164 21 accommodate

661 3017 39 19 ten
715 3014 23 22 in
754 3014 39 21 the
809 3013 72 26 cabin,
896 3013 45 21 and
955 3013 41 22 has
1015 3014 104 23 first-rate
1137 3020 107 23 steerage.

662 3041 43 21 For
715 3041 81 26 freight
809 3047 24 15 or
842 3047 92 20 passage
944 3040 67 27 apply
1020 3044 24 18 to
1053 3041 38 21 the
1106 3043 98 27 Captain,
1215 3051 30 14 on

661 3067 76 26 board,
746 3074 25 15 or
781 3071 23 18 to

968 3093 61 22 John
1043 3094 80 27 Wade,
1133 3095 83 26 Agent.

661 3137 54 20 Fox
728 3137 156 24 Auckland,
903 3137 58 26 Bay
975 3137 31 20 of
1022 3138 118 26 Islands,
1158 3139 88 22 Koki-

780 3168 81 21 anga,
875 3164 55 20 and
943 3164 181 26 liaunceston,

820 3190 29 20 To
858 3190 40 20 sail
907 3196 26 14 on
942 3191 52 19 26th
1003 3191 88 24 instant,

695 3243 14 15 fi
710 3232 56 26 *^»
775 3224 91 34 npHE
884 3224 44 22 fast
943 3224 79 26 sailing
1042 3225 108 22 schooner
1171 3227 72 27 Eagle,

781 3246 30 26 JL
849 3251 91 26 Captain
959 3251 21 21 J.
1001 3251 69 21 Kind.
1104 3251 43 22 For
1164 3253 82 27 freight

663 3277 110 27 n'rjTpjjrT.
801 3284 26 15 or
839 3284 92 20 passage
948 3277 66 28 apply
1025 3281 23 18 to
1060 3277 38 23 the
1113 3279 91 26 Captain
1216 3288 28 14 on

661 3307 75 25 board,
747 3313 25 14 or
780 3308 24 18 to

1018 3330 88 22 Willis
1120 3331 44 22 and
1179 3333 37 21 Co.

688 3358 144 26 Wellington,
844 3356 54 28 July
907 3358 35 25 23,
953 3358 61 20 1841.

750 3404 53 20 For
818 3403 156 26 Sourabaya
989 3408 29 15 or
1032 3403 119 21 Batavia.

820 3438 29 19 To
863 3437 41 19 sail
917 3437 23 19 in
952 3443 14 13 a.
973 3436 46 25 few
1033 3437 58 25 days.

694 3479 70 24 g/npi.
774 3470 91 33 npHE
893 3469 45 22 fine
971 3470 43 21 fast
1042 3469 80 28 sailing
1154 3471 90 27 barque,

678 3491 89 37 Jjjx&!>
847 3497 115 20 Katherine
977 3497 92 19 Stewart
1084 3498 82 23 Forbes,
1182 3498 28 21 M
1226 3500 17 25 1,

663 3521 109 30 rtfS-arirv?
801 3523 60 21 John
873 3523 83 27 Hobbs,
969 3523 149 22 commander.
1147 3525 49 20 Has
1208 3533 38 14 ex-

662 3553 81 22 cellent
760 3549 190 24 accommodation
971 3549 35 22 for
1028 3557 135 20 passengers.
1201 3552 45 21 For

660 3578 83 28 freight
751 3585 24 14 or
788 3584 93 20 passage
896 3575 67 28 apply
973 3578 22 19 to
1011 3575 38 23 the
1064 3577 142 22 commander
1215 3585 29 15 on

661 3605 75 22 board.

859 3648 53 19 For
926 3647 116 25 Sydney,

731 3677 28 20 To
768 3676 42 19 sail
820 3681 26 13 on
856 3681 25 13 or
889 3674 62 19 about
961 3674 34 19 the
1006 3674 33 19 Ist
1048 3674 27 24 of
1084 3674 90 26 August.

835 3702 44 30 rjH
884 3700 42 21 HE
936 3700 44 21 fine
987 3700 42 21 fast
1034 3700 80 27 sailing
1119 3701 125 26 brigantine

695 3723 101 38 jwHrcj.
842 3723 30 26 JL
914 3727 141 25 Harrington,
1081 3728 94 21 burthen
1203 3730 41 21 200

692 3748 132 38 J^lrJKsW'
834 3757 58 23 tons,
909 3753 26 22 F.
948 3753 21 22 J.
983 3754 93 26 Mercer,
1088 3754 142 23 commander
1237 3763 5 18 ;

682 3775 143 35 JQjk/fS&F*-
834 3780 40 21 has
889 3787 63 14 room
964 3780 35 21 for
1008 3787 13 13 a
1029 3780 42 21 few
1082 3785 162 18 measurement

669 3806 160 25 gJPJßJjgggfc
834 3806 77 25 goods.
948 3806 45 21 For
1009 3806 83 26 freight
1110 3813 24 14 or
1152 3814 92 20 passage

670 3828 19 16 *
689 3828 7 15 f
696 3828 24 17 *'
720 3828 15 16 a
735 3833 18 12 »
753 3828 4 13 l
757 3828 72 17 *Wß^
834 3832 67 28 apply
917 3836 23 18 to
953 3832 38 22 the
1007 3832 93 28 Captain
1119 3839 28 15 on
1166 3833 77 27 hoard,

661 3866 25 15 or
695 3862 24 18 to

1017 3885 88 22 Willis
1118 3885 45 22 and
1178 3886 38 22 Co.
