2520 3970
921 1599 43 16 Fort
972 1597 104 21 Nicholson,
1084 1598 47 17 June
1140 1599 25 19 18,
1174 1599 47 16 1841.

674 1616 33 18 We
713 1618 35 19 beg
755 1619 19 15 to
781 1617 42 21 give
829 1618 16 16 it
852 1622 19 12 as
878 1622 34 12 our
923 1618 79 21 opinion,
1011 1620 39 15 that
1056 1623 50 13 some
1113 1620 67 16 beacon
1189 1619 56 21 ought

652 1639 19 15 to
682 1638 22 17 be
713 1639 69 16 erected
795 1640 19 15 to
824 1639 54 20 guide
887 1639 50 21 ships
946 1639 72 20 coining
1024 1641 20 15 to
1050 1639 37 17 this
1098 1639 48 17 Port.
1167 1639 33 18 We
1210 1644 34 14 can

653 1659 46 16 state
706 1658 40 17 that
758 1658 38 17 had
807 1663 36 16 any
849 1659 40 17 idea
896 1660 73 16 existed
978 1660 45 16 with
1030 1664 22 12 us
1063 1660 40 16 that
1117 1660 31 17 the
1159 1663 85 14 entranco

652 1679 59 16 which
724 1679 50 17 leads
788 1681 20 14 to
819 1679 37 16 this
868 1679 42 17 Fort
921 1684 36 12 was
965 1681 30 15 the
1003 1681 39 16 real
1051 1683 92 17 entrance,
1151 1685 26 12 we
1186 1681 58 17 would

652 1700 47 16 have
711 1700 56 16 saved
777 1700 82 19 upwards
870 1700 20 16 of
899 1700 39 21 fifty
945 1700 61 21 sheep.
1027 1701 22 16 In
1057 1705 124 16 consequence
1188 1702 19 16 of
1213 1702 31 17 the

654 1720 113 20 uncertainty
774 1721 20 15 of
796 1721 31 15 the
832 1724 110 17 appearance
947 1721 20 16 of
969 1722 31 15 the
1005 1723 85 15 entrance
1095 1723 18 15 to
1117 1723 32 15 tbe
1155 1723 89 19 Harbour,

652 1742 26 19 (to
683 1745 12 12 a
699 1740 88 21 stranger)
794 1741 23 16 he
824 1741 16 16 is
844 1741 55 20 likely
904 1743 19 14 to
929 1742 21 15 be
955 1742 71 17 misled.
1038 1742 58 16 When
1101 1746 26 12 we
1131 1743 113 20 approached

654 1761 31 17 the
696 1765 43 17 very
749 1762 65 16 mouth
825 1761 20 17 of
851 1762 29 16 the
892 1764 91 17 entrance,
995 1766 26 13 vre
1033 1766 47 13 were
1091 1762 63 18 driven
1165 1763 46 17 back
1222 1764 23 20 by

654 1782 82 19 weathtr,
744 1782 88 21 although
843 1786 27 12 we
879 1783 54 16 could
945 1783 43 16 then
999 1783 48 16 have
1056 1783 75 17 entered
1142 1783 44 17 with
1198 1789 45 14 car?,

654 1802 36 17 had
701 1807 28 11 we
735 1803 44 16 been
789 1802 67 17 certain
868 1803 40 15 that
919 1803 31 16 the
963 1804 40 20 part
1016 1804 29 16 led
1054 1805 19 14 to
1087 1804 42 16 Port
1140 1804 104 18 Nicholson.

654 1823 33 16 We
694 1822 59 17 would
761 1823 46 16 wißh
815 1824 18 15 to
841 1823 75 20 impress
923 1828 49 16 upon
979 1823 25 17 all
1011 1825 99 15 concerned
1118 1825 30 16 the
1156 1825 89 21 necessity

654 1844 19 16 of
678 1844 63 19 taking
748 1845 49 18 steps
804 1845 18 15 to
830 1844 52 18 guide
890 1844 32 16 the
929 1844 50 21 ships
987 1844 73 21 coming
1066 1846 18 15 to
1089 1844 36 17 this
1134 1845 48 17 Port.

674 1864 39 17 The
720 1863 33 18 Sir
758 1863 52 18 John
817 1863 86 22 Falttaff
907 1869 36 12 was
954 1865 20 16 in
986 1865 31 16 the
1024 1869 51 13 same
1085 1865 79 21 position
1173 1870 20 13 as
1204 1870 41 13 our-

654 1884 66 17 selves.

896 1905 22 17 A.
930 1905 66 20 REID,
1008 1906 74 19 Master,

897 1926 53 16 Alex.
964 1926 132 20 CAMPBELL,
1109 1927 114 21 Supercargo.

1448 1644 80 22 PORT
1545 1644 134 22 PHILLIP.

1299 1672 59 20 New
1378 1672 120 20 Steamer.
1499 1683 28 4 —
1527 1671 44 21 Mr.
1592 1671 89 20 Manton
1701 1672 37 20 has
1762 1672 94 20 received

1271 1700 81 19 advices
1370 1700 55 19 from
1438 1699 94 21 London
1548 1698 28 26 by
1588 1698 35 21 the
1638 1699 41 20 last
1694 1698 56 27 ship,
1762 1699 47 20 that
1821 1699 35 20 his

1271 1733 46 14 new
1325 1727 48 20 iron
1383 1729 90 18 steamer
1481 1727 37 20 has
1528 1727 53 19 been
1594 1726 88 26 shipped
1698 1726 24 19 in
1731 1727 73 23 frame,
1814 1727 42 19 and

1271 1760 47 19 may
1326 1753 27 20 be
1363 1754 104 26 expected
1481 1754 23 19 in
1515 1752 126 21 Melbourne
1655 1753 73 20 within
1746 1759 12 14 a
1772 1754 82 19 month.

1271 1780 39 21 We
1326 1780 53 21 have
1394 1787 50 14 seen
1461 1787 13 14 a
1489 1780 92 25 drawing
1599 1780 23 19 of
1633 1780 43 20 this
1685 1780 104 20 beautiful
1798 1780 56 25 boat,

1271 1808 42 19 and
1322 1813 39 14 can
1371 1808 65 26 safely
1446 1814 37 19 say
1492 1808 47 20 that
1555 1807 34 20 for
1605 1807 96 25 elegance
1711 1808 23 19 of
1746 1811 109 16 construc-

1271 1835 46 20 tion
1325 1835 39 19 she
1372 1835 43 20 will
1425 1837 38 18 not
1472 1836 26 19 be
1514 1834 118 25 surpassed,
1643 1834 18 19 if
1673 1835 103 25 equalled,
1787 1835 22 19 in
1819 1835 36 20 the

1271 1862 121 19 Australian
1409 1862 100 20 colonies.
1553 1861 45 20 Her
1613 1863 91 24 tonnage
1722 1862 17 19 is
1755 1862 44 24 just
1815 1862 39 19 100

1271 1891 56 22 tons,
1338 1889 73 25 length
1421 1895 27 14 on
1458 1890 60 23 deck,
1527 1889 26 21 95
1564 1888 50 21 feet,
1623 1888 43 20 will
1675 1889 26 20 be
1711 1889 106 25 propelled
1827 1889 29 25 by

1271 1918 41 18 two
1320 1916 129 26 condensing
1458 1916 86 26 engines
1555 1916 24 19 of
1592 1916 25 19 20
1633 1916 63 19 horse
1705 1922 69 19 power
1790 1916 50 19 each
1847 1923 6 17 ;

1271 1943 39 20 her
1324 1943 90 25 draught
1430 1943 24 20 of
1471 1946 70 20 water,
1552 1943 60 19 when
1626 1943 82 23 loaded,
1719 1943 42 20 will
1770 1942 25 20 bo
1806 1943 49 25 only

1271 1971 39 19 3ft.
1320 1970 45 20 3in.
1394 1970 42 20 She
1445 1970 18 20 is
1480 1970 100 20 intended
1591 1973 21 16 to
1623 1970 58 20 trade
1697 1970 93 19 between
1800 1969 54 20 Mel-

1268 1997 90 28 bourne,
1376 1996 101 26 Geelong,
1494 1997 40 20 and
1551 1997 37 19 the
1606 1996 51 26 Bay,
1675 2004 23 13 as
1719 1997 137 25 opportunity

1271 2029 47 20 may
1329 2024 57 19 offer.
1408 2023 51 20 Mr..
1464 2024 90 19 Manton
1565 2022 71 21 thinks
1646 2023 46 20 that
1701 2024 22 19 in
1734 2023 64 20 ab-mt
1807 2023 48 20 four

1271 2050 84 20 months
1365 2050 51 20 time
1425 2051 43 19 this
1483 2053 89 17 steamer
1588 2050 42 19 will
1639 2050 25 19 be
1675 2053 21 17 at
1706 2050 40 20 full
1755 2050 65 23 work,
1832 2057 22 13 as

1270 2077 36 20 the
1316 2077 108 26 engineers
1433 2077 42 20 and
1484 2077 135 20 blacksmiths
1630 2077 51 21 have
1697 2077 53 20 been
1764 2077 92 25 engaged

1270 2104 23 19 in
1304 2104 88 20 London
1402 2104 34 20 for
1445 2105 36 19 the
1491 2110 90 21 purpose
1588 2104 24 19 of
1619 2105 85 26 putting
1714 2105 36 19 her
1759 2104 95 26 together

1270 2131 50 20 with
1331 2137 60 20 every
1402 2131 101 26 dispatch.
1505 2143 29 3 —
1534 2131 88 21 Herald.

1412 2175 102 21 SOUTH
1529 2174 179 22 AUSTRALIA

1299 2203 67 20 South
1382 2202 119 21 Australian
1517 2208 75 21 papers
1610 2204 22 18 to
1648 2201 37 21 tbe
1695 2201 37 20 Bth
1749 2201 56 21 June
1813 2201 43 21 Had

1270 2229 52 21 been
1334 2230 94 20 received
1438 2232 22 18 at
1470 2230 91 26 Sydney.

1298 2257 70 25 Major
1385 2257 137 24 O'Halloran,
1534 2255 147 26 accompanied
1703 2255 28 26 by
1748 2262 12 13 a
1784 2258 73 23 strong

1269 2285 111 20 volunteer
1390 2287 68 23 party,
1469 2284 41 20 had
1527 2283 115 27 proceeded
1657 2284 23 19 to
1692 2283 34 19 the
1738 2283 85 25 Murray
1833 2283 23 19 in

1270 2315 62 23 quest
1347 2312 25 19 of
1383 2312 37 19 the
1437 2312 62 25 sheep
1515 2311 65 24 lately
1589 2310 88 20 wrested
1694 2310 55 19 from
1767 2309 87 21 Messrs.

1270 2339 85 20 Jonnan
1372 2338 42 20 and
1429 2338 57 21 Field
1493 2339 27 26 by
1537 2344 13 14 a
1564 2340 61 23 party
1635 2337 24 19 of
1671 2337 80 20 natives
1761 2337 64 25 living
1833 2337 23 19 in

1270 2367 46 19 that
1326 2366 182 25 neighbourhood.

1299 2394 19 19 It
1335 2393 41 20 had
1393 2393 52 19 been
1462 2391 88 22 notified
1565 2391 23 19 in
1604 2392 35 19 the
1656 2390 87 20 Gazette
1757 2390 47 20 that
1818 2391 38 20 her

1270 2420 92 26 Majesty
1368 2420 42 19 had
1418 2420 121 20 sanctioned
1545 2418 36 20 the
1589 2417 126 27 appellation
1722 2417 25 20 of

1269 2448 63 25 being
1341 2447 97 20 attached
1447 2450 23 17 to
1480 2447 35 20 the
1622 2444 121 20 Australian

1270 2475 41 20 and
1329 2475 35 20 the
1381 2474 103 26 adoption
1499 2474 25 20 of
1542 2472 36 20 the
1595 2472 75 20 scarlet
1687 2472 99 25 uniform,
1804 2472 52 20 with

1270 2502 68 24 Royal
1346 2501 80 26 facings
1427 2512 27 4 —
1454 2502 48 19 blue
1503 2512 28 4 —
1531 2500 88 20 without
1628 2499 51 19 lace.

1298 2529 19 20 A
1327 2528 90 26 meeting
1426 2528 42 21 had
1483 2528 54 21 been
1552 2526 56 24 held,
1618 2528 22 18 at
1654 2525 68 20 which
1738 2526 18 19 it
1771 2532 40 13 was
1822 2533 33 13 re-

1270 2556 71 20 solved
1355 2557 46 19 that
1416 2562 12 13 a
1444 2556 71 26 public
1532 2553 127 21 testimonial
1676 2553 76 19 should
1766 2553 26 20 be
1806 2559 49 20 pre-

1270 2583 73 20 sented
1362 2585 23 18 to
1405 2582 107 21 Governor
1533 2580 86 25 Gawler,
1640 2580 22 19 in
1687 2580 65 19 token
1775 2580 24 20 of
1819 2581 37 20 the

1270 2613 76 18 esteem
1357 2610 41 20 and
1408 2610 131 20 affectionate
1549 2608 154 19 remembrance
1715 2607 26 20 of
1752 2607 35 20 the
1798 2608 57 20 colo-

1270 2638 61 20 nists.
1360 2638 20 19 A
1389 2638 112 26 gratifying
1512 2635 84 22 address
1612 2641 40 14 was
1663 2634 44 19 also
1716 2634 24 20 in
1750 2640 73 14 course
1833 2635 24 20 of

1270 2665 115 25 signature.

1299 2692 89 26 Captain
1398 2692 63 25 Grey,
1472 2692 36 19 the
1515 2696 46 15 new
1571 2695 109 20 governor,
1691 2695 28 13 on
1727 2688 35 21 his
1772 2689 82 25 arrival,

1269 2719 38 20 has
1317 2722 33 17 set
1359 2722 22 17 to
1393 2719 57 20 work
1459 2719 23 19 in
1498 2725 13 13 a
1525 2723 51 19 very
1586 2717 66 19 active
1668 2722 94 14 manner.
1792 2717 64 20 Great

1271 2747 130 19 restrictions
1410 2747 53 19 have
1472 2746 52 19 been
1538 2744 43 19 laid
1590 2749 27 14 on
1626 2744 43 19 him
1679 2744 29 24 by
1717 2744 36 19 the
1762 2744 94 21 authori-

1270 2774 40 20 ties
1320 2775 21 18 at
1350 2774 63 19 home
1420 2780 5 17 ;
1440 2773 40 20 but
1494 2773 58 19 what
1567 2777 70 20 power
1651 2771 27 20 he
1694 2771 38 20 has
1748 2771 26 19 he
1790 2778 66 13 seems

1271 2801 129 19 determined
1411 2803 22 17 to
1442 2800 61 20 make
1512 2800 37 19 the
1565 2800 55 18 most
1630 2798 29 19 of.
1687 2798 45 20 The
1742 2798 114 25 legislative

1270 2828 85 20 council
1362 2834 42 14 was
1412 2827 87 21 ordered
1508 2829 23 17 to
1541 2829 56 16 meet
1611 2826 48 19 four
1669 2825 62 20 times
1741 2826 81 19 instead
1832 2826 25 20 of

1271 2855 60 20 twice
1347 2855 81 20 a-week
1435 2862 5 17 ;
1463 2854 42 20 and
1518 2853 79 21 several
1610 2852 48 20 bills
1668 2852 68 20 which
1745 2859 54 14 were
1806 2853 51 26 long

1270 2888 39 19 ago
1319 2882 106 25 promised
1435 2884 22 18 to
1466 2881 26 20 be
1508 2879 61 22 made
1583 2880 38 19 law
1632 2879 26 25 by
1669 2879 89 21 Colonel
1767 2879 88 25 Gawler,

1270 2909 42 20 had
1324 2909 53 20 been
1391 2909 124 21 introduced
1525 2907 41 21 and
1582 2907 128 19 maintained
1723 2907 30 26 by
1762 2907 36 20 the
1811 2914 46 13 new

1270 2942 110 19 governor.
1409 2937 83 24 Among
1507 2936 78 24 others,
1597 2940 26 13 an
1639 2934 107 20 insolvent
1759 2934 45 24 law,
1815 2935 42 19 and

1271 2970 26 13 an
1308 2963 42 20 Act
1357 2964 35 19 for
1400 2964 37 19 the
1447 2963 98 26 Registry
1554 2961 24 20 of
1586 2961 76 23 Deeds,
1672 2967 54 14 were
1736 2968 28 13 on
1775 2962 34 19 the
1819 2968 37 13 eve

1271 2991 25 19 of
1306 2991 63 25 being
1378 2990 76 26 passed
1470 2991 59 19 when
1541 2988 35 20 the
1586 2989 59 24 Lady
1654 2989 75 19 Emma
1738 2988 45 20 left.
1811 2988 45 20 Tbe

1271 3024 102 19 governor
1382 3018 42 20 had
1433 3018 44 19 also
1487 3015 97 28 signified
1592 3016 33 19 his
1635 3015 106 20 intention
1752 3016 24 19 of
1783 3015 73 26 bring-

1270 3045 37 25 ing
1323 3045 89 20 forward
1428 3045 36 19 the
1480 3042 131 22 Distillation
1626 3043 49 22 Bill,
1685 3043 69 19 which
1769 3042 87 20 Colonel

1271 3071 82 21 Gawler
1362 3078 58 14 some
1435 3072 50 19 time
1501 3076 39 20 ago
1557 3069 123 20 abandoned
1694 3069 53 19 after
1761 3075 13 13 a
1783 3071 73 23 strong

1271 3099 166 26 representation
1446 3099 29 24 by
1484 3098 36 19 the
1531 3096 107 20 colonists.

1299 3125 90 21 Colonel
1404 3125 81 20 Gawler
1499 3123 44 22 had
1555 3125 40 18 not
1609 3123 40 20 left
1665 3123 37 20 the
1711 3123 75 26 colony
1795 3123 61 19 when

1271 3153 36 20 the
1317 3153 60 24 Lady
1387 3153 74 19 Emma
1477 3151 65 21 sailed
1549 3158 5 16 ;
1569 3151 38 19 but
1624 3151 25 19 he
1659 3156 42 14 was
1710 3150 24 20 in
1744 3153 67 22 treaty
1820 3150 35 20 for

1270 3180 34 20 his
1313 3186 87 19 passage
1409 3180 62 20 home
1480 3179 22 20 in
1512 3179 36 20 the
1557 3177 109 26 Dumfries
1677 3177 32 20 via
1719 3177 67 20 India.

1397 3231 102 22 INDIA
1517 3229 72 24 AND
1608 3227 119 25 CHINA.

823 1971 252 24 AUCKLAND.

689 2004 100 30 Though
810 2004 40 23 the
873 2004 90 30 Colony
974 2004 33 23 -of
1021 2004 59 23 New
1102 2004 101 24 Zealand
1221 2006 21 22 is

654 2037 69 22 taxed
748 2036 55 24 with
826 2036 38 24 the
887 2037 167 23 maintaiuauce
1078 2036 25 24 of
1125 2037 39 23 the
1193 2039 51 30 brig

657 2068 112 30 Victoria,
781 2069 46 23 this
840 2069 130 24 settlement
982 2069 43 24 has
1042 2070 117 23 remained
1176 2078 68 22 many

654 2102 91 22 months
774 2103 96 22 without
897 2111 46 22 any
969 2103 189 23 communication
1188 2104 56 22 with

656 2135 97 31 Captain
763 2135 119 23 Hobson's
895 2140 49 18 seat
953 2135 28 24 of
989 2135 167 24 Government.
1193 2137 51 22 The

654 2172 60 19 most
725 2173 78 18 recent
814 2169 66 22 items
893 2168 26 23 of
934 2176 61 15 news
1014 2175 33 16 we
1066 2168 56 23 have
1141 2170 101 22 received

655 2208 38 16 are
713 2200 79 31 placed
812 2201 78 28 below,
911 2201 44 23 and
976 2201 58 23 have
1051 2201 59 23 been
1127 2202 117 23 borrowed

654 2233 59 23 from
724 2233 38 23 the
775 2233 61 23 Port
842 2233 90 23 Philli-J
943 2233 95 23 Gazette
1049 2234 45 22 and
1109 2232 98 24 Herald.

682 2264 88 22 Letters
779 2264 58 22 have
850 2265 57 21 been
924 2265 104 21 received
1040 2265 58 21 from
1115 2265 127 28 Auckland,

656 2290 66 22 dated
731 2291 38 21 the
786 2291 52 21 14th
852 2291 63 27 May.
944 2291 44 21 His
1004 2291 137 27 Excellency
1151 2291 37 22 the
1198 2292 46 21 Go-

656 2324 78 14 vernor
744 2317 46 21 and
807 2317 263 22 Commander-in-Cbief
1081 2325 43 14 was
1140 2319 104 21 installed

656 2351 28 14 on
696 2344 36 21 the
748 2344 40 21 4th
804 2344 27 21 of
842 2345 61 26 May.
934 2344 33 27 By
977 2351 61 15 some
1056 2351 59 15 error
1133 2344 29 22 he
1172 2344 19 22 Is
1205 2345 39 21 de-

656 2370 84 22 scribed
750 2378 24 13 as
784 2370 67 27 John,
862 2370 89 22 instead
968 2370 25 22 of
1005 2370 98 22 William
1118 2371 101 27 Hobson,
1231 2379 13 14 a

654 2396 95 23 mistake
763 2396 73 22 which
851 2397 46 21 will
911 2398 89 26 require
1016 2405 29 13 an
1064 2398 46 20 Act
1124 2398 26 20 of
1162 2398 82 22 Parlia-

654 2427 64 18 ment
735 2427 23 18 to
776 2424 99 26 remedy.
920 2424 48 21 The
993 2423 134 27 Legislative
1148 2424 94 22 Council

656 2451 92 20 consists
772 2450 26 21 of
817 2450 34 22 six
870 2450 117 22 members.
1031 2450 58 21 Nine
1114 2450 130 27 gentlemen

655 2483 57 15 were
722 2483 71 15 sworn
803 2477 24 21 in
838 2484 24 14 as
877 2476 142 27 Magistrates
1034 2477 26 20 of
1071 2477 37 21 the
1121 2477 122 27 Territory.

655 2502 27 22 In
692 2503 37 21 the
739 2503 117 22 afternoon
871 2503 36 21 his
925 2503 136 27 Excellency
1070 2503 53 22 held
1133 2511 14 14 a
1163 2504 62 21 levee
1234 2512 5 18 ;

654 2533 23 18 at
687 2530 36 21 the
734 2529 131 22 conclusion
881 2529 27 22 of
918 2529 39 22 the
971 2530 71 26 levee,
1054 2537 14 13 a
1083 2530 76 21 native
1176 2530 69 22 chief-

654 2556 65 21 tain's
735 2563 49 19 son,
795 2556 115 22 advanced
927 2556 45 21 and
986 2556 80 21 bowed
1081 2559 23 18 to
1119 2556 35 21 his
1165 2556 80 23 Excel-

653 2582 72 28 lency,
737 2582 46 22 and
792 2583 53 20 then
855 2582 83 22 offered
951 2582 35 22 his
996 2582 62 21 hand
1067 2582 52 22 with
1130 2583 38 21 tbe
1178 2584 66 21 usual

654 2608 119 23 salutation
807 2610 51 21 Tini
870 2609 105 26 rakakoa,
1095 2620 29 4 —
1216 2610 28 21 do

654 2642 45 20 you
715 2635 35 26 do,
769 2636 42 21 Mr.
1004 2636 49 21 The
1068 2636 118 22 Governor
1200 2644 45 15 was

654 2662 71 22 much'
729 2662 100 27 amused,
840 2662 43 22 and
894 2662 116 22 remarked
1020 2662 48 21 that
1078 2663 17 20 it
1109 2670 44 15 was
1164 2670 26 14 an
1203 2670 40 15 ex-

656 2688 81 22 cellent
758 2689 68 22 finale
857 2692 23 18 to
909 2688 38 22 the
977 2689 48 21 first
1046 2688 64 22 levee
1136 2690 25 21 in
1188 2690 57 21 New

654 2715 106 22 Zealand.
788 2716 49 21 The
853 2716 156 21 Government
1028 2716 85 20 Gazette
1127 2716 59 21 from
1200 2716 38 21 the

655 2742 48 26 Bay
713 2741 23 22 of
750 2741 89 22 Islands
854 2746 23 17 to
894 2742 38 21 the
946 2742 54 21 20th
1012 2742 56 26 May
1081 2742 40 22 has
1139 2743 56 21 been
1211 2749 35 14 re-

654 2768 83 22 ceived.
756 2768 49 22 The
813 2768 71 22 editor
889 2772 69 18 states
967 2768 49 22 that
1025 2769 124 27 prosperity
1160 2772 83 18 cannot

654 2794 28 22 be
692 2796 111 26 expected
812 2795 76 22 unless
903 2802 113 15 measures
1031 2796 29 21 be
1075 2796 68 21 taken
1159 2795 34 22 for
1207 2795 38 22 the

654 2822 125 26 protection
795 2822 26 21 of
831 2822 101 26 religion,
942 2821 61 27 laws,
1016 2825 102 23 customs,
1137 2822 46 21 and
1198 2822 45 27 pri-

654 2848 83 27 vileges
747 2848 27 22 of
784 2848 38 22 tbe
832 2849 93 21 natives.
956 2848 37 21 He
1008 2848 20 22 is
1044 2848 47 22 also
1106 2856 56 18 very
1171 2848 71 22 wrath

654 2878 24 18 at
691 2876 36 21 the
744 2875 155 32 appointment
916 2874 26 22 of
961 2883 13 14 a
997 2875 82 28 Bishop
1096 2875 59 22 from
1171 2874 73 27 home,

654 2902 85 26 saying,
751 2902 50 21 Ihat
816 2901 21 22 if
847 2901 56 22 such
919 2909 29 14 an
964 2902 156 26 appointment
1134 2909 57 14 were
1211 2909 35 14 re-

654 2928 87 26 quisite,
769 2928 83 26 (which
882 2928 133 26 by-the-bye
1042 2928 28 22 he
1096 2935 55 21 very
1176 2928 68 21 much

655 2955 88 25 doubts)
756 2954 38 22 the
803 2954 87 32 dignity
900 2954 79 22 should
990 2955 57 22 have
1056 2955 57 22 been
1125 2954 118 22 conferred

655 2988 29 15 on
695 2988 42 15 one
748 2981 26 22 of
786 2981 37 22 the
838 2980 99 23 resident
953 2981 157 27 missionaries,
1122 2981 50 21 who
1187 2981 58 21 have

655 3008 58 21 done
723 3015 24 14 so
758 3008 66 21 much
835 3008 34 21 for
878 3008 39 21 the
927 3009 150 25 preservation
1090 3008 25 21 of
1124 3008 36 21 the
1169 3008 75 21 native

654 3034 101 27 religion.
786 3035 35 21 On
832 3034 36 21 the
879 3034 103 21 occasion
994 3035 25 20 of
1026 3034 37 21 the
1073 3034 137 22 installation
1221 3034 28 21 of

656 3060 37 21 tbe
705 3060 124 26 Governor,
838 3060 29 21 all
877 3060 38 22 tbe
926 3060 111 27 prisoners
1045 3061 23 21 in
1077 3060 42 22 her
1128 3060 117 28 Majesty's

654 3087 62 27 gaols
726 3093 58 14 were
794 3086 115 21 liberated.

683 3113 55 21 New
753 3113 117 22 Zealand.
871 3124 30 4 —
901 3113 41 21 We
959 3120 37 14 are
1010 3120 63 20 sorry
1089 3116 22 19 to
1126 3113 55 22 hear
1197 3113 50 22 that

654 3147 42 14 our
706 3139 83 22 friends
800 3144 23 17 at
839 3140 55 21 New
911 3139 107 28 Zealand,
1030 3147 38 14 are
1077 3140 109 28 plunging
1195 3140 50 21 into

655 3166 38 21 the
704 3173 60 14 same
776 3170 82 23 system
875 3166 26 21 of
911 3167 54 20 land
981 3167 146 31 speculating,
1138 3167 49 21 that
1204 3167 42 20 has

655 3192 164 22 characterized
839 3193 37 21 the
896 3193 133 21 foundation
1047 3194 26 21 of
1091 3193 37 22 the
1147 3193 99 22 colonies

654 3219 100 21 founded
764 3219 76 21 within
852 3219 37 22 the
898 3219 44 22 last
952 3220 41 21 few
1004 3227 71 19 years.
1104 3220 33 21 At
1151 3219 37 22 the
1199 3219 48 21 first

655 3245 156 22 Government
821 3245 44 22 sale
876 3246 26 21 of
909 3249 58 18 town
976 3245 127 23 allotments
1110 3247 24 21 in
1141 3247 38 20 the
1184 3249 61 18 town

655 3271 27 22 of
693 3272 127 25 Auckland,
832 3279 31 15 we
874 3280 37 14 are
922 3273 112 21 informed
1044 3273 47 21 that
1100 3273 38 22 the
1148 3279 96 19 average

656 3299 60 26 price
725 3299 27 21 of
763 3299 53 21 land
827 3299 47 21 sold
884 3306 45 14 was
937 3299 76 22 J61700
1027 3306 30 15 an
1074 3307 58 18 acre,
1144 3299 37 21 tbe
1191 3299 54 21 total

656 3329 93 17 amount
758 3325 26 21 of
795 3325 38 21 the
842 3325 45 22 sale
897 3325 73 28 being
984 3326 104 27 upwards
1104 3327 27 20 of
1140 3326 105 26 £20,000.
1252 3344 2 7 ,

656 3351 50 22 One
716 3351 26 21 of
755 3351 61 22 these
826 3351 129 23 allotments
964 3360 45 14 was
1019 3355 38 19 cut
1063 3360 30 20 up
1101 3352 47 22 into
1156 3352 91 22 smaller

656 3384 55 15 ones
719 3379 27 20 of
757 3378 138 26 twenty-five
911 3378 47 22 feet
971 3379 111 27 frontage,
1093 3379 46 22 and
1147 3379 97 21 realised

656 3404 81 22 double
746 3404 38 22 the
795 3408 92 18 amount
896 3405 67 26 given
979 3405 37 21 for
1028 3406 26 26 it,
1065 3405 44 22 and
1125 3405 65 28 plans
1200 3405 46 21 and

655 3431 153 27 preparations
817 3438 58 14 were
890 3431 68 27 being
972 3432 67 22 made
1055 3439 29 15 on
1101 3431 30 23 all
1144 3432 59 22 sides
1212 3431 34 22 for

654 3457 118 27 re-selling
781 3457 23 22 in
816 3464 13 14 a
843 3457 86 22 similar
944 3465 95 15 manner
1047 3466 5 13 :
1068 3457 44 23 and
1128 3465 43 15 one
1180 3458 65 22 allot-
1252 3471 1 5 .

656 3487 69 24 ment,
736 3491 34 15 we
781 3483 56 22 have
847 3484 57 22 been
915 3484 54 27 told,
980 3492 44 14 was
1038 3485 63 21 twice
1119 3485 50 21 sold
1184 3488 24 18 at
1217 3491 28 15 an

656 3510 100 22 advance
767 3510 26 21 of
803 3517 42 15 one
856 3510 102 22 hundred
967 3518 40 19 per
1017 3514 66 23 cent.,
1094 3518 24 14 so
1136 3511 47 22 that
1193 3511 52 21 four

656 3537 64 21 times
732 3537 38 21 the
781 3540 93 18 amount
883 3537 68 26 given
967 3537 35 21 for
1017 3537 22 21 if
1050 3542 23 17 at
1090 3537 37 22 tbe
1144 3538 109 21 Govern-

657 3567 63 18 ment
729 3563 47 22 sale
786 3570 44 15 was
838 3563 111 24 procured
964 3564 24 20 in
1002 3570 14 14 a
1024 3563 43 22 few
1077 3564 62 27 days.
1169 3565 19 21 A
1201 3563 44 22 sale

657 3590 26 21 of
699 3590 111 21 suburban
832 3589 127 22 allotments
974 3590 52 27 will,
1045 3597 32 15 we
1099 3589 145 28 understand,

657 3616 51 22 take
716 3616 63 26 place
790 3624 29 14 on
830 3616 36 21 the
876 3616 52 21 12th
939 3616 61 26 July.

1917 1238 50 24 The
1978 1238 116 32 following
2105 1248 60 15 news
2177 1248 46 14 was
2235 1239 99 24 received
2343 1244 22 18 at
2373 1239 94 31 Sydney
2472 1253 3 5 •

1881 1270 31 32 by
1924 1271 38 24 the
1974 1270 110 32 Sterling,
2105 1272 73 23 which
2196 1273 88 22 arrived
2301 1272 63 23 there
2383 1281 27 15 on
2430 1273 37 23 the

1882 1304 48 23 2nd
1942 1304 24 23 of
1982 1304 60 30 July,
2055 1312 24 16 in
2096 1307 10 21 1
2113 1307 28 21 19
2155 1305 54 29 days
2221 1305 58 23 from
2292 1305 86 23 Boston
2386 1314 5 15 :
2393 1317 34 4 —

1909 1342 43 22 Mr.
1970 1342 96 22 M'Leod
2083 1343 50 21 who
2147 1350 43 14 was
2207 1342 124 22 concerned
2347 1343 22 21 in
2383 1343 85 26 seizing

1883 1368 37 22 the
1939 1369 118 21 American
2074 1374 95 16 steamer
2181 1370 100 24 Caroline,
2291 1369 64 21 while
2371 1369 63 27 lying
2444 1374 23 16 at

1882 1402 30 14 an
1927 1395 120 21 American
2062 1395 77 27 wharf,
2156 1396 81 26 setting
2253 1395 40 22 her
2314 1402 27 15 on
2359 1395 40 21 fire
2421 1395 46 22 and

1882 1422 93 26 causing
1990 1421 40 21 her
2046 1425 22 18 to
2084 1429 29 19 go
2131 1423 62 20 down
2209 1423 39 21 tbe
2263 1422 51 21 falls
2324 1422 24 21 of
2361 1422 104 26 Niagara,

1883 1448 91 26 thereby
1992 1448 142 27 occasioning
2150 1448 36 21 tbe
2203 1448 45 22 loss
2263 1449 23 21 of
2305 1448 38 21 the
2365 1448 55 21 lives
2444 1449 25 21 of

1882 1481 62 14 some
1955 1481 89 19 persons
2053 1481 29 15 on
2096 1474 68 22 board
2165 1486 27 4 —
2192 1475 45 21 bad
2253 1475 55 21 been
2324 1474 96 21 arrested
2437 1482 29 14 on

1883 1501 102 25 entering
1995 1500 37 21 the
2042 1504 56 18 state
2108 1501 26 21 of
2146 1501 54 21 New
2209 1501 70 22 York.
2307 1500 36 22 He
2354 1500 43 21 had
2407 1501 58 21 been

1882 1526 99 23 released
1995 1534 28 14 on
2037 1527 52 27 bail,
2101 1527 40 22 but
2157 1528 36 21 the
2208 1528 107 27 populace
2329 1527 73 21 seized
2412 1527 54 27 him,

1883 1553 44 22 and
1938 1553 101 27 required
2049 1554 37 21 the
2098 1554 138 21 cancelment
2244 1554 24 21 of
2279 1554 35 21 his
2322 1553 52 26 bail,
2383 1553 84 22 where-

1882 1579 31 28 by
1923 1580 27 21 he
1960 1580 114 21 remained
2084 1580 23 21 in
2115 1580 40 26 jail
2166 1580 43 22 and
2225 1587 43 14 was
2285 1585 22 16 to
2325 1580 27 21 be
2368 1580 56 21 tried
2433 1581 34 21 for

1882 1606 96 21 murder.
2007 1606 54 21 This
2072 1609 66 19 event
2154 1606 39 22 has
2210 1606 131 21 occasioned
2356 1606 111 23 consider-

1883 1632 50 21 able
1943 1632 135 22 excitement
2086 1633 24 21 in
2120 1632 111 28 England.
2260 1632 59 22 Lord
2329 1632 137 23 Palmerston

1882 1658 41 22 has
1934 1660 85 20 written
2030 1666 13 13 a
2053 1659 100 27 dispatch
2163 1660 22 21 in
2195 1663 68 17 terms
2272 1658 71 22 which
2357 1660 110 30 appeared

1882 1686 139 26 satisfactory
2031 1688 22 18 to
2064 1685 37 21 the
2112 1685 91 27 English
2213 1685 85 27 people,
2305 1686 39 21 but
2352 1684 71 23 which
2431 1686 36 21 led

1884 1716 22 17 to
1922 1712 173 26 apprehensions
2111 1712 67 21 about
2199 1712 37 21 the
2254 1719 66 19 peace
2335 1711 67 27 being
2416 1719 51 19 pre-

1882 1740 79 19 served
1970 1738 100 21 between
2080 1738 38 21 the
2128 1742 42 17 two
2180 1738 118 21 countries.

1909 1764 48 22 The
1967 1764 217 26 Governor-general
2193 1771 43 14 was
2247 1771 28 14 on
2286 1764 36 21 the
2331 1763 39 23 7th
2378 1764 25 21 of
2409 1764 57 22 Feb-

1882 1798 66 20 ruary
1962 1794 22 17 to
2001 1791 57 21 issue
2075 1791 34 21 his
2124 1791 160 27 proclamation
2299 1790 114 27 declaring
2428 1791 37 21 the

1882 1818 70 21 union
1962 1817 26 21 of
1999 1817 37 21 the
2053 1820 44 19 two
2112 1818 106 26 Canadas,
2230 1818 45 21 and
2292 1817 126 27 convening
2427 1817 39 22 the

1884 1844 134 21 Parliament
2028 1847 21 17 to
2058 1844 107 21 assemble
2173 1844 20 21 in
2204 1844 54 26 May
2266 1847 23 18 at
2298 1843 118 27 Kingston,
2429 1844 36 21 the

1883 1874 59 18 town
1952 1869 95 22 selected
2058 1877 23 14 as
2092 1870 36 22 the
2145 1870 80 28 capital
2235 1870 25 21 of
2272 1870 36 21 the
2319 1870 83 21 United
2413 1870 53 21 Pro-

1883 1898 82 20 vinces.

1910 1923 23 21 It
1953 1930 43 14 was
2013 1923 122 21 rumoured
2152 1923 48 21 that
2219 1923 37 21 the
2275 1922 125 22 celebrated
2421 1923 44 22 Mr.

1883 1949 56 27 Clay
1948 1956 42 14 was
2000 1949 68 21 about
2077 1953 23 17 to
2110 1949 93 28 proceed
2218 1950 57 20 from
2285 1949 146 27 Washington
2442 1954 23 16 to

1883 1975 109 26 England,
2004 1983 23 13 as
2037 1982 29 14 an
2077 1975 337 27 Ambassador-extraordinary.

1912 2002 114 21 Whaling
2040 2008 24 14 in
2080 2008 46 15 the
2140 2002 97 21 Pacific.
2240 2012 27 5 —
2267 2003 48 20 The
2324 2001 70 21 whale
2403 2001 61 31 ships

1883 2027 65 23 alone
1962 2028 23 20 in
2002 2028 37 21 the
2058 2027 84 22 Pacific
2160 2035 68 14 ocean
2247 2028 94 22 number
2356 2029 41 20 460
2416 2027 47 27 sail,

1883 2054 131 26 amounting
2028 2057 21 17 to
2061 2055 79 26 nearly
2148 2055 90 24 200,000
2250 2057 49 19 tons
2310 2053 44 22 and
2364 2054 99 21 manned

1883 2081 29 26 by
1925 2081 72 25 12,000
2007 2088 98 14 seamen.
2121 2081 46 21 Not
2172 2081 42 21 less
2223 2081 52 21 than
2286 2081 124 26 12,000,000
2418 2080 47 22 dol-

1882 2107 46 21 lars
1936 2108 24 20 of
1967 2107 79 26 capital
2056 2107 40 21 has
2104 2107 56 21 been
2168 2107 102 21 invested
2279 2108 29 24 in,
2317 2107 45 21 and
2369 2107 96 26 actively

1884 2133 116 28 employed
2008 2134 36 26 by,
2054 2140 39 13 one
2101 2133 84 22 branch
2192 2134 27 20 of
2225 2133 69 22 whale
2303 2133 80 27 fishery
2391 2133 72 26 alone;

1884 2161 45 21 and
1938 2161 22 20 in
1972 2160 36 21 the
2020 2159 71 22 whole
2100 2160 61 21 trade
2171 2161 24 20 is.
2204 2159 92 27 directly
2313 2159 105 22 involved
2428 2163 39 17 not

1882 2186 45 22 less
1936 2187 53 21 than
2000 2187 55 20 from
2066 2189 27 18 50
2103 2190 22 18 to
2136 2188 26 20 70
2171 2186 105 22 millions-
2284 2186 26 20 of
2326 2190 110 23 property.
2438 2197 29 4 —

1883 2214 112 20 American
2009 2214 78 24 Paper.

1910 2240 47 22 The
1968 2240 81 20 British
2060 2247 37 13 are
2107 2239 100 25 building
2222 2241 70 19 steam
2307 2238 104 22 batteries
2422 2238 45 22 and

1884 2266 82 21 vessels
1976 2267 24 20 of
2013 2274 44 13 war
2065 2274 28 13 on
2104 2265 58 21 their
2171 2265 46 21 side
2234 2265 26 21 of
2277 2265 37 21 the
2329 2265 69 26 lakes,
2416 2269 51 17 not-

1884 2292 157 27 withstanding
2058 2293 43 21 this
2117 2293 18 20 is
2152 2292 22 21 in
2192 2291 71 21 direct
2276 2291 105 21 violation
2392 2291 26 21 of
2421 2291 44 22 'the

1884 2323 155 22 arrangement
2056 2318 64 22 made
2138 2318 99 21 between
2251 2317 37 22 the
2298 2318 83 20 United
2392 2319 71 20 States

1884 2345 45 21 and
1936 2346 69 20 Great
2016 2345 83 21 Britain
2113 2345 22 20 in
2153 2346 59 24 1817,
2229 2344 35 21 for
2270 2345 38 20 the
2319 2344 115 22 reduction
2444 2344 25 21 of

1884 2372 37 20 the
1932 2372 71 21 Naval
2013 2372 59 21 force
2088 2371 24 21 of
2129 2371 54 21 each
2193 2374 64 23 party
2268 2378 27 14 on
2305 2370 36 22 the
2354 2370 78 28 Lakes,
2443 2375 24 17 to

1884 2405 43 14 one
1946 2398 70 22 veßsel
2035 2405 29 14 on
2084 2397 54 21 each
2157 2396 68 27 Lake,
2244 2397 103 27 carrying
2363 2404 42 14 one
2420 2405 47 19 gun

1884 2424 60 27 only,
1956 2425 43 21 and
2010 2425 53 20 then
2072 2424 55 21 used
2138 2424 52 26 only
2199 2423 35 22 for
2242 2423 96 22 internal
2352 2431 113 19 purposes.

1912 2451 113 21 Printers
2045 2458 28 14 at
2092 2458 13 14 a
2124 2451 116 20 Premium.
2246 2461 29 4 —
2279 2450 47 21 The
2350 2449 116 28 Presiding

1884 2477 73 27 Judge
1974 2478 23 20 of
2018 2477 36 21 the
2075 2477 110 21 Louisana
2202 2476 107 27 Supreme
2324 2476 74 27 Court,
2420 2478 45 20 and

1884 2504 37 21 the
1936 2502 219 28 Attorney-General
2171 2502 26 22 of
2213 2503 37 21 the
2266 2509 60 15 same
2341 2503 69 27 State,
2428 2511 38 14 are

1884 2530 53 21 both
1948 2530 100 27 printers.

1910 2557 49 21 The
1989 2558 77 20 Ocean
2093 2556 126 21 Steamers.
2224 2566 28 5 —
2329 2556 136 26 proposition

1883 2591 50 14 now
1943 2583 75 22 before
2028 2584 37 20 the
2077 2583 154 21 Government
2239 2582 58 21 from
2307 2582 54 21 New
2371 2582 68 27 York,
2447 2583 19 20 is

1884 2613 22 18 to
1922 2610 60 21 build
1997 2610 50 21 four
2063 2613 105 17 steamers
2184 2608 27 21 of
2228 2609 54 21 2500
2300 2612 49 17 tons
2364 2608 62 27 each,
2443 2613 22 17 to

1882 2644 44 13 run
1942 2636 98 21 between
2058 2636 56 21 New
2127 2635 61 21 York
2197 2636 45 21 and
2253 2634 123 28 Liverpool,
2388 2636 44 21 and
2442 2636 24 21 in

1884 2670 49 14 case
1944 2663 25 21 of
1980 2669 50 20 war,
2042 2662 38 21 the
2091 2662 153 21 Government
2253 2665 22 18 to
2283 2661 45 27 buy
2337 2661 37 22 the
2385 2665 80 18 steam-

1884 2696 35 14 ers
1928 2692 22 18 at
1960 2696 13 14 a
1983 2689 112 21 valuation
2107 2688 80 26 agreed
2195 2695 61 20 upon
2266 2689 29 25 by
2305 2688 54 21 both
2374 2689 91 26 parties.

1883 2715 47 22 The
1940 2716 81 21 vessels
2028 2722 37 15 are
2073 2718 21 18 to
2103 2715 27 21 be
2138 2714 56 22 built
2200 2714 23 22 in
2235 2714 29 22 all
2269 2717 96 24 respects
2372 2721 23 15 as
2403 2721 63 15 men-

1884 2742 84 26 of-war,
1979 2742 44 21 and
2033 2745 23 18 to
2066 2748 63 20 carry
2139 2742 53 21 1500
2210 2749 25 14 or
2249 2742 115 20 2000-tons
2376 2741 89 27 freight,

1884 2768 52 22 with
1952 2770 41 20 200
2012 2775 136 21 passengers,
2165 2767 45 22 and
2225 2767 78 22 intend
2319 2771 22 17 to
2356 2767 56 22 burn
2427 2775 40 14 an-

1884 2795 93 22 thracite
1987 2795 55 22 coal.
2082 2794 47 21 The
2143 2794 79 28 capital
2235 2798 23 17 to
2272 2794 28 21 be
2317 2794 118 26 employed
2449 2794 18 21 is

1884 2825 43 18 two
1943 2822 87 21 milions
2049 2821 27 22 of
2095 2820 87 23 dollars.
2221 2820 25 22 If
2257 2820 37 22 tbe
2314 2820 154 22 Government

1884 2848 80 21 accede
1974 2851 21 18 to
2007 2848 35 21 tbe
2054 2847 152 27 propositions,
2214 2851 44 17 two
2268 2847 25 21 of
2301 2846 36 22 the
2348 2850 113 21 steamers,

1884 2875 19 21 it
1921 2874 18 23 is
1955 2875 54 26 said,
2032 2874 45 22 will
2096 2875 27 20 be
2141 2873 69 27 ready
2225 2874 24 21 in
2266 2874 60 26 May,
2342 2874 53 21 1842
2397 2884 27 4 —
2425 2878 42 17 two

1885 2901 73 22 others
1969 2901 36 22 the
2016 2900 113 27 following
2138 2907 53 20 year
2197 2907 5 19 ;
2219 2900 37 21 tbe
2274 2904 42 18 two
2331 2900 48 21 first
2392 2904 23 17 to
2425 2907 42 14 run

1884 2927 109 27 monthly,
2004 2927 51 27 and,
2068 2927 64 21 when
2140 2926 37 22 the
2187 2926 74 22 others
2277 2933 37 15 are
2331 2926 134 28 completed,

1885 2958 23 17 to
1917 2961 41 14 run
1974 2954 62 21 twice
2053 2961 13 13 a
2082 2953 85 27 month,
2185 2956 80 24 except
2274 2953 61 22 three
2344 2953 90 22 months
2444 2954 23 20 in

1885 2980 38 22 the
1933 2980 82 25 winter,
2027 2980 64 21 when
2102 2980 52 26 they
2164 2979 43 22 will
2217 2986 43 15 run
2270 2979 53 27 only
2333 2986 61 15 once.

1913 3006 21 21 A
1943 3010 74 24 report
2023 3013 45 15 was
2079 3007 22 20 in
2113 3006 136 25 circulation,
2267 3006 48 21 that
2330 3006 37 21 the
2385 3005 82 22 British

1886 3033 107 27 Minister,
2015 3033 44 21 Mr.
2078 3033 53 24 Fox,
2149 3032 44 21 had
2207 3032 117 27 positively
2341 3032 126 21 demanded

1885 3059 70 22 either
1964 3059 36 21 the
2010 3059 84 21 release
2105 3059 26 21 of
2138 3058 102 26 M'Leod,
2252 3065 25 15 or
2285 3059 34 21 his
2327 3058 54 26 (Mr.
2390 3059 75 24 Fox's)

1884 3088 109 25 passports
2002 3085 58 21 from
2072 3085 36 21 the
2118 3085 120 21 American
2249 3085 160 26 Government,
2427 3085 41 21 but

1884 3111 37 22 the
1930 3118 91 15 rumour
2029 3118 46 14 was
2082 3111 103 21 believed
2193 3114 23 18 to
2225 3111 28 21 be
2265 3110 92 22 without
2371 3111 96 21 founda-

1885 3139 54 20 tion.

1910 3164 47 22 The
1967 3164 133 22 Committee
2111 3164 120 30 appointed
2246 3163 31 28 by
2291 3163 38 22 the
2346 3163 120 23 American

1884 3191 138 22 Authorities
2035 3191 37 21 for
2087 3190 141 27 considering
2237 3190 37 22 the
2280 3190 102 26 question
2392 3190 27 22 of
2429 3191 37 21 the

1884 3217 72 22 North
1969 3217 94 21 Eastern
2080 3217 127 26 Boundary,
2223 3217 45 21 had
2282 3216 112 22 delivered
2409 3216 57 22 their

1885 3247 79 24 report,
1980 3243 23 21 in
2018 3243 72 21 which
2107 3243 53 26 they
2176 3243 108 21 maintain
2301 3243 58 21 their
2371 3243 60 27 right
2444 3248 22 16 to

1885 3271 36 21 the
1932 3269 101 28 disputed
2043 3269 103 28 territory
2155 3269 53 21 with
2218 3273 62 23 great
2296 3269 108 23 firmness,
2421 3269 45 22 and

1884 3296 99 27 strongly
2001 3296 116 26 repudiate
2132 3295 37 23 tbe
2185 3299 127 24 arguments
2329 3295 26 22 of
2376 3297 89 21 Messrs.

1885 3323 84 26 Mtidge
1993 3323 44 21 and
2061 3322 228 27 Featherstonhaugh,
2316 3322 38 21 the
2381 3323 84 21 British

1884 3349 191 21 Commissioners.

1912 3376 34 21 On
1962 3375 123 26 Thursday,
2106 3374 98 22 General
2224 3375 108 22 Harrison
2353 3375 44 21 will
2414 3375 51 21 take

1884 3402 38 22 the
1932 3401 51 22 oath
1999 3401 25 22 of
2042 3401 63 22 office
2122 3401 44 22 and
2181 3408 129 16 commence
2319 3401 35 22 bis
2362 3401 71 22 duties
2442 3408 24 14 as

1884 3428 116 22 President
2009 3427 26 22 of
2046 3427 37 22 the
2094 3427 84 22 United
2194 3428 80 22 States.
2310 3428 156 26 Preparations

1884 3462 37 14 are
1931 3455 23 21 in
1964 3461 102 20 progress
2074 3457 22 19 at
2104 3454 147 27 Washington
2261 3455 35 21 for
2311 3462 30 14 an
2356 3455 111 26 imposing

1883 3481 164 27 inauguration.

1912 3508 74 22 News.
1988 3518 28 5 —
2018 3507 146 28 Intelligence
2185 3506 41 23 has
2243 3508 59 21 been
2322 3507 103 22 received
2444 3507 22 22 in

1886 3534 158 33 Philadelphia,
2065 3534 57 21 from
2141 3534 37 22 the
2195 3534 82 22 British
2301 3534 63 22 West
2383 3534 81 26 Indies,

1884 3561 83 26 stating
1977 3556 48 26 that
2033 3560 76 22 orders
2119 3560 43 22 had
2172 3568 61 14 some
2240 3561 53 21 time
2304 3561 60 21 since
2371 3560 96 22 reached

1886 3588 36 20 the
1934 3587 86 21 Islands
2029 3587 58 21 from
2098 3587 36 21 the
2152 3587 75 22 Home
2244 3587 160 27 Government,
2420 3587 48 21 that

1884 3615 75 24 25,000
1971 3614 89 21 colored
2077 3620 52 15 men
2144 3621 57 14 were
2218 3617 22 18 to
2257 3614 26 21 be
2300 3613 129 27 disciplined
2444 3620 24 14 as

1884 3640 99 26 soldiers,
2002 3641 24 20 in
2043 3640 99 21 addition
2160 3644 23 17 to
2203 3640 37 21 the
2258 3640 104 28 ordinary
2380 3639 88 22 colored

1884 3667 80 21 militia
1973 3666 44 22 and
2023 3666 101 27 regulars
2134 3666 25 21 of
2170 3666 37 22 the
2220 3666 94 22 Islands.

1912 3693 45 22 The
1973 3694 107 20 SacketVs
2099 3694 87 20 Harbor
2200 3694 92 20 Journal
2303 3695 67 26 spates
2388 3692 49 21 that
2454 3699 14 14 a

1885 3722 68 19 steam
1964 3720 79 27 frigate
2054 3720 26 21 of
2091 3727 42 14 one
2149 3719 112 23 thousand
2276 3723 50 18 tons
2341 3718 96 22 burthen
2450 3718 18 21 is

1884 3746 72 22 under
1979 3749 101 19 contract
2101 3749 23 18 to
2142 3746 27 22 be
2188 3746 56 21 built
2263 3746 34 21 for
2314 3744 38 23 tbe
2376 3744 92 22 Colonal

1886 3772 137 23 Goverment
2032 3775 24 19 at
2066 3772 119 27 Kingston,
2197 3772 96 21 Canada.

1912 3815 22 21 It
1947 3815 19 22 is
1981 3815 113 22 conceded
2109 3822 35 17 on.
2153 3815 30 21 all
2200 3815 71 21 hands
2288 3814 48 21 that
2350 3812 68 22 ladies
2429 3820 37 15 are

1886 3849 59 19 pair,
1964 3842 45 21 and
2023 3842 49 21 that
2086 3842 104 21 chickens
2207 3849 37 13 are
2270 3847 57 15 fo*vl
2329 3850 29 4 —
2359 3839 47 22 that
2431 3840 36 21 the

1885 3875 82 20 money
1984 3868 89 22 market
2086 3869 20 21 is
2121 3875 79 19 tioht,
2216 3868 49 21 that
2280 3866 37 22 the
2334 3866 82 22 morals
2432 3873 36 15 are

1886 3902 76 19 looke,
1974 3895 44 22 and
2028 3895 105 25 morning
2142 3901 110 20 wrappers
2261 3893 63 21 ditto.

1305 3281 52 24 The
1367 3281 117 30 following
1494 3281 21 23 is
1527 3280 37 23 the
1577 3283 58 19 most
1652 3283 77 18 recent
1748 3278 107 23 informa-

1271 3315 49 22 tion
1330 3314 103 23 received
1444 3318 24 19 at
1487 3312 91 25 Hobart
1597 3311 78 23 Town.
1720 3311 75 23 There
1813 3318 41 16 can

1271 3347 28 23 be
1312 3354 29 16 no
1353 3354 63 16 room
1425 3346 35 24 for
1478 3346 70 24 doubt
1565 3344 49 23 that
1633 3344 37 23 the
1689 3343 104 24 faithless
1811 3343 44 24 and

1271 3380 104 23 imbecile
1400 3379 98 24 Chinese
1522 3377 155 24 Government
1703 3375 42 25 has
1767 3381 23 19 at
1811 3376 44 24 last

1271 3413 100 29 brought
1381 3414 50 22 ruin
1445 3419 60 23 upon
1518 3410 68 24 itself.

1300 3450 93 21 Extract
1397 3450 59 21 from
1461 3457 13 14 a
1480 3449 72 25 letter,
1560 3447 66 22 dated
1634 3447 129 27 Singapore,
1772 3446 56 27 May
1835 3448 19 20 1.

1270 3488 29 4 —
1324 3476 66 27 Early
1400 3477 25 20 in
1434 3476 71 26 April,
1516 3474 34 23 Sir
1557 3474 29 21 G.
1599 3474 92 21 Bremer
1703 3473 78 26 passed
1793 3480 30 14 on
1834 3476 21 18 to

1273 3503 109 27 Calcutta,
1392 3503 17 21 it
1415 3503 19 21 is
1444 3502 54 26 said,
1513 3505 23 18 to
1551 3500 88 22 consult
1648 3499 53 22 with
1710 3499 61 22 Lord
1779 3500 76 21 Auck-

1271 3529 54 23 land
1334 3530 93 21 relative
1435 3532 21 18 to
1466 3528 72 22 China
1543 3527 79 26 affairs,
1635 3525 71 23 which
1712 3534 38 13 are
1759 3526 33 21 far
1798 3526 57 22 from

1271 3556 86 27 pacific.
1386 3556 47 21 The
1443 3556 92 25 Jupiter,
1550 3553 130 27 troop-ship,
1698 3552 87 22 arrived
1799 3553 56 21 from

1273 3583 72 22 China
1351 3582 84 26 to-day,
1447 3582 76 21 bound
1532 3580 36 21 for
1577 3579 96 26 Madras,
1685 3582 21 17 to
1714 3579 64 26 bring
1785 3586 27 14 on
1819 3579 36 21 the

1273 3609 98 25 Queen's
1381 3608 52 22 94th
1444 3608 127 27 Regiment.
1602 3605 47 22 The
1661 3605 129 22 Merchants
1799 3612 56 15 were

1273 3636 29 21 all
1314 3638 18 19 at
1344 3635 94 26 Canton,
1458 3634 44 21 and
1517 3633 36 22 the
1570 3632 58 27 ships
1645 3635 24 18 at
1677 3630 129 27 Whampoa,
1817 3631 38 22 but

1273 3669 29 14 no
1313 3666 36 17 tea
1357 3661 43 21 had
1407 3662 58 21 been
1473 3659 112 23 obtained.
1614 3659 21 22 A
1642 3658 71 21 China
1721 3664 133 21 newspaper,

1273 3688 25 22 of
1317 3688 36 21 the
1371 3687 38 22 7th
1425 3687 70 27 April,
1511 3685 112 23 mentions
1638 3684 49 21 that
1701 3683 91 23 Keshen
1813 3685 42 21 had

1270 3715 58 22 been
1339 3715 122 26 strangled,
1470 3714 31 26 by
1511 3711 65 23 order
1581 3711 24 21 of
1618 3711 36 21 the
1666 3711 114 26 Emperor,
1791 3711 64 21 while

1273 3748 29 15 on
1319 3741 34 21 his
1367 3748 49 19 way
1431 3744 23 18 to
1466 3739 92 25 Peking,
1580 3737 45 21 and
1639 3737 38 21 the
1696 3737 61 21 three
1773 3737 81 21 British

1274 3768 85 21 officers
1369 3767 68 21 taken
1446 3767 30 30 by
1491 3766 38 21 the
1545 3764 94 22 Chinese
1656 3770 36 14 are
1707 3763 111 27 supposed
1833 3767 22 17 to

1273 3793 56 22 have
1339 3793 56 22 been
1407 3792 129 25 murdered;
1547 3790 38 21 the
1595 3789 59 26 body
1664 3789 27 21 of
1701 3796 43 14 one
1758 3790 27 21 of
1795 3789 60 23 them

1273 3822 40 20 has
1320 3820 59 21 been
1388 3819 71 22 found
1459 3829 26 5 —
1487 3818 37 22 the
1540 3816 62 21 other
1616 3819 42 17 two
1667 3815 110 27 belonged
1787 3819 21 18 to
1820 3816 35 22 the

1272 3847 114 21 Blenheim.
1416 3846 21 21 A
1448 3845 58 27 chop
1515 3843 57 23 from
1583 3842 36 21 the
1630 3842 107 27 Emperor
1747 3842 43 22 had
1799 3843 55 21 been

1273 3873 105 22 received
1386 3875 23 19 at
1418 3872 94 25 Canton,
1524 3869 113 26 declaring
1642 3875 45 14 war
1695 3871 23 18 to
1726 3868 37 21 the
1767 3869 61 22 knife
1828 3880 27 4 —

1324 3899 52 22 how
1385 3898 38 22 the
1433 3897 63 23 affair
1501 3897 20 22 iB
1531 3899 22 18 to
1564 3895 49 26 end,
1626 3894 51 22 God
1687 3894 82 22 knows.

678 3660 98 16 Ireland.
777 3668 21 3 —
798 3659 45 17 Neio
857 3659 115 21 Lighthouse
988 3661 31 19 off
1026 3661 31 16 the
1069 3660 63 21 Kerry
1145 3659 107 18 Coatt.—A-<

657 3685 39 12 new
703 3680 105 20 lighthouse
815 3680 34 17 has
855 3681 45 15 been
908 3681 47 16 built
963 3681 22 20 by
990 3681 31 16 the
1026 3681 115 20 Corporation
1146 3681 21 16 of
1172 3680 73 19 Dublin,

656 3706 49 15 upon
712 3701 31 16 the
753 3701 100 15 north-east
859 3701 52 20 point
919 3701 20 16 of
948 3701 84 17 Vulentia
1040 3701 66 19 Island,
1118 3701 27 17 off
1155 3701 29 16 the
1197 3702 55 18 coast,

657 3723 20 15 of
686 3722 63 19 Kerry,
756 3722 47 15 from
810 3721 60 16 which
877 3725 11 12 a
894 3722 50 15 fixed
951 3722 47 20 light
1007 3722 38 16 will
1054 3722 21 16 be
1084 3722 93 16 exhibited
1184 3725 25 12 on
1216 3721 29 16 the

656 3742 78 20 evening
747 3741 22 16 of
781 3742 91 20 February
884 3742 15 18 1,
913 3742 46 19 1841,
972 3742 37 16 and
1023 3742 141 16 thenceforward
1175 3741 36 17 will
1224 3742 21 15 be

656 3763 69 20 lighted
731 3763 48 16 from
786 3763 63 16 sunset
855 3763 18 15 to
885 3762 78 17 sunrise.
989 3763 39 16 The
1038 3762 47 20 light
1096 3763 44 20 kept
1151 3767 46 15 open
1209 3762 36 15 will

656 3783 41 17 lead
705 3783 47 16 clear
758 3782 21 16 of
789 3782 131 17 Reenaldrolan
928 3782 59 20 Point,
1000 3783 37 16 and
1048 3783 37 17 also
1094 3782 19 17 of
1122 3783 32 16 the
1164 3782 82 17 Harbour

657 3804 51 17 Rock
715 3803 65 17 within
788 3803 30 16 the
826 3804 91 15 entrance.
940 3803 88 21 Shelving
1035 3803 59 19 rocks,
1102 3803 61 20 partly
1172 3802 74 17 covered

657 3826 19 15 at
683 3824 43 20 high
737 3825 61 17 -water,
810 3823 68 17 extend
894 3824 142 19 three-quarters
1048 3824 20 16 of
1081 3828 11 12 a
1103 3823 66 17 cable's
1182 3823 64 20 length

657 3845 46 16 from
711 3843 108 18 Cromwell's
828 3843 48 17 Fort.
904 3844 39 16 The
955 3844 104 20 lighthouse
1070 3844 16 16 is
1097 3843 74 17 erected
1181 3843 64 17 within

657 3866 31 16 the
696 3865 28 16 old
731 3864 84 21 building
822 3864 19 16 of
851 3863 107 17 Cromwell's
965 3864 50 19 Fort,
1026 3869 25 11 on
1063 3864 30 17 the
1099 3866 78 15 western
1183 3864 38 16 side
1230 3864 18 16 of

657 3887 31 15 the
695 3885 88 21 principal
790 3886 83 16 entrance
882 3885 19 16 to
910 3885 85 16 Valentia
1001 3885 112 17 Harbour.—
1113 3885 49 17 /Mr/
1175 3883 72 23 Phillip

659 3907 85 16 Gttseitc.

83 3457 91 27 Extract
183 3461 57 24 from
253 3470 13 15 a
276 3462 68 23 letter
355 3462 59 23 from
422 3460 124 29 Taranaki,
555 3460 73 23 under

55 3489 44 25 date
112 3494 53 22 12th
177 3494 65 30 July:
243 3507 33 4 —

148 3531 48 22 surf
205 3532 19 21 is
233 3535 40 18 not
287 3539 68 15 worse
369 3532 53 22 here
439 3532 35 21 six
484 3530 54 28 days
551 3534 40 19 out
605 3530 26 22 of

55 3553 32 23 the
96 3557 58 21 week
163 3557 52 22 than
227 3565 28 15 on
264 3558 38 22 the
311 3558 71 23 beach
398 3562 23 18 at
436 3558 86 26 Petoni,
533 3556 45 23 and
590 3557 38 22 the

56 3580 20 21 S.
85 3582 23 21 E.
118 3584 42 21 and
173 3584 20 21 S.
204 3584 35 22 W.
250 3585 70 22 winds
339 3586 91 26 prevail,
443 3592 14 15 a
470 3583 159 22 north-wester

56 3612 60 17 never
130 3609 79 29 lasting
225 3619 62 14 more
301 3612 55 21 than
369 3612 27 21 24
410 3612 79 24 hours;
509 3610 45 21 and
571 3617 57 14 even

55 3633 54 28 then,
116 3642 47 16 now
174 3637 47 22 that
231 3638 87 21 Barrett
327 3638 40 22 has
375 3636 130 24 discovered
512 3644 13 13 a
534 3644 94 20 passage

55 3660 90 24 between
155 3663 36 21 the
201 3664 70 26 Sugar
280 3664 60 22 Loaf
347 3664 94 28 Islands,
448 3663 96 27 through
556 3662 73 23 which

55 3685 25 21 he
88 3688 49 21 took
146 3689 36 22 the
191 3691 92 20 William
292 3692 88 26 Bryant,
390 3699 13 14 a
413 3690 70 23 vessel
494 3697 41 14 can
545 3689 84 27 always

55 3717 37 17 iun
101 3714 97 28 through,
210 3718 45 21 and
269 3718 71 22 either
348 3717 84 23 anchor
447 3716 73 23 under
534 3716 38 21 the
584 3716 44 26 lee,

54 3744 22 14 or
85 3741 60 22 stand
155 3746 21 17 to
191 3743 37 22 the
243 3744 138 22 Southward.
410 3744 11 23 I
438 3744 57 21 have
511 3742 53 27 only
574 3749 54 15 seen

55 3770 38 16 one
108 3767 40 27 day
160 3768 58 23 since
235 3777 38 20 my
283 3771 86 26 arrival,
384 3770 48 22 that
447 3778 14 13 a
476 3769 72 22 vessel
562 3768 67 23 could

56 3795 34 17 not
98 3792 50 23 land
158 3802 63 20 cargo
229 3796 52 22 with
291 3798 70 26 safety
371 3804 28 15 on
410 3797 37 22 the
459 3795 77 23 beach.

101 3819 10 20 I
120 3819 53 23 have
184 3821 56 23 been
250 3826 37 19 ten
299 3824 61 21 miles
369 3824 66 24 along
440 3823 37 22 the
487 3825 61 18 coast
557 3824 22 19 to
591 3821 38 22 the

59 3845 96 23 Waiterru
166 3847 69 23 !*iver.
251 3857 30 13 on
295 3850 37 21 the
348 3850 39 22 bar
402 3852 22 19 of
444 3848 73 23 which
533 3848 63 22 there
610 3848 19 21 is

57 3871 69 21 twelve
142 3873 42 22 and
182 3872 6 12 5
199 3882 13 14 a
228 3875 49 22 half
287 3876 46 21 feet
346 3880 23 17 at
385 3876 54 27 high
456 3878 73 24 water,
541 3875 45 21 and
606 3875 22 20 in

56 3896 38 21 toe
112 3897 91 26 weaftier
222 3901 38 22 the
279 3902 50 21 surf
348 3902 52 22 does
422 3906 42 18 not
487 3902 67 21 break
572 3901 24 22 in
617 3908 12 15 a

1372 136 218 24 COLONIAL
1619 136 134 24 NEWS.

504 49 101 32 THE
625 50 114 32 NEW
755 50 233 34 ZEALAND
1006 51 227 33 GAZETTE
1253 52 102 33 AND
1372 52 327 34 WELLINGTON
1721 55 290 31 SPECTATOR.

2000 137 195 25 ENGLISH
2218 130 136 34 NEWS.

1496 184 130 22 SYDNEY.

1296 292 21 18 A
1324 291 69 20 notice
1402 291 38 20 has
1450 291 53 21 been
1512 292 71 20 issued
1594 291 46 21 that
1647 292 28 19 all
1684 292 78 20 vessels
1773 292 83 27 trading

1270 316 92 21 between
1371 318 43 20 this
1424 320 49 24 port
1482 319 41 20 and
1536 319 52 20 New
1604 318 90 20 Zealand
1711 319 51 24 will,
1774 319 33 20 for
1819 319 37 20 the

1270 343 78 26 future,
1357 345 25 20 be
1391 345 81 25 subject
1482 348 23 17 to
1515 346 35 20 the
1557 345 82 25 regular
1649 348 45 18 rate
1705 345 24 20 of
1741 346 99 24 pilotage.

1298 211 28 19 So
1336 213 58 23 great
1404 211 18 21 is
1430 212 35 20 the
1472 212 119 25 stagnation
1607 212 26 19 of
1650 211 69 20 affairs
1730 211 46 21 that
1792 218 64 20 many

1271 237 24 19 of
1301 238 37 19 the
1346 237 42 20 late
1397 238 130 26 immigrants
1533 239 46 19 find
1585 244 12 14 a
1603 238 102 26 difficulty
1712 239 23 19 iv
1741 240 115 25 procuring

1270 264 149 24 employment.
1420 275 27 4 —
1447 265 54 20 Free
1509 266 72 20 Press.

656 131 97 22 channel
762 131 70 22 above
842 133 41 21 200
893 132 67 27 yards
967 132 25 23 in
999 132 76 23 width.
1104 133 54 22 This
1167 134 77 21 makes

654 157 112 21 Taranaki
776 165 24 14 as
811 158 46 21 safe
866 159 34 20 for
915 159 65 22 small
995 159 58 22 craft
1068 166 24 15 as
1108 159 135 27 Wanganui.

656 183 11 21 I
679 186 60 19 went
747 184 27 21 abutb
783 188 33 18 >ut
824 188 44 18 two
874 184 64 22 miles
947 192 30 25 up
988 186 22 26 it,
1023 185 44 22 and
1077 186 18 21 it
1104 186 73 21 varies
1186 186 58 21 from

654 216 14 14 a
677 209 91 27 furlong
783 213 22 18 to
821 218 14 14 a
844 214 90 23 quaiter
944 211 26 21 of
981 219 13 14 a
1009 211 60 22 mile.
1098 212 48 21 The
1156 212 55 22 land
1219 219 25 14 as

655 235 34 21 far
697 242 25 15 as
732 235 38 22 the
777 243 42 20 eye
828 237 66 21 could
901 237 67 21 reach
977 238 19 21 is
1004 237 92 28 slightly
1103 239 139 26 undulating,

655 261 37 21 the
709 268 39 15 sea
763 262 58 22 sand
838 263 119 27 gradually-
979 265 87 26 getting
1085 264 80 22 darker
1186 265 57 21 until

654 287 62 27 quite
730 287 73 27 black,
824 291 65 19 when
904 289 19 21 it
936 290 19 21 is
970 289 126 23 succeeded
1110 290 31 27 by
1155 298 14 14 a
1187 291 57 26 light

654 313 67 22 black
736 314 46 22 and
798 314 90 22 reddish
903 315 67 26 loam,
983 323 59 20 upon
1059 316 72 22 which
1146 316 38 22 the
1195 317 48 21 fern

653 346 72 20 grows
735 343 21 18 to
768 341 38 21 the
816 341 77 26 height
909 341 26 22 of
945 341 79 22 fifteen
1039 342 47 22 and
1098 346 84 23 twenty
1191 343 52 22 feet.

653 366 54 21 This
727 366 46 22 belt
790 367 112 26 appeared
918 371 24 18 to
959 375 55 20 vary
1023 369 58 21 from
1096 372 43 18 two
1157 372 22 18 to
1195 369 49 21 four

653 392 65 22 miles
732 393 24 21 in
772 393 78 26 width;
870 393 66 22 when
958 393 37 23 the
1012 401 59 20 open
1093 395 71 21 fotest
1184 402 60 14 com-

655 425 96 15 mences.
780 419 48 21 Not
837 419 83 27 having
929 420 58 22 been
998 427 25 14 so
1032 420 34 22 far
1076 421 85 26 inland,
1173 421 10 21 I
1192 428 52 14 can-

654 447 39 18 not
703 445 67 26 speak
779 452 25 14 as
814 449 23 17 to
846 445 38 22 the
894 450 80 18 nature
985 446 25 22 of
1023 446 36 22 the
1077 447 48 27 soil,
1136 446 73 23 which
1222 447 22 22 is

653 470 49 22 said
711 473 23 19 to
744 470 26 22 be
781 471 49 21 first

687 529 99 23 Notice
819 538 31 15 to
886 531 248 24 Correspondents.
1146 544 36 5 —
1193 532 51 23 The

652 561 68 24 letter
737 561 59 24 from
816 563 38 22 the
871 563 60 24 Rev.
952 564 22 23 J.
995 564 144 29 M'Farlane,
1160 573 30 15 on
1206 565 38 23 the

654 594 89 31 subject
764 595 26 23 of
816 604 14 14 a
855 595 143 32 Dispensary
1020 597 35 23 for
1078 597 38 23 the
1139 597 104 28 Natives,

653 627 90 22 arrived
760 632 37 19 too
816 628 46 23 late
872 629 36 22 for
925 627 112 26 insertion
1056 629 45 24 this
1111 630 74 23 week.
1220 630 25 23 It

654 659 61 23 shall
726 667 84 23 appear
821 661 24 23 in
857 669 40 15 our
909 665 64 21 next.

686 701 100 25 Notice
806 710 30 16 to
856 703 174 24 Subscribers
1049 712 32 16 at
1099 704 110 24 Petoni.
1211 717 34 4 —

654 734 48 23 Mr.
720 734 115 25 Burcham
852 735 42 24 has
911 736 82 31 kindly
1009 736 143 24 undertaken
1172 741 23 19 to
1209 741 36 19 act

654 774 24 16 as
696 767 79 31 Agent
793 768 36 24 for
847 768 45 24 this
911 776 78 24 paper.
1025 769 69 24 After
1114 769 46 24 this
1179 769 65 24 week

653 799 142 24 subscribers
807 809 46 20 are,
866 802 119 28 therefore,
1000 802 122 31 requested
1136 807 24 18 to
1177 802 68 23 make
1251 805 2 34 j

653 832 137 30 application
809 837 22 19 to
850 833 46 24 him
906 843 6 19 ;
933 835 45 22 and
996 842 43 23 any
1058 835 146 30 irregularity
1219 835 25 23 in
1250 844 2 6 •

653 865 60 22 their
732 865 106 31 delivery,
859 867 87 29 arising
963 867 60 23 from
1042 867 45 23 bad
1104 867 100 23 weather
1219 868 26 22 in

653 896 59 24 their
725 898 82 23 transit
817 899 101 22 between
930 898 47 24 this
988 900 45 22 and
1046 900 88 27 Petoni,
1144 907 35 15 we
1191 900 52 29 will,

653 936 25 16 as
689 929 35 23 far
736 937 24 15 as
772 931 24 21 in
810 938 41 16 our
861 938 83 24 power,
956 931 128 24 endeavour
1096 936 22 19 to
1130 932 88 30 rectify.

817 995 75 17 PLANS
904 996 30 16 OF
946 996 50 16 THE
1006 996 78 16 TOWN.

675 1021 38 17 The
720 1021 50 21 plans
780 1022 22 17 of
810 1023 30 16 the
848 1024 51 18 town,
908 1023 59 17 which
978 1028 47 12 were
1035 1023 102 18 advertised
1148 1023 36 18 last
1195 1024 49 17 weak

653 1046 20 12 as
679 1046 24 12 on
711 1042 35 16 sale
755 1044 18 15 at
781 1043 36 16 this
826 1043 59 20 Office,
894 1043 36 17 will
942 1045 33 16 not
984 1045 22 15 be
1019 1044 94 21 published
1124 1044 27 17 for
1162 1045 83 16 fourteen

654 1063 48 20 days,
710 1063 59 21 owing
776 1065 18 14 to
805 1066 134 18 arrangements
951 1064 14 16 it
976 1065 33 16 has
1019 1065 46 16 been
1077 1065 57 16 found
1145 1065 100 19 absolutely

652 1087 94 16 necessary
753 1086 19 14 to
779 1084 52 16 make
838 1084 27 17 for
872 1085 31 15 the
910 1086 122 15 construction
1042 1085 19 16 of
1070 1089 12 12 A
1088 1089 39 12 new
1134 1089 56 18 press,
1200 1085 45 17 with

653 1104 60 17 which
719 1106 18 14 to
744 1105 49 19 print
802 1105 55 18 them,
864 1105 32 16 the
902 1109 51 16 press
959 1106 45 16 with
1016 1105 59 17 which
1086 1106 43 20 they
1139 1110 48 12 -were
1198 1110 47 12 com-

653 1125 76 16 menced
735 1124 76 21 proving
817 1125 108 20 inadequate
936 1127 18 14 to
960 1126 32 17 the
999 1126 55 17 work.

1911 194 102 27 London,
2033 194 54 22 Feb.
2107 197 33 19 21.
2141 207 28 4 —
2172 196 21 21 It
2211 196 17 22 is
2248 196 72 22 stated
2342 197 24 21 in
2390 197 77 23 circles

1884 219 68 28 likely
1961 225 22 16 to
1994 221 26 21 be
2030 221 134 31 acquainted
2179 221 52 23 with
2247 222 38 22 the
2302 223 50 26 fact,
2364 223 48 22 that
2427 223 41 22 her

1884 246 96 27 Majesty
1988 246 19 22 is
2018 254 64 19 again
2092 247 23 22 in
2133 255 28 15 an
2193 248 130 27 interesting

1884 276 22 18 at
1917 279 56 15 once
1983 273 98 26 exciting
2096 273 38 22 the
2150 274 69 27 hopes
2235 274 44 22 and
2295 275 133 28 sympathies
2446 276 26 21 of

1885 298 40 22 her
1933 298 59 28 loyal
2003 299 104 27 subjects.

1911 325 61 21 Lord
1981 325 108 27 Cardigan
2101 326 39 21 has
2150 326 56 21 been
2215 326 56 21 tried
2279 327 29 26 by
2315 326 35 22 his
2359 327 64 22 Peers
2433 328 35 21 for

1884 350 83 27 having
1985 350 51 22 shot
2054 355 24 18 at
2096 352 93 27 Captain
2214 352 97 22 Tuckett
2327 353 23 21 in
2369 360 15 14 a
2408 353 59 22 duel.

1884 376 71 23 There
1965 378 18 20 is
1993 384 13 15 a
2014 378 54 25 long
2083 381 95 19 account
2188 378 22 21 in
2227 378 38 21 the
2283 378 91 27 English
2390 387 78 19 papers

1884 403 26 21 of
1920 403 38 22 the
1973 403 73 27 fitting
2059 411 31 19 up
2108 405 25 20 of
2145 404 37 21 the
2198 404 77 21 House
2293 405 25 20 of
2330 403 76 28 Lords,
2422 406 46 21 and

1885 429 36 22 the
1931 437 137 19 appearance
2087 430 26 21 of
2124 430 36 21 the
2177 430 137 27 assemblage
2331 439 28 14 on
2377 432 37 21 the
2430 440 38 13 oc-

1884 455 82 22 casion.
1995 455 28 22 In
2040 463 153 20 consequence
2202 456 26 21 of
2240 463 13 14 a
2263 456 82 28 trifling
2362 456 73 23 defect
2444 458 23 21 in

1885 481 36 21 the
1937 482 111 25 evidence,
2060 489 13 14 a
2093 482 83 22 verdict
2190 482 26 21 of
2227 486 40 17 not
2280 483 71 27 guilty
2368 490 43 15 was
2430 484 45 21 the-

1883 507 65 22 issue.
1985 508 57 21 Lord
2056 508 128 26 Cleveland,
2201 508 64 21 when
2282 509 130 26 challenged
2434 510 34 21 for

1884 533 33 22 his
1933 534 89 26 verdict,
2034 534 73 21 stated
2108 546 26 4 —
2158 538 38 17 not
2210 536 75 25 legally
2301 536 69 26 guilty
2387 543 27 14 on
2430 536 38 21 the

1884 559 86 22 honour
1985 560 26 21 of
2028 567 12 14 a
2133 572 29 4 —
2163 561 27 21 all
2204 560 37 22 the
2250 562 64 21 other
2326 562 64 21 Peers
2399 569 70 14 asser-

1884 586 66 21 vated
1960 586 91 21 without
2058 587 37 21 the
2105 587 58 21 word
2171 588 81 25 legally.
2282 588 26 21 In
2324 588 143 26 anticipation

1883 612 25 21 of
1920 619 14 14 a
1944 612 83 21 verdict
2041 613 25 20 of
2077 614 78 26 guilty,
2166 621 14 14 a
2357 614 26 21 of
2396 614 71 21 which

1884 638 72 22 would
1971 639 57 21 have
2044 639 58 21 been
2119 642 38 18 the
2174 640 113 21 forfeiture
2303 639 24 21 of
2345 640 36 20 the
2398 640 70 22 whole

1883 665 26 20 of
1925 664 34 22 bis
1976 668 104 24 property
2099 666 27 21 to'
2138 666 38 21 the
2192 673 80 18 crown,
2283 667 18 20 it
2310 667 18 20 is
2344 667 47 20 said
2407 666 61 21 Lord

1884 690 108 27 Cardigan
2008 696 22 16 at
2040 699 27 14 an
2079 698 97 20 expense
2192 693 26 21 of
2229 693 102 25 j£lo,ot>o,
2343 693 34 20 for
2394 696 71 23 stamp

1883 716 77 28 duties,
1979 717 47 26 &c,
2044 718 104 26 assigned
2162 719 33 21 his
2218 722 80 18 estates
2315 722 21 18 to
2359 717 110 23 Viscount

1883 743 94 26 Curzon,
1990 743 35 22 the
2036 743 71 23 eldest
2116 752 39 14 son
2166 745 25 21 of
2203 744 59 22 Lord
2281 745 76 21 Howe.
2387 745 31 21 As
2428 745 38 21 the

1882 769 57 21 deed
1958 777 42 14 was
2020 769 99 23 enrolled
2138 771 22 21 in
2187 771 42 21 due
2254 771 63 24 form,
2344 778 13 14 a
2381 771 84 21 similar

1883 802 96 20 expense
1988 796 42 21 will
2039 797 56 21 have
2104 800 22 18 to
2133 797 27 21 be
2167 797 103 21 incurred
2277 797 23 21 in
2308 798 161 26 re-conveying

1883 822 36 20 the
1931 825 101 24 property
2042 826 22 18 to
2076 823 59 21 Lord
2145 823 117 26 Cardigan.
2290 823 25 24 If.
2320 823 41 21 this
2373 823 26 21 he
2409 828 55 21 true,

1883 848 83 26 though
1977 849 118 26 acquitted,
2108 857 12 13 a
2131 849 79 26 degree
2226 850 26 20 of
2268 849 144 27 punishment
2427 849 41 22 baa

1882 874 104 22 attended
2003 875 34 21 his
2053 875 56 21 trial.
2137 875 48 21 The
2202 875 64 21 Press
2280 883 36 13 are
2333 882 69 20 angry
2414 876 53 21 with

1883 900 37 21 the
1931 900 74 26 result,
2017 901 44 21 and
2072 901 42 21 call
2124 901 17 21 it
2151 908 12 14 a
2180 901 62 21 sham
2260 901 56 21 trial.
2345 901 61 22 Lord
2414 901 54 22 Car-

1882 925 66 27 digan
1969 933 91 20 appears
2082 931 24 17 to
2129 927 56 21 have
2202 927 38 21 the
2260 927 73 27 happy
2352 934 73 20 power
2443 927 27 22 of

1882 952 92 27 causing
1992 953 92 21 himself
2094 957 22 18 to
2129 954 29 20 be
2174 960 54 20 very
2244 954 114 26 generally
2368 953 100 23 detested

1883 978 29 27 by
1922 978 33 22 his
1965 983 154 23 countrymen.

1910 1005 35 21 Sir
1956 1006 75 26 Astley
2042 1007 87 25 Cooper
2138 1006 55 21 died'
2198 1013 29 14 on
2238 1006 38 21 the
2284 1006 49 21 15th
2344 1005 121 28 February,

1882 1031 44 21 and
1937 1032 36 21 the
1982 1039 78 19 papers
2077 1033 89 21 contain
2184 1039 13 14 a
2211 1032 54 26 long
2281 1036 95 18 account
2392 1032 26 21 of
2430 1033 37 21 the

1882 1057 88 22 funeral
1980 1059 124 26 obsequies.

1910 1084 35 21 On
1952 1084 36 21 the
1996 1085 51 21 20th
2054 1085 120 27 February,
2182 1084 41 22 her
2231 1085 114 27 Majesty's
2352 1084 24 21 M
2386 1085 81 21 nisters

1882 1116 57 15 were
1959 1111 139 22 entertained
2115 1115 23 18 at
2156 1118 13 14 a
2192 1111 73 27 grand
2283 1111 79 22 dinner
2380 1116 23 17 at
2430 1111 37 21 the

1882 1137 104 21 Mansion
1998 1138 84 20 House.

1987 1190 220 22 AMERICAN
2237 1188 122 24 NEWS.

890 1179 123 16 MARRIED.

675 1205 28 17 On
715 1205 83 20 Tuesday
804 1206 41 19 last,
854 1210 24 13 on
887 1206 57 16 board
950 1206 31 17 the
990 1206 98 22 Transfer,
1097 1207 25 20 by
1128 1208 31 15 the
1168 1207 46 17 Rev.
1223 1207 22 16 R.

654 1225 56 21 Davy,
718 1226 76 20 Captain
803 1226 56 20 Read,
867 1227 22 16 of
897 1227 42 17 that
951 1227 65 20 vessel,
1024 1229 19 15 to
1054 1227 45 17 Miss
1111 1228 91 19 Absalom,
1208 1228 37 16 late

654 1246 21 16 .of
682 1246 77 20 Sydney.
769 1249 2 4 ■

49 138 28 29 by
86 134 71 24 which
168 132 39 25 the
217 136 96 20 masters
325 133 26 23 of
367 133 83 24 vessels
468 132 93 32 maybe
573 140 54 16 ren-

50 167 62 25 dered
129 165 112 25 confident
250 165 25 23 in
294 165 152 32 approaching
462 173 43 16 our
517 169 62 19 coast
597 172 31 16 on

50 202 33 23 the
101 202 104 21 entrance
223 202 23 18 to
266 197 57 24 Fort
348 198 134 23 Nicholson.
533 197 94 23 Letters

49 234 51 24 hare
111 230 110 31 appeared
231 230 84 28 before,
329 230 45 23 and
390 237 34 17 we
436 231 59 23 have
508 229 71 23 called
590 234 36 18 at-

49 265 80 25 tention
139 267 22 19 to
173 262 39 23 the
222 263 140 29 importance
374 263 25 23 of
407 263 38 23 the
457 263 89 31 subject
555 270 5 20 ;
581 262 45 23 and

50 303 21 19 at
80 303 40 17 one
131 296 53 22 time
195 301 33 16 we
238 294 46 23 had
294 294 76 32 hoped
388 295 50 23 that
457 294 40 25 the
510 294 115 23 Colonists

40 331 2 4 1
49 336 52 18 were
113 335 28 16 on
152 327 39 23 the
208 334 39 16 eve
264 327 25 23 of
304 327 96 31 causing
419 335 14 15 a
449 327 87 24 beacon
553 331 23 19 to
596 327 29 23 be

50 360 87 28 erected,
157 360 32 29 by
207 359 160 31 subscription.
408 360 48 23 But
473 359 73 24 under
562 367 63 16 some

50 394 91 25 delusive
153 392 50 23 idea
210 391 50 23 that
268 392 38 22 the
313 392 156 24 Government
478 391 75 25 would
559 392 67 22 incur

49 428 32 23 the
92 432 104 24 expense,
209 425 133 29 amounting
351 428 23 19 to
386 425 68 23 about
463 425 53 30 fifty
527 425 96 29 pounds,

50 461 31 23 the
101 457 150 30 subscription
268 456 40 24 list
327 465 47 15 was
391 457 45 23 laid
454 458 71 22 aside.
565 456 61 24 This

49 494 17 22 is
76 498 27 16 an
115 489 73 31 outlay
200 496 33 16 we
245 489 59 23 shall
322 489 57 24 have
396 494 23 19 to
439 491 73 26 incur,
525 488 44 24 and
586 489 40 23 the

49 531 73 17 sooner
134 522 37 23 the
182 520 63 25 work
255 522 21 23 is
288 521 71 24 taken
369 523 24 22 in
410 522 69 28 hand,
492 522 38 23 the
541 522 83 23 better.

50 558 21 23 It
79 558 19 21 is
115 554 54 31 folly
188 559 23 18 to
228 555 122 30 anticipate
362 562 44 23 any
418 555 157 30 co-operation
595 562 31 15 on

25 608 4 6 ,
49 590 32 23 the
97 592 50 27 part
164 586 27 23 of
212 587 97 30 Captain
329 587 118 24 Hobson's
458 587 166 24 Government.

38 629 3 3 •
50 621 44 25 The
109 619 99 24 blindest
224 627 84 23 among
325 627 28 15 us
372 625 62 19 must
450 620 59 24 have
529 619 95 23 become

49 651 113 27 convinced
174 659 37 16 ere
222 652 46 23 this
278 660 63 23 upon
352 652 49 23 that
407 652 66 23 head.
509 651 115 31 Welling-

50 692 33 19 ton
92 686 40 22 has
149 684 66 23 made
231 692 108 23 progress
355 689 24 19 at
396 684 73 24 which
487 691 69 24 many
566 684 59 24 have

50 716 111 33 expressed
172 716 59 24 their
242 717 172 24 astonishment.
445 717 110 31 Building
566 717 59 23 after

50 750 94 30 building
162 750 90 30 springs
275 757 31 23 up
325 757 26 16 as
371 750 20 23 if
412 750 30 31 by
459 750 76 31 magic
536 762 33 4 —
569 757 56 23 very

50 791 61 23 many
129 783 140 23 institutions
291 783 57 23 have
376 783 59 23 been
455 782 100 31 brought
576 783 48 23 into

49 816 113 32 operation,
174 814 66 24 while
252 815 78 24 others
339 823 39 16 are
389 817 25 22 in
429 816 39 23 the
480 823 108 24 progress
601 815 25 23 of

49 848 118 26 formation.
203 847 40 24 All
254 847 47 24 this
318 848 43 24 Has
377 849 125 30 proceeded
520 853 40 18 not
572 848 53 30 only

49 881 85 24 without
144 880 38 23 the
202 885 100 26 support,
315 881 43 23 but
374 882 20 22 if
408 889 34 16 we
460 889 42 15 can
515 881 111 29 interpret

49 915 32 23 the
92 914 103 29 meaning
207 913 25 23 of
246 918 48 18 acts
306 914 45 22 and
363 914 129 28 omissions,
499 913 73 22 under
584 913 39 22 the

50 948 185 28 discouragement
246 946 25 23 of
285 945 39 24 the
346 946 103 23 Colonial
469 946 157 23 Government

50 980 21 24 of
83 978 54 24 New
155 978 108 23 Zealand.
299 978 26 24 If
340 987 41 15 our
397 986 108 23 progress
523 978 19 23 is
560 982 24 19 to
596 978 28 23 be

48 1011 136 28 maintained,
206 1012 18 22 it
247 1015 63 19 must
337 1012 28 22 be
386 1013 33 29 by
435 1011 85 30 wholly
536 1010 90 31 relying

49 1052 52 23 upon
113 1051 40 16 our
170 1051 51 16 own
232 1044 112 30 strength.
380 1044 69 24 From
463 1044 39 23 the
519 1042 105 25 Govern-

48 1082 56 19 ment
120 1084 32 15 we
170 1076 57 24 have
247 1077 104 23 received
368 1084 30 16 no
416 1077 44 29 aid,
480 1077 58 23 from
555 1077 18 22 it
591 1084 33 16 we

49 1114 54 20 must
115 1112 38 20 not
165 1109 54 24 look
237 1109 35 23 for
291 1114 102 27 support.
429 1110 97 30 Having
542 1114 23 17 to
584 1110 41 22 de-

48 1142 53 33 pend
118 1142 94 30 entirely
230 1149 62 23 upon
317 1150 41 16 our
374 1150 50 16 own
442 1149 117 17 resources
582 1141 42 24 has

49 1177 50 22 been
116 1175 105 22 attended
238 1175 54 23 with
315 1176 73 30 heavy
407 1175 155 32 expenditure,
582 1175 44 23 but

49 1208 39 24 self
102 1208 96 22 reliance
216 1208 20 22 is
256 1208 39 23 the
311 1208 52 23 best
374 1213 48 26 stay
434 1209 36 23 for
489 1216 13 16 a
521 1215 103 15 commu-

48 1241 42 30 nity
99 1249 6 20 ;
123 1241 18 22 it
152 1240 79 23 makes
243 1242 117 28 energetic
377 1249 52 16 men
429 1254 33 4 —
464 1240 45 24 and
520 1248 33 15 we
565 1240 61 23 shall

48 1281 48 23 reap
113 1273 38 23 the
169 1273 60 30 good
243 1273 60 23 from
321 1274 39 22 the
377 1274 81 31 vigour
479 1275 19 22 it
522 1273 42 23 has
583 1273 41 23 de-

48 1306 86 31 veloped
144 1306 45 23 and
200 1310 62 19 must
273 1314 78 15 secure
363 1310 22 19 to
398 1307 38 23 the
448 1306 139 24 settlement.

76 1364 23 23 A
109 1363 66 24 letter
184 1363 42 24 has
238 1364 112 30 appeared
361 1365 23 22 in
403 1371 42 17 one
464 1364 26 23 of
512 1362 38 24 the
569 1362 55 25 Van

50 1395 110 27 Pieman's
183 1395 67 25 Land
267 1404 83 23 papers
367 1397 57 23 from
443 1397 40 23 the
501 1404 44 22 pen
563 1395 26 24 of
610 1404 16 15 a

50 1429 115 29 mechanic,
192 1429 50 23 who
271 1429 42 24 has
338 1430 58 23 been
425 1429 114 31 inveigled
565 1429 60 23 from

49 1462 110 29 Adelaide,
172 1462 74 23 South
262 1462 127 29 Australia,
400 1463 31 30 by
449 1462 40 24 the
507 1462 118 22 dishonest

51 1499 112 19 statement
174 1495 26 22 of
214 1502 14 15 a
238 1496 80 30 crimp,
337 1495 49 24 who
398 1503 45 16 was
454 1494 54 32 paid
519 1502 25 15 so
555 1494 70 23 much

50 1536 35 23 per
95 1527 54 23 head
156 1528 37 22 for
203 1528 31 22 all
244 1527 39 23 the
294 1536 95 23 persons
400 1529 50 23 who
462 1529 31 30 by
501 1526 124 24 interested

50 1561 110 30 deception
177 1561 28 22 he
228 1561 67 22 could
312 1561 82 24 induce
413 1566 22 19 to
452 1560 105 25 abandon
575 1560 50 23 that

49 1594 39 22 fine
101 1593 84 30 Colony
196 1594 24 22 in
236 1593 80 24 favour
334 1594 26 22 of
374 1594 70 31 being
462 1592 162 31 occasionally,

49 1626 64 23 under
134 1627 120 30 suspicion,
282 1627 60 23 dealt
370 1627 54 24 with
443 1635 26 15 as
492 1634 15 15 a
525 1627 98 22 convict.

49 1659 44 23 The
105 1658 72 31 object
188 1660 25 22 of
221 1659 39 23 the
268 1659 186 24 Vandemonians
465 1660 22 23 is
497 1658 70 31 plain,
581 1658 44 24 and

49 1691 107 24 doubtless
172 1692 163 32 praiseworthy
349 1702 6 19 ;
379 1694 19 22 it
417 1693 21 23 is
459 1692 31 31 by
508 1691 118 31 obtaining

49 1732 55 16 more
115 1724 78 24 labour
204 1724 55 24 than
271 1725 53 31 they
336 1733 42 16 can
396 1725 100 32 employ,
515 1728 23 19 to
555 1724 71 31 bring

50 1757 33 23 the
93 1765 72 23 wages
178 1757 25 23 of
222 1757 48 24 free
286 1766 54 16 men
359 1758 65 24 down
445 1763 25 19 to
493 1757 133 31 something

49 1798 48 15 near
108 1790 43 24 the.
163 1795 47 18 rate
226 1790 55 31 paid
297 1795 24 19 to
337 1793 101 22 convicts
438 1803 34 5 —
472 1790 86 25 rations
577 1790 47 23 and

50 1823 105 23 sufficient
161 1823 101 31 clothing
268 1828 23 19 to
299 1829 94 26 prevent
400 1823 61 25 them
468 1825 58 22 from
534 1822 91 33 perish-

49 1857 34 29 ing
94 1857 24 22 of
132 1856 57 23 cold.

81 1906 49 23 The
156 1907 112 23 beautiful
295 1907 60 23 little
377 1907 111 24 schooner
509 1906 60 23 built
592 1905 33 32 by

48 1938 89 24 Messrs.
163 1940 54 30 Hay
240 1940 45 23 and
304 1940 125 29 M'Hattie,
449 1940 26 23 of
501 1938 72 24 which
592 1947 34 14 we

49 1971 66 31 spoke
125 1980 13 14 a
149 1973 63 22 short
224 1973 56 23 time
288 1973 70 28 since,
371 1980 46 16 was
427 1973 73 30 safely
510 1971 116 23 launched

48 2005 111 31 yesterday
179 2006 115 30 morning.
342 2006 47 23 She
409 2013 47 16 was
480 2004 81 25 named
584 2004 52 27 the,

48 2037 86 23 Louisa.

77 2088 98 23 H.M.S.
188 2088 115 29 Favorite,
315 2088 54 23 with
385 2088 67 31 Lady
464 2087 111 25 Franklin
595 2095 31 15 on

47 2121 69 28 board,
134 2121 45 23 had
198 2121 89 23 arrived
309 2126 24 18 at
356 2121 91 24 Hobart
469 2120 73 25 Town
564 2120 62 23 from

48 2154 120 28 Auckland,
181 2154 57 24 after
249 2154 85 31 calling
344 2159 23 18 at
379 2154 101 31 Sydney.

80 2211 44 24 Mr.
144 2212 94 29 Levein,
257 2212 66 23 when
341 2212 54 24 here
412 2213 23 22 in
456 2211 38 24 the
513 2210 113 24 schooner

52 2243 111 24 Susannah
173 2244 60 30 Ann,
245 2244 81 32 kindly
342 2245 119 24 furnished
471 2252 28 16 us
517 2243 55 23 with
586 2243 40 24 the

50 2277 106 32 following
184 2278 145 23 information
356 2279 70 22 about
454 2278 38 23 the
523 2276 103 31 whaling

53 2311 94 23 stations.

80 2343 59 23 Such
161 2351 91 15 success
274 2344 25 22 in
320 2344 99 30 whaling
440 2344 43 22 has
505 2347 40 19 not
567 2342 59 23 been

51 2375 74 24 known
135 2377 36 22 for
182 2377 37 22 the
230 2377 45 23 last
287 2377 78 22 twelve
377 2384 73 23 years.
488 2376 43 23 Six
539 2375 86 23 whales

50 2415 50 17 were
109 2408 66 24 taken
188 2410 22 22 in
222 2417 43 15 one
277 2410 43 30 day
330 2414 23 18 at
365 2410 89 30 Kapiti.

78 2441 32 24 At
121 2442 81 25 Queen
214 2443 117 23 Charlotte
349 2443 86 29 Sound,
449 2450 30 24 up
496 2445 22 19 to
531 2441 38 23 the
582 2441 44 24 3rd

52 2474 54 31 July,
116 2475 86 23 Thorns
217 2476 45 22 had
275 2476 93 23 secured
377 2478 32 21 22
417 2481 53 17 tuns
482 2474 25 23 of
516 2474 39 23 oil.
590 2474 36 23 At

52 2506 114 25 Madiera's
177 2509 91 28 station,
284 2509 32 24 73
329 2509 45 23 had
388 2509 59 23 been
458 2507 78 25 taken.
572 2507 51 23 Mr.

52 2542 18 20 J.
81 2540 110 24 Williams
203 2541 44 24 had
265 2541 104 25 obtained
389 2544 31 22 33
438 2545 62 23 tuns,
511 2540 44 23 and
573 2540 50 23 Mr.

52 2573 50 23 Carr
113 2576 31 21 28
158 2579 61 19 tuns.

78 2605 31 24 At
127 2606 87 32 Cloudy
231 2607 59 31 Bay,
309 2615 61 16 same
389 2606 59 28 date,
468 2605 47 25 Mr.
535 2605 89 24 Thorns

51 2637 39 24 had
106 2639 56 24 tried
179 2645 39 18 out
236 2642 32 22 28
280 2645 62 19 tuns.
378 2641 38 23 On
428 2640 38 23 the
485 2639 59 23 20th
555 2639 69 28 June,

52 2672 27 22 45
91 2676 49 19 tuns
151 2672 44 23 had
205 2673 59 23 been
275 2672 78 25 taken.

80 2705 22 23 A
115 2706 72 22 vessel
199 2706 25 23 of
242 2707 69 22 about
322 2709 33 21 20
372 2710 51 20 tons
441 2706 42 23 has
499 2704 50 31 just
565 2704 59 23 been

52 2736 89 25 finished
158 2743 23 18 at
199 2739 82 25 Queen
294 2739 115 24 Charlotte
424 2737 86 29 Sound,
523 2737 45 24 and
580 2737 46 23 will

52 2769 78 32 shortly
141 2772 28 23 be
179 2771 120 24 launched.
335 2772 51 23 The
395 2772 110 23 schooner
514 2769 112 32 Surprise

52 2801 39 25 had
109 2804 86 23 arrived
214 2809 24 18 at
252 2805 137 31 Wanganui.
432 2805 25 23 It
476 2805 20 22 is
515 2803 111 31 expected

52 2834 43 25 that
115 2836 36 24 the
170 2835 66 25 Sand
250 2838 54 29 Fly,
323 2837 73 24 which
414 2838 61 23 sunk
494 2841 22 18 at
534 2836 90 31 Kapiti,

52 2868 40 24 will
100 2869 26 23 be
137 2874 39 26 got
186 2878 30 24 up
228 2871 25 23 in
264 2879 14 14 a
288 2871 44 23 few
344 2871 63 30 days.

81 2923 27 25 In
118 2925 37 24 the
166 2926 94 24 London
273 2926 96 24 Gazette
380 2926 26 25 of
423 2927 57 24 19th
496 2926 128 31 February,

52 2956 85 26 Charles
149 2959 121 31 Waybrow
287 2960 72 31 Ligar
370 2960 19 24 is
407 2959 107 32 gazetted
525 2967 25 15 as
565 2959 61 23 Sur-

53 2991 172 29 veyor-General
243 2993 26 23 of
288 2993 39 23 the
344 2993 86 31 Colony
449 2994 25 23 of
490 2992 58 23 New
565 2992 61 23 Zea-

51 3022 55 25 land.
139 3024 50 24 The
200 3026 166 30 appointments
379 3026 26 24 of
424 3026 49 24 Mr.
496 3025 87 30 Cooper
600 3033 26 15 as

54 3054 93 27 Colonial
158 3058 132 28 Treasurer,
304 3059 45 22 and
360 3059 22 23 of
400 3059 48 22 Mr.
462 3057 122 25 Shortland
601 3066 25 14 as

54 3087 92 26 Colonial
159 3092 126 29 Secretary,
299 3090 56 23 have
365 3092 59 22 been
435 3090 131 24 confirmed.

81 3138 45 25 The
137 3141 115 31 following
269 3149 39 15 are
319 3140 38 24 the
374 3142 75 30 prices
466 3140 106 24 obtained
589 3140 37 23 for

54 3170 32 23 the
97 3173 70 29 cattle,
181 3182 28 15 ex
225 3173 85 32 Eagle,
326 3174 59 24 from
403 3174 154 27 Launceston,
576 3173 50 23 sold

52 3202 26 31 by
89 3207 85 22 auction
190 3207 31 31 by
233 3207 98 23 Messrs.
344 3207 105 24 Bethune
461 3207 45 24 and
523 3206 101 28 Hunter,

53 3243 25 16 on
88 3238 34 23 the
135 3240 55 23 13th
200 3241 88 22 instant
295 3248 6 15 :
304 3252 33 4 —
339 3242 11 21 1
363 3240 73 24 heifer
447 3241 55 23 £12
511 3248 6 19 ;
539 3241 14 21 8
566 3247 60 15 cows

53 3269 48 25 £14
118 3273 49 23 10s.
185 3277 22 18 to
225 3273 54 24 £26
289 3282 6 19 ;
315 3275 32 22 20
358 3273 49 31 pair
418 3272 106 25 bullocks
535 3273 54 22 £30
603 3276 23 19 to

54 3302 16 23 £
72 3304 27 23 35
108 3313 6 19 ;
134 3307 12 21 1
165 3313 77 23 young
258 3306 50 23 bull
318 3306 63 24 £10.
417 3308 48 22 150
480 3305 103 29 wethers,
597 3313 29 15 ex

55 3334 55 28 Gem,
127 3337 57 24 from
202 3339 58 23 Port
277 3339 95 31 Phillip,
384 3346 59 16 were
462 3337 50 25 sold
530 3338 48 23 also
596 3338 30 30 by

54 3365 87 29 Messrs.
161 3371 105 24 Bethune
289 3372 45 23 and
357 3372 100 28 Hunter,
478 3379 29 15 on
524 3370 39 24 the
584 3370 43 26 7th

53 3398 82 33 instant,
148 3408 23 19 at
182 3406 52 21 245.
248 3410 22 18 to
283 3407 53 22 265.
349 3404 65 25 each.

656 1291 28 21 To
695 1291 35 21 the
735 1291 79 21 Editor
822 1291 28 25 of
859 1293 34 19 the
930 1293 53 20 New
997 1293 95 20 Zealand
1102 1293 89 21 Gazette
1200 1293 44 21 and

810 1319 126 26 Wellington

674 1344 42 19 Sib,
718 1352 21 5 —
739 1344 9 17 I
760 1345 35 19 beg
802 1346 19 15 to
827 1345 50 17 hand
885 1350 36 16 you
932 1350 12 12 a
951 1346 96 16 document
1053 1346 64 19 signed
1129 1347 24 19 by
1160 1345 31 18 the
1202 1347 43 20 Cap-

652 1364 40 17 tain
705 1365 36 16 and
755 1366 116 19 Super-cargo
885 1366 21 16 of
920 1366 31 16 tho
965 1367 87 16 schooner
1068 1366 93 20 Minerva,
1178 1368 68 21 setting

652 1385 49 17 forth
711 1386 30 15 the
751 1385 37 17 loss
800 1386 94 16 sustained
904 1387 24 19 by
936 1387 51 16 them
996 1387 20 16 in
1027 1391 124 16 consequence
1165 1388 20 16 of
1195 1388 50 16 there

653 1408 32 14 not
691 1406 54 19 being
751 1410 36 17 any
798 1407 65 16 beacon
873 1408 17 15 to
902 1407 56 16 direct
970 1408 51 16 them
1033 1409 17 15 to
1061 1408 38 16 thii
1112 1408 48 16 Port.
1183 1408 63 21 Surely

653 1426 30 16 the
692 1427 112 16 inhabitants
811 1431 19 12 or
837 1427 31 17 the
880 1427 45 16 New
936 1427 80 17 Zealand
1027 1428 91 21 Company
1125 1429 38 15 will
1173 1433 29 12 see
1213 1429 32 16 the

653 1447 60 16 actual
720 1447 96 20 necessity,
823 1447 17 16 if
850 1448 43 20 they
903 1448 47 16 have
958 1453 35 16 any
1000 1449 64 20 regard
1074 1449 27 16 for
1108 1448 31 17 th«
1146 1449 99 21 prosperity

652 1467 21 16 of
684 1467 37 17 this
737 1468 110 18 settlement,
861 1469 20 15 of
893 1468 81 21 speedily
987 1469 73 20 placing
1074 1473 48 13 tome
1140 1472 104 17 prominent

652 1488 70 17 feature
729 1491 19 13 as
760 1492 11 12 a
777 1488 44 17 land
828 1489 57 19 mark,
893 1489 19 16 to
920 1489 57 16 direct
986 1491 73 19 strange
1066 1489 50 21 ships
1123 1490 82 21 entering
1213 1490 32 17 the

653 1508 89 17 Harbour.

1006 1529 65 18 Your'f
1078 1530 122 22 respectfully,

674 1549 115 20 Wellington,
797 1550 43 21 July
847 1550 14 20 3,
873 1550 47 17 1841.
1169 1551 19 17 J.
1199 1551 24 18 H.

1391 387 67 22 VAN
1472 388 151 21 DIEMAN'S
1639 388 93 21 LAND.

1297 414 40 19 We
1346 414 70 20 would
1425 416 102 25 seriously
1536 418 88 22 suggest
1637 418 22 17 to
1677 416 36 18 the
1731 416 124 19 authorities

1271 442 21 18 at
1308 441 52 20 New
1378 441 99 25 Zealand,
1494 442 36 20 the
1546 442 108 26 propriety
1670 442 24 19 of
1712 441 90 26 altering
1820 442 35 21 the

1271 468 69 20 native
1351 475 70 14 names
1431 468 25 20 of
1464 470 35 19 the
1510 469 95 20 different
1620 470 59 24 ports
1693 468 42 21 and
1751 469 104 20 localities

1271 494 21 20 in
1310 496 47 19 that
1371 495 90 26 Colony,
1480 502 23 13 so
1520 503 23 13 as
1560 496 23 19 to
1599 495 46 25 give
1657 495 56 20 them
1729 501 57 14 some
1800 494 55 22 little

1271 522 137 20 assimilation
1427 525 22 17 to
1470 523 81 20 British,
1569 522 87 20 sounds.
1692 522 65 20 What
1775 522 80 25 perfect

1271 548 53 26 folly
1332 551 23 17 to
1370 549 51 20 hear
1435 556 27 13 an
1478 550 89 25 English
1584 548 81 26 Colony
1674 549 52 20 with
1741 550 50 19 such
1807 552 47 17 out-

1271 575 83 20 landish
1373 582 71 13 names
1463 583 24 13 as
1506 576 42 20 Kai
1565 576 78 19 Warra-
1656 576 80 21 Warra,
1757 576 96 23 Torirua,

1273 602 56 20 Kino
1350 602 74 25 Poura,
1445 602 88 25 Pukina,
1555 602 91 25 Parirua,
1666 602 112 23 Taranaki,
1799 603 56 20 Parri

1273 629 65 24 Parri,
1349 630 46 19 -and
1411 630 128 20 numberless
1555 630 61 20 other
1632 633 52 16 such
1701 630 154 25 unintelligible

1272 658 71 18 terms.
1372 656 22 19 It
1403 657 18 20 is
1431 660 38 17 out
1480 657 25 20 of
1512 658 36 19 the
1560 657 96 25 question
1664 659 21 17 to
1697 659 74 23 expect
1781 663 11 13 a
1804 662 51 20 poor

1273 689 47 14 man
1331 685 22 18 to
1361 689 123 20 pronounce
1493 684 58 20 them
1559 691 5 17 ;
1580 683 48 24 and,
1638 684 90 19 without
1738 689 49 19 very
1797 687 58 21 great

1272 710 91 24 caution,
1374 710 39 20 but
1421 711 40 19 few
1470 712 75 25 people
1554 710 42 21 will
1614 710 24 20 be
1655 710 45 20 able
1719 713 20 17 to
1757 710 98 20 recollect

1272 737 36 19 the
1323 743 61 13 name
1400 738 25 19 of
1440 738 35 19 the
1491 738 61 25 place
1567 737 68 20 where
1652 738 49 24 they
1718 737 74 20 reside.
1821 737 33 20 An

1271 764 119 19 immediate
1404 764 77 20 reform
1495 765 18 19 is
1524 771 50 18 very
1583 764 108 23 desirable,
1702 764 40 24 for,
1754 764 22 19 in
1790 771 12 12 a
1815 764 40 19 few

1272 796 66 20 years,
1362 791 59 19 these
1445 797 70 14 names
1545 791 41 20 will
1612 791 86 20 become
1726 797 12 13 a
1766 791 88 25 positive

1272 818 106 19 nuisance.
1407 818 52 19 New
1477 818 90 20 Zealand
1578 824 38 13 can
1632 824 62 13 never
1704 824 56 13 seem
1776 818 42 19 like
1826 824 28 13 an

1272 844 87 25 English
1380 844 82 26 Colony
1480 846 51 19 with
1550 845 52 20 such
1618 845 113 20 barbarous
1750 845 105 25 sounding

1272 870 68 25 places
1348 874 33 17 \—
1383 872 83 20 Hobart
1478 873 62 19 Town
1549 872 128 19 Advertiser.

1348 898 52 19 have
1411 899 94 20 received
1514 900 36 19 the
1569 898 49 19 Port
1634 898 77 26 Phillip
1723 898 94 25 journals
1830 903 24 15 to

1272 924 35 20 the
1317 925 37 19 sth
1364 925 59 25 May,
1434 926 55 19 their
1499 927 97 18 contents
1607 931 33 13 are
1651 926 160 25 uninteresting,
1819 932 34 13 ex-

1273 954 47 24 cept
1336 958 22 13 as
1369 954 22 17 to
1404 953 35 19 the
1456 953 77 25 feeling
1550 952 117 26 respecting
1683 953 36 19 the
1735 954 67 24 newly
1812 953 42 19 dis-

1272 979 86 20 covered
1376 981 89 25 country
1482 980 24 19 of
1523 979 86 26 Gipps's
1628 979 66 20 Land.
1724 980 44 19 The
1785 980 69 19 mania

1271 1006 37 19 has
1317 1007 132 19 commenced
1457 1007 34 20 for
1497 1007 35 20 the
1543 1011 45 15 new
1599 1006 26 19 El
1635 1006 92 20 Dorado.
1758 1006 84 20 Hurrah
1848 1009 5 17 !

1271 1033 33 20 for
1315 1033 78 20 Cornet
1405 1034 63 24 Inlet,
1481 1034 103 22 Paradise,
1596 1034 40 19 and
1647 1033 34 20 the
1692 1033 78 26 special
1779 1039 75 20 survey

1272 1062 85 23 system,
1375 1060 18 20 is
1414 1067 47 14 now
1479 1061 35 20 the
1534 1066 45 19 cry.
1609 1060 83 21 Several
1711 1061 76 19 vessels
1801 1067 53 14 were

1271 1087 43 20 laid
1336 1093 28 14 on
1386 1090 24 17 at
1433 1088 125 20 Melbourne
1579 1087 33 19 for
1632 1087 79 20 Cornet
1731 1087 62 24 Inlet,
1813 1088 41 19 and

1272 1114 100 25 although
1386 1114 19 21 it
1414 1115 18 19 is
1442 1115 39 20 but
1490 1121 13 14 a
1511 1115 40 20 few
1560 1115 65 19 hours
1634 1114 45 24 sail,
1691 1115 36 18 the
1736 1115 75 25 charge
1821 1115 33 20 for

1271 1147 13 13 a
1293 1141 60 20 cabin
1369 1141 18 20 is
1401 1140 57 23 ,£lO.
1489 1141 20 20 It
1525 1142 20 19 is
1562 1141 45 20 said
1624 1142 34 19 the
1675 1147 47 14 new
1739 1148 52 18 go-a
1802 1142 53 19 head

1271 1168 103 26 principle
1383 1168 33 20 for
1433 1169 42 19 this
1493 1171 97 23 country,
1605 1169 42 18 will
1661 1168 117 26 materially
1794 1169 61 19 affect

1271 1195 37 20 the
1322 1195 60 20 value
1398 1195 25 20 of
1435 1200 98 22 property
1545 1197 22 18 at
1584 1195 49 20 Port
1652 1195 82 25 Phillip.
1766 1195 88 21 Persons

1272 1223 119 25 possessing
1407 1223 59 19 stock
1484 1223 40 19 and
1540 1228 50 14 runs
1601 1222 72 20 within
1684 1228 12 14 a
1709 1222 39 20 few
1759 1223 59 19 miles
1832 1223 24 20 of

1273 1249 124 20 Melbourne
1413 1249 42 20 and
1471 1249 100 25 Geelong,
1588 1255 35 13 are
1640 1249 91 25 actually
1747 1250 108 25 removing

1272 1279 22 17 to
1315 1276 73 26 Gipps'
1410 1277 56 19 land.
1496 1277 45 19 The
1560 1276 98 20 overland
1681 1279 99 17 accounts
1800 1277 55 19 from

1273 1302 82 27 Sydney
1372 1303 41 20 had
1430 1304 52 20 been
1499 1303 94 20 received
1609 1305 21 17 at
1649 1303 92 19 Melboui
1747 1310 26 13 ne
1786 1306 23 17 to
1819 1304 35 20 the

1272 1331 41 19 end
1322 1330 25 20 of
1353 1330 69 26 April,
1433 1331 42 19 and
1491 1331 35 19 the
1541 1329 61 21 times
1615 1336 52 14 were
1685 1331 133 24 represented
1832 1338 23 13 as

1271 1363 58 14 more
1345 1357 120 21 favourable
1482 1358 23 19 in
1521 1359 38 19 the
1599 1360 57 22 great
1809 1357 46 21 The

1271 1390 77 20 money
1367 1385 81 20 market
1469 1391 41 13 was
1533 1385 112 25 becoming
1666 1390 57 19 easy.
1761 1385 95 20 Another

1271 1413 96 22 steamer,
1378 1412 36 20 the
1433 1413 85 23 Thistle,
1529 1411 43 20 and
1581 1418 13 12 a
1602 1411 66 20 vessel
1683 1412 55 19 from
1750 1412 104 25 England,

1271 1439 51 19 with
1338 1438 139 27 immigrants,
1490 1439 42 20 had
1548 1438 81 20 arrived
1645 1441 21 16 at
1682 1439 91 25 Sydney.
1802 1439 54 19 How

1271 1467 47 19 true
1327 1466 19 19 it
1354 1467 20 19 is
1385 1466 45 20 that
1440 1467 57 23 cash,
1507 1465 73 27 goods,
1589 1465 41 20 and
1640 1465 76 20 indeed
1726 1472 62 19 every
1795 1467 61 24 thing

1272 1493 42 19 else
1324 1493 22 19 in
1355 1499 47 13 new
1412 1494 106 19 countries
1534 1493 33 19 far
1583 1493 97 19 removed
1695 1493 56 19 from
1768 1493 35 19 the
1820 1494 36 19 old

1271 1519 72 24 world,
1353 1526 35 14 are
1398 1522 21 18 at
1430 1526 40 14 one
1480 1521 50 19 time
1541 1519 169 26 superabundant
1719 1527 4 16 ;
1738 1522 23 18 at
1768 1521 88 19 another

1271 1547 80 26 period,
1362 1547 36 19 the
1414 1553 89 14 reverse.
1534 1547 21 20 It
1570 1547 18 19 is
1600 1546 65 20 either
1680 1553 14 13 a
1803 1554 24 13 or
1832 1551 24 17 'a

1384 1574 41 20 and
1440 1580 62 19 every
1512 1575 59 25 day's
1581 1574 121 25 experience
1713 1580 74 20 proves
1800 1577 56 17 most

1271 1601 77 25 clearly
1357 1601 36 19 the
1404 1601 59 20 truth
1472 1602 24 19 of
1503 1602 43 19 this
1555 1601 76 19 axiom.
1632 1611 27 4 —
1659 1601 56 20 Ibid.
