2550 4039
81 87 2401 147 THE

81 234 379 71 NEW
586 234 885 71 ZEALAND
1597 234 885 71 GAZETTE

81 305 2401 71 AND

81 376 961 71 WELLINGTON
1138 376 288 71 AND
1522 376 960 71 SPECTATOR.

604 483 220 45 PUBLISHED
868 489 137 43 EVERY.
1047 489 256 40 WEDNESDAY
1347 490 88 39 AND
1481 492 225 39 SATURDAY
1751 491 206 41 MORNING.

666 607 114 31 PORT
800 607 261 39 NICHOLSON,
1083 607 224 35 SATURDAY
1328 609 213 38 MORNING,
1560 612 126 31 APRIL
1709 616 50 32 15,
1785 616 90 28 1843.

114 609 65 31 No.
201 605 91 44 237.]

2270 614 92 43 [Vol.
2384 619 53 31 IV.

181 703 54 20 For
248 702 164 25 Valparaiso
428 702 95 23 direct,

71 737 95 28 syZjLa
221 739 94 26 npHE
338 738 47 22 fine
410 737 135 27 fast-sailing
563 737 83 28 barque

94 762 97 32 JKjL
228 757 30 31 X
376 765 167 26 NAVARINO,

233 792 25 22 C.
268 793 30 22 A.
308 791 117 28 Warming
437 791 154 27 commander,
603 791 43 23 will

233 819 41 23 sail
292 819 36 22 for
348 817 131 30 Valparaiso
501 826 30 14 on
556 818 91 28 Sunday

60 842 154 32 «BL*fiMf
232 850 62 23 next,
306 845 39 23 the
355 845 38 23 9th
409 845 71 28 April.
509 845 55 23 This
576 846 71 22 vessel

233 873 42 23 has
291 880 101 21 superior
406 872 193 22 accommodation
615 873 32 21 for

61 901 69 23 cabin
146 901 46 23 and
211 903 100 23 steerage
329 906 138 21 passengers,
487 899 46 23 and
552 899 64 22 offers
634 907 13 14 a

59 928 59 27 good
133 927 142 30 opportunity
284 927 34 22 for
332 934 93 20 persons
440 927 92 26 visiting
541 926 37 22 the
590 927 57 21 Con-

59 955 73 22 tinent
141 955 24 22 of
173 955 69 22 South
252 953 114 27 America,
376 953 43 22 and
430 953 45 22 also
484 953 81 28 parties
578 953 66 22 wish-

59 982 40 25 ing
114 989 13 15 a
143 981 66 28 quick
220 981 43 28 trip
279 984 24 18 to
319 979 112 26 England.
460 980 45 22 For
518 987 129 22 passengers

59 1002 62 33 only,
132 1009 67 27 apply
209 1012 23 18 to
242 1007 96 28 Captain
352 1007 113 27 Warming
473 1014 28 15 on
510 1007 76 27 board,
595 1014 25 15 or
625 1011 22 19 to

376 1041 82 22 Waitt
474 1040 46 23 and
534 1041 85 22 T*ser.
646 1059 2 2 .

60 1067 145 27 Wellington,
217 1068 65 26 April
291 1069 21 24 4,
324 1069 62 21 1843.

167 1120 113 26 Storage
297 1125 30 14 or
342 1119 76 21 Store
434 1120 28 20 to
480 1120 59 20 Let.

61 1153 91 50 MR.
167 1152 85 22 JOHN
268 1153 95 22 WADE
378 1160 41 15 can
434 1153 55 21 offer
508 1153 92 28 Storage
614 1153 33 23 for

152 1187 45 19 any
204 1179 102 28 quantity
316 1179 26 22 of
350 1179 83 27 Goods,
441 1187 29 14 on
479 1177 80 25 liberal
567 1183 79 24 terms;

61 1214 24 16 or
92 1207 30 22 he
132 1206 44 22 will
186 1207 29 21 be
226 1206 103 27 disposed
340 1210 24 18 to
372 1207 33 21 let
413 1214 14 14 a
437 1207 71 26 Stoic,
520 1206 72 22 which
604 1207 43 22 will

59 1233 54 23 hold
122 1235 42 21 600
172 1237 51 19 tons
233 1233 26 22 of
272 1233 83 28 Goods,
367 1237 23 18 to
406 1241 45 20 any
459 1238 67 23 party
534 1233 113 28 requiring

59 1261 37 21 the
107 1268 67 14 same.

86 1292 31 23 Te
127 1293 54 25 Aro,
193 1292 82 23 March
284 1294 35 25 22,
331 1294 62 21 1843.

245 1343 94 21 House
355 1344 30 20 to
400 1343 58 21 Let.

61 1378 50 48 A
140 1377 88 21 GOOD
248 1376 132 22 substantial
399 1376 75 26 house,
490 1376 53 22 with
556 1376 91 22 kitchen

139 1403 43 22 and
192 1403 136 27 out-houses,
340 1407 23 18 to
374 1404 32 21 let
414 1404 24 21 in
454 1404 193 22 Manners-street.

61 1431 44 21 For
118 1430 138 28 particulars,
267 1430 67 28 apply
345 1434 23 18 to
381 1431 44 21 Mr.
435 1430 121 22 Brewer's
568 1430 79 23 Office.

284 1481 54 21 For
352 1481 69 20 Sale.

62 1515 93 49 THE
174 1514 108 23 CARGO
298 1515 40 21 OF
352 1515 104 22 MAIZE
470 1522 40 19 per
523 1516 69 20 Ariel.

435 1542 76 22 Levin
526 1542 44 22 and
581 1543 39 22 Co.

87 1569 103 26 January
199 1568 34 27 27,
245 1569 61 21 1843.
317 1572 5 6 '

233 1614 77 21 Land
324 1615 32 20 at
369 1614 105 21 Karori.

63 1648 65 48 TO
143 1647 39 23 BE
197 1647 87 27 SOLD,
301 1651 44 18 two
363 1648 13 21 5
396 1655 49 14 acre
459 1647 134 28 allotments,
614 1651 33 19 to-

135 1674 77 27 gether
222 1682 24 14 or
261 1679 107 22 separate,
381 1682 28 14 on
425 1674 87 22 Yule's
522 1675 87 22 Section
625 1679 22 17 at

63 1701 90 28 Karori;
172 1701 24 22 in
214 1709 43 14 one
276 1701 124 28 allotment,
421 1701 37 22 the
477 1701 71 23 whole
568 1702 27 22 of
611 1701 36 23 the

61 1728 90 22 inferior
159 1728 81 22 timber
248 1728 46 22 and
304 1728 132 22 brushwood
447 1729 20 21 is
482 1733 38 17 cut
527 1737 6 19 ;
548 1726 41 25 has
604 1731 43 20 two

61 1755 56 26 good
131 1760 93 18 streams
240 1755 98 28 running
353 1755 103 28 through,
468 1755 46 22 and
531 1756 18 21 is
564 1763 29 15 an
609 1762 38 16 ex-

63 1782 79 22 cellent
158 1782 103 22 situation
280 1782 35 22 for
333 1790 46 21 any
397 1790 80 20 person
502 1782 100 22 desirous
625 1783 22 21 of

61 1809 99 28 building
169 1809 23 22 in
203 1809 48 22 that
259 1809 193 27 neighbourhood.
482 1809 77 28 Apply
569 1814 23 18 to

162 1851 7 12 r
279 1843 27 22 R.
322 1843 83 27 Davis,
421 1843 89 22 Aurora
523 1842 95 23 Tavern.

284 1889 55 20 For
353 1889 70 23 Sale,

65 1922 87 49 THE
166 1922 145 23 COTTAGE
326 1922 95 22 situated
432 1922 24 22 in
473 1922 100 22 Oriental
590 1922 55 27 Bay,

134 1949 44 22 and
193 1949 68 29 lately
270 1949 108 28 occupied
393 1950 30 25 by
433 1949 37 22 the
487 1948 159 26 undersigned.

63 1976 20 18 A
97 1975 51 25 long
163 1974 62 21 lease
243 1975 26 20 of
285 1974 38 21 the
338 1975 85 20 section
438 1981 58 21 upon
517 1973 72 22 which
608 1973 38 22 the

61 1999 66 22 house
138 2000 74 21 stands
223 2000 43 22 will
276 2000 27 21 be
313 2000 103 27 granted.

86 2027 71 21 Town
164 2027 55 20 land
228 2027 44 21 will
280 2027 28 21 be
319 2027 68 20 taken
396 2027 23 21 in
429 2027 122 27 exchange.

87 2054 43 21 For
139 2053 84 22 further
230 2053 137 27 particulars,
379 2053 67 27 apply
455 2056 23 19 to

382 2084 96 22 George
493 2085 88 27 Duppa,
597 2092 24 15 or

381 2111 36 22 W.
433 2111 28 22 V.
477 2112 101 21 Brewer

63 2158 66 48 TO
148 2157 38 22 BE
207 2157 87 25 SOLD,
309 2157 23 21 in
348 2157 43 21 lots
406 2160 22 18 to
449 2157 45 21 suit
510 2157 137 27 purchasers

127 2184 37 22 the
179 2183 71 22 whole
268 2184 26 21 of
304 2187 60 19 town
380 2192 50 14 acre
446 2184 45 22 No.
503 2186 45 24 134,
566 2191 28 15 on
610 2183 37 22 the

61 2211 51 28 plan
124 2211 136 22 oftheTown
268 2211 25 21 of
297 2210 142 28 Wellington,
446 2211 84 26 having
535 2211 112 28 frontages

62 2242 21 18 to
92 2237 190 24 Taranaki-street
292 2237 45 22 and
348 2239 195 26 Ingestrie-street.
571 2239 76 22 Terms

59 2265 85 22 liberal.
172 2265 76 28 Apply
258 2268 23 18 to

397 2292 36 22 W.
445 2292 28 21 V.
485 2292 107 28 Brewer,

455 2319 192 24 Manners-street.

252 2365 27 20 J.
294 2364 38 21 M.
348 2364 108 26 Taylor,

77 2399 150 25 LICENSED
252 2398 241 23 CUSTOM-HOUSE
517 2399 115 28 AGENT,

308 2432 28 15 TE
352 2432 51 14 ARO.

63 2472 87 49 FOR
164 2472 84 26 SALE,
265 2478 29 15 ex
305 2472 118 26 Margaret,
435 2471 49 27 &c,

133 2500 27 20 25
172 2499 80 22 tierces
263 2498 57 28 beef,

88 2526 14 21 3
115 2528 50 19 tons
176 2525 94 22 colonial
280 2525 51 29 hay,
347 2546 3 5 ,

88 2554 13 20 3
115 2555 49 19 tons
174 2553 60 21 Siam
245 2559 72 21 sugar,

87 2581 28 20 30
128 2579 83 22 barrels
220 2579 86 22 bottled
314 2579 49 27 ale,-

87 2607 28 21 50
128 2606 67 22 boxes
205 2609 43 25 tea,

87 2634 27 21 50
127 2633 39 22 ash
176 2641 57 18 oars,

87 2661 27 20 30
127 2663 48 18 tons
185 2660 66 27 coals,

89 2686 58 28 Port,
159 2687 84 27 sherry,
252 2687 46 22 and
308 2688 106 22 Madeira
428 2688 24 22 in
460 2686 78 28 bottle,
549 2687 97 23 Ruther-

63 2712 48 23 ford
120 2714 45 22 and
174 2714 98 28 Drury's
281 2715 79 27 brand,
374 2718 3 7 '

89 2740 99 28 Liquers,
199 2741 25 21 in
234 2741 72 22 dozen
317 2749 69 19 cases,
550 2760 5 8 ,

88 2766 149 29 Champagne,

87 2794 98 28 Brandy,
195 2800 56 21 rum,
263 2794 45 22 and
316 2795 39 27 gin
365 2795 25 21 in
399 2794 74 28 hhds.,

86 2822 27 20 30
127 2825 51 17 tons
187 2821 49 21 best
245 2821 91 27 Sydney
345 2821 64 27 flour,
472 2838 3 3 ■

86 2848 28 21 50
126 2851 51 19 tons
186 2847 88 23 Chilian
283 2848 63 27 flour;
359 2855 29 15 ex
398 2849 105 26 Cheerful.

374 2882 83 23 Waitt
472 2883 49 22 and
531 2884 85 22 Tyber.

224 2928 89 22 Beach
330 2929 147 27 Frontage.

61 2961 64 48 TO
140 2962 38 22 BE
193 2962 65 28 LET,
273 2962 72 22 beach
355 2963 101 26 frontage
471 2963 50 22 lots.
525 2963 23 22 in
559 2966 85 20 section

130 2990 41 21 490
181 2996 29 15 on
226 2989 38 22 the
274 2989 56 22 Plan
341 2990 27 21 of
375 2989 38 22 the
422 2990 68 22 Town
490 2992 3 7 1
505 2991 26 21 of
537 2990 107 28 Welling-

58 3017 45 24 ton,
113 3016 115 27 adjoining
239 3016 42 22 Mr.
290 3016 89 23 Taine's
388 3020 67 24 store;
471 3017 45 22 and
525 3018 23 21 in
559 3018 83 22 section

58 3043 45 26 616,
111 3043 101 22 between
219 3043 75 27 Major
302 3043 93 23 Baker's
404 3044 44 22 and
456 3044 45 23 Mr.
510 3044 133 23 Swainson's

58 3066 86 25 houses.

83 3095 56 22 Also
148 3095 38 22 the
193 3095 115 28 following
318 3096 96 23 sections
425 3104 29 15 on
463 3097 38 22 the
508 3098 56 23 Plan
573 3098 26 23 of
605 3098 37 23 the

57 3120 77 29 Town,
143 3122 46 21 viz:
190 3133 32 5 —

158 3149 27 21 55
321 3150 45 20 319
512 3152 41 21 922

145 3176 41 22 240
322 3175 42 22 718
499 3178 54 21 1079

82 3201 76 30 Apßly
171 3204 23 20 to

230 3230 28 22 E.
273 3230 23 21 J.
310 3230 151 27 Wakefield,
478 3237 26 15 or

229 3256 36 21 W.
280 3256 30 22 V.
324 3256 109 27 Brewer,
449 3257 191 23 Manners-street.

284 3302 41 21 On
340 3302 71 25 Sale,

59 3333 89 35 rpHE
176 3334 75 23 NEW
273 3333 153 26 ZEALAND
455 3336 185 27 PORTFOLIO,

66 3358 27 24 X
129 3361 126 23 conducted
272 3363 31 27 by
321 3363 32 22 H.
371 3363 22 22 S.
412 3364 122 26 Chapman,
555 3363 37 27 (of
604 3363 36 22 the

60 3385 82 25 Middle
148 3389 111 28 Temple,)
270 3389 215 23 Barrister-af-Law.

84 3413 43 23 No;
139 3415 47 23 I.—
186 3416 23 21 A
225 3416 76 23 Letter
315 3420 24 18 to
358 3417 38 22 the
413 3417 70 27 Right
499 3417 63 22 Hon.
580 3417 60 22 Lord

60 3439 93 30 Stanley,
171 3443 118 28 Secretary
308 3444 27 21 of
351 3444 61 22 State
430 3444 36 22 for
483 3444 39 22 the
541 3444 100 23 Colonial

60 3466 149 29 Department,
242 3470 36 21 On
285 3470 38 22 the
329 3470 189 23 Administration
524 3471 26 22 of
553 3471 87 23 Justice

59 3498 22 16 m
91 3495 53 22 New

85 3519 42 25 No.
140 3522 61 22 ll.—
202 3523 78 22 Letter
294 3526 23 19 to
332 3523 61 23 Joßn
408 3524 70 24 Abel.
482 3524 80 28 Smith,
578 3525 60 28 Esq.,

60 3547 68 28 M.P.,,
137 3549 14 10 «•
157 3550 35 22 On
202 3550 38 22 the
247 3550 146 27 Advantages
399 3551 71 22 which
477 3551 74 23 would
560 3559 86 15 accrue-

59 3573 22 20 to
89 3573 91 29 English
190 3577 127 27 Capitalists
324 3577 59 22 from
393 3577 39 23 the
441 3579 171 22 establishment
616 3579 30 22 oft

60 3600 77 22 alroaa
146 3603 102 28 Company
258 3604 34 23 for
301 3605 54 20 New
364 3605 101 28 Zealand,
473 3606 90 23 similar,
569 3605 69 23 to'the

60 3626 121 25 Australian
190 3631 67 22 Trust
268 3631 142 29 CompartyJ'
485 3632 4 5 '
513 3632 4 4 '

84 3653 41 24 No.
136 3656 75 24 Ul.—
234 3658 41 22 An-
284 3657 98 23 Address
393 3662 22 18 to
424 3658 38 23 the
472 3658 57 23 New
538 3657 109 25 Zealand'

59 3681 207 30 LandiProprietors
275 3684 99 23 resident
388 3684 23 23 in
420 3685 38 22 the
467 3685 92 24 United)
567 3686 72 28 King-

59 3707 62 28 dom,,
125 3716 29 15 on
165 3711 88 23 ueveral
267 3715 94 19 matters
370 3712 27 21 of
397 3712 145 27 .importance
548 3717 25 18 to
581 3713 65 22 theiiv

84 3758 41 24 No.
142 3762 69 23 IV.—
294 3765 38 22 the
352 3765 115 22 Financial
486 3766 120 24 condition;
615 3766 26 23 of

58 3792 39 41 g|
93 3793 18 15 w
249 3792 32 28 by
291 3792 92 23 Charles
392 3792 76 28 Terry,
479 3792 158 30 Esq.,.F.TLS.,
644 3810 3 7 ,

84 3864 84 26 gggettt
175 3869 81 30 Qffice»
266 3872 92 28 Marchj
366 3874 69 21 1843,.
545 3895 90 5 ....

58 3909 45 38 ONO
105 3911 20 23 N
131 3913 48 34 <££
178 3913 40 24 LE
214 3923 11 21 >
239 3919 24 19 **
272 3916 131 29 tfeiuofflcev
411 3915 73 25 blank
491 3919 145 23 Bitt-Boott

766 701 248 26 GOVERNMENT
1042 703 139 26 NOTICE.

923 740 75 22 Police
1008 740 77 27 Office,
1094 741 145 28 Wellfngton,

976 767 81 23 March
1068 769 30 26 10,
1110 769 63 21 1843,

761 798 113 22 Annual
887 798 150 28 Licensing
1051 800 132 28 Sleeting.

679 832 148 48 NOTICE
850 833 28 22 IS
903 833 130 22 HEREBY
1057 833 106 28 GIVEN,
1185 833 58 25 that,
1253 840 13 15 a

762 859 98 23 General
880 859 102 28 Meeting
1002 860 26 22 of
1046 860 95 22 Justices
1157 861 26 22 of
1202 861 64 26 Petty
1277 862 5 32 }

680 886 107 27 Sessions,
799 887 75 26 acting
887 887 25 21 in
928 887 45 21 and
988 886 35 22 for
1032 885 38 23 the
1081 886 83 24 district
1176 887 28 23 of
1216 888 51 22 Port
1278 899 4 18 |

680 912 129 29 Nicholson,
821 913 42 23 will
873 913 28 22 be
914 913 51 23 held
981 917 23 18 at
1020 913 44 22 this
1074 913 69 23 Office
1152 922 30 14 on
1198 915 69 21 Tues-
1278 918 4 21 ;

680 939 50 28 day,
743 940 37 22 the
796 941 50 21 18th
859 940 44 28 day
920 941 26 21 of
959 940 73 28 April,
1042 942 59 25 1843,
1114 944 22 18 to
1152 941 53 22 take
1220 941 45 21 into
1278 940 3 17 '•■

680 966 161 23 consideration
854 967 55 23 such
923 967 145 28 applications
1082 968 33 21 for
1126 967 104 23 Licenses
1243 972 24 16 at

678 1000 48 19 may
735 995 52 20 have
795 995 49 21 been
853 995 73 26 lodged
934 996 53 20 with
998 1000 34 16 me
1046 1001 27 14 on
1087 998 24 18 dr
1121 995 69 26 before
1202 995 63 21 Tues-

679 1021 47 26 day,
735 1021 37 23 the
781 1022 40 22 4th
830 1022 42 27 day
880 1022 27 22 of
914 1022 64 29 April
987 1024 61 22 next,
1060 1022 71 22 under
1143 1022 122 27 provisions

680 1049 25 21 of
719 1048 37 22 the
767 1049 46 21 Act
821 1049 25 21 of
854 1050 100 26 Council,
964 1051 16 20 2
990 1049 106 27 Victoria,
1107 1046 158 29 No/XVIII.,

680 1075 25 21 of
714 1077 62 20 1838.

898 1103 97 21 Alfred
1009 1102 29 22 R.
1054 1103 121 26 Chetham,

952 1128 66 22 Clerk
1028 1129 26 21 of
1061 1129 61 26 Petty
1132 1129 105 22 Sessions.

680 1172 195 24 BOROUGH
905 1174 50 22 OF
984 1174 279 23 WELLINGTON.

855 1228 98 22 Public
982 1228 106 21 Notice.

679 1261 99 48 ANY
800 1261 123 23 PERSON
948 1261 98 23 desirous
1070 1262 24 22 of
1114 1263 88 27 cutting
1221 1262 44 22 and

747 1288 100 27 carrying
858 1296 62 19 away
927 1289 93 22 Timber
1031 1296 24 14 or
1062 1289 133 22 Brushwood
1205 1290 61 27 lying

679 1321 24 15 or
719 1315 106 27 standing
839 1322 29 15 on
884 1322 43 21 any
938 1316 31 21 of-
981 1315 37 22 the
1034 1315 55 22 lines
1098 1316 25 21 of
1137 1316 37 22 the
1185 1317 82 21 Streets

679 1341 76 22 within
766 1341 36 23 the
813 1342 47 22 said
870 1342 115 27 Borough,
996 1349 25 15 or
1031 1350 59 20 upon
1100 1342 62 23 those
1173 1346 60 25 parts
1243 1341 25 23 of

679 1367 38 23 the
724 1368 78 22 Public
811 1368 98 23 Reserve
920 1376 24 15 as
955 1376 51 20 may
1014 1369 28 22 be
1053 1373 33 18 set
1094 1373 38 19 out
1140 1370 35 22 for
1183 1370 80 26 Roads,

680 1398 60 18 must
757 1395 67 28 apply
840 1400 22 18 to
878 1396 39 22 the
934 1396 71 22 Town
1022 1395 71 23 Clerk.
1122 1397 39 21 All
1176 1404 90 25 persons

678 1421 72 23 found
760 1423 90 26 cutting,
862 1423 103 27 carrying
980 1430 69 21 away,
1056 1431 29 16 ,or
1099 1423 115 22 otherwise
1228 1424 39 21 da-

679 1449 93 27 maging
782 1457 24 14 or
816 1449 129 28 destroying
955 1449 37 23 the
999 1457 68 19 same,
1074 1450 55 22 after
1136 1451 42 21 this
1185 1451 78 26 notice,

679 1475 94 23 without
782 1476 71 27 leave,
865 1477 46 22 will
920 1477 29 22 be
963 1477 131 28 prosecuted
1110 1478 120 27 according
1243 1480 24 19 to

678 1502 51 22 law.

981 1531 59 22 Geo.
1055 1531 91 28 White,

1084 1558 66 22 Town
1166 1558 72 22 Clerk.

706 1582 75 24 Dated
793 1584 48 22 10th
853 1584 88 27 March,
954 1586 60 20 1843.

911 1630 118 21 Observe
1036 1630 5 21 !

679 1661 74 50 ON
769 1663 85 26 SALE,
867 1666 23 18 at
899 1663 37 21 the
948 1663 75 22 Stores
1031 1664 25 21 of
1063 1664 35 22 the
1108 1663 156 28 undersigned,

759 1689 94 28 Raisins,
862 1690 110 27 almdnds,
984 1690 43 22 and
1034 1691 93 21 walnuts
1138 1691 24 21 of
1169 1692 98 27 superior

679 1715 92 28 quality,
783 1716 53 22 with
852 1724 13 14 a
881 1716 78 23 choice
975 1717 107 22 selection
1097 1718 25 21 of
1129 1718 77 27 cigars,
1222 1718 45 22 and

677 1743 113 26 groceries
800 1744 27 21 of
833 1751 67 20 every
911 1743 141 28 description.

896 1775 34 22 M.
947 1776 90 27 Asher,
1051 1776 188 29 Lambton-quay.

811 1819 172 28 Wellington
997 1821 134 27 Brewery.

680 1853 92 22 rriHE
785 1853 137 22 inhabitants
931 1854 27 21 of
964 1854 136 27 Wellington
1108 1862 37 15 are
1155 1855 117 22 informed.

686 1875 29 26 JL
755 1880 48 21 that
813 1880 52 27 they
875 1887 43 14 can
932 1880 28 22 be
974 1882 101 26 supplied
1084 1882 57 21 from
1150 1882 37 22 the
1200 1882 67 22 Wel-

679 1914 102 15 lington
800 1906 124 28 Brewery,
941 1907 138 28 Wellington
1096 1908 101 28 Terrace,
1214 1909 56 25 with.
1279 1907 3 24 I

799 1940 62 22 ALE
876 1941 69 22 AND
960 1941 103 22 TABLE
1078 1941 69 27 ALE,
1279 1930 3 23 !

677 1966 23 21 in
709 1963 106 29 Draught
825 1973 24 14 or
858 1965 83 27 Bottle,
953 1967 23 20 in
986 1973 46 20 any
1041 1966 106 27 quantity,
1154 1967 58 22 from
1225 1970 42 19 two

842 1992 85 28 gallons
941 1992 46 22 and
997 1993 106 27 upwards.

705 2026 58 21 N.B.
764 2037 28 4 —
794 2026 80 22 Grains
883 2026 46 21 and
945 2027 70 21 Yeast
1025 2027 80 27 always
1117 2035 28 14 on
1155 2027 69 22 hand.

779 2070 107 26 SEEAR,
902 2071 141 22 Carpenter
1058 2072 42 21 and
1114 2072 113 28 Builder,
1233 2080 37 14 re-

691 2096 15 23 V
716 2101 13 18 T
751 2108 11 11 •
793 2098 119 27 snectfully
920 2105 131 15 announces
1058 2101 21 19 to
1085 2099 37 21 the
1131 2099 137 23 inhabitants

679 2124 26 22 of
721 2124 54 22 Port
793 2120 129 31 Nicholson,
941 2124 49 22 that
1004 2125 30 22 he
1043 2125 40 22 has
1093 2126 125 27 completed
1233 2127 34 21 his

679 2158 49 15 new
748 2151 132 28 workshops,
892 2151 45 22 and
948 2152 19 21 is
987 2159 48 14 now
1054 2152 67 28 ready
1138 2157 21 17 to
1174 2154 53 27 give
1243 2154 23 22 in

679 2178 100 22 Tenders
788 2179 35 20 for
833 2178 37 22 the
880 2178 100 22 erection
990 2179 25 21 of
1022 2179 121 28 Buildings.

706 2210 194 27 Manners-street,
911 2211 32 21 Te
954 2211 52 26 Aro,
1020 2211 57 22 Nov.
1087 2213 20 20 9.

719 2254 254 22 ROWLAND'S
1009 2256 216 26 KALYDOR,

680 2286 50 48 A
746 2286 227 22 PREPARATION
983 2286 57 22 from
1051 2289 92 19 Oriental
1147 2289 94 26 Exotics,
1248 2289 18 22 is

732 2320 50 14 now
791 2313 135 27 universally
933 2314 83 21 known
1027 2322 24 14 as
1061 2315 35 22 the
1106 2317 48 25 only
1164 2316 47 22 safe
1221 2316 44 22 and

680 2339 98 22 efficient
782 2342 111 24 protector
902 2340 45 22 and
958 2342 110 27 leautifier
1076 2343 25 21 of
1107 2343 37 22 the
1155 2343 58 21 Skin
1222 2343 44 22 and

680 2366 158 23 Complexion.
868 2368 33 22 Its
920 2368 84 23 virtues
1022 2376 38 16 are
1079 2370 127 27 commonly
1222 2370 33 22 dis

678 2393 82 27 played
778 2394 23 22 in
821 2394 136 28 thoroughly
973 2395 135 29 eradicating
1127 2397 30 22 all
1169 2399 95 24 pimples,

678 2422 63 26 spots,
753 2422 88 26 redness,
853 2424 44 22 tan,
907 2423 104 25 freckles,
1023 2424 45 22 and
1077 2424 63 22 other
1150 2425 115 27 unsightly

679 2451 111 19 cutaneous
806 2450 85 26 defects,
913 2449 23 22 in
954 2450 90 28 healing
1064 2451 112 27 chilblains,
1195 2453 68 26 chaps,

679 2475 45 22 and
740 2476 23 22 in
780 2477 120 27 rendering
915 2477 39 22 the
963 2481 58 19 most
1035 2479 70 26 rough
1115 2478 46 22 and
1176 2486 88 15 uneven

679 2503 55 25 skin,
747 2503 122 28 pleasantly
879 2504 45 22 soft
934 2504 44 22 and
997 2505 96 22 smooth.
1120 2506 33 22 To
1164 2505 38 23 the
1212 2513 53 15 com-

673 2531 94 26 plexion,
778 2531 18 21 it
806 2531 90 28 imparts
912 2539 13 14 a
936 2531 102 28 juvenile
1054 2536 86 18 roseate
1156 2532 53 27 hue,
1220 2534 45 22 and

679 2562 21 17 to
711 2557 39 22 the
760 2559 57 26 neck,
828 2559 63 26 hand,
903 2559 47 21 and
959 2566 52 20 arm,
1025 2567 13 14 a
1050 2559 100 28 delicacy
1159 2560 45 22 and
1213 2561 52 22 fair-

677 2592 51 14 ness
738 2585 130 22 unrivalled.

706 2619 21 21 It
738 2619 18 22 is
766 2619 126 22 invaluable
898 2627 24 15 as
929 2627 14 15 a
948 2621 133 27 renovating
1088 2620 44 22 and
1141 2620 124 29 refreshing

678 2646 77 26 Wash,
773 2646 81 28 during
874 2647 125 28 travelling,
1021 2655 25 14 or
1065 2655 106 20 exposure
1190 2652 23 18 to
1226 2649 37 21 the

678 2680 49 19 sun,
739 2673 57 27 dust,
809 2681 24 14 or
846 2674 155 27 harsh-winds,
1014 2675 44 21 and
1068 2675 55 22 after
1134 2675 37 22 the
1183 2675 81 22 heated

678 2700 140 28 atmosphere
835 2700 25 22 of
873 2701 103 21 crowded
993 2702 133 22 assemblies.
1128 2713 27 5 —
1157 2703 107 21 Gentle-

677 2734 56 18 men,
742 2726 44 22 will
796 2726 46 23 find
849 2727 19 22 it
876 2728 123 27 peculiarly
1005 2729 95 26 grateful
1110 2729 58 23 after
1173 2729 92 28 shaving

675 2754 25 21 in
710 2754 101 27 allaying
820 2754 36 22 the
866 2754 119 23 irritation.

677 2785 64 23 Price
747 2787 30 20 4s.
784 2785 36 22 6d.
829 2786 45 22 and
880 2788 32 20 Bs.
920 2787 35 21 6d.
961 2794 41 20 per
1008 2787 76 28 bottle,
1091 2788 54 27 duty
1149 2787 113 23 included.

827 2836 88 21 Town
929 2836 31 21 of
977 2837 136 22 Moreton.

676 2869 90 48 FOR
780 2869 85 26 SALE,
880 2869 39 22 the
934 2870 54 23 land
1003 2870 99 23 situated!
1113 2876 24 17 at
1151 2872 37 22 the
1201 2873 62 28 point

759 2896 86 21 formed
863 2896 31 27 by
914 2896 38 22 the
971 2897 130 23 confluence
1117 2900 26 21 of
1158 2899 38 22 the
1215 2900 49 21 four

674 2922 72 23 rivers
756 2931 4 13 :
771 2935 29 3 —
811 2922 63 28 Hutt,
901 2923 113 27 Oukoutu,
1040 2926 55 21 Awa
1121 2926 73 28 Motu,
1219 2926 43 23 and

763 2950 111 22 Waiwatu
883 2950 53 22 with
948 2950 37 23 the
995 2958 44 20 sea,
1051 2951 49 23 laid'
1105 2956 38 19 out
1152 2961 24 14 as

675 2985 21 21 A
724 2984 102 27 TOWN,
856 2983 37 23 IN
927 2984 212 24 ALLOTMENTS
1173 2987 41 22 OF
1241 2987 21 22 A

729 3011 150 25 QUARTER
900 3011 40 22 OF
955 3011 45 23 AN
1015 3012 82 22 ACRE
1113 3013 86 23 EACH
1199 3014 4 10 1
1200 3030 7 11 ,
1238 3018 3 5 •

860 3038 55 22 with
924 3039 154 22 commodious

673 3072 142 27 STREETS,
999 3072 95 27 QUAY,
1126 3074 135 23 MARKET

700 3098 115 29 PLACE,,
826 3098 138 28 CHURCH,
978 3100 158 28 €EMETRY,
1147 3102 87 22 &c.&c.

673 3125 54 22 This
737 3128 50 25 spot
794 3125 20 22 is
825 3125 47 22 well
883 3124 82 24 known
976 3134 25 15 as
1011 3126 38 23 the
1060 3127 50 28 only
1119 3128 63 28 place
1192 3129 24 21 in
1225 3129 35 21 rhe

673 3152 71 22 River
760 3152 61 22 Hutt
835 3152 74 24 where
919 3156 14 19 a
941 3154 73 21 vessel
1032 3154 26 22 of
1069 3162 60 14 more
1144 3155 54 22 than
1213 3156 48 22 four

672 3182 50 19 tons
739 3178 54 23 and.
798 3179 102 27 upwards
917 3183 23 19 to
950 3180 77 28 eighty
1037 3188 42 15 can
1094 3181 67 23 reach
1171 3182 44 22 and
1214 3180 4 11 1
1224 3182 36 28 lay

672 3205 24 22 in
715 3205 73 27 safety
796 3205 25 21 in
839 3213 55 19 any,
898 3207 106 27 weather,
1020 3208 47 22 and
1079 3208 23 22 in
1120 3208 56 29 deep
1194 3213 67 18 water

673 3231 59 22 close
743 3235 22 18 to
774 3230 40 23 the
822 3231 72 24 shore.
924 3233 23 22 It
956 3234 19 21 is
985 3234 90 28 pointed
1089 3239 39 19 out
1143 3236 32 28 by.
1181 3239 79 19 nature

932 3267 26 14 as
967 3260 39 22 the

672 3291 105 25 DEPOT
796 3293 63 23 FOR
877 3294 66 22 THE
967 3293 146 26 PRODUCE
1134 3297 39 23 OF
1197 3296 64 25 THE

840 3320 86 23 HUTT
940 3321 153 24 DISTRICT.

672 3345 48 23 The
729 3346 122 24 advertiser
860 3347 76 23 leaves
945 3348 19 22 it
972 3351 23 19 to
1004 3349 38 22 the
1053 3350 56 26 good
1121 3356 64 17 sense
1195 3349 26 24 of
1227 3350 33 24 his

672 3373 74 22 fellow
755 3374 104 23 colonists
874 3378 24 19 to
911 3375 73 28 judge
999 3375 27 22 of
1037 3376 38 22 the
1084 3377 101 22 ultimate
1190 3377 71 23 -value
1259 3379 3 8 1

672 3399 25 23 of
703 3407 14 15 a
727 3403 90 25 quarter
832 3401 26 22 of
870 3408 29 16 an
916 3409 59 20 acre,
989 3403 83 27 which,
1079 3407 22 18 at
1106 3415 3 10 <
1115 3404 49 23 the.
1170 3407 91 25 present

661 3431 2 12 1
671 3430 100 19 moment
779 3427 19 23 is
809 3428 82 22 offered
902 3431 24 20 at
934 3429 39 22 the
983 3429 42 22 low
1034 3430 59 28 price
1104 3431 27 22 of
1140 3432 55 27 £10,
1206 3431 55 23 with

672 3453 82 28 aright
768 3454 27 22 of
806 3455 93 28 priority
914 3456 26 21 of
952 3455 85 29 choice,
1054 3457 114 29 regulated
1178 3458 30 26 by
1221 3458 38 23 the

670 3480 94 29 priority
781 3482 27 21 of
823 3481 117 28 purchase.
968 3483 50 22 The
1036 3488 48 18 feßtr
1098 3485 31 22 of
1141 3485 37 23 the

661 3514 3 17 !
670 3507 108 28 reaching
787 3508 58 23 from
854 3509 148 28 Dr.'Healy's
1012 3511 38 22 old
1060 3518 68 15 warre
1137 3515 23 19 to
1178 3512 49 22 that
1235 3512 30 22 of

672 3533 37 23 the
731 3535 146 28 advertiser's,
885 3554 2 5 ,
898 3536 69 28 being
985 3537 54 22 laid,
1051 3540 38 20 out
1106 3538 25 23 in
1147 3539 111 22 suburban

661 3581 3 6 ,
670 3560 130 24 allotments
815 3562 27 22 of
852 3565 45 20 two
917 3570 63 15 acres
996 3564 64 23 each.
1088 3565 139 23 Purchasers,
1235 3566 27 22 of.

670 3590 66 20 townc
740 3587 57 23 land
804 3588 61 32 have;
871 3595 16 16 a'
894 3589 85 24 chance
988 3591 28 21 of
1028 3592 103 27 securing
1140 3599 14 16 a
1162 3592 68 28 piece,
1235 3592 25 23 of

661 3614 2 32 |
669 3614 86 27 garden
780 3615 54 23 land
837 3621 3 10 1
856 3615 26 23 in
906 3617 39 22 tha
967 3617 129 23 immediate
1097 3624 4 4 1
1119 3619 95 28 vicinity
1235 3618 28 23 of

669 3641 115 23 Moreton.
1157 3663 3 4 .
1185 3646 3 3 '
1195 3647 2 10 :

696 3674 84 28 Apply,
795 3682 33 16 on,
842 3676 116 29 Tuesday,
964 3676 150 31 Wednesday,
1133 3678 123 28 Thursday;

669 3702 91 27 Friday,
771 3702 45 23 and
828 3702 111 29 Saturday
954 3705 123 28 mornings:
1087 3709 27 19 at
1124 3705 38 23 the
1178 3705 81 23 adver-

668 3728 75 23 tiser's
764 3728 72 30 office,
860 3734 58 19 next
939 3730 55 23 door
1016 3735 24 19 to
1063 3732 40 23 the.
1119 3732 137 28 Wellington

668 3754 97 28 Tavern,
776 3756 73 22 where
858 3756 40 23 the
907 3756 53 29 plan
978 3758 49 27 lays
1036 3758 36 23 for
1079 3759 124 28 inspection
1211 3767 6 20 ;
1232 3766 26 16 or

668 3785 24 19 at
700 3789 48 21 any
759 3782 62 28 time,
833 3784 58 22 from
907 3784 111 29 Saturday
1027 3782 43 25 nil-
1079 3785 100 28 Monday
1189 3793 69 16 even-

662 3815 52 21 ,ing,
717 3825 7 7 t
724 3808 69 24 afcbis
800 3810 131 28 residence;,
938 3817 31 17 on
976 3811 117 23 theHutt.
1143 3808 34 21 -<'
1242 3812 20 27 ;.'

654 3841 11 23 .!
802 3859 11 5 
876 3834 152 34 CaJ&iz*?B.
1043 3842 53 23 Yon
1110 3843 118 24 Ai'rooiti:
1228 3848 5 7 1
1251 3850 4 5 '

662 3872 3 28 1
694 3872 116 31 February
820 3876 36 26 3*,
868 3876 66 22 1843.,
1162 3868 35 21 '''
1214 3882 37 27 W.

662 3902 3 45 !
673 3916 95 38 ~f?J&Y
775 3919 226 31 6PENEDVan.apn
1011 3923 52 24 Sale
1063 3944 8 9 r
1072 3926 25 20 at
1103 3923 39 24 the
1146 3924 78 23 .Office
1229 3907 32 40 'of

666 3947 28 24 tl
731 3949 45 26 (hit
784 3949 79 30 Paper;
874 3949 41 23 ink
924 3949 78 23 stands
1008 3949 31 23 of
1043 3950 89 23 various
1141 3951 64 22 size*.

1326 703 44 22 ON
1385 702 165 23 SATURDAY
1565 703 93 27 NEXT,
1674 704 57 22 15th
1746 704 103 23 APRIL.

1286 733 2 36 [
1297 742 135 23 Valuable
1451 744 56 21 and
1524 744 131 21 desirable
1667 744 169 22 Allotments
1851 745 30 22 in

1286 781 2 16 i
1366 777 108 21 Wade's
1493 779 83 20 Town
1594 778 55 20 and
1669 779 36 21 Te
1721 778 95 22 Maire.

1299 831 157 49 MESSRS.
1470 832 139 21 BETHUNE
1627 832 62 21 AND
1703 832 126 22 HUNTER
1845 840 36 14 are

1388 859 121 21 instructed
1515 863 21 18 to
1542 861 83 26 dispose
1633 860 29 24 of,
1667 861 28 26 by
1700 860 73 22 Public
1779 861 99 26 Auction,

1296 887 22 17 at
1334 885 103 23 Barrett's
1454 887 74 26 Hotel,
1541 894 29 14 on
1588 888 102 27 Saturday
1698 890 58 23 next,
1775 889 35 20 the
1829 889 52 20 15th

1543 915 87 24 instant,

1296 946 20 20 A
1339 946 129 23 NUMBER
1496 949 37 21 OF
1557 950 197 21 ALLOTMENTS
1780 957 26 14 in
1832 957 47 14 the

1352 977 67 19 Well
1433 982 91 15 known
1540 983 115 15 locality
1669 983 29 15 of
1711 978 112 20 WADE'S

1539 1004 95 24 TOWN,

1295 1028 64 27 being
1368 1030 77 27 chiefly
1451 1032 110 25 composed
1568 1032 25 20 of
1600 1033 60 19 those
1666 1033 95 20 reserved
1771 1035 22 18 at
1803 1033 78 21 former

1295 1056 55 21 sales
1366 1063 29 14 on
1411 1063 90 15 account
1518 1059 22 20 of
1553 1060 55 20 their
1624 1060 111 26 eligibility
1750 1061 41 19 and
1804 1061 61 19 value
1873 1068 6 17 ;

1295 1084 36 20 the
1340 1085 97 25 portions
1443 1089 21 16 at
1473 1090 82 21 present
1566 1087 101 26 occupied
1677 1088 108 25 testifying
1796 1091 21 17 to
1824 1088 57 20 their

1295 1111 122 27 adaptation
1444 1113 35 20 for
1507 1113 32 21 the
1568 1114 107 20 mechanic
1704 1115 42 20 and
1773 1115 107 21 moderate

1286 1141 2 17 :
1295 1139 106 26 capitalist
1411 1144 9 20 i
1442 1140 42 20 and
1496 1141 37 20 the
1549 1141 100 26 products
1669 1141 24 21 of
1709 1142 86 20 Wade's
1813 1143 67 20 Town

1295 1166 52 20 have
1364 1170 38 17 not
1418 1167 52 21 been
1488 1167 33 21 far
1530 1168 75 20 behind
1615 1169 46 19 that
1669 1169 25 20 of
1701 1169 36 20 the
1747 1172 59 23 great
1815 1170 64 20 River

1296 1193 63 25 Hatt,
1376 1201 24 14 as
1414 1195 37 21 has
1468 1195 54 21 been
1537 1197 71 19 shown
1623 1198 23 18 to
1663 1197 37 19 the
1716 1197 125 21 admiration
1856 1197 25 21 of

1295 1227 64 21 many
1369 1225 22 17 at
1403 1223 36 20 the
1450 1223 152 21 Horticultural
1611 1224 75 20 shows.

1361 1256 84 21 Several
1452 1258 126 20 Allotments
1588 1258 21 20 in
1619 1258 37 20 the
1668 1258 114 26 Township
1793 1259 23 20 of
1832 1266 4 3 -

1486 1291 44 20 TE
1559 1292 132 25 MAIRE,

1379 1324 51 21 ON
1458 1325 77 20 THE
1561 1325 235 23 MANAWATU.

1324 1356 92 22 Quarter
1425 1357 24 20 of
1456 1364 28 13 au
1495 1358 51 20 Acre
1556 1357 102 21 Freehold
1668 1358 109 27 Property,
1789 1359 92 21 situated

1295 1390 29 14 on
1343 1384 36 20 the
1397 1384 66 21 beach
1485 1385 79 24 Petoui,
1585 1385 56 27 (part
1655 1386 24 20 of
1696 1386 44 21 Mr.
1763 1386 115 26 Moieing's

1295 1411 94 27 village),
1399 1411 52 21 with
1468 1418 13 14 a
1495 1413 54 25 good
1564 1412 95 21 Wooden
1675 1413 81 25 House,
1768 1415 25 19 12
1809 1414 28 26 by
1854 1415 25 20 18

1295 1438 50 25 feet,
1357 1440 106 25 presently
1474 1440 99 26 occupied
1587 1440 27 26 by
1624 1440 43 21 Mr.
1683 1441 35 20 W.
1729 1441 60 24 Neal,
1804 1442 77 26 having

1296 1466 123 21 abundance
1438 1468 24 19 of
1482 1467 50 20 Flax
1547 1468 94 26 growing
1660 1468 22 20 in
1701 1469 36 20 the
1760 1469 120 20 immediate

1296 1494 183 26 neighbourhood.

1323 1529 56 20 That
1402 1529 94 21 BRICK
1519 1529 97 21 HOUSE
1640 1531 41 19 and
1705 1531 101 25 STORE,
1830 1532 51 20 with

1287 1552 84 29 t'Lease,
1381 1557 93 20 situated
1489 1557 23 20 in
1522 1557 67 21 Willis
1604 1558 75 26 Street,
1695 1559 37 20 the
1745 1561 100 24 property
1858 1559 26 20 of

1287 1590 4 16 j
1297 1581 88 23 Messrs.
1404 1584 111 21 Warbriek
1534 1585 40 21 and
1599 1585 83 27 Taylor,
1706 1587 124 25 presenting
1853 1593 28 14 au

1287 1610 112 22 'excellent
1408 1612 92 26 opening
1509 1612 30 21 for
1547 1619 14 14 a
1569 1619 73 20 grocer
1652 1619 24 14 or
1684 1614 85 25 general
1780 1614 77 21 dealer.

1323 1642 130 23 Two-thirds
1463 1645 25 20 of
1500 1645 63 20 Town
1579 1646 62 25 Acre,
1660 1645 49 28 (No.
1768 1646 24 27 .),
1803 1647 78 20 second

1297 1671 55 21 from
1373 1672 89 26 Captain
1482 1672 92 26 Smith's,
1595 1679 28 14 on
1642 1674 35 20 the
1696 1673 101 22 Tinakori
1813 1674 68 26 Road,

1298 1699 130 21 subdivided.

1488 1733 74 15 TERMS
1577 1734 110 15 LIBERAL.

1364 1762 49 20 Sale
1425 1764 23 18 to
1461 1762 64 26 begin
1537 1765 20 18 at
1571 1763 103 26 half-past
1688 1764 26 20 12
1729 1764 90 21 o'clock.

1389 1794 62 21 After
1460 1795 75 25 which,
1543 1795 79 26 sundry
1632 1796 155 21 Merchandise.

1324 1826 139 28 Wellington,
1472 1828 62 27 April
1541 1828 35 26 11,
1588 1829 62 20 1843.

1460 1884 61 21 Sale
1536 1884 36 26 by
1587 1884 130 21 Auction.

1299 1917 159 49 MESSRS.
1489 1917 92 27 HORT,
1617 1918 159 22 MOCATTA.
1811 1919 70 22 AND

1389 1944 153 23 COMPANY
1557 1943 56 23 have
1623 1945 102 21 received
1740 1945 141 23 instructions

1297 1973 57 18 from
1364 1969 38 22 the
1417 1969 113 28 Principal
1543 1970 77 27 Agent
1629 1971 26 21 of
1666 1970 39 22 the
1717 1971 54 22 New
1780 1971 102 22 Zealand

1299 1996 123 27 Company,
1442 1997 47 21 and
1507 1996 41 22 will
1567 1997 53 21 offer
1638 1997 35 22 for
1688 1998 52 22 Sale
1757 1998 30 27 by
1803 1999 78 22 Public

1298 2023 106 26 Auction,
1416 2030 28 15 on
1463 2023 138 27 Wednesday
1616 2028 61 20 next,
1688 2024 38 22 the
1745 2025 50 22 19th
1809 2026 71 27 April,

1298 2054 23 16 at
1333 2051 22 20 11
1369 2050 91 27 o'clock,
1471 2054 24 18 at
1505 2050 55 22 their
1575 2051 81 27 Stores,
1667 2052 31 21 Te
1715 2052 47 21 Aro
1774 2052 57 27 Flat,
1842 2053 39 21 the

1298 2076 113 27 following
1426 2077 76 27 goods,
1514 2077 65 27 being
1592 2082 50 23 part
1652 2078 25 22 of
1684 2078 37 22 the
1732 2079 149 28 unexpended

1299 2103 74 21 Stores
1382 2104 26 21 of
1415 2103 37 22 the
1463 2104 119 27 Company,
1592 2105 121 27 consisting
1722 2106 34 21 of:
1757 2117 28 4 —

1325 2137 108 27 Tobacco,
1444 2145 52 20 very
1509 2138 101 28 superior,
1622 2138 55 28 duty
1686 2139 53 27 free,

1325 2164 92 27 Witney
1428 2164 107 28 blankets,

1326 2191 63 22 Price
1401 2192 45 21 and
1456 2192 110 22 Gosnell's
1576 2192 92 22 London
1679 2200 59 20 soap,

1325 2218 92 22 Printed
1428 2219 112 26 cambrics,

1325 2245 81 22 Cotton
1417 2245 177 27 handkerchiefs,

1325 2272 103 22 Cambric
1438 2272 91 28 dresses,

1325 2300 81 21 Cotton
1416 2300 87 26 shawls,

1325 2327 103 22 Summer
1439 2326 78 28 cloths,

1325 2353 81 22 Cotton
1416 2353 66 26 duck,

1324 2380 74 22 Linen
1409 2380 44 22 and
1464 2380 73 23 Union
1545 2381 78 27 check,
1633 2381 109 23 furniture
1752 2382 77 26 check,

1325 2407 77 21 Welsh
1412 2407 91 27 flannel,
1527 2434 5 6 #
1555 2408 3 5 '

1324 2434 77 27 Rifles,
1412 2434 90 27 fowling
1511 2434 76 29 pieces,
1599 2436 125 26 percussion
1734 2444 63 19 guns,

1324 2461 110 27 Muskets,
1448 2461 88 28 powder
1543 2462 46 22 and
1599 2462 55 26 shot,

1324 2488 56 22 Shot
1390 2489 57 21 belts
1455 2488 45 22 and
1509 2489 88 28 powder
1605 2489 74 27 flasks,

1323 2515 23 22 A
1364 2515 62 28 large
1444 2521 129 17 assortment
1593 2517 25 21 of
1632 2517 157 28 ironmongery
1809 2517 25 23 of
1849 2517 32 23 all

1295 2541 73 28 kinds,

1324 2569 68 22 Duek
1396 2573 107 19 'trowsers
1505 2575 3 9 1
1512 2570 43 22 and
1564 2569 80 28 frocks;

1323 2596 56 22 Blue
1389 2604 42 21 pea
1439 2597 94 27 jackets,

1322 2623 57 23 Blue
1390 2622 93 24 woollen
1494 2631 113 21 wrappers,

1323 2649 56 23 Blue
1390 2651 60 22 cloth
1455 2648 86 31 jackets
1550 2651 46 22 and
1606 2655 107 24 trowsers,

1324 2677 71 28 Super
1404 2677 60 23 cloth
1474 2682 106 23 trowsers,

1324 2705 76 21 Check
1408 2705 74 26 shirts,

1323 2731 94 23 Fustian
1427 2732 61 27 suits,

1323 2759 65 21 Plaid
1397 2759 77 22 cloaks
1487 2759 67 28 lined,

1323 2785 104 23 Camblet
1437 2786 44 27 do,,

1324 2812 82 22 Patent
1415 2813 85 22 leather
1510 2813 59 28 belts,

1324 2839 101 23 Lucifers
1434 2840 44 22 and
1488 2841 82 27 sealing
1579 2848 55 21 wax,

1322 2866 190 29 Crockery-ware,

1322 2893 156 23 Blacksmiths'
1489 2895 59 26 forge
1558 2895 114 27 complete,

1322 2919 104 24 Portable
1437 2928 75 20 crane,

1321 2947 66 22 Nails
1404 2949 25 20 of
1441 2955 68 20 every
1524 2947 137 29 description,
1671 2948 43 22 and
1731 2956 14 15 a
1758 2949 86 28 variety
1853 2950 27 22 of

1294 2973 63 23 other
1366 2975 75 26 goods.

1320 3008 79 23 Terms
1414 3009 85 27 liberal,
1516 3009 43 23 and
1573 3009 44 23 will
1632 3009 30 23 he
1676 3009 66 23 made
1756 3009 80 23 known
1851 3014 26 19 at

1293 3036 53 22 time
1356 3037 26 21 of
1393 3037 53 21 sale.

1490 3070 184 16 REFRESHMENTS.

1292 3090 65 27 April
1368 3092 33 25 11,
1413 3091 60 21 1843*

1387 3151 41 20 On
1447 3150 71 25 Sale,
1536 3156 35 15 ex

1291 3178 189 54 BR'ANDt
1509 3184 37 23 IN
1575 3184 248 27 HOGSHEADS,

1341 3217 4 3 '
1368 3211 92 28 Brandy
1469 3211 24 23 in
1505 3219 66 20 cases,
1582 3218 54 21 very
1646 3211 106 28 superior,

1318 3237 79 23 Porter
1405 3239 24 21 in
1439 3239 75 27 hhds.^

1318 3264 46 23 Gin
1373 3265 24 22 in
1408 3265 50 22 half
1467 3273 69 20 cases,

1317 3290 64 24 West
1392 3292 68 23 India
1468 3300 70 20 sugar,
1550 3292 37 23 the
1596 3293 50 22 best
1655 3297 55 18 ever:
1716 3292 116 29 imported;

1317 3317 103 24 Tobsfcoo
1430 3320 24 22 in
1464 3321 43 21 200
1515 3319 28 23 Ib.
1553 3319 60 27 kegs,

1317 3344 77 28 Cigars
1404 3346 23 22 in
1437 3347 109 27 packages
1556 3347 26 21 of
1587 3347 67 26 4000,,

1316 3370 92 24 Bottled
1408 3375 4 12 1
1417 3373 35 22 ale
1463 3373 46 23 and
1518 3377 78 24 porter,
1608 3373 120 27 Dunbar's,

1318 3398 98 24 Candles
1425 3400 112 22 unboxes.'

1685 3427 66 23 Johst
1763 3426 83 24 Wadb;

1316 3449 20 25 f
1336 3452 77 28 e.Aro,
1423 3454 66 28 April
1497 3455 22 26 4,
1529 3455 61 21 1843.

1289 3504 87 22 Town
1397 3507 61 21 and;
1478 3507 120 24 Country
1616 3505 79 22 Land
1715 3507 30 20 to
1766 3506 51 22 Let
1837 3512 37 16 on

1478 3534 77 27 Long
1575 3534 107 20 Leases.

1288 3566 100 49 NOS.
1405 3565 30 24 of'
1447 3567 40 22 the
1503 3570 63 19 town'
1579 3572 65 17 acres-
1660 3574 28 15 on
1705 3566 43 23 the'
1763 3567 113 27 Surveyor

1489 3594 117 23 General's.
1611 3593 65 29 Plan,
1691 3609 3 3 ■

1395 3629 42 22 224
1560 3629 42 22 510
1723 3630 40 21 263

1288 3651 44 23 For
1340 3653 141 30 particulars^
1492 3654 64 30 apply
1566 3658 23 20 to

1451 3688 122 29 Wallace,
1583 3689 97 28 White,
1688 3689 47 23 and
1748 3689 126 23 Wallacb.

1314 3719 101 34 May.3l,
1426 3723 66 27 1842.,
1641 3743 4 3 .
1685 3744 3 2 .

1425 3771 4 7 '
1492 3773 40 21 To
1542 3772 36 22 be
1594 3772 73 26 Sold,

1288 3801 99 35 HfiWO
1406 3803 154 33 stibstaatlalfy
1570 3805 59 24 built
1643 3806 107 22 Wooden
1769 3805 102 27 Houses,

1295 3828 33 27 JL
1362 3831 88 24 situate
1460 3832 26 23 ia
1502 3831 209 29 MidgpaveirtreeV
1743 3830 45 24 For
1803 3831 70 29 parti-

1288 3857 87 29 culars^
1377 3858 68 29 apply
1452 3862 25 21 to
1505 3874 23 9 ...
1578 3877 4 3 .
1605 3871 4 10 <

1387 3913 5 5 .
1427 3893 212 28 (MeiarsitjßttWfc*.
1647 3895 25 22 *
1686 3886 156 35 BitokWr*,
1856 3902 4 3 -
1874 3896 2 4 '

1287 3923 9 24 ';
1325 3938 15 5 ..
1376 3938 28 7 r—
1420 3937 4 6 >
1446 3933 7 14 f
1474 3940 15 8 
1514 3933 4 14 !
1532 3920 203 26 M»nner»tvStt«€*.
1745 3928 4 4 •
1813 3925 7 22 £

1315 3947 82 23 March
1406 3945 34 30 ft,
1451 3948 36 23 184
1487 3948 25 23 S.

2039 708 53 21 For
2109 708 68 26 Sale,
2192 715 65 21 very
2269 710 95 27 Cheap.

1912 742 52 48 A
1979 741 85 22 NEAT
2077 741 137 26 WOODEN
2229 743 147 29 COTTAGE,
2386 744 65 23 fitted
2460 752 31 22 up

1991 767 54 23 with
2055 775 67 20 every
2131 769 108 22 attention
2250 773 19 18 to
2277 769 96 24 comfort
2382 772 51 21 and'
2437 779 55 15 con-

1912 795 109 21 venience
2032 794 85 26 (within
2128 798 36 19 ten
2178 796 92 22 minutes
2276 797 59 22 walk
2344 798 25 21 of
2383 798 108 23 Barrett's

1914 821 88 26 Hotel),
2014 821 53 22 with
2077 822 12 25 |
2100 822 26 21 of
2131 829 28 15 an
2174 830 50 14 acre
2234 823 26 21 of
2265 823 51 22 land
2326 824 105 24 attached
2441 829 23 18 to
2473 826 19 22 it

1911 847 50 23 well
1976 848 77 27 found,
2069 849 47 21 and
2129 848 23 22 in
2163 856 13 14 a
2192 849 52 28 high
2258 853 51 19 state
2319 851 26 22 of
2352 851 139 29 cultivation,

1912 874 53 22 with
1976 882 13 14 a
2003 882 68 15 never
2081 875 76 27 failing
2172 878 81 20 stream
2268 877 22 21 of
2302 878 113 22 excellent
2423 883 70 18 water

1910 901 101 28 running
2018 901 96 28 through
2124 903 23 21 it.
2176 903 59 21 Both
2244 903 32 22 the
2286 903 53 22 land
2349 904 45 22 and
2404 909 88 23 cottage

1911 935 38 15 are
1958 928 23 22 in
1992 936 14 14 a
2015 928 111 22 sheltered
2131 929 110 28 situation,
2252 930 39 21 and
2300 930 58 23 have
2363 931 39 22 the
2407 932 86 23 benefit

1912 955 26 21 of
1943 955 39 21 the
1993 962 39 14 sun
2043 955 38 21 the
2090 955 69 22 whole
2170 956 49 27 day.

1938 981 49 23 The
1998 981 69 22 above
2084 989 42 14 can
2140 982 29 22 be
2183 982 128 28 confidently
2321 984 173 24 recommended

1912 1016 24 14 as
1946 1016 13 14 a
1968 1008 115 22 residence
2093 1008 33 22 for
2135 1016 14 14 a
2157 1009 84 27 private
2256 1009 80 28 family.
2363 1011 49 22 The
2425 1015 70 19 terms

1912 1035 45 21 will
1977 1035 28 21 be
2022 1035 66 21 made
2103 1038 22 18 to
2138 1036 44 20 suit
2198 1035 38 22 the
2250 1036 128 27 purchaser:
2401 1045 14 14 a
2429 1039 66 22 small

1911 1061 87 28 deposit
2008 1061 43 22 will
2062 1062 28 21 be
2099 1062 107 27 required,
2211 1062 44 22 and
2266 1063 33 22 the
2305 1064 128 23 remainder
2441 1072 54 21 may

1910 1089 86 21 remain
2007 1096 27 14 on
2044 1092 114 23 mortgage
2163 1089 34 21 for
2204 1096 13 14 a
2227 1093 50 18 term
2284 1090 27 21 of
2316 1098 72 20 years.
2417 1092 78 28 Apply

1912 1118 23 19 to
1946 1115 97 23 Robert
2057 1115 73 28 Park,
2146 1115 59 29 Esq.,
2217 1123 24 15 or

2304 1143 67 26 John.
2382 1144 83 24 Wade.

1938 1169 34 21 Te
1982 1169 55 27 Aro,
2048 1168 99 28 January
2157 1171 33 25 13,
2201 1171 61 21 1843.

2021 1219 171 27 Wellington
2206 1221 55 21 and
2276 1221 107 21 Petoni.

1912 1252 195 49 PREPARED
2117 1253 30 26 by
2157 1253 44 22 Mr.
2218 1254 56 22 John
2289 1254 110 27 Webster,
2410 1254 46 23 late
2471 1256 27 22 of

1985 1279 111 27 Thorney,
2118 1280 109 26 England,
2248 1287 44 15 now
2313 1281 27 21 of
2357 1281 137 28 Wellington

1912 1305 46 22 and
1978 1305 85 27 Petoni,
2081 1308 55 19 New
2151 1306 106 28 Zealand,
2269 1308 33 21 for
2317 1307 58 28 deep
2391 1309 100 27 wounds,

1912 1332 46 22 and
1968 1332 35 21 for
2013 1339 58 15 sores
2081 1332 23 22 in
2121 1332 69 23 hands
2205 1334 45 21 and
2264 1334 41 21 feet
2319 1334 25 23 in
2361 1334 130 30 Christians,

1912 1366 50 15 sore
1973 1359 68 22 heads
2051 1359 23 22 in
2084 1359 107 27 children,
2198 1357 40 25 Bic.
2247 1368 6 19 ;
2267 1360 50 23 with
2327 1361 71 28 safety
2408 1369 14 15 a
2431 1369 60 16 cure.

1912 1386 57 21 And
1978 1386 112 22 medicine
2100 1386 34 22 for
2144 1386 93 23 diseases
2246 1390 21 19 in
2275 1388 74 21 cattle.

1940 1413 56 27 May
2010 1412 28 22 be
2056 1412 45 23 had
2116 1413 24 22 of
2154 1413 44 22 Mr.
2210 1414 95 23 Webster
2316 1422 29 14 on
2360 1415 132 23 reasonable

1912 1442 75 22 t.erms.

1939 1473 82 23 March
2031 1473 20 27 7,
2063 1475 61 21 1843.

1968 1526 40 20 To
2024 1527 83 20 stand
2121 1528 29 19 to
2165 1532 79 16 cover
2264 1527 50 21 this
2330 1532 108 21 season,

2073 1561 31 20 At
2113 1562 138 25 Berhampore
2262 1562 68 26 Farm,

1913 1595 93 35 rpHE
2033 1594 51 23 well
2110 1595 80 23 known
2217 1596 106 27 thorough
2345 1596 56 22 bred
2427 1597 66 23 horse

1921 1618 29 25 A
1978 1621 98 27 Figaro,
2087 1622 37 22 the
2133 1626 104 24 property
2247 1623 22 21 of
2274 1623 78 22 James
2361 1623 69 28 Watt,
2439 1625 53 27 Esq.

1940 1648 81 27 Figaro
2031 1656 44 14 was
2084 1649 75 22 foaled
2167 1649 24 22 in
2201 1649 127 28 December,
2344 1651 60 26 1837,
2414 1656 40 23 got
2464 1651 31 28 by

1914 1675 116 27 Operator,
2043 1675 52 22 dam
2108 1676 105 22 Adelaide
2222 1676 31 27 by
2262 1677 99 22 Teorum.

1940 1701 112 28 Operator
2061 1709 45 15 was
2116 1703 74 22 foaled
2199 1703 23 21 in
2236 1705 54 25 1832,
2301 1708 41 23 got
2351 1705 30 27 by
2390 1704 103 28 Einilius,

1913 1728 52 22 dam
1976 1729 124 22 Worthless
2108 1729 30 28 by
2149 1729 95 28 Walton,
2256 1733 34 20 out
2298 1731 26 21 of
2333 1731 122 22 Altisidora
2464 1732 31 28 by

1913 1755 62 23 Dick
1983 1755 118 23 Andrews.

1940 1786 75 29 Every
2023 1788 107 25 attention
2139 1788 45 22 will
2197 1788 29 23 be
2241 1789 47 28 paid
2298 1792 22 19 to
2329 1796 74 15 mares
2411 1792 51 20 sent
2471 1793 24 19 to

1912 1813 56 22 him.

1941 1840 105 28 Charges,
2072 1841 54 22 with
2147 1846 124 24 guarantee,
2284 1850 78 16 .seven
2385 1844 108 27 guineas;

1913 1867 95 22 without
2022 1872 128 23 guarantee,
2168 1869 42 22 five
2225 1870 95 27 guineas,
2331 1877 119 21 groomage
2460 1871 35 23 in-

1912 1895 91 22 cluded.

1940 1929 146 28 Wellington.
2097 1929 96 23 October
2201 1931 33 26 25,
2246 1932 56 21 1832.

1967 1979 66 20 Port
2047 1979 151 21 Nicholson
2213 1980 56 27 and
2269 1980 168 27 Wanganui.

1914 2010 166 51 SEVERAL
2094 2013 68 21 Town
2177 2013 45 22 and
2238 2014 95 26 Country
2352 2014 100 23 Sections
2469 2014 26 24 in

1979 2039 62 22 these
2050 2039 95 22 districts
2154 2044 22 18 to
2187 2040 27 21 be
2224 2040 46 23 sold
2277 2047 25 15 or
2316 2040 40 23 let.
2385 2041 46 22 For
2441 2049 54 21 par-

1910 2067 93 21 ticulars
2013 2066 45 22 and
2066 2070 74 24 terms,
2151 2067 66 28 apply
2227 2070 23 19 to

2215 2099 91 23 Robert
2321 2100 28 22 R.
2364 2100 101 23 Strano.

1939 2126 90 26 August
2037 2127 20 25 4,
2069 2126 61 21 1842.

1912 2170 175 49 RSEED,
2100 2171 61 21 Boot
2176 2178 46 15 and
2233 2171 57 22 Shoe
2301 2171 97 28 Maker,
2408 2172 86 28 having

1969 2207 11 11 •
2019 2197 107 22 removed
2135 2197 57 23 from
2205 2197 35 22 his
2256 2199 39 21 late
2311 2199 116 27 premises,
2436 2199 58 28 begs

1911 2227 24 18 to
1943 2224 84 22 inform
2036 2224 38 21 the
2083 2223 135 23 inhabitants
2228 2225 25 21 of
2260 2225 47 22 Fort
2313 2225 123 22 Nicholson
2444 2226 50 22 that

1911 2250 29 22 he
1951 2251 44 21 still
2011 2251 80 21 carries
2105 2258 29 14 on
2149 2251 101 23 business
2264 2259 20 15 as
2297 2252 73 27 usual,
2387 2253 46 22 and
2446 2260 47 21 any

1913 2277 81 27 orders,
2007 2278 34 21 for
2050 2277 38 23 the
2098 2282 94 23 present,
2203 2278 40 23 left
2252 2281 19 20 at
2279 2279 37 22 the
2328 2279 73 22 Stores
2412 2280 26 21 of
2446 2280 45 22 Mr.

1912 2303 107 28 Jackson,
2027 2304 184 29 Lambton-quay,
2214 2305 44 22 will
2264 2306 21 21 be
2291 2305 55 28 duly
2352 2306 106 23 attended
2463 2310 30 19 to.

1941 2338 88 22 Walton
2040 2338 74 28 Farm,
2126 2339 92 23 Porirua
2225 2340 66 27 Road,

1969 2365 81 22 March
2058 2367 35 26 30,
2105 2368 59 20 1843.

2058 2418 68 22 Zinc
2133 2418 5 22 !
2163 2418 66 22 Zinc
2235 2419 6 21 !
2267 2419 66 22 Zinc
2340 2420 5 21 !

1914 2451 73 49 ON
2015 2451 86 28 SALE,
2124 2457 23 17 at
2165 2452 37 22 the
2222 2453 71 21 Stores'
2309 2453 28 22 of
2352 2453 37 22 the
2409 2453 83 24 under-

1991 2478 85 27 signed.

2038 2513 128 23 SAMUEL
2184 2514 67 24 AND
2269 2514 122 27 JOSEPH,
2425 2525 4 8 -

2083 2544 4 14 '
2177 2540 154 23 Wellington
2351 2541 88 28 House,

2271 2568 53 22 Port
2333 2568 132 23 Nicholson.

1940 2594 66 28 April
2015 2595 19 26 1,
2046 2595 60 21 1843.

2034 2640 117 21 Wanted
2165 2641 29 20 to
2210 2640 153 28 Exchange,

1911 2673 51 48 A
1978 2671 146 23 COUNTRY
2145 2672 134 28 SECTION,
2295 2672 45 23 No.
2359 2673 28 23 37
2406 2681 28 14 on
2455 2673 39 23 the

1991 2699 130 27 Surveyor's
2138 2698 64 28 Plan,
2218 2698 77 23 chosen
2314 2700 30 27 by
2361 2700 50 26 Mr.,
2427 2700 68 23 Child

1910 2729 24 18 at
1949 2726 38 21 the
2004 2726 134 26 Manawatu,
2155 2726 35 21 for
2204 2733 29 15 an
2251 2726 126 23 unselected
2392 2727 102 29 Country

1910 2753 91 22 Section
2011 2753 23 21 in
2046 2753 38 22 the
2094 2752 58 23 First
2161 2753 134 22 Settlement.
2326 2753 75 29 Apply
2411 2757 23 19 to

2196 2786 34 23 W.
2246 2786 26 23 V.
2285 2786 109 29 Brewer,
2411 2787 53 29 Esq.

1936 2813 116 26 February
2063 2813 34 26 17,
2112 2815 59 20 1843.

2060 2858 40 20 To
2114 2857 33 21 be
2162 2858 65 20 Sold
2247 2863 26 15 or
2285 2858 59 20 Let.

1907 2890 10 13 r
1923 2890 80 22 TWO
2015 2889 102 22 Wooden
2128 2889 94 27 Houses,
2232 2896 30 15 on
2268 2889 34 22 the
2307 2888 186 29 Tinakore-road,

1917 2911 25 27 JL
1987 2916 36 22 the
2044 2916 84 22 second
2144 2924 51 16 acre
2213 2917 56 21 from
2286 2916 96 27 Captain
2399 2915 96 23 Smith's

1952 2943 132 28 containing
2097 2943 50 22 four
2155 2950 74 15 rooms
2237 2943 42 21 and
2292 2950 15 14 a
2319 2949 101 21 passage,
2435 2942 58 24 each

1907 2970 54 22 with
1980 2970 50 22 zinc
2048 2969 68 26 roofs,
2140 2970 46 22 and
2207 2970 25 21 in
2256 2976 63 21 every
2336 2974 89 23 respect
2441 2969 54 23 well

1907 2997 103 23 finished.
2037 2997 107 21 Terms—
2144 2996 25 22 lf
2175 2996 55 28 sold,
2241 2996 54 22 £150
2307 2997 35 21 for
2347 2996 56 22 each
2408 2996 83 28 house;

1907 3024 19 22 if
1937 3024 43 27 let,-
1987 3024 31 22 £1
2030 3030 40 21 per
2079 3023 62 22 week
2150 3023 35 22 for
2194 3023 55 22 each
2257 3023 75 23 house.
2359 3023 77 28 Apply
2446 3027 25 19 to

2292 3058 77 22 James
2383 3057 82 24 Watt.

1917 3085 146 27 Wellington,
2072 3085 59 22 Nov.
2139 3085 35 27 27,
2182 3086 61 21 1841.

1907 3138 123 25 Country
2044 3136 124 21 Sections
2187 3135 43 22 for
2249 3136 56 21 Sale
2327 3142 36 16 on
2382 3136 109 23 Liberal

2151 3163 102 21 Terms.

1907 3195 167 51 SEVERAL
2108 3195 100 22 Sections
2235 3196 27 21 of
2288 3196 101 27 Country
2417 3196 73 27 Land,

1972 3222 91 28 already
2073 3221 82 22 chosen
2164 3222 25 21 in
2198 3221 38 22 the
2249 3222 89 22 Porirua
2353 3222 91 28 district,
2456 3223 36 22 for

1906 3250 61 27 Sale,
1977 3257 74 15 terms
2062 3256 104 15 liberal.
2195 3249 74 28 Apply
2276 3252 22 18 to

2003 3276 24 22 F.
2043 3276 29 22 A.
2086 3276 171 27 Mole3worth,
2270 3276 185 28 Murphy-street,
2465 3283 26 16 or

2003 3303 34 21 W.
2053 3302 29 22 V.
2097 3303 106 27 Brewer,
2213 3303 192 23 Manners-street.

1933 3356 45 21 Ex
1998 3355 186 27 ''Margaret"
2204 3356 56 21 and
2300 3356 69 21 New
2382 3355 80 22 York

1909 3414 104 25 QAA
2028 3414 102 23 BOXES
2145 3415 39 25 OF
2199 3415 153 26 CANDLES,,

2043 3441 104 28 Superior
2156 3441 96 23 Manilla
2262 3441 75 28 cigars,

2042 3468 104 29 Superior
2158 3468 93 24 London
2265 3468 61 23 made
2340 3465 146 30 gentlemen's

1906 3495 109 27 clothing.

1933 3523 34 22 At
1975 3523 38 22 the
2023 3523 74 22 Stores
2107 3522 25 22 of

2230 3548 23 23 J.
2267 3548 30 22 M.
2312 3547 103 26 Taylor,

2355 3574 32 22 Te
2401 3573 56 23 Aro.
2483 3578 2 7 '

1933 3603 82 23 Maret
2025 3604 33 26 31,
2070 3604 61 22 1843.

1905 3653 75 51 ON
1995 3651 86 29 SALE,
2089 3655 24 20 at
2121 3652 36 23 the
2168 3652 73 22 Stores
2249 3650 22 22 of
2276 3650 37 22 the
2324 3649 160 29 undersigned;

1985 3688 29 15 ex
2023 3681 101 21 Scotia-**
2150 3686 4 4 •

1973 3728 3 5 .
1994 3721 3 12 i
2010 3712 80 26 .Flour,

2015 3738 64 28 Rice,

1892 3774 2 22 ;
2015 3766 78 28 Sugar,

2013 3791 99 27 Brandy,
2126 3792 4 7 '
2189 3792 3 10 '
2279 3813 4 4 .
2313 3811 3 5 ,
2322 3804 2 4 •

1892 3816 20 33 j.
2014 3818 88 23 Bottled
2110 3816 39 23 e!e'
2155 3815 43 24 and
2208 3818 77 27 porter*
2296 3817 105 28 Duhbar,
2428 3834 3 5 .
2457 3830 5 8 .

1912 3860 49 13 ..:..•
1998 3859 19 12 ••
2093 3862 5 4 -
2124 3841 162 33 -'T&yii'A«'"M.
2300 3847 45 27 MA
2342 3843 5 17 r

1929 3876 187 31 &pril7,lM&-
2240 3879 20 32 ■;■
2319 3879 4 14 :
2340 3877 3 4 '
2358 3879 16 14 K
2375 3883 111 28 "\;i'_;:

1903 3923 176 33 CHARTER
2088 3918 175 34 PAR?IES,for
2269 3924 121 26 Hileattne
2396 3927 91 23 G**«tf«

1903 3957 42 18 V>
1961 3952 78 23 Office.
