2550 4039
101 316 96 21 Latest
209 315 84 21 Dates
308 314 31 22 of
353 315 101 25 Papers
470 313 132 22 received.

60 349 98 22 London
472 349 130 19 November
623 349 26 19 16

60 375 86 23 Nelson
472 374 66 23 April
636 375 10 19 1

60 401 122 23 Auckland
474 400 83 22 March
614 401 34 25 ,18

60 428 49 27 Bay
119 429 24 21 of
153 428 87 23 Islands
350 433 7 15 i
471 427 99 21 October
635 427 13 21 6

60 455 91 27 Sydney
236 460 25 15 v.
472 453 80 22 March
620 455 25 20 21

61 485 51 19 Van
122 481 118 22 Dieman's
249 481 64 22 Land
469 480 115 28 February
621 481 24 21 21

60 508 53 22 Port
122 508 82 27 Phillip
468 508 103 25 January
622 507 25 21 15

60 534 111 23 Adelaide
334 538 7 16 .'
466 534 128 22 December
620 535 28 21 28

120 609 169 24 SHIPPING
308 608 276 25 INTELLIGENCE.

85 676 6 5 •
125 677 7 3 -
224 670 2 6 ■
282 664 142 21 ARRIVED.

87 698 63 26 April
166 698 35 24 13,
215 699 136 25 government
360 697 47 26 brig
423 697 101 27 Victoria,
535 697 39 20 200
590 698 56 22 tons,

48 725 123 26 'Richards,
182 725 55 21 from
247 725 91 21 Akaroa.

89 753 61 19 Same
160 753 46 26 day,
218 753 102 20 schooner
329 753 61 24 Erin,
407 752 54 20 from
472 752 36 20 the
525 751 121 21 Chathams.

88 780 61 20 Same
160 780 45 26 day,
218 781 102 19 schooner
332 781 72 23 Ocean,
416 780 33 25 30,
462 779 112 26 Ferguson,
590 779 57 21 from

57 807 130 21 Manawatu.

87 834 61 20 Same
158 835 46 25 day,
222 834 103 20 schooner
333 834 72 20 Maori
419 833 72 28 Davit,
506 834 33 25 15,
559 833 85 27 Wylde,

48 867 1 3 '
57 861 56 21 from
124 861 41 21 Kai
176 861 59 20 koro.

87 888 61 20 Same
156 889 47 24 day,
211 888 102 21 schooner
323 889 77 20 Nelson
405 888 87 26 Packet,
500 888 36 25 20,
543 887 104 26 Jackson,

57 915 56 20 from
122 915 94 20 Wairoa.

301 959 117 20 SAILED.

92 991 62 26 April
174 991 33 23 12,
226 991 103 21 schooner
343 991 111 21 Susannah
472 992 57 25 Ann,
553 991 25 21 79
597 993 50 19 tons

58 1018 134 26 Dougherty,
202 1018 35 20 for
247 1019 81 26 Cloudy
338 1018 51 27 Bay.
411 1025 1 6 '

86 1046 62 25 April
164 1046 32 23 13,
211 1049 136 22 government
360 1047 47 26 brig
418 1047 102 26 Victoria,
536 1047 40 21 200
590 1049 57 22 tons,

60 1072 111 25 Richards,
181 1073 33 21 for
224 1073 82 26 Cloudy
320 1074 49 26 Bay.

86 1100 62 20 Same
158 1101 47 26 day.
216 1103 70 18 cutter
300 1101 118 25 Elizabeth,
430 1101 27 21 20
475 1103 56 23 tons,
550 1102 96 25 Morton,

57 1127 35 20 for
102 1127 82 26 Cloudy
195 1128 52 26 Bay.

87 1155 61 20 Same
163 1155 47 26 day,
222 1155 103 21 schooner
339 1156 55 26 Imp,
406 1156 26 21 20
449 1158 59 23 tons,
517 1156 80 25 Tulett,
614 1157 34 20 for

57 1181 86 22 Cloudy
152 1182 52 21 Bay.

283 1230 34 20 IN
332 1230 85 22 PORT.

81 1262 87 26 Barque
176 1262 130 26 Indemnity,
314 1263 43 19 450
375 1266 60 23 tons,
442 1264 88 25 Adams,
544 1264 102 26 refitting.

54 1290 94 25 Agents,
158 1290 71 21 Waitt
238 1290 43 20 and
292 1290 78 26 Tyser.

84 1317 111 20 Schooner
216 1318 58 25 Ann,
298 1319 27 19 22
345 1320 59 23 tons,
430 1318 87 26 Brown,
541 1320 45 20 laid
610 1326 37 20 up.

55 1344 81 26 Agent,
146 1345 70 20 Waitt
226 1346 42 19 and
278 1346 77 26 Tyser.

85 1372 77 21 Cutter
183 1374 116 25 Pickwick,
319 1374 27 20 38
372 1376 58 24 tons,
450 1375 63 27 Jury.
549 1375 98 27 Captain,

56 1400 79 24 Agent.

85 1427 110 20 Schooner
203 1428 123 27 Richmond,
337 1430 28 19 30
375 1431 56 24 tons,
444 1430 97 20 Sinclair.
569 1431 77 25 Agent,

56 1454 36 21 W.
103 1454 139 22 Fitzherbert.

87 1482 108 20 Schooner
210 1483 67 19 Black
296 1485 102 23 warrior,
418 1486 25 18 15
454 1489 57 18 tons.
528 1485 119 21 Anderson.

85 1509 84 25 Barque
181 1510 113 24 Navanno,
305 1511 41 20 463
357 1514 57 22 tons,
432 1512 117 26 Warming.
579 1513 67 20 Waitt

58 1536 42 21 and
110 1536 72 26 Tyser,
195 1540 86 22 Agents-

87 1564 108 20 Schooner
217 1564 51 20 New
291 1565 121 27 Zealander,
438 1567 27 21 27
489 1569 57 23 tons,
567 1567 80 21 Guard.

56 1591 69 21 Waitt
134 1591 42 20 and
184 1592 74 26 Tyser,
268 1592 87 26 Agents.

87 1619 108 20 Schooner
208 1620 87 27 Gannet,
304 1621 25 19 40
341 1623 55 22 tons,
407 1621 134 27 Popplewell.
569 1622 77 26 Agent,

57 1647 28 20 A.
96 1645 138 22 Hornbrook.

86 1673 124 26 Brigantine
221 1674 82 25 Sisters,
315 1676 40 20 130
365 1678 57 23 tons,
433 1675 84 21 Clarke.

87 1701 108 21 Schooner
207 1702 66 20 Three
282 1703 109 21 Brothers.

87 1728 124 25 Brigantine
223 1730 78 21 Scotia.

87 1755 109 21 Schooner
204 1757 62 21 Erin.

87 1782 109 22 Schooner
207 1784 73 25 Ocean,
298 1785 27 20 30
336 1787 55 24 tons,
409 1786 114 26 Ferguson.
552 1786 97 22 Wallace

57 1810 42 21 and
110 1810 47 25 Co.,
169 1811 87 26 Agents.

85 1837 109 21 Schooner
211 1839 72 20 Maori
298 1840 72 25 Davis,
393 1841 25 21 15
435 1843 57 23 tons,
513 1842 82 26 Wylde.
625 1842 23 21 J.

54 1865 76 24 Wade,
141 1866 77 25 Agent.

85 1892 108 21 Schooner
207 1894 78 20 Nelson
292 1895 89 25 Packet,
391 1896 27 20 20
428 1898 57 22 tons,
497 1896 102 22 Jaclcson.

154 2115 114 21 AGENTS
284 2116 58 22 FOR
362 2117 69 21 THIS
449 2119 99 20 PAPER.

74 2150 41 17 •Mr.
127 2150 128 15 BURCHAM
349 2150 76 18 Petoni.

77 2169 38 17 Mr.
127 2169 22 17 C.
161 2169 111 22 ELLIOTT,
284 2170 105 19 Examiner
395 2171 67 22 Office,
468 2172 74 19 Nelson
550 2173 77 19 Haven.

76 2190 39 18 Mr.
126 2190 18 17 J.
153 2190 23 17 B.
186 2191 91 18 BAINES
352 2192 46 18 New
406 2193 111 22 Plymouth,
524 2195 104 18 Taranaki.

76 2211 39 18 Mr.
127 2211 26 19 H.
164 2212 123 18 CHURTON
339 2211 7 20 '.
353 2214 115 23 Wanganui.

77 2233 39 18 Mr.
127 2233 31 18 W.
169 2233 99 18 WILSON
353 2235 40 17 Bay
400 2236 23 16 of
432 2236 85 16 Islands.

275 2281 153 22 FREIGHTS.

50 2315 108 19 .London
554 2318 15 20 0
596 2319 14 19 0
637 2320 14 19 0

55 2338 60 22 Nbw
131 2339 79 22 South
225 2339 86 23 Wales
324 2348 48 14 and
383 2341 28 22 V.
423 2341 29 22 D.
464 2342 26 22 L.
518 2357 6 6 .
531 2357 5 6 .
554 2345 15 19 2
597 2345 13 20 0
637 2350 14 19 o

56 2365 99 23 Nelson
555 2371 14 21 2
597 2373 13 19 0
638 2374 13 19 0

56 2392 127 22 Taranaki
193 2400 47 15 and
247 2394 74 22 Coast
555 2398 14 20 2
597 2399 14 20 0
638 2400 14 20 0

56 2419 133 22 Auckland
584 2425 39 19 nil.

52 2453 96 91 New
180 2453 225 91 Zealand
437 2453 224 91 Gazette

96 2544 70 23 AND
181 2544 216 25 WELLINGTON
416 2548 190 24 SPECTATOR.

178 2615 131 26 Saturday,
326 2617 76 22 April
419 2618 33 26 15,
469 2620 61 22 1843.

92 2670 39 24 On
144 2672 111 31 referring
266 2677 23 19 to
301 2673 38 23 the
351 2673 60 25 Blue
423 2675 75 29 Book,
519 2677 63 24 there
604 2686 43 23 ap-

57 2712 69 24 pears
143 2710 22 18 to
185 2705 57 24 have
263 2705 60 24 been
343 2715 14 15 a
379 2707 56 32 long
458 2711 193 31 correspondence

52 2738 101 23 -relative
166 2742 22 20 to
202 2738 59 24 what
272 2740 20 22 is
304 2740 89 24 therein
405 2743 94 28 termed,
509 2743 38 24 the
556 2751 95 18 amount

59 2771 27 23 of
101 2770 103 24 discount
216 2777 22 18 to
250 2772 28 23 be
291 2773 93 24 allowed
404 2779 22 18 to
440 2775 38 24 the
492 2776 118 33 Company
621 2787 28 15 on

59 2804 39 23 the
111 2804 111 31 purchase
235 2805 25 23 of
274 2806 54 23 land
341 2811 21 18 to
374 2807 38 23 the
425 2813 79 20 extent
514 2811 24 22 of
557 2813 92 27 50,000

59 2845 73 15 acres.
186 2837 63 24 Lord
266 2839 60 24 John
340 2839 104 31 Russell,
456 2842 19 23 it
486 2850 104 25 appears,
604 2845 47 24 dis-

60 2870 80 24 claims
152 2878 45 23 any
212 2872 148 32 preliminary
377 2874 181 34 understanding
570 2886 29 15 on
612 2879 39 23 the

59 2908 53 28 part
124 2904 26 23 of
164 2905 39 22 the
216 2905 102 24 Colonial
331 2906 161 32 Department,
499 2912 55 21 with
562 2917 90 26 respect

59 2941 24 19 to
96 2937 38 24 the
152 2940 52 21 rate
221 2938 25 24 of
268 2940 46 23 this
336 2940 135 31 allowance;
497 2944 43 24 and
564 2945 87 31 Joseph

61 2970 89 30 Somes,
173 2971 68 31 Esq.,
258 2980 29 15 on
304 2973 39 24 the
355 2980 51 25 part
418 2975 25 24 of
465 2976 38 25 the
523 2978 128 32 Company,

60 3008 72 19 trusts
170 3005 49 23 that
231 3006 52 31 they
297 3007 59 23 shall
367 3013 40 18 not
427 3009 27 23 be
477 3011 133 24 considered
630 3018 21 17 to

58 3037 109 24 manifest
194 3039 72 22 undue
291 3041 135 31 pertinacity
452 3043 25 23 in
503 3046 148 31 respectfully

61 3071 135 31 requesting
206 3079 57 23 your
275 3073 115 32 Lordship
410 3080 23 18 to
451 3077 143 25 re-consider
613 3079 38 23 the

219 3104 68 24 Then
299 3106 28 23 he
339 3115 56 22 goes
406 3115 30 17 on
447 3114 24 18 to
585 3112 66 31 They

58 3136 74 30 freely
145 3136 70 24 admit
228 3138 56 29 that,
303 3140 24 22 in
351 3148 14 15 a
383 3148 51 17 case
452 3141 48 25 like
516 3143 49 25 that
577 3145 74 26 under

60 3169 138 30 discussion,
219 3171 75 23 where
321 3174 89 23 neither
438 3180 67 28 party
527 3177 59 24 have
607 3186 44 23 any

61 3203 165 31 experimental
244 3204 133 33 knowledge
398 3208 26 23 of
440 3208 38 24 the
493 3211 109 30 probable
614 3220 25 15 re
640 3227 11 17 r

58 3235 72 29 •sults,
143 3235 49 25 that
204 3237 19 23 it
233 3238 73 24 would
320 3240 25 23 be
358 3240 96 25 difficult
473 3247 22 19 to
514 3251 69 24 prove
603 3245 49 24 that

61 3270 34 23 20
105 3276 43 24 per
160 3272 58 21 cent,
232 3270 84 25 offered
327 3273 30 31 by
369 3282 57 23 your
442 3275 116 33 Lordship
577 3279 75 23 would

60 3302 30 24 be
103 3303 139 24 insufficient
252 3304 35 23 for
302 3305 37 24 the
358 3307 108 25 intended
482 3317 106 25 purpose,
607 3312 44 24 and

60 3336 52 23 that
132 3336 37 22 the
189 3336 120 26 allowance
329 3339 80 25 should
426 3342 77 24 rather
514 3344 27 23 be
554 3345 73 24 called
639 3354 13 15 a

62 3376 12 16 c
73 3403 5 5 .
76 3376 37 16 om
115 3376 22 16 ™
139 3370 19 22 is
153 3402 7 4 .
160 3369 48 23 sion
211 3369 36 24 '""
270 3390 4 7 >
281 3371 30 24 Tl
329 3374 41 22 sis
372 3392 6 10 .
396 3377 142 31 apparently,
543 3378 31 23 -in
580 3378 71 26 .addi-

61 3403 58 22 tion*
131 3407 22 18 to
174 3402 38 23 the
233 3409 67 25 grant
318 3406 25 23 of
362 3415 42 15 one
416 3416 51 16 acre
482 3410 34 24 for
528 3418 68 24 every
607 3413 44 23 five

63 3435 109 31 shillings
184 3441 72 26 spent,
261 3438 26 23 in
297 3439 143 31 emigration,
452 3442 45 24 and
516 3444 76 24 which!

63 3474 182 26 contemporary,
259 3478 62 17 some
333 3473 55 23 time
399 3482 51 23 ago,
463 3477 130 24 contended'
600 3475 51 28 that

61 3509 35 17 we
108 3502 44 24 had
162 3509 29 17 an
203 3503 114 31 equitable
330 3505 67 24 claim
406 3507 34 24 for
460 3517 62 16 some
542 3510 67 26 share
628 3512 24 24 of

62 3536 58 28 that,
134 3536 78 31 seeing
222 3536 49 25 that
281 3536 53 35 they
347 3539 53 30 only
412 3542 64 23 acted
485 3550 26 16 as
520 3551 42 16 our
574 3550 75 26 agent.

71 3575 6 7 •
96 3569 167 32 We.perfectly
282 3578 66 25 agr.ee
367 3573 54 23 with
441 3574 47 24 him
502 3576 56 30 that,
570 3578 25 23 in
607 3587 44 23 any

63 3602 113 30 discount,
190 3611 25 15 or
224 3603 131 31 allowance,
367 3613 26 16 or
411 3609 154 31 commission,
578 3611 73 25 which

62 3636 55 30 they
130 3643 51 24 may
193 3641 38 26 get
242 3637 59 25 from
313 3638 64 24 Lord
494 3643 45 23 and
596 3645 56 24 wish

62 3669 56 31 they
132 3674 58 26 'may
212 3676 49 26 get,
339 3672 24 24 in
383 3674 179 26 consideration-
568 3677 25 24 of
608 3678 44 24 .the

63 3702 149 31 expenditure
232 3704 26 24 of
283 3712 41 17 our
345 3707 109 28 100,000
468 3716 5 20 ;
508 3716 35 17 we
561 3710 59 25 have
639 3720 13 15 a

63 3735 44 23 fair
119 3735 62 31 right
193 3741 23 20 to
227 3737 54 24 look
292 3738 37 24 for
340 3747 13 16 a
365 3739 67 25 share
440 3742 25 22 of
474 3742 26 23 it.
538 3740 50 27 The
602 3752 50 16 cor-

62 3769 156 30 respondence
230 3772 95 24 extends
331 3777 29 19 .to
372 3781 14 15 a
398 3774 155 26 considerable
564 3777 87 32 length,

63 3802 46 22 and
137 3802 121 30 becomes,'
271 3809 23 19 at
317 3806 52 30 last,
390 3815 17 15 a-
420 3831 4 4 .
428 3807 71 32 tough
503 3802 91 34 f.b'attle
617 3812 35 23 for

54 3834 399 42 •P^^^sJilUin^s^and-pencp^
463 3841 95 33 >nd.,by
570 3851 49 25 way
631 3846 24 23 of

52 3893 8 8 *
61 3872 26 23 JtQ
88 3866 46 44 Sji?
136 3876 7 15 I
143 3865 295 41 *'§?J^^strahg.case'for
459 3874 39 24 the
513 3876 140 34 compliance

63 3900 27 24 of
94 3900 47 25 vhis
150 3900 128 35 Lordship,
294 3910 24 18 to
330 3913 28 16 an
370 3907 121 25 increased
498 3909 57 24 'iklS
562 3910 28 24 of
594 3911 59 25 qdis-

63 3939 116 23 eovpt-ot'
190 3938 205 30 commmion^toe

676 133 58 24 their
762 135 70 29 orgbn
860 133 86 32 Joseph
968 133 90 28 Somes,
1087 132 70 31 Esq.,
1185 132 76 25 rather

678 166 100 31 quaintly
790 165 58 24 snub
866 166 35 23 his
918 165 125 31 Lordshipj
1066 165 38 31 by.
1117 165 82 32 telling
1206 168 3 9 1
1214 165 46 24 him

677 200 49 22 that
747 198 54 31 they
819 206 101 23 .possess
1165 198 35 24 for
1223 200 37 23 the

677 233 137 29 systematic-
825 231 151 24 colonization
995 231 26 23 of
1035 230 61 24 New
1107 231 113 29 -Zealand,
1236 233 24 22 in

677 269 87 27 respect
775 269 24 19 to
811 264 83 29 which,
908 264 88 24 neither
1013 263 37 24 the
1068 263 127 24 Executive
1214 265 45 23 Go-

675 300 114 20 vernment
806 305 29 15 on
854 297 39 23 the
912 305 43 15 one
973 297 69 28 hand,
1062 304 42 16 nor
1124 295 137 26 individuals

677 337 119 24 necessary
807 330 105 24 deficient
922 330 26 23 in
957 330 40 23 the
1013 330 104 30 strength
1134 330 26 23 of
1174 331 85 23 combi-

677 363 77 23 nation
776 370 29 16 on
827 363 38 23 the
884 362 72 29 other,
971 369 43 17 can
1035 365 99 27 compete
1150 363 56 23 with

677 394 60 33 (that
746 396 21 23 is
785 395 38 24 the
833 412 3 5 .
842 394 141 33 Company.)
1033 394 60 25 This
1110 400 55 26 puts
1183 403 43 17 one
1236 397 24 24 in

676 428 63 24 mind
750 428 25 24 of
789 428 39 24 the
839 428 50 32 frog
900 429 45 23 and
955 429 40 23 the
1007 436 37 16 ox.
1080 428 49 24 But
1141 428 60 24 what
1207 438 52 22 says

677 461 63 24 Lord
760 461 68 24 John.
830 474 35 4 —
865 461 12 24 I
896 462 46 30 beg
964 466 24 19 to
1004 461 40 24 tell
1066 469 45 23 you
1131 461 127 31 gentlemen

676 494 23 23 in
712 494 167 29 Broad-street,
891 502 26 16 as
929 495 55 30 long
1000 501 25 17 as
1034 501 67 24 .your
1120 494 70 24 heads
1208 503 50 24 may

676 527 36 29 be,
724 525 55 32 (and
791 535 56 22 your
858 534 51 17 ears
917 532 45 24 too,
971 527 28 23 he
1007 527 74 31 might
1092 527 57 24 have
1160 528 56 29 said,
1227 528 32 24 for

677 560 52 22 thus
741 560 134 31 attempting
887 565 23 18 to
923 561 60 23 seize
994 560 38 24 the
1044 568 31 15 ox
1086 560 31 31 by
1126 560 37 23 his
1171 560 88 33 horns,)

699 591 18 24 /
727 600 36 15 am
775 597 39 18 not
825 593 109 31 prepared
947 598 22 18 to
979 593 77 28 admit,
1072 593 48 23 that
1132 601 13 15 a
1153 593 105 25 Govern-

668 631 70 19 .merit
749 625 141 32 department
910 627 19 22 is
950 626 149 31 incompetent
1121 631 24 18 to
1164 628 96 23 couduct

676 658 55 23 such
743 659 59 22 sales
819 659 25 22 of
957 660 6 23 !
973 660 6 23 !
990 659 10 24 !'
1020 661 5 3 '
1036 659 98 31 Having
1152 664 40 26 got
1204 669 14 15 a
1227 661 33 24 bit

677 692 24 23 of
716 699 13 16 a
750 691 92 31 poke—
845 692 37 23 the
890 693 140 30 -.gentlemen
1051 692 25 24 of
1101 692 158 26 Broad-street

677 728 35 27 try
723 728 23 20 to
757 725 63 30 quiet
831 724 38 25 the
880 725 59 24 little
946 726 64 23 noble
1018 725 90 30 animal,
1118 726 49 23 who
1177 725 82 26 directs

676 757 35 24 bis
727 757 120 32 Secretary
863 763 21 19 to
904 766 88 16 answer
1011 758 59 24 their
1088 759 67 23 letter
1173 767 26 16 as
1216 760 43 24 fol-

676 790 54 24 lows
738 799 7 15 :—:
746 803 34 4 —

807 828 199 27 Downing-street,
1016 828 101 27 January
1127 829 33 26 15,
1173 830 61 22 1841.

703 854 47 26 Sir,
752 865 27 4 —
781 854 11 22 I
801 862 34 14 am
847 854 99 23 directed
957 855 29 27 by
997 855 60 22 Lord
1067 855 61 22 Jahn
1141 855 89 23 Russell
1239 860 21 18 to

677 880 139 27 ackowledge
826 880 37 22 the
874 882 84 25 receipt
974 881 28 22 of
1017 889 58 20 your
1094 882 73 27 letter,
1187 884 27 21 of
1223 883 37 23 the

675 907 38 22 4th
732 907 91 27 instant,
840 908 138 26 containing.
985 915 29 15 an
1033 909 145 25 explanation
1203 910 26 22 of
1247 918 14 14 a

677 933 84 29 portion
771 934 26 22 of
807 941 54 21 your
870 934 65 22 letter
944 935 26 21 of
982 935 36 22 the
1029 935 52 22 18th
1091 935 88 23 ultimo.

867 961 10 21 I
888 969 36 14 am
935 962 41 21 &c.

988 989 27 21 R.
1032 989 91 22 Vernon

677 1021 46 23 But
745 1020 100 25 whether
867 1021 145 31 satisfactory
1033 1027 24 18 to
1077 1023 36 23 his
1134 1022 125 35 Lordship,

677 1054 52 24 does
741 1058 39 20 not
792 1062 90 23 appear.
919 1055 59 23 This
988 1056 21 22 is
1020 1056 135 32 beautifully
1166 1057 94 31 laconic,

677 1087 18 23 if
710 1092 39 19 not
769 1088 150 31 satisfactory,
933 1088 44 24 and
989 1097 13 14 a
1014 1089 100 31 striking
1126 1096 101 18 contrast
1238 1097 22 18 to

677 1120 36 23 the
726 1120 113 31 verbosity
847 1122 24 22 of
881 1122 38 24 the
929 1122 138 31 Company's
1077 1124 182 30 correspondent.

676 1153 67 24 After
763 1155 126 31 occupying
910 1156 31 23 26
959 1155 53 24 folio
1032 1156 61 23 sides
1112 1156 25 23 of
1153 1158 70 29 print,
1242 1159 19 23 it

677 1194 94 23 appears
792 1187 49 23 that
852 1188 38 22 the
902 1188 72 24 result
986 1189 27 28 is,
1032 1189 51 23 that
1092 1189 39 23 the
1145 1189 115 34 Company

677 1228 36 15 are
725 1224 22 19 to
758 1224 40 26 get
809 1221 104 31 upwards
923 1223 25 21 of
960 1224 133 26 1,000,000
1105 1223 26 23 of
1141 1231 71 21 acres,
1248 1233 13 15 a

792 1261 25 15 as
836 1253 62 24 Lord
920 1254 62 24 John
999 1254 96 25 Russell
1113 1264 62 23 says,
1218 1265 42 16 un-

677 1286 87 24 forseen
775 1287 31 29 by
817 1287 85 31 myself
912 1295 24 16 or
946 1287 32 31 by
995 1289 38 22 the
1053 1288 127 32 Company,
1198 1290 63 25 when
1273 1283 1 32 i

677 1319 36 24 the
726 1320 95 30 original
828 1325 132 26 agreement
971 1329 45 15 was
1273 1316 1 30 !

770 1358 56 18 next
846 1361 63 16 come
930 1358 22 19 to
971 1355 38 23 the
1025 1356 95 29 petition
1141 1356 58 23 from
1218 1357 43 24 this

676 1385 70 31 plac2,
766 1393 29 16 on
807 1386 38 24 the
862 1386 46 24 late
930 1388 140 24 Governor's
1088 1388 175 26 advertisement

677 1419 33 23 for
721 1418 116 25 labourers
846 1420 44 23 and
899 1421 138 24 mechanics.
1075 1422 51 23 The
1135 1423 125 30 Directors,

676 1452 22 23 in
711 1452 136 32 forwarding
864 1454 75 30 copies
952 1454 26 23 of
993 1454 62 24 these
1071 1463 82 24 papers
1166 1461 22 18 to
1200 1456 62 24 Lord

677 1485 101 31 Stanley,
790 1484 62 32 (who
863 1487 30 30 by
906 1487 45 23 this
966 1488 59 23 .time
1044 1489 44 22 had
1104 1489 124 23 succeeded
1240 1495 21 18 to

677 1518 37 23 the
735 1518 103 24 Colonial
854 1519 160 31 department,)
1033 1522 111 31 certainly
1169 1524 92 30 compli-

677 1556 61 18 ment
748 1551 37 23 his
796 1552 116 32 Lordship
922 1553 22 23 in
957 1553 58 24 their
1026 1554 89 23 maiden
1127 1555 101 29 address,
1240 1562 23 18 at

677 1584 37 24 the
722 1593 98 23 expense
831 1586 24 23 of
861 1593 26 16 us
898 1592 108 25 rampant'
1011 1587 161 32 demagogues.
1198 1590 63 31 They

677 1626 46 23 say,
762 1618 54 31 they
827 1624 76 25 regret
914 1621 124 30 extremely
1053 1621 48 23 that
1113 1621 39 24 the
1163 1623 51 22 first
1226 1631 36 16 oc-

677 1651 73 24 casion
764 1652 24 22 of
797 1652 83 23 official
891 1654 196 30 communication,
1108 1654 82 24 should
1202 1656 27 23 be
1240 1661 23 19 to

676 1684 84 24 submit
771 1692 14 16 a
796 1685 123 32 complaint
924 1684 96 33 'against
1032 1687 38 24 the
1081 1689 149 31 proceedings
1240 1691 25 22 of

677 1717 35 23 his
729 1717 140 32 Excellency
882 1719 38 24 the
938 1720 119 24 Governor
1070 1722 24 22 of
1111 1721 38 24 the
1167 1722 94 32 Colony,

677 1750 53 23 with
750 1751 71 23 which
841 1751 54 31 they
906 1760 40 16 are
966 1754 153 32 immediately
1132 1757 129 22 connected.

677 1783 65 31 They
754 1789 58 18 trust
833 1784 49 24 that
899 1793 57 24 your
967 1786 117 33 Lordship
1106 1788 46 24 will
1169 1789 92 29 believe,

677 1816 49 24 that
736 1818 96 30 nothing
842 1818 42 24 but
895 1827 13 15 a
920 1827 67 16 sense
999 1820 25 23 of
1039 1821 55 31 duty
1107 1822 86 30 arising
1204 1822 57 23 from

677 1858 12 15 a
701 1850 43 23 due
764 1852 154 29 appreciation
931 1853 27 23 of
974 1853 37 24 the
1029 1854 115 30 interests,
1157 1856 24 22 of
1192 1856 70 23 which

677 1883 53 30 they
745 1884 43 23 feel
806 1884 137 25 themselves
960 1886 37 24 the
1012 1885 138 32 Guardians,
1171 1889 41 23 has
1228 1890 35 22 in-

677 1916 71 23 duced
771 1917 61 24 them
855 1923 23 18 to
903 1919 125 24 undertake
1050 1929 25 14 so
1099 1922 133 30 ungrateful
1251 1931 14 14 a

789 1950 23 24 It
832 1952 19 22 is
869 1953 114 30 certainly
993 1961 29 15 an
1043 1954 43 24 odd
1099 1955 66 23 mode
1177 1956 25 27 of,
1218 1955 46 24 dis-

677 1983 109 29 charging
799 1983 37 23 the
854 1983 74 24 duties
941 1986 25 21 of
979 1986 171 32 guardianship,
1172 1992 25 18 to
1207 1995 62 16 con-,

677 2015 61 26 sider,
747 2016 18 22 it
776 2023 29 16 an
824 2017 133 30 ungrateful
967 2018 52 23 task
1038 2024 23 17 to
1073 2024 87 26 protect
1173 2020 36 22 the
1227 2021 36 22 in-

679 2052 79 20 terests
776 2049 26 23 of
817 2048 59 25 their
889 2049 92 31 Warde,
997 2051 47 23 and
1062 2052 38 23 the
1112 2055 68 20 more'
1193 2054 70 30 parti-

677 2081 86 31 cularly
774 2081 72 30 when,
867 2091 26 15 as
903 2084 19 22 it
939 2091 46 15 was
1004 2084 38 24 the
1059 2085 51 23 first
1129 2085 53 23 time
1202 2086 62 24 there

677 2115 43 23 had
743 2115 56 23 been
818 2123 44 23 any
880 2116 84 30 official
980 2119 198 28 communication,
1202 2119 62 24 there

677 2148 64 23 could
753 2149 59 22 exist
825 2148 95 32 nothing
930 2151 36 22 for
978 2150 71 24 which
1064 2152 53 31 they
1130 2152 65 23 could
1208 2152 57 24 have

677 2189 24 15 so
713 2181 34 23 far
759 2182 130 23 committed
901 2183 135 25 themselves
1048 2189 23 18 to
1080 2185 36 23 his
1129 2185 134 32 Lordsihip,

677 2214 35 23 for
724 2222 43 23 any
779 2215 91 24 favours
882 2216 116 24 conferred
1011 2225 29 15 on
1055 2218 62 23 them
1130 2226 25 16 or
1169 2226 58 23 upon
1237 2227 27 15 us

679 2247 95 31 through
786 2247 68 30 them,
875 2257 24 15 as
912 2254 22 18 to
946 2251 82 22 render
1039 2259 29 14 an
1080 2256 37 18 act
1129 2251 26 24 of
1164 2252 54 31 duty
1231 2258 34 18 to-

679 2280 70 24 wards
769 2281 37 24 the
823 2282 90 23 settlers
934 2291 28 15 an
975 2284 133 31 ungrateful
1129 2285 51 23 task
1189 2294 6 20 ;
1216 2285 49 25 how

678 2313 55 24 such
745 2322 29 16 an
792 2316 130 30 expression
943 2322 63 26 crept
1018 2317 31 28 in,
1070 2326 33 15 we
1124 2320 89 21 confess
1233 2327 34 16 we

678 2355 37 16 are
725 2352 23 19 at
757 2355 14 15 a
779 2348 47 23 loss
837 2353 21 18 to
868 2350 113 24 conceive.
1019 2350 23 24 It
1050 2358 96 24 appears
1153 2351 112 31 however,

680 2381 47 23 that
744 2380 36 24 his
798 2381 116 32 Lordship
933 2383 173 31 acknowledges
1128 2385 38 24 the
1183 2387 85 30 receipt

679 2414 26 23 of
713 2414 37 23 the
762 2414 139 31 documents,
919 2416 45 23 and
976 2417 121 24 concludes
1110 2418 36 23 his
1157 2418 66 24 letter
1242 2427 25 16 as

678 2447 101 24 follows:
782 2460 32 5 —

738 2480 13 23 I
763 2489 37 15 am
819 2480 98 25 directed
930 2487 22 19 to
965 2484 105 30 acquaint
1086 2492 47 23 you
1145 2484 48 25 that
1205 2485 63 24 Lord

679 2513 96 32 Stanley
791 2520 122 26 postpones
931 2524 45 23 any
987 2517 156 24 observations
1164 2519 59 24 until
1239 2519 35 24 he

679 2546 61 24 shair
748 2546 57 25 have
818 2549 102 23 received
933 2549 38 24 the
983 2551 95 30 petition
1090 2551 98 31 through
1200 2552 66 32 Capt.

680 2580 105 29 Hobson,
799 2581 44 24 and
854 2582 39 23 the
905 2583 158 31 explanations
1080 2585 54 23 with
1147 2586 73 23 which
1240 2587 28 23 he

679 2613 47 24 will
737 2621 137 25 accompany

712 2646 35 24 As
758 2647 45 24 will
816 2648 26 24 be
860 2656 54 16 seen
931 2649 31 31 by
981 2658 12 15 a
1006 2649 112 32 dispatch,
1136 2651 67 24 dated
1216 2653 52 24 Go-

679 2685 119 19 vernment
831 2681 89 29 House,
957 2682 41 25 sth
1024 2684 103 31 August,
1147 2686 122 24 Governor

680 2713 99 24 Hobson
790 2715 75 23 writes
878 2723 25 15 as
913 2715 88 25 follows
1011 2725 42 15 :—
1140 2737 7 8 ,
1160 2734 4 3 .

740 2747 43 31 My
795 2747 70 30 Lord,
866 2761 35 4 —
903 2748 11 24 I
929 2750 55 23 have
1004 2750 38 24 the
1060 2750 90 25 honour
1167 2750 25 26 'to
1209 2753 61 25 refer

680 2787 56 24 your
748 2780 115 32 Lordship
876 2787 22 18 to
910 2790 14 15 a
941 2784 104 30 petition,
1059 2785 122 24 addressed
1193 2788 21 22 to
1228 2787 40 24 her

681 2813 100 32 Majesty
793 2815 58 22 from
864 2823 62 16 some
939 2816 27 23 of
974 2816 37 24 the
1023 2817 141 25 inhabitants
1178 2820 24 23 of
1211 2820 58 24 Port

680 2846 134 30 Nicholson,
826 2849 106 30 prating.
936 2849 35 23 for
982 2858 38 23 my
1033 2852 100 23 removal
1146 2852 58 24 from
1223 2854 46 23 this

680 2879 164 31 Government,
868 2881 74 25 which
966 2882 13 25 I
1002 2884 131 31 apprehend
1155 2894 45 15 was
1221 2887 47 23 for-

680 2914 88 23 warded
792 2915 24 22 in
834 2914 39 24 the
896 2916 61 31 early
976 2922 53 26 part
1049 2918 24 23 of
1093 2918 66 30 June,
1182 2920 22 23 in
1223 2920 46 24 this

680 2952 91 25 present
789 2955 62 23 year,
865 2957 14 15 a
890 2957 57 23 copy
960 2950 25 23 of
995 2950 74 24 which
1082 2952 19 22 is
1115 2953 119 24 contained
1244 2955 24 22 iv

679 2980 38 23 the
779 2981 26 23 of
814 2989 82 24 papers
908 2983 13 23 I
934 2983 109 25 herewith
1056 2986 114 23 transmit.

713 3013 25 24 It
755 3014 20 23 is
795 3014 81 32 highly
887 3022 130 26 repugnant
1039 3023 21 18 to
1079 3027 40 23 my
1129 3018 97 32 feelings
1246 3025 22 19 to

680 3046 55 24 offer
745 3054 44 24 any
797 3048 92 24 defence
898 3054 22 18 to
928 3058 26 15 so
963 3050 79 32 unjust
1051 3052 44 23 and
1103 3060 26 15 so
1138 3053 131 25 unfounded

679 3082 142 22 accusations
830 3091 6 19 ;
856 3082 49 29 but,
919 3084 35 23 for
972 3091 58 23 your
1048 3084 137 33 Lordship's
1197 3088 71 23 infor-

679 3114 93 29 mation,
785 3114 14 23 I
816 3115 45 30 beg
880 3120 22 18 to
915 3121 58 19 state
985 3117 49 24 that
1046 3117 12 24 I
1078 3119 60 31 deny
1150 3119 49 24 that
1210 3121 59 24 Port

680 3146 127 25 Nicholson
826 3148 20 23 is
859 3148 74 25 either
943 3150 185 32 geographically
1145 3161 25 15 or
1187 3153 83 33 locally

680 3180 96 31 adapted
792 3181 38 23 for
838 3183 32 21 a-
881 3187 60 19 seat'
951 3183 25 23 of
992 3180 159 28 Government
1185 3187 13 23 I
1210 3188 60 32 deny

680 3213 46 23 also
738 3213 50 24 that
799 3213 13 24 I
823 3209 116 30 iyer'sent
957 3225 14 14 a
988 3218 75 23 vessel
1082 3219 24 22 to
1122 3220 73 23 entice
1206 3229 64 24 away

680 3246 57 23 from
748 3246 58 24 Port
813 3244 128 28 Nicholson
951 3257 44 23 any
1003 3246 112 38 artificers
1122 3260 26 15 or
1153 3252 116 27 labourers

680 3279 49 24 who
736 3280 73 23 *could
827 3281 29 23 be
877 3281 96 25 induced
994 3288 24 19 to
1037 3284 74 24 leave,
1123 3285 50 24 that
1182 3303 3 4 .
1192 3288 77 24 settle-

679 3317 87 21 ment:,
776 3314 44 23 and
839 3314 12 23 I
873 3315 46 32 beg
939 3317 147 31 respectfully
1099 3322 23 19 to
1141 3319 97 29 submit;
1247 3326 23 19 to

679 3354 57 22 your
749 3346 124 33 Lordship,
883 3349 50 23 that
945 3350 23 23 in
980 3349 39 24 the
1028 3350 98 25 absence
1135 3352 25 23 of
1169 3343 101 42 inyjlue

679 3383 24 19 to
726 3387 25 15 or
774 3380 134 32 knowledge
977 3383 38 23 the
1016 3404 6 8 r
1042 3383 113 25 intention
1178 3388 24 22 of
1212 3404 3 4 .
1229 3388 41 24 her

680 3412 124 32 Majesty's
816 3414 159 25 Government
988 3417 98 24 towards
1093 3417 40 25 the
1145 3420 90 24 settlers
1248 3422 24 22 of

680 3446 58 24 Port
757 3446 135 31 Nicholson,
913 3449 45 25 and
977 3450 97 24 without
1092 3451 39 24 the
1155 3453 113 33 authority

680 3479 89 32 usually
787 3481 80 24 vested
886 3482 24 23 in
929 3491 14 14 a
963 3482 143 32 Governor/I
1113 3485 18 24 ,
1147 3486 66 24 could
1230 3493 40 19 not

680 3514 52 22 visit
751 3514 50 23 that
819 3514 131 25 settlement
968 3517 64 24 with,
1045 3526 45 23 any
1103 3518 125 34 advantage
1247 3527 23 18 to

681 3546 38 23 the
731 3547 148 24 inhabitants.
1064 3569 3 6 ,
1110 3545 2 3 '

713 3579 77 24 These
807 3580 65 24 three
890 3573 136 40 allegations
1038 3583 67 25 form'
1117 3585 38 24 the
1169 3588 101 29 grounds

681 3612 24 23 of
715 3612 38 24 the
764 3614 104 30 petition.
905 3615 52 24 The
968 3616 51 24 first
1030 3617 21 23 is
1060 3623 48 18 met
1119 3618 30 31 by
1160 3628 13 15 a
1180 3623 90 22 contra-

680 3644 92 31 diction,
795 3647 111 29 jfojunded
935 3656 30 18 on
999 3649 117 33 authority
1129 3652 3 6 '
1146 3652 37 24 the
1211 3655 69 24 most'

680 3679 117 23 authentic
816 3681 46 22 and
885 3681 161 29 disinterested
1051 3700 4 3 .
1076 3684 50 24 that
1138 3685 3 4 '
1155 3686 66 25 could
1242 3688 28 24 be

680 3712 126 31 procured^
823 3712 47 24 the.
875 3712 84 26 second
971 3712 14 26 I
1003 3716 60 31 deny
1075 3717 24 23 in
1118 3718 93 26 distinct
1227 3722 43 23 and

680 3745 96 31 positive
797 3749 78 26 terms,
895 3748 137 32 premising,
1055 3750 121 34 however/
1188 3754 50 24 that
1258 3755 12 24 I

681 3778 38 23 did
738 3785 75 19 cause.
817 3784 23 19 to
857 3780 29 23 be
906 3780 72 30 hired,
998 3782 86 33 fpr^jthe
1096 3787 86 23 service
1193 3788 26 23 of
1234 3789 38 22 the

680 3811 170 48 gover^men^
866 3811 36 30 in.',
921 3811 102 39 er>ctfng
1023 3837 12 12 ;!
1234 3822 39 24 the

672 3860 3 16 :
680 3848 131 31 meeHanfcs
806 3870 6 9 j
833 3848 61 28 anff,
899 3848 133 24 labourers-.
1036 3851 178 30 weptioned^ih
1233 3855 39 26 itKe

682 3878 113 31 margin,*
806 3878 36 25 for
853 3879 79 26 whom
939 3881 49 24 free
999 3877 273 41 passiigfrWsrproviaed
1279 3884 3 2 '

681 3912 24 23 in
718 3940 4 5 ,
724 3919 14 16 a
746 3938 3 5 ,
755 3912 53 33 t'tffi
812 3912 61 36 $,§$
883 3921 53 22 -38*8
944 3916 213 36 JWWallyspaasifag
1171 3920 103 26 between
1280 3910 2 33 .

673 3947 47 21 line
737 3950 63 27 ports
809 3946 115 29 ;.bufctt*o
941 3949 35 23 fer
992 3949 129 33 fronu^thp
1134 3959 56 28 .step
1204 3954 71 33 being

1288 133 70 23 taken
1369 133 26 23 in
1406 141 14 15 a
1437 132 140 25 clandestine
1585 153 6 9 ,
1595 141 103 22 manner,
1715 133 14 24 I
1739 134 136 24 .advertised

1287 165 37 24 for
1463 166 118 32 generally,
1586 166 140 32 jthroughout
1735 167 39 24 the
1785 167 89 31 colony,

1287 197 94 25 without
1399 198 116 24 reference
1538 204 23 18 to
1579 199 60 25 iPort
1663 199 127 25 Nicholson
1812 208 63 17 more

1289 231 53 23 than
1355 239 44 23 any
1410 231 66 24 other
1487 231 137 30 settlement,
1637 230 75 27 wliere
1726 232 64 24 there

1289 264 56 24 have
1357 264 56 24 been
1431 272 53 16 men
1499 265 100 30 -wanting
1611 265 155 31 employment
1775 274 7 16 :
1800 271 23 18 to
1836 266 38 23 the

1288 296 67 29 third,
1369 297 13 24 I
1395 302 59 19 trust
1465 305 56 23 your
1534 297 115 32 Lordship
1659 299 44 23 will
1715 298 103 24 consider
1826 299 49 23 that

1289 330 12 23 I
1315 329 54 24 have
1381 331 70 30 given
1462 339 14 15 a
1487 330 114 24 sufficient
1613 331 73 31 reply.

1451 363 13 24 I
1475 363 65 28 have,
1552 363 54 29 &c,
1663 377 10 10 ..

1527 395 112 32 (Signed)
1673 401 8 9 *

1485 435 29 20 To
1524 434 24 21 be
1555 434 117 23 continued.

1322 487 42 23 We
1372 487 56 24 have
1437 494 40 18 not
1484 488 119 31 presented
1613 497 42 15 our
1664 489 98 29 readers,
1770 490 53 24 with
1832 499 44 23 any

1287 519 27 24 of
1322 520 38 24 the
1372 521 147 32 proceedings
1532 521 25 24 of
1566 522 38 24 the
1613 522 110 31 Supreme
1735 523 78 29 Court,
1821 523 54 24 dur-

1287 553 40 30 ing
1338 553 38 23 the
1388 554 100 31 sittings.
1519 554 43 24 We
1574 555 56 23 have
1642 556 58 23 been
1711 556 114 31 promised
1838 557 37 24 the

1287 591 64 18 notes
1362 587 27 22 of
1404 595 14 15 a
1434 588 149 30 professional
1602 588 139 31 gentleman,
1763 589 49 24 who
1834 590 41 24 has

1287 618 53 32 paid
1356 621 123 29 particular
1496 622 111 23 attention
1618 627 23 18 to
1661 621 37 24 the
1719 623 155 31 proceedings,

1287 650 150 33 and'propose
1451 654 82 31 adding
1542 662 13 15 a
1568 654 151 31 supplement,
1733 655 99 25 wherein
1842 665 33 15 we

1287 685 67 30 hope.
1357 690 23 19 to
1391 686 90 24 include
1493 695 14 15 a
1518 688 60 23 clear
1585 695 118 24 summary
1712 688 26 23 of
1747 688 36 24 the
1794 689 80 30 whole,

1287 718 72 23 which
1378 726 54 24 may
1451 720 27 23 be
1498 721 121 30 preserved
1637 721 31 30 by
1679 722 76 28 itself;
1776 730 25 16 as
1813 730 62 16 some

1287 751 66 31 thing
1370 753 154 31 approaching
1542 758 23 19 to
1584 754 39 23 the
1632 760 80 18 nature
1725 756 25 22 of
1768 756 38 23 the
1818 760 56 19 term

1287 789 87 26 reports
1384 786 25 22 of
1418 793 41 16 our
1470 786 82 24 Courts
1564 791 23 19 at
1601 788 85 28 Home,
1698 788 44 24 and
1752 789 58 23 until
1822 789 53 23 then

1287 817 58 23 shall
1362 818 87 24 refrain
1467 819 57 24 from
1543 820 95 31 making
1656 828 44 23 any
1721 822 154 23 observations

1287 858 61 24 upon
1366 851 38 23 the
1420 857 92 25 present
1523 860 55 23 very
1590 854 175 31 unsatisfactory
1776 859 59 20 state
1854 855 24 23 of

1287 891 41 16 our
1351 883 104 25 Colonial
1489 885 139 31 Legislative
1653 886 157 31 Enactments,
1837 894 39 17 not

1287 916 53 32 only
1350 924 63 24 upon
1424 918 53 23 civil
1489 918 40 23 but
1541 919 103 23 criminal
1656 925 102 19 matters.

1320 970 44 24 We
1376 979 38 16 are
1426 972 68 23 much
1507 972 107 24 indebted
1626 979 23 17 to
1661 982 42 15 one
1713 975 26 22 of
1754 982 40 16 our
1806 975 69 24 Com-

1287 1005 92 23 mercial
1399 1005 148 24 Subscribers
1558 1006 36 23 for
1615 1014 29 15 an
1665 1007 109 23 amended
1794 1008 39 24 list
1853 1009 26 23 of

1288 1038 79 23 Prices
1381 1037 107 25 Current.

1320 1093 44 23 We
1376 1093 45 23 had
1434 1094 89 23 written
1536 1103 40 15 our
1588 1095 90 23 further
1696 1096 103 24 remarks
1813 1104 62 25 upon

1290 1127 37 22 the
1344 1131 104 19 contents
1467 1128 24 22 of
1507 1127 38 24 the
1566 1127 59 24 Blue
1647 1129 75 29 Book,
1742 1129 76 24 before
1839 1130 38 25 the

1290 1158 100 25 Colonist
1410 1160 26 23 of
1452 1161 120 30 yesterday
1592 1169 63 16 came
1677 1167 23 18 to
1719 1162 68 24 hand.
1832 1164 44 24 We
1889 1159 1 23 !

1289 1193 55 23 have
1361 1193 92 23 noticed
1465 1202 12 15 a
1487 1193 67 24 letter
1574 1195 81 30 signed
1677 1203 13 16 a
1726 1201 49 18 true
1789 1196 87 25 British

1418 1228 95 22 because
1536 1235 33 16 we
1594 1228 74 24 would
1693 1235 40 17 not
1762 1230 27 22 be
1819 1238 56 23 sup-

1290 1258 76 32 posed,
1386 1263 23 19 to
1432 1259 69 24 admit
1521 1261 71 23 either
1616 1261 38 24 the
1673 1261 103 32 justness
1800 1264 25 22 of
1841 1264 35 23 his

1289 1292 103 31 personal
1414 1294 112 28 remarks,
1550 1302 25 16 or
1595 1294 37 24 the
1653 1295 127 23 soundness
1800 1296 25 24 of
1841 1298 36 22 his

1290 1325 132 32 reasonings
1442 1327 24 23 in
1484 1332 94 26 support
1590 1328 25 23 of
1631 1328 70 29 them,
1723 1334 24 18 at
1759 1329 38 24 the
1815 1337 62 16 same

1290 1360 53 22 time
1354 1366 33 15 we
1400 1367 38 15 are
1450 1367 63 24 sorry
1526 1361 48 23 that
1585 1361 31 30 by
1627 1369 25 15 so
1665 1362 76 31 doing,
1755 1362 28 23 he
1795 1363 82 23 should

1289 1391 56 24 have
1351 1392 98 24 entailed
1457 1401 59 23 upon
1524 1401 28 16 us
1559 1394 37 23 the
1604 1396 113 28 necessity
1726 1395 25 23 of
1754 1396 125 31 criticising

1291 1426 36 22 the
1347 1424 45 24 late
1411 1425 139 25 Governor's
1569 1427 98 23 conduct
1684 1436 63 15 more
1767 1430 111 31 minutely

1291 1458 52 23 than
1355 1464 33 18 we
1407 1458 82 25 should
1506 1460 118 24 otherwise
1637 1461 56 23 have
1714 1461 56 24 been
1783 1462 96 24 induced

1292 1497 20 18 to
1325 1492 36 23 do.
1423 1493 25 23 A
1460 1492 62 24 True
1539 1493 89 24 British
1757 1495 80 31 begins
1850 1496 29 31 by

1291 1525 131 31 observing:
1425 1538 34 4 —
1486 1526 36 23 De
1534 1525 106 25 Mortuis
1653 1527 34 23 nil
1696 1527 46 24 nisi
1754 1527 85 31 bonum,
1859 1530 20 22 is

1291 1566 24 15 so
1326 1558 105 31 popular,
1453 1565 24 16 so
1491 1559 59 29 trite,
1568 1560 44 23 and
1628 1568 26 15 so
1674 1561 60 30 good
1754 1569 29 15 an
1800 1562 78 31 adage,

1292 1591 46 23 that
1350 1599 57 15 even
1427 1591 37 24 the
1475 1592 76 24 writer
1564 1593 24 23 of
1605 1593 38 24 the
1661 1593 92 31 leading
1764 1595 78 24 article
1855 1597 24 22 in

1292 1624 43 23 this
1347 1624 55 31 days
1418 1624 102 30 Gazette,
1540 1626 55 23 with
1608 1626 30 23 all
1656 1627 36 22 his
1714 1628 45 23 self
1775 1629 104 23 assumed

1292 1657 140 32 knowledge,
1445 1663 65 24 taste,
1523 1659 45 23 and
1579 1659 116 32 breeding,
1709 1661 71 30 ought
1789 1666 22 18 to
1822 1662 59 24 have

1291 1691 95 31 adopted
1398 1692 45 22 and
1455 1692 64 23 acted
1531 1700 61 23 upon
1848 1691 4 7 '
1865 1692 4 12 '

1286 1741 2 5 .
1325 1724 28 24 In
1367 1732 87 16 answer
1465 1730 23 18 to
1501 1725 46 23 this
1559 1734 33 14 we
1604 1725 57 25 have
1674 1727 53 30 only
1736 1731 21 19 to
1769 1735 52 24 say,
1832 1728 49 24 that

1354 1765 13 15 a
1378 1758 87 30 private
1482 1758 146 31 gentleman,.
1634 1767 26 16 as
1672 1768 14 15 a
1697 1760 113 30 bachelor,
1824 1769 25 15 as
1867 1771 14 14 a

1293 1790 109 29 husband-,
1443 1800 13 14 a
1464 1791 98 30 father,'-'
1568 1792 109 32 although
1686 1801 33 15 we
1725 1799 82 19 cannot
1817 1795 64 24 boast

1293 1824 24 23 of
1333 1824 38 23 the
1381 1824 105 32 pleasure
1488 1835 3 6 1
1498 1825 26 23 of
1538 1825 86 32 having
1641 1826 83 25 known
1736 1827 47 24 him
1801 1828 24 23 in
1837 1837 45 23 any

1292 1865 42 15 one
1352 1858 25 22 of
1394 1858 64 23 these
1477 1858 136 30 characters,
1634 1867 33 15 we
1684 1861 87 31 readily
1782 1862 39 30 pin
1841 1870 40 15 our

1291 1890 56 23 faith
1360 1899 61 23 upon
1491 1891 63 24 True
1566 1892 87 24 British
1667 1894 115 23 Sailor's"
1798 1894 83 30 sleeve,

1292 1925 42 22 and
1343 1924 51 30 join
1406 1925 24 22 in
1443 1924 37 24 the
1495 1926 75 30 praise
1583 1933 25 15 so
1625 1926 75 32 justly
1711 1927 43 23 due
1775 1932 22 19 to
1810 1936 68 23 every

1292 1964 52 16 man
1350 1957 108 30 fulfilling
1465 1958 37 23 the
1508 1958 75 23 duties
1588 1960 105 22 attached
1700 1964 22 19 to
1728 1960 54 23 each
1790 1962 25 21 of
1819 1962 63 23 these

1291 1984 139 28 characters.
1454 1989 42 23 We
1505 1990 44 22 will
1558 1997 39 23 say
1604 1990 94 29 further,
1706 1998 55 17 even
1769 1992 20 23 if
1798 1999 32 17 we
1838 1992 44 24 had

1292 2021 153 31 indisputable
1456 2021 68 31 proof
1540 2022 48 23 that
1606 2024 24 21 in
1651 2024 73 23 either
1736 2032 25 15 or
1782 2033 66 23 every
1860 2026 25 23 of

1294 2054 63 23 these
1367 2054 117 29 relations,
1503 2054 28 24 he
1543 2055 44 23 had
1606 2056 57 23 been
1677 2057 38 22 the
1727 2058 109 31 opposite,
1857 2066 25 15 as

1294 2087 81 23 Editor
1385 2088 25 22 of
1420 2096 13 14 a
1443 2087 76 31 public
1528 2088 100 31 journal,
1649 2089 78 24 unless
1738 2090 36 23 his
1787 2091 96 24 conduct

1293 2121 23 22 in
1328 2128 45 23 any
1383 2128 44 16 one
1437 2121 91 23 became
1540 2127 83 18 matter
1639 2123 27 22 of
1681 2123 76 31 public
1776 2125 106 31 notority,

1294 2161 32 15 we
1338 2153 83 24 should
1440 2159 38 18 not
1490 2154 57 24 have
1567 2156 119 30 presumed
1707 2161 22 18 to
1742 2157 67 23 make
1822 2158 61 24 them

1295 2190 92 21 matters
1395 2187 26 23 of
1430 2187 77 31 public
1518 2188 136 24 discussion.
1689 2190 37 23 As
1733 2198 13 15 a
1757 2190 125 31 Governor,

1293 2220 111 29 however,
1418 2228 32 15 we
1461 2221 66 23 claim
1541 2222 39 23 the
1591 2222 62 31 right
1665 2223 25 23 of
1705 2223 130 33 discussing
1847 2225 36 24 his

1294 2254 77 30 public
1381 2254 123 28 character,
1517 2254 29 23 he
1558 2262 69 17 never
1637 2256 58 29 dies,
1707 2256 43 24 and
1758 2265 25 15 so
1792 2257 56 32 long
1858 2266 26 16 as

1295 2294 43 24 any
1350 2291 48 19 acts
1411 2287 25 23 of
1451 2287 35 23 his
1506 2288 77 30 public
1601 2288 48 29 life,
1663 2289 30 31 by
1706 2289 71 24 which
1790 2292 38 23 the
1848 2293 35 22 in-

1296 2325 80 18 terests
1397 2320 26 23 of
1441 2329 12 14 a
1474 2322 139 30 community
1627 2330 52 16 over
1691 2323 73 24 whom
1782 2324 29 23 he
1831 2332 53 24 may

1287 2353 65 27 .have
1363 2354 58 23 been
1434 2353 85 32 placed,
1533 2362 52 23 may
1592 2355 58 23 have
1659 2356 57 23 been
1729 2357 101 30 affected,
1842 2358 42 24 but

1295 2386 72 25 which
1380 2386 59 24 from
1451 2388 38 22 the
1497 2388 100 30 peculiar
1608 2390 99 29 position
1716 2390 27 23 in
1753 2391 72 23 which
1837 2392 48 24 that

1286 2416 2 30 !
1296 2421 143 30 community
1449 2428 53 24 may
1514 2421 27 23 be
1562 2421 86 32 placed,
1670 2422 29 24 do
1719 2430 39 17 not
1779 2432 63 16 come
1861 2430 22 19 to

1286 2447 2 46 j
1295 2454 59 30 light
1366 2454 34 23 till
1413 2454 57 23 after
1488 2454 35 23 his
1541 2454 102 30 decease,
1665 2456 54 31 they
1731 2457 91 25 become
1841 2459 43 23 fair

1296 2491 81 19 matter
1397 2487 37 23 for
1460 2488 116 29 criticism,
1597 2496 103 23 censure,
1722 2498 25 15 or
1766 2492 116 30 applause.

1295 2520 55 25 And
1361 2520 39 24 the
1418 2520 103 24 remarks
1535 2529 60 23 upon
1611 2522 70 28 them,
1700 2523 113 25 whatever
1832 2525 52 31 they

1296 2562 51 22 may
1359 2554 36 28 be,
1409 2561 51 23 may
1472 2554 56 24 have
1541 2555 38 23 the
1591 2555 66 24 effect
1668 2557 72 23 either
1751 2558 26 23 of
1790 2553 95 37 causing

1287 2587 70 39 [them
1369 2592 23 18 to
1406 2587 28 23 be
1444 2588 103 23 imitated
1555 2588 21 23 if
1585 2588 66 32 good,
1661 2597 26 16 or
1698 2591 93 23 avoided
1803 2592 20 23 if
1832 2592 50 24 bad.

1355 2621 25 23 A
1392 2620 62 24 True
1466 2621 88 24 British
1568 2621 74 25 Sailor
1679 2628 55 19 next
1745 2625 106 24 observes
1851 2638 34 5 —

1320 2654 20 23 if
1349 2662 44 23 you
1406 2654 57 23 refer
1474 2659 22 18 to
1505 2656 38 23 the
1549 2655 61 31 early
1616 2661 51 26 part
1675 2657 25 23 of
1706 2658 37 22 the
1751 2666 133 24 correspon-

1296 2687 68 23 dence
1382 2687 121 32 published
1521 2689 23 22 in
1565 2688 37 24 the
1621 2689 60 24 Blue
1700 2691 74 29 Book,
1787 2692 28 23 he
1834 2700 45 15 was

1296 2720 83 24 chosen
1403 2720 28 32 by
1450 2720 39 24 the
1512 2720 70 33 Whig
1600 2722 110 33 Ministry
1728 2722 120 35 (although
1869 2734 11 15 a

1298 2754 57 29 lory
1368 2754 24 23 in
1411 2753 101 32 politics)
1525 2759 23 18 to
1568 2756 108 24 establish
1690 2757 65 24 order
1767 2759 44 23 and
1818 2747 64 43 'good

1298 2787 156 24 Government
1472 2788 24 23 in
1515 2788 46 23 this
1584 2788 96 33 Colony.
1710 2790 46 27 ,He
1770 2792 53 24 held
1835 2794 49 22 that

1298 2820 35 24 the
1344 2820 55 24 laws
1412 2821 23 23 oi
1445 2820 36 24 his
1494 2827 95 26 country
1601 2830 59 16 were
1673 2824 86 24 framed
1771 2826 23 23 in
1801 2826 84 31 justice

1297 2854 44 23 and
1353 2861 96 23 mercy,.
1451 2854 45 24 and
1509 2854 49 24 that
1569 2856 18 23 it
1603 2864 46 16 was
1662 2856 36 25 his
1710 2865 73 17 sworn
1796 2860 55 31 duty
1864 2865 22 19 to

1296 2887 134 23 abminister
1453 2887 62 25 them
1538 2889 53 23 with
1612 2890 111 31 vigilance
1742 2892 45 23 and
1801 2893 84 31 impar-

1296 2921 84 30 tiality,
1400 2920 43 24 and
1465 2921 45 23 this
1530 2921 29 24 he
1581 2923 37 24 did
1638 2929 22 18 to
1681 2924 38 24 the
1738 2925 53 23 best
1810 2926 25 24 of
1850 2927 36 22 his

1418 2947 14 44 {
1442 2954 111 30 Granted,
1562 2955 40 25 but
1611 2956 59 24 what
1679 2957 53 24 does
1742 2959 48 22 that
1801 2967 69 23 prove
1879 2968 5 20 ;

1297 2987 46 23 this
1354 2987 78 29 much,
1444 2988 50 23 that
1511 2988 29 24 he
1561 2997 52 23 may
1623 2990 58 23 have
1701 2992 65 22 acted
1763 2987 8 12 s
1778 3000 24 14 so
1809 3006 2 5 .
1822 3000 24 15 as
1863 2997 23 19 to

1297 3021 79 30 satisfy
1397 3021 15 24 f
1421 3021 23 23 A
1462 3021 64 24 True
1545 3022 89 24 British
1654 3023 75 25 Sailor
1766 3025 44 23 and
1822 3025 64 24 those

1296 3054 49 23 who
1366 3054 119 31 employed
1503 3054 55 30 him,
1578 3056 44 23 and
1645 3056 47 23 that
1712 3058 20 22 is
1752 3057 38 24 the
1807 3063 79 19 extent

1286 3093 2 17 I
1296 3086 81 24 which!
1449 3088 62 23 True
1531 3088 89 24 British
1640 3086 75 27 Sailor
1759 3098 43 16 can
1819 3091 66 28 cla,im

1297 3119 70 25 credit
1372 3121 42 24 .for
1426 3120 56 24 him.
1519 3121 35 23 To
1567 3121 46 24 this
1624 3129 33 16 we
1667 3122 57 24 have
1736 3124 54 31 only
1802 3130 23 18 to
1837 3133 48 23 say,

1299 3154 46 23 that
1357 3161 33 15 we
1404 3153 57 23 have
1473 3161 29 15 no
1514 3154 142 31 prediction
1677 3154 35 31 fp'r
1731 3157 72 24 either
1815 3159 71 31 Wtig

1297 3195 24 16 or
1333 3187 81 31 Tory,;
1428 3186 53 31 they
1493 3195 38 16 are
1543 3187 31 24 all
1591 3193 54 27 part
1660 3190 43 23 and
1723 3191 78 31 parcel
1818 3192 24 24 of
1858 3201 28 15 an

1297 3220 138 24 aristocratic
1447 3220 140 32 obligarchy,
1598 3222 74 24 which
1682 3230 118 24 possesses
1811 3233 76 23 power

1296 3255 30 30 by
1338 3254 141 30 usurpation,
1499 3255 43 22 and
1555 3255 73 24 either
1630 3249 3 13 1
1646 3262 68 26 party
1725 3258 133 24 administer
1869 3260 18 23 it

1297 3296 24 14 as
1335 3286 52 31 they
1401 3294 48 21 can,
1462 3287 135 33 alternately
1610 3289 100 32 cajoling
1721 3291 38 23 the
1769 3293 82 31 people
1863 3298 23 19 to

1298 3325 50 20 oust
1359 3320 60 23 their
1430 3321 160 30 opponents./
1602 3323 56 23 And
1669 3326 123 29 we'repeat
1809 3327 75 30 again,

1297 3354 38 24 the
1347 3352 67 35 creedj
1428 3352 73 25 ofth'e
1514 3352 148 29 aristocratic,
1673 3357 58 23 form
1744 3358 44 24 and
1800 3365 86 25 system

1298 3387 20 28 of,
1324 3404 3 8 >
1331 3391 150 26 government
1491 3388 21 23 is
1521 3390 93 29 .passive
1627 3390 130 30 obedience,
1770 3393 45 23 and
1827 3401 60 16 non-

1297 3421 124 23 resistance
1432 3424 24 19 to
1470 3420 39 24 the
1527 3429 89 23 powers
1628 3423 51 23 that
1698 3423 36 30 be,
1755 3432 30 16 no
1806 3430 82 21 matter

1297 3454 50 23 how
1369 3453 51 24 that
1440 3461 77 24 power
1539 3455 21 23 is
1580 3456 108 30 acquired
1711 3465 24 16 or
1758 3456 127 33 by'whom

1298 3482 102 42 wielded,
1409 3488 45 22 and
1461 3494 30 16 no
1500 3488 155 31 subordinate,
1663 3491 75 26 under,
1748 3499 45 23 any
1801 3493 86 24 branch

1298 3519 25 26 of
1338 3519 28 31 a,'.
1373 3520 159 24 Government
1552 3529 25 16 so
1596 3524 146 30 constituted,
1754 3526 21 23 is
1794 3526 94 25 allowed

1298 3554 37 23 the
1348 3554 101 23 exercise
1461 3554 25 22 of
1494 3555 89 30 private
1599 3556 130 31 judgment,
1742 3558 59 24 least
1815 3560 26 23 of
1857 3561 31 23 all

1297 3587 114 24 members
1428 3587 27 23 of
1466 3587 42 24 the
1521 3596 64 24 army
1597 3588 44 25 avid
1653 3597 75 25 navy,,
1730 3599 25 16 as
1766 3592 35 24 far
1814 3601 25 15 as
1851 3601 37 17 re-

1297 3621 68 31 gaTds
1377 3620 39 24 the
1427 3620 76 24 duties
1515 3622 25 22 of
1550 3622 59 24 their
1618 3623 149 31 prpfessious,
1778 3625 110 33 although

1298 3655 54 31 they
1362 3661 56 23 may
1428 3662 25 15 as
1465 3658 24 19 to
1501 3654 39 24 the
1551 3655 67 24 mode
1630 3656 30 23 of'
1665 3657 148 34 discharging
1823 3660 66 24 those

1298 3688 97 29 duties.,
1418 3687 89 31 Lastly,
1600 3689 63 25 True
1682 3691 90 25 British

1298 3728 94 18 accuses
1404 3728 27 16 us
1443 3721 25 23 of
1504 3722 119 32 intruding
1634 3731 30 16 on
1676 3724 44 24 the-
1732 3727 79 24 sacred
1828 3728 64 30 grief

1299 3755 24 23 of
1340 3754 38 24 his
1399 3753 113 25 bereaved
1597 3759 125 30 sorrowing
1844 3762 45 24 and

1298 3787 88 31 family,
1394 3813 6 8 r
1404 3788 29 23 in'
1441 3787 65 24 order
1518 3793 23 19 to
1557 3796 66 17 serve
1639 3797 42 17 our
1693 3799 50 15 own
1754 3799 135 27 mercenary

1289 3828 4 26 ;
1296 3819 106 31 interest;
1417 3820 45 24 and
1479 3820 87 26 bolster
1583 3830 32 25 up
1623 3817 25 30 /a
1668 3825 110 33 tottering

1300 3850 69 37 Th^-,
1381 3854 84 24 chance
1473 3869 25 14 lX
1494 3855 26 24 of
1540 3855 102 33 .hearing
1669 3857 39 26 the
1736 3859 77 32 public
1842 3866 48 20 acts

1300 3888 26 24 of
1340 3896 15 15 a
1366 3888 109 26 deceased
1492 3888 107 26 husband
1617 3890 125 31 discussed,
1760 3893 22 23 is
1801 3893 59 26 one'
1867 3895 27 24 of

1300 3921 71 30 thtofr
1374 3921 117 26 incidents
1641 3924 85 30 wiyes,.
1731 3925 51 25 who

1287 3948 3 31 I
1301 3955 60 29 their
1367 3954 119 26 husbands
1494 3964 27 16 ao
1530 3957 188 31 circumstanced,
1727 3964 61 21 must
1799 3966 99 27 expect.-

1903 134 51 24 The
1975 134 64 30 lives,
2063 135 108 32 liberties,
2203 137 53 28 and.
2272 137 95 31 feelings
2394 138 27 24 of
2450 138 37 24 the

1903 167 71 31 living
1985 175 37 16 are
2035 175 25 16 as
2072 169 78 24 sacred
2154 187 7 16 ;
2168 177 25 17 as
2211 169 45 25 ther
2268 170 120 24 memories
2408 172 26 23 of
2450 172 38 24 the

1903 200 63 29 dead,
1978 201 45 23 and
2043 201 27 24 ia
2073 214 4 12 t
2085 208 29 17 no
2126 210 48 25 wpy
2186 208 44 18 are*
2236 203 53 31 they
2293 210 33 17 'so
2343 203 72 33 likely
2425 210 23 18 to
2461 206 27 23 be

1903 233 115 31 protected
2030 234 58 23 from
2100 234 38 25 the
2150 240 95 27 tyranny
2265 236 44 24 and
2320 238 135 30 oppression
2465 238 24 24 of

1903 266 58 23 their
1971 267 81 28 rulers,
2065 267 44 23 and
2120 269 145 31 particularly
2277 270 26 23 of
2308 270 73 24 rulers
2392 271 51 23 who
2450 279 38 16 are

1903 304 39 18 not
1961 299 25 23 of
2003 299 59 24 their
2082 307 49 17 own
2156 302 116 30 choosing,
2294 311 24 15 as
2339 304 30 30 by
2386 303 102 32 shewing

1903 331 65 24 those
1980 332 49 23 who
2048 340 48 23 may
2110 335 91 30 acquire
2213 335 49 24 that
2274 336 83 23 station
2369 335 49 25 that
2430 337 58 23 their

1903 369 49 18 acts
1963 365 29 23 do
2010 369 41 20 not
2068 365 36 24 die
2123 367 53 23 with
2189 368 183 29 thenvwhether
2387 370 61 31 good
2464 377 24 16 or

1905 397 51 24 bad;
2069 420 43 5 ...

1902 438 2 3 •
1918 431 6 16 ;
1929 430 44 24 -As
1991 431 93 31 regards
2093 437 54 18 'our
2166 434 96 23 motives
2280 443 25 15 or
2324 443 42 16 our
2380 435 75 24 desire
2466 440 23 20 to

1904 471 64 16 serve
1980 471 14 16 a
2006 465 108 31 tottering
2126 473 73 22 cause,
2211 474 33 16 we
2256 468 58 23 shall
2332 469 52 30 only
2397 476 42 24 say
2457 476 32 17 we

1904 497 56 23 have
1970 504 29 16 no
2011 498 85 30 private
2109 499 94 23 interest
2214 504 22 19 to
2256 501 89 31 gratify,
2356 509 29 16 no
2409 506 79 20 totter-

1905 530 38 30 ing
1956 537 68 16 cause
2037 535 23 18 to
2072 536 101 26 support,
2187 540 41 15 our
2241 533 138 25 endeavours
2391 535 46 23 and
2449 544 40 16 our

1903 563 146 23 inclinations
2066 572 38 15 are
2125 570 23 18 to
2165 570 89 26 protect
2265 565 38 24 the
2400 570 89 29 against

1905 596 37 23 the
1959 601 87 27 strong,
2065 597 44 23 and
2131 598 37 23 the
2187 598 138 24 defenceless
2331 601 103 30 'against
2452 602 37 24 the

1905 629 116 31 powerful,
2034 629 88 32 though
2133 638 33 17 we
2178 631 27 24 do
2218 636 40 19 not
2265 640 42 22 •go
2325 633 41 24 the
2376 633 79 31 length
2468 635 21 23 of

1904 670 62 16 some
1978 662 50 24 who
2048 671 47 23 say,
2107 664 35 23 for
2159 664 37 23 the
2208 665 201 32 accomplishment
2420 668 28 22 of
2460 668 29 24 all

1904 695 85 32 things,
2013 695 39 25 the
2074 704 79 16 means
2171 697 101 31 justifies
2295 699 38 23 the
2350 700 52 23 end.
2405 713 34 3 —
2440 700 48 25 Ed.

1905 728 98 21 N.Z.G.

1937 779 45 24 We
1994 788 38 16 are
2044 781 75 32 happy
2131 788 23 17 to
2165 782 48 24 find
2225 783 49 24 that
2286 783 126 25 Alderman
2425 785 65 31 Guy-

1906 813 57 23 ton's
1976 814 103 31 example
2097 815 41 23 has
2150 815 56 24 been
2223 817 113 32 promptly
2347 817 103 25 followed
2462 819 31 31 by

1906 853 39 16 our
1961 846 87 32 worthy
2059 847 125 25 Alderman
2196 849 89 24 Robert
2302 850 106 30 Jenkins*
2422 850 68 33 Esq.,

1907 878 47 23 who
1974 887 57 23 gave
2049 888 14 15 a
2081 881 104 30 splendid
2208 884 174 23 entertainment
2406 889 24 19 to
2453 885 36 24 his

1906 911 107 32 Worship
2025 913 39 23 the
2082 913 82 31 Mayor
2176 915 44 23 and
2238 915 39 23 the
2290 915 116 25 Members
2419 918 27 23 of
2454 918 37 24 the

1907 944 156 32 Corporation,
2076 951 23 18 at
2110 946 37 24 his
2156 948 70 23 house
2238 948 23 23 in
2278 948 212 33 Manners-street,

1906 985 28 15 on
1952 977 104 33 Monday
2069 979 58 30 last;
2142 979 55 24 such
2218 989 45 15 was
2283 981 38 24 the
2340 983 117 31 profusion
2468 985 25 23 of

1906 1016 135 26 sumptuous
2053 1012 93 24 vivands
2163 1014 107 31 provided
2283 1022 27 16 on
2324 1016 39 23 the
2378 1017 113 30 occasion,

1906 1043 48 24 that
1976 1045 24 23 in
2023 1045 66 23 order
2113 1050 22 19 to
2157 1047 30 23 do
2218 1047 40 24 full
2276 1047 85 32 justice
2386 1055 23 18 to
2434 1050 59 24 their

1906 1078 86 31 worthy
2001 1078 60 29 host,
2070 1080 56 23 after
2131 1080 80 31 sitting
2217 1082 24 22 in
2249 1087 89 19 earnest
2345 1082 148 25 deliberation

1906 1118 27 16 on
1953 1111 38 23 the
2003 1111 106 25 business
2124 1114 26 22 of
2168 1113 38 24 the
2223 1116 98 30 evening
2339 1116 58 23 until
2417 1125 15 15 a
2448 1116 45 25 late

1906 1144 63 28 hour,
1982 1145 19 23 it
2012 1153 46 16 was
2070 1146 110 31 proposed
2193 1148 44 23 and
2250 1149 83 30 agreed
2348 1154 22 18 to
2382 1157 50 16 nem
2443 1157 49 18 con,

1906 1189 32 5 —
1940 1177 61 25 That
2011 1178 38 24 the
2062 1179 121 24 Chairman
2196 1180 28 24 do
2236 1185 77 27 report
2323 1189 116 24 progress,
2450 1184 43 24 and

1906 1210 41 24 ask
1969 1211 63 24 leave
2051 1217 21 18 to
2082 1214 30 22 sit
2124 1214 66 29 again
2203 1218 139 25 to-morrow,
2356 1216 74 23 which
2442 1217 51 32 they

1906 1243 44 28 did,
1962 1245 42 23 and
2017 1246 96 30 partook
2124 1247 25 22 of
2158 1254 13 15 a
2183 1246 50 24 cold
2246 1247 105 24 collation
2363 1249 23 23 in
2398 1257 14 15 a
2423 1250 70 24 Com-

1906 1277 80 24 mittee
1998 1277 24 24 of
2034 1278 95 32 Supply,
2145 1280 43 23 and
2201 1280 123 24 concluded
2341 1282 36 23 the
2387 1282 106 25 business

1906 1311 25 22 of
1941 1310 37 24 the
1990 1311 44 28 day
2047 1311 29 28 by
2088 1320 14 15 a
2112 1316 51 20 vote
2174 1313 25 23 of
2211 1313 79 24 credit.

2012 1383 87 25 CAPE
2118 1385 45 24 OF
2176 1386 96 23 GOOD
2286 1386 102 23 HOPE.

1934 1436 149 28 Intelligence
2093 1438 48 25 has,
2153 1446 23 14 as
2187 1447 32 14 we
2229 1447 37 14 are
2273 1440 116 28 informed,
2396 1441 97 23 reached

1910 1463 118 22 Graham's
2037 1464 75 26 Town,
2124 1465 47 22 that
2181 1466 36 21 the
2229 1466 125 23 Volksraad
2370 1471 23 18 at
2409 1468 86 22 Pieter-

1910 1490 151 28 mauritzburg
2070 1491 57 22 have
2138 1492 65 28 lately
2213 1494 80 31 passed
2303 1494 89 22 various
2409 1496 85 21 resolu-

1910 1516 57 21 tions
1984 1517 138 29 declaratory
2138 1519 25 22 of
2174 1520 57 21 their
2249 1520 61 22 fixed
2328 1522 122 22 resolution
2470 1526 23 18 to

1910 1543 106 22 maintain
2027 1544 57 22 their
2092 1546 175 28 independence,
2279 1548 44 21 and
2330 1548 117 28 breathing
2456 1548 38 23 the

1910 1574 56 17 most
1978 1570 66 22 bitter
2053 1571 96 28 hostility
2160 1574 86 26 against
2257 1574 37 21 the
2305 1575 99 26 English,
2422 1576 71 22 whom

1910 1597 51 27 they
1974 1597 101 23 threaten
2094 1602 23 18 to
2137 1599 60 22 drive
2216 1600 58 22 from
2293 1600 37 23 the
2349 1602 104 28 territory
2471 1604 34 24 of.

1910 1623 75 25 Natal,
2005 1632 24 14 as
2046 1633 54 14 soon
2117 1634 24 13 as
2156 1626 38 22 the
2208 1628 34 21 six
2258 1628 96 21 months'
2366 1632 63 19 truce
2437 1630 58 21 shall

1910 1651 82 26 expire.
2036 1652 63 28 They
2116 1653 56 22 have
2192 1653 47 22 also
2255 1654 101 23 declared
2367 1654 49 23 that
2424 1656 22 21 if
2456 1656 38 22 the

1910 1678 155 23 Government
2079 1680 105 22 interfere
2203 1680 99 23 between
2317 1682 60 21 them
2393 1682 46 22 and
2455 1683 39 22 the
2504 1690 2 4 '

1910 1705 92 27 natives,
2024 1713 25 14 or
2063 1706 35 23 in.
2110 1714 45 20 any
2173 1714 54 20 way,
2244 1708 53 28 they
2314 1708 43 23 will
2371 1710 75 20 invade
2459 1711 37 20 the

1910 1733 82 25 Colony.
2023 1732 62 28 They
2096 1740 38 15 are
2142 1734 124 28 parcelling
2276 1738 38 19 out
2324 1736 37 21 the
2370 1736 66 22 lands
2443 1738 52 27 they

1910 1759 58 22 have
1978 1758 81 28 seized,
2070 1760 46 22 and
2126 1768 36 15 are
2171 1761 85 27 issuing
2266 1762 142 23 tittle-deeds.
2444 1765 52 21 Pre-

1910 1786 83 23 torious
2021 1787 18 20 is
2067 1793 50 17 now
2145 1788 240 24 Field-Commandant
2408 1791 26 21 of
2457 1791 38 23 the

1910 1817 94 22 country
2015 1813 63 22 south
2089 1814 27 21 of
2128 1814 36 23 the
2174 1814 138 29 Draakberg,
2324 1817 45 21 and
2378 1824 14 14 a
2411 1818 85 22 Dutch-

1910 1847 52 16 man
1973 1841 26 20 of
2009 1840 38 21 the
2057 1848 66 15 name
2134 1842 26 21 of
2171 1842 76 21 Cleote
2258 1842 39 23 has
2314 1844 57 21 been
2386 1845 73 21 raised
2474 1850 21 17 to

1910 1868 37 21 the
1966 1874 62 15 same
2294 1870 46 22 and
2350 1871 107 28 probably
2466 1871 30 28 by

1911 1894 65 28 equal
2127 1899 103 23 amongst
2252 1896 38 22 the
2314 1898 91 26 Orange
2429 1898 68 22 River

1911 1921 75 22 Boers.
2025 1921 63 27 They
2107 1921 57 23 have
2178 1922 103 23 declared
2295 1925 30 20 all
2340 1924 48 22 that
2402 1929 95 24 country

1910 1948 58 22 their
1987 1955 49 14 own
2055 1948 91 23 without
2165 1957 48 19 any-
2230 1951 144 27 reservation,
2394 1951 47 22 and
2458 1952 38 22 the

1910 1976 75 18 native
1998 1974 67 19 tribes
2076 1982 24 11 or
2110 1975 70 19 chiefs
2190 1983 38 12 arc
2239 1976 21 19 in
2272 1978 72 19 future
2352 1982 22 14 to
2380 1978 53 19 hold
2441 1979 58 19 their,

1910 2006 50 14 own
1971 1998 120 23 territories
2100 2006 24 15 as
2132 1999 80 22 vassals
2220 2000 24 21 of
2252 2000 36 23 the
2295 2001 75 22 Dutch
2380 2000 116 30 Republic.

1910 2026 49 21 The
1969 2026 77 21 leader
2056 2025 25 21 of
2094 2033 40 14 one
2143 2031 65 22 party
2218 2027 26 20 of
2256 2027 74 27 Boers,
2342 2028 74 22 whose
2430 2036 67 16 name

1911 2059 33 14 we
1954 2052 82 21 refrain
2048 2052 33 20 for
2091 2052 38 21 the
2138 2056 90 22 present
2237 2059 22 16 to
2270 2055 108 27 mention,
2389 2055 47 27 has,
2446 2056 18 21 it
2477 2056 20 22 is

1911 2079 55 26 said,
1977 2078 119 28 requested
2106 2080 119 21 assistance
2234 2080 57 22 from
2299 2082 36 21 the
2343 2083 154 22 Government

1912 2106 82 26 stating
2002 2107 55 25 that,
2070 2105 73 22 unless
2154 2108 17 19 it
2181 2106 25 21 be
2218 2108 97 27 speedily
2331 2113 51 18 sent
2398 2109 52 28 him,
2467 2110 28 22 he

1912 2132 43 21 will
1966 2133 28 22 be
2004 2132 124 27 compelled
2136 2133 86 27 against
2232 2135 33 21 his
2280 2136 43 21 will
2339 2140 20 17 to
2375 2136 92 23 become
2483 2145 14 14 a

1912 2160 85 21 traitor.
2037 2159 26 22 In
2084 2159 37 22 the
2140 2161 120 22 meantime
2277 2169 31 14 we
2323 2162 54 23 hear
2392 2163 48 22 that
2458 2164 37 22 the

1913 2186 69 22 Boers
1993 2186 76 22 within
2081 2186 37 22 the
2133 2186 86 28 Colony
2234 2195 38 14 are
2282 2189 95 28 leaving,
2389 2190 46 22 and
2451 2190 45 22 still

1911 2213 121 28 preparing
2053 2217 23 17 to
2100 2214 122 25 expatriate,
2239 2216 133 23 themselves
2389 2217 27 22 in
2434 2222 62 23 great

1912 2241 114 21 numbers.
2028 2251 26 4 —
2058 2242 54 24 Cape
2119 2241 99 21 Frontier
2229 2244 73 21 Times.

1942 2266 113 28 Moshe'sh,
2067 2268 61 21 chief
2135 2268 27 22 of
2172 2269 36 21 the
2220 2270 100 28 Basutas,
2331 2271 18 22 it
2357 2272 20 21 is
2387 2272 108 27 reported,

1912 2294 42 21 has
1973 2294 68 28 lately
2059 2294 44 22 had
2124 2302 11 14 a
2154 2303 84 16 narrow
2257 2305 78 21 escape
2354 2299 26 21 of
2398 2298 34 22 his
2449 2299 46 22 life.

1912 2321 72 22 Three
2009 2322 25 21 of
2057 2321 36 22 his
2112 2322 109 23 followers
2239 2324 49 22 who
2306 2326 134 21 understood
2458 2326 37 22 the

1913 2348 121 27 language,
2046 2348 117 28 happened
2173 2353 22 18 to
2204 2350 29 22 be
2244 2357 89 21 present
2342 2356 23 18 at
2382 2360 14 14 a
2411 2353 85 22 confer-

1912 2382 54 15 ence
1978 2375 72 22 where
2060 2376 38 21 the
2109 2376 75 23 Dutch
2194 2378 80 27 agreed
2285 2381 23 19 to
2323 2378 71 22 invite
2411 2380 46 22 him
2473 2383 22 19 to

1912 2406 61 17 meet
1982 2402 67 27 them,
2067 2402 45 23 and
2129 2403 22 22 if
2171 2403 27 23 he
2215 2405 89 22 refused
2323 2410 22 18 to
2366 2406 51 27 join
2436 2407 60 21 them

1912 2430 87 26 against
2009 2428 37 23 the
2058 2430 99 27 English,
2168 2433 22 19 to
2201 2432 64 21 shoot
2275 2432 53 22 him.
2366 2433 53 22 Two
2429 2433 26 22 of
2460 2433 36 22 the

1913 2456 110 21 followers
2034 2457 24 20 of
2070 2456 38 22 the
2127 2458 65 26 chief,
2211 2459 18 21 it
2244 2459 19 21 is
2272 2459 54 27 said,
2339 2467 58 14 were
2408 2460 50 22 shot
2468 2461 28 26 by

1912 2482 38 22 the
1957 2483 68 22 Boers
2036 2490 22 15 as
2069 2483 53 28 they
2131 2491 56 15 were
2196 2485 118 28 hastening
2324 2491 23 17 to
2363 2487 52 27 give
2429 2487 68 22 infor-

1913 2510 45 21 tion
1978 2510 26 22 of
2016 2510 37 22 the
2073 2510 115 28 treachery
2204 2513 113 27 intended,
2330 2513 40 22 but
2385 2514 38 22 the
2438 2514 59 22 third

1913 2537 102 27 escaped,
2040 2537 44 22 and
2100 2537 29 27 by
2149 2539 80 28 timely
2246 2541 99 26 warning
2370 2541 67 23 saved
2460 2541 37 22 the

1912 2563 78 20 chief's
1999 2564 45 19 life.
2045 2576 27 4 —
2073 2565 48 18 Ibid

1972 2625 195 24 ENGLISH
2198 2627 246 22 EXTRACTS.

1946 2689 38 24 La
1996 2689 85 25 Presse
2091 2696 79 26 quotes
2189 2700 29 15 an
2237 2691 144 25 Alexandria
2399 2694 66 23 letter
2476 2693 24 24 of

1914 2723 37 24 the
1969 2724 60 24 25th
2049 2724 53 29 ult.,
2121 2726 144 30 announcing
2283 2726 38 24 the
2342 2727 83 24 arrival
2446 2727 26 24 of
2485 2735 13 15 a

1917 2757 90 24 French
2018 2757 52 32 brig
2082 2758 25 23 of
2121 2766 45 15 war
2186 2759 59 23 from
2264 2759 111 31 Beyruth,
2392 2760 49 32 just
2460 2760 38 24 be-

1914 2790 48 24 fore
1975 2791 38 23 the
2027 2790 71 24 Great
2111 2792 123 31 Liverpool
2241 2797 96 20 steamer
2345 2794 85 24 started
2442 2794 56 23 from

1915 2823 38 24 the
1971 2825 85 23 former
2075 2830 51 26 port
2150 2826 35 23 for
2204 2825 75 25 Malta
2298 2827 54 23 with
2377 2828 38 23 the
2433 2828 66 23 India

1915 2857 61 29 mail,
2002 2858 107 31 bringing
2129 2863 61 19 riews
2214 2859 49 24 that
2286 2860 38 23 the
2344 2861 90 24 Druses
2456 2860 43 24 and

1917 2890 126 24 Maronites
2062 2892 45 24 had
2128 2893 128 23 reconciled
2278 2893 58 24 their
2359 2894 139 28 differences,

1914 2924 62 23 risen
1988 2931 27 16 en
2027 2931 80 21 masse,
2119 2925 44 23 and
2171 2926 76 23 forced
2257 2926 37 24 the
2306 2927 105 24 Turkish
2424 2932 75 27 troops

1915 2962 22 18 to
1952 2957 104 23 abandon
2076 2955 57 26 their
2145 2959 112 30 positions
2275 2960 24 22 in
2311 2960 39 23 the
2361 2961 137 24 mountains.

1914 2989 113 32 Artillery
2037 2990 45 24 had
2095 2990 55 24 been
2163 2996 51 18 sent
2227 2991 57 25 from
2296 2993 105 31 Beyruth
2411 2994 89 31 against

1915 3023 39 23 the
1965 3023 140 31 insurgents.
2107 3036 32 5 —
2144 3023 91 32 Weekly
2249 3025 125 31 Chronicle,
2385 3027 59 23 Nov.
2460 3028 39 23 13.

1949 3056 52 23 The
2020 3058 90 23 conflict
2128 3058 101 23 between
2248 3058 38 24 the
2308 3065 150 25 government
2477 3061 24 23 of

1915 3090 74 31 Spain
2007 3091 44 23 and
2071 3091 38 24 the
2126 3091 78 31 public
2224 3100 65 23 press
2307 3093 49 24 still
2373 3094 125 23 continues.

1915 3122 24 25 A
1961 3123 138 25 declaration
2117 3124 80 32 signed
2218 3126 30 30 by
2267 3126 79 24 twelve
2366 3127 133 32 journalists

1915 3156 101 32 forming
2035 3157 136 24 themselves
2189 3159 49 23 into
2257 3167 29 16 an
2306 3162 144 27 association,
2462 3164 38 19 not

1916 3190 53 32 only
1982 3195 23 19 to
2018 3190 81 25 defend
2120 3192 38 23 the
2178 3192 37 24 the
2236 3192 83 33 liberty
2331 3194 25 23 of
2373 3194 37 24 the
2427 3201 70 24 press,

1915 3223 42 25 but
1968 3228 24 19 to
2004 3230 87 26 protect
2103 3225 47 24 also
2164 3225 37 24 the
2220 3228 150 23 constitution
2388 3227 24 24 of
2428 3228 69 27 1837,

1916 3257 45 24 and
1982 3258 70 24 above
2074 3258 32 24 all
2125 3263 24 19 to
2169 3260 110 24 maintain
2298 3260 37 24 the
2354 3262 106 31 majority
2478 3259 22 23 of

1917 3291 84 25 Queen
2020 3291 99 24 Isabella
2137 3293 78 23 within
2236 3293 39 24 the
2290 3293 77 26 limits,
2373 3292 125 34 prescribed

1915 3324 31 31 by
1964 3324 39 24 the
2023 3325 63 24 laws.
2129 3325 27 29 It,
2170 3326 21 23 is
2209 3325 39 24 the
2267 3326 132 24 Castellano
2417 3328 23 23 of
2455 3326 43 27 ,the

1918 3358 104 24 lst'ins't.
2034 3355 74 27 which
2119 3358 120 31 publishes
2250 3360 45 23 this
2310 3360 128 30 document,
2458 3359 40 24 and

1916 3399 41 16 our
1969 3392 86 30 private
2076 3391 78 24 letters
2173 3391 54 24 hold
2247 3398 39 19 out
2305 3394 51 24 that
2375 3395 21 23 it
2407 3393 50 25 will
2471 3392 27 24 be

1916 3425 104 23 effective
2030 3426 24 22 in
2065 3426 92 30 putting
2175 3433 14 15 a
2206 3430 51 28 stop
2269 3432 24 19 to
2312 3427 38 24 the
2369 3424 129 27 ministerial

1915 3458 101 31 projects
2037 3459 91 30 against
2150 3458 39 24 the
2211 3459 155 31 independent
2395 3467 70 23 press.
2466 3470 32 5 —

1917 3490 62 25 Ibid.
2048 3495 4 3 •
2202 3496 2 7 '

1952 3524 23 24 It
1987 3524 20 24 is
2019 3525 115 31 generally
2142 3527 111 31 expected
2259 3528 50 24 that
2314 3528 136 31 parliament
2456 3524 41 27 will

1917 3562 60 20 meet
1983 3558 40 23 .for
2035 3558 39 24 the
2092 3559 104 32 dispatch
2214 3561 25 23 of
2253 3561 107 24 business
2379 3562 67 23 about
2462 3558 35 24 the

1917 3591 61 24 third
1990 3592 67 23 week
2069 3592 24 23 in
2104 3592 109 33 January.
2217 3606 33 5 —
2250 3594 62 24 Ibid.

1952 3625 189 26 Competition.
2143 3639 34 5 —
2178 3627 77 24 There
2277 3636 59 16 were
2354 3627 102 33 upwards
2476 3622 22 26 of

1917 3658 79 31 eighty
2015 3659 129 25 candidates
2164 3660 36 24 for
2221 3661 37 23 the
2279 3661 157 32 Kingsbridge
2453 3659 43 24 lec-

1917 3691 111 32 tureship,
2048 3692 75 25 which
2143 3693 41 25 has
2204 3695 58 23 been
2279 3695 99 31 recently
2398 3689 97 35 disposed

1918 3726 31 23 of.
1986 3725 50 24 The
2048 3726 66 24 office
2126 3735 46 16 was
2185 3728 54 29 only
2250 3728 71 23 worth
2332 3729 72 23 £100
2416 3735 13 15 a
2438 3730 55 26 year.

1917 3771 33 4 —
1950 3757 63 25 Ibid.

1952 3792 52 24 The
2014 3791 117 34 following
2140 3794 131 31 gentlemen
2277 3802 59 16 were
2348 3793 71 25 called
2429 3798 22 18 to
2461 3789 34 24 the

1917 3825 42 24 bar
1971 3832 28 17 on
2013 3825 115 33 Saturday
2137 3828 46 24 last
2200 3827 32 31 by
2242 3827 39 24 the
2297 3827 67 24 Hon.
2378 3827 85 28 Society
2475 3820 22 24 of

1919 3858 40 25 the
1965 3858 90 25 Middle
2064 3859 97 34 Temple
2169 3869 42 16 :—
2211 3860 101 25 William
2323 3860 81 32 Henry
2409 3855 85 32 Rough,

1919 3892 69 32 Esq.,
2013 3892 61 25 John
2096 3894 89 29 Simon,
2207 3893 68 32 Esq.,
2284 3886 100 39 JHenry
2397 3886 98 31 JChoinW

1921 3926 64 29 Cole,
1998 3925 69 33 Esq.,
2074 3926 109 28 .William
2194 3927 99 32 Baynes,
2307 3927 96 32 Esq.—
2401 3924 57 27 lbid.
2470 3935 6 6 -

1954 3959 91 25 Cheap
2064 3960 72 25 Fish.
2138 3973 35 5 —
2173 3960 52 25 The
2244 3960 54 24 take
2318 3960 27 25 of
2363 3957 94 27 ood-fisb
2474 3956 20 21 a*

565 46 101 47 B?fK
689 46 117 42 Weto
833 45 214 42 S&talanto
1068 45 192 46 dScazttU
1272 43 107 47 jtttt
1401 45 305 46 tmtUtngton
1728 43 256 49 gsptttaiot.

264 136 40 21 To
322 135 127 21 Packers.
456 142 5 5 -

61 168 177 52 WANTED,
249 174 13 14 a
270 160 84 34 person'
356 167 124 26 acquainted
489 166 52 21 with
549 166 99 27 picking,

145 200 23 17 to
177 196 49 21 take
235 196 75 24 charge
319 194 27 21 of.
355 200 14 14 a
378 194 50 20 Flax
439 194 68 20 Press.

378 226 83 21 Waitt
474 231 50 15 a.k»
533 226 87 21 Tyser.

48 255 89 21 -March
148 255 35 21 31.
400 254 30 20 V
446 259 5 3 •
507 259 3 3 '

173 1953 99 20 Notice
289 1954 29 20 to
334 1953 184 23 Subscribers.

57 1983 81 26 Paper*
152 1985 47 18 will
211 1986 37 18 not
258 1985 24 19 be
294 1986 48 18 sent
360 1987 21 18 to
393 1992 92 19 persons
497 1988 68 24 living
580 1990 38 18 out
626 1989 28 23 of

83 2010 55 22 Port
146 2011 124 24 Nicholson,
288 2013 71 20 unless
373 2016 160 23 arrangements
542 2021 37 14 are
590 2016 60 19 made

79 2037 39 24 for
128 2038 36 20 the
168 2040 103 23 payment
280 2040 29 25 of
315 2041 36 19 the
360 2046 63 21 same,
437 2042 95 25 through
541 2049 28 13 an
578 2043 71 25 Agent

82 2067 25 18 at
120 2066 136 25 Wellington.
