2550 4039
1890 131 163 22 commissioner
2067 130 85 29 grossly
2168 132 104 23 stultified
2291 133 103 23 himself.-
2415 135 21 23 It
2449 134 20 23 is

1891 157 47 22 said
1948 156 47 23 that
2005 158 37 21 the
2053 158 44 22 Act
2111 158 53 28 only
2175 166 45 15 was
2234 163 77 20 meant
2325 163 22 18 to
2364 160 106 24 facilitate

1891 183 137 22 convictions
2043 184 34 22 for
2091 185 88 27 perjury
2188 185 25 22 in
2227 193 61 15 cases
2303 186 72 22 where
2389 187 81 22 indict-

1891 214 72 17 ments
1972 210 56 22 have
2040 210 93 23 hitherto
2147 211 69 22 failed
2232 212 23 22 in
2270 212 61 23 flaws
2340 212 82 28 arising
2432 216 47 24 out.

1892 236 26 21 of
1925 236 74 27 forms,
2011 237 116 27 especially
2137 237 24 22 in
2172 237 36 22 the
2217 238 75 22 modes
2299 239 26 22 of
2331 239 139 22 administer-

1891 262 40 28 ing
1945 269 27 15 an
1989 262 59 28 oath,
2064 264 46 21 and
2125 263 48 22 that
2187 265 21 20 if
2224 271 28 15 an
2267 266 52 21 oath
2333 265 30 22 be
2372 273 50 14 now
2431 266 41 22 ad-

1892 289 135 27 ministered,
2038 297 23 14 so
2071 290 48 22 that
2128 290 37 21 the
2175 290 127 23 oath-taker
2311 291 96 24 declares
2420 292 18 22 it
2447 292 24 23 to

1893 315 26 22 be
1929 315 59 22 valid
1998 323 29 14 on
2036 316 35 21 his
2085 316 133 27 conscience,
2231 317 34 22 the
2280 317 130 23 indictment
2427 319 45 22 will

1892 341 27 22 be
1928 342 65 27 good.
2023 342 67 23 What
2105 350 30 15 an
2150 343 81 22 absurd
2241 343 89 22 evasion
2340 344 19 21 is
2370 344 41 23 this
2420 344 26 22 of
2457 353 15 14 a

1891 375 54 21 very
1954 368 72 22 useful
2032 369 45 22 Act
2086 369 24 22 of
2118 369 141 22 Parliament.
2288 371 97 27 Suppose
2394 378 14 15 a
2417 379 54 15 man

1893 398 21 18 to
1930 395 71 21 refuse
2018 398 23 19 to
2060 396 155 27 acknowledge
2234 403 44 21 any
2292 397 52 21 oath
2359 397 51 27 they
2418 404 54 21 may

1891 425 40 23 put
1940 425 22 17 to
1971 421 47 22 him
2028 425 23 18 to
2060 422 28 21 be
2097 423 60 21 valid
2163 423 7 27 ;'
2184 423 71 21 under
2264 423 44 21 this
2322 424 150 22 construction

1893 447 25 22 of
1930 449 37 21 the
1984 452 43 22 act,
2036 449 19 21 it
2069 449 83 27 merely
2161 449 77 22 makes
2248 449 37 22 the
2295 449 40 22 law
2345 457 25 14 as
2380 450 19 21 it
2408 450 64 23 stood

1892 473 81 28 before,
1985 475 46 21 and
2047 475 37 21 the
2093 476 98 27 perjurer
2200 476 18 21 is
2227 476 44 21 still
2281 476 66 21 liable
2358 479 21 18 to
2388 484 14 14 a
2410 476 63 23 valid

1892 501 137 27 indictment,
2040 501 21 22 if
2067 509 29 14 no
2106 501 67 22 forms
2181 510 36 13 are
2228 503 28 27 by
2265 503 91 26 chance,
2368 510 24 15 or
2401 503 72 22 inten-

1893 527 97 27 tionally,
2002 528 105 22 attended
2123 532 29 18 to.
2182 529 42 21 Let
2239 536 13 14 a
2260 536 52 15 man
2326 530 49 26 give
2384 529 24 22 in
2417 529 57 23 such

1893 561 13 14 a
1927 554 133 22 declaration
2078 562 24 15 as
2120 555 85 21 follows
2205 566 28 4 —
2294 556 29 22 A.
2334 556 36 28 8.,
2384 563 38 15 am
2431 556 42 22 im-

1892 581 90 26 pressed
1990 581 97 28 strongly
2093 581 51 22 with
2152 581 38 22 the
2197 585 57 18 most
2259 583 99 22 absolute
2365 583 109 27 necessity

1892 607 27 21 of
1931 607 63 21 strict
2010 608 59 21 truth
2085 608 23 22 in
2125 607 93 28 judicial
2235 609 149 28 proceedings,
2401 610 44 21 and
2459 609 13 22 I

1893 633 87 22 declare
1990 633 49 22 that
2047 635 24 21 in
2080 634 37 22 the
2127 641 50 15 case
2194 635 72 22 before
2286 635 37 22 the
2335 640 61 17 court
2406 636 11 21 I
2429 636 45 22 will

1892 660 67 27 speak
1978 660 37 22 the
2035 661 70 21 whole
2121 661 67 26 truth,
2206 661 45 22 and
2269 662 94 27 nothing
2379 663 40 20 but
2436 663 37 21 the

1893 687 65 26 truth,
1970 694 45 19 any
2026 687 63 21 other
2104 687 57 23 form
2173 687 25 22 of
2211 687 119 28 testimony
2337 692 39 18 not
2390 689 82 27 giving,

1893 713 23 21 in
1927 720 36 20 my
1969 713 136 27 conscience,
2114 721 44 20 any
2168 714 92 27 validity
2266 718 22 17 to
2299 722 37 19 my
2347 716 125 27 testimony,

1892 739 46 22 and
1952 739 37 22 the
2005 740 38 22 old
2060 740 58 27 legal
2133 740 77 22 modes
2226 742 26 20 of
2263 741 166 28 administering
2443 750 30 14 aa

1893 766 52 22 oath
1954 766 92 27 tending
2054 767 85 28 greatly
2149 772 23 16 to
2186 767 121 22 invalidate
2316 768 29 22 its

1894 793 57 21 How
1960 793 67 22 could
2036 800 14 14 a
2065 793 130 27 Magistrate
2205 795 73 21 refuse
2287 794 54 22 such
2352 802 14 14 .i
2376 794 99 23 declara-

1893 819 46 22 tion
1951 820 93 22 without
2054 821 111 26 perjuring
2181 820 93 22 himself
2280 821 29 27 by
2320 824 39 19 not
2370 821 106 23 adminis-

1892 847 71 26 tering
1975 846 36 22 the
2022 847 40 21 law
2072 847 72 22 which
2155 848 26 21 he
2191 848 19 20 is
2220 855 70 14 sworn
2303 851 22 19 to
2335 847 138 24 administer.

1892 873 48 21 The
1959 877 35 18 act
2013 873 112 28 distinctly
2144 873 106 27 declares,
2269 874 49 22 that
2332 882 12 14 a
2362 881 79 20 person
2454 875 20 22 is

1893 899 75 22 bound
1979 900 29 27 by
2019 908 27 14 an
2058 901 58 26 oath,
2127 901 107 27 provided
2244 901 16 21 it
2275 901 57 22 shall
2347 901 56 22 have
2418 902 58 22 been

1893 926 157 22 administered
2067 934 24 15 as
2110 928 27 21 he
2157 935 51 19 may
2227 928 155 27 acknowledge
2401 932 23 18 to
2443 929 30 21 be

1893 953 99 27 binding.
2024 953 48 27 Let,
2084 953 58 26 then,
2154 961 66 20 every
2230 954 122 22 individual
2368 955 73 22 refuse
2452 958 22 18 to

1893 980 157 27 acknowledge
2060 981 37 21 the
2108 981 91 27 validity
2210 981 26 21 of
2246 988 30 14 an
2292 981 52 21 oath
2356 988 27 14 on
2394 988 13 14 a
2417 981 59 24 book

1894 1005 71 23 which
1975 1006 28 22 he
2015 1006 53 22 does
2079 1011 38 17 not
2126 1007 87 22 believe
2223 1007 29 27 in,
2262 1015 26 14 or
2302 1007 24 22 in
2335 1007 38 21 the
2383 1008 60 22 truth
2454 1008 26 22 of

1893 1033 71 22 which
1983 1033 28 21 he
2028 1040 51 20 may
2091 1033 108 22 entertain
2215 1033 78 22 doubts
2309 1033 47 23 and
2372 1034 104 27 scruples.

1895 1060 20 21 A
1926 1060 87 21 witness
2025 1060 26 21 of
2062 1059 36 22 the
2113 1060 87 27 highest
2214 1061 86 21 honour
2317 1067 51 20 may
2377 1061 29 22 sit
2422 1063 24 20 in
2459 1068 14 16 a

1893 1091 63 17 court
1956 1097 27 4 —
2010 1087 40 26 My
2065 1085 106 23 evidence
2181 1087 18 21 is
2216 1087 93 27 binding
2323 1094 28 14 on
2366 1095 37 20 my
2412 1094 63 16 sense

1893 1113 26 21 of
1926 1113 69 21 moral
2001 1113 81 26 justice
2092 1113 44 22 and
2146 1120 29 15 on
2185 1121 39 20 my
2234 1113 134 28 sympathies
2382 1115 94 21 towards

1892 1147 39 20 my
1945 1140 146 27 fellow-men;
2109 1140 40 22 but
2165 1141 17 21 it
2198 1141 19 21 is
2231 1145 39 17 not
2286 1140 91 28 binding
2392 1148 29 15 on
2432 1148 44 21 any

1893 1167 63 25 book,
1968 1167 43 21 call
2020 1167 18 21 it
2047 1167 29 27 by
2086 1166 58 22 what
2153 1167 48 22 title
2210 1174 44 20 you
2263 1175 61 19 may,
2334 1167 46 23 that
2391 1168 84 27 enjoin
2490 1166 15 29 3

1893 1193 115 22 falsehood
2026 1194 33 21 for
2075 1193 36 22 the
2126 1194 53 22 sake
2198 1195 24 21 of
2240 1194 71 27 fraud,
2332 1194 100 27 plunder,
2448 1202 26 15 or

2031 1220 11 22 I
2053 1224 57 18 trust
2126 1220 47 22 that
2184 1221 38 22 the
2238 1228 49 15 case
2305 1228 51 19 may
2366 1221 28 22 be
2410 1221 66 28 tried,

1893 1247 47 21 and
1952 1254 53 20 very
2015 1254 61 14 soon.
2105 1247 48 21 One
2168 1255 80 20 person
2264 1247 40 22 has
2320 1247 83 23 several
2413 1248 65 22 times

1894 1274 67 22 taken
1971 1274 44 21 this
2025 1274 55 21 view
2091 1273 24 22 of
2129 1274 36 21 the
2181 1275 84 26 subject
2281 1275 24 21 in
2322 1274 100 27 London,
2433 1275 45 22 and

1894 1301 37 21 the
1951 1301 79 26 Judge,
2051 1301 23 21 in
2089 1308 13 14 a
2111 1308 50 14 case
2177 1301 25 21 of
2213 1301 106 26 Juryism,
2329 1301 40 21 has
2386 1302 95 22 ordered

1894 1327 38 22 the
1948 1327 75 22 officer
2032 1327 26 21 of
2070 1327 37 21 the
2122 1331 62 18 court
2200 1331 23 17 to
2239 1335 49 20 pass
2297 1327 46 22 him
2358 1334 57 19 over,
2431 1329 47 22 and

1893 1360 68 16 swear
1977 1355 22 20 in
2017 1353 92 22 another
2124 1353 116 28 Juryman.
2269 1354 60 26 Why
2338 1354 37 22 did
2388 1358 39 18 not
2439 1355 39 22 the

1893 1381 96 26 rejected
2000 1388 52 14 man
2068 1380 64 22 insist
2148 1388 59 19 upon
2217 1380 35 22 his
2262 1381 52 21 civil
2325 1381 67 26 rights
2401 1381 26 22 of
2437 1382 39 21 sit-

1895 1407 48 27 ting
1952 1407 23 21 in
1985 1415 13 14 a
2005 1407 112 27 jury-box,
2130 1407 43 21 and
2184 1407 50 27 why
2244 1407 37 22 did
2290 1411 40 19 not
2344 1408 36 22 tlie
2395 1409 83 21 substi-

1895 1434 62 22 tuted
1965 1442 52 13 man
2032 1433 73 22 refuse
2120 1437 22 18 to
2159 1434 28 22 be
2203 1434 92 22 saddled
2311 1435 52 21 with
2377 1435 36 21 the
2424 1442 54 21 very

1895 1468 93 14 onerous
1998 1460 72 22 duties
2081 1461 25 21 of
2119 1468 13 14 a
2147 1460 127 28 Juryman,.
2278 1461 70 23 which
2365 1461 27 22 he
2402 1462 75 22 would

1895 1494 76 25 escape
1982 1487 79 22 should
2071 1487 36 21 the
2119 1487 58 27 prior
2185 1495 53 15 man
2255 1488 26 22 be
2292 1492 39 18 not
2339 1488 106 27 deprived
2455 1489 26 22 of

1895 1514 34 22 his
1940 1514 49 22 civil
1999 1514 86 27 liberty,
2096 1515 23 20 in
2136 1515 105 21 violation
2257 1515 26 21 of
2295 1522 29 15 an
2338 1515 44 22 Act
2392 1515 25 21 of
2424 1515 55 23 Par-

1893 1540 108 22 liament?
2028 1541 48 22 The
2090 1545 64 22 great
2170 1541 42 21 evil
2224 1541 24 21 of
2259 1541 37 22 the
2307 1545 91 24 country
2407 1542 20 22 is
2441 1542 37 22 the

1895 1568 118 26 ignorance
2031 1567 45 22 and
2094 1571 60 19 want
2172 1569 26 21 of
2213 1568 61 27 spirit
2292 1568 24 22 in
2333 1568 146 27 Jurymen.-—

1897 1596 83 25 Weekly
1989 1595 111 26 Dispatch.

1921 1623 71 21 There
2008 1623 19 21 is
2044 1621 93 28 nothing
2152 1629 61 15 more
2229 1622 124 27 facinating
2371 1622 53 23 than
2442 1623 37 23 the

1896 1649 109 26 pleasures
2015 1649 25 21 of
2052 1649 90 27 gaming
2150 1656 6 18 ;
2172 1649 92 26 nothing
2278 1656 61 15 more
2354 1650 126 27 pernicious

1895 1679 21 17 to
1928 1676 35 21 the
1975 1675 68 27 mind,
2055 1676 36 21 the
2099 1675 151 27 constitution,
2261 1675 46 23 and
2314 1676 37 22 the
2361 1684 70 19 purse.
2457 1677 22 23 It

1894 1703 18 21 is
1926 1703 36 21 the
1972 1710 68 19 grave
2050 1702 26 22 of
2090 1709 66 20 every
2166 1703 66 21 noble
2246 1703 114 27 principle,
2375 1703 42 22 and
2432 1712 48 14 sus-

1893 1729 70 27 pends
1973 1729 38 22 the
2020 1736 40 14 use
2071 1729 24 21 of
2107 1729 61 21 those
2179 1729 101 22 faculties
2290 1729 73 22 which
2372 1731 107 22 ennobles

1894 1764 26 14 us
1930 1757 22 21 in
1962 1755 38 23 the
2015 1755 57 22 scale
2083 1756 25 21 of
2120 1757 112 21 Creation.
2261 1756 26 22 If
2294 1763 32 15 we
2337 1764 55 14 were
2406 1760 23 19 to
2439 1759 40 21 ask

1896 1783 97 21 whether
2001 1790 31 14 we
2040 1790 55 14 were
2104 1782 106 22 endowed
2218 1783 51 21 with
2276 1790 29 15 an
2316 1783 109 23 immortal
2432 1785 49 22 soul
2500 1791 3 6 '

1896 1814 22 17 to
1929 1810 67 27 spend
2006 1809 68 22 hours
2081 1809 100 27 together
2189 1810 23 21 in
2224 1809 118 28 beholding
2348 1818 14 14 a
2370 1811 38 21 few
2419 1816 60 23 spots

1895 1844 59 20 upon
1964 1844 14 14 a
1986 1836 63 28 piece
2059 1837 25 21 of
2093 1836 139 27 pasteboard,
2249 1837 36 21 the
2296 1838 99 27 question
2406 1839 74 21 would

1896 1864 28 22 be
1934 1863 112 22 esteemed
2056 1863 79 22 absurd
2143 1871 6 18 ;
2165 1863 40 22 but
2221 1863 36 22 the
2272 1865 96 26 practice
2384 1864 40 23 has
2438 1865 43 22 lost

1896 1891 28 21 its
1940 1890 175 22 ridiculousness.
2143 1889 48 23 The
2207 1890 84 25 faculty
2302 1891 26 21 of
2340 1891 84 27 speech,
2436 1898 45 15 was

1895 1917 65 27 given
1970 1924 25 15 us
2006 1920 22 18 to
2039 1917 162 22 communicate
2212 1925 40 14 our
2260 1915 63 23 ideas
2331 1918 44 22 and
2385 1925 40 15 our
2436 1918 45 22 dis-

1897 1945 99 21 coveries
2012 1944 24 21 in
2046 1943 136 27 knowledge.
2212 1943 44 23 But
2265 1943 44 23 this
2318 1944 83 27 faculty
2410 1945 26 26 is,
2453 1945 30 27 by

1897 1971 38 20 the
1951 1974 104 22 gamster,
2070 1970 113 21 restiicted
2194 1970 52 26 only
2256 1974 23 17 to
2293 1971 38 21 the
2345 1977 106 21 purposes
2460 1971 26 22 of

1897 1997 188 26 communicating
2098 1995 50 23 how
2159 2004 13 14 a
2182 1996 57 22 trick
2250 2004 43 14 was
2307 1997 49 27 lost,
2372 2004 24 14 or
2405 1997 48 22 how
2462 1998 19 22 it

1897 2023 72 28 might
1986 2023 56 21 have
2055 2023 57 21 been
2127 2030 55 15 won.
2212 2023 47 22 The
2276 2024 89 27 anxiety
2375 2024 71 22 which
2463 2025 18 21 is

1897 2050 118 22 attendant
2025 2057 58 20 upon
2093 2049 37 23 the
2137 2050 44 22 fate
2188 2050 26 22 of
2222 2058 14 14 a
2241 2050 52 22 card
2302 2050 19 21 is
2330 2053 39 19 not
2377 2051 43 21 less
2427 2051 54 23 than

1897 2077 48 22 that
1954 2077 73 21 which
2036 2077 19 21 is
2064 2077 129 21 occasioned
2204 2077 29 28 by
2243 2077 36 21 the
2289 2077 43 21 loss
2341 2077 26 22 of
2373 2085 14 14 a
2396 2085 72 15 crown
2476 2086 6 20 ;

1897 2104 45 22 and
1951 2103 20 22 if
1984 2103 61 22 lucre
2054 2104 63 20 alone
2127 2110 110 21 possesses
2252 2104 36 22 the
2303 2103 84 28 bosom,
2405 2104 76 23 thorns

1896 2138 60 20 grow
1967 2130 62 22 there
2040 2130 90 22 without
2140 2131 110 21 restraint.

1923 2158 36 22 An
1977 2157 91 22 Aerial
2088 2157 76 22 Steam
2180 2158 157 22 Carriage.—
2337 2158 53 22 This
2404 2158 19 22 is
2439 2159 39 22 the

1897 2192 64 14 name
1971 2185 72 21 which
2054 2184 39 22 has
2108 2184 55 22 been
2173 2185 66 25 given
2255 2188 21 18 to
2286 2192 13 14 a
2307 2192 50 15 new
2367 2185 111 28 machine,

1897 2212 34 21 for
1942 2211 69 21 which
2028 2218 15 14 a
2057 2218 109 20 company
2177 2212 39 20 has
2231 2211 68 22 taken
2314 2214 40 20 out
2368 2219 13 15 a
2397 2216 84 24 patent,

1897 2238 45 22 and
1951 2238 71 22 which
2030 2238 19 21 is
2063 2241 23 18 to
2096 2244 85 21 convey
2189 2245 138 20 passengers,
2343 2239 77 26 goods,
2436 2241 43 20 and

1897 2265 129 27 despatches
2032 2264 94 27 through
2134 2265 38 21 the
2180 2272 38 19 air,
2229 2266 136 27 performing
2375 2265 37 22 the
2419 2266 62 27 jour-

1898 2300 44 19 ney
1951 2292 55 23 from
2017 2291 92 22 London
2119 2294 23 18 to
2156 2291 66 22 India
2231 2299 22 14 in
2262 2291 52 23 four
2324 2292 64 28 days!
2405 2293 43 22 and
2459 2298 22 17 to

1898 2319 69 21 travel
1982 2322 24 18 at
2020 2319 37 21 the
2071 2322 47 18 rate
2128 2318 25 23 of
2166 2318 58 22 from
2239 2323 146 23 seventy-nve
2401 2323 22 18 to
2438 2328 43 13 one

1898 2345 101 23 hundred
2010 2345 62 22 miles
2081 2352 38 21 per
2134 2345 62 23 hour.
2227 2347 30 20 At
2265 2345 38 22 the
2312 2345 47 22 first
2368 2346 78 27 glance
2457 2347 26 22 of

1898 2373 54 22 such
1962 2380 28 14 an
2001 2376 179 18 announcement
2192 2379 41 15 our
2247 2372 89 22 readers
2344 2373 45 21 will
2403 2373 80 22 doubt-

1897 2399 43 22 less
1949 2399 43 22 feel
2006 2399 101 28 disposed
2116 2402 23 18 to
2149 2402 57 18 treat
2220 2399 18 21 it
2247 2406 23 14 as
2284 2406 60 15 some
2355 2399 128 23 chimerical

1898 2427 119 26 absurdity,
2029 2426 85 22 written
2124 2425 84 28 merely
2218 2429 23 18 to
2252 2426 71 22 excite
2332 2427 96 27 wonder,
2439 2428 44 21 and

1898 2453 112 28 expressly
2018 2453 33 21 for
2060 2453 37 21 the
2107 2453 171 27 marvel-loving
2286 2460 58 15 mass
2355 2453 25 22 of
2386 2455 83 26 society
2476 2462 5 19 ;

1898 2481 40 21 but
1952 2481 37 21 the
1999 2480 56 22 facts
2069 2479 122 22 connected
2202 2479 52 23 with
2270 2479 38 22 the
2318 2480 85 27 subject
2412 2488 38 14 are
2460 2481 26 22 of

1898 2514 14 14 a
1922 2507 54 22 kind
1991 2510 23 18 to
2025 2507 103 21 diminish
2142 2506 108 27 disbelief,
2267 2511 25 17 at
2307 2507 58 21 least
2373 2514 24 15 as
2412 2512 22 17 to
2445 2508 38 22 the

1898 2535 59 20 truth
1968 2534 26 21 of
2006 2533 54 22 such
2071 2540 13 15 a
2093 2534 141 21 contrivance
2251 2533 67 27 being
2328 2534 21 21 in
2365 2541 86 21 process
2460 2535 26 22 of

1898 2561 124 22 formation.
2051 2561 23 21 A
2088 2566 110 21 company
2207 2561 26 21 of
2243 2561 127 26 gentlemen
2383 2561 20 22 is
2411 2561 71 28 really

1898 2587 93 27 formed,
2010 2594 56 15 even
2083 2587 24 21 of
2118 2587 139 22 mechanical
2273 2594 64 15 men:
2356 2587 36 22 the
2407 2592 77 23 patent

1898 2622 44 15 was
1956 2614 103 27 formally
2069 2613 74 22 sealed
2159 2621 28 14 on
2201 2614 38 21 the
2254 2614 54 21 29th
2318 2615 24 20 of
2356 2615 128 27 September

1898 2642 49 27 last,
1963 2641 47 22 and
2024 2641 122 28 systematic
2162 2645 168 22 arrangements
2344 2648 38 15 are
2397 2642 23 21 in
2435 2649 50 20 pro-

1897 2676 61 20 gress
1977 2672 22 18 to
2018 2668 107 26 complete
2144 2667 38 22 the
2201 2667 85 27 design.
2314 2668 33 21 At
2361 2667 61 28 least,
2439 2669 43 22 thia

1900 2696 74 21 would
1981 2702 67 20 prove
2062 2695 49 21 that
2126 2694 38 22 the
2174 2694 116 22 inventors
2361 2695 57 22 their
2432 2702 52 21 sup-

1898 2728 84 22 porters
1997 2727 41 16 are'
2050 2722 49 21 well
2113 2721 125 22 convinced
2252 2721 25 21 of
2289 2721 39 22 the
2344 2722 108 27 certainty
2462 2722 25 21 of
2488 2721 5 10 1

1898 2749 39 22 the
1952 2749 115 22 invention
2076 2757 5 18 ;
2102 2748 43 22 and
2159 2748 123 22 wonderful
2297 2755 25 14 as
2336 2756 50 20 may
2401 2756 84 20 appear
2496 2747 2 9 '

1899 2776 45 22 this
1952 2776 133 22 announced
2093 2775 68 22 stride
2170 2776 24 21 in
2205 2776 93 26 science,
2309 2782 32 15 we
2351 2783 51 19 may
2411 2776 84 27 surely

1898 2811 67 19 pause
1985 2804 22 20 in
2024 2809 39 16 our
2080 2802 128 27 incrudility
2226 2802 63 21 when
2311 2809 31 14 we
2361 2803 125 22 remember

1899 2830 54 22 with
1963 2830 59 22 what
2034 2829 99 22 unbelief
2146 2829 38 22 the
2195 2829 133 28 proposition
2344 2833 22 18 to
2382 2829 56 27 light
2447 2829 38 22 the

1899 2856 126 28 metropolis
2033 2857 53 22 with
2096 2863 28 15 an
2134 2856 102 21 invisible
2242 2856 54 21 fluid
2304 2863 42 14 was
2356 2856 101 23 received
2457 2867 28 5 —

1890 2884 54 22 .and
1954 2885 64 20 when
2028 2889 32 16 We
2071 2884 62 21 know
2142 2883 49 21 that
2200 2886 93 23 seventy
2307 2889 64 21 years
2379 2883 62 22 since
2452 2891 32 14 we

1898 2911 81 22 should
1992 2910 58 22 have
2066 2911 57 21 been
2138 2909 94 22 deemed
2247 2909 104 22 madmen
2362 2910 19 21 if
2393 2917 33 15 we
2441 2910 45 23 had

1898 2937 72 23 stated
1985 2937 48 22 that
2043 2945 31 14 we
2085 2936 77 23 should
2166 2939 2 11 1
2177 2936 57 21 have
2246 2936 58 21 been
2314 2936 100 23 deemed'
2423 2937 62 22 mad-

1900 2972 51 15 men
1961 2964 22 22 if
1991 2971 32 14 we
2032 2964 45 21 had
2091 2963 72 22 stated
2173 2963 47 21 that
2231 2970 30 14 we
2271 2963 80 21 should
2366 2963 120 23 thereafter

1898 2992 68 21 travel
1978 2994 27 19 at
2011 2991 37 22 the
2058 2993 46 19 rate
2114 2990 25 21 of
2145 2990 59 26 forty
2210 2994 22 17 to
2242 2990 58 26 sixty
2307 2989 63 22 miles
2379 2997 28 14 an
2417 2990 66 23 hour.
2500 2994 2 4 '

1899 3019 30 22 In
1937 3018 53 22 such
2000 3025 28 14 an
2037 3024 42 21 age
2088 3017 26 22 of
2121 3017 171 27 improvement,
2304 3023 31 15 we
2346 3016 69 27 really
2424 3015 58 33 ltttj^e
2496 3041 5 3 .

1897 3045 97 27 upright
2004 3052 25 15 or
2042 3044 119 28 precedent
2174 3047 24 18 to
2208 3043 59 27 deny
2276 3045 38 20 the
2330 3043 122 27 possibility
2460 3044 31 24 of,

1898 3072 44 23 this
1951 3078 109 19 measure,
2071 3071 49 26 and,
2132 3070 116 27 therefore,
2255 3077 36 15 we
2298 3070 74 22 allude
2382 3077 24 15 as
2413 3077 32 15 we
2455 3071 28 22 do

1898 3103 23 18 to
1931 3100 37 21 the
1978 3099 47 22 fact
2034 3099 26 21 of
2071 3098 54 21 such
2139 3105 13 14 a
2162 3097 180 27 steam-carriage
2352 3097 74 27 being,
2445 3102 41 19 not

1898 3126 54 28 only
1962 3125 171 28 contemplated,
2144 3124 39 22 but
2192 3124 25 22 in
2227 3126 37 20 the
2271 3124 125 28 engineer's
2401 3124 83 28 'hands,

1898 3156 23 19 to
1931 3154 28 21 be
1974 3154 69 21 borne
2055 3159 27 14 on
2098 3152 37 21 the
2145 3151 40 27 air,
2202 3151 76 22 unlike
2294 3153 38 20 the
2345 3151 108 28 principle
2464 3152 26 22 of

1898 3180 39 23 the
1947 3180 88 22 balloon
2046 3179 44 22 and
2100 3182 21 18 to
2132 3178 71 22 which
2213 3185 57 15 even
2285 3178 38 22 the
2333 3178 70 22 winds
2416 3185 37 15 are
2464 3182 22 19 to

1897 3207 29 22 be
1936 3207 67 22 made
2011 3205 140 24 subservant!
2180 3205 49 22 The
2239 3206 87 28 subject
2337 3205 21 22 is
2366 3213 40 14 one
2417 3212 24 15 so
2450 3213 36 14 re-

1899 3234 57 28 plete
1966 3233 54 22 with
2034 3237 80 18 matter
2122 3233 41 22 for'
2174 3232 147 27 speculation,
2337 3232 48 22 that
2394 3239 32 15 we

1897 3265 42 18 not
1944 3265 93 18 venture
2036 3264 7 13 1
2046 3264 23 17 to
2079 3260 61 27 point
2149 3263 39 18 out
2198 3259 38 22 the
2244 3265 164 23 consequences
2413 3258 72 23 which

1900 3288 71 22 would
1983 3294 66 15 occur
2050 3298 27 4 —
2078 3286 49 27 still,
2137 3290 40 18 not
2184 3286 99 28 denying
2292 3286 38 23 the
2340 3286 61 28 rapid
2408 3286 97 22 transit

1898 3317 23 20 to
1930 3315 28 22 be
1967 3314 142 29 practicable;
2126 3313 46 22 and
2177 3316 63 19 'even
2254 3312 69 28 likely
2333 3316 23 19 to
2367 3315 25 20 be
2401 3312 86 23 carried
2493 3330 3 3 .
2502 3329 3 4 .

1897 3342 49 22 into
1955 3342 126 28 operation,;
2093 3340 39 22 but
2140 3340 24 22 in
2175 3340 100 28 January
2283 3340 39 22 the
2331 3339 102 23 rrr'achine
2442 3339 48 25 will
2493 3337 12 34 l^

1899 3368 27 23 be
1936 3368 132 28 thoroughly
2074 3366 182 28 organizedyand
2264 3367 59 22 until
2332 3367 52 22 then
2390 3373 32 16 we
2434 3366 71 23 ta'Kev-
2501 3363 4 14 f

1898 3396 68 21 leave;
1973 3396 23 21 of
2010 3394 38 23 the
2058 3395 93 27 subject,
2162 3394 45 22 and
2217 3394 52 28 only
2281 3398 55 18 trust
2344 3394 49 21 that
2401 3393 44 22 this
2454 3393 32 22 al-

1900 3422 63 29 leged
1977 3422 116 22 invention
2109 3422 19 21 is
2138 3421 88 23 neither
2236 3420 151 28 exaggerated,
2405 3427 42 15 nor
2455 3427 29 14 an

1898 3449 98 28 Utopian
2006 3449 99 28 project;
2120 3448 112 22 attd'frorn
2243 3448 37 22 the
2290 3446 152 23 conversation
2452 3453 32 15 we
2497 3468 7 7 

1898 3476 45 22 had
1954 3476 51 22 with
2022 3476 62 21 those
2098 3476 23 22 in
2136 3475 133 25 connection
2283 3474 52 23 with
2349 3474 36 21 the
2398 3472 94 28 design,;'
2497 3474 8 22 T

1900 3511 31 15 we
1942 3504 56 21 have
2009 3510 65 20 every
2085 3507 82 17 reason'
2174 3504 28 20 to<
2212 3501 87 22 believe
2302 3509 2 5 1
2309 3501 52 22 that'
2366 3499 129 24 'neithefra"

1899 3526 39 35 tjhe
1949 3537 87 15 case.—
2036 3531 70 25 Atlas,
2116 3531 57 20 Nov.
2180 3530 21 26 6;
2214 3530 61 21 1842.

1927 3558 122 22 Personal
2064 3558 96 21 Beauty
2166 3564 8 14 r
2175 3566 28 6 —
2203 3556 94 26 Among^
2308 3554 37 23 the
2354 3556 57 20 most
2418 3552 65 24 vata?
2497 3559 7 4 *

1898 3584 52 22 able
1959 3584 119 22 attributes
2087 3582 26 24 oi
2125 3579 210 31 BealAyj^hetber
2344 3579 107 28 regarded
2461 3587 25 15 as

1889 3614 2 6 '
1898 3611 157 28 Conducive/to
2065 3608 218 31 manlypurityind.
2289 3613 67 22 grace
2368 3606 26 22 of
2401 3607 86 28 asp&t£
2500 3614 5 11 *

1900 3645 25 15 or
1947 3645 23 15 as
1992 3638 111 27 auxiliary
2127 3644 23 15 to
2175 3636 115 23 Feminine
2313 3634 133 26 Loveliness,
2469 3637 28 19 &.

1897 3664 116 23 Beautiful
2024 3665 38 22 Set
2078 3664 26 22 ef
2113 3664 71 22 Teeth
2331 3660 56 22 rank
2401 3667 84 21 among

1899 3691 38 23 the
1952 3691 193 28 mostrimportant
2160 3687 182 27 eleahenls^oit.a.
2356 3686 129 25 favourable

1889 3721 4 10 !
1899 3718 105 28 personal
2014 3725 142 22 appearance.
2184 3713 55 26 Th£>
2248 3714 257 28 fimbcilighraentcrod':

1899 3745 156 27 preservation
2062 3747 22 22 of
2094 3745 37 24 ehe
2136 3742 75 24 Teeth,
2214 3740 53 25 and.
2270 3740 71 24 Gum«
2342 3749 6 8 c
2348 3740 157 28 ß4vpt&em^o

1898 3765 111 36 iore'eyer;
2019 3768 58 30 been
2093 3768 412 30 rfgarded^nx.peßuliariirJt^W^.'j

1889 3801 5 12 J
1899 3806 8 14 i
1914 3799 75 28 nd,apa
1988 3818 3 9 l
1990 3798 168 27 o»ng/'th*'in*85
2166 3796 28 23 df
2198 3795 155 29 preparations
2357 3796 148 28 ■!Miggei!i»d^

1897 3825 10 23 i
1914 3822 19 30 4
1942 3825 64 29 thap*
2024 3824 106 28 awrable
2139 3825 114 28 pnrfosfia,
2262 3819 111 26 wei'cbnld
2388 3822 117 29 paKfioo*^

1898 3845 247 35 Jttu«,;"9^Vi^Ni»'*
2160 3849 105 26 Qoanto,
2283 3856 37 16 or.
2326 3848 65 24 Pearl
2406 3848 99 26 Dentil

1898 3878 10 22 f
1914 3878 47 28 !&«»
1970 3879 8 9 *
1987 3886 30 19 a*,
2022 3874 123 27 unrivfclUid
2152 3874 77 26 forjjts
2238 3876 116 23 acee/lmc*
2365 3877 123 27 i*\puxifr
2497 3878 8 20 ;

1898 3933 163 21 a*aattractivs
2069 3932 97 25 o#ec*vr*
2185 3946 7 10 ,
2201 3940 7 12 r
2234 3946 22 9 .
2262 3947 4 4 ,
2288 3939 16 15 ~:

65 134 115 31 Brighton,
196 131 42 22 has
258 129 71 31 lately
348 129 56 23 been
427 129 121 31 unusually
571 129 71 31 large,

64 169 44 23 fine
127 165 43 24 fish
188 163 84 30 selling
291 167 24 17 at
334 162 44 22 less
399 162 55 23 than
474 170 41 15 one
533 169 76 24 penny
630 170 14 14 a

63 198 87 34 pound.-
181 196 39 23 On
239 195 103 30 Monday
360 194 37 23 the
414 195 90 23 market
522 203 47 15 was
580 202 62 16 com-

63 231 82 33 pletely
156 227 88 32 gutted,
256 227 45 24 and
313 235 67 15 seven
387 227 59 29 -fish,
460 228 113 30 weighing
584 228 58 22 from

63 263 64 26 251b.
136 262 26 30 ,'to
171 261 69 26 '271b.
253 260 64 29 each,
329 268 58 15 were
404 259 51 24 sold
473 261 34 23 for
518 262 37 22 Bs.
592 260 50 23 The

62 297 43 25 fish
117 302 37 16 are
166 290 61 30 fresh
240 294 57 22 from
310 292 38 24 the
359 297 76 25 water,
447 294 44 23 and
503 294 38 23 the
552 293 59 24 flesh
622 294 20 22 is

62 330 50 24 firm
123 327 48 24 and.
178 326 68 32 good.
247 339 33 4 —
280 325 62 24 Ibid.
360 343 3 3 ■

94 362 40 22 An
145 360 66 24 order
221 360 42 23 has
273 359 51 31 just
340 359 56 24 been
414 360 77 23 issued
508 359 31 30 by
552 358 38 24 the
602 366 40 15 su-

61 393 157 35 perintendent
229 391 26 25 of
270 393 38 23 the
321 391 21 25 L
362 392 103 29 division,
484 398 23 18 to
526 392 40 23 the
577 391 65 23 effect

62 428 47 24 that
120 425 31 25 all
162 423 39 26 tlie
214 433 51 16 men
278 421 60 28 shall'
355 426 23 23 in
397 426 77 23 future
493 432 84 24 appear
588 424 54 23 with

61 461 56 24 their
129 459 112 23 whiskers
249 458 87 24 shaved
343 459 62 23 clean
414 457 32 25 off
456 463 23 18 to
491 458 37 23 the
541 465 47 21 ear,
597 457 45 23 and

61 494 56 24 their
125 492 51 23 hair
183 492 103 23 cutclose
293 497 24 18 to
325 492 37 23 the
369 491 58 24 head
456 498 14 16 a
477 490 23 24 la
507 489 134 24 militaire.'*

61 525 94 25 —Ibid.

93 559 89 24 Spain.
185 570 33 5 —
219 558 94 23 Madrid
324 565 80 24 papers
425 562 22 18 to
468 556 38 23 the
526 556 48 23 2nd
587 556 53 23 inst.

60 592 55 24 have
127 592 60 23 been,
200 591 110 24 received.
346 591 34 23 A.
387 590 104 31 patriotic
512 589 129 30 gentleman

60 626 24 23 of
98 625 39 24 the
149 632 66 16 name
232 624 25 23 of
272 624 78 28 Erice,
364 623 38 24 has
421 622 110 32 proposed
553 630 14 15 a
587 623 54 22 sub-

59 659 110 31 scription
187 657 26 24 of
233 665 15 15 a
258 657 76 31 franc
353 657 87 30 a-piece
458 661 23 18 to
500 655 108 23 establish
628 663 14 15 a

59 699 57 23 navy
125 690 88 32 worthy
220 690 27 23 of
256 691 72 30 Spain
337 690 6 24 !
377 689 24 24 A
412 689 63 24 franc
483 689 89 30 a-piece
584 689 57 22 from

59 725 37 24 the
108 724 80 23 whole.
193 724 133 31 population
340 723 24 24 of
380 722 79 31 Spain,
473 729 58 21 men,
545 729 95 21 women,

59 758 42 24 and
102 762 3 12 1
120 757 109 28 children,
250 756 75 23 would
345 760 40 19 not
403 760 93 19 amount
515 759 22 18 to
559 754 49 23 half
628 762 14 15 a

58 791 91 24 million'
169 790 102 29 sterling.
319 788 59 24 The-
392 788 73 23 actual
488 787 154 31 subscription

58 824 43 23 will
122 828 48 24 not,
182 830 34 15 we
234 826 99 27 suspect,
354 821 67 24 make
439 821 115 31 provision
573 821 35 23 for
628 829 13 15 a

57 857 117 26 cockboat.
177 868 34 5 —
211 855 62 27 Ibid.

89 890 61 25 The
159 889 104 24 Nelson
271 888 164 24 Monument.
436 900 34 4 —
472 887 37 24 On
517 887 123 31 Saturday,

58 924 37 24 the
107 923 116 23 workmen
236 922 118 31 employed
366 922 23 22 in
401 921 39 23 the
453 922 97 22 erection
563 921 26 23 of
604 921 37 23 the

57 957 88 30 jNelsoq
164 960 133 19 monument
317 960 24 19 at
359 955 223 31 Trafalgar-square,
599 959 42 27 put

57 997 30 23 up
99 990 39 23 the
148 990 45 22 last
212 989 63 30 layer
295 989 27 23 of
336 993 64 19 stone
419 988 74 23 which
511 989 72 22 forms
603 988 38 23 the

57 1022 91 23 column'
160 1022 25 22 of
200 1021 39 24 the
256 1026 140 19 monument.
434 1021 70 23 Their
518 1025 57 19 next
588 1029 52 23 ope-

57 1055 84 23 rations
153 1054 47 23 will
211 1054 29 23 be
252 1056 23 21 to
287 1059 62 18 erect
359 1054 38 23 the
406 1054 133 23 Corinthian
549 1054 90 31 capital,

57 1096 27 16 on
105 1087 73 24 which
196 1087 39 23 the
254 1087 82 31 cupola
354 1087 44 23 will
417 1091 48 19 rest
483 1087 74 23 which
578 1088 19 22 is
618 1092 22 19 to

55 1121 57 24 form
124 1121 38 23 the
179 1120 102 31 pedestal
297 1120 35 23 for
351 1120 37 23 the
409 1119 96 24 colossal
522 1125 75 18 statue
618 1121 26 22 of

56 1155 95 24 Nelson.
188 1153 51 23 The
251 1152 83 32 capital
352 1153 19 23 is
390 1156 23 19 to
432 1152 26 23 be
470 1153 69 23 about
554 1155 29 21 13
595 1153 46 23 feet

56 1188 22 23 in
91 1187 83 31 depth,-
181 1186 44 23 and
237 1186 38 23 the
288 1186 77 23 entire-
378 1186 127 30 remaining
515 1186 91 30 portion
618 1186 25 23 of

56 1221 36 24 the
105 1225 113 19 structure
231 1219 46 23 will
287 1219 109 23 beabout
408 1220 31 22 35
458 1218 45 24 feet
515 1219 23 22 in
551 1218 87 31 height.

56 1255 49 23 The
118 1258 133 19 monument
263 1253 20 22 is
294 1257 42 18 not
348 1251 108 32 expected
468 1256 21 19 to
503 1252 27 23 be
541 1251 99 24 finished

55 1289 34 23 for
100 1288 38 23 six
149 1287 100 23 months.
251 1299 33 4 —
287 1285 60 25 Ibid.

87 1321 25 24 A
122 1320 78 32 public
218 1320 101 30 meeting
337 1318 53 25 took
409 1318 65 32 place
492 1319 23 22 in
528 1318 111 32 Notting-

55 1354 51 24 ham
119 1361 29 16 on
169 1353 108 30 Tuesday
289 1352 74 31 night,
374 1358 23 17 to
416 1353 95 30 petition
521 1352 40 23 the
573 1352 67 23 home

56 1392 114 26 secretary
187 1387 35 23 for
244 1394 13 15 a
277 1386 127 30 mitigation
425 1385 25 23 of
465 1385 37 23 the
521 1390 119 18 sentences

56 1421 24 24 of
100 1421 177 30 imprisonment
294 1419 82 31 passed
398 1426 29 15 on
447 1419 37 23 the
505 1419 135 30 twenty-six

55 1461 51 16 men
117 1453 73 24 found
210 1453 74 31 guilty
301 1452 26 23 of
343 1459 26 16 an
388 1451 88 31 alleged
496 1452 44 23 riot
559 1457 23 18 at
602 1452 37 23 the

56 1487 42 24 last
117 1492 92 26 quarter
227 1486 108 27 sessions,
356 1485 44 23 and
417 1490 23 18 to
459 1485 80 23 collect
557 1493 14 15 a
585 1485 54 23 sub-

56 1521 106 31 scription
176 1525 23 18 to
212 1525 95 25 support
326 1519 57 22 their
395 1518 125 31 dependent
531 1519 107 22 families.

56 1552 148 26 Resolutions
216 1558 23 18 to
258 1560 66 23 carry
336 1557 38 18 out
393 1551 56 24 both
470 1551 63 23 these
554 1552 86 31 objects

57 1595 55 16 were
124 1586 97 32 adopted
233 1585 167 31 unanimously.
403 1597 33 4 —
436 1584 62 24 Ibid.

87 1620 52 24 The
149 1618 141 32 Augsburgh
302 1618 94 23 Gazette
407 1626 53 21 says
472 1618 49 23 that
533 1618 39 23 the
583 1626 55 23 pur-

57 1661 51 25 pose
119 1654 26 23 of
161 1653 39 24 the
216 1653 84 24 Prince
320 1652 28 23 de
366 1651 125 24 Joinville's
512 1659 86 23 voyage
617 1656 22 19 to

56 1687 36 25 the
104 1687 91 24 Brazils
207 1687 20 23 is
239 1691 22 18 to
281 1685 43 23 ask
343 1685 37 23 the
398 1684 62 24 hand
472 1685 24 23 of
512 1685 37 23 the
562 1693 77 23 empe-

56 1720 55 25 ror's
122 1721 68 23 sister
201 1720 24 23 in
237 1719 120 30 marriage.
358 1731 32 3 —
390 1718 63 24 Ibid.

87 1754 115 24 Viscount
214 1753 137 23 Melbourne
363 1752 39 23 has
424 1752 54 23 been
491 1752 148 31 exceedingly

56 1788 85 32 poorly.

75 1821 185 24 Remarkable
273 1820 208 23 Preservation.
484 1818 52 24 -On
548 1818 91 24 Thurs-

57 1855 39 31 day
107 1855 99 30 evening
216 1854 53 27 last,
282 1853 38 23 the
333 1853 57 26 27th
403 1852 105 31 ult.,just
516 1853 58 22 after
583 1852 56 23 dark

58 1896 22 16 as
91 1888 37 24 the
140 1888 78 24 Dover
228 1886 188 24 South-Eastern
435 1886 105 30 Railway
561 1886 76 29 coach,

58 1921 49 24 with
117 1922 51 23 four
180 1920 101 24 brilliant
292 1920 73 31 lamps
374 1920 25 22 in
411 1919 67 28 front,
487 1927 46 15 was
545 1920 94 30 passing

59 1955 114 25 Mersham
195 1954 88 27 Hatch,
304 1953 39 23 the
365 1958 48 18 seat
435 1953 25 22 of
478 1952 37 23 Sir
538 1952 101 24 Edward

58 1985 146 29 Knacthbull,
216 1994 14 15 a
242 1993 51 15 man
305 1986 25 21 in
342 1992 13 15 a
370 1988 57 19 state
446 1984 25 23 of
489 1984 150 23 intoxication

57 2018 51 24 rode
119 2020 19 22 is
150 2020 66 21 horse
235 2018 112 29 furiously
364 2017 94 23 betwixt
480 2017 37 22 the
541 2017 96 24 leaders.

56 2052 29 23 So
98 2053 129 30 impetuons
239 2058 45 16 was
296 2051 39 22 the
343 2049 70 24 shock
426 2049 48 23 that
482 2049 37 23 the
531 2050 107 30 splinter-

55 2085 38 23 bar
105 2093 45 15 was
163 2084 88 24 broken
264 2083 104 29 asunder,
381 2082 52 28 and,
447 2083 33 22 for
493 2082 36 23 the
542 2083 95 29 instant,

55 2126 27 15 an
98 2123 68 26 upset
182 2118 26 22 of
221 2117 39 23 the
282 2116 76 29 coach,
376 2115 54 24 with
454 2115 78 24 twelve
550 2117 89 23 outside

56 2159 140 24 passengers,
211 2150 43 23 and
267 2158 13 15 a
291 2150 71 30 heavy
373 2148 52 24 load
437 2149 25 24 of
470 2149 106 31 luggage,
598 2158 40 23 ap-

55 2185 80 31 peared
146 2183 131 24 inevitable.
313 2183 51 23 The
383 2190 66 16 cause
468 2183 25 22 of
509 2183 71 23 alarm
594 2192 45 15 was

55 2218 88 33 pitched
156 2225 53 16 over
229 2218 39 22 the
357 2215 157 29 wheel-liorse,
534 2216 46 23 and
602 2217 40 31 lays

56 2251 94 24 doubled
161 2259 31 23 up
202 2251 79 23 within
292 2258 13 15 a
316 2249 43 24 few
369 2249 78 23 inches
458 2250 21 22 in
492 2249 61 23 front
566 2250 26 23 of
601 2251 37 23 the

55 2284 138 25 fore-wheel.
230 2284 63 23 Both
306 2283 37 24 the
350 2282 142 25 fore-wheels
502 2282 45 24 had
557 2284 82 30 passed

55 2319 92 30 directly
160 2326 53 15 over
220 2317 39 23 the
271 2317 123 23 horse-that
401 2316 29 23 he
437 2316 44 23 had
493 2316 57 24 been
562 2317 77 31 riding

54 2352 71 24 which
138 2359 45 16 was
194 2352 66 30 lying
355 2347 94 26 athwart
464 2349 37 24 the
520 2350 65 28 road,
596 2358 42 16 nor

56 2386 62 23 could
131 2386 18 22 it
160 2385 28 23 be
200 2384 107 24 removed
320 2383 34 24 till
365 2383 37 23 the
413 2383 79 23 hinder
501 2382 86 27 wheels
594 2383 43 25 had

55 2419 45 23 also
112 2418 82 32 passed
207 2425 52 16 over
268 2418 37 23 the
318 2424 96 17 carcass.
459 2416 51 24 The
521 2417 83 23 author
616 2418 25 24 of

54 2453 35 23 the
102 2452 114 29 mischief,
228 2451 76 24 whose
326 2457 123 25 cognomen
466 2450 20 23 is

148 2485 45 24 anil
212 2484 49 24 who
281 2484 79 31 enjoys
376 2484 38 23 the
432 2488 65 23 most,
511 2484 126 31 singularly

54 2516 165 35 inappropriate
226 2519 141 31 patronymic
373 2526 13 14 o
390 2517 10 23 f
542 2519 96 29 escaped

53 2553 57 23 with-
123 2561 15 15 a
153 2553 44 23 few
214 2552 91 23 bruises
328 2550 44 25 and
390 2550 64 29 three
472 2550 89 24 broken
580 2552 56 25 ribs.

53 2585 100 25 Patriot.
378 2596 3 4 •

81 2620 114 24 Curious
208 2618 95 24 Means
316 2625 31 17 of
360 2623 124 19 knowing
508 2625 51 16 the
587 2618 50 24 Po-

50 2660 81 17 sition
143 2661 38 22 of.
188 2661 16 15 a
214 2653 68 29 .Ship
293 2651 39 24 in'
341 2650 90 25 Toggy
439 2651 157 30 .Weather.
598 2665 35 4 —

51 2686 73 24 There
135 2687 19 23 is
174 2695 15 15 a
206 2686 117 31 provision
341 2684 34 32 (at
388 2684 133 32 Holyhead)
539 2685 36 23 for
596 2685 39 24 the

51 2720 69 30 safety
143 2720 26 23 of
188 2720 39 23 the
248 2719 98 32 packets
356 2718 83 24 -which
461 2718 112 24 attracted
597 2727 38 23 my

50 2753 185 30 atteridon,'from
248 2759 69 17 never
327 2752 84 30 having
411 2757 3 5 1
423 2752 83 23 known
522 2752 112 33 anything

52 2787 22 22 of
82 2787 37 23 the
131 2787 57 24 kmd
200 2787 24 22 in
236 2794 39 22 my
285 2785 49 24 life.
357 2780 5 10 J
369 2785 51 23 The
442 2785 58 30 Stag
512 2785 78 29 Rock,
603 2794 29 17 on

51 2820 69 24 which
141 2820 39 23 the
198 2819 131 32 lighthouse
348 2820 25 23 is,
387 2818 66 29 built,
472 2819 19 22 is
510 2819 124 24 connected
646 2837 1 3 ■

53 2853 48 24 with
113 2854 38 23 the
164 2853 62 23 main
237 2853 54 23 land
301 2852 32 31 by
345 2860 13 15 a
367 2852 66 23 chain
440 2851 87 32 bridge.
566 2852 12 23 I
589 2860 45 16 was

53 2886 111 32 surprised
174 2891 23 19 at
216 2886 38 23 the
266 2886 97 23 number
374 2886 26 23 of
408 2885 103 24 sea-fowl
522 2893 63 24 upon
598 2886 37 24 the

51 2920 60 29 rock,
124 2920 44 23 and
180 2919 79 25 asked.
263 2919 52 31 why
323 2919 51 31 they
383 2918 149 32 congregated
544 2920 25 22 in
577 2919 57 24 such

51 2954 113 28 numbers,
177 2953 43 23 and
233 2961 59 15 were
304 2952 114 31 regularly
437 2952 39 24 fed
492 2960 70 24 every,
583 2952 50 32 day.

52 2985 47 25 The
110 2987 197 24 harbour-master
320 2986 46 24 told
376 2994 37 16 me
432 2986 50 24 that
502 2986 55 31 they
576 2994 59 16 were

52 3020 81 31 objects
152 3021 30 23 of-
193 3020 36 24 his
251 3028 50 16 care
323 3020 43 23 and
390 3020 104 30 anxiety;
521 3019 37 24 for
587 3020 48 24 that

52 3053 60 24 when
124 3053 39 24 the
173 3053 96 32 packets
281 3054 24 22 in
317 3053 68 31 foggy
395 3053 98 24 weather
506 3053 68 24 could
595 3059 39 18 not

51 3086 64 24 make
127 3091 40 19 out
179 3095 44 24 any
234 3086 62 29 land,
309 3086 45 23 and
364 3086 88 31 finding
463 3086 30 31 by
505 3086 59 24 their
585 3087 50 24 lead

52 3119 49 32 they
113 3127 60 16 were
185 3120 61 23 close
257 3124 31 18 to.
293 3119 39 23 the
341 3119 76 28 shore,
428 3119 58 31 they,
493 3127 59 15 were
561 3121 26 22 in
597 3121 38 23 the

51 3151 60 26 habit
122 3152 26 24 of
155 3152 71 31 firmg
231 3159 20 16 'a
262 3159 46 24 gun
312 3163 19 17 j-
338 3149 52 26 and'
401 3156 24 19 at
444 3152 38 23 the
501 3157 78 26 report
596 3154 39 23 the

53 3186 99 24 sea-fowl
162 3186 52 24 flew
225 3193 31 24 uy
264 3185 135 30 screaming,
407 3185 44 23 and
461 3184 53 24 thus
520 3186 114 27 indicated

53 3218 33 25 the
96 3220 99 31 position
208 3219 25 24 of
242 3218 38 25 the
292 3218 82 32 packet
380 3216 125 33 'instantly.
527 3218 29 27 .J
576 3220 58 23 tried

53 3251 45 25 that
103 3253 154 31 .experiment,
264 3252 66 25 when
337 3245 30 32 j.
367 3259 46 16 was
425 3252 69 29 there,
508 3251 45 24 and
564 3251 74 26 found-

53 3284 16 24 it
79 3295 85 15 answer
176 3286 137 31 inimitably.
315 3298 35 4 —
350 3284 115 25 Evidence
489 3284 29 32 of
538 3284 97 32 Captain

55 3317 83 34 George
148 3320 88 29 Evans,
248 3319 31 25 R.
294 3319 45 29 N.,
359 3318 76 31 before
446 3317 187 32 Parliamentary
641 3336 5 8 ,

55 3351 124 26 Committee
190 3361 28 16 on
228 3352 142 32 Post-office.
393 3373 3 5 ,

84 3385 115 25 France.
200 3399 35 4 —
235 3387 52 23 Tlie
297 3385 90 28 Debuts
403 3386 45 26 has,
466 3394 13 15 a
491 3385 55 32 long
557 3385 78 25 article

55 3425 25 17 on
91 3418 38 25 the
146 3425 79 26 aspect
244 3420 26 24 of
276 3420 47 23 .the
341 3427 44 16 war
406 3420 101 23 between
526 3419 109 31 England

56 3452 39 23 and
106 3453 81 30 China,
195 3455 29 22 -in
237 3453 73 24 which
324 3453 21 23 it
359 3454 75 30 points
453 3457 40 19 out
510 3453 40 23 the
571 3458 64 27 great

56 3484 158 32 improvement
225 3486 75 24 which
320 3486 48 24 the'
377 3486 102 24 Chinese
496 3486 59 24 have
569 3486 65 24 made

56 3516 20 24 in
87 3519 62 24 their'
157 3521 64 31 ships
241 3519 45 25 and
303 3518 144 33 implements
468 3521 25 23 of
508 3528 46 16 war
567 3521 67 23 .since

56 3551 34 24 the
101 3558 192 19 commencement
312 3553 25 24 of
352 3553 57 24 their
428 3553 89 32 quarrel
527 3553 58 24 with
596 3553 38 25 the

57 3582 92 34 English
160 3588 87 23 nation.
449 3595 51 23 says
510 3587 50 23 that
568 3586 65 32 jour-

57 3617 39 29 nal,
134 3619 59 24 their
204 3620 64 31 ships
287 3620 26 23 of
327 3627 46 16 war
391 3627 59 18 were
468 3620 53 31 only
538 3620 96 32 adapted

58 3653 19 19 to
95 3653 88 24 enforce
204 3653 38 25 the
263 3653 73 32 police
354 3653 137 31 regulations
514 3662 85 23 among
620 3662 14 16 a

57 3685 101 30 populace
169 3687 50 24 who
230 3686 68 25 know
317 3686 53 32 only
381 3686 50 24 how
443 3691 23 19 to
484 3687 66 31 obey.
587 3687 47 24 For

57 3723 48 23 ages
123 3718 53 33 they
193 3719 46 25 hail
256 3719 107 32 required
379 3720 96 31 nothing
493 3728 62 16 more
567 3728 6 21 ;
593 3720 41 24 but

56 3749 59 24 when
127 3752 53 32 they
191 3761 45 16 saw
249 3753 123 32 European
384 3753 84 24 vessels
487 3753 44 24 and
547 3758 85 19 steam-

57 3780 59 26 boats
134 3792 81 25 appear
236 3787 26 24 in
281 3786 60 24 their
360 3791 89 24 waters,
471 3787 39 23 the
526 3787 115 24 -Chinese'

58 3821 49 19 soon
118 3817 72 33 began
201 3824 22 20 to
234 3820 90 28 imitate;
334 3818 77 30 them;
430 3820 47 25 and
486 3821 19 23 it
514 3820 45 24 has
571 3820 62 25 since

57 3846 53 26 been
127 3850 267 39 discdVjßred^Jhatithey
411 3852 59 28 have
488 3853 155 28 constructed,

58 3879 80 35 vessel
148 3892 61 24 upon
226 3886 46 25 the.
281 3879 88 37 mpjlel?
387 3886 26 26 of
425 3895 50 17 oyxt.
485 3886 89 32 largest
591 3887 42 25 fri-

173 3917 67 25 After
250 3912 113 46 dwelling
377 3925 24 19 at
412 3921 63 25 softie
481 3920 94 31 lenjgth,
587 3920 46 27 ah*

56 3947 50 24 with
116 3955 107 26 apparent
233 3946 139 34 sati«fac'tipn
373 3970 10 12 r
394 3960 29 17 on
434 3949 38 28 the
484 3953 81 31 ability
575 3953 63 26 vrith^

670 127 122 24 whiclrthe
804 129 76 22 writer
891 128 78 23 thinks
982 129 38 23 the
1031 129 99 23 Chinese
1138 136 54 24 cope
1200 130 55 23 with

670 160 115 31 England,
799 160 29 24 he
839 160 121 24 concludes
970 161 31 31 by
1010 162 139 31 remarking,
1162 162 56 29 that,
1230 163 25 23 in

670 194 59 30 spite
748 193 26 24 of
794 193 39 23 the
853 194 130 23 succession
1004 194 26 23 of
1051 195 118 31 triumphs,
1182 195 73 24 which

670 221 158 28 has'attended
841 224 88 26 British
941 234 60 16 arms
1012 228 26 22 in
1053 228 91 28 China,-
1149 229 18 22 it
1178 229 19 22 is
1209 236 46 23 any

670 259 66 31 thing
746 259 41 23 but
796 259 107 31 probable
912 259 49 24 that
966 259 38 24 the
1012 268 44 15 war
1063 260 47 23 will
1117 261 28 23 be
1154 261 98 31 brought

670 296 23 19 to
705 300 14 15 a
730 292 84 31 speedy
825 299 26 16 or
862 292 143 31 satisfactory
1015 294 151 23 termination.
1168 306 34 5 —
1202 294 52 24 The

670 330 149 25 government
830 325 57 23 have
903 325 52 31 just
966 325 120 31 published
1102 334 62 15 some
1176 327 25 22 of
1215 327 39 24 the

670 358 81 23 official
764 357 134 32 despatches
910 359 103 23 received
1031 359 60 24 from
1109 359 40 24 the
1164 359 91 25 French

670 398 65 23 army
747 391 23 23 ifi
781 391 89 24 Africa.
907 391 99 23 General
1019 391 117 32 Bugeaud,
1149 393 24 23 in
1188 402 13 15 a
1213 393 40 23 de-

670 423 79 31 spatch
776 423 68 24 dated
868 424 60 24 from
946 424 99 31 Algiers,
1068 424 101 25 October
1187 426 65 28 30th,

670 461 70 19 states
763 456 50 24 that
860 457 35 23 his
918 458 98 30 position
1024 482 3 4 ,
1039 459 118 22 continues
1180 463 21 19 to
1225 459 28 23 be

851 490 42 23 hut
910 490 64 28 adds,
1062 496 62 17 must
1142 497 39 18 not
1192 492 61 31 sleep

670 530 61 23 upon
921 523 40 23 He
973 522 79 24 details
1072 523 39 23 the
1128 526 125 28 operations

670 556 26 22 of
711 555 37 24 the
761 563 64 23 army
844 556 58 23 from
923 555 38 24 the
982 555 76 31 period
1077 556 65 23 when
1162 558 54 24 Abd
1233 558 20 23 el

672 588 78 24 Kader
761 596 47 15 was
821 589 78 23 driven
910 588 58 24 from
991 589 37 23 the
1047 589 96 24 frontier
1159 591 25 23 of
1200 591 53 25 Mo-

669 630 67 15 rocco
747 626 23 18 to
789 621 39 24 the
846 626 94 27 present
958 622 61 28 time,
1034 621 73 24 which
1126 623 60 24 finds
1205 624 48 23 him

670 654 97 31 seeking
784 654 79 31 refuge
882 655 24 22 in
927 654 38 23 the
986 656 137 23 mountains.
1126 668 33 4 —
1163 656 90 32 Weekly

672 687 127 29 Chronicle,
811 687 131 24 November,
953 687 38 24 13.

704 720 98 24 Ladies
815 727 142 17 formerly
968 728 27 16 in
1005 720 182 26 Parliament.
1189 735 34 4 —
1223 723 30 23 In

670 753 38 24 the
721 753 55 31 days
788 753 25 24 of
850 753 82 24 female
944 754 109 30 agitation
1091 755 38 23 the
1140 756 115 31 following

670 795 52 22 may
732 787 26 23 be
771 787 134 30 interesting
905 799 35 4 —
940 795 32 15 we
981 787 65 23 make
1056 787 39 23 the
1103 793 86 19 extract
1196 790 57 22 from

670 828 29 15 an
710 819 38 24 old
759 820 71 28 work,
846 819 113 24 Gordon's
969 819 140 32 Antiquities
1122 821 30 30 of
1159 821 95 24 Parlia-

669 856 67 26 ment,
749 852 122 32 published
889 854 25 22 in
936 854 61 24 1731
1019 866 32 4 —
1079 853 51 25 The
1148 855 71 23 ladies
1232 854 25 24 of

670 886 62 24 birth
750 886 44 23 and
818 886 87 31 quality
923 891 36 19 sat
981 887 23 23 in
1029 887 88 23 council
1138 889 54 22 with
1215 888 40 23 the

670 920 78 23 Saxon
760 919 109 24 Wita's."
932 920 51 23 The
1001 920 81 24 abbess
1105 920 72 24 Hilda
1187 919 66 33 (says

670 952 75 32 Bede)
757 953 105 30 presided
882 953 23 23 in
926 961 30 15 an
976 953 161 25 ecclesiastical

697 986 31 23 In
739 986 140 30 Wightred's
899 991 65 26 great
984 987 87 23 council
1090 992 24 18 at
1131 987 122 29 Beconald,

670 1027 52 16 a.d.
737 1021 57 28 694,
808 1020 38 22 the
865 1020 106 24 abbesses
992 1025 36 19 sat
1045 1020 46 24 and
1109 1021 144 28 deliberated,

669 1053 45 23 and
726 1053 42 23 five
785 1052 25 25 of
826 1052 62 25 them
908 1053 80 31 signed
1009 1053 37 25 the
1067 1053 91 24 decrees
1176 1054 23 23 of
1216 1054 38 23 the

670 1086 96 29 council,
786 1086 69 31 along
874 1085 54 24 with
945 1086 38 24 the
1003 1086 64 31 king,
1090 1087 99 31 bishops,
1210 1087 45 23 and

844 1118 66 32 King
936 1120 98 30 Edgar's
1058 1119 89 24 charter
1170 1125 22 19 to
1216 1120 38 23 the

669 1151 71 30 abbey
754 1152 25 22 of
795 1151 129 29 Crowland,
937 1160 63 20 a.d.,
1020 1153 57 28 961,
1091 1160 45 16 was
1150 1152 53 24 wnh
1216 1153 38 23 the

669 1189 93 18 consent
775 1185 26 23 of
815 1185 39 23 the
867 1185 78 23 nobles
965 1185 44 23 and
1029 1185 91 24 abesses
1138 1186 49 24 who
1198 1187 55 23 sub-

668 1218 89 22 scribed
769 1218 37 23 the
1037 1218 83 31 Henry
1131 1219 37 23 the
1181 1219 72 24 Third

669 1250 45 23 and
726 1251 99 22 Edward
838 1251 38 22 the
895 1251 94 23 Third's
1008 1252 63 28 time,
1084 1251 52 24 four
1147 1252 106 24 abbesses

668 1291 59 16 were
755 1284 136 23 summoned
919 1289 23 18 to
971 1284 148 29 Parliament,
1149 1286 53 28 viz.,
1232 1286 24 24 of

669 1317 159 31 Shaftesbury,
854 1317 111 31 Barking,
990 1317 35 24 St.
1052 1318 69 31 Mary
1139 1319 26 23 of
1186 1319 66 23 Win-

669 1350 95 29 chester,
778 1350 45 24 and
843 1350 25 24 of
1109 1352 40 23 the'
1162 1353 58 23 35th
1232 1352 24 24 of

669 1383 100 24 Edward
781 1383 42 24 111
835 1392 58 15 were
905 1385 134 22 summoned
1051 1385 30 29 by
1095 1386 48 22 writ
1155 1386 24 23 of
1194 1386 59 23 Par-

668 1417 93 23 liament
784 1422 23 18 to
830 1425 85 24 appear
937 1418 63 22 there
1023 1418 29 29 by
1077 1418 58 24 their
1155 1420 97 29 proxies,

670 1451 76 30 Mary,
760 1450 114 23 Countess
886 1451 26 22 of
926 1451 99 23 Norfolk
1034 1460 5 20 ;
1054 1451 98 29 Alieser,
1166 1452 87 23 Count-

668 1491 37 15 ess
724 1484 24 22 of
764 1483 104 23 dmond
880 1492 6 20 ;
905 1483 70 24 Anna
995 1484 132 31 Despenser
1137 1494 6 19 ;
1164 1486 88 31 Philip-

668 1525 37 22 pa,
719 1517 113 23 Countess
844 1517 26 22 of
885 1517 83 24 March
979 1526 6 20 ;
999 1517 104 24 Johanna
1115 1518 121 24 Fitzwater
1245 1528 6 20 ;

668 1550 100 31 Agaeta,
791 1550 114 23 Countess
924 1551 24 23 of
972 1551 130 23 Pembroke
1113 1560 6 20 ;
1140 1552 67 31 Mary
1226 1553 27 23 de

669 1584 37 23 St.
719 1583 67 29 Paul,
801 1583 114 24 Countess
929 1584 26 23 of
970 1584 130 23 Pembroke
1110 1593 7 20 ;
1137 1585 118 31 Margaret

669 1617 27 23 de
716 1617 64 23 Roos
790 1626 6 20 ;
825 1617 106 29 Matilda,
959 1618 113 22 Countess
1093 1618 24 23 of
1148 1618 89 24 Oxford
1246 1628 6 19 ;

670 1650 131 29 Catherine,
815 1650 114 23 Countess
941 1650 25 23 of
975 1651 97 23 Oxford.
1098 1651 75 24 These
1185 1653 70 22 ladies

668 1691 58 15 were
743 1683 74 23 called
834 1683 31 23 ad
884 1682 133 32 colloquium
1035 1687 22 20 et
1079 1687 122 21 tractatum
1223 1686 31 31 by

668 1716 60 24 their
749 1717 92 31 proxies
845 1729 31 4 —
877 1725 13 15 a
907 1717 110 31 privilege
1044 1717 101 31 peculiar
1170 1724 22 17 to
1218 1719 37 23 the

670 1758 103 23 peerage,
786 1755 23 18 to
821 1758 83 23 appear
916 1750 43 24 and
971 1755 37 19 act
1020 1750 28 30 by
1187 1752 68 31 They

668 1792 29 15 no
713 1783 70 24 doubt
806 1783 112 31 manfully
936 1784 102 23 asserted
1056 1785 60 22 their
1136 1785 122 31 colloquial

668 1816 83 29 rights.
754 1829 34 4 —

703 1867 57 24 This
773 1867 69 31 being
860 1867 72 24 called
951 1868 37 23 the
999 1875 41 23 age
1053 1868 25 23 of
1091 1868 165 31 improvement

668 1900 44 24 and
725 1900 36 24 the
774 1901 79 23 march
869 1901 26 23 of
903 1901 108 28 intellect,
1025 1909 31 15 we
1075 1901 68 24 think
1156 1902 38 24 the
1210 1903 46 23 fol-

668 1934 84 30 lowing
764 1934 79 23 article
863 1934 45 23 will
921 1939 40 18 not
979 1934 29 23 he
1025 1934 133 25 considered
1174 1941 38 18 out
1233 1936 25 23 of

668 1967 64 30 place
742 1968 24 21 in
778 1967 106 30 a-coJany
895 1967 130 30 professing
1035 1972 23 17 to
1075 1971 60 19 start
1217 1969 45 23 the*

670 2004 50 18 true
732 1999 123 31 principles
865 1999 24 23 of
898 1999 109 23 Christian
1015 1999 43 24 and
1069 2000 102 30 political
1180 2000 82 32 philo-j

668 2032 72 31 sophy
752 2032 35 22 for
808 2033 29 22 its
857 2032 76 31 guide.
969 2032 75 23 There
1063 2033 21 22 is
1096 2038 47 23 not,
1156 2040 32 16 we
1208 2035 54 23 will,

668 2070 93 18 venture
780 2069 22 18 to
820 2072 49 23 say,
882 2073 30 15 an
922 2065 45 24 evil
979 2065 25 23 of
1016 2070 90 26 greater
1122 2067 131 30 magnitude
1260 2078 3 3 •

668 2102 23 19 to
706 2098 29 23 be
753 2098 94 23 avoided
865 2098 54 24 than
938 2098 49 24 that
1005 2099 25 22 of
1046 2099 109 32 bringing
1173 2108 43 23 any
1229 2101 34 23 of.

669 2139 42 15 our
722 2131 52 23 civil
793 2132 141 23 institutions
952 2132 47 23 into
1018 2137 115 26 contempt
1140 2142 7 19 ;
1160 2133 49 24 ,and
1222 2141 40 26 we;

668 2164 67 24 know
755 2165 26 23 of
799 2165 96 30 nothing
914 2173 61 15 more
981 2164 4 5 '
993 2165 70 30 likely
1076 2170 23 18 to
1111 2166 27 24 do
1158 2174 25 16 so
1196 2167 54 23 than

668 2197 71 26 under
759 2198 38 23 the
809 2199 103 22 sanction
929 2198 26 23 of
969 2199 51 28 Taw,
1040 2199 117 32 declaring
1169 2208 13 15 a
1199 2208 53 17 man

667 2231 153 30 undeserving
835 2231 26 23 of
877 2232 75 28 belief,
964 2231 94 23 because
1072 2232 29 23 he
1112 2241 52 23 may
1176 2239 77 18 enter-

659 2262 1 6 '
668 2265 47 23 tain
741 2273 14 15 a
778 2265 107 23 different
898 2265 101 31 .opinion
1028 2273 61 23 upon
1118 2266 136 32 theological

668 2298 110 31 subjects.
872 2308 3 7 >
1150 2301 19 11 '-'
1178 2307 5 4 •

702 2331 41 24 We
760 2331 57 23 have
835 2331 58 24 been
905 2328 97 34 pßliged-
1013 2336 22 19 to
1046 2333 57 23 orhit
1116 2340 41 16 one
1209 2338 43 19 two

667 2373 108 23 passages
787 2365 26 23 of
828 2364 40 24 the
880 2364 85 30 article,
1076 2366 130 24 illustrated
1215 2373 40 18 not

667 2399 54 30 only
733 2399 36 22 the
787 2398 57 31 folly
855 2398 41 23 but
915 2399 38 22 the
973 2399 151 24 mischievous
1131 2394 124 38 jilendency

667 2432 26 23 of
708 2432 39 23 the
757 2432 100 31 practice
877 2432 25 23 of
915 2432 204 32 indiscriminately
1132 2434 124 31 catecising

668 2473 68 23 every
747 2473 52 16 man
812 2465 51 24 who
874 2466 92 29 may,,be
979 2465 72 24 called
1065 2474 61 24 upon
1138 2472 26 22 to,
1173 2472 57 19 state
1242 2476 21 15 a-

670 2498 82 32 simple
763 2499 47 23 fact
821 2507 62 23 upon
895 2499 38 30 tli£
945 2498 110 32 tendency
1067 2500 26 22 of
1102 2500 35 23 his
1149 2500 106 32 religious

668 2533 74 29 creed,
752 2532 67 29 when,
830 2538 24 18 at
865 2532 38 23 the
915 2540 24 15 &«
942 2533 153 28 me^.time,<W!B
1102 2534 57 29 .will^
1162 2540 93 18 venture

667 2570 22 19 to
701 2573 47 24 say,
761 2566 49 23 that
823 2566 65 23 those
900 2566 50 23 who
970 2566 104 30 question
1088 2566 47 24 him
1150 2567 67 24 know
1229 2576 26 16 as

666 2599 58 24 little
736 2599 69 23 aboot
815 2599 38 24 the
866 2603 81 20 matter
959 2607 24 15 as
996 2599 38 23 the
1046 2597 63 26 child
1120 2601 98 24 Unborn.
1230 2610 5 5 -

719 2638 80 22 Oaths
811 2637 165 27 Legislative,
981 2645 46 15 and
1041 2639 153 23 Scriptural.

667 2673 61 16 Swear
735 2675 31 14 not
774 2674 18 15 at
800 2672 30 17 all.
832 2681 21 3 —
855 2672 45 17 New
910 2672 112 19 Testament.
1044 2684 5 9 r
1111 2684 4 5 ,
1138 2684 8 7 -,
1158 2682 6 11 ,
1175 2684 3 4 ■
1209 2684 6 7 ,
1237 2674 26 19 .-J

665 2691 47 19 Talk
717 2694 52 16 'with
776 2696 78 18 respect,
862 2693 36 17 and
909 2695 57 15 stfear
973 2693 38 17 -but
1025 2691 87 20 now^nd
1125 2695 71 18 then.—
1197 2690 66 27 Shfyk-K

714 2725 3 13 :
730 2728 15 8 
836 2719 74 17 tpeare.
1070 2719 7 12 ■•.
1123 2715 41 16 Uw.
1256 2718 4 7 '

694 2742 49 22 Mr.
759 2742 97 27 Editor,
859 2754 27 5 —
888 2743 73 22 When
980 2750 44 21 any
1042 2743 68 28 thing-
1122 2744 98 29 relating

667 2769 88 22 Church
771 2777 25 14 or
807 2771 61 21 State
879 2771 63 21 bears
959 2778 13 13 a
983 2777 53 21 very
1045 2771 143 23 encomiastic
1197 2769 57 30 title,

667 2796 37 22 the
719 2797 112 21 inference
842 2797 19 22 is
877 2798 49 21 that
933 2797 19 21 it
961 2797 40 22 has
1018 2797 56 23 been
1085 2798 124 25 christened
1220 2799 35 23 fdr

667 2823 37 21 the
714 2824 45 20 sole
769 2831 106 20 purposes
885 2825 25 21 of
917 2825 70 26 fraud,
997 2825 44 21 and
1051 2822 103 26 fra'od^d'f
1158 2827 97 22 unusual

667 2850 118 27 turpitude,
797 2851 44 21 and
853 2851 37 22 the
899 2852 81 27 people
987 2851 169 33 generaliy^finfi-
1166 2857 37 19 out
1211 2853 44 23 this

665 2884 54 21 very
730 2877 66 23 much
807 2882 21 17 to
840 2878 57 22 their
907 2884 54 19 cost,
969 2879 44 21 and
1021 2879 63 21 when
1096 2880 16 21 it
1122 2881 18 21 is
1150 2879 103 28 d'irffc'ult,

665 2903 19 23 if
691 2908 40 18 not
745 2905 136 27 impossible,
893 2909 22 17 to
931 2909 38 23 get
977 2905 34 22 rid
1022 2906 24 21 of
1055 2904 100 34 the'eyill

666 2938 40 15 our
712 2932 109 21 Common
831 2932 53 22 Law
891 2933 39 21 has
941 2931 313 30 beenstyledthe^perfectioh

665 2958 25 21 of
698 2959 88 21 wisdom
794 2966 6 19 ;
818 2959 39 23 but
867 2959 52 28 only
926 2959 36 22 the
972 2960 283 29 ea?/>ar/eand'p&fasitical

663 2986 84 26 praises
757 2986 26 22 of
788 2986 63 22 those
870 2987 48 21 who
929 2987 64 21 made
1010 2987 24 27 it,
1046 2987 50 22 who
1111 2995 53 21 reap
1180 2996 14 14 a
1195 2987 2 10 1
1205 2987 49 23 rich

664 3011 90 23 harvest
772 3013 58 23 from
849 3014 28 21 its
896 3013 133 23 absurdities
1048 3015 44 21 and
1109 3015 144 28 eorrnp'Uons,

665 3039 45 22 and
721 3040 49 22 who
781 3040 57 28 hope
848 3044 22 18 to
880 3040 58 23 have
944 3048 28 14 an
983 3041 143 28 opportunity
1132 3041 25 22 of
1165 3043 91 27 making

664 3073 13 15 a
689 3074 51 20 very
752 3071 135 19 convenient
901 3067 46 23 and
958 3067 106 23 lucrative
1075 3069 180 22 increa's'eWthe

665 3093 108 23 Common
783 3095 53 22 Law
853 3095 62 22 code.
945 3095 47 22 The
1003 3095 79 28 Whigs
1242 3104 14 13 a

665 3119 78 28 design
754 3121 26 22 of
792 3121 110 28 reducing
918 3121 43 22 the'
967 3122 67 21 chaos
1043 3124 26 20 of
1081 3123 108 22 Common
1199 3121 56 24 Law

663 3146 46 22 into
719 3155 14 14 a
741 3147 63 26 code,
813 3148 47 22 and
867 3149 57 22 after
932 3149 109 28 rejecting
1050 3157 13 14 a
1074 3154 54 17 vast-
1135 3150 50 21 deal
1195 3151 26 20 of
1227 3151 26 26 it,

663 3177 23 17 to
700 3175 50 25 give
767 3175 37 22 the
818 3175 151 24 remainders
980 3176 139 28 philosophic
1129 3178 124 26 substance,

665 3207 12 14 a
688 3201 109 22 scientific
813 3202 59 22 form
888 3203 46 22 and
945 3203 44 25 ;the
1003 3205 101 21 Sanction
1114 3204 27 22 of
1144 3203 111 23 <S6h¥ii£u-

664 3227 71 21 tiorial
752 3228 60 22 law.-
834 3227 43 23 We
893 3236 38 15 are
947 3236 50 16 sure
1015 3230 47 23 that
1072 3230 38 23 the
1124 3230 131 29 Toriepwill

663 3255 49 20 not'
721 3253 74 23 follow
870 3257 110 26 example,
995 3257 35 22 for
1044 3257 52 22 half
1103 3253 155 35 .the^tyranny-

664 3279 169 29 inflictedupon
844 3282 37 23 the
891 3279 110 37 p'oipr'^nd
1011 3281 84 26 middle
1109 3281 82 26 classes
1199 3286 20 20 is
1227 3284 24 23 in

665 3307 70 22 virtue
745 3308 26 22 of
781 3309 146 33 Commoner
1158 3309 31 24 hr
1192 3319 63 15 cases

664 3333 34 23 for
708 3334 72 23 which
788 3336 39 21 the
834 3336 87 23 Statute
927 3336 53 26 Law.
987 3338 40 23 has
1032 3338 66 22 made
1105 3345 29 15 no
1142 3338 115 29 proyjisjpn.

665 3361 117 23 whatever.
818 3363 98 22 Witness
936 3364 37 21 the
983 3359 6 33 ';
993 3364 48 22 trial
1054 3364 48 30 -for,
1114 3359 138 33 blasnheriiy.
1257 3387 4 4 .

667 3387 64 23 Were
747 3396 14 15 a
780 3389 92 28 spirited
892 3390 44 23 and
956 3391 125 28 intelligent
1099 3391 114 31 Juryrfl4f»,
1220 3396 33 18 ■to

663 3416 73 21 refuse
746 3419 23 18 to
784 3420 36 24 try
829 3417 55 22 such
900 3425 14 14 a
923 3425 55 21 case,
984 3418 93 23 because
1095 3414 62 36 tfyere
1167 3425 86 23 \ytts,,no

664 3441 42 22 law
723 3443 24 21 in
767 3443 113 23 existence
900 3451 28 16 on
945 3444 38 22 the
997 3446 96 27 subject,
1111 3445 43 25 and
1165 3440 89 34 !ijh'aij:.a

665 3469 83 22 verdict
758 3470 25 21 of
790 3471 73 27 guilty
874 3471 71 22 would
958 3471 129 29 be'absurd,
1103 3472 46 23 and
1166 3468 87 34 tha'tjno

664 3500 105 19 sentence
785 3498 68 23 could
869 3499 27 21 be
913 3498 88 30 passed,
1015 3499 94 24 without
1124 3500 38 22 the

663 3523 142 28 committing
815 3524 37 23 the
862 3530 96 22 grossest
966 3526 96 28 perjury,
1074 3526 45 23 and
1129 3526 55 31 ev^p-

663 3556 49 20 son,
723 3551 28 26 by
761 3552 107 27 usurping
879 3552 38 23 the
922 3553 73 22 whole
1004 3561 85 19 powers
1096 3554 26 21 of
1129 3554 39 27 the;
1177 3553 78 27 Legis-

663 3577 159 23 lature—were
839 3585 43 16 one
897 3586 26 15 or
937 3578 46 24 two'
997 3582 118 26 Jurymen,
1131 3580 94 31 worthy,,
1229 3580 26 23 of

663 3603 37 22 the
717 3604 78 28 sturdy
809 3605 63 32 spirit
888 3606 27 22 of
925 3603 39 26 the
980 3607 95 26 English
1092 3608 120 26 character,
1222 3626 2 6 ,
1230 3611 23 19 to

663 3634 37 18 act
715 3631 55 22 such
785 3639 14 14 a
808 3632 66 23 noble
881 3631 3 11 '
890 3637 58 24 part,
965 3634 38 25 the
1013 3633 88 29 Judges
1109 3634 73 23 would
1192 3634 61 28 quail

663 3657 76 22 before
749 3658 70 27 them,
830 3658 45 23 and
889 3666 33 18 we
939 3660 82 23 should
1035 3660 58 23 Dave
1110 3668 29 15 no
1148 3668 60 15 more
1217 3660 36 23 in-

663 3683 118 24 dictments
789 3683 37 24 for
835 3685 141 30 blasphemy,
986 3695 37 18 nq.
1032 3695 63 16 more
1103 3688 122 24 instances,
1229 3687 27 22 of

662 3710 38 22 the
711 3712 51 22 Law
772 3712 79 23 Courts
866 3714 27 21 of
903 3713 39 25 the
957 3717 92 25 country
1065 3714 71 31 being
1148 3713 105 26 .reverted

661 3737 47 22 into
718 3738 81 23 Courts
809 3740 26 21 of
841 3740 52 22 Star
907 3740 120 28 Chamber;
1037 3749 28 16 or.
1072 3740 122 25 converted
1204 3741 49 27 into

663 3765 78 22 Courts
751 3766 27 21 of
952 3768 22 8 ''
1051 3789 4 3 .
1083 3765 92 29 /",'",
1205 3765 41 27 ,-.'•'

689 3792 22 22 A
721 3792 109 28 principle
841 3801 65 15 curse
916 3794 46 23 arid
978 3794 55 29 folly
1046 3794 28 23 of
1084 3802 42 16 oar
1142 3795 109 26 Cprampn

661 3818 54 22 Law
724 3820 19 21 is
751 3820 73 22 found
833 3820 25 23 in
869 3827 69 23 every
941 3818 68 32 "'thihg
1016 3836 3 9 ,
1025 3822 98 26 relating
1138 3821 24 25 fp
1179 3826 72 24 Oaqia.

662 3845 28 25 In
699 3845 124 30 thirpoint,
835 3847 107 27 England
950 3844 192 34 ls'diametrio'apy
1153 3845 103 34 opposed-

661 3876 23 19 to
694 3872 30 23 all
733 3872 40 24 the
778 3873 113 29 .civilized,
900 3875 90 22 nations
1008 3874 29 27 ojF
1049 3874 91 31 Europe
1142 3881 18 23 j.-
1167 3873 58 34 \ffbfk.
1234 3881 19 23 9

661 3904 42 20 our
712 3900 114 25 Common,
830 3900 55 22 Law
893 3898 225 35 bjjraS'|purJawyera
1131 3896 120 36 n^aw^aim
1258 3915 4 10 ,

661 3924 38 29 the
708 3926 123 28 perfection
838 3926 29 23 of
878 3925 99 29 wisapm,
992 3926 19 23 it
1023 3926 89 23 follows
1128 3926 55 32 £hjiL
1190 3924 63 34 'ws§

660 3956 87 26 respect
755 3957 24 18 to
788 3953 51 27 law,
848 3952 40 23 the
896 3951 120 30 Almighty
1025 3949 228 35 haVmade'al£oiify»r

1282 127 87 21 nations
1388 128 37 21 the
1444 127 112 28 pefectiori
1573 129 27 22 of
1620 130 64 22 fools.
1695 128 4 6 '
1724 130 49 23 The
1792 131 71 22 whole

1282 153 87 31 theory^
1379 154 26 21 of
1420 162 39 14 our
1476 155 42 22 law
1537 156 27 21 of
1574 156 107 22 evidence
1698 156 38 22 i
1721 156 53 22 9
1735 165 14 14 a
1764 165 60 14 mass
1841 158 26 21 of

1281 179 130 23 absurdities
1422 181 71 22 which
1502 189 30 14 no
1540 189 73 21 power
1619 189 28 15 on
1653 182 63 23 earth
1723 184 67 21 could
1798 184 64 22 make

1281 206 145 27 practicable;
1442 208 52 21 and,
1500 208 38 22 the
1553 209 79 27 theory
1647 216 18 14 13
1677 214 41 22 got
1731 207 37 24 rid
1778 210 26 21 of
1813 217 51 21 per-

1280 232 99 32 petually
1388 233 28 28 by
1432 234 87 22 fictions
1539 242 24 15 as
1577 235 127 22 rediculous
1722 243 24 14 as
1764 236 38 21 the
1821 237 42 22 law

1280 258 63 22 itself
1349 259 18 21 is
1375 259 125 28 inequitous
1509 261 45 22 and
1563 262 81 27 stupid.
1674 262 22 22 It
1704 262 18 21 is
1731 263 133 28 completely

1281 285 111 26 monkish,
1403 287 44 21 and
1456 287 99 22 founded
1566 295 59 20 upon
1635 288 37 21 the
1689 290 141 26 superstition
1841 290 26 22 of

1280 311 38 23 the
1329 312 119 23 barbarous
1457 321 59 19 ages.
1545 313 47 23 The
1602 315 42 21 law
1655 315 61 22 holds
1721 315 18 21 it
1745 323 119 21 necessary

1281 342 22 18 to
1312 338 51 22 take
1374 345 29 16 an
1413 340 50 21 oath
1474 348 24 14 as
1508 348 14 14 a
1528 343 43 19 test
1580 341 28 21 of
1620 343 105 26 veracity.
1760 343 105 22 Another

1280 365 42 21 law
1331 363 75 25 allows
1420 366 101 24 Quakers
1547 367 43 21 and
1604 368 94 21 another
1712 369 40 20 law
1773 370 91 26 permits

1281 391 130 23 Moravians
1421 393 23 26 (a
1451 396 79 19 recent
1538 395 55 25 sect)
1605 397 24 19 to
1638 395 66 21 avoid
1713 395 44 21 this
1771 400 49 23 test,
1839 403 25 15 as

1280 417 20 22 if
1312 417 38 23 the
1358 418 100 24 Quakers
1467 419 46 22 and
1524 419 128 23 Moravians
1669 428 55 15 were
1739 429 13 13 a
1771 421 94 23 distinct

1280 444 83 27 species
1375 445 25 21 of
1410 445 85 23 human
1509 447 85 27 beings,
1610 447 44 22 and
1669 448 48 21 that
1730 448 38 22 the
1785 452 44 18 test
1841 450 27 21 of

1281 471 61 21 truth
1352 471 53 23 with
1415 472 89 27 general
1513 476 77 20 nature
1609 480 45 16 was
1664 475 69 21 either
1742 482 30 14 no
1784 478 41 19 test
1841 480 24 17 at

1280 497 36 26 all,
1329 505 24 14 or
1363 506 55 14 even
1428 506 13 14 a
1455 499 83 22 license
1555 500 34 22 for
1604 500 103 23 falshood
1724 501 54 22 with
1794 501 68 22 them.

1283 523 57 28 Why
1349 532 52 20 may
1411 525 39 22 riot
1458 526 39 22 the
1512 526 42 22 law
1568 527 99 22 increase
1683 527 36 22 the
1735 528 129 27 exceptions

1280 554 23 18 to
1312 550 84 23 human
1405 556 86 23 nature,
1502 553 45 21 and
1556 554 51 27 give
1624 558 22 17 to
1660 555 64 21 other
1737 558 65 23 sects,
1818 555 46 22 and

1281 577 80 22 classes
1370 579 26 21 of
1407 586 27 14 no
1445 583 52 22 sect,
1508 579 37 22 the
1556 580 83 22 similar
1653 581 106 27 privilege
1766 581 9 22 1
1816 581 48 22 The

1280 605 93 26 sanctity
1383 605 26 24 of
1419 612 28 15 an
1457 606 51 21 oath
1517 606 20 22 is
1548 606 126 28 dependent
1684 615 27 14 on
1722 608 38 21 the
1771 609 55 21 Acts
1841 609 26 21 of

1281 630 142 24 Parliament.
1460 631 62 23 With
1538 640 42 14 one
1596 637 54 24 sect,
1667 635 37 21 the
1712 635 42 21 law
1765 635 99 22 declares

1280 656 49 22 that
1337 659 108 26 swearing
1454 658 19 22 is
1483 666 13 14 a
1505 663 49 22 part
1562 660 44 21 and
1619 661 76 26 parcel
1703 661 25 21 of
1740 661 37 21 the
1787 662 77 27 gospel

1279 694 28 5 —
1309 691 13 14 a
1346 684 64 28 thing
1432 685 84 26 sacred,
1541 686 45 21 and
1609 688 101 21 essential
1731 688 89 26 portion
1841 689 26 21 of

1281 710 149 28 Christianity,
1451 711 46 22 and
1516 712 47 22 also
1580 719 14 15 a
1614 713 63 27 thing
1699 714 26 21 of
1745 714 39 22 the
1806 718 59 18 most

1279 737 157 28 indispensible
1446 738 73 27 utility
1530 743 22 17 to
1563 738 36 22 the
1610 741 69 20 social
1688 744 63 23 state,
1769 748 56 14 even
1841 741 24 22 in

1279 764 38 21 the
1326 765 150 26 preservation,
1484 765 25 21 of
1518 765 39 22 life
1568 765 45 22 and
1624 770 107 24 property.
1763 767 102 23 Another

1279 790 42 22 law
1333 797 136 20 pronounces
1479 791 55 26 that,
1545 792 51 22 with
1604 797 87 22 respect
1702 798 21 17 to
1733 800 43 15 one
1787 802 25 14 or
1821 798 43 18 two

1280 821 64 23 sects,
1356 824 27 15 an
1395 817 51 23 oath
1455 818 20 22 is
1486 826 28 14 an
1524 818 45 22 idle
1578 819 159 28 contemptible
1753 821 109 27 abortion,

1280 844 46 21 and
1336 851 51 20 may
1396 845 26 21 be
1432 844 120 29 dispensed
1561 846 52 21 with
1621 846 92 22 without
1720 847 37 21 the
1764 847 101 27 slightest

1279 870 82 27 injury,
1373 870 43 22 and
1427 878 56 15 even
1501 871 53 22 with
1570 872 36 22 the
1624 876 95 23 greatest
1738 874 85 22 benefit
1841 878 23 18 to

1280 897 90 27 society.
1410 897 21 22 Is
1448 897 43 23 this
1505 906 14 14 a
1535 903 55 17 state
1606 901 26 19 of
1642 899 72 28 things
1724 901 84 27 worthy
1819 901 25 22 of
1851 910 14 14 a

1279 924 92 22 rational
1381 924 65 27 being
1453 925 9 21 ?
1503 925 48 22 The
1567 934 90 14 essence
1675 928 26 20 of
1711 934 29 15 an
1751 928 52 21 oath
1813 928 19 22 is
1841 932 24 18 at

1280 951 49 21 best
1338 951 83 27 merely
1430 951 138 28 moonshine,
1578 953 47 22 and
1639 953 24 22 in
1679 955 97 26 practice
1792 962 71 15 some-

1279 977 64 27 thing
1352 979 66 20 much
1427 985 76 20 worse,
1515 979 33 21 for
1556 979 18 21 it
1583 980 18 21 is
1611 988 14 14 a
1636 980 108 28 thorough
1755 981 65 22 cloak
1831 983 34 21 for

1279 1004 69 27 lying.
1369 1005 47 21 The
1425 1005 67 21 forms
1502 1006 25 21 of
1534 1006 62 22 oaths
1607 1014 38 14 are
1655 1007 140 23 immaterial.
1815 1008 49 23 The

1279 1031 50 21 Jew
1349 1031 44 21 had
1411 1031 36 21 the
1465 1032 58 22 form
1543 1033 25 21 of
1584 1034 89 27 putting
1688 1035 36 21 the
1734 1035 59 26 right
1802 1035 63 22 hand

1279 1057 72 22 under
1360 1058 37 21 the
1408 1058 61 26 thigh
1476 1066 6 18 ;
1498 1065 42 15 one
1556 1061 75 21 nation
1648 1061 89 21 touches
1754 1063 37 20 the
1802 1069 61 19 nose,,

1279 1084 94 22 another
1382 1084 39 22 has
1430 1092 14 14 a
1453 1092 77 14 saucer
1540 1085 83 23 broken
1634 1094 52 14 over
1695 1088 33 21 his
1738 1088 58 22 skull
1803 1097 5 18 ;
1819 1089 45 21 and

1281 1118 39 20 we,
1342 1111 142 27 enlightened
1503 1111 100 28 English,
1624 1113 57 22 have
1701 1114 36 22 the
1761 1115 57 22 form
1842 1116 26 22 of

1279 1138 84 27 kissing
1374 1145 12 14 a
1397 1138 56 21 book
1462 1138 53 21 with
1526 1139 38 21 the
1573 1144 59 17 most
1646 1148 77 20 greasy
1739 1141 45 21 nnd
1801 1141 64 29 filthy

1279 1165 113 26 covering,
1404 1168 39 18 not
1452 1172 43 14 one
1505 1172 93 15 swearer
1608 1166 23 22 in
1641 1174 13 14 a
1665 1167 108 22 thousand
1789 1169 76 22 know-

1279 1191 38 27 ing
1328 1198 43 20 any
1382 1191 63 27 thing
1458 1198 61 15 more
1533 1191 38 22 the
1587 1193 98 22 smallest
1695 1194 94 22 fraction
1800 1196 26 20 of
1836 1196 29 22 its

1279 1222 110 23 contents,
1401 1219 43 21 and
1455 1221 39 19 not
1508 1219 77 27 caring
1595 1227 13 13 a
1617 1220 44 22 still
1672 1221 89 21 smaller
1769 1222 95 22 fraction

1280 1245 69 21 about
1357 1245 38 21 the
1405 1252 53 20 very
1467 1245 57 22 little
1535 1245 48 23 that
1592 1246 29 21 he
1632 1247 54 22 does
1703 1247 69 23 know.
1808 1250 57 27 Sup-

1279 1279 53 20 pose
1343 1279 13 14 a
1367 1272 143 21 Mahometan
1521 1273 67 27 being
1598 1273 72 23 called
1680 1282 58 19 upon
1747 1275 21 21 in
1777 1282 12 14 a
1797 1276 68 22 Court

1281 1299 26 21 of
1318 1298 36 22 the
1365 1299 79 26 capital
1455 1299 26 21 of
1484 1299 95 27 Turkey,
1592 1303 22 18 to
1624 1308 69 14 swear
1703 1308 27 14 on
1742 1302 36 21 the
1788 1302 76 22 Koran

1281 1325 22 26 (I
1313 1332 37 14 am
1361 1325 90 27 making
1462 1332 29 14 no
1502 1332 69 20 sneer,
1582 1333 25 15 or
1617 1334 55 14 even
1683 1328 94 22 allusion
1794 1332 21 18 to
1825 1337 41 14 our

1281 1352 82 22 Sacred
1375 1352 139 27 Scriptures,)
1526 1353 40 21 but
1575 1360 93 20 suppose
1679 1362 14 14 a
1702 1355 162 28 high-minded,

1280 1379 137 21 intellectual
1429 1378 150 22 Mahomedan
1590 1387 57 14 were
1657 1385 22 17 to
1690 1388 45 21 say,
1749 1381 48 22 that
1808 1383 58 21 book

1280 1406 54 21 does
1343 1411 40 15 not
1393 1405 95 27 sanctify
1497 1412 24 14 or
1528 1406 96 22 validate
1635 1414 37 19 my
1683 1409 65 24 word,
1759 1409 41 26 for,
1808 1409 57 22 from

1280 1432 108 27 begining
1398 1436 22 17 to
1430 1432 51 26 end,
1491 1432 19 21 it
1518 1432 19 22 is
1547 1440 14 14 a
1570 1433 59 21 book
1637 1435 27 20 of
1674 1435 119 26 falshoods,
1805 1437 61 21 attri-

1280 1459 77 27 buting
1376 1459 37 21 the
1430 1463 60 17 most
1509 1459 108 27 criminal,
1636 1461 168 28 premeditated,
1822 1463 45 22 and

1279 1485 101 23 habitual
1399 1486 61 27 lying
1481 1490 21 17 to
1522 1486 38 21 the
1577 1491 64 22 great
1656 1487 119 23 favourites
1791 1489 26 21 of
1829 1489 36 22 the

1281 1513 75 26 Deity,
1375 1520 54 14 even
1448 1516 23 18 to
1490 1513 117 21 Mahomet
1625 1513 95 28 himself,
1737 1515 45 22 and
1793 1516 72 28 lastly,

1281 1547 56 14 even
1349 1544 22 17 to
1382 1539 36 21 the
1429 1539 124 28 Almighty.
1583 1540 68 22 What
1662 1542 71 21 would
1744 1543 38 21 the
1792 1543 74 22 Turks

1281 1574 26 14 or
1317 1566 156 22 Mahometans
1488 1567 64 21 think
1568 1567 25 21 of
1604 1568 54 21 such
1676 1576 28 14 an
1717 1569 86 26 infidel,
1822 1571 45 21 and

1281 1593 59 21 what
1349 1593 71 22 would
1431 1593 37 21 the
1479 1593 119 28 Christians,
1608 1594 65 22 think
1684 1595 25 21 of
1719 1595 47 22 him
1773 1597 9 21 ?
1818 1597 48 22 The

1281 1620 73 22 Turks
1373 1619 73 23 would
1460 1627 29 20 go
1504 1620 34 21 far
1550 1624 23 17 to
1589 1628 108 15 massacre
1707 1621 46 23 him
1764 1623 34 21 for
1807 1623 60 23 blas-

1281 1647 89 27 phemy,
1382 1647 44 21 and
1441 1654 41 19 we,
1500 1654 61 14 more
1577 1647 142 28 enlightened
1736 1649 129 29 Christians,

1283 1673 71 23 would
1368 1673 70 28 praise
1447 1673 48 22 him
1505 1678 21 17 to
1537 1673 36 22 the
1585 1674 59 22 third
1654 1675 91 28 heaven,
1758 1684 24 14 as
1791 1684 13 14 a
1814 1685 53 14 man

1283 1700 52 22 with
1357 1707 51 15 new
1429 1700 66 27 lights
1519 1701 26 21 of
1565 1701 38 21 the
1623 1702 53 27 only
1695 1706 48 19 true
1763 1704 102 27 religion.

1307 1727 87 22 Mutato
1404 1728 89 20 nomine
1503 1727 27 22 de
1540 1732 21 17 te
1808 1731 57 22 Con-

1282 1761 63 15 verse
1360 1754 37 22 the
1415 1761 76 15 case—
1493 1755 44 21 and
1550 1754 18 22 if
1582 1762 14 14 a
1615 1755 116 29 Christian,
1752 1765 14 14 a
1784 1758 83 22 British

1282 1781 87 27 subject
1378 1781 23 21 in
1412 1781 70 22 Great
1497 1781 85 22 Britain
1598 1789 26 15 or
1636 1783 28 21 its
1682 1784 109 27 Colonies,
1809 1792 57 15 were

1282 1811 23 18 to
1314 1808 71 22 refuse
1397 1813 20 16 to
1432 1808 27 22 be
1475 1815 68 15 swore
1559 1815 29 15 on
1603 1816 41 14 our
1657 1810 130 28 Scriptures,
1806 1819 60 20 upon

1281 1835 108 27 precisely
1399 1835 36 21 the
1445 1842 60 14 same
1511 1835 106 27 grounds,
1627 1836 27 22 he
1662 1837 71 22 would
1740 1838 26 22 be
1773 1839 94 22 deemed

1282 1869 28 14 an
1319 1861 75 23 infidel
1404 1861 72 23 under
1486 1869 39 14 our
1534 1861 119 29 dominion,
1664 1865 43 21 and
1716 1865 111 22 reckoned
1837 1873 30 14 an

1283 1889 122 33 extremely
1415 1889 91 21 rational
1517 1889 46 21 and
1571 1888 80 23 honest
1657 1898 50 14 man
1715 1891 23 21 in
1749 1892 118 22 Mahome-

1283 1915 44 23 dan
1349 1915 114 22 countries.
1503 1915 81 28 People
1604 1915 65 23 think
1689 1918 75 22 within
1782 1926 28 14 an
1829 1927 39 14 ex-

1283 1943 95 26 tremely
1389 1949 84 14 narrow
1484 1941 72 23 circle.

1272 1985 2 4 ■
1310 1973 80 21 Would
1401 1973 50 26 they
1462 1973 88 27 enlarge
1562 1973 36 22 the
1604 1974 80 26 sphere
1693 1976 25 20 of
1725 1976 100 27 thought,
1836 1985 32 14 we

1283 1999 80 22 should
1376 2004 39 23 get
1422 1999 35 22 rid
1467 2000 27 21 of
1505 2000 139 22 nine-tenths
1654 2002 25 21 of
1691 2002 36 22 the
1737 2002 36 22 ills
1784 2004 25 21 of
1821 2004 46 28 life,

1281 2026 45 22 and
1335 2027 23 20 in
1369 2034 13 14 a
1391 2034 52 19 very
1453 2026 62 21 short
1523 2027 83 26 period.
1635 2028 48 21 The
1691 2030 110 26 Scripture
1810 2038 57 20 says,

1392 2057 38 18 not
1445 2058 23 16 at
1484 2053 35 27 all,
1533 2054 5 8 '
1552 2054 51 26 and,
1624 2054 52 22 with
1689 2056 30 21 all
1733 2061 87 23 respect
1834 2058 35 22 for

1281 2080 54 21 such
1346 2087 28 14 an
1384 2079 118 28 authority,
1518 2087 32 14 we
1562 2087 51 20 may
1623 2088 92 20 suppose
1730 2083 17 21 it
1756 2084 18 21 is
1789 2091 28 14 an
1829 2092 39 15 ex-

1281 2107 82 21 cellent
1386 2107 45 21 and
1453 2114 57 14 even
1531 2107 81 21 Divine
1632 2108 122 27 injunction
1779 2111 35 21 for
1831 2112 37 22 the

1281 2134 85 21 Asiatic
1375 2133 65 26 Jews,
1448 2134 23 21 in
1478 2141 15 14 a
1500 2138 57 17 most
1564 2141 79 20 savage
1650 2139 54 18 state
1709 2137 26 21 of
1738 2137 129 28 barbarism,

1281 2161 43 20 and
1333 2161 71 21 under
1414 2167 52 20 very
1475 2160 98 27 peculiar
1586 2161 172 24 circumstances
1766 2171 5 19 ;
1790 2165 40 22 but
1844 2173 32 14 as-

1280 2194 32 15 we
1332 2187 88 22 Britons
1434 2195 37 14 are
1487 2192 40 17 not
1542 2188 86 22 Asiatic
1643 2189 65 27 Jews,
1726 2191 42 21 and
1784 2199 32 14 we
1830 2199 38 15 are

1281 2219 39 16 not
1326 2215 59 26 quite
1394 2214 22 21 in
1422 2221 14 14 a
1443 2214 128 21 barbarious
1577 2218 62 24 state,
1648 2216 83 27 though
1739 2225 41 14 our
1789 2218 80 28 Clergy

1281 2241 72 22 would
1364 2241 64 22 make
1438 2248 26 14 us
1474 2248 31 19 so,
1524 2241 45 22 and
1583 2249 24 14 as
1622 2249 31 15 we
1669 2250 43 20 are,
1730 2244 45 22 and
1785 2245 11 21 I
1813 2249 56 18 trust

1282 2275 52 14 ever
1344 2268 43 21 will
1398 2268 32 26 be,
1446 2268 23 21 in
1481 2275 28 14 an
1524 2269 122 27 extremely
1657 2270 101 22 different
1775 2275 56 19 state
1846 2275 23 19 to

1281 2294 50 23 that
1345 2295 25 21 of
1385 2294 37 21 the
1437 2294 65 27 Jews,
1523 2295 38 21 the
1576 2296 126 25 injunction
1719 2298 40 21 has
1775 2299 94 28 nothing

1281 2321 114 23 whatever
1403 2324 22 18 to
1435 2322 28 21 do
1469 2321 57 22 'with
1535 2329 34 14 us.
1598 2322 32 23 Bs
1639 2323 18 22 it
1667 2331 24 14 as
1700 2324 17 21 it
1726 2332 59 20 may,
1797 2326 72 28 Scrip-

1282 2348 96 23 turalists
1389 2352 81 18 cannot
1483 2349 137 22 understand
1631 2350 37 22 the
1678 2351 130 28 injunction,
1824 2354 46 21 and

1281 2376 54 26 they
1350 2376 56 21 have
1420 2383 29 14 no
1465 2372 59 38 ryiit
1543 2380 22 17 to
1580 2381 80 22 expect
1676 2378 48 21 that
1738 2380 131 28 ncn-Scrip-

1281 2402 104 27 turalists,
1401 2410 24 14 or
1433 2403 233 34 Sejp-Scripturalists
1681 2404 86 23 should.
1796 2407 73 22 There

1281 2429 19 23 is
1310 2433 103 23 amongst
1428 2429 144 27 theologians,
1589 2437 14 14 a
1613 2430 70 23 doubt
1694 2432 74 22 which,
1775 2434 25 25 is,
1817 2434 53 22 with

1281 2460 87 24 respect
1385 2461 22 17 to
1422 2461 42 17 two
1479 2460 63 23 sects,
1557 2456 171 29 acknowledged
1744 2459 27 27 by
1782 2461 54 21 Acts
1847 2461 25 21 of

1282 2483 141 27 Parliament,
1441 2483 46 22 and
1503 2484 73 27 surely
1586 2484 39 22 the
1636 2485 78 27 --public
1727 2486 41 22 lias
1783 2495 13 13 a
1810 2488 60 26 right

1283 2514 22 17 to
1323 2510 59 23 what
1400 2511 92 27 lawyers
1512 2510 44 22 call
1573 2511 38 22 the
1626 2512 83 22 benefit
1725 2513 25 22 of
1764 2521 14 14 a
1793 2514 76 22 doubt.

1281 2537 82 28 Utility
1369 2538 18 21 is
1390 2538 6 10 v
1397 2535 37 24 tlie
1445 2538 54 26 only
1509 2540 43 19 test
1561 2538 26 21 of
1598 2539 147 27 oath-taking.
1775 2540 26 22 If
1807 2541 63 23 oaths

1282 2571 58 15 were
1350 2560 157 39 ne6c!essar^o
1518 2564 92 30 society,
1623 2571 38 16 not
1667 2566 30 22 all
1703 2566 37 22 the
1747 2568 124 27 Scriptures

1282 2592 27 21 of
1319 2592 37 21 the
1374 2591 67 22 world
1460 2592 69 26 ought
1545 2594 23 19 to
1582 2593 27 20 be
1627 2592 92 23 allowed
1738 2597 23 19 to
1781 2595 88 28 impede

1281 2618 69 27 them,
1363 2618 43 23 and
1415 2619 18 21 ix'
1444 2620 63 20 oaths
1519 2626 55 14 were
1587 2626 158 22 unnecessary,
1761 2629 25 13 or
1797 2622 74 27 perni-

1283 2646 60 21 cious
1350 2649 25 18 to
1381 2643 41 24 We
1431 2645 73 23 social.
1583 2653 44 20 any
1637 2647 124 28 Scriptures
1771 2649 48 21 that
1829 2656 40 14 en-

1283 2672 111 28 couraged
1403 2680 23 15 or
1436 2672 107 28 enjoined
1553 2673 60 22 them
1621 2674 69 26 ought
1696 2677 21 18 to
1728 2675 27 21 be
1763 2676 105 27 rejected.

1282 2698 89 23 Judical
1382 2699 62 22 oaths
1453 2699 166 30 are^and.exer,
1628 2701 61 23 have,
1695 2702 62 26 been,
1771 2705 39 19 t:ie
1821 2703 50 21 hot-

1281 2726 56 22 beds
1347 2726 24 22 of
1378 2728 88 28 perjury
1473 2735 4 19 ;
1488 2724 52 25 ,a:id
1550 2727 52 22 with
1613 2727 164 29 the,exception
1787 2730 26 21 of

1359 2753 102 27 England
1471 2755 18 20 is
1503 2754 39 21 the
1556 2758 59 17 most
1629 2752 101 30 peTjiired
1740 2759 99 25 .country
1839 2758 32 25 .in

1283 2779 38 23 the
1332 2780 68 22 world
1408 2789 5 19 ;
1427 2781 45 21 and
1483 2781 42 21 this
1535 2782 83 26 merely
1629 2782 69 22 shows'
1710 2783 103 22 baseness
1824 2785 47 21 nei-

1281 2806 53 26 ther,
1343 2807 128 28 in-English
1483 2815 23 14 or
1516 2808 59 22 Irish
1583 2813 91 23 nature,,
1685 2809 33 22 for
1730 2810 19 21 it
1758 2811 19 21 is
1787 2810 84 28 merely

1283 2834 37 21 the
1336 2834 105 28 physical,
1458 2835 94 27 natural,
1568 2836 75 26 socialj
1660 2836 47 22 and
1721 2837 149 22 unavoidable

1281 2862 69 21 result
1359 2862 26 21 of-
1392 2862 37 22 the
1438 2862 163 25 sacrednesspf
1606 2869 30 15 an
1646 2863 71 22 oath.-
1731 2864 51 22 Tfte
1791 2871 78 15 source

1283 2888 25 22 of
1314 2885 109 29 tjuth'lies
1433 2888 23 22 in
1466 2896 60 16 cross
1538 2889 157 28 examination,
1711 2891 45 21 and
1766 2891 23 21 in
1800 2891 71 22 facili-

1281 2916 41 20 ties
1331 2916 26 21 of
1364 2916 144 27 punishmenjt,
1515 2916 42 21 for.
1558 2916 137 24 falsehoods
1707 2917 42 23 Let
1764 2918 38 21 the
1813 2922 58 18 most

1281 2942 64 28 pious
1349 2942 115 22 'Christian
1479 2942 56 22 have
1549 2950 14 14 a
1573 2949 51 16 case
1634 2943 31 24 of,
1671 2943 38 22 life
1719 2951 26 15 or
1759 2950 110 23 property,

1282 2969 44 22 and
1334 2970 51 26 give
1396 2970 48 30 him,
1450 2970 43 28 the,
1500 2969 81 28 option,
1585 2969 101 25 whether
1695 2971 27 21 he
1731 2971 73 22 would
1815 2976 56 18 trust

1283 2999 22 18 to
1314 3003 14 15 a
1339 2997 107 21 witnesses
1456 2996 136 27 conscience,
1604 3004 25 14 as
1637 2999 22 19 to
1669 2997 166 28 thesancityof
1841 3006 29 14 an

1281 3023 61 27 oath,
1361 3030 25 16 or
1404 3023 37 30 tfye
1453 3024 62 21 fears
1530 3023 25 22 of
1571 3023 86 28 infamy
1670 3025 25 21 in
1713 3024 91 28 society,
1824 3026 47 22 and

1281 3050 142 27 punishment
1430 3053 6 5 '
1446 3050 31 27 by
1495 3051 155 26 prosecution,,
1669 3050 54 24 with
1740 3051 30 22 its
1792 3059 79 15 conse-

1281 3084 104 21 quences,
1401 3077 90 25 and,the
1502 3077 73 27 pietist
1584 3077 74 22 would
1667 3085 52 17 soon
1729 3078 53 28 give
1791 3086 30 21 up
1832 3079 38 23 the

1281 3103 94 28 sanctity
1385 3104 42 22 and
1437 3103 68 28 adppt
1511 3104 38 22 the
1556 3103 64 23 other
1626 3105 103 27 security.
1740 3112 9 14 .'
1758 3106 112 28 Recently

1281 3138 14 14 a
1305 3131 130 28 bankrupt's
1445 3131 107 22 evidence
1559 3138 43 15 was
1608 3131 132 28 rejectedin
1747 3132 38 22 the
1795 3133 76 22 Bank-

1280 3162 80 23 ruptcy
1375 3159 72 26 Court,
1464 3163 22 17 to
1488 3164 8 14 J
1500 3158 38 22 the
1554 3157 75 23 defeat
1642 3159 27 21 of
1680 3159 30 22 all
1725 3159 38 22 the
1778 3160 56 22 ends
1848 3161 25 21 of

1281 3184 74 48 Eublic
1368 3186 90 27 justice.;
1469 3185 99 22 -because
1577 3185 29 21 he
1622 3185 45 23 had
1671 3187 31 21 lor
1710 3187 123 26 pretended
1847 3191 31 20 to.

1298 3218 48 22 aye,
1356 3219 14 15 a
1380 3211 105 28 religious
1490 3212 88 27 sample
1589 3219 25 16 as
1624 3216 23 18 to
1653 3213 108 27 swearing
1766 3221 5 20 ;
1783 3214 35 22 his
1824 3215 46 21 real

1282 3237 70 24 dread
1359 3239 73 28 being,
1443 3240 19 22 it
1472 3246 98 23 appears,
1580 3239 26 22 of
1613 3246 16 15 a
1637 3241 231 22 cross-examination.
1877 3250 1 4 ■

1307 3265 24 23 It
1331 3280 10 13 c
1340 3265 24 28 i3,
1367 3266 58 27 said,.
1428 3267 53 23 that
1491 3272 30 16 no
1531 3267 44 21 Act
1585 3266 26 22 of
1618 3267 136 22 Parliament
1763 3274 43 16 was
1816 3275 52 15 ever

1281 3292 78 29 passed
1370 3293 99 24 without,
1474 3293 64 25 (flaw?
1556 3293 55 22 wide
1628 3294 89 27 enough
1731 3294 37 22 for
1777 3302 14 14 a
1801 3295 70 22 coach

1270 3325 4 6 '
1281 3319 44 32 aufj
1338 3319 95 28 .fouj-j.ta
1443 3320 66 25 ,drive
1521 3318 109 30 ..through,
1646 3321 49 21 and
1706 3321 110 28 although
1825 3322 44 21 this

1270 3356 4 7 >
1284 3347 46 21 Act?
1337 3346 71 32 4,3^o,
1415 3347 134 28 very.smaU,
1566 3347 37 23 the
1612 3347 102 28 .lawyers
1730 3347 74 23 would
1824 3349 54 21 fain'

1281 3373 117 28 create.r.in.
1407 3373 55 32 l?j#]
1469 3370 54 29 jflaw,
1539 3375 29 26 by
1577 3375 41 21 far.
1622 3374 78 27 -larger
1705 3375 64 31 'than;
1772 3375 43 22 the
1826 3376 45 21 Act

1280 3399 64 23 itself
1357 3401 170 27 substantiating
1542 3400 36 22 the
1595 3406 64 21 great
1670 3401 131 28 theological
1817 3402 59 22 doc-

1281 3427 64 26 trine,
1356 3426 59 28 thaft;
1420 3435 19 14 a.
1441 3431 56 26 pafti
1500 3435 43 15 can
1559 3428 26 22 be
1601 3427 73 23 much'
1679 3428 84 28 -larger-
1767 3428 54 23 than
1832 3429 38 22 the

1281 3453 80 23 whole.

1317 3493 40 18 •AN
1368 3494 47 17 ACT
1424 3490 404 26 TOJaEMQyjEJDOJJBrSnAS-TQ-THE

1385 3511 117 22 VAtilEftXY
1513 3516 30 17 OF
1554 3514 116 31 CZKtAIp
1677 3515 86 20 OATHS.
1774 3514 4 4 '

1301 3533 46 32 Jleit
1354 3540 82 22 de'claT^a
1441 3539 38 26 a^id.
1486 3537 75 24 6na6te'd
1569 3544 63 21 b/the
1637 3535 78 31 Que^ii'i
1723 3538 48 24 raoit
1778 3545 93 18 excellent

1280 3561 472 24 M?Jeity*byan3ftrithUhe'adric»'&i(lrobnsentof
1763 3563 33 20 the
1808 3565 63 19 Lord's

1279 3584 86 21 Spiritual
1377 3582 154 24 sjnd)ljempo!r*j,
1545 3586 38 17 and
1595 3585 103 20 Cdmmoni;
1710 3586 20 17 in
1744 3587 39 16 this
1797 3589 74 19 present

1279 3605 110 18 Parliament
1400 3606 106 19 assembled,
1517 3607 40 18 and
1570 3608 27 21 tff;
1606 3607 37 18 the:
1651 3607 92 21 mthorjty
1749 3608 20 17 of
1775 3608 31 17 the
1814 3612 57 15 »ame,

1279 3625 40 17 that
1333 3625 19 18 in
1364 3627 25 16 all
1399 3631 50 14 oases
1455 3625 2 6 '
1462 3625 22 20 in
1498 3626 60 20 which
1568 3632 35 14 an..
1604 3628 51 18 oath,
1660 3632 42 15 may
1708 3628 84 22 lawfully
1798 3629 29 20 be,
1834 3630 37 16 and

1278 3646 48 19 •hall
1336 3646 48 18 have
1396 3648 45 17 been
1452 3648 131 19 administered
1589 3650 21 15 to
1623 3653 37 17 any.
1672 3653 71 17 person,
1754 3650 59 17 either
1828 3654 20 13 as
1860 3654 12 13 a

1279 3667 92 20 Juryman,
1379 3672 20 14 or
1411 3673 13 13 a
1430 3669 87 20 witness,.
1519 3674 21 13 or
1554 3674 13 12 a
1578 3670 92 21 deponent
1676 3669 26 18 tin
1713 3674 37 17 any
1755 3671 117 21 proceeding;

1279 3686 43 19 civil
1336 3692 20 13 or
1370 3690 88 21 criminal,
1472 3691 28 21 in,
1507 3695 36 17 any
1550 3691 56 18 Court
1612 3691 22 18 of
1644 3691 44 18 Law
1698 3695 20 14 or
1733 3691 96 22 JSquitytn
1839 3692 32 17 the

1280 3708 67 18 united
1358 3709 97 25 Kingdom,
1468 3716 29 14 or.
1500 3716 24 12 on
1536 3712 126 21 appointment
1674 3714 19 15 to
1703 3716 37 17 any
1747 3713 52 17 office
1805 3717 21 14 or
1833 3716 39 14 em-

1278 3730 98 20 ployment,
1389 3735 26 14 or
1423 3736 23 14 on
1460 3736 38 18 any
1507 3732 83 17 occasion
1604 3732 97 18 whatever,
1713 3733 48 17 such
1774 3737 66 17 person
1854 3733 23 18 is.

1278 3751 62 18 bound
1346 3751 257 22 bytberoathadmiaieterea,
1613 3753 89 20 provided
1711 3754 37 18 -the
1754 3751 57 26 >me
1818 3753 54 18 Jhall

1277 3771 48 20 h»w
1332 3772 211 22 httn-ad^i^tewdto
1554 3775 47 17 aucb
1607 3775 53 22 fora,
1669 3775 36 17 and
1711 3775 55 17 wittf
1769 3775 45 17 »v«b
1820 3778 52 15 «*ra«

1277 3792 72 19 monies
1358 3792 22 19 ii
1393 3794 46 19 such
1444 3804 5 9 <
1452 3796 123 22 pprs'qn,ajy
1580 3795 80 19 declare/
1663 3794 159 26 If^^'jiMnd^ni;
1835 3796 39 18 ant

1277 3817 56 17 •very
1339 3814 46 17 inch
1390 3813 453 25 'jMHon~w4Mc'rf''w|u^'£jui&i9CiMis4.ißtf
1845 3817 33 17 -ta'

1277 3834 159 20 oonvictad^afWi
1443 3834 57 21 cnin*
1506 3836 22 19 of
1535 3836 141 23 peijuryin'thp
1681 3830 50 28 *ffiftp
1735 3836 2 5 '
1740 3833 81 26 Vn^jfflfr
1825 3841 13 17 f
1839 3830 11 24 i
1855 3835 19 19 if

1272 3854 38 18 .tb«
1316 3855 45 24 p&fb,
1365 3854 38 20 hid
1409 3853 46 22 ton.
1462 3849 367 29 Sd»fofet«i^i7^tatoi*aitid«im&
1835 3855 43 19 <tfaft

1277 3874 374 30 cjff»moni««Mwt<^BWwnlrrtopted.;
1683 3879 27 24 ;;;;
1802 3878 13 19 ~.
1857 3877 12 4 ~
1877 3875 2 20 1

1277 3902 35 26 To
1322 3909 51 19 men
1383 3903 27 28 qf
1416 3902 94 33 hqn«ty
1518 3902 49 26 Mfflt
1568 3902 11 14 G
1582 3901 104 27 B6rAmoh
1702 3904 119 29 hense_the,
1825 3897 53 36 AgJ

1278 3929 131 25 oblitorates
1423 3929 66 27 whs
1503 3929 96 29 entirely
1608 3928 100 30 witfcbrib
1722 3928 149 30 my'distmo-
1877 3928 1 26 i

1275 3956 52 23 lion
1335 3954 28 26 of
1373 3959 54 24 «ect,
1439 3955 78 24 aoiib
1529 3956 102 23 thfccaae
1639 3956 26 23 of
1673 3956 149 29 Imnkruptcy,
1833 3956 45 24 the^

561 39 106 46 «%*
684 40 120 43 W<*d
830 39 209 41 &talant>
1064 38 193 48 (Srattttt
1279 42 93 38 aim
1397 35 300 54 efemifitgtott
1721 40 254 49 ftpmator*
