3260 4290
69 118 224 49 Visitors'
318 118 124 49 List.

162 230 92 26 Geyser
269 230 93 26 Hotel.

40 266 46 21 Ms
92 266 40 21 irftfl
137 266 50 20 Mifo
276 266 79 25 /iydtity'

181 289 80 26 Sfeiggfy
310 302 11 10 ,(

181 311 116 25 AlbJeitft'lfet,
304 311 114 22 MfcltxrfirWi

184 336 80 24 {SydiiOy

117 358 81 25 jftfciray
206 357 34 26 ('//,
249 358 76 26 fij-dtiey

41 384 50 19 ?Vlißs
96 381 88 24 t'ct-MiiSj
190 380 93 22 Jirisbane

78 404 113 24 Gri&ttl-Stlt!,
203 405 112 20 Melbourne

77 431 39 18 atid
121 428 35 21 Atf
161 428 99 23 RiehufdS)
270 431 76 22 Kydiifcy
477 428 1 25 I

103 452 69 19 I'fin'je
179 451 73 26 Joseph
261 455 19 16 of
291 449 124 27 Battciitidrgj
423 451 45 19 -i}ct-

111 480 60 19 tti'jiiy

41 498 54 20 3loln
101 497 25 21 ~Pi
136 501 38 17 alid
180 500 43 17 Mrs
231 496 83 24 Peikiusj
324 496 92 21 Brisbane

39 520 128 26 iii'-Mtifhiy,
177 524 77 22 Sydney

75 546 43 18 atrtifl
125 544 75 21 Master
206 545 95 21 Bluhdell,
310 542 116 26 Wellington

108 571 87 19 Perkins;
205 570 91 16 Brisbane

77 595 40 16 jiiid
124 592 41 19 Mrs
173 592 91 23 Seyinour
272 591 64 22 Allfiitj
345 588 91 21 Brisbane

177 612 91 26 England

203 639 107 22 Wangaiiui

78 663 39 17 imd
124 661 41 19 Mrs
174 663 97 19 Pftterson,
282 660 89 19 Adelaide

79 683 76 25 Srnyth,
165 685 72 17 Dublin

81 709 64 20 Wood,
154 708 77 23 Sydney

78 732 39 17 and
125 733 41 16 Mrs
175 730 112 22 Grimwildej
296 726 111 21 Melbotirnfl

77 753 88 19 Bastard.
176 754 99 18 Auckland

73 779 92 20 iSiuibcrt,
177 777 91 18 Scotland

77 802 62 20 Hunt,
151 801 89 22 England

78 825 44 17 Atlr!
124 830 8 3 _
132 830 20 14 >s,
184 833 12 11 )(

78 848 40 17 Mrs
127 847 38 18 and
173 847 46 17 Miss
228 843 87 23 Noonah,
327 842 91 21 GisboiliC

77 871 38 16 and
124 870 47 17 Miss
178 870 87 20 Stewart,
276 869 75 22 Sydney

77 894 127 19 Whitchouse,
214 892 89 23 England

77 917 37 17 and
122 917 41 16 Mrs
171 916 38 17 Lee
217 916 85 22 Murray,
311 915 76 23 Sydticy

77 939 38 18 and
123 939 48 18 Miss
183 939 80 18 Paliiier.
273 939 72 22 Napier

77 963 86 22 Haggasi
177 962 91 23 England

77 986 87 20 Thomas,
177 985 91 22 England

77 1009 69 21 Miller,
156 1009 100 17 Auckland

77 1032 36 17 and
122 1033 40 16 Mrs
171 1032 99 19 Mcßeath,
278 1030 77 23 Sydhfey

43 1056 69 16 Messrs
121 1055 59 17 Blake
189 1051 33 31 (2j,
232 1054 76 23 Sydhcy

113 1078 67 22 Irving
189 1077 32 23 (2),
231 1078 112 16 Melbourne

43 1102 44 16 I?cv.
97 1098 71 21 J'athei'
176 1098 99 25 Dorrigen,
285 1100 90 17 Brisbane

42 1125 28 16 Dr
78 1124 73 22 Hardy,
162 1124 76 22 Sydney

43 1148 81 22 Captain
132 1147 67 20 Kevin,
210 1146 89 18 Scotland

42 1170 77 18 Colonel
127 1170 111 22 Townsend,
248 1166 89 26 England

62 1218 122 22 Seddon's
195 1214 71 26 Lake
275 1216 75 24 View
365 1216 96 23 House.

43 1252 40 17 Mrs
92 1252 85 20 Gamble,
187 1251 99 18 Auckland

77 1275 121 20 McGlasben,

77 1299 97 20 Williams,
185 1296 99 19 Hamilton

44 1322 45 16 Miss
98 1321 70 20 Nadin,
177 1321 112 22 Devonport

44 1345 65 17 Misses
118 1345 53 17 Nusli
180 1344 33 23 (2),
223 1343 75 18 Paraell

44 1368 92 22 Porgeant
144 1367 84 21 Gamble,
238 1364 99 20 Auckland

44 1391 31 16 Mr
84 1391 60 22 Hugh
157 1390 85 17 Lachlan
258 1390 114 21 McFadyon,
387 1389 89 22 Glasgow

76 1413 82 18 Richard
167 1414 61 22 Ryan,
238 1413 100 17 Auckland

78 1437 122 20 McGlasben,
210 1434 76 20 Parnell

77 1461 113 21 Thompson,
201 1457 98 20 Auckland

77 1483 62 20 Firth,
149 1482 99 18 Auckland

77 1507 98 20 Williams,
186 1506 99 17 Hamilton

77 1530 54 20 Parr,
138 1529 100 18 Hamilton

77 1552 55 21 Ellis,
140 1550 107 25 Wanganui

43 1571 100 23 Constable
152 1576 86 22 Hughes,
249 1574 80 18 Makctu

135 1623 88 26 Lake
245 1623 132 26 House.

44 1663 40 17 Mrs
92 1659 58 20 Jones
159 1661 38 17 and
205 1667 39 14 son,
253 1660 83 17 Victoria

79 1685 93 22 Simpson,
183 1682 83 19 Victoria

79 1707 86 21 Goodall,
176 1707 99 17 Auckland

43 1732 47 17 Miss
98 1731 95 21 Finleson,
202 1728 84 19 Victoria

77 1755 100 21 Compton,
188 1751 83 19 Victoria

77 1776 100 21 Murdock,
187 1775 99 19 Auckland

44 1802 31 16 Mr
83 1801 37 17 and
127 1801 40 16 Mrs
176 1800 99 20 Murdock,
284 1796 99 20 Auckland

77 1824 64 19 Davis,
152 1823 100 17 Auckland

77 1847 38 18 and
124 1847 40 16 Mrs
172 1843 120 23 Blockwood,
303 1842 98 21 Auckland

158 1869 120 20 Blookwood,
287 1868 88 18 Dunedin

77 1893 66 20 Grant,
153 1893 80 17 Galatea

77 1914 57 22 Been,
144 1915 62 18 Galate
212 1922 11 11 a

77 1939 103 20 Robinson,
192 1938 79 18 GalateU

77 1962 38 18 and
124 1962 40 17 Mrs
172 1962 71 20 Carter,
254 1961 111 22 Cambridge

78 1986 67 20 Green,
155 1985 71 23 Napier

77 2006 78 25 Pilling,
169 2008 99 17 Auckland

77 2033 107 18 Patterson,
193 2029 117 27 Wellington

44 2053 51 20 Hon.
105 2056 31 16 Mr
144 2055 57 21 Hike,
211 2051 99 20 Auckland

43 2079 69 17 Messrs
122 2077 76 24 Dright,
208 2077 76 23 Sydney

157 2120 117 23 Pvctcrur.
286 2117 85 25 HoteL

45 2150 40 18 Mrs
94 2151 108 20 Shar.aban,
212 2150 117 21 Wellington

81 2173 90 19 Gardner,
181 2173 97 18 Auckland

45 2198 47 17 Miss
100 2197 112 22 McDoXyell,
222 2197 87 22 Huntley

91 2218 75 23 Hurris,
176 2220 86 23 Huntley

91 2241 91 24 Murphy,
192 2243 117 22 Wellington

45 2267 32 17 Mr
85 2267 101 20 Johnston,
195 2266 111 17 Melbourne

81 2290 96 20 Bristowe,
188 2289 89 17 Adelaide

80 2314 58 19 Moss,
149 2312 100 18 Auckland

44 2343 17 16 ±
80 2336 44 21 Gill,
134 2336 100 21 Taurauga

46 2355 15 4 ~
81 2359 112 21 Schmledel,
203 2359 107 22 Onehunga

82 2383 50 21 Keys
142 2382 37 17 and
188 2382 67 21 friend,
265 2379 99 19 Auckland

82 2406 37 17 and
127 2406 41 17 Mrs
176 2405 95 22 Loveday,
281 2403 98 19 Auckland

82 2429 52 17 Fairs
143 2429 37 17 and
189 2426 67 22 friend,
266 2427 99 18 Auckland

82 2453 68 20 Smith,
161 2450 99 19 Auckland

83 2476 91 19 Steward,
184 2474 108 23 Wanganui

81 2497 90 22 Howard,
185 2494 100 22 Auckland

82 2523 73 22 Logan,
165 2521 100 18 Auckland

82 2546 89 20 Wallace,
181 2542 99 20 Auckland

84 2588 104 23 Brent's
204 2587 130 25 Bathgate
349 2585 96 23 House.

49 2620 29 16 Dr
85 2619 61 22 Barry
155 2619 20 16 T.
185 2617 80 20 Russell,
274 2617 52 16 West
334 2615 96 17 Maitland

51 2641 41 19 Mrs
99 2639 30 20 W.
134 2637 27 21 *F.
171 2639 102 21 Crawford,
285 2639 90 18 Gisbome

86 2665 82 20 Dervan,
179 2662 99 19 Auckland

85 2688 88 22 Bradley,
183 2685 100 19 Auckland

85 2711 37 17 and
131 2711 46 17 Miss
186 2710 84 18 Muccke,
282 2708 88 18 Adelaide

84 2735 85 22 Douglas
177 2734 75 17 Brown.
263 2732 40 23 Fiji

85 2757 61 18 Leslie
155 2757 75 20 Brown,
240 2754 38 24 Fiji

51 2780 47 19 Miss
108 2779 88 20 Graham,
207 2777 99 20 Auckland

96 2802 76 24 Macky,
184 2803 91 17 Otaliuhu

96 2827 53 21 Hall,
162 2826 90 18 Otahuliu

97 2850 80 21 Hanter,
188 2850 76 22 Sydney

97 2872 65 22 Black,
176 2872 77 23 Sydney

87 2898 28 16 M.
125 2895 82 21 Hiuiter,
217 2896 47 16 New
273 2891 59 21 South
341 2892 62 19 Wales

52 2919 32 19 Mr
92 2920 38 18 and
137 2919 42 18 Mrs
187 2918 110 20 Colebrook,
308 2918 90 17 Gisbome

155 2940 80 22 Ntithe-,
245 2942 86 17 Western
339 2940 96 18 Australia

156 2963 65 24 Risby,
234 2962 90 25 England

157 2989 29 17 W.
196 2989 16 16 I.
222 2989 64 19 Coote,
298 2987 95 17 Australia

157 3011 64 20 Baird,
233 3010 91 19 Otaliuhu

87 3033 112 23 Johnstone,
209 3034 99 17 Auckland

87 3057 144 21 Houldsworth,
240 3054 99 20 Auckland

86 3083 74 19 Laurie,
171 3081 107 21 Onehunga

87 3105 62 21 Bond,
158 3104 126 20 Manchester,
294 3100 90 25 England

86 3128 69 21 White,
166 3127 76 23 Sydney

87 3152 23 17 A.
120 3151 48 21 Olle,
179 3151 77 22 Sydney

87 3173 94 22 Matthew
190 3173 75 20 Wilkin,
275 3169 108 26 Wanganui

88 3197 116 21 McDonald,
212 3197 47 17 New
268 3196 60 17 South
336 3195 62 17 Wales

89 3220 130 21 Crusthwaite,
227 3219 76 18 Ireland

89 3245 83 21 Aubrey,
186 3242 116 23 Whangarei

89 3267 76 21 Swales,
175 3267 47 17 New
231 3265 60 18 South
299 3264 61 18 Wales

89 3297 17 15 j.
117 3291 97 18 Cameron,
223 3290 47 16 New
277 3288 59 18 South
345 3285 62 20 Wales

89 3314 68 20 Noble,
167 3311 96 24 Devoport

56 3336 72 19 Master
136 3337 60 21 Percy
205 3334 101 21 Crawford,
317 3333 91 18 Gisbome

162 3375 140 22 Tarawera
310 3370 89 24 House

57 3413 31 16 Mr
96 3412 37 17 and
141 3412 40 17 Mrs
190 3411 22 17 E.
223 3409 56 21 Cook,
286 3408 111 18 Melbourne

94 3436 37 16 and
138 3433 41 19 Mrs
188 3434 20 18 C.
218 3432 81 23 Waugli,
311 3431 95 22 Paparata

60 3459 40 17 Mrs
108 3459 19 17 J.
136 3459 75 16 Tonson
219 3455 82 21 Garlick,
310 3454 98 18 Auckland

92 3481 58 21 Rake,
160 3479 99 19 Auckland

92 3504 72 22 Henry,
172 3503 64 18 Tahiti

57 3528 47 17 Miss
113 3527 81 20 Garlick,
206 3523 99 20 Auckland

104 3550 85 20 Wilkins,
198 3549 122 22 Pongakawa

105 3573 81 21 Howell,
195 3572 101 18 Hamilton

172 3620 105 25 Mokoia
295 3620 81 23 View.

62 3661 41 19 Mrs
112 3661 74 21 Elliott,
195 3659 89 23 England

96 3685 94 22 Fleming,
199 3683 26 17 To
232 3683 64 16 Arolia

59 3710 48 16 Miss
115 3708 78 19 Wilson,
202 3705 90 23 England

107 3732 67 19 Green,
185 3729 33 24 (4),
228 3728 106 23 Onchunga

63 3755 31 16 itfr
103 3755 66 20 Green,
179 3753 107 21 Oneliunga

98 3777 81 20 Salmon,
189 3775 101 18 Hamilton

97 3800 63 21 Davis,
169 3799 101 18 Hamilton

98 3823 91 22 Simpson,
198 3823 47 16 New
252 3820 60 18 South

97 3846 37 17 and
142 3846 39 17 Mrs
190 3844 85 22 Thorley,
286 3842 124 19 Coromandol

98 3869 37 16 and
143 3868 41 17 Mrs
192 3868 59 19 Filth,
262 3866 116 23 Wellington

98 3892 60 21 Davy,
167 3891 100 17 Hamilton

98 3915 85 20 Jenkins,
193 3913 99 17 Auckland

99 3938 70 20 Peters,
179 3936 100 19 Auckland

97 3961 67 20 Green,
173 3960 72 23 Engine

99 3984 88 20 Oostello,
196 3984 25 16 Tc
230 3982 62 18 Arolia

98 4007 76 20 Brown,
184 4006 75 22 Sydney

98 4030 48 20 Tait,
157 4029 97 17 Auckland

99 4052 37 18 and
145 4052 40 17 Mrs
193 4050 113 22 McDonald,
319 4050 111 18 Melbourne

98 4077 64 19 Knox,
172 4075 110 17 Melbourne

96 4099 66 21 Jones,
219 4111 13 8 ~

956 1386 57 19 THE
1032 1386 57 19 HOT
1108 1386 95 19 LAKES
1222 1386 172 19 CHRONICLE

1144 1429 56 13 AND

1059 1457 108 21 Tourists'
1189 1459 100 25 Journal.

1077 1524 51 14 fact
1137 1519 11 19 I
1158 1524 52 14 will

988 1576 174 24 WEDNESDAY,
1171 1580 94 17 MARCH
1273 1582 28 18 20,
1312 1582 50 16 1895.

958 1624 46 19 The
1014 1624 67 20 Maori
1093 1625 126 20 Parliament.
1230 1632 44 13 now
1288 1626 46 19 held
1347 1625 46 21 here

958 1650 17 19 is
984 1650 35 19 the
1029 1648 58 22 tliird
1097 1651 84 20 session.
1206 1651 102 27 Hastings
1318 1651 77 28 having

959 1676 35 19 llie
1004 1676 81 20 honour
1096 1678 22 19 of
1131 1678 34 18 the
1179 1678 44 19 first
1240 1679 40 18 and
1294 1678 100 20 Gisborne

958 1700 35 21 the
1005 1703 76 19 second
1091 1710 45 13 one.
1153 1704 73 24 Owirg
1237 1707 19 16 to
1264 1705 34 18 the
1309 1705 83 19 Arawas

959 1728 98 26 delaying
1061 1730 54 18 their
1122 1730 144 25 ncceptanceof
1273 1731 35 18 the
1315 1731 79 19 scheme

959 1755 15 18 it
984 1761 12 12 v
1019 1761 7 12 3
1036 1756 108 25 arranged,
1160 1763 23 12 as
1198 1763 54 12 some
1269 1763 111 19 encourage-

960 1786 54 13 ment
1025 1784 21 15 to
1056 1781 61 24 them,
1130 1784 20 17 to
1160 1782 48 19 hold
1218 1783 35 18 the
1269 1782 126 20 Parliament

959 1810 20 15 at
991 1806 94 20 Eotorua
1094 1808 42 18 this
1145 1815 55 17 year,
1212 1815 30 12 coi
1249 1809 108 25 scqueutly
1364 1810 31 18 for

959 1839 55 13 some
1026 1834 140 19 considerable
1176 1834 48 19 time
1235 1838 57 22 great
1301 1841 92 19 prepara'

960 1860 54 18 tions
1023 1858 53 20 have
1087 1866 53 19 gone
1151 1867 25 12 on
1187 1861 19 18 in
1218 1861 88 19 erection
1312 1861 22 18 of
1339 1862 56 24 large

960 1887 117 23 temporary
1090 1886 74 19 houses
1174 1886 39 19 and
1228 1887 34 19 the
1278 1889 82 23 storage
1374 1888 21 18 of

960 1910 54 20 food.
1042 1911 43 19 The
1095 1911 128 21 Parliament
1232 1919 22 13 as
1261 1916 34 23 yet
1304 1913 37 19 has
1348 1914 46 25 only

961 1937 39 19 had
1017 1937 132 26 preliminary
1169 1939 100 25 meetings
1289 1939 68 25 owing
1376 1943 19 15 to

961 1964 34 18 the
1005 1963 59 24 delay
1075 1964 21 18 in
1111 1965 35 18 the
1166 1965 74 19 arrival
1263 1966 21 18 of
1302 1972 56 12 some
1375 1966 21 18 of

960 1989 35 19 the
1012 1989 83 26 leading
1113 1989 70 26 chiefs,
1207 1991 93 20 however
1321 1991 75 26 during

961 2014 34 20 the
1005 2017 49 17 next
1064 2015 39 20 ferr
1113 2016 51 25 days
1176 2017 35 19 the
1221 2017 72 19 formal
1306 2018 91 25 opening

962 2039 40 21 will
1021 2042 47 19 take
1089 2042 64 25 place.
1188 2044 101 23 Amongst
1306 2044 34 18 the
1357 2043 28 19 dis-

962 2067 120 25 tinguished
1102 2068 65 18 Maori
1187 2069 80 19 visitors
1287 2076 35 12 are
1337 2069 60 20 Hone

962 2093 66 23 Heke,
1042 2093 35 20 Wi
1089 2093 58 24 Pere,
1157 2094 29 19 Te
1196 2095 59 24 Moti,
1270 2095 43 26 (the
1324 2094 73 20 Native

962 2119 111 24 Premier),
1084 2119 40 20 and
1135 2120 36 19 the
1180 2120 105 26 following
1291 2121 64 19 tribes
1363 2128 34 12 are

962 2146 137 24 represented:
1109 2145 104 27 Ngapahi:
1224 2146 77 20 Eano;i
1310 2147 72 19 Whare-

962 2177 43 17 rau,
1021 2171 36 27 Pen
1069 2171 12 27 6
1093 2171 59 27 Taui,
1173 2173 100 23 Wiremu,
1293 2173 103 25 Herepete

962 2196 112 26 Eapihina,
1083 2198 65 19 Arina
1157 2198 68 24 Kiwa,
1236 2199 82 20 Katane
1334 2200 51 19 Patu-

963 2229 49 17 awa,
1024 2223 40 19 and
1075 2224 75 19 others.
1179 2225 128 20 Palmerston
1322 2226 73 19 North:

962 2248 71 20 Petria
1045 2249 80 25 Punua,
1138 2250 40 19 and
1188 2251 74 19 others.
1290 2252 106 19 Coroman'

963 2274 46 28 del:
1026 2275 100 20 Hamiora
1135 2276 133 26 Mangakaia.
1305 2278 27 19 To
1350 2278 36 19 Uri-

964 2306 59 14 wera:
1038 2301 63 20 Kerei
1110 2309 15 16 J,
1135 2303 40 18 and
1183 2303 74 19 others.
1280 2303 116 26 Tauranga:

964 2325 53 21 Hon
1027 2327 77 25 Ngata,
1117 2328 89 26 Hohepa
1226 2329 108 25 Hikutaia,
1353 2330 43 19 Tar

963 2354 45 25 pari
1018 2356 41 17 and
1071 2354 75 20 others.
1175 2355 98 20 Waikato
1282 2354 3 25 :
1308 2356 28 19 Te
1351 2356 45 23 Eei,

964 2380 40 20 and
1014 2387 61 19 many
1085 2380 59 20 other
1153 2380 65 20 chiefs
1228 2382 40 19 and
1275 2382 53 19 their
1335 2382 63 19 ladies

964 2407 23 19 of
998 2409 54 17 note.
1090 2406 42 20 The
1149 2407 84 19 Arawas
1252 2409 22 18 of
1292 2408 48 19 here
1358 2408 40 19 and

965 2433 139 25 surrounding
1113 2433 89 19 districts
1213 2440 34 12 are
1256 2434 43 20 also
1307 2435 21 18 in
1338 2436 59 18 force.

965 2459 43 19 The
1019 2457 139 28 Ngatipikiua
1165 2459 54 19 tribe
1233 2461 22 19 of
1264 2460 78 20 Eotoiti
1358 2460 42 20 and

965 2485 92 23 Maketu,
1070 2485 78 26 having
1157 2492 55 13 some
1228 2487 170 19 misunderstandi

965 2511 36 24 ing
1012 2511 91 19 between
1120 2511 70 26 Major
1205 2512 45 20 Fui
1268 2519 40 13 uuq
1327 2513 73 19 Petera

965 2537 116 24 Puknahia,
1093 2538 17 18 is
1131 2538 35 19 the
1186 2539 47 24 only
1251 2540 75 18 Arawa
1345 2539 54 26 hapu

965 2563 73 19 absent
1087 2563 44 19 The
1162 2565 111 25 gathering
1303 2565 97 19 numbers

965 2589 65 19 about
1039 2596 13 12 a
1057 2590 103 19 thousand
1172 2593 21 17 at
1203 2593 88 22 present,
1308 2590 38 20 but
1358 2591 42 19 this

965 2615 17 19 it
989 2615 17 19 is
1016 2616 98 25 expected
1124 2616 40 19 will
1173 2616 25 20 be
1209 2617 104 19 increased
1322 2617 78 26 largely

966 2641 35 19 the
1011 2642 83 25 coming
1102 2643 63 18 week.
1200 2642 68 25 Every
1282 2649 21 13 cl
1312 2643 88 26 itingent

966 2668 21 18 of
998 2669 82 18 visitois
1096 2668 17 19 is
1133 2668 109 20 welcomed
1261 2669 45 25 just
1321 2670 79 19 outside

966 2694 35 19 the
1011 2693 67 20 Maovi
1094 2694 82 26 village,
1194 2696 22 18 of
1233 2695 125 19 Ohinemutu
1373 2697 27 24 by

966 2720 35 19 the
1011 2720 100 20 excellent
1119 2720 104 26 Paidpaki
1233 2721 62 20 Brass
1304 2721 59 20 Band
1379 2723 22 18 of

969 2747 22 17 19
1002 2746 122 25 performers
1134 2747 37 25 (alt
1181 2747 85 25 Maoris)
1284 2748 64 19 under
1365 2749 35 19 the

967 2772 156 26 conductorship
1144 2774 23 18 of
1188 2773 33 20 Mr
1245 2774 24 19 F.
1291 2774 108 24 Clements,

967 2798 101 26 (brought
1082 2803 49 15 over
1145 2799 27 25 by
1193 2800 35 19 the
1245 2800 93 20 Hawkes
1356 2801 45 25 Bay

968 2824 69 26 chief),
1049 2824 40 19 and
1100 2826 90 18 escorted
1200 2828 20 17 to
1234 2826 35 19 the
1278 2833 53 19 open
1343 2833 58 15 space

968 2850 21 19 in
999 2851 55 18 lront
1064 2851 22 18 of
1095 2851 36 19 the
1147 2854 59 22 great
1221 2852 75 19 carved
1312 2854 90 24 meeting

968 2876 70 23 house,
1058 2877 160 25 Tamatekapua,
1235 2878 75 24 (which
1332 2879 18 19 is
1371 2886 31 13 sr;

969 2902 55 19 aside
1033 2902 33 19 for
1077 2903 34 19 the
1124 2904 93 25 meeiing
1231 2905 21 18 of
1270 2904 36 19 the
1323 2905 67 20 Parlia-

969 2929 71 24 ment),
1057 2928 67 20 where
1139 2930 36 19 the
1192 2930 67 19 Maori
1273 2930 127 25 salutations,

969 2955 68 24 tangis
1057 2955 42 19 and
1122 2955 65 20 hakas
1212 2963 34 12 are
1268 2958 79 19 carried
1369 2964 33 13 on.

969 2981 61 19 Much
1042 2981 66 24 praise
1125 2982 17 19 is
1157 2982 39 20 duo
1218 2985 21 17 to
1258 2982 35 20 the
1311 2983 91 20 Eotorua

970 3008 77 18 uatives
1057 3010 32 16 lor
1099 3008 35 18 the
1143 3015 85 13 manner
1239 3009 21 19 in
1273 3010 66 19 which
1353 3010 49 25 they

970 3039 33 13 are
1010 3033 309 26 entertainingtheirnumerous
1325 3038 77 23 guests.

969 3057 66 21 There
1057 3064 35 14 are
1116 3061 79 18 several
1216 3061 92 20 Eotorua
1334 3062 68 20 native

970 3085 64 19 ladies
1044 3085 40 19 and
1095 3087 116 24 gentlemen
1217 3087 136 25 Committees,
1362 3089 40 19 and

970 3111 53 19 their
1031 3115 154 22 arrangements
1197 3113 59 19 made
1264 3114 32 19 for
1313 3115 90 25 catering

970 3139 20 17 to
1000 3137 34 19 the
1044 3139 104 24 strangers
1165 3145 34 13 are
1218 3139 106 20 excellent.
1360 3140 43 20 The

969 3162 50 26 long
1024 3163 53 19 lines
1085 3165 21 17 of
1122 3164 66 20 tables
1204 3165 53 20 have
1277 3166 126 20 snow-white

970 3189 56 19 table
1038 3195 75 19 covers,
1130 3191 112 26 glistening
1258 3191 66 25 china,
1341 3193 61 24 glass,

970 3215 61 20 silver
1042 3215 41 19 and
1092 3217 50 18 steel
1152 3217 40 19 and
1208 3217 77 20 decked
1302 3220 36 17 out
1356 3219 48 19 with

970 3247 58 14 rasas
1035 3242 22 18 of
1064 3241 86 25 flowers,
1159 3243 79 19 waiters
1245 3244 42 19 and
1292 3244 113 19 waitresses

972 3267 28 19 all
1012 3268 85 23 natives,
1108 3268 70 26 neatly
1188 3269 89 20 dressed.
1292 3270 43 19 The
1347 3277 58 13 scene

972 3294 18 18 is
999 3294 58 24 quite
1075 3294 78 26 unique
1168 3296 41 18 and
1228 3296 121 25 interesting
1365 3297 40 19 and

973 3319 67 20 shows
1049 3320 46 19 how
1106 3323 36 23 apt
1152 3321 34 19 the
1200 3322 64 19 Maori
1275 3322 17 19 is
1308 3325 20 17 to
1345 3323 60 25 adopt

972 3345 35 19 the
1014 3346 83 25 pakeha
1106 3353 102 14 manners.
1235 3348 45 19 The
1293 3348 48 19 food
1351 3349 17 18 is
1378 3349 28 19 all

971 3372 46 19 that
1027 3372 60 19 could
1095 3372 27 19 be
1131 3373 80 20 desired
1221 3374 113 25 consisting
1342 3376 22 17 of
1371 3375 34 20 the

971 3397 106 20 delicacies
1099 3398 22 19 of
1131 3399 34 19 the
1181 3406 78 13 season.
1294 3400 43 19 The
1347 3401 58 19 Band

971 3423 105 20 discourse
1086 3424 62 19 select
1157 3426 72 24 pieces,
1239 3428 20 17 to
1265 3426 37 19 the
1311 3426 94 26 pleasure

972 3450 21 18 of
1007 3450 33 18 the
1051 3450 100 20 residents
1165 3452 42 18 and
1215 3452 83 19 visitors
1307 3452 39 20 and
1363 3452 43 20 also

972 3475 117 25 frequently
1093 3476 46 25 give
1148 3478 174 21 entertainments,
1330 3478 65 20 instru-

972 3501 83 24 mental,
1078 3503 63 23 vocal,
1172 3503 73 19 dances
1270 3504 41 19 and
1334 3504 71 20 hakas.

972 3527 62 19 Strict
1043 3527 127 26 regulations
1179 3536 34 12 are
1224 3530 20 18 in
1255 3530 54 19 force
1326 3530 81 26 against

972 3553 35 19 the
1017 3553 42 20 sale
1069 3554 22 19 of
1099 3553 133 28 intoxicating
1242 3556 72 19 drinks
1330 3558 21 18 of
1366 3563 40 19 any

971 3578 57 20 kind.
1057 3580 43 20 The
1110 3581 90 25 meeting
1209 3581 18 19 is
1244 3582 63 25 likely
1324 3585 20 17 to
1358 3590 37 12 con-

972 3605 58 20 tinue
1046 3607 33 19 for
1102 3613 55 13 some
1179 3608 72 19 weeks.
1291 3608 26 20 In
1334 3609 69 19 future

972 3631 65 20 issues
1045 3639 30 13 we
1085 3633 42 19 will
1142 3633 115 20 endeavour
1274 3636 20 18 to
1311 3635 46 25 give
1372 3635 35 19 the

971 3656 95 22 business
1077 3659 74 25 doings
1161 3659 21 19 of
1192 3659 34 19 the
1238 3661 97 24 meeting.
1363 3659 44 21 The

972 3684 80 19 natives
1061 3691 35 13 are
1104 3687 21 17 to
1134 3685 25 19 be
1168 3686 132 19 commended
1310 3687 31 18 for
1350 3687 57 19 their

972 3710 54 24 good
1034 3710 43 19 and
1085 3711 125 23 respectable
1221 3711 63 20 order.

1439 120 23 20 St
1475 120 95 21 Patrick's
1583 120 79 26 holiday
1674 127 40 14 was
1726 121 47 24 kept
1784 128 29 18 up
1828 128 25 14 on

1415 143 93 25 Mfiiidiiy.
1530 143 37 20 and
1583 144 94 25 although
1693 144 42 19 rain
1750 144 40 19 had
1804 145 48 19 been

1415 166 123 25 threatening'
1546 167 30 19 for
1583 173 52 14 soiflo
1642 169 48 22 days
1697 173 29 13 we
1731 168 38 18 had
1776 169 66 19 beauti-

1416 189 28 20 ful
1459 189 91 20 weather.
1574 190 61 24 Many
1648 190 72 25 having
1735 190 120 25 pleasurable

1415 212 48 25 trips
1471 212 26 24 by
1505 214 34 18 the
1547 215 59 18 steam
1615 215 88 18 launches
1713 219 24 14 on
1748 214 33 19 the
1794 214 58 22 Lake,

1416 237 64 18 Whilst
1488 242 52 13 some
1548 236 105 25 journeyed
1661 239 20 16 to
1695 240 33 16 the
1741 239 80 17 summit
1834 240 20 17 of

1415 259 131 24 Ngongotaha
1554 261 38 17 and
1601 260 55 18 other
1663 259 63 24 places
1735 262 21 17 of
1768 260 78 20 interest
1850 259 3 24 .

1438 287 73 22 fairou,
1535 289 34 18 the
1592 287 69 20 Native
1677 290 85 18 Premier
1785 289 21 19 of
1822 289 32 19 the

1415 309 62 21 Maori
1486 309 122 25 Parliament,
1618 313 73 17 arrived
1700 313 45 17 here
1757 314 51 16 from
1822 314 32 17 the

1416 335 60 18 South
1498 333 71 23 Island,
1590 335 26 23 by
1637 336 33 17 the
1687 335 101 19 Auckland
1803 337 51 17 train

1415 358 100 23 yesterday
1524 358 106 18 afternoon.

1438 385 32 19 Mr
1485 385 67 19 Grant.
1569 388 81 17 District
1670 386 67 19 Traffic
1753 386 100 24 Manager,

1415 410 37 17 and
1460 408 33 19 Mr
1501 409 22 18 A.
1533 408 23 25 V.
1566 408 120 23 Macdonald,
1696 409 51 19 Loco
1764 410 78 23 Superin-

1415 433 80 17 tendent
1502 433 39 17 and
1557 433 114 18 Permanent
1686 433 49 23 Way
1751 433 102 24 Engineer,

1416 454 99 19 Auckland
1524 457 86 22 Railway
1620 457 81 21 Section,
1711 463 32 12 are
1752 461 24 14 on
1785 464 11 10 a
1811 457 44 18 visit

1415 479 50 18 here.

1438 505 39 18 The
1493 504 85 25 meeting
1594 507 21 17 of
1630 505 91 20 residents
1742 513 24 12 on
1783 506 71 24 Friday

1415 530 81 22 evening
1504 530 38 17 last
1549 530 21 17 in
1579 530 109 18 connection
1698 530 47 18 with
1750 529 33 19 the
1792 531 49 17 main-

1415 555 80 15 tenance
1512 553 21 17 of
1547 553 90 23 religious
1654 553 79 18 services
1753 554 44 17 here
1815 560 38 12 was

1415 574 57 24 fairly
1488 574 97 19 attended.
1616 575 56 18 After
1684 582 51 12 some
1750 575 103 20 discussion

1414 596 83 25 nothing
1505 597 77 20 definite
1590 605 39 12 was
1638 598 74 19 arrived
1721 600 26 17 at.

1438 629 39 19 The
1497 631 56 17 Band
1574 631 20 17 of
1612 629 57 25 Hope
1686 631 40 18 will
1742 630 46 19 hold
1804 631 50 19 their

1415 654 88 22 monthly
1511 654 86 22 meeting
1608 654 20 17 in
1641 654 33 18 the
1690 655 123 18 Schoolroom
1829 662 24 11 on

1415 677 71 22 Friday
1494 677 57 22 night
1559 678 51 16 next.
1636 678 39 17 The
1683 678 59 18 ladies
1750 679 43 17 who
1806 679 47 17 have

1415 700 33 17 the
1464 700 105 23 arranging
1583 701 33 17 the
1630 705 120 19 programme
1763 707 32 12 are
1810 706 32 19 pre-

1415 723 69 23 paring
1492 727 25 14 an
1526 722 93 19 excellent
1627 730 35 11 one
1671 725 29 17 for
1714 725 33 18 the
1761 725 91 18 occasion.

1439 751 102 19 Constable
1549 753 80 22 Mull-ay
1636 751 17 19 is
1662 752 57 25 again
1726 753 21 18 in
1756 758 35 14 our
1796 753 58 19 midst

1415 772 73 26 having
1503 776 90 17 returned
1606 782 24 11 on
1644 776 95 23 Saturday
1755 777 58 23 night
1828 779 25 21 by

1415 798 32 18 the
1456 799 99 17 excursion
1564 798 56 18 train.

1439 826 60 17 There
1515 832 49 12 were
1583 827 118 22 sixty-seven
1720 827 133 18 excursionists

1415 849 26 22 by
1454 849 34 17 the
1504 850 69 22 special
1589 850 50 17 train
1653 856 24 12 on
1692 850 100 23 Saturday,
1811 852 42 17 16th

1415 872 52 21 inst.,
1477 871 85 24 arriving
1577 873 45 17 here
1637 873 21 17 at
1676 873 52 17 10.15
1744 880 54 16 p.m.,
1816 873 38 19 and

1415 896 90 17 returned
1514 902 24 11 on
1547 896 85 22 Monday
1641 897 21 17 at
1671 897 10 16 3
1689 902 47 17 p.m.

1439 925 26 16 At
1478 925 33 17 the
1526 926 64 16 recent
1602 925 129 17 examination
1746 925 20 17 of
1780 924 63 19 school-

1415 948 86 17 teachers
1509 948 48 17 Miss
1566 948 27 17 M.
1603 947 63 23 Solly,
1677 948 89 17 assistant
1779 949 76 17 teacher

1415 972 21 16 at
1444 976 35 12 our
1488 970 80 18 District
1576 970 68 18 School
1656 970 68 23 passed
1738 971 19 17 in
1766 971 48 18 class
1831 972 22 17 E.

1415 993 76 23 During
1508 994 32 16 the
1557 994 45 16 time
1619 992 47 18 Miss
1682 993 58 23 Selby
1756 993 34 18 has
1807 994 47 18 been

1415 1016 50 21 here,
1484 1021 51 12 some
1555 1015 88 23 eighteen
1660 1017 82 20 months,
1763 1017 35 18 licr
1813 1018 42 17 first

1415 1039 107 17 Education
1540 1039 62 17 Board
1619 1040 137 21 appointment,
1771 1040 34 17 she
1820 1042 34 16 has

1415 1062 39 17 had
1462 1063 33 16 the
1504 1062 95 18 exclusive
1607 1063 90 22 teaching
1705 1064 30 16 i.e.
1750 1064 20 16 to
1785 1063 70 18 herself

1416 1084 19 18 of
1444 1089 36 13 one
1489 1084 124 22 schoolroom,
1629 1084 47 19 with
1691 1091 24 12 an
1729 1090 82 20 average
1825 1088 19 16 at-

1415 1108 93 17 tendance
1517 1109 20 16 of
1553 1108 66 23 nearly
1634 1110 51 22 forty
1699 1108 102 24 European
1817 1110 37 17 and

1415 1130 63 19 Maori
1492 1132 91 20 children,
1599 1138 52 11 ano
1667 1137 55 13 mean
1739 1133 49 17 task.
1822 1134 32 17 AVe

1415 1154 48 18 have
1472 1155 57 17 much
1538 1155 86 22 pleasure
1633 1155 19 17 in
1661 1156 73 23 paying
1742 1156 47 18 Miss
1799 1157 55 22 Selby

1415 1177 33 18 the
1467 1178 47 22 high
1531 1176 70 19 tribute
1618 1179 21 16 of
1658 1179 58 22 being
1733 1184 24 12 an
1773 1179 82 18 efficient

1415 1201 76 17 teacher
1511 1201 39 18 and
1572 1200 152 24 exceptiohnally
1745 1203 50 22 good
1816 1203 28 17 dis-

1416 1223 117 24 ciplinarian.

1439 1256 40 18 The
1499 1257 82 17 transfer
1597 1257 21 16 of
1634 1257 32 17 the
1682 1254 105 21 Yorkshire
1805 1257 48 23 Grey

1416 1278 59 19 Hotel
1495 1280 69 17 license
1583 1280 107 23 Tauranga,
1712 1282 20 15 to
1752 1281 33 17 the
1807 1282 47 16 New

1415 1302 108 23 Township,
1533 1303 89 21 Eotorua,
1633 1303 72 23 having
1712 1304 48 17 been
1773 1304 82 23 granted

1416 1327 89 23 vigorous
1519 1324 106 24 operations
1642 1331 30 13 are
1690 1327 60 22 going
1766 1333 25 11 on
1808 1328 46 17 with

1416 1350 32 17 the
1462 1350 84 17 removal
1559 1350 19 17 of
1594 1350 33 17 the
1645 1348 68 19 Palace
1729 1350 60 17 Hotel
1806 1351 48 17 from

1416 1372 117 18 Ohinemutu
1542 1374 20 16 to
1571 1373 32 17 the
1616 1373 80 17 allotted
1705 1374 71 17 section
1790 1374 19 17 in
1823 1374 31 17 the

1416 1396 47 18 New
1472 1396 108 22 Township.

1440 1424 30 18 On
1479 1423 119 24 Wednesday
1606 1424 43 21 last,
1660 1431 20 11 as
1693 1424 112 23 advertised,
1823 1425 32 18 the

1416 1448 86 18 Eotorua
1510 1449 56 16 Brass
1580 1446 55 19 Band
1651 1447 45 19 took
1713 1448 109 23 advantage
1835 1449 20 17 of

1416 1471 32 18 the
1468 1471 94 18 beautiful
1578 1470 108 24 moonlight
1702 1472 66 22 nights
1785 1473 19 16 to
1825 1472 19 17 in-

1416 1496 93 21 augurate
1518 1494 108 23 moonlight
1638 1495 114 17 excursions.
1777 1495 66 23 Thirty-

1414 1518 56 23 fight
1486 1518 68 22 people
1570 1518 73 18 availed
1663 1518 113 18 themselves
1790 1519 20 17 of
1823 1519 32 17 the

1416 1541 126 23 opportunity
1562 1541 61 17 which
1640 1546 44 18 may
1700 1541 23 17 be
1746 1542 109 17 considered

1416 1570 46 16 very
1482 1564 43 17 fair.
1558 1563 39 18 The
1617 1563 53 18 Band
1700 1563 94 25 although
1811 1571 44 17 very

1416 1586 54 19 weak
1478 1587 36 18 five
1519 1587 123 18 instruments
1649 1588 58 23 being
1710 1588 72 19 absent,
1787 1588 68 23 played

1416 1617 12 11 a
1435 1611 66 17 varied
1509 1615 121 18 programme
1639 1611 37 17 and
1682 1611 37 17 this
1726 1611 47 17 with
1779 1611 77 24 singing

1416 1634 39 17 and
1463 1634 89 22 chatting
1559 1633 69 23 helped
1639 1635 19 16 to
1672 1635 56 16 while
1742 1640 12 11 a
1769 1635 87 22 pleasant

1416 1656 87 22 evening.
1529 1658 30 21 By
1568 1657 101 23 attending
1682 1658 53 17 these
1747 1658 108 18 excursions

1416 1680 33 18 the
1458 1680 64 23 public
1532 1685 35 13 can
1583 1678 33 20 kill
1634 1682 38 16 two
1688 1679 52 19 birds
1757 1680 47 18 with
1822 1686 33 12 one

1417 1705 59 19 stone,
1487 1704 43 17 that
1538 1704 16 16 is
1568 1703 57 23 enjoy
1641 1704 113 17 themselves
1770 1705 39 17 and
1825 1705 30 17 aid

1417 1727 32 17 the
1458 1727 55 17 Band
1522 1727 57 17 funds
1587 1727 62 17 which
1657 1727 48 18 need
1715 1727 21 18 it.

1441 1755 29 16 An
1486 1753 123 24 extraording
1623 1755 84 23 meeting
1722 1755 20 17 of
1755 1755 55 18 those
1826 1756 19 16 in-

1417 1778 82 17 terested
1508 1778 19 16 in
1536 1778 33 17 the
1578 1778 75 17 Church
1667 1779 20 16 of
1700 1778 91 22 England
1806 1779 17 17 hi
1830 1785 25 14 re,

1417 1807 39 11 was
1465 1799 43 19 held
1518 1802 19 16 at
1547 1801 33 17 the
1588 1800 108 23 Parsonage
1705 1802 57 22 study
1768 1807 24 12 on
1799 1802 26 17 Mi
1833 1809 22 10 11-

1417 1824 38 22 day
1463 1822 64 24 night,
1538 1825 32 16 the
1580 1823 45 18 Eev.
1632 1823 22 19 E.
1663 1823 26 19 H.
1700 1825 83 22 Spencer
1790 1826 20 16 in
1824 1825 32 17 the

1417 1847 58 18 cliair.
1501 1847 81 18 Matters
1590 1848 110 22 pertaining
1712 1850 20 15 to
1747 1849 33 16 the
1794 1849 62 17 future

1418 1871 89 21 carrying
1519 1877 25 10 on
1557 1871 21 16 of
1590 1871 80 21 English
1686 1871 76 18 Church
1779 1872 77 17 services

1418 1899 49 12 were
1475 1895 64 21 pretty
1554 1894 48 22 fully
1617 1900 49 15 gone
1682 1894 41 18 into
1737 1894 39 18 and
1790 1901 11 11 a
1815 1901 41 11 now

1418 1917 110 17 committee
1540 1923 38 11 was
1592 1917 73 18 formed
1678 1919 20 15 of
1711 1917 32 18 the
1758 1919 99 22 following

1418 1940 59 17 ladies
1486 1939 37 18 and
1533 1940 108 23 gentlemen
1677 1940 40 18 Mrs
1724 1941 87 21 Ginders,
1817 1941 39 18 Mrs

1417 1964 78 20 Webbe,
1513 1963 46 18 Miss
1575 1964 114 22 Thompson,
1708 1964 47 17 Miss
1772 1964 84 17 Griffiths

1418 1986 38 18 and
1474 1982 70 22 Messrs
1553 1986 65 21 Brent,
1629 1985 102 22 I'obinson,
1741 1986 29 18 W.
1782 1988 21 17 P.
1810 1987 35 17 Wil-

1418 2010 54 17 liums
1483 2009 38 17 and
1538 2010 21 16 P.
1577 2009 116 21 Hammond,
1711 2012 20 15 to
1748 2012 32 15 act
1796 2017 20 11 as
1832 2016 24 12 an

1418 2032 95 23 auxiliary
1521 2032 108 18 committee
1636 2035 21 16 to
1666 2033 32 17 the
1707 2035 77 21 present
1792 2040 40 11 one.

1443 2062 20 17 It
1472 2061 38 18 will
1519 2061 23 18 be
1557 2061 75 18 noticed
1645 2062 50 17 from
1708 2063 32 16 the
1754 2063 92 17 advertise-

1420 2086 52 16 ment
1481 2086 21 16 of
1510 2085 69 17 Messrs
1592 2084 98 24 Wynyard
1703 2085 39 18 and
1757 2086 100 17 Purchas's

1420 2108 42 17 that
1475 2114 25 11 an
1512 2108 124 23 opportunity
1649 2108 16 18 is
1681 2113 43 13 now
1738 2108 84 18 afforded
1837 2110 20 16 to

1419 2131 116 22 speculators
1546 2131 19 17 in
1574 2131 64 17 search
1648 2132 20 16 of
1676 2138 11 10 a
1695 2132 61 22 really
1764 2133 49 21 gord
1827 2133 20 16 in-

1420 2155 100 16 vestment.
1545 2152 59 19 Block
1614 2153 28 18 IV
1650 2154 77 18 divided
1740 2155 42 18 into
1790 2156 12 17 ?>
1818 2162 29 11 sec-

1419 2178 56 19 tions,
1486 2178 15 16 is
1509 2183 43 12 now
1561 2177 69 17 offered
1640 2178 30 17 for
1678 2178 38 17 sale
1724 2184 25 11 011
1758 2185 11 10 a
1782 2179 48 17 lease
1838 2179 20 17 of

1419 2202 23 16 94
1451 2205 60 18 years.
1536 2200 39 18 The
1583 2200 82 23 position
1674 2202 15 16 is
1702 2202 105 18 admirable
1820 2202 38 17 and

1420 2224 32 17 the
1461 2225 58 16 terms
1528 2230 49 16 easy,
1588 2224 32 17 the
1629 2225 106 17 conditions
1743 2225 21 17 of
1772 2224 49 18 lease
1827 2231 31 12 arc

1420 2247 40 17 also
1476 2247 57 17 much
1550 2253 51 12 more
1618 2247 110 18 favourable
1741 2248 48 17 than
1806 2249 52 17 those

1420 2270 70 17 offered
1498 2270 26 23 by
1532 2270 33 17 the
1576 2270 134 18 Government.
1735 2271 76 18 Section
1821 2271 36 18 No.

1420 2295 10 15 0
1440 2294 67 22 facing
1514 2294 33 16 the
1555 2293 79 21 Parade,
1644 2294 112 23 containing
1764 2300 45 12 over
1820 2296 39 16 two

1420 2323 57 15 acres,
1488 2317 15 17 is
1512 2317 105 22 eminently
1631 2317 81 17 suitable
1727 2318 30 17 for
1773 2319 59 16 either
1848 2325 11 10 a

1420 2340 102 17 firet-elass
1542 2340 53 17 hotel
1615 2346 21 11 or
1659 2340 170 24 boarding-house,
1848 2348 11 11 a

1420 2363 50 18 clear
1479 2364 89 21 frontage
1580 2363 38 17 and
1632 2364 48 17 view
1693 2364 21 17 of
1726 2364 33 17 the
1776 2365 51 16 Lake
1843 2366 16 16 is

1420 2387 97 20 obtained,
1531 2387 75 17 besides
1620 2386 72 23 having
1707 2387 32 17 the
1752 2387 108 24 advantage

1421 2410 21 17 of
1462 2410 48 17 close
1527 2409 104 23 proximity
1648 2412 21 15 to
1685 2410 32 17 the
1732 2411 74 18 Parade
1822 2412 38 17 and

1421 2433 87 17 Pukeroa
1516 2433 67 22 slopes.
1609 2434 34 16 We
1651 2434 117 17 understand
1780 2435 43 17 that
1835 2441 25 11 an

1420 2456 111 23 impression
1542 2456 32 17 has
1583 2458 34 21 got
1634 2456 71 18 abroad
1718 2457 43 17 that
1775 2459 72 16 Govern-

1422 2481 52 15 ment
1483 2478 38 18 will
1531 2480 89 17 interfere
1635 2480 46 17 with
1696 2486 75 17 anyone
1787 2481 73 23 leasing

1422 2503 52 17 these
1483 2503 80 17 sections
1568 2508 21 12 us
1596 2503 15 16 it
1618 2508 38 12 was
1663 2502 102 24 originally
1771 2504 89 18 intended

1422 2526 29 17 for
1460 2532 11 11 a
1479 2526 53 22 large
1542 2531 92 17 company
1648 2526 51 17 hotel
1716 2527 38 17 and
1769 2527 89 22 grounds,

1423 2550 34 16 but
1465 2555 21 11 as
1495 2549 31 17 the
1535 2549 55 17 block
1599 2549 34 17 has
1639 2550 66 22 passed
1712 2550 40 17 into
1759 2546 33 21 the
1801 2551 59 17 hands

1422 2573 20 17 of
1450 2573 32 16 the
1491 2573 76 21 present
1576 2577 73 13 owners
1666 2573 48 17 from
1728 2574 33 16 the
1776 2574 72 18 Govern-

1422 2597 52 16 ment
1482 2597 21 15 at
1511 2595 76 18 auction
1600 2595 82 18 without
1695 2601 38 17 any
1750 2596 110 24 stipulation

1422 2625 20 10 as
1451 2620 20 16 to
1479 2619 43 16 how
1531 2619 15 16 it
1555 2618 15 17 is
1580 2620 19 16 to
1608 2618 23 17 be
1640 2619 51 17 (Yalt
1696 2620 53 21 with,
1759 2620 45 22 they
1813 2621 47 17 have

1422 2642 73 22 perfect
1503 2642 52 23 right
1564 2643 20 15 to
1601 2644 31 15 cut
1647 2642 16 17 it
1677 2649 26 16 up
1717 2649 20 11 as
1754 2643 46 23 they
1816 2644 43 17 like.

1422 2665 100 18 Moreover
1530 2671 27 11 we
1566 2663 67 19 should
1642 2665 56 17 think
1712 2666 43 18 that
1769 2667 33 17 the
1815 2673 45 13 xerv

1423 2689 39 16 fact
1470 2689 21 17 of
1499 2688 52 17 these
1560 2688 58 17 leases
1625 2689 59 22 being
1692 2689 71 18 offered
1775 2690 26 23 by
1815 2691 45 17 such

1423 2718 11 10 a
1442 2710 115 24 respectable
1565 2710 51 24 legal
1623 2712 86 17 business
1717 2713 43 17 firm
1769 2714 16 16 is
1794 2720 10 11 a
1820 2715 30 16 suf-

1423 2734 64 18 ficient
1496 2736 102 21 guarantee
1608 2736 19 16 to
1638 2736 67 22 satisfy
1714 2741 80 18 .inyone.

1448 2771 54 17 Since
1515 2771 32 17 the
1564 2771 113 17 foundation
1693 2772 21 17 of
1729 2772 34 17 the
1778 2772 71 23 Depart-

1423 2795 54 16 ment
1485 2794 20 17 of
1513 2793 77 18 Labour
1601 2794 36 18 five
1649 2794 39 18 and
1702 2795 42 18 half
1756 2801 55 17 years
1825 2802 36 17 ago

1423 2817 16 17 it
1447 2817 34 17 has
1489 2817 92 17 rendered
1589 2818 102 17 assistance
1705 2820 19 15 to
1740 2820 64 19 12,051)
1818 2825 32 16 per-

1423 2846 50 15 sons,
1482 2841 49 17 with
1543 2841 66 20 27,380
1624 2841 114 18 individuals
1756 2841 106 24 dependent

1424 2869 52 17 upon
1485 2863 58 21 them,
1553 2864 43 17 who
1606 2870 47 11 were
1662 2865 19 19 in
1687 2866 55 21 quest
1750 2866 21 16 of
1777 2866 72 22 employ-

1424 2888 58 19 ment,
1493 2888 38 16 and
1540 2888 52 20 0,0!)!)
1605 2893 49 12 were
1667 2888 57 17 taken
1738 2895 25 11 on
1777 2889 72 18 Govern-

1424 2912 53 15 ment
1488 2909 67 19 works.

1448 2944 39 17 The
1495 2943 99 18 estimated
1602 2943 113 23 population
1723 2945 21 17 of
1752 2945 33 17 the
1791 2945 71 23 Colony

1425 2973 24 11 011
1458 2967 33 17 the
1496 2968 42 17 31st
1543 2967 109 21 December,
1659 2968 91 17 inclusive
1759 2969 20 16 of
1785 2969 76 21 Maoris,

1423 2996 40 12 was
1472 2990 89 23 728,121;
1575 2990 55 18 made
1638 2996 26 17 up
1677 2991 21 17 of
1707 2992 77 20 380,024
1797 2992 65 21 males,

1425 3014 76 20 341,497
1519 3013 83 18 females.
1627 3014 39 17 The
1686 3020 64 12 excess
1768 3016 20 16 of
1803 3015 60 17 births

1425 3042 45 12 over
1478 3037 67 17 deaths
1554 3037 71 22 during
1632 3037 33 17 the
1678 3043 46 16 year
1736 3042 39 13 was
1794 3039 68 21 11,610,

1425 3060 38 17 and
1472 3060 33 17 the
1511 3066 64 11 excess
1583 3060 21 17 of
1611 3060 78 17 arrivals
1702 3065 45 13 over
1755 3061 108 23 departures

1425 3084 61 19 2,254.
1519 3083 38 18 The
1571 3083 80 18 Chinese
1664 3084 114 22 population
1790 3085 15 17 is
1818 3085 36 17 esti-

1425 3105 64 19 mated
1497 3107 60 20 4,145.

1449 3135 109 22 According
1575 3136 19 16 to
1609 3136 32 16 the
1660 3136 111 22 Inangaliua
1792 3136 72 18 Herald

1427 3158 32 18 the
1470 3159 66 22 people
1555 3158 56 18 down
1629 3159 119 22 Greymouth
1763 3164 41 18 way
1817 3159 47 18 have

1427 3182 47 17 been
1491 3182 33 17 the
1538 3182 75 17 victims
1630 3183 21 16 of
1667 3189 11 10 a
1694 3183 63 22 nicely
1772 3183 92 23 arranged

1427 3204 62 18 fraud.
1519 3205 17 17 A
1550 3204 138 23 distinguished
1703 3206 67 16 visitor
1783 3206 72 23 recently-

1427 3228 55 17 burst
1489 3234 24 11 on
1522 3227 33 18 the
1562 3228 79 18 horizon
1655 3229 21 17 of
1689 3229 33 17 the
1736 3229 64 22 sleepy
1816 3229 48 18 little

1428 3251 91 18 southern
1528 3252 52 16 town
1589 3251 92 23 claiming
1689 3253 20 16 to
1717 3252 25 16 be
1756 3252 33 17 the
1800 3258 32 11 son
1846 3253 18 17 of

1428 3274 72 22 Bishop
1509 3274 68 21 Cowie,
1592 3274 38 18 and
1642 3275 27 17 all
1683 3276 118 21 Greymouth
1835 3282 20 11 so-

1428 3298 49 22 ciety
1516 3298 111 22 religiously
1642 3298 74 17 flocked
1731 3300 22 16 to
1773 3299 91 17 entertain

1427 3320 47 18 him.
1510 3321 121 22 Everything
1651 3323 51 15 went
1722 3321 42 17 well
1782 3323 48 16 until
1846 3323 18 16 at

1429 3343 68 23 length
1506 3344 32 17 the
1547 3345 31 16 cat
1591 3345 34 21 got
1637 3345 35 16 out
1685 3345 21 16 of
1718 3345 34 17 the
1768 3345 43 23 bag,
1829 3345 35 18 and

1428 3372 44 12 now
1489 3367 32 18 the
1537 3367 154 22 Greymouthites
1704 3368 86 17 consider
1804 3368 48 17 them-

1428 3390 60 17 selves
1496 3390 33 17 the
1536 3389 75 18 victims
1620 3390 19 17 of
1644 3397 11 10 a
1661 3390 50 18 cruel
1717 3391 56 17 hoax.
1791 3392 73 17 Thanks

1428 3414 20 16 to
1456 3413 33 17 the
1499 3413 92 23 credulity
1599 3414 21 16 of
1628 3414 72 16 human
1707 3415 69 17 nature
1785 3420 37 17 any
1833 3415 21 17 de-

1428 3436 78 21 signing
1515 3438 62 19 tramp
1586 3442 36 11 can
1630 3436 44 18 take
1681 3437 69 20 people
1759 3437 20 18 in
1792 3437 26 20 bv
1834 3438 30 17 the

1428 3465 51 12 same
1491 3459 68 23 dodge.

1451 3493 21 16 It
1479 3492 16 17 is
1504 3492 99 18 estimated
1612 3491 43 19 that
1664 3498 12 12 a
1688 3493 35 17 ton
1731 3493 21 17 of
1760 3493 50 23 gold,
1819 3493 45 17 used

1427 3516 20 16 in
1456 3516 93 22 stopping
1560 3516 58 20 teeth,
1632 3516 16 17 is
1662 3516 98 22 annually'
1767 3516 66 18 buried
1846 3517 18 17 in

1428 3538 99 18 American
1536 3539 112 17 cemeteries.

1452 3571 30 16 An
1490 3570 77 22 inquest
1575 3571 34 16 has
1616 3570 49 17 been
1672 3569 45 18 held
1730 3576 26 12 on
1771 3577 11 11 a
1796 3571 37 23 girl
1846 3572 18 17 of

1430 3593 26 21 17,
1479 3594 21 16 at
1515 3593 138 22 Birmingham,
1671 3594 64 17 whose
1752 3590 56 21 death
1829 3601 35 11 was

1428 3617 106 17 attributed
1543 3617 20 16 to
1571 3616 92 22 drinking
1670 3616 81 23 vinegar
1763 3617 37 17 and
1813 3618 51 17 other

1428 3639 117 23 compounds
1554 3639 29 17 for
1592 3638 32 19 the
1633 3645 81 17 purpose
1731 3640 21 17 of
1767 3639 97 25 becoming

1429 3662 76 17 thinner
1514 3662 37 17 and
1559 3662 59 22 paler.

1451 3698 73 17 Within
1533 3697 33 18 the
1574 3699 43 21 past
1629 3698 53 18 three
1695 3704 55 17 years
1764 3700 33 17 the
1811 3705 40 12 num-

1428 3721 34 17 ber
1470 3721 19 17 of
1498 3723 108 21 temporary
1615 3721 60 18 clerks
1687 3723 100 21 employed
1796 3723 24 22 by
1836 3723 28 17 the

1428 3744 128 17 Government
1569 3744 33 18 has
1616 3745 49 17 risen
1679 3745 49 17 from
1746 3746 31 17 181
1791 3747 20 16 to
1825 3747 39 19 241,

1429 3768 32 16 the
1470 3767 80 18 number
1559 3768 19 17 of
1587 3768 63 17 cadets
1659 3768 104 23 appointed
1772 3769 33 17 has
1816 3769 48 18 risen

1428 3791 50 17 from
1486 3792 23 16 30
1519 3792 18 16 to
1545 3791 40 17 340.

1453 3824 17 16 A
1479 3824 56 17 novel
1543 3824 99 22 marriage,
1653 3824 62 17 which
1724 3825 73 17 excited
1811 3825 53 18 much

1430 3846 84 19 interest,
1524 3846 35 17 has
1568 3846 40 23 just
1619 3847 58 17 taken
1691 3847 54 22 place
1759 3850 21 15 at
1793 3848 61 17 Livers-

1431 3869 53 23 edge,
1496 3869 110 21 Yorkshire,
1620 3870 33 17 the
1667 3871 120 22 contracting
1799 3872 65 21 parties

1430 3893 59 21 being
1506 3898 11 11 a
1538 3893 132 21 saw-grinder,
1688 3894 50 22 aged
1754 3895 110 22 eighty-two

1430 3915 40 17 and
1489 3922 12 10 a
1521 3915 68 18 widow
1609 3916 21 17 of
1649 3917 148 22 seventy-three.
1830 3918 34 16 The

1430 3938 122 23 bridegroom
1561 3938 94 23 appeared
1662 3939 20 17 in
1696 3939 30 18 his
1740 3939 86 23 working
1839 3941 17 17 at-

1432 3961 42 20 tire,
1482 3961 40 17 Tmd
1531 3967 38 12 was
1579 3962 93 23 equipped
1681 3962 47 18 with
1736 3963 30 17 his
1775 3961 80 19 stock-in-

1431 3984 55 17 trade
1494 3984 4 21 ;
1512 3984 64 18 whilst
1584 3985 33 18 tho
1625 3985 53 18 bride
1686 3991 38 12 was
1742 3986 67 18 attired
1822 3986 20 17 in
1859 3992 5 11 a

1431 4007 57 18 black
1497 4008 57 20 dress,
1564 4008 59 17 rolled
1632 4014 26 17 up
1666 4010 21 15 at
1693 4009 32 17 the
1743 4010 73 19 sleovcs,
1832 4009 32 16 and

1432 4036 11 11 a
1457 4030 35 17 rod
1505 4031 64 17 cotton
1587 4031 122 17 liankerchief
1724 4038 26 11 on
1766 4033 33 16 her
1814 4032 50 17 head.

1432 4053 40 17 The
1480 4053 55 17 brido
1542 4059 39 12 was
1589 4055 57 21 given
1651 4060 54 16 away
1713 4055 27 22 by
1746 4061 25 11 an
1778 4055 86 17 umbrella

1431 4076 84 21 mender,
1537 4077 38 16 and
1589 4077 33 17 tho
1804 4083 39 12 was
1860 4076 4 21 a

1430 4098 71 18 widow
1509 4098 20 18 of
1537 4099 59 18 about
1604 4101 83 21 seventy.

1875 125 59 19 THE
1947 123 90 21 CAUSE
2051 125 39 19 OF
2108 123 200 22 RUBINSTEIN'S

2041 149 104 21 DEATH.

1901 201 64 27 Many
1976 210 33 14 are
2019 203 34 20 the
2069 203 108 19 anecdotes
2187 203 122 26 concerning

1877 229 122 21 Rubinstein
2009 229 63 21 tvbicb
2090 229 48 19 have
2158 229 50 19 been
2227 229 80 25 printed

1875 255 55 20 since
1939 256 35 20 the
1983 256 60 20 death
2063 256 23 19 of
2102 255 35 20 the
2151 259 59 21 great
2225 255 73 25 pianist-

1876 288 104 19 composer
1990 282 47 20 took
2048 282 64 24 place.
2145 281 93 24 .Nothing
2255 288 54 13 more

1876 308 96 26 pathetic,
1995 308 91 20 however
2103 308 35 19 has
2156 308 48 19 been
2228 308 79 19 wiitten

1876 334 50 19 than
1950 335 55 20 Herr
2027 333 80 21 Zabel's
2126 335 87 18 account
2235 334 22 19 of
2276 334 33 19 the

1876 361 78 25 closing
1970 368 59 13 scene
2046 361 20 19 in
2082 360 31 19 his
2131 360 119 19 memorable
2269 360 39 19 life.

1876 386 30 19 On
1918 386 34 20 the
1961 387 91 25 Monday
2067 385 59 21 when
2143 384 35 21 the
2194 384 115 27 Emperor's

1876 413 80 20 funeral
1967 412 47 21 toik
2025 414 63 24 place,
2099 419 46 17 says
2152 412 40 19 this
2199 412 110 25 authority,

1876 440 25 19 he
1914 439 72 26 stayed
2001 446 28 18 up
2044 438 54 21 until
2118 438 76 24 eleven,
2213 438 38 19 ml
2272 438 36 20 had

1876 466 30 19 his
1916 465 128 20 accustomed
2055 465 77 20 rubber
2149 464 22 19 of
2189 464 65 23 whist,
2271 464 37 19 and

1876 492 48 19 thiiii
1934 492 76 20 retired
2020 494 21 17 to
2048 491 30 20 his
2086 492 102 19 bedroom.
2216 490 93 20 Madame

1875 516 130 24 Eubinetein,
2016 517 44 20 who
2079 524 39 13 was
2133 517 131 25 particularly
2276 523 22 13 an-

1877 544 56 19 lious
1945 551 26 13 on
1982 544 40 19 this
2032 550 92 19 evenmgi
2135 543 80 20 untied
2223 545 35 17 tow
2264 543 45 20 ards

1876 572 60 18 11.30
1950 577 12 12 a
1972 570 53 26 light
2034 570 19 19 in
2070 570 35 19 her
2121 569 112 20 husband's
2248 576 61 12 room.

1875 597 41 19 She
1932 600 56 16 wnt
2005 600 21 16 to
2044 596 40 20 him
2101 603 22 13 as
2138 596 25 20 he
2180 596 33 24 lay
2234 596 19 19 in
2265 595 43 24 bed,

1877 623 81 25 pointed
1980 626 20 16 to
2020 622 33 20 the
2074 622 88 26 burning
2175 622 77 23 candle,
2271 622 38 19 and

1876 647 59 22 asked
1948 649 44 26 why
2003 649 24 19 he
2037 648 39 20 had
2087 650 37 18 net
2133 650 38 25 put
2181 649 16 19 it
2208 650 40 17 out.
2277 648 33 20 He

1875 676 77 23 suiiled,
1975 675 79 25 pointed
2072 678 21 17 to
2112 676 35 18 the
2163 675 64 23 clock,
2248 674 61 20 which

1876 708 39 13 was
1925 708 25 13 on
1962 709 10 12 a
1983 702 54 19 table
2048 708 49 13 near
2108 702 29 19 his
2145 702 46 23 bed,
2206 701 37 19 and
2256 701 41 19 said
2305 701 4 24 :

1875 729 77 18 'There
1976 735 34 12 me
2030 728 37 19 five
2086 731 88 16 minutes
2192 727 48 26 yet.'
2278 727 32 19 He

1875 753 56 21 loved
1943 756 21 17 to
1974 754 49 20 have
2033 761 55 18 everj
2095 753 59 25 thing
2170 760 26 19 go
2211 760 22 13 as
2248 754 17 19 if
2283 753 25 26 by

1875 780 119 23 clockwork,
2004 781 39 18 and
2053 780 65 20 woilld
2129 783 37 17 not
2175 788 25 18 go
2215 782 22 18 to
2257 780 54 25 sleep

1876 806 69 20 before
1970 806 100 25 half-past
2098 806 76 20 eleven.
2217 807 94 19 Madame

1875 832 124 20 Kubinstf-in
2025 832 49 20 then
2105 832 102 20 withdrew
2231 835 21 17 to
2276 833 35 19 her

1876 864 62 14 room.
1967 859 42 19 But
2019 858 63 20 about
2091 865 39 13 one
2139 859 77 19 o'clock
2225 859 36 19 she
2272 865 39 13 was

1876 885 108 19 awakened
1996 885 25 25 by
2030 892 11 12 a
2054 885 89 25 piercing
2158 892 35 18 cry
2207 885 51 19 from
2275 885 36 20 her

1876 911 100 19 husband.
2004 911 39 19 She
2060 918 41 12 was
2117 911 100 27 hurrying
2233 914 22 17 to
2270 911 40 21 him

1876 937 57 20 when
1944 937 35 19 she
1989 939 40 17 met
2039 937 40 19 him
2095 939 22 17 at
2126 938 34 19 the
2170 937 55 20 door.
2262 939 47 19 Pale

1876 970 21 13 as
1909 963 66 23 death,
1987 963 39 20 and
2036 963 48 20 with
2095 963 35 20 the
2139 963 90 21 coverlet
2244 964 20 20 in
2279 965 30 19 his

1877 990 59 24 hand,
1947 990 24 19 lie
1987 990 56 19 stood
2063 990 69 19 before
2149 990 36 20 her
2203 990 37 19 and
2258 991 53 19 cried

1877 1016 97 25 hoarsely,
1995 1016 4 25 '
2007 1016 10 19 I
2034 1023 32 12 am
2080 1016 102 25 choking.'
2217 1016 94 21 Madame

1878 1042 121 20 Hubinste>7i
2010 1042 52 19 trird
2074 1045 21 16 to
2107 1043 43 19 lead
2167 1042 40 20 him
2223 1042 51 21 back
2290 1046 21 17 to

1877 1069 44 20 bed.
1933 1069 37 19 but
1982 1069 22 19 he
2022 1068 90 24 icfused,
2124 1068 40 20 and
2175 1069 101 20 remaioed
2290 1070 20 20 in

1877 1096 30 18 his
1924 1095 63 19 wife's
2004 1101 53 13 nrms
2072 1095 53 20 until
2142 1095 26 20 he
2184 1095 46 20 died
2244 1103 13 12 a
2273 1096 38 20 few

1877 1122 71 19 minuti
1956 1127 8 13 s
1971 1121 127 20 after«tir-Js.
2123 1122 32 19 He
2163 1122 38 19 had
2208 1122 103 26 evidently

1877 1148 38 19 had
1932 1155 25 12 an
1977 1148 101 24 apopletic
2097 1148 70 19 stroke
2186 1148 74 25 during
2279 1149 32 20 his

1876 1174 62 25 sleep,
1949 1176 38 17 and
1999 1181 19 12 in
2029 1172 95 28 jumping
2135 1176 36 17 out
2182 1174 22 20 of
2220 1174 38 20 bed
2273 1182 38 13 was

1876 1201 80 25 already
1982 1200 67 25 djing*
2088 1201 106 20 Excessive
2212 1200 99 26 sincking,

1877 1227 62 19 which
1964 1234 39 12 was
2022 1233 12 13 a
2057 1226 57 20 habit
2134 1228 51 19 from
2208 1227 31 19 his
2257 1228 54 25 early

1876 1253 71 25 youth,
1959 1260 63 13 seems
2037 1255 22 18 to
2077 1253 49 20 have
2141 1254 125 20 accelerated
2282 1254 29 20 his

1876 1280 98 25 untimely
1984 1280 46 19 end.

1878 1345 138 20 ANOTHER
2030 1344 137 21 ACCOUNT
2182 1346 36 19 OF
2227 1345 68 21 BALA-

2044 1371 103 20 CLAVA.

1904 1424 59 20 What
1974 1425 34 20 tbo
2018 1427 60 18 exact
2095 1425 157 20 circumstances
2262 1433 51 13 were

1878 1451 63 21 which
1967 1452 26 19 It-
2003 1451 53 25 tight
2081 1453 63 18 aboi.t
2171 1451 35 20 the
2233 1452 78 20 famous

1878 1478 101 26 chatgeof
1990 1478 34 19 the
2034 1478 63 25 Light
2113 1478 86 26 Brigade
2212 1480 22 18 at
2251 1479 50 19 Bala-

1878 1504 55 20 clava
1944 1511 35 13 can
1991 1511 60 13 never
2062 1505 24 19 be
2097 1504 81 24 krowu,
2186 1505 86 19 because
2279 1506 34 19 the

1878 1531 68 20 officer
1971 1531 42 20 who
2038 1531 100 20 delivered
2158 1531 35 20 the
2212 1531 89 21 misinter-

1879 1557 70 26 preted
1969 1558 59 19 order
2049 1563 41 14 was
2110 1558 46 19 shot
2178 1558 135 26 immediately

1882 1584 126 20 aftnvards.
2036 1584 43 19 The
2089 1584 126 25 conjectuial
2232 1584 81 26 writing

1878 1618 25 13 on
1925 1612 34 18 the
1982 1609 93 27 question
2100 1610 16 19 is
2140 1610 86 19 endless.
2254 1610 25 21 la
2302 1618 11 13 a

1879 1638 79 19 volume
1970 1636 104 26 published
2086 1636 25 24 by
2124 1636 78 20 Messrs
2219 1637 91 26 Bentley.

1878 1664 31 19 Lie
1917 1667 41 16 u'.ei
1968 1663 131 19 ant-Colonel
2122 1663 58 20 Colin
2204 1663 108 20 .Frederick

1878 1690 104 24 C»ni[>btll
2000 1691 55 23 gives
2074 1689 31 19 his
2121 1690 73 19 views:
2264 1690 49 20 have

1878 1723 17 12 ci
1904 1716 70 26 quired
1984 1723 12 12 a
2011 1716 49 24 good
2078 1716 44 19 deal
2139 1715 62 20 about
2220 1716 34 19 the
2269 1718 33 19 mis-

1878 1743 48 19 take
1935 1742 23 20 of
1968 1749 37 12 our
2014 1742 5 19 I
2029 1742 38 25 ght
2076 1742 80 24 cavalry
2168 1749 24 12 on
2204 1742 46 20 that
2269 1744 44 24 day,

1879 1770 38 18 mid
1928 1769 51 19 have
1988 1775 15 13 C'
2013 1775 30 12 uie
2054 1772 21 15 to
2086 1768 35 20 the
2137 1769 115 19 conclusion
2270 1770 43 19 that

1879 1796 87 24 Ci'jjtain
1984 1795 69 19 I«OiMi
2072 1795 61 25 r<ally
2152 1803 39 12 was
2209 1798 21 16 to
2248 1795 65 21 blame

1903 1829 8 12 r
1935 1822 22 22 i»)
1978 1821 63 19 which
2062 1826 21 14 at
2104 1822 43 18 first
2169 1822 11 19 I
2199 1822 37 19 had
2256 1825 57 23 great

1879 1850 17 16 t|.
1907 1848 47 19 übl£
1966 1848 26 19 if.
2020 1847 67 20 There
2105 1848 16 19 is
2136 1855 10 10 a
2163 1848 52 25 good
2232 1848 42 19 deal
2292 1850 21 18 of

1878 1878 8 15 t
1901 1874 34 19 uth
1948 1874 19 19 in
1980 1874 51 19 what
2053 1874 34 19 the
2104 1874 67 20 Times
2187 1881 45 18 says
2252 1875 59 20 about

1879 1901 35 19 the
1924 1900 79 25 cavalry
2020 1900 38 19 had
2077 1900 51 19 been
2144 1907 46 19 very
2207 1901 104 20 baikward

1879 1927 75 22 during
1973 1927 35 19 the
2024 1927 113 24 campaign.
2172 1927 52 19 Lord
2246 1929 6 17 1
2264 1935 48 13 ucan

1880 1961 39 11 uhk
1929 1953 63 19 called
2017 1954 51 18 I.ord
2085 1953 34 19 L'x
2130 1952 55 25 k-ori,
2198 1954 40 19 and
2256 1961 57 19 many

1879 1978 4 27 •
1892 1979 28 19 tlu
1928 1987 9 11 r
1953 1980 14 25 j<
1975 1978 35 20 kes
2027 1980 23 18 of
2068 1979 35 19 the
2122 1986 55 13 same
2195 1980 48 19 kind
2265 1988 49 13 were

1882 2006 63 26 flying
1958 2005 59 20 about
2031 2006 123 24 ci-nceining
2170 2005 62 26 them,
2246 2007 36 20 but
2299 2008 15 19 it

1880 2033 17 19 it-
1909 2039 17 12 n>
1938 2039 70 12 hM-me
2018 2035 21 16 to
2050 2039 35 18 pay
2105 2032 46 20 that
2168 2032 40 20 this
2226 2040 39 13 was
2281 2037 33 16 the

1879 2066 60 12 cause*
1950 2058 23 20 of
1989 2058 33 19 tie
2040 2058 50 20 fatal
2105 2059 80 25 charge.
2218 2059 65 21 There
2298 2061 16 18 is

1881 2092 25 12 no
1930 2085 64 19 dcubt
2017 2085 46 19 that
2087 2084 67 20 Nolan
2179 2085 59 20 hated
2262 2086 51 20 Lord

1881 2112 76 22 Lucan,
1968 2111 38 19 and
2017 2111 47 20 that
2073 2111 54 19 after
2138 2111 24 20 he
2168 2111 38 19 had
2215 2112 98 20 delive'ed

1879 2144 13 12 a
1902 2144 68 17 wrong
1980 2137 65 24 order,
2058 2144 12 12 w
2077 2137 36 19 hen
2125 2138 119 24 questioned
2253 2139 62 19 about

1879 2164 24 23 it,
1916 2173 22 10 uc
1947 2163 42 20 raid
2001 2170 19 12 in
2032 2170 11 12 a
2057 2165 53 18 rr.ctt
2123 2166 94 23 tsiintmg
2224 2171 90 18 meaner,

2027 2190 17 19 is
2062 2190 39 19 befi
2111 2197 21 13 re
2151 2196 46 19 you,
2217 2198 30 18 my
2265 2191 49 24 lord,

1881 2217 38 19 and
1930 2222 40 19 yi'U
1982 2222 32 13 are
2022 2216 86 20 ordered
2119 2219 21 16 to
2147 2216 93 25 advance,
2250 2217 63 20 that's

1881 2243 97 19 alland
1998 2243 47 19 then
2064 2243 68 24 p'aced
2150 2243 80 19 himself
2247 2244 56 25 along-

1881 2269 43 19 side
1935 2269 32 19 the
1978 2269 81 24 lead'ng
2229 2270 73 20 Accord-

1883 2296 33 25 ing
1926 2299 20 15 to
1958 2296 32 19 Sir
2003 2295 78 25 Evelyn
2093 2295 84 20 Wood's
2192 2299 88 17 account
2294 2297 20 19 in

1884 2322 33 20 die
1935 2321 120 26 Fortnight
2071 2321 88 25 Review,
2178 2322 54 20 what
2252 2323 62 19 Nolan

1882 2349 43 19 said
1947 2355 43 16 *as,
2008 2347 90 25 '"There,
2122 2354 32 19 my
2178 2347 50 26 Itrd,
2247 2349 16 20 is
2282 2349 34 20 the

1882 2382 77 18 enemy,
1977 2375 38 19 and
2037 2375 59 19 there
2114 2381 34 12 are
2167 2380 52 20 your
2237 2382 51 18 guns

1883 2408 98 18 meaning,
2006 2408 18 12 n<
2033 2403 10 17 t
2056 2401 36 19 the
2110 2400 88 20 Russian
2214 2402 102 23 batteries,

1883 2428 36 19 •>ut
1930 2430 33 17 the
1974 2434 51 18 guns
2037 2427 63 20 which
2112 2427 35 20 the
2164 2427 96 20 Lussisms
2279 2428 36 20 had

1882 2454 102 25 ca(tund)
2010 2453 39 20 and
2074 2453 63 20 which
2162 2454 53 20 Lord
2239 2454 77 27 Rng'an

1885 2481 77 19 wanted
1973 2484 21 15 to
2006 2484 82 19 prevent
2102 2480 34 19 the
2151 2480 100 20 Russians
2265 2486 51 14 irom

1883 2507 94 23 earning
2000 2506 34 24 «ff.
2077 2506 103 24 Cumpbell
2206 2507 67 20 m.-.kes
2291 2514 25 12 no

1883 2535 65 18 alliiNu
1957 2540 11 12 n
1978 2537 21 16 to
2008 2533 188 20 iheeireumstar.ee
2203 2535 113 18 mentioned

1883 2560 20 19 in
1914 2559 33 20 Bir
1963 2560 75 24 Evelyn
2059 2559 85 20 Wood's
2159 2561 93 21 account,
2273 2560 44 19 that

1884 2586 65 24 Capta
1951 2585 3 25 :
1958 2593 11 12 n
1993 2586 76 23 Nolan,
2093 2586 56 19 when
2173 2585 25 20 he
2219 2593 39 12 saw
2284 2586 34 19 the

1886 2612 59 25 Light
1957 2612 89 25 Brigade
2064 2612 91 26 starting
2170 2618 25 13 on
2212 2613 25 18 its
2256 2613 60 19 awful

1883 2639 78 25 chaige,
1977 2645 22 19 ga
2010 2639 58 20 lored
2084 2645 67 13 across
2165 2639 26 18 its
2206 2639 58 19 front
2279 2639 37 19 and

1885 2666 31 24 poi
1980 2665 47 19 with
2040 2665 30 20 his
2090 2666 64 18 sword
2172 2664 20 20 in
2210 2665 35 20 the
2260 2665 58 20 other

1885 2690 104 21 direction.

1911 2758 27 19 At
1948 2764 11 13 a
1970 2757 42 20 sale
2022 2757 21 20 in
2058 2757 86 20 London
2155 2764 12 12 a
2182 2757 137 20 Stradivarius

1883 2784 64 19 violin
1966 2783 61 20 dated
2043 2784 33 19 for
2092 2784 34 19 tho
2144 2790 50 18 year
2211 2784 46 19 1701
2278 2790 41 13 was

1885 2810 43 19 sold
1937 2810 32 19 for
1982 2810 62 19 £6OO.

1911 2845 47 19 Few
1967 2844 72 26 people
2050 2844 127 20 understand
2190 2844 45 20 how
2245 2846 20 18 to
2275 2846 44 24 stop

1884 2877 13 13 a
1907 2877 96 18 runaway
2017 2871 66 19 horse.
2111 2871 43 19 The
2164 2870 40 20 will
2214 2871 17 19 is
2247 2877 60 18 goner-

1885 2896 25 20 all
1914 2904 14 17 y
1938 2897 58 25 good,
2008 2897 38 19 but
2053 2897 35 19 the
2096 2904 69 12 owner
2172 2897 17 19 is
2195 2897 124 25 lamentably

1885 2919 102 23 deficient
1999 2923 19 19 in
2030 2923 112 25 judgment
2165 2922 17 19 A
2189 2930 47 12 man
2246 2923 74 25 laughs

1885 2951 20 18 at
1922 2956 12 12 a
1950 2956 79 12 woman
2045 2949 87 19 because
2151 2949 35 19 she
2205 2949 114 25 invariably

1885 2979 55 22 steps
1949 2975 21 19 in
1980 2975 56 19 front
2045 2975 22 19 of
2076 2982 12 12 a
2099 2975 46 19 'bus
2151 2975 21 19 in
2180 2975 35 19 the
2224 2976 95 19 direction

1885 3003 22 19 of
1919 3001 65 20 which
1994 3001 16 20 it
2020 3001 18 20 is
2048 3003 36 18 not
2094 3001 70 26 going,
2182 3001 39 20 but
2236 3003 25 19 he
2278 3005 42 17 acts

1885 3028 99 26 precisely
1993 3034 26 13 on
2029 3028 36 19 the
2080 3034 55 13 same
2152 3028 98 26 principle
2261 3028 58 19 when

1886 3055 26 19 he
1921 3054 72 19 rushes
2008 3054 44 19 into
2067 3054 35 19 the
2120 3054 56 23 road,
2196 3055 42 18 and
2252 3054 68 26 facing

1886 3081 35 20 the
1952 3081 117 25 on-coming
2098 3087 103 18 runaway,
2237 3080 83 26 bravely

1886 3106 80 21 catclies
1974 3108 22 17 at
2005 3106 34 19 the
2048 3106 73 19 bridle.
2135 3106 52 19 Like
2192 3106 35 19 the
2235 3113 83 17 woman,

1886 3134 26 19 he
1924 3132 129 25 experiences
2062 3139 12 12 a
2084 3132 68 23 shock,
2167 3132 41 19 and
2220 3132 18 19 is
2252 3139 60 19 gener
2315 3132 4 26 l

1887 3159 42 25 ally
1944 3159 87 19 thrown.
2059 3159 44 19 The
2118 3165 73 18 proper
2207 3165 45 19 way
2267 3158 19 19 is
2299 3161 21 18 to

1886 3192 39 13 run
1935 3186 21 18 in
1966 3184 35 19 tho
2011 3184 98 20 direction
2121 3185 45 18 that
2175 3185 35 19 the
2230 3184 58 20 horse
2303 3186 18 19 is

1976 3210 40 19 and
2025 3217 23 13 as
2059 3211 25 18 he
2097 3211 80 19 catches
2188 3217 28 19 up
2226 3211 47 20 with
2281 3218 40 18 you

1888 3238 58 25 jump
1956 3237 33 18 for
1997 3236 35 20 the
2042 3237 67 19 bridle
2119 3236 41 19 and
2173 3237 49 19 hold
2232 3244 26 12 on
2267 3240 21 16 to
2297 3238 23 23 it,

1888 3263 90 26 running
1988 3262 72 20 beside
2068 3262 35 20 the
2112 3263 75 19 animal
2194 3264 126 19 meanwhile.

1888 3290 43 19 The
1949 3289 63 19 check
2026 3289 42 19 will
2083 3295 60 13 cause
2158 3289 35 19 the
2211 3290 75 19 animal
2300 3292 22 17 to

1889 3316 81 19 slacken
1979 3315 33 19 his
2021 3321 50 19 pace
2081 3314 41 20 and
2136 3316 51 25 stop.
2215 3316 66 19 These
2290 3316 22 19 di-

1888 3343 87 19 rections
1986 3341 51 19 form
2049 3343 46 22 part
2104 3341 22 19 of
2135 3341 35 19 tho
2183 3342 44 20 first
2236 3342 76 20 instruc

1888 3369 54 19 tions
1951 3367 60 25 given
2022 3369 21 17 to
2050 3366 35 20 the
2095 3367 70 25 police,
2184 3369 68 19 whose
2268 3368 55 20 chief

1888 3394 67 19 dutie3
1966 3399 34 13 are
2011 3393 35 19 the
2055 3395 99 24 stoppage
2171 3395 21 19 of
2208 3400 113 19 runaways.

1888 3420 22 19 If
1921 3420 48 23 they
1987 3425 53 13 were
2053 3426 56 12 more
2125 3421 106 24 generally
2249 3421 60 19 under-

1888 3445 58 19 stood
1962 3445 27 24 by
2005 3444 36 20 the
2057 3445 71 24 public
2144 3448 21 17 at
2181 3447 64 25 large,
2260 3447 63 19 fewer

1888 3471 101 20 accidents
1998 3471 69 19 would
2076 3471 26 19 bo
2114 3473 102 19 recorded.

1915 3502 115 27 Accoiaing
2039 3505 21 17 to
2071 3506 79 23 reports
2164 3504 35 19 the
2215 3503 108 26 gambling

1888 3530 97 19 nuisance
2003 3536 88 19 appears
2106 3532 21 17 to
2146 3530 26 19 be
2186 3530 92 25 growing
2296 3537 25 12 on

1889 3562 55 14 some
1957 3556 21 18 of
1993 3555 37 19 the
2045 3556 123 25 steamships
2184 3555 90 25 running
2289 3555 22 20 be-

1889 3584 65 17 tween
1963 3581 97 25 England
2071 3581 40 19 and
2124 3582 110 18 Australia.
2262 3582 49 20 Seve-

1889 3609 31 19 ral
1931 3607 91 20 scandels
2034 3608 52 18 have
2096 3607 63 24 lately
2168 3607 52 19 been
2230 3609 93 24 reported

1890 3635 40 18 and
1946 3634 17 18 it
1978 3633 58 19 looks
2053 3639 23 13 as
2093 3633 17 19 if
2124 3633 57 19 there
2199 3640 53 13 were
2268 3640 55 14 some

1890 3659 102 20 advanced
2012 3659 40 19 and
2068 3658 137 26 enterprising
2220 3659 104 25 gamblers

1890 3686 45 19 who
1944 3684 65 20 travel
2019 3685 20 18 in
2051 3685 40 18 and
2107 3687 42 21 out,
2169 3685 86 26 making
2270 3687 54 19 their

1890 3711 66 25 living
1965 3712 35 17 out
2010 3711 22 19 of
2039 3710 35 19 the
2090 3716 55 14 more
2156 3711 72 26 simple
2243 3718 79 19 passen>

1890 3744 52 18 gers.
1977 3736 48 19 Two
2038 3743 71 19 young
2125 3736 78 20 follows
2222 3738 63 25 going
2303 3741 21 17 to

1891 3763 35 19 the
1934 3762 88 20 colonies
2031 3762 57 25 quite
2098 3762 90 26 recently
2198 3770 52 13 were
2264 3765 48 19 swin-

1891 3788 46 20 dled
1949 3790 35 17 out
1999 3789 21 18 of
2035 3788 69 19 £IOOO
2125 3788 38 20 and
2182 3789 55 20 £9OO
2254 3790 70 20 before

1891 3815 48 25 they
1961 3814 40 19 had
2020 3814 87 19 reached
2126 3815 103 22 Colombo,
2253 3817 39 18 and
2311 3824 14 13 a

1891 3840 85 26 petition
1986 3846 41 13 was
2039 3839 109 21 addressed
2158 3843 20 16 to
2195 3842 34 19 tho
2243 3843 81 25 captain

1891 3868 21 18 of
1931 3867 34 18 tho
1984 3866 67 19 vessel
2069 3870 21 15 to
2112 3866 52 20 have
2182 3868 35 19 tho
2233 3868 92 26 winning

1891 3894 102 21 (jnniester
2003 3892 74 19 turned
2087 3892 71 20 ashore
2170 3896 21 17 at
2206 3894 45 19 that,
2260 3894 63 25 place.

1890 3918 50 19 This
1951 3924 41 13 was
2003 3918 59 23 done,
2077 3918 39 19 but
2125 3918 57 20 there
2198 3926 41 13 was
2253 3927 65 18 appar
2320 3918 3 27 l

1891 3944 56 24 ently
1956 3944 90 25 nothing
2055 3946 21 17 to
2086 3946 45 24 stop
2145 3945 42 19 him
2200 3946 52 19 from
2261 3946 64 25 going

1892 3970 76 20 aboard
1978 3970 35 19 the
2023 3972 50 17 next
2082 3971 86 25 passing
2182 3973 85 18 steamer
2283 3973 40 18 and

1891 3995 105 26 resuming
2006 3996 33 19 his
2047 3997 143 24 questionable
2203 3998 121 25 operations.

1891 4021 66 19 Theso
1966 4024 80 23 reports
2052 4028 55 13 come
2114 4024 52 18 from
2173 4024 35 18 the
2217 4024 108 25 European

1893 4047 39 19 end
1942 4047 21 19 of
1972 4047 36 19 the
2014 4048 48 18 line.
2090 4048 66 20 Thero
2166 4049 35 20 did
2208 4052 35 17 not
2250 4056 75 19 appear

1893 4075 20 17 to
1923 4073 52 20 have
1991 4073 52 19 been
2059 4080 40 19 any
2115 4081 50 19 very
2180 4075 77 20 serious
2274 4082 50 13 com<

1893 4099 75 23 plaints
1976 4101 22 17 at
2006 4099 41 20 this
2057 4100 46 22 end,

2333 123 430 47 CABLEGRAMS

2361 225 92 33 HOME
2483 225 64 35 AND
2587 226 151 33 FOREIGN.

2398 289 124 24 Britain's
2532 290 157 23 ultimatum.

2358 319 94 25 London,
2464 320 73 20 March
2549 323 29 16 19.
2580 319 125 20 —Britain's
2720 319 35 19 ulti-

2332 350 78 15 matum
2419 347 22 18 in
2461 346 75 26 regard
2553 348 21 17 to
2594 346 119 24 Nicaragua
2731 346 23 18 de-

2332 372 73 19 mands
2429 375 97 22 payment
2547 372 28 25 by
2598 372 119 24 Nicaragua
2745 371 22 19 of

2333 397 90 23 £15,000
2432 399 34 19 for
2474 399 35 19 the
2523 398 106 25 expulsion
2640 398 20 18 of
2670 397 36 19 the
2722 397 33 19 Bri-

2333 423 40 19 tish
2388 424 134 20 Vice-Consul
2541 424 75 22 Hatch,
2637 423 40 19 and
2696 423 71 19 insists

2332 454 56 19 upon
2398 456 26 12 an
2434 451 141 24 appointment
2585 450 21 18 of
2616 456 12 12 a
2638 449 127 19 commission

2333 477 20 16 to
2363 475 90 26 adjudge
2462 480 83 15 amount
2561 475 21 19 of
2598 475 87 25 damage
2700 477 22 17 to
2740 475 26 19 he

2333 501 48 23 paid
2392 505 21 15 to
2423 501 79 20 British
2519 501 85 20 traders.
2641 501 126 19 Ultimatum

2334 527 79 25 expires
2423 534 26 12 on
2459 528 35 19 the
2505 528 46 19 15th
2561 527 63 26 April.

2412 557 114 24 Russian
2546 557 140 30 Squadron.

2359 586 93 25 London,
2461 588 71 19 March
2542 588 101 19 19.—The
2649 589 30 17 St.
2688 587 66 19 Peters-

2333 611 55 26 burg
2397 614 156 25 correspondent
2562 614 21 19 of
2592 614 34 19 the
2636 613 68 19 Times
2721 619 46 18 says

2333 637 76 21 Russia
2419 639 17 19 is
2446 640 87 25 sending
2549 640 37 20 her
2602 639 165 20 Mediterranean

2334 665 104 24 squadron
2459 668 22 17 to
2502 666 87 20 Chinese
2608 668 82 17 waters'
2701 668 22 16 to
2741 665 26 19 be

2333 690 63 25 ready
2415 694 20 16 to
2457 692 92 19 combine
2567 692 50 20 with
2635 692 36 18 the
2690 691 77 19 British

2334 715 48 19 fleet
2392 717 22 19 in
2427 724 40 18 any
2488 718 66 19 action
2575 718 62 19 taken
2655 717 113 26 regarding

2333 741 103 26 Japanese
2446 743 103 20 demands.

2401 774 141 24 Armenian
2561 775 141 24 atrocities.

2360 807 93 21 London.
2473 809 71 20 March
2572 810 101 18 19.—The
2693 809 75 26 special

2334 835 158 25 correspondent
2501 836 21 18 of
2532 837 33 18 the
2575 836 61 25 Daily
2652 836 116 25 Telegraph

2335 860 107 19 continues
2463 864 20 16 to
2497 863 73 24 supply
2587 863 35 18 the
2638 868 64 20 paper
2718 863 50 18 with

2335 886 84 25 ghastly
2429 886 73 21 details
2512 889 21 18 of
2539 889 112 19 Armenian
2658 888 109 20 atrocities.

2485 922 130 31 Obituary-

2361 953 92 25 London,
2467 954 71 20 March
2549 956 102 19 19.—The
2670 955 62 20 death
2751 956 17 18 is

2335 981 120 18 announced
2466 981 20 18 of
2495 981 58 25 Lady
2570 982 80 19 Jervois
2665 982 104 25 Georgina

2335 1005 66 25 Anne,
2412 1006 102 23 Dowager
2525 1007 97 21 Countess
2631 1009 22 19 of
2664 1008 103 26 Glasgow.

2427 1038 110 24 Chinese
2550 1042 116 21 matters.

2361 1073 118 26 Shanghai,
2502 1075 71 20 March
2599 1077 29 23 19,
2631 1077 52 19 —Li
2702 1077 66 24 Hung

2335 1098 75 27 Chang
2434 1100 21 19 in
2477 1101 75 26 asking
2574 1102 34 19 the
2629 1102 101 26 Emperor
2747 1103 22 18 of

2335 1124 68 26 Japan
2413 1128 20 17 to
2439 1133 62 19 agree
2511 1129 171 23 totheaimistice,
2692 1128 76 20 offered

2335 1157 27 13 on
2372 1152 35 19 the
2419 1152 71 20 behalf
2500 1154 21 19 of
2530 1154 35 19 the
2574 1155 87 19 Chinese
2680 1155 75 20 Govern-

2335 1181 56 16 ment
2407 1180 21 17 to
2438 1179 46 19 feed
2505 1180 41 19 and
2563 1187 39 19 pay
2621 1181 35 20 the
2666 1181 102 27 Japanese

2335 1203 66 20 forces
2410 1208 21 15 at
2440 1208 83 22 present
2532 1213 25 12 on
2568 1207 86 20 Chineso
2664 1208 45 19 soil.

2362 1229 63 20 Later
2431 1234 78 22 reports
2516 1234 51 18 state
2574 1234 45 19 that
2626 1234 34 19 the
2666 1234 103 26 Japanese

2335 1257 70 25 troops
2415 1257 47 20 hold
2472 1258 28 19 all
2511 1258 35 19 the
2555 1260 60 19 roads
2624 1261 21 18 to
2655 1260 74 19 Pekin.

2389 1287 88 24 Police
2486 1288 70 24 force
2566 1289 28 23 in
2606 1290 109 24 trouble.

2362 1316 54 20 New
2424 1318 67 24 York,
2499 1319 71 19 March
2580 1321 190 24 19.—Twenty-five

2335 1343 117 25 prominent
2462 1345 99 19 members
2572 1347 21 18 of
2606 1347 35 19 the
2650 1347 53 19 New
2713 1347 57 19 York

2335 1369 66 25 police
2424 1371 54 19 force
2497 1371 52 19 have
2568 1372 51 20 been
2638 1373 90 19 indicted
2744 1380 25 12 on

2335 1396 87 26 charges
2432 1397 21 18 of
2463 1397 122 26 corruption.

2441 1427 110 24 Trouble
2568 1428 95 25 feared.

2363 1458 114 24 Calcutta,
2489 1460 72 19 March
2577 1462 101 19 19.—The
2695 1462 75 20 Indian

2337 1484 68 20 Board
2415 1486 22 18 of
2446 1485 67 20 Trade
2527 1493 35 12 are
2580 1487 46 20 able
2645 1495 21 12 to
2685 1489 53 19 raise
2758 1496 13 12 a

2336 1511 55 19 force
2401 1512 22 18 of
2433 1513 72 22 20,000
2515 1512 89 26 fighting
2613 1520 46 13 men
2669 1517 21 17 to
2709 1515 61 20 assist

2337 1537 66 19 Unira
2412 1537 71 24 Khan,
2497 1538 61 19 Ruler
2568 1540 22 18 of
2601 1540 83 25 Jahdol,
2695 1542 23 19 in
2735 1542 36 19 the

2337 1562 94 20 invasion
2439 1564 21 19 of
2468 1564 79 19 Chitral
2556 1565 21 19 iu
2584 1569 84 22 support
2677 1568 22 19 of
2704 1569 67 18 Aman

2337 1589 20 19 al
2368 1589 67 24 Mulk,
2448 1590 35 19 the
2499 1590 87 25 Mehtar,
2603 1593 46 18 who
2667 1593 38 20 lias
2720 1594 50 19 been

2337 1615 86 20 ordered
2432 1616 28 25 by
2477 1616 36 19 the
2529 1616 78 21 British
2623 1622 21 16 to
2662 1619 59 20 leave
2736 1620 35 19 the

2337 1644 92 23 country.

2368 1668 64 19 Umra
2442 1668 65 20 Khan
2516 1675 37 13 can
2562 1669 42 20 also
2613 1671 53 20 raLe
2676 1678 12 13 a
2695 1672 76 19 similar

2338 1694 88 19 number
2434 1695 22 19 of
2464 1701 47 13 men
2521 1695 42 19 and
2572 1696 76 20 serious
2656 1698 81 19 trouble
2754 1698 17 20 is

2337 1720 76 18 feared.

2338 1786 207 36 AUSTRALIAN
2561 1789 207 34 TELEGRAMS.

2415 1865 7 5 •
2457 1853 104 24 Timber
2567 1855 80 23 trade.

2363 1884 94 25 Sydney,
2481 1884 72 20 March
2579 1888 62 17 19.
2649 1888 36 19 Mr
2706 1888 66 20 Gavin

2412 1911 46 19 who
2468 1911 38 19 has
2516 1911 45 26 just
2579 1914 95 18 returned
2690 1914 52 19 from
2760 1921 12 12 a

2337 1937 48 19 visit
2398 1939 21 17 to
2430 1937 87 25 Europe,
2530 1938 58 19 made
2598 1938 21 20 in
2633 1939 34 19 the
2678 1940 94 19 interests

2338 1963 21 18 of
2369 1963 36 18 the
2418 1963 74 19 timber
2502 1963 63 24 trado,
2582 1965 17 19 is
2608 1965 110 20 convinced
2728 1967 44 18 that

2338 1995 12 13 a
2360 1989 131 25 magnificent
2501 1990 79 19 market
2589 1991 17 19 is
2616 1998 52 19 open
2677 1994 33 17 for
2718 1992 42 20 Aus-

2339 2015 75 19 tralian
2424 2015 81 24 timber,
2519 2017 108 25 especially
2636 2018 89 25 sleepers
2732 2018 40 20 and

2339 2041 77 24 paving
2426 2041 76 19 blocks.
2531 2042 42 19 The
2584 2043 87 26 samples
2683 2045 26 18 he
2724 2045 48 19 took

2338 2067 79 19 created
2429 2074 12 12 a
2457 2068 52 25 good
2526 2068 120 25 impression
2662 2071 41 19 and
2721 2078 52 12 were

2339 2093 99 19 admitted
2453 2095 92 24 superior
2566 2097 21 17 to
2605 2096 109 20 American
2733 2097 40 19 and

2338 2119 59 19 other
2407 2120 90 18 timbers.

2365 2144 33 19 Mr
2408 2145 62 24 Scott,
2483 2145 45 20 who
2538 2146 38 19 has
2594 2148 84 19 secured
2696 2148 77 20 several

2339 2170 49 19 trial
2404 2171 75 24 orders,
2500 2173 93 25 mrungly
2613 2177 108 16 auvuc&tes
2738 2175 35 18 the

2340 2196 155 21 Government's
2506 2199 109 20 assistance
2623 2200 21 19 in
2652 2200 121 26 developing

2340 2224 34 18 the
2384 2224 64 19 trade.

2377 2258 147 31 Sympathy
2530 2259 40 24 for
2582 2260 73 30 Lady
2669 2261 64 24 Duff

2367 2292 93 25 Sydney,
2480 2294 71 20 March
2572 2295 162 27 19.—Messages
2752 2297 22 19 of

2340 2320 110 25 sympathy
2460 2321 94 19 continue
2563 2324 21 16 to
2598 2328 51 18 pour
2658 2323 44 19 into
2716 2323 57 26 Lady

2341 2341 57 23 Duff.
2438 2346 41 20 fche
2500 2346 38 19 has
2559 2347 159 26 acknowledged
2739 2349 35 19 the

2341 2371 109 20 Premier's
2460 2373 102 25 thanking
2572 2373 41 19 him
2624 2380 22 13 as
2656 2374 36 20 the
2707 2382 55 19 repre-

2342 2398 100 19 sentative
2455 2399 21 18 of
2485 2399 35 19 the
2531 2399 65 20 whole
2608 2400 73 26 people
2699 2401 21 19 of
2739 2402 36 19 the

2342 2424 71 25 colony
2424 2425 32 18 for
2466 2425 53 18 their
2528 2425 98 20 heartfelt
2635 2427 109 26 sympathy
2753 2429 22 18 in

2342 2450 37 19 her
2387 2450 50 19 time
2448 2451 21 19 of
2479 2451 85 19 trouble.

2368 2476 160 26 Arrangements
2540 2483 35 14 are
2584 2477 64 27 being
2666 2479 60 20 made
2743 2480 33 19 for

2342 2501 35 20 the
2387 2502 72 26 family
2472 2506 21 15 to
2511 2502 57 21 leave
2587 2504 33 19 for
2638 2505 98 26 England

2342 2528 31 19 sis
2386 2529 72 18 weeks.

2369 2554 57 25 Lady
2438 2554 50 19 Duff
2506 2556 108 24 expressed
2632 2563 12 12 a
2662 2558 51 19 wish
2730 2558 46 19 that

2342 2579 37 20 her
2391 2581 112 19 husband's
2528 2582 89 19 remains
2638 2589 47 19 may
2706 2584 42 19 find
2763 2591 12 12 a

2343 2610 119 21 permanent
2469 2607 79 26 resting
2557 2608 58 25 plaee
2626 2612 21 16 at
2668 2610 107 26 Waverley

2343 2633 39 19 and
2392 2633 99 25 probable
2500 2638 156 21 arrangements
2666 2636 52 20 have
2724 2636 51 19 been

2343 2659 58 19 made
2415 2662 20 16 to
2445 2659 41 19 this
2498 2660 46 18 end.

2432 2716 238 34 TELEGRAPHIC.

2448 2768 123 30 Supreme
2585 2770 84 24 Court.

2370 2800 123 24 Auckland,
2711 2803 64 20 whole

2343 2826 21 19 of
2377 2826 34 19 the
2422 2826 73 26 sitting
2505 2827 21 19 of
2544 2827 34 20 the
2596 2828 99 26 Supreme
2714 2829 62 20 Court

2342 2852 109 25 yesterday
2461 2859 41 13 was
2511 2854 95 25 occupied
2623 2855 50 19 with
2691 2856 85 25 hearing

2343 2878 35 19 the
2397 2878 75 26 charge
2490 2880 81 24 against
2587 2881 57 19 three
2661 2882 78 19 natives
2755 2883 22 18 of

2343 2904 89 26 stealing
2442 2911 13 12 a
2464 2912 43 18 gun
2517 2913 51 13 case.
2596 2907 43 19 The
2649 2908 126 25 prosecution

2343 2930 66 19 which
2420 2932 96 24 occupied
2525 2932 35 19 the
2570 2933 66 20 whole
2646 2935 21 18 of
2682 2934 34 19 the
2729 2941 35 19 pre-

2343 2956 59 20 vious
2422 2956 40 26 day
2481 2964 40 12 was
2540 2961 35 16 not
2595 2960 110 19 concluded
2723 2960 54 19 until

2343 2982 108 26 yesterday
2471 2984 113 19 afternoon.
2621 2986 43 19 The
2683 2986 93 20 evidence

2343 3009 33 18 for
2385 3008 36 20 the
2431 3010 83 19 defence
2524 3010 39 19 had
2574 3011 48 26 only
2631 3012 109 19 concluded
2754 3015 23 16 at

2343 3034 32 19 six
2383 3034 77 21 o'clock
2472 3036 41 19 and
2533 3043 23 12 as
2570 3037 34 20 the
2620 3038 71 19 Crown
2707 3045 57 19 prose-

2343 3064 58 16 cutor
2416 3061 84 20 decided
2518 3064 20 17 to
2548 3063 39 19 call
2607 3064 105 26 rebutting
2735 3065 30 18 evi-

2343 3087 63 19 dence
2416 3088 81 19 further
2507 3088 86 27 hearing
2603 3090 22 19 of
2634 3091 35 18 the
2678 3097 44 13 case
2735 3097 42 13 was

2343 3113 114 26 adjourned
2467 3115 32 18 for
2505 3121 12 12 a
2524 3115 46 25 day.

2399 3148 73 31 Lady
2484 3149 121 30 Augusta
2620 3151 101 30 Boyles-

2371 3182 122 25 Auckland,
2511 3184 224 27 Wednesday.—Lady
2750 3186 25 19 A.

2344 3208 83 26 Boyle's
2433 3210 102 19 condition
2544 3210 66 21 shows
2618 3218 12 13 a
2637 3219 49 18 very
2693 3212 84 20 marked

2345 3235 148 25 improvement
2503 3236 40 19 and
2553 3237 35 19 the
2606 3238 79 19 doctors
2700 3239 65 18 attend-

2345 3268 37 18 ing
2392 3261 37 19 her
2437 3268 35 13 are
2481 3262 59 20 much
2550 3269 55 13 more
2615 3263 85 26 hopeful
2710 3264 21 19 of
2740 3264 38 20 her

2345 3287 82 25 pulling
2437 3288 91 25 through
2543 3289 86 20 without
2648 3290 34 19 the
2697 3290 41 19 loss
2756 3297 22 13 or

2346 3313 135 20 disablement
2491 3315 22 18 of
2526 3315 36 19 her
2571 3316 49 24 foot,

2493 3344 134 26 Accident.

2372 3377 94 26 Tiiames,
2668 3381 33 19 lad
2705 3382 73 19 named

2344 3403 57 20 John
2410 3405 92 19 Whelan
2516 3407 45 19 who
2580 3413 41 13 was
2643 3407 98 20 admitted
2757 3410 21 17 to

2345 3429 35 19 the
2390 3430 90 26 hospital
2493 3438 26 13 on
2529 3432 84 26 Sunday
2627 3433 92 26 evening,
2736 3434 32 18 suf-

2345 3456 69 24 fering
2424 3458 53 18 from
2487 3464 13 12 n
2510 3464 70 14 severe
2596 3459 47 19 kick
2653 3459 21 19 in
2684 3460 35 18 the
2736 3459 42 19 loin

2347 3483 26 23 by
2384 3489 12 12 a
2406 3483 66 24 horse,
2483 3484 18 19 is
2510 3484 59 26 lying
2578 3485 21 19 in
2609 3492 13 12 a
2638 3492 49 18 very
2703 3485 76 20 critical

2345 3508 109 26 condition,
2465 3509 127 21 inflamation
2601 3511 76 26 having
2684 3513 30 18 set
2723 3511 27 19 in.

2526 3542 66 24 Fire.

2371 3570 89 26 Napier,
2473 3572 143 27 Monday.—A
2626 3574 35 18 fire
2671 3573 61 20 broke
2743 3576 37 17 out

2345 3597 22 19 in
2392 3598 35 19 the
2451 3599 103 19 Tomoana
2570 3599 100 25 Freezing

2345 3623 64 20 about
2420 3624 57 19 three
2488 3624 75 20 o'clock
2576 3632 27 13 on
2611 3625 85 25 Sunday
2711 3632 56 13 morn-

2345 3650 45 24 ing,
2402 3650 78 26 having
2489 3650 115 26 originated
2611 3651 22 19 in
2645 3651 46 19 that
2699 3652 81 25 portion

2347 3676 22 18 of
2376 3676 35 20 the
2421 3676 96 26 building
2526 3677 49 19 used
2585 3683 22 13 as
2617 3683 12 13 a
2650 3679 128 24 carpenter's,

2348 3701 143 21 blacksmith's
2498 3703 40 19 and
2545 3703 71 19 fitter's
2625 3703 156 21 establishment

2348 3728 67 20 which
2425 3729 108 19 contained
2545 3736 11 12 a
2565 3729 57 25 large
2631 3729 57 19 stock
2702 3730 22 19 of
2738 3737 28 13 ma-

2347 3753 84 26 chinery
2441 3755 22 19 of
2472 3754 29 20 all
2514 3755 66 19 kinds.
2616 3755 51 19 This
2686 3756 96 27 building

2349 3780 58 19 stood
2416 3781 105 23 detached,
2533 3781 37 19 but
2578 3781 58 24 right
2645 3782 22 18 in
2673 3782 34 19 the
2713 3786 69 17 centre

2347 3806 22 18 of
2379 3806 36 19 the
2425 3807 72 22 works,
2507 3807 41 19 and
2557 3807 34 19 the
2601 3807 70 20 flames
2685 3814 51 14 were
2745 3812 37 17 not

2347 3833 102 19 mastered
2471 3833 32 19 till
2521 3833 62 19 about
2606 3833 69 19 £IOOO
2694 3835 88 26 damago

2347 3857 42 21 had
2401 3859 52 19 been
2470 3859 58 19 done.
2566 3859 42 19 The
2630 3859 107 21 insurance
2756 3868 25 12 on

2348 3883 35 20 the
2409 3885 95 25 building
2526 3885 40 19 and
2596 3885 118 26 machinery
2740 3894 42 12 was

2348 3911 64 23 £520,
2436 3911 66 19 which
2521 3911 18 18 is
2556 3911 141 26 considerably
2717 3913 65 19 under

2348 3936 35 19 the
2393 3936 107 20 estimated
2512 3936 91 26 damage.

2349 3967 147 30 Telephone
2507 3967 142 30 Exchange
2665 3969 103 29 appoint-

2516 3995 93 21 mentsv

2349 4056 34 12 are
2409 4056 61 13 seven
2493 4049 93 19 hundred
2608 4050 134 25 applications
2756 4058 26 13 on

2349 4075 56 19 hand
2413 4076 54 18 from
2485 4075 50 25 girls
2554 4075 45 20 who
2617 4078 55 18 want
2690 4078 79 25 appoint-

2348 4103 67 18 ments
2424 4101 22 19 in
2455 4101 35 19 the
2503 4101 115 26 Telephone
2628 4101 117 28 Exchange.

2810 120 51 16 MOT
2869 121 30 15 SO
2909 121 129 17 ROMANTIC
3050 121 80 17 AFTER
3142 121 52 17 ALL.

2871 157 35 16 you
2923 154 57 15 notice
2998 154 40 15 how
3057 153 102 21 attentively
3178 153 37 16 that

2789 173 98 21 j&ntleman
2904 174 31 16 has
2947 175 42 16 been
3003 175 88 20 watching
3105 180 27 10 me
3146 176 27 14 tor
3188 174 29 16 the

2789 194 33 15 'last
2840 195 36 15 half
2976 197 37 15 said
3029 202 33 10 one
3076 199 59 18 young
3146 196 41 20 lady
3198 199 19 12 to

2791 216 72 15 wother
2871 219 16 13 at
2897 221 21 11 an
2926 218 72 19 evening
3006 221 56 17 party.

2829 237 28 15 Do
2865 242 34 15 you
2907 243 49 10 mean
2970 239 37 15 that
3017 244 39 10 man
3069 239 23 18 by
3102 238 30 16 the
3139 238 52 20 piar.o

2855 258 26 16 v''

2887 284 38 11 now
2934 280 36 15 that
2979 284 33 17 yoti
3022 280 52 21 speak
3088 280 19 16 of
3114 280 18 18 it,
3145 280 22 15 he
3175 280 42 15 does

2793 305 43 10 seem
2845 301 94 15 somewhat
2947 301 92 16 interested
3052 303 17 14 in

2866 322 83 20 certainly
2957 322 46 16 does.
3028 323 38 16 Ido
3176 327 31 11 con-

2791 341 58 16 tinued
2859 343 28 16 the
2896 348 56 15 young
2961 343 45 21 lady,
3022 345 51 19 gaily,
3117 343 65 16 believe
3194 343 23 15 lie

2791 364 31 14 has
2831 364 49 16 fallen
2890 364 16 16 in
2915 365 37 15 love
2959 366 41 14 with
3010 370 31 11 me.
3064 366 43 15 Isn't
3119 366 12 14 it
3141 364 65 20 delight-

2792 384 41 20 fully
2842 386 84 15 romantic

2812 406 14 14 A
2836 406 30 15 few
2876 406 73 16 minutes
2957 407 44 16 after
3016 407 31 16 she
3055 412 35 11 was
3099 407 65 20 tr.lking
3173 406 41 15 with

2791 427 29 15 her
2829 427 74 18 hostess,
2918 427 55 19 when,
2989 433 19 10 as
3024 434 21 9 an
3057 428 114 21 opportunity
3179 433 29 15 pre-

2792 448 58 15 sented
2860 449 50 18 itself,
2919 449 30 15 she
2957 449 92 21 carelessly
3058 449 89 16 remarked
3155 454 26 10 :

2829 470 30 19 My
2867 470 41 15 dear
2918 470 42 16 Mrs.
2969 471 25 17 8.,
3007 475 43 16 pray
3059 471 29 15 tell
3097 476 26 10 me
3132 470 39 16 who
3179 470 38 15 that

2797 490 41 20 [uiet
2847 491 30 15 but
2886 496 40 16 very
2935 492 84 19 dislingui:
3034 491 69 19 looking
3118 491 98 20 gentleman

2791 512 14 14 is
2814 516 41 11 near
2863 512 29 15 the
2900 513 57 18 piano.
2987 513 39 15 Ido
3034 515 30 13 nut
3073 514 96 14 remember
3177 517 41 11 ever

2793 533 56 19 seeing
2858 533 34 15 him

2831 554 86 21 Probably
2989 555 65 20 replied
3067 555 29 15 the
3104 555 41 20 lady
3153 554 3 21 ;

2793 575 20 15 lie
2821 575 15 15 is
2843 576 49 19 quite
2900 576 36 15 well
2945 576 66 16 known.
3036 577 28 15 He
3073 576 14 16 is
3095 581 11 11 a

2793 618 125 16 SURVIVED
2935 618 42 17 HIS
2996 619 56 15 OWN
3067 618 149 16 EXECUTION.

2815 651 13 13 A
2838 654 37 11 man
2886 650 39 15 who
2934 649 31 16 has
2976 650 82 16 attended
3072 650 27 15 his
3107 655 38 10 own
3157 655 50 10 execu-

2794 670 34 16 tion
2837 671 33 15 and
2886 671 34 15 still
2936 672 78 14 survives
3022 674 18 12 to
3054 671 53 15 relate
3115 672 29 14 the
3155 671 62 15 details

2794 693 13 14 Is
2815 692 57 20 surely
2881 692 66 20 worthy
2959 692 19 16 of
2987 697 11 10 a
3006 692 48 16 short
3063 692 104 21 paragraph.

2813 713 39 15 The
2859 718 40 10 man
2911 713 16 16 in
2936 714 85 19 question,
3030 714 84 18 although
3123 717 16 12 at
3149 716 68 18 present

2795 735 67 19 serving
2871 735 16 14 in
2897 735 28 15 the
2934 735 70 15 humble
3019 735 80 20 capacity
3107 735 20 15 of
3133 735 59 15 waiter
3200 735 17 15 in

2800 760 26 11 me
2845 755 17 16 of
2877 755 29 16 the
2921 756 49 15 Paris
2982 755 53 18 cafes,
3052 761 40 12 was,
3112 759 105 17 twenty-one

2794 782 49 14 years
2851 782 37 15 ago,
2904 782 33 10 one
2951 777 19 15 of
2977 777 29 15 the
3014 777 72 16 historic
3093 777 100 16 characters
3200 776 19 16 of

2794 797 28 16 the
2831 797 52 16 world

2815 819 34 15 His
2864 824 50 11 name
2929 819 15 15 is
2959 819 71 16 Colonel
3047 820 92 17 Marteras,
3154 819 34 16 and
3200 819 17 15 in

2796 841 45 19 1869,
2850 845 35 11 was
2896 846 22 10 on
2932 841 29 15 the
2970 841 48 20 point
3026 841 19 15 of
3052 841 52 19 being
3111 841 106 20 proclaimed

2795 862 88 15 President
2890 862 18 15 of
2914 862 88 20 Uruguay,
3010 862 48 15 when
3064 862 22 15 he
3092 867 35 10 was
3135 862 82 17 arrested,

2794 882 75 21 charged
2877 883 43 15 with
2927 885 74 16 treason,
3017 883 34 16 and
3066 882 92 16 sentenced
3167 885 18 13 to
3196 882 21 16 be

2794 903 45 16 shot.

2815 926 28 15 On
2852 925 82 20 Monday,
2942 926 45 21 June
3002 925 40 20 30th
3050 925 19 16 of
3084 925 37 16 that
3134 930 45 16 year,
3196 924 21 16 he

2795 951 34 11 was
2838 947 51 15 taken
2897 947 23 20 by
2928 951 10 11 a
2946 947 69 20 platoon
3024 947 19 15 of
3050 947 72 15 soldiers
3127 949 29 13 out
3165 946 19 16 of
3189 946 28 15 the

2794 968 64 21 capital
2874 970 18 13 to
2903 973 11 10 a
2921 968 66 15 cleared
3003 970 39 18 spot
3058 968 18 15 in
3087 968 29 15 the
3124 968 49 15 heart
3181 967 19 16 of
3207 973 9 10 a

2794 989 53 15 forest
2855 989 33 15 and
2897 989 57 15 bound
2964 992 16 12 to
2988 994 10 10 a
3007 989 54 15 chair.

2816 1011 22 14 At
2852 1010 29 15 the
2897 1010 45 15 word
3050 1015 11 10 a
3075 1015 74 11 nervous
3164 1009 53 16 shock

2794 1031 63 16 caused
2867 1032 84 15 Marteras
2960 1034 17 13 to
2991 1031 29 16 fall
3029 1034 18 13 to
3055 1031 30 16 the
3092 1031 73 20 ground.
3189 1032 28 14 He

2796 1053 28 16 did
2840 1055 29 13 not
2881 1053 42 16 hear
2937 1053 30 15 the
2986 1053 61 21 volley,
3066 1053 31 16 but
3116 1058 11 11 a
3139 1052 79 17 labourer

2796 1074 75 20 working
2879 1079 41 10 near
2927 1074 22 21 by
2958 1074 35 15 did.

2815 1095 38 16 The
2862 1096 86 15 workman
2954 1098 44 12 went
3008 1097 17 14 to
3033 1095 85 16 ascertain
3124 1095 29 15 the
3157 1095 58 16 cause:

2793 1121 35 11 saw
2833 1116 29 16 the
2866 1116 71 16 soldiers
2942 1116 88 20 marching
3034 1121 54 16 away,
3094 1116 33 16 and
3133 1117 85 15 Marteras

2793 1138 53 20 badly
2855 1138 89 18 wounded,
2953 1138 30 16 but
2992 1141 29 13 not
3029 1138 44 16 dead
3081 1138 23 20 by
3111 1142 33 16 any
3153 1143 64 12 means,

2794 1159 47 21 lying
2849 1164 22 11 on
2880 1159 29 16 the
2917 1159 71 19 ground.

2815 1180 37 16 The
2862 1180 78 16 labourer
2949 1180 40 16 took
2998 1180 29 16 the
3033 1180 87 16 would-be
3128 1180 89 16 President

2794 1201 51 16 home
2860 1201 34 16 and
2909 1201 52 16 cured
2974 1201 27 16 his
3017 1201 77 18 wounds,
3106 1201 35 16 and
3151 1201 22 15 he
3184 1201 34 15 and

2795 1223 86 16 Marteras
2889 1223 41 15 both
2940 1228 37 10 now
2984 1223 47 15 often
3037 1222 29 16 tell
3071 1222 19 16 of
3097 1223 29 15 the
3132 1222 86 21 supposed

2793 1244 90 16 execution
2892 1244 18 16 of
2917 1244 29 16 the

2847 1291 36 17 MY
2894 1292 78 16 BABES
2984 1292 25 15 IN
3021 1292 53 15 THE
3085 1292 80 15 WOOD.

2795 1324 6 16 I
2811 1328 53 12 know
2871 1328 10 11 a
2890 1326 52 17 story,
2952 1323 56 19 fairer,
3017 1323 79 19 dimmer,
3108 1323 68 19 sadder,

2815 1345 51 16 Than
2874 1350 33 16 any
2916 1348 48 17 story
2972 1345 71 20 painted
3051 1344 17 16 in
3078 1349 43 16 your
3129 1345 60 16 beoks.

2794 1367 38 15 You
2837 1371 29 11 are
2870 1371 19 11 so
2893 1366 39 21 glad
2939 1366 5 16 ?
2954 1368 7 14 I
2967 1366 34 16 will
3007 1369 29 13 not
3043 1366 49 16 make
3097 1371 35 16 you
3139 1366 78 20 gladder;

2816 1389 30 14 Yet
2859 1388 54 18 ;isten,
2921 1387 41 16 with
2970 1392 45 16 your
3022 1390 58 18 pretty
3088 1387 70 16 restless
3165 1387 52 16 looks.

2838 1425 10 16 ii
2860 1430 9 11 a
2878 1425 44 21 fairy
2930 1427 47 19 story
3028 1425 51 18 Wei!,
3088 1424 37 17 half
3133 1424 66 22 fairy—

2817 1448 22 14 At
2848 1446 42 17 least
2899 1447 13 16 it
2920 1446 48 16 dates
2978 1446 26 16 far
3012 1446 43 16 back
3064 1451 19 11 as
3090 1446 57 16 fairies
3156 1446 27 19 do,

2795 1468 38 16 And
2843 1473 56 11 seems
2907 1470 17 13 to
2933 1473 26 11 me
2967 1473 19 11 as
2994 1467 84 17 beautiful
3087 1468 34 16 and
3128 1468 37 20 airy
3173 1467 4 21 ;

2816 1490 32 15 Yet
2857 1489 41 19 half,
2907 1490 75 20 perhaps
2990 1489 29 16 the
3028 1489 44 21 fairy
3080 1488 41 19 half;
3131 1489 15 16 is
3154 1492 44 13 true.

2794 1527 39 16 You
2842 1526 34 17 had
2885 1532 9 11 a
2902 1526 46 21 baby
2956 1527 51 15 sister
3015 1526 33 17 and
3057 1531 10 11 a
3073 1526 76 19 brother.

2816 1548 43 16 Two
2865 1553 41 17 very
2914 1548 60 21 dainty
2983 1548 66 21 people,
3059 1553 40 16 rosy
3108 1549 56 17 white,

2794 1570 76 16 Sweeter
2874 1570 42 15 than
2922 1570 22 15 all
2951 1570 57 20 things
3013 1570 34 15 else
3051 1571 61 19 except
3116 1570 42 15 each
3163 1569 55 16 other!

2813 1591 53 16 Older
2871 1594 28 18 yet
2904 1596 141 15 younger—gone
3050 1590 44 16 from
3099 1591 63 15 human
3167 1590 50 22 sight!

2794 1628 39 17 And
2842 1629 14 19 I,
2864 1629 40 15 who
2911 1628 50 16 loved
2969 1628 53 20 them,
3031 1629 35 15 and
3073 1629 45 15 shall
3127 1629 36 15 love
3171 1628 48 16 them

2879 1655 44 14 ever,

2816 1671 39 17 And
2869 1671 48 16 think
2927 1671 40 16 with
2977 1671 83 20 yearning
3071 1673 45 14 tears
3129 1671 39 16 how
3175 1671 43 15 each

2880 1693 42 20 light
2930 1693 47 16 hand

2794 1714 54 21 Crept
2862 1714 65 16 toward
2941 1714 58 20 bright
3007 1714 59 16 bloom
3074 1713 35 17 <ud
3123 1714 95 16 berries—l

2879 1735 44 16 shall
2930 1740 52 11 never

2815 1757 55 16 Know
2874 1757 39 16 how
2920 1757 7 16 I
2932 1756 32 17 lost
2970 1756 52 17 them.
3033 1757 28 15 Do
3066 1761 34 17 you
3104 1756 115 16 understand?

2795 1795 45 16 Poor
2848 1794 70 21 slightly
2924 1794 61 21 golden
2993 1794 53 16 heads
3054 1794 3 21 !
3067 1795 7 15 I
3084 1794 49 16 think
3140 1795 8 15 I
3156 1794 63 16 missed

2880 1817 47 15 them

2815 1838 46 15 First
2877 1838 17 15 in
2902 1843 48 10 some
2963 1837 77 21 dreamy,
3054 1837 73 21 piteous,
3139 1836 80 17 doubtful

2880 1864 37 15 way
2925 1864 3 15 ;

2795 1880 34 17 But
2846 1880 49 16 when
2909 1880 33 16 and
2954 1880 58 16 where
3023 1879 43 16 with
3078 1879 84 21 lingering
3170 1879 33 21 lips
3212 1880 7 15 I

2880 1901 57 17 kissed
2946 1902 52 17 them,

2816 1923 32 22 My
2855 1923 72 20 gradual
2935 1923 75 21 parting,
3023 1923 8 15 I
3039 1927 31 11 ca.v
3080 1927 52 11 never
3140 1927 36 16 say.

2797 1961 101 16 Sometimes
2913 1961 8 15 I
2937 1960 51 21 fancy
3005 1960 38 16 that
3059 1960 42 21 they
3121 1965 40 15 may
3176 1960 44 15 have

2880 1982 79 21 perished

2816 2004 20 15 In
2843 2003 83 21 shadowy
2934 2003 47 21 quiet
2990 2003 20 16 of
3022 2005 31 13 xtt
3064 2003 50 15 rocks
3126 2003 32 15 and
3168 2008 51 12 moss,

2797 2025 46 16 Near
2859 2024 51 22 paths
2929 2025 58 16 whose
2999 2029 42 16 very
3059 2024 72 21 pebbles
3150 2025 8 15 I
3177 2024 43 15 have

2878 2046 97 19 cherished,

2816 2067 35 17 For
2860 2067 45 16 their
2923 2067 51 16 small
2993 2067 55 19 sakes,
3068 2066 48 17 since
3127 2071 29 17 my
3175 2069 44 14 most

2880 2089 52 16 bitter
2939 2088 40 17 loss.

2797 2128 6 14 1
2811 2126 57 21 fancy,
2877 2128 34 16 too,
2920 2126 38 16 that
2967 2126 41 21 they
3017 2131 44 11 were
3069 2125 53 21 softly
3129 2126 73 16 covered

2816 2147 27 21 By
2852 2147 64 18 robins,
2925 2150 29 13 out
2963 2147 19 16 of
2987 2147 51 21 apple
3044 2147 69 16 flowers
3119 2147 41 21 they
3167 2147 52 18 knew,

2797 2168 64 16 Whose
2869 2168 71 21 nursing
2948 2168 54 18 wings
3010 2169 18 15 in
3041 2168 26 16 far
3080 2168 50 16 home
3139 2168 81 16 sunshine

2880 2189 82 19 hovered.

2817 2210 63 17 Before
2894 2211 29 16 the
2931 2211 51 16 timid
2994 2210 55 17 world
3062 2210 35 17 had
3105 2210 78 22 dropped
3191 2211 29 16 the

2880 2232 43 16 dew.

2797 2270 51 17 Their
2855 2274 61 12 names
2923 2270 113 16 were—what
3045 2274 52 17 yours
3105 2274 34 12 are.
3155 2271 22 15 At
3186 2270 33 16 this

2881 2297 34 16 you
2924 2292 74 18 wonder,

2816 2312 54 18 Their
2878 2313 75 21 pictures
2958 2318 96 16 are—your
3059 2318 44 13 own,
3111 2317 19 11 as
3137 2318 33 15 you
3177 2312 42 16 have

2881 2339 50 13 seen;

2798 2356 37 16 And
2843 2360 29 16 my
2880 2356 107 16 bird-buried
2996 2355 83 20 darlings,
3094 2354 64 17 hidden
3166 2355 53 16 under

2817 2378 42 15 Lost
2868 2377 124 21 leaves—why,
3001 2377 13 16 it
3022 2382 15 10 is
3046 2381 43 17 your
3097 2376 44 16 dead
3149 2376 54 16 selves
3212 2377 6 15 I

2880 2403 50 12 mean
2937 2399 3 16 1

2852 2446 64 17 BACK
2927 2446 70 16 FROM
3009 2446 52 16 THZ
3073 2446 89 16 GRAVE.

2818 2479 30 16 He
2859 2484 36 11 was
2902 2484 11 11 a
2921 2484 58 15 young
2986 2481 79 18 sergeant
3075 2478 16 16 in
3100 2478 29 16 the
3137 2479 80 16 Hussars,

2798 2500 31 16 ind
2838 2500 17 16 in
2863 2505 32 11 one
2903 2500 18 16 of
2928 2500 30 16 the
2965 2505 92 11 numerous
3066 2500 48 19 night
3123 2500 66 15 attacks
3198 2504 21 11 on

2797 2521 27 16 the
2838 2521 76 16 Russian
2922 2521 122 16 fortifications
3052 2521 16 16 in
3078 2521 29 16 the
3116 2521 73 18 Crime;.,
3199 2521 20 15 he

2798 2542 31 16 had
2838 2542 29 17 the
2883 2542 103 17 misfortune
3000 2545 19 13 to
3027 2542 66 16 receive
3106 2547 10 11 a
3123 2542 96 20 dangerous

2797 2564 52 16 bullet
2865 2564 63 16 wound
2942 2565 17 15 in
2976 2564 29 16 the
3021 2564 59 20 region
3094 2563 20 16 of
3120 2563 30 16 the
3165 2564 53 18 heart,

2798 2586 48 15 while
2854 2585 70 21 bravely
2932 2586 92 19 exhorting
3031 2585 28 15 his
3067 2590 39 10 men
3113 2587 18 13 to
3139 2585 62 15 action.

2817 2607 28 15 He
2853 2612 34 10 was
2895 2606 118 21 immediately
3017 2606 75 16 stricken
3096 2608 18 14 to
3120 2606 29 16 the
3154 2606 65 20 ground

2798 2628 39 16 with
2845 2627 121 21 insensibility,
2982 2627 35 17 and
3030 2633 11 10 a
3048 2627 60 21 period
3120 2627 19 16 of
3145 2627 74 21 perhaps

2798 2652 32 13 two
2845 2649 53 17 hours
2913 2649 71 21 elapsed
2998 2648 59 16 before
3073 2649 29 15 the
3118 2648 101 16 ambulance

2798 2671 49 16 could
2855 2671 21 16 be
2885 2671 84 20 procured
2993 2670 66 20 During
3068 2670 35 16 this
3109 2671 47 17 time,
3164 2670 55 20 owing

2798 2694 16 13 Ic
2834 2692 30 16 the
2881 2692 77 21 piercing
2972 2694 37 13 east
3021 2691 55 16 winds
3095 2691 37 16 that
3151 2691 40 21 only
3210 2697 10 10 a

2798 2713 73 16 Russian
2883 2718 32 11 can
2930 2713 52 16 stand
2997 2713 43 15 with
3058 2713 113 20 equanimity,
3190 2713 29 15 the

2798 2737 76 17 tergeant
2883 2734 70 16 became
2961 2733 85 21 perfectly
3054 2734 38 20 pale
3101 2733 34 16 and
3142 2733 44 16 cold.

2817 2756 161 19 Notwithstanding
2994 2755 22 16 all
3031 2755 117 20 precautions,
3163 2755 34 16 and
3210 2760 10 10 a

2798 2777 31 16 fair
2836 2777 52 16 share
2900 2777 20 16 of
2927 2777 71 20 nursing
3006 2777 35 16 and
3055 2776 134 16 attention—for
3203 2777 16 15 in

2798 2798 28 16 the
2834 2798 69 16 Crimea
2911 2798 35 16 this
2954 2798 110 21 department
3073 2803 34 11 was
3116 2803 40 16 very
3168 2798 51 20 badly

2798 2819 127 21 managed—he
2931 2824 35 12 was
2972 2819 111 21 pronounced
3090 2819 29 15 the
3125 2821 38 13 next
3170 2819 42 15 after-

2798 2845 43 12 noon
2857 2841 23 21 by
2895 2841 47 16 three
2958 2840 74 17 medical
3047 2845 39 11 men
3098 2843 18 13 to
3128 2840 43 16 have
3186 2843 33 13 met

2798 2862 40 16 with
2853 2862 132 16 instantaneous
2993 2862 57 16 death.
3076 2862 33 15 His
3124 2861 46 20 body
3185 2867 35 11 was

2798 2883 109 20 accordingly
2915 2883 70 17 handed
2993 2888 42 11 over
3043 2885 18 14 to
3069 2883 30 16 the
3107 2883 55 16 burial

2801 2905 14 16 il
2822 2905 27 15 his
2857 2905 89 20 regiment.

2817 2926 58 16 There
2888 2931 44 11 were
2951 2930 94 12 numerous
3064 2925 66 16 burials
3149 2927 18 14 to
3182 2925 39 16 take

2799 2947 47 21 place
2860 2947 30 16 the
2897 2952 47 11 same
2953 2947 95 18 afternoon,
3065 2952 18 11 so
3099 2947 29 15 the
3136 2946 60 16 bodies
3203 2946 19 16 of

2799 2969 27 17 the
2832 2971 79 18 sergeant
2919 2968 34 16 and
2962 2968 48 16 three
3018 2968 76 21 privates
3103 2973 43 11 were
3153 2968 67 16 handed

2798 2994 40 13 aver
2852 2993 18 13 to
2885 2995 10 12 a
2910 2990 29 20 big
2947 2990 72 20 brawny
3031 2989 87 16 Irishman
3127 2989 25 16 for
3160 2989 60 16 burial.

2801 3011 39 16 This
2848 3017 46 13 man,
2909 3012 65 19 having
2981 3010 35 21 dug
3025 3011 29 15 the
3063 3011 85 18 trenches,
3160 3010 60 21 placed

2799 3034 28 15 the
2835 3033 38 16 four
2888 3033 60 16 bodies
2963 3033 18 15 in
2989 3038 11 11 a
3008 3032 34 16 line
3050 3032 34 16 and
3100 3031 94 22 proceeded
3203 3035 18 12 to

2800 3059 50 12 Dover
2857 3055 53 15 them.

2819 3076 28 16 He
2862 3075 35 16 had
2908 3075 74 17 covered
2994 3074 49 17 three
3055 3073 20 17 of
3088 3074 53 18 them,
3154 3074 48 16 when
3211 3079 10 11 a

2799 3096 77 21 frightful
2884 3097 130 16 thunderstorm
3022 3101 49 11 came
3079 3101 27 12 on,
3115 3095 34 16 and
3158 3095 21 16 he
3188 3101 33 10 was

2800 3118 66 20 Dbliged
2874 3120 18 14 to
2900 3118 110 16 discontinue
3015 3117 28 16 his
3052 3117 98 21 operations
3159 3116 24 16 for
3193 3117 28 15 the

2799 3139 53 21 night,
2867 3139 68 21 leaving
2950 3139 30 15 the
2994 3138 75 16 remains
3081 3138 19 16 of
3106 3138 29 16 the
3144 3141 77 17 sergeant

2800 3161 72 20 txposed
2881 3162 17 14 to
2906 3160 29 16 the
2944 3160 80 18 weather,
3040 3160 68 17 wolves,
3124 3159 34 16 and
3173 3160 49 15 other

2800 3182 45 16 evils.
2868 3181 55 20 Night
2937 3186 50 11 came
3002 3186 29 13 on,
3046 3181 34 15 and
3098 3181 29 15 the
3146 3185 38 11 men
3199 3181 22 15 all

2800 3203 59 16 turned
2874 3203 37 16 into
2927 3202 44 17 their
2979 3202 48 19 beds,
3042 3202 43 16 such
3097 3207 19 11 as
3124 3201 41 21 they
3173 3207 48 13 were,

2802 3225 29 16 ■nd
2840 3229 42 11 soon
2891 3229 44 10 were
2944 3224 32 16 fast
2985 3224 63 20 asleep.

2819 3247 22 15 At
2857 3246 49 16 three
2920 3245 73 19 o'clock,
3009 3245 29 15 the
3054 3243 48 17 shrill
3116 3248 30 17 cry
3162 3244 18 16 of
3193 3245 29 15 the

2801 3269 56 18 tentry
2864 3267 109 20 challenging
2988 3271 11 10 a
3012 3270 40 11 man
3061 3266 55 19 might
3128 3266 44 15 have
3180 3266 42 15 been

2801 3288 51 17 heard
2859 3294 22 10 on
2890 3288 30 16 the
2927 3288 36 16 still
2970 3287 49 21 night
3027 3287 32 17 air,
3071 3287 34 15 and
3114 3290 17 12 to
3139 3287 29 15 the
3175 3287 48 16 usual

2802 3315 50 16 query
2859 3315 50 10 came
2917 3311 29 15 the
2954 3313 72 14 answer,

2821 3332 71 19 Making
2899 3330 28 16 his
2934 3335 38 16 way
2980 3332 40 18 past
3029 3329 30 16 the
3066 3331 64 18 sentry,
3144 3329 29 15 the
3182 3334 39 11 man

2801 3352 33 16 had
2843 3355 17 13 to
2876 3352 43 15 walk
2935 3351 49 16 three
2991 3350 80 17 hundred
3087 3351 52 20 yards
3147 3353 18 13 to
3172 3351 50 16 reach

2801 3374 28 15 Ihe
2836 3375 122 18 encampment
2966 3372 18 16 of
2992 3372 27 16 his

2820 3395 68 19 Calling
2903 3394 41 16 with
2960 3398 11 12 a
2986 3393 55 16 feeble
3053 3393 48 15 voice
3113 3393 68 15 outside
3193 3393 29 15 the

2801 3418 34 14 tent
2850 3415 20 17 of
2883 3415 30 16 the
2927 3414 150 21 sergeant-major,
3093 3414 22 16 he
3134 3414 52 15 asked
3198 3415 26 14 for

2801 3440 77 18 quarters
2887 3436 26 16 for
2920 3436 29 16 the
2958 3436 54 20 night.
3036 3436 66 19 Aghast
3114 3435 42 15 with
3165 3438 58 15 terror,

2801 3459 28 16 the
2837 3458 91 20 trembling
2936 3457 59 16 officer
3007 3457 27 16 led
3043 3457 29 15 the
3080 3456 101 16 man—who
3190 3462 34 10 was

2801 3485 21 11 no
2829 3481 51 14 other
2887 3479 41 16 than
2938 3478 30 16 the
2975 3478 44 17 dead
3035 3478 34 16 and
3078 3478 60 16 buried
3146 3481 78 16 sergeant

2803 3504 37 13 —to
2854 3501 30 16 the
2902 3500 82 16 colonel's
3003 3502 85 18 quarters,
3107 3499 34 16 and
3161 3499 63 19 having

2803 3522 90 17 nwakened
2911 3522 30 16 the
2960 3520 72 19 colonel,
3052 3521 21 15 he
3092 3520 80 16 narrated
3195 3521 27 15 his

2803 3548 66 17 strange
2876 3546 53 19 story.

2822 3567 45 15 Next
2883 3565 33 21 day
3190 3568 34 10 was

2803 3587 92 16 reinstated
2910 3591 18 11 as
2947 3587 79 18 sergeant
3045 3586 19 14 to
3083 3584 27 16 his
3121 3586 50 19 troop
3183 3589 42 11 once

2803 3614 50 13 more,
2862 3608 33 16 and
2901 3609 48 19 great
2958 3611 35 11 was
2999 3605 30 16 the
3036 3605 134 21 merry-making
3176 3605 48 16 when

2803 3630 28 16 the
2839 3634 85 16 company
2930 3628 54 15 heard
2993 3627 29 16 the
3029 3626 45 21 good
3083 3631 51 11 news.

2824 3652 15 15 It
2847 3656 74 16 appears
2928 3649 38 16 that
2972 3649 53 15 about
3034 3653 8 10 2
3051 3647 84 19 a.m.,.the
3142 3647 83 16 Russians

2803 3671 102 21 discharged
2920 3675 48 12 some
2986 3669 54 16 shells
3057 3673 42 12 near
3115 3669 29 15 the
3160 3668 64 17 British

2803 3694 125 20 encampment,
2937 3691 35 17 and
2980 3696 32 11 one
3021 3690 18 16 of
3045 3690 30 16 the
3083 3690 52 15 shells
3141 3689 83 21 dropping

2804 3715 46 21 quite
2865 3714 46 16 close
2923 3716 19 13 to
2957 3713 30 16 the
3001 3711 57 16 burial
3073 3711 43 16 lines
3127 3711 58 16 awoke
3197 3712 28 15 the

2804 3738 78 18 sergeant
2891 3736 44 15 from
2942 3734 30 15 his
2979 3737 64 12 trance.
3067 3732 49 17 Cold,
3132 3736 43 14 sore,
3191 3734 33 14 ami

2804 3758 40 18 stiff,
2860 3757 31 16 but
2911 3755 61 20 feeling
2992 3754 44 16 little
3048 3753 29 16 the
3089 3758 53 11 worse
3158 3753 26 16 for

2805 3779 75 21 perilous
2894 3777 100 17 adventure,
3008 3775 22 16 he
3046 3780 38 11 rose
3099 3774 33 16 and
3141 3775 50 15 made
3199 3775 26 15 hi;,

2805 3805 37 16 way
2850 3805 19 11 as
2876 3798 70 21 quickly
2954 3803 20 11 as
2981 3796 76 22 possible
3066 3799 17 13 to
3091 3796 28 15 the
3126 3798 49 13 tents.

2826 3823 25 14 An
2859 3819 116 17 examination
2984 3817 18 17 of
3009 3818 29 15 the
3047 3816 61 17 wound
3120 3816 68 17 elicited
3197 3817 28 16 the

2805 3843 33 16 fact
2854 3842 38 15 that
2907 3841 29 15 the
2951 3840 54 16 bullet
3021 3838 69 16 entered
3099 3837 28 15 the
3135 3838 47 16 chest
3190 3838 35 20 just

2805 3864 54 16 below
2867 3863 29 15 the
2904 3861 64 17 second
2976 3861 32 17 rib,
3020 3859 63 16 curved
3092 3858 23 16 off
3123 3858 29 16 the
3159 3859 42 19 edr;e
3209 3863 16 11 01

2805 3886 29 16 the
2848 3883 52 18 third,
2916 3883 34 16 and
2966 3887 35 10 was
3017 3880 52 16 found
3085 3880 22 20 by
3123 3884 32 11 one
3166 3880 19 16 of
3197 3881 28 15 the

2821 3906 56 16 clever
2956 3903 39 16 who
3014 3901 110 22 pronounced
3142 3901 30 16 the
3187 3907 38 11 man

2806 3927 47 18 dead,
2869 3924 93 18 imbedded
2977 3924 53 17 about
3043 3922 37 16 half
3090 3926 21 11 an
3123 3922 40 16 inch
3172 3923 53 16 below

2806 3949 28 16 the
2842 3947 67 17 surface
2917 3946 19 16 cf
2943 3946 30 16 the
2980 3945 44 16 skin.

2826 3969 43 17 This
2876 3968 77 16 incident
2961 3971 35 12 was
3004 3963 64 18 related
3080 3963 22 21 by
3111 3963 30 16 tho
3148 3969 76 17 sergeant

2805 3990 69 17 btaiself
2880 3992 19 15 to
2906 3995 10 11 a
2925 3990 59 15 Home
2992 3985 139 22 rgpreieutativ*.

1288 55 60 23 THE
1375 54 57 24 HOT
1458 54 69 32 LAKE
1544 54 17 32 3
1578 54 172 32 CHRONICLE,
1778 58 190 26 WEDNESDAY,
1996 60 80 21 MARC
2079 59 20 22 El
2128 63 31 23 -20,
2189 62 52 19 1895

586 117 89 27 MAIL
693 117 148 27 ffOTICM
945 117 4 33 i

590 173 122 20 Lettst-bos
723 169 43 24 ttlli
779 170 27 23 to
815 170 80 22 Seated
903 170 32 22 for

505 193 26 24 _i_
563 196 88 25 jb?sj)fitt}>
659 198 18 16 <yi
687 199 145 20 eorrsspoSdence
847 198 45 16 frets
900 199 34 15 tbis

501 218 33 18 t'ft(
541 225 9 12 e
557 222 19 15 to
583 214 28 23 tte
619 217 164 20 ti!if!er-»tneiitloUed
795 218 56 23 plaeefl
865 223 20 13 &ts
899 221 26 15 lol-

499 242 77 16 )owS:-=

520 261 35 18 For
563 259 91 20 Autittlaiid
661 263 35 15 aid
713 258 120 20 ifttertofidiele
841 259 62 19 Offices
910 259 24 23 by

500 285 51 19 ti-aih,
561 284 92 20 Jslojidfitsj
670 283 121 21 Wednesdays
804 280 34 20 abd
853 280 80 24 fridays,

500 304 10 16 g
518 308 40 13 a.m.

520 323 35 19 for
562 323 94 23 Tafcraiga
664 325 34 17 alid
709 322 24 20 Te
741 322 55 24 Puke,
806 324 87 22 Mondayo
900 329 34 12 ana

499 343 79 24 Fridays,
588 345 39 19 6,30
635 350 41 14 a.ifl.

520 368 35 16 For
572 368 74 21 Matftto,
670 365 115 23 Whakatafle,
814 365 61 19 Ohitttt
900 367 34 16 and

500 388 76 22 Opotiki,
592 386 92 24 Mondays,
705 389 38 16 6.-30
761 394 10 11 a
774 391 37 18 .to.,
826 388 107 21 Thursdays,

501 411 38 16 7.30
546 415 42 16 p.m.

521 431 35 16 For
563 428 93 24 AtiataOri,
782 428 60 24 Tauf>o
861 428 72 24 Ifajner.

499 453 96 20 Tuesdays,
605 451 39 19 7.60
652 458 42 15 p.m.

520 471 35 19 For
561 468 93 26 AtiamUrij
661 471 89 19 Waitukei
756 475 34 16 Slid
795 474 66 22 Tatlpo,
866 471 56 20 Tkurn-

499 495 44 20 days
550 496 33 15 and
589 496 102 19 Saturdays,
701 496 38 16 7(30
747 501 43 15 p.m.

521 516 34 16 For
564 517 79 20 Galatea,
652 516 94 22 Tuesdays,
757 515 38 19 7.30
803 520 41 18 p.fti.

522 543 139 17 N.B.—Letters
682 541 103 24 containing
807 541 88 24 anything
916 544 18 16 of

501 565 50 16 value
556 565 62 15 should
625 565 20 16 be
651 565 69 16 banded
733 567 19 15 to
763 566 30 16 the
804 565 104 16 Postmaster
916 567 18 14 to

500 586 21 15 be
529 586 101 20 registered.

521 604 69 19 Letters
596 607 103 21 containihg
705 608 45 22 coin,
760 605 16 19 if
786 607 60 21 posted
856 609 72 14 Unfe'iß

501 628 52 16 tercd.
572 628 35 16 will
625 629 21 16 be
663 629 121 21 eompult-orily
795 628 94 21 registered
900 628 34 16 find

500 649 76 21 charged
582 647 63 19 double
651 651 111 19 registration
770 652 34 14 fee.

522 666 36 20 'fbe
566 668 141 24 Becfiiving-boi
716 673 18 14 at
741 670 30 17 Mr
779 669 72 19 "Wake's
863 671 43 21 shop
920 671 15 16 is

499 691 66 17 cleared
574 692 46 21 daily
629 695 19 14 at
661 693 9 15 5
678 698 49 15 p.m.,
736 695 63 18 except
806 698 21 10 on
846 692 87 22 Sundays.

658 719 25 20 E.
694 717 26 21 1).
732 715 122 28 DANSEY,

774 745 133 20 Postmaster.

689 823 60 23 THE

524 887 76 38 't.OT
616 891 103 34 LAKES
731 889 204 35 CHRONICLE'

586 964 54 16 VlLl
653 966 26 14 BE
693 966 115 14 PUBLISHED
821 964 27 16 Off

514 1018 207 23 pfTEDNESDAY
749 1016 186 22 AFTERNOONS

519 1049 8 14 T
536 1047 11 15 T
620 1050 46 13 TILL
675 1048 96 16 ITHl'llElt
781 1051 78 14 NOTICE.

503 1150 146 26 Subscript]'oil
661 1152 22 17 2b
694 1151 25 18 Gd
729 1157 37 19 per
775 1152 82 24 qunrfer
867 1149 21 20 in
905 1150 26 19 od

568 1180 64 16 Vance
639 1176 4 23 j
659 1177 27 19 Gd
694 1179 58 17 efcttn
761 1177 17 19 if
788 1176 84 19 booked.

527 1278 75 22 Casual
612 1281 168 19 advertisements
791 1282 22 18 3s
821 1284 37 22 pet
867 1280 53 19 inch.

543 1382 174 22 Advertisements
724 1387 55 17 must
788 1383 25 20 be
823 1386 45 18 sent
877 1382 21 21 in
907 1383 28 26 by

594 1426 53 13 noon
658 1426 26 13 on
693 1419 148 25 Wednesdays.

556 1489 62 43 11.
674 1485 200 51 KOHN,

502 1547 254 22 manufacturing
774 1549 159 24 jeweller,

613 1584 90 25 Queen
728 1583 92 30 Street,

655 1623 123 19 Auckland.

500 1681 44 14 and
567 1676 29 22 B.
611 1674 172 24 PETERSON
797 1675 21 22 &
834 1672 48 31 Co.,

612 1713 77 20 lIIGH
709 1714 111 24 STREET,

636 1757 168 19 CIIRISTCIIUKCH.

526 1818 45 21 The
580 1818 77 27 largest
674 1820 40 18 and
732 1822 53 17 most
800 1819 63 20 select,
881 1819 55 20 stock

500 1846 21 19 of
531 1846 104 25 jewellery
647 1846 54 24 kept.

501 1901 165 44 WANTED
668 1903 132 24 —Washing
819 1904 16 17 &
851 1902 87 26 Ironing

570 1929 28 25 by
607 1928 134 25 experienced
750 1929 106 19 laundress
864 1928 4 26 ;
884 1930 21 18 Is
913 1929 24 18 6d

501 1963 12 12 a
525 1954 150 21 doeen.—Mrs
684 1954 111 20 Chapman.

593 2012 28 32 J.
642 2011 28 33 F.
691 2010 162 39 PEATSCN,

628 2054 171 24 FROITEKIR,

527 2089 60 21 Nest
597 2090 101 20 Padaitr's
708 2090 59 25 shop,
780 2090 131 22 Ohiiemutu,

503 2123 44 19 Has
557 2123 73 20 always
644 2129 9 12 a
666 2128 19 16 k<
694 2121 24 19 od
741 2121 74 25 supply
835 2121 21 19 of
875 2120 63 20 Fresh

574 2147 66 25 Fruit,
652 2147 50 19 both
715 2147 49 20 local
776 2149 37 17 and
825 2150 24 16 im-

631 2174 72 25 ported
715 2180 25 12 on
752 2173 58 20 hand.

696 2201 58 18 Also

504 2227 18 19 A
531 2225 147 21 -well-Besotted
691 2226 57 19 'tock
757 2226 21 20 of
785 2225 97 24 Biscuits,
889 2225 36 20 Con-

544 2253 111 25 fectionery
668 2252 39 20 and
719 2253 90 19 Summer
820 2252 85 24 Drinks,

583 2279 27 19 all
619 2281 20 17 at
651 2284 120 14 MODERATE
781 2284 84 14 PRICES.

627 2446 68 20 SIGN
698 2445 123 24 WRITER,

510 2594 294 45 Ehrenfried
820 2591 122 47 Bros

650 2672 149 25 BREWERS,

588 2715 111 20 ALBERT
715 2712 149 27 BREWERY,

533 2758 97 21 QUEEN
640 2756 112 24 STEEET,
767 2756 158 21 AUCKLAND

530 2819 71 19 WINE
613 2818 51 18 AND
676 2817 81 18 SPIRIT
768 2816 154 22 MERCHANTS,

552 2845 124 19 BOTTLERS
687 2846 53 16 AND
757 2845 144 21 IMPORTERS,

595 2875 28 19 43,
639 2876 134 15 QOEEN-fTBEET
788 2876 63 14 VjlAli
852 2875 1 19 -
854 2875 4 19 .

603 2924 52 13 I'BIZk
667 2925 60 12 Medal
739 2926 35 11 *kd
785 2925 71 12 AWAltna

511 2953 24 16 At
544 2952 30 17 the
589 2952 92 20 following
698 2951 112 16 Exhibitions
825 2951 27 15 for
859 2956 32 11 our
898 2951 36 15 well-

606 2973 63 16 known
686 2972 46 17 Bulk
740 2972 33 16 and
781 2971 69 17 Bottled

625 2996 49 19 ALE
685 2996 51 19 AND
748 2996 86 19 STOUT:

511 3030 70 20 Sydney
590 3029 127 16 International
726 3027 108 19 Exhibition,
845 3028 47 17 1879.

511 3051 105 16 Melbourne
625 3050 127 16 International
759 3049 108 19 Exhibition,
876 3050 66 15 1880-81

512 3073 42 15 New
562 3071 75 17 Zealand
646 3071 95 16 Industrial
746 3070 108 20 Exhibition,
859 3069 73 22 Welling-

555 3096 36 16 ton,
602 3093 48 16 1885.

513 3115 44 16 New
576 3113 77 17 Zealand
668 3114 34 16 rud
715 3114 54 16 South
782 3113 41 16 Seat
838 3113 104 16 Exhibition.

555 3135 88 18 Dnr.edin.
655 3136 79 15 18H!»-90.

512 3158 21 15 In
543 3157 77 16 addition
628 3158 19 15 to
658 3157 54 15 above
721 3157 43 15 have
781 3156 42 16 been
838 3155 80 17 awarded
929 3156 13 16 at

554 3178 106 16 Tasmanian
695 3177 109 20 Exhibition,
832 3177 110 20 Launceston,

557 3199 78 16 1891-92.

601 3225 58 16 FIVE
671 3224 71 17 FIRST
759 3224 104 17 AWARDS

714 3255 34 12 fob

519 3278 68 17 BULK
599 3278 113 17 BOTTLED
725 3278 60 16 ALES
802 3275 52 18 AND
872 3274 70 19 STCUT

707 3307 48 20 Also,

602 3337 252 33 CHAMPIONSHIP

545 3384 66 23 Gold
623 3384 87 23 Medal
720 3384 29 23 of
758 3382 165 25 Australasia

621 3419 73 11 AGAINST
705 3418 99 12 ALLCOMERS
814 3418 34 11 FOR

518 3440 91 25 BULK
622 3441 71 23 AND
710 3440 146 24 BOTTLED
876 3441 65 23 ALE

607 3506 75 21 Havirg
690 3511 10 10 a
714 3504 57 22 Large
779 3506 52 15 Stock
839 3506 18 16 of

627 3534 50 17 ALE
688 3535 52 16 AND
752 3534 83 22 STOUT,

516 3567 73 16 Bottled
597 3566 17 16 in
622 3568 52 19 quart
684 3567 35 15 and
734 3567 39 20 pint
785 3567 68 19 bottles,
868 3567 74 21 specially

519 3588 69 16 brewed
595 3588 28 16 for
631 3588 30 16 the
668 3593 76 11 summer
752 3588 53 19 trade,
814 3587 56 17 which
878 3592 28 12 are
912 3593 30 11 now

518 3608 106 22 thoroughly
633 3610 85 19 matured,
731 3614 32 11 can
776 3608 44 17 with
834 3614 50 16 every
896 3610 39 16 confi-

519 3630 53 16 dence
584 3631 107 16 recommend
707 3634 46 13 same
768 3631 17 15 to
799 3634 118 13 crmiroietcurs
932 3636 10 11 ae

519 3651 62 17 second
590 3653 17 14 to
615 3656 45 12 none
668 3652 18 16 in
696 3652 29 16 the
733 3651 71 22 Colony.

555 3713 156 23 ROTORUA
723 3713 185 25 TOWNSHIP.

582 3764 133 20 SECTIONS
727 3764 55 20 FOR
794 3765 94 20 LEASE.

519 3837 44 25 JD
594 3843 131 19 sub-divided
750 3842 42 19 into
813 3843 85 18 sections
919 3844 23 19 foi

518 3869 53 19 lease
582 3869 31 19 for
621 3871 25 17 94
658 3875 65 19 years.
750 3868 86 20 Rentals
851 3868 54 19 fixed
920 3869 22 19 foi

518 3895 35 19 tho
574 3895 66 20 -whole
664 3894 77 26 period.
780 3894 57 20 Well
856 3894 86 19 situated,

519 3921 58 25 large
587 3921 92 23 sections,
692 3921 41 19 and
747 3920 88 20 suitable
850 3920 32 19 for
896 3920 37 19 busi-

519 3952 46 13 ness
579 3953 22 12 or
609 3946 104 19 residence
727 3947 48 18 sites
791 3946 50 20 with
860 3946 82 26 splendic

519 3972 62 19 views
592 3973 40 18 and
644 3972 52 25 good
706 3973 93 25 position.
814 3972 40 19 For
863 3973 70 25 particu-

519 3998 40 19 lars
571 3998 63 25 apply

705 4024 21 18 F.
740 4024 22 18 B.
774 4024 84 21 SCOTT,

815 4047 90 17 Rotorua.

585 4075 21 12 or
613 4068 133 19 WYNYARD
755 4071 15 16 &
778 4069 127 22 PURCHAS,

542 4097 77 23 Temple
628 4096 108 22 Chambers,
743 4097 53 23 Higli
802 4097 35 21 St.,
847 4097 95 18 Auckland

1106 119 136 24 COfrCEHT,

1027 197 27 22 to
1073 199 61 27 given
1152 201 28 24 by
1199 200 35 20 the
1256 199 101 21 tosidetitg
1373 199 21 20 of

957 223 100 27 Rotcr&a,
1071 230 22 16 to
1111 226 36 20 the
1165 227 136 19 Bandmaster
1318 227 23 19 of
1359 226 35 20 the

957 247 76 25 Native
1044 253 62 19 Bi-tts!!
1115 251 65 26 Band,
1200 251 22 21 la
1245 253 35 19 the
1298 251 96 21 Puiei-ofi

957 274 58 28 Hall,
1040 283 27 15 on
1088 276 133 24 Wcdnenday
1242 277 49 22 27th
1315 275 77 27 March,

958 303 58 20 1800,

1028 333 125 26 Adtaission,
1166 334 27 25 <3s,
1205 337 22 17 2s
1237 334 40 19 and
1289 333 28 20 Is,

1100 364 90 22 JAMES
1202 363 110 26 foUNRO,

1198 389 141 25 Bandmaster,

1126 417 93 20 Botorua
1228 418 63 19 Biass
1300 416 67 21 Bond.

1111 701 58 23 ASK
1184 701 56 22 TOR

960 752 432 49 HANCOCKS'

1082 825 185 23 CELEBRATED

1136 877 88 35 xxxx

1068 936 214 54 ALES,

1088 1004 59 14 MADE
1155 1005 56 13 FROM
1220 1004 41 14 THE

962 1046 117 36 FINEST
1104 1046 89 36 MALT
1214 1046 64 35 AND
1295 1045 97 38 HOPS,

997 1142 54 15 ITIEE
1063 1143 56 14 FROM
1131 1143 40 13 ALL
1184 1140 127 15 ANTISEPTICS
1325 1140 25 15 Oil

1063 1180 141 13 DELETERIOUS
1221 1180 64 13 ACIDS.

961 1238 141 36 CAPTAIN
1124 1239 83 35 COOK
1225 1241 168 39 BREWERY,

1061 1299 196 22 NEWMARKET.

995 3775 40 18 The
1042 3775 66 23 public
1122 3774 40 19 will
1178 3776 62 22 please
1255 3777 45 17 note
1317 3777 42 18 that
1374 3778 33 17 the

973 3799 45 17 mail
1027 3799 69 17 service
1104 3798 118 19 notification
1229 3800 17 17 is
1253 3800 73 18 altered
1333 3801 20 17 in
1369 3801 38 17 this

972 3822 55 17 issue.

973 3855 12 9 *
996 3856 39 16 The
1044 3856 46 17 Rev.
1099 3856 21 17 F.
1139 3857 25 17 H.
1179 3856 97 23 Spencea's
1293 3857 115 23 resignation

973 3878 34 17 has
1015 3878 48 17 been
1075 3879 90 23 accopted
1180 3879 26 23 by
1219 3880 32 17 the
1268 3879 76 24 Bishop.
1377 3881 31 17 Ho

973 3900 62 18 leaves
1044 3902 21 16 at
1072 3902 33 17 the
1113 3902 37 17 end
1158 3903 20 16 of
1192 3903 53 22 April
1258 3904 38 16 and
1310 3904 40 17 will
1362 3909 34 17 pro-

974 3923 44 18 ceed
1027 3925 20 16 to
1057 3924 76 23 Sydney
1141 3926 30 17 for
1179 3932 12 11 a
1198 3926 37 17 few
1243 3926 77 18 months
1324 3927 83 23 holiday.

997 3956 34 18 We
1040 3956 52 18 draw
1100 3958 94 17 attention
1202 3959 20 16 to
1231 3965 24 11 an
1264 3959 145 18 advertisement

974 3980 20 17 in
1003 3980 79 18 another
1091 3980 75 17 column
1174 3982 121 22 announcing
1309 3988 12 11 a
1334 3984 75 17 concert

974 4005 21 16 to
1003 4003 24 17 bo
1034 4003 46 17 held
1087 4003 21 17 in
1115 4003 33 17 the
1157 4003 86 18 Pukeroa
1251 4005 52 20 Hall,
1314 4011 24 11 on
1351 4006 43 17 Wed-

974 4026 72 23 nesday
1065 4027 52 19 next,
1135 4025 32 18 tho
1181 4026 44 17 27th
1241 4026 73 22 March,
1331 4029 30 16 for
1376 4029 33 17 the

974 4049 71 18 benefit
1053 4049 20 18 of
1081 4050 32 17 tho
1122 4048 93 23 Pakipaki
1221 4050 71 17 Native
1304 4050 91 19 Bandmas-

974 4073 35 20 ter,
1019 4072 32 18 Mr
1067 4073 21 17 P.
1107 4072 99 18 Clements.
1239 4072 34 18 We
1292 4074 49 16 trußt
1356 4073 53 18 there

974 4095 40 18 will
1021 4095 24 18 be
1054 4102 11 12 b
1072 4096 54 21 largo
1133 4095 118 18 attendance.

1046 4186 103 40 Ask
1175 4187 72 39 for
1272 4186 270 42 Hancock's
1569 4189 281 42 Celebrated
1873 4192 191 38 XIIX
2088 4191 114 41 Ales
2228 4195 95 37 and
2347 4193 149 39 Stout.

2828 4038 20 17 It
2869 4038 15 17 is
2909 4037 63 18 stated
2996 4037 43 16 that
3063 4036 33 16 the
3121 4036 98 22 expatriate

2804 4060 144 24 thoroughbred
2956 4060 53 18 horse
3018 4059 79 18 Ciu-bino
3106 4059 34 17 lias
3148 4059 47 17 been
3209 4060 10 16 ii

2805 4084 55 18 saved
2869 4085 29 17 for
2907 4083 79 21 £IO,OOO
2994 4083 27 21 by
3028 4082 29 17 liis
3065 4087 43 12 now
3121 4088 68 16 owner,
3205 4084 14 16 ti

2804 4107 55 17 Duke
2868 4107 20 17 of
2895 4106 98 18 Portland.
