2510 4029
1910 2508 43 23 We
1964 2516 38 15 are
2014 2507 74 31 happy
2100 2511 21 19 to
2133 2506 62 29 hear,
2216 2506 47 24 that
2282 2506 96 24 Messrs.
2392 2506 66 24 Price

1876 2542 44 23 and
1933 2541 93 23 Wood's
2037 2541 94 23 stations
2145 2545 24 18 at
2178 2540 94 28 Peraki,
2281 2540 57 24 have
2350 2540 105 31 captured

1877 2577 31 21 26
1921 2574 91 29 whales,
2024 2574 72 23 which
2108 2578 23 19 at
2143 2573 37 23 the
2192 2578 48 18 rate
2258 2574 25 23 of
2300 2574 36 23 six
2356 2579 52 18 tuns
2420 2581 38 23 per

1876 2608 79 29 whale,
1968 2608 45 23 will
2025 2607 59 31 yield
2105 2608 47 23 156
2165 2611 52 19 tuns
2230 2607 24 23 of
2270 2607 38 29 oil,
2328 2615 13 15 a
2353 2615 53 22 very
2418 2607 40 23 fair

1877 2642 111 31 quantity,
2002 2640 143 30 considering
2162 2640 37 23 the
2212 2647 80 16 season
2310 2641 20 22 is
2348 2640 54 31 only
2413 2639 47 24 half

1878 2683 60 21 over,
1951 2674 44 24 and
2006 2675 93 22 without
2118 2674 142 30 mentioning
2270 2673 39 23 the
2321 2673 136 23 whalebone.

1877 2709 23 23 A
1912 2708 78 23 Dutch
2004 2708 42 23 and
2060 2707 90 24 Hobart
2167 2707 72 23 Town
2258 2706 83 24 whaler
2362 2714 58 16 were
2438 2711 21 18 at

1877 2742 94 23 Akaroa
1997 2741 43 23 full
2060 2740 71 31 ships,
2150 2740 44 24 and
2219 2748 29 15 an
2274 2741 124 22 American
2418 2739 42 23 and

1879 2775 89 23 French
1980 2774 77 30 nearly
2069 2774 50 28 full,
2131 2774 64 23 when
2208 2773 38 23 the
2261 2772 103 25 Victoria
2376 2773 49 24 left.

1913 2836 93 24 Birth.
2008 2847 32 5 —
2042 2835 33 23 At
2103 2834 113 24 Lambton
2241 2833 104 28 Terrace,
2375 2841 29 15 on
2426 2832 35 24 the

1880 2870 58 23 20th
1950 2872 92 26 instant,
2062 2868 38 23 the
2111 2868 51 23 wife
2174 2867 25 23 of
2214 2866 101 25 Thomas
2329 2866 68 29 Reid,
2411 2866 26 23 of
2450 2874 11 15 a

1880 2903 118 30 daughter.

1937 2958 196 25 ENGLISH
2164 2957 247 24 EXTRACTS.

1285 290 35 24 Of
1329 290 30 23 all
1371 290 38 23 the
1421 288 87 24 British
1528 288 143 31 possessions
1687 287 19 22 it
1717 292 75 17 seems
1811 289 24 18 to

1253 332 34 20 us,
1300 323 49 24 that
1359 323 63 23 there
1433 323 20 22 is
1464 329 60 16 none
1534 322 25 22 in
1568 320 76 24 which
1654 328 14 15 a
1680 317 155 25 considerable

1253 357 98 30 military
1360 356 63 23 force
1440 356 21 22 is
1472 362 62 16 more
1553 354 108 30 requisite
1673 358 23 18 to
1710 352 39 23 the
1760 351 75 23 main-

1255 394 91 19 tenance
1357 388 26 24 of
1392 387 64 24 order
1464 387 45 23 and
1520 391 22 19 to
1552 391 74 19 create
1638 394 13 14 a
1658 392 66 16 sense
1733 384 26 24 of
1769 391 65 16 secu-

1254 424 52 29 rity,
1317 421 54 24 than
1383 422 25 22 in
1423 420 57 24 New
1492 419 108 24 Zealand.
1636 418 51 23 The
1703 417 97 32 position
1813 416 26 23 of

1255 464 17 19 a.
1278 454 66 24 small
1359 453 62 32 body
1432 453 24 23 of
1472 452 97 24 Settlers
1580 450 120 32 composed
1720 450 82 30 chiefly
1813 449 27 23 of

1255 487 172 32 agriculturists,
1445 486 44 23 and
1501 486 106 26 artizans,
1625 492 54 15 men
1689 482 145 24 accustomed

1255 526 22 19 to
1299 520 38 24 the
1354 519 152 32 ploughshare
1527 518 45 23 and
1588 516 183 33 pruning-hook,
1792 514 45 24 and

1255 555 103 31 ignorant
1376 552 26 23 of
1422 552 37 23 the
1482 556 35 19 art
1536 551 25 23 of
1578 549 155 28 self-defence,
1752 549 24 23 in
1798 547 38 24 the

1256 587 66 23 midst
1345 586 24 23 of
1395 593 15 15 a
1430 586 78 22 nation
1536 584 24 23 of
1585 582 122 24 untutored
1732 589 103 23 savages,

1255 620 96 24 hitherto
1373 618 117 23 notorious
1510 617 81 30 chiefly
1608 616 37 23 for
1663 615 39 23 the
1720 615 117 23 excessive

1255 653 91 30 ferocity
1359 652 26 23 of
1402 651 59 23 their
1472 650 154 31 dispositions,
1639 648 73 24 would
1731 655 62 16 Beem
1813 652 23 18 to

1256 686 42 23 call
1309 686 34 23 for
1353 692 64 16 more
1426 684 115 23 extensive
1553 682 123 32 protective
1693 681 142 23 institutions

1256 720 23 22 in
1290 718 129 31 proportion
1429 721 23 19 to
1472 716 114 28 numbers,
1600 715 55 23 than
1675 715 20 22 is
1715 721 122 23 necessary

1256 753 23 22 in
1290 759 44 23 any
1345 751 65 23 other
1421 754 50 27 part
1482 750 24 23 of
1515 749 39 23 the
1564 747 89 25 British
1665 747 135 23 dominions.

1288 784 51 24 The
1350 791 80 24 proper
1442 784 74 30 object
1528 782 25 23 of
1562 782 30 23 all
1605 789 44 16 war
1659 782 21 22 is
1691 787 68 24 peace
1768 789 6 19 ;
1788 780 18 23 it
1816 780 21 23 is

1256 822 38 19 riot
1306 817 34 24 for
1351 824 110 24 purposes
1473 816 25 24 of
1507 822 128 24 vengeance
1647 822 25 15 or
1683 813 72 31 glory,
1767 811 38 32 (as
1816 813 20 23 it

1255 852 20 22 is
1294 850 127 31 commonly
1439 848 96 32 termed)
1548 848 49 23 that
1614 847 52 32 just
1678 855 24 14 or
1720 847 54 22 wise
1787 846 50 23 Go-

1256 888 127 19 vernments
1395 883 45 23 will
1449 882 92 32 provide
1552 881 99 30 military
1662 880 72 23 forces
1744 889 7 19 ;
1764 880 42 22 but
1814 883 23 19 to

1256 925 77 15 secure
1346 916 120 24 obedience
1485 920 22 19 to
1520 914 38 25 the
1576 914 52 28 law,
1649 921 28 15 on
1689 913 37 22 the
1746 917 53 27 part
1814 912 26 23 of

1256 950 64 23 those
1331 949 49 24 who
1392 949 46 23 will
1448 949 68 23 listen
1526 947 88 24 neither
1626 951 23 18 to
1661 946 37 23 the
1710 946 95 23 dictates
1814 945 26 23 of

1256 991 79 16 reason
1345 991 24 14 or
1385 982 92 32 justice,
1489 981 41 24 and
1544 980 75 23 whose
1632 980 85 23 actions
1734 979 104 22 threaten

1257 1021 21 18 to
1290 1016 86 23 disturb
1390 1023 26 15 or
1425 1015 74 30 injure
1512 1014 38 23 the
1562 1012 92 32 general
1665 1012 97 23 welfare.
1791 1012 48 22 For

1256 1057 28 16 no
1303 1049 63 23 other
1390 1048 73 31 object
1482 1047 56 22 than
1560 1045 92 32 general
1673 1045 106 30 security,
1800 1052 38 15 are

1257 1082 166 23 Governments
1437 1080 102 31 justified
1552 1080 24 22 in
1587 1079 117 29 incurring
1715 1078 38 23 the
1766 1078 73 29 heavy

1256 1122 97 24 expense
1365 1115 26 22 of
1406 1122 13 15 a
1431 1113 106 30 standing
1548 1120 64 22 army
1619 1120 7 20 ;
1650 1111 44 23 and
1705 1111 66 23 when
1783 1110 56 24 such

1256 1156 13 15 a
1280 1148 59 31 body
1350 1149 21 22 is
1391 1147 56 30 kept
1464 1154 29 15 on
1504 1146 55 28 foot,
1578 1145 39 23 the
1630 1152 50 15 care
1692 1144 24 23 of
1733 1144 103 23 Govern-

1256 1186 62 19 ment
1329 1181 71 31 ought
1412 1186 21 18 to
1445 1180 28 23 be
1481 1178 114 25 exeicised
1605 1179 24 21 in
1641 1177 116 31 disposing
1767 1177 24 23 of
1801 1177 38 23 the

1256 1215 72 23 forces
1347 1219 22 19 at
1388 1215 30 22 its
1430 1212 125 28 command,
1573 1212 24 22 in
1609 1211 56 23 such
1684 1219 13 14 a
1708 1217 94 17 manner
1813 1217 26 16 as

1256 1253 59 18 most
1325 1252 23 19 to
1360 1247 128 24 contribute
1498 1250 21 19 to
1528 1245 37 23 the
1575 1245 75 31 object
1658 1244 35 23 for
1700 1243 73 24 which
1786 1243 53 31 they

1258 1288 55 15 were
1325 1280 127 23 instituted.

1289 1314 63 23 With
1365 1314 46 23 this
1423 1314 63 27 view,
1499 1320 33 15 we
1545 1316 81 19 cannot
1643 1310 52 32 help
1713 1310 125 31 repeating,

1257 1348 59 22 what
1327 1355 32 15 we
1367 1347 58 23 have
1436 1346 45 23 had
1493 1346 103 22 occasion
1608 1349 23 18 to
1644 1352 40 22 say
1693 1344 85 28 before,
1791 1343 49 23 that

1258 1381 36 22 the
1317 1380 88 24 British
1428 1379 163 27 Government,
1612 1377 42 23 has
1674 1377 57 23 been
1752 1376 88 31 greatly

1257 1414 115 30 negligent
1391 1414 24 22 in
1432 1413 90 29 leaving
1539 1412 46 23 this
1599 1410 87 31 Colony
1698 1411 23 22 in
1739 1410 39 23 the
1796 1417 44 16 un-

1257 1447 114 31 protected
1383 1450 66 24 state,
1461 1447 24 21 in
1495 1445 73 23 which
1579 1445 18 22 it
1609 1444 42 23 has
1661 1444 58 23 been
1730 1443 60 23 from
1802 1443 38 23 the

1258 1483 191 20 commencement
1457 1488 5 20 ;
1483 1487 29 14 no
1528 1482 50 27 part
1590 1477 26 23 of
1632 1477 38 24 the
1690 1476 88 24 British
1799 1476 41 23 do-

1258 1514 96 22 minions
1371 1513 42 22 has
1432 1511 64 24 stood
1513 1519 61 15 more
1592 1511 24 23 in
1634 1511 57 23 need
1703 1510 24 23 of
1741 1509 100 30 military

1257 1547 133 30 protection,
1403 1553 58 15 none
1473 1545 41 23 has
1527 1544 44 23 had
1581 1544 47 23 less
1641 1544 24 23 of
1675 1545 24 22 it.

1291 1580 50 23 The
1353 1579 110 23 amicable
1482 1583 86 26 temper
1580 1577 74 23 which
1666 1584 44 16 was
1723 1575 117 32 displayed

1257 1614 29 31 by
1307 1613 37 23 the
1362 1612 97 24 Natives
1480 1612 22 22 in
1522 1611 40 23 the
1574 1610 62 30 early
1656 1609 77 32 period
1753 1609 26 23 of
1803 1609 37 22 the

1258 1647 151 23 colonization-
1420 1645 25 23 of
1459 1645 64 23 these
1544 1643 93 28 islands,
1650 1643 72 30 might
1742 1650 62 15 seem
1818 1647 22 17 to

1258 1680 71 23 afford
1341 1687 62 15 some
1415 1685 81 17 excuse
1508 1678 35 22 for
1556 1677 44 23 this
1613 1676 88 30 neglect
1713 1685 5 19 ;
1739 1676 41 22 but
1792 1675 48 22 who

1259 1713 48 23 that
1317 1714 21 22 is
1350 1711 133 32 acquainted
1495 1711 53 23 with
1567 1709 38 24 the
1617 1709 74 24 subtle
1703 1709 43 23 and
1759 1708 81 31 decep-

1259 1748 44 22 tive
1315 1750 80 19 nature
1408 1744 24 24 of
1448 1744 37 23 the
1505 1751 90 23 savage,
1609 1742 55 23 with
1682 1742 35 23 his
1729 1741 111 24 excitabi-

1259 1781 40 29 lity
1311 1788 27 14 on
1351 1778 70 31 slight
1432 1777 153 32 provocation,
1597 1776 56 23 with
1672 1776 35 22 his
1724 1774 118 31 disregard

1260 1814 24 22 of
1300 1813 29 22 all
1341 1812 75 23 future
1435 1817 173 25 consequences,
1628 1809 44 23 and
1690 1809 36 22 his
1744 1808 64 23 habit
1820 1808 25 23 of

1260 1846 98 31 yielding
1364 1851 22 17 to
1395 1845 37 22 the
1442 1843 156 24 uncontrolled
1607 1843 94 23 dictates
1709 1842 24 23 of
1740 1842 100 30 passion,

1261 1879 71 24 would
1355 1877 103 24 consider
1470 1885 14 16 a
1497 1876 97 30 friendly
1616 1879 191 20 commencement
1820 1875 25 22 of

1261 1914 136 22 intercourse
1411 1911 51 23 with
1475 1910 55 24 such
1552 1918 12 14 a
1576 1917 51 15 race
1640 1916 44 23 any
1698 1909 98 29 security
1807 1908 35 23 for

1260 1947 74 22 future
1348 1952 76 24 peace.

1296 1979 68 24 From
1378 1978 39 23 the
1430 1977 52 23 time
1506 1976 63 24 when
1588 1976 101 31 disputes
1708 1975 53 23 first
1779 1982 64 15 arose

1261 2012 128 30 respecting
1402 2011 37 22 the
1456 2010 61 27 land,
1531 2010 156 21 Government
1706 2012 63 18 must
1786 2007 58 23 have

1261 2045 56 23 been
1338 2052 72 15 aware
1422 2043 49 23 that
1489 2042 38 23 the
1546 2047 107 26 prospect
1671 2041 25 23 of
1710 2040 134 31 aggression

1262 2085 28 16 on
1312 2078 36 23 the
1367 2082 51 26 part
1440 2076 23 23 of
1480 2076 37 22 the
1536 2075 96 23 Natives
1653 2082 45 15 was
1719 2074 68 22 much
1807 2074 37 22 in-

1263 2108 89 26 creased
1361 2120 6 19 ;
1388 2110 44 23 and
1450 2109 112 30 prudence
1581 2108 80 22 should
1681 2108 53 22 then
1753 2111 23 19 at
1788 2106 57 23 least

1263 2144 55 23 have
1337 2143 96 24 dictated
1454 2151 12 14 a
1487 2142 116 30 provision
1624 2141 89 30 against
1731 2140 39 23 the
1792 2140 51 23 evil.

1264 2177 54 24 Had
1342 2177 56 23 such
1421 2176 113 31 provision
1560 2175 56 23 been
1649 2174 52 23 then
1730 2173 115 31 promptly

1263 2211 71 27 made,
1348 2211 37 22 the
1397 2209 71 24 moral
1480 2209 136 30 superiority
1629 2208 25 22 of
1669 2208 36 22 the
1719 2207 125 28 Colonists,

1263 2244 52 23 with
1327 2252 14 14 a
1352 2251 66 16 sense
1428 2242 24 24 of
1468 2242 71 23 which
1552 2242 37 22 the
1602 2242 95 22 Natives
1708 2248 59 15 were
1787 2245 58 18 most

1263 2278 77 30 deeply
1350 2275 132 33 impressed,
1492 2275 72 23 would
1571 2275 56 22 have
1633 2274 57 23 been
1699 2273 146 28 maintained,

1263 2311 44 23 and
1319 2311 52 30 they
1383 2309 75 24 would
1470 2316 24 15 as
1506 2316 54 15 soon
1574 2308 57 22 have
1649 2306 96 31 thought
1757 2307 25 22 of
1797 2306 48 23 lift-

1263 2345 40 29 ing
1315 2344 57 23 their
1383 2343 73 23 hands
1468 2342 90 30 against
1570 2341 58 23 their
1637 2341 70 28 Gods,
1719 2348 25 15 as
1755 2341 90 29 against

1264 2377 37 22 the
1313 2377 66 22 white
1392 2384 60 15 man.

1298 2411 45 22 But
1354 2411 46 22 this
1412 2409 84 30 feeling
1504 2416 46 15 was
1559 2407 97 24 suffered
1665 2412 22 18 to
1699 2414 61 23 grow
1772 2406 73 24 weak.

1264 2444 37 23 No
1313 2444 87 30 display
1414 2442 22 24 of
1447 2449 74 24 power
1533 2449 45 15 was
1589 2441 57 30 kept
1654 2440 75 23 before
1742 2440 39 23 the
1793 2447 53 23 eyes

1264 2477 25 24 of
1303 2477 38 23 the
1353 2477 104 22 Natives.
1494 2475 51 23 The
1566 2475 69 23 dread
1651 2474 25 23 of
1692 2481 39 15 our
1744 2474 103 30 superior

1265 2510 150 31 intelligence,
1428 2508 44 24 and
1483 2509 24 22 of
1522 2508 38 23 the
1571 2508 85 23 hidden
1667 2507 60 22 force
1740 2506 26 23 of
1774 2506 73 23 which

1265 2544 52 30 they
1328 2542 115 31 imagined
1461 2549 28 15 us
1509 2540 128 32 possessed,
1650 2539 113 31 naturally
1775 2539 72 24 dwin-

1265 2577 51 23 dled
1327 2583 71 23 away,
1411 2575 43 23 and
1473 2579 23 19 at
1515 2574 45 23 last
1577 2574 53 31 they
1649 2573 110 23 ventured
1777 2577 23 18 to
1810 2573 37 23 in-

1266 2610 65 31 dulge
1343 2611 23 21 in
1379 2609 39 22 the
1432 2607 89 24 natural
1539 2608 97 30 ferocity
1654 2607 25 23 of
1693 2607 59 23 their
1771 2606 76 32 dispo-

1265 2644 75 27 sition,
1353 2642 45 23 and
1409 2645 42 27 put
1462 2649 40 16 our
1515 2641 136 30 superiority
1663 2645 22 18 to
1697 2640 38 23 the
1748 2644 52 19 test.

1305 3870 76 24 There
1393 3875 68 17 never
1480 3875 46 16 was
1546 3874 44 23 any
1608 3867 70 23 fairer
1696 3869 158 28 arrangement

1272 3903 64 25 made
1348 3902 35 24 for
1402 3901 129 31 aborigines
1550 3900 75 24 whose
1644 3900 64 24 lands
1729 3898 32 35 (if
1783 3899 71 24 theirs

1276 3937 53 30 they
1339 3935 73 31 might
1423 3935 28 23 be
1463 3932 83 32 called)
1565 3941 57 17 were
1644 3937 21 19 to
1687 3933 28 24 be
1733 3931 121 26 reclaimed

1299 2676 35 23 To
1346 2675 37 23 the
1395 2675 129 23 immediate
1544 2673 72 23 result
1633 2681 34 16 we
1687 2673 57 23 need
1755 2677 41 19 not
1807 2673 41 25 ad-

1266 2714 56 19 vert.
1357 2710 48 22 But
1418 2716 40 15 one
1471 2715 153 23 consequence
1637 2707 24 23 of
1675 2706 37 23 the
1724 2707 45 23 late
1783 2706 65 23 Mas-

1267 2751 61 15 sacre
1340 2746 62 19 must
1414 2746 38 19 not
1470 2741 28 24 be
1510 2740 144 24 overlooked.
1690 2739 50 24 The
1753 2740 95 22 Natives

1266 2777 56 23 have
1334 2783 55 15 seen
1412 2775 37 23 the
1467 2774 66 23 white
1554 2781 52 16 man
1626 2778 51 18 turn
1698 2773 35 23 his
1753 2772 59 23 back
1825 2773 24 22 in

1268 2809 68 24 battle
1345 2818 6 19 ;
1371 2809 45 23 and
1427 2815 65 23 every
1501 2811 105 20 remnant
1618 2807 26 23 of
1653 2815 12 15 a
1676 2806 85 31 feeling
1773 2805 26 23 of
1807 2814 43 15 our

1268 2842 135 31 superiority
1415 2842 40 23 has
1474 2841 80 23 ceased
1572 2845 22 18 to
1614 2840 30 23 be
1661 2839 140 24 entertained
1820 2839 30 31 by

1269 2877 69 22 them.
1364 2875 26 24 If
1399 2875 38 23 the
1447 2875 112 30 necessity
1570 2873 36 23 for
1615 2880 62 16 some
1687 2873 99 30 military
1797 2880 54 23 pro-

1269 2910 81 22 tection
1362 2916 47 16 was
1421 2912 107 27 apparent
1539 2907 77 23 before
1628 2906 45 23 this
1686 2910 74 25 event,
1780 2906 18 23 it
1809 2906 42 23 has

1268 2950 49 16 now
1327 2943 93 23 become
1432 2940 88 24 evident
1531 2945 23 18 to
1573 2948 67 23 every
1652 2947 41 16 one
1705 2939 50 23 that
1771 2946 30 16 no
1813 2946 37 16 se-

1270 2976 71 31 curity
1351 2983 41 16 can
1403 2975 28 23 be
1443 2974 41 23 felt
1494 2974 24 23 in
1530 2974 45 23 this
1588 2973 81 31 colony
1681 2972 34 23 till
1726 2981 13 14 a
1750 2972 102 23 resident

1268 3009 58 31 body
1345 3009 24 23 of
1392 3012 75 26 troops
1487 3007 18 23 is
1525 3006 100 24 afforded
1642 3014 35 21 us,
1697 3006 112 23 sufficient
1828 3010 23 18 to

1270 3042 85 24 control
1366 3049 67 23 every
1445 3044 95 27 attempt
1549 3040 74 23 which
1634 3047 52 23 may
1698 3039 112 23 hereafter
1821 3039 30 22 be

1268 3075 64 24 made
1343 3076 31 30 by
1386 3075 38 23 the
1436 3074 103 24 Natives.
1576 3073 24 23 It
1616 3074 21 22 is
1649 3077 39 19 not
1700 3072 91 31 enough
1802 3072 49 23 that

1269 3117 13 16 a
1292 3109 42 23 few
1345 3108 95 23 soldiers
1458 3106 81 24 should
1559 3106 81 24 defend
1658 3106 38 24 the
1715 3105 92 24 hearths
1828 3105 25 23 of

1269 3141 148 32 Wellington,
1428 3140 95 29 Nelson,
1534 3140 56 24 New
1604 3139 131 32 Plymouth,
1744 3146 25 16 or
1776 3138 74 23 Wan-

1268 3176 83 30 ganui;
1371 3174 54 31 they
1435 3178 63 19 must
1507 3174 29 23 be
1557 3173 119 24 furnished
1693 3173 24 22 in
1737 3171 115 24 sufficient

1269 3209 59 23 force
1339 3213 23 18 to
1374 3212 87 27 protect
1473 3207 38 23 the
1529 3207 105 30 outlying
1654 3206 98 28 settlers,
1766 3204 43 24 and
1828 3209 23 19 to

1270 3242 78 23 enable
1359 3241 38 24 the
1417 3240 176 31 agriculturalist
1613 3244 24 19 to
1651 3246 83 24 pursue
1746 3239 38 22 his
1797 3245 54 16 avo-

1269 3275 84 23 cations
1370 3274 25 23 in
1407 3281 77 25 peace,
1501 3273 94 24 without
1614 3272 38 24 the
1670 3273 89 22 instant
1769 3271 47 23 fear
1829 3270 24 24 of

1270 3308 37 24 the
1317 3306 94 25 musket
1428 3306 24 24 of
1467 3306 38 24 the
1526 3306 83 24 Native
1627 3305 94 24 levelled
1740 3304 60 23 from
1813 3303 38 24 the

1270 3341 115 32 adjoining
1394 3340 79 23 forest.

1301 3374 129 23 Whenever
1442 3373 38 23 the
1490 3372 67 24 Land
1564 3371 151 24 Commission
1726 3369 60 24 shall
1793 3369 58 23 have

1270 3406 97 32 brought
1378 3407 31 22 its
1423 3406 91 22 labours
1532 3409 24 19 to
1572 3413 14 15 a
1604 3404 61 23 close
1688 3402 31 31 (if
1734 3410 53 15 ever
1803 3402 49 23 that

1270 3441 52 24 time
1334 3439 82 24 should
1428 3437 84 32 arrive)
1523 3439 18 22 it
1552 3437 45 23 will
1609 3437 54 23 then
1675 3437 28 23 be
1721 3435 39 24 the
1778 3435 74 31 impe-

1270 3474 69 24 rative
1350 3472 55 31 duty
1423 3472 26 23 of
1463 3471 164 27 Government,
1649 3469 69 31 (from
1738 3468 74 23 which
1833 3468 19 23 it

1270 3515 49 20 can,
1331 3513 32 16 we
1375 3505 107 30 imagine,
1494 3503 47 24 find
1552 3511 29 15 no
1592 3502 104 31 loophole
1708 3506 23 18 to
1748 3500 103 32 escape,)

1270 3545 22 19 to
1310 3539 66 24 insist
1395 3545 61 23 upon
1474 3537 38 23 the
1529 3536 97 24 Natives
1647 3534 114 31 confining
1776 3534 75 23 them-

1271 3573 71 24 selves
1353 3576 24 19 to
1389 3570 59 24 their
1459 3577 50 16 own
1529 3569 79 28 limits,
1628 3568 45 24 and
1690 3567 163 31 surrendering

1272 3604 123 31 absolutely
1405 3604 65 23 those
1479 3602 101 32 portions
1592 3601 25 24 of
1631 3601 53 23 land
1697 3605 22 19 to
1727 3600 75 23 which
1813 3600 39 24 the

1271 3639 82 25 Native
1371 3637 50 23 title
1441 3635 59 24 shall
1517 3635 31 30 by
1563 3635 113 23 whatever
1696 3641 80 16 means
1795 3633 58 24 have

1270 3673 56 23 been
1338 3668 166 32 extinguished.
1540 3668 52 23 The
1603 3668 44 30 day
1658 3667 45 24 will
1712 3674 64 16 come
1786 3666 67 24 when

1271 3706 52 30 they
1331 3708 61 20 must
1402 3706 82 20 retreat
1496 3706 23 19 to
1530 3701 58 24 their
1598 3708 49 16 own
1654 3700 112 29 eleventh;
1775 3700 78 23 unless

1271 3738 79 24 indeed
1361 3736 60 25 their
1432 3735 137 24 civilization
1580 3733 82 24 should
1674 3741 24 16 so
1707 3733 39 24 far.
1753 3733 100 24 advance

1272 3773 22 22 in
1307 3771 37 24 the
1354 3769 122 25 meantime
1488 3776 25 16 so
1526 3775 24 16 as
1562 3772 23 18 to
1597 3767 80 23 enable
1689 3766 61 24 them
1770 3772 23 18 to
1811 3766 42 23 be-

1272 3812 62 16 come
1352 3802 134 32 purchasers
1500 3801 51 29 .and
1571 3808 130 24 possessors
1719 3800 31 31 by
1769 3808 14 15 a
1804 3806 49 17 new

1272 3837 57 25 tittle
1340 3837 25 23 of
1381 3835 64 24 other
1456 3839 63 26 parts
1529 3834 24 23 of
1569 3834 38 23 the
1617 3833 100 25 Islands.

880 130 113 21 SAILED.

664 161 83 25 August
756 161 34 22 21.
802 161 101 18 schooner
915 161 75 21 Ocean,
1000 161 28 17 30
1037 161 59 19 tons.
1107 161 114 21 Ferguson,

641 187 30 21 for
682 187 36 21 the
729 188 67 19 coast.

666 215 82 26 August
758 215 35 24 22,
805 213 99 21 schooner
913 212 54 25 Imp,
976 211 35 20 for
1025 211 36 20 the
1071 210 54 21 East
1136 210 71 21 Coast.

864 256 31 18 IN
910 255 87 19 PORT.

665 286 51 26 Brig
730 286 83 23 Lunar,
825 285 39 20 165
875 285 57 22 tons,
946 283 38 19 W.
993 283 63 19 Ellis.
1084 283 86 19 Rhodes
1184 283 42 19 and

643 314 44 22 Co.,
697 314 91 25 Agents.

666 341 110 21 Schooner
780 340 70 20 Maori
856 339 73 26 Davis,
937 338 27 20 15
971 339 57 24 tons,
1037 335 85 27 Wylde.
1148 335 77 26 Agent,

643 370 18 21 J.
671 368 77 21 Wade.

667 396 51 26 Brig
734 395 86 24 Nelson,
832 394 39 20 153
889 395 56 22 tons,
957 391 116 21 Maclaren.
1101 389 67 21 Waitt
1185 389 45 21 and.

643 424 68 26 Tyser,
727 422 89 26 Agents.

669 450 84 25 Barque
777 449 70 24 Mary,
872 447 40 20 534
935 446 58 24 tons,
1021 445 75 21 Grant.
1138 443 88 26 Agents,

643 477 108 25 Ridgways
762 477 19 18 &
791 475 39 20 Co.

666 504 84 26 Barque
767 504 63 24 Tyne,
847 502 42 19 500
908 502 56 23 tons,
982 499 128 21 Robertson.
1139 498 87 26 Agents,

643 531 67 20 Willis
720 530 43 21 and
773 530 39 21 Co.

671 559 80 25 Barque
761 556 126 26 Brougham,
894 556 41 20 227
945 557 57 22 tons,
1012 553 127 20 Robertson.
1150 552 76 25 Agent,

643 586 108 20 Boulcott.

668 612 124 26 Brigantine
802 610 116 26 Vanguard,
927 610 26 19 64
962 612 56 21 tons,
1028 606 89 21 Pitford.
1139 606 87 26 Agents,

643 640 65 20 Waitt
718 639 43 20 and
770 639 73 25 Tyser.

669 667 108 20 Schooner
783 666 106 24 Industry,
900 664 27 20 24
935 665 57 22 tons,
1000 662 121 20 Anderson.
1148 660 78 26 Agent,

643 695 20 20 J.
677 694 75 20 Wade.

819 741 117 22 CUSTOM
953 739 112 21 HOUSE.

879 796 112 20 Imports.

671 827 29 21 In
722 831 48 16 the
939 828 63 14 from
1025 820 204 26 London.—Ridg-

643 861 45 19 way
704 854 18 27 if
740 854 43 25 Co.,
793 853 113 25 Agents.—
908 850 25 21 so
951 849 80 20 barrels
1049 848 40 24 ale,
1107 848 27 20 49
1153 848 75 19 trunks

643 881 152 25 merchandize,
807 881 11 19 8
828 880 63 19 boxes
901 878 43 24 do.,
956 878 11 19 5
979 876 61 21 casks
1047 876 117 23 hardware,
1171 876 13 19 3
1193 875 35 20 do.

643 911 74 24 lamps,
726 909 27 20 23
759 908 51 25 kegs
820 906 60 24 nails,
889 906 12 19 2
912 911 57 14 cases
979 910 62 20 guns,
1051 904 12 19 5
1075 902 76 21 trunks
1158 902 70 26 shoes,

644 939 26 19 24
680 937 91 23 cheeses,
784 935 39 19 100
833 933 73 21 firkins
916 932 77 23 butter,
1004 932 39 19 150
1052 930 16 24 i
1077 930 79 19 barrels
1164 930 64 26 pork,

645 967 12 18 2
667 970 58 14 cases
734 961 151 25 merchandize,
892 960 40 20 117
939 959 61 20 casks
1008 958 39 26 ale,
1056 958 40 19 140
1106 957 35 20 do.
1148 960 79 24 porter,

644 993 26 19 35
680 996 48 16 case
737 990 62 23 wine,
810 989 12 19 6
832 989 83 25 quarter
924 986 62 20 casks
995 985 88 26 brandy,
1092 984 14 20 4
1116 984 62 20 bids,
1187 985 42 20 arid

644 1020 12 19 5
672 1017 79 21 barrels
769 1022 54 18 rum,
831 1016 14 19 3
863 1015 34 19 do.
907 1013 88 25 brandy,
1008 1013 16 19 tf
1040 1012 35 19 do.
1093 1011 92 24 Geneva,
1201 1013 27 20 25

644 1046 60 21 casks
714 1043 97 23 oatmeal,
819 1042 25 20 10
853 1041 60 21 casks
922 1040 29 20 oil
957 1040 41 19 and
1006 1038 129 26 turpentine,
1146 1039 14 19 3
1167 1040 62 19 casks

643 1073 76 25 paints,
732 1071 40 20 100
788 1070 62 20 boxes
866 1067 91 23 candles,
969 1067 40 19 310
1027 1066 79 20 barrels
1116 1066 61 24 flour,
1188 1067 40 20 240

645 1101 62 22 deals,
721 1098 40 20 100
776 1096 88 20 bundles
879 1094 113 23 lathwood,
1011 1093 91 24 173,700
1119 1094 71 24 slates,
1202 1095 26 19 20

645 1125 185 26 chimney-pieces,
838 1124 28 19 40
877 1121 93 23 hearths,
981 1122 13 19 2
1004 1120 60 21 casks
1073 1120 64 26 glass,
1149 1121 12 20 9
1169 1122 60 20 casks

643 1155 41 20 and
701 1154 59 20 three
776 1153 67 19 crates
859 1149 146 23 earthenware,
1026 1148 14 20 3
1058 1147 111 27 packages,
1188 1150 40 20 250

643 1183 67 22 hams,
718 1181 111 24 Ridgways
835 1178 17 25 8f
864 1178 63 20 Co.—
928 1177 12 19 2
950 1175 102 26 packages
1060 1175 69 26 skoes,
1137 1177 92 19 Rout.—

644 1212 13 18 2
667 1214 57 15 cases
741 1205 152 24 merchandize,
906 1205 93 19 Brewer.
1000 1214 28 4 —
1029 1203 13 19 2
1052 1208 59 14 cases
1120 1204 109 20 merchan-

645 1238 52 23 dize,
707 1236 27 19 37
744 1234 101 27 packages
856 1233 42 23 do.,
908 1233 14 19 3
931 1231 90 20 bundles
1030 1231 45 24 do.,
1088 1231 11 18 1
1111 1231 40 19 box
1162 1231 41 26 do.,
1216 1233 12 19 7

644 1264 102 27 packages
753 1262 42 24 do.,
804 1262 26 19 A.
837 1261 24 20 J.
868 1259 103 25 Holroyd.
972 1268 28 5 —
1002 1259 10 19 1
1021 1264 47 14 case
1075 1259 153 24 merchandize,

644 1291 139 21 Fitzherbert.
785 1300 27 4 —
814 1290 10 19 1
842 1288 59 20 chest
916 1285 153 23 merchandize,
1082 1285 11 19 1
1110 1286 41 20 box
1162 1286 42 24 do.,
1217 1287 11 19 1

644 1325 46 14 case
701 1318 43 23 do.,
756 1318 11 19 1
784 1316 70 26 parcel
870 1314 73 25 books,
956 1311 14 21 1
990 1319 47 13 case
1052 1313 152 24 merchandize,
1216 1315 11 19 1

645 1346 49 21 cask
710 1351 55 17 rum,
776 1344 13 20 3
799 1343 59 20 casks
875 1342 60 23 •wine,
945 1342 32 18 As
985 1340 127 21 Addressed.
1114 1352 26 3 —
1141 1342 13 18 2
1170 1342 59 19 casks

645 1372 153 24 merchandize,
810 1372 23 19 10
844 1370 61 20 bids,
915 1369 56 22 beer,
983 1368 12 19 2
1009 1367 60 20 casks
1080 1368 78 25 spirits,
1171 1368 12 20 7
1193 1369 35 20 do.

644 1402 60 24 wine,
717 1400 75 20 Order.
823 1398 40 20 For
872 1396 117 21 Nelson.—
991 1395 11 19 l
1013 1395 46 20 bale
1068 1395 66 25 linen,
1148 1396 80 21 Thorns.

673 1429 11 19 2
696 1433 56 15 cases
769 1427 12 20 6
790 1426 55 20 bales
861 1430 71 20 paper,
944 1423 11 19 1
967 1422 49 20 cask
1033 1422 75 26 lamps.
1110 1434 27 3 —
1138 1424 92 25 Empton

646 1456 41 20 and
705 1455 34 20 Co.
740 1464 28 5 —
769 1455 12 19 1
799 1459 45 14 case
861 1457 53 21 guns
933 1450 42 20 and
992 1450 63 24 tools,
1073 1450 114 26 Shepperd.
1188 1462 28 4 —
1218 1452 12 19 9

645 1483 59 21 casks
716 1483 11 19 1
739 1488 47 13 case
801 1478 150 23 merchandize,
962 1478 29 20 D.
1008 1477 74 20 Moore
1092 1478 41 19 and
1153 1479 33 20 Co.
1189 1489 27 4 —
1216 1480 13 19 4

646 1511 59 20 casks
724 1511 13 18 4
757 1514 57 15 eases
829 1506 151 22 merchandize,
1000 1505 94 21 Cottrell.
1096 1516 27 4 —
1126 1506 24 19 10
1168 1506 61 22 hhds.

645 1539 56 23 beer,
720 1538 11 19 1
743 1536 90 27 package
849 1532 151 26 merchandize,
1021 1533 72 20 Ward.
1096 1544 26 4 —
1124 1534 26 19 29
1166 1534 64 25 pack-

646 1572 47 20 ages
708 1563 151 25 merchandize,
870 1562 27 20 A.
915 1562 89 19 Trower.
1007 1570 26 4 —
1037 1560 8 19 1
1058 1561 50 19 cask
1122 1562 107 19 merchan-

647 1594 54 22 dize,
711 1593 11 19 1
734 1598 48 14 case
793 1591 10 19 1
813 1590 41 20 box
863 1590 43 22 do.,
917 1589 12 19 1
946 1588 71 26 parcel
1026 1588 43 24 do.,
1081 1589 11 18 1
1103 1588 42 20 box
1164 1589 41 24 do.,
1218 1589 10 20 1

646 1621 91 26 package
753 1621 63 21 trees,
824 1617 30 20 As
868 1616 123 20 Addressed.
993 1626 28 3 —
1021 1615 26 20 30
1057 1615 103 26 packages
1176 1622 54 14 mer-

647 1648 106 24 chandize,
764 1645 72 21 Order.
865 1644 66 20 Cabin
939 1643 124 24 Passengers
1064 1653 27 4 —
1092 1642 26 20 A.
1127 1643 102 26 Holroyd.

647 1675 70 26 Emily
729 1673 102 26 Holroyd,
841 1672 88 20 Messrs.
939 1671 132 23 Armstrong,
1091 1669 139 27 Stephenson,

647 1703 94 25 Murray,
753 1701 89 26 Rogers,
851 1700 90 23 Trower,
953 1698 82 23 Moore,
1044 1697 27 20 R.
1084 1697 61 26 Hart,
1156 1699 74 20 andG.

648 1730 61 20 Hart.
739 1729 56 20 Four
810 1726 149 24 intermediate,
978 1725 41 20 and
1036 1725 24 19 14
1077 1731 121 20 passengers
1207 1727 24 19 in

647 1758 35 20 the
693 1759 99 23 steerage.

675 1785 28 20 In
713 1789 48 14 the
926 1786 64 15 from
1008 1780 107 20 London.
1117 1791 27 4 —
1145 1781 85 25 Agents,

650 1812 69 21 Willis
729 1811 42 20 and
790 1810 33 21 Co.
824 1820 27 4 —
852 1810 25 19 12
888 1809 60 20 casks
957 1809 61 22 wine,
1030 1808 10 19 1
1052 1808 51 19 cask
1117 1809 90 24 apparel,
1218 1810 12 19 2

648 1840 62 25 axles,
722 1840 11 19 1
745 1844 47 15 case
809 1837 78 20 British
896 1835 72 27 goods,
981 1835 25 21 P.
1023 1835 112 21 Wilson.—
1137 1836 27 19 4o
1174 1842 58 14 cases

649 1867 60 23 ■wine,
720 1867 26 20 10
757 1867 66 18 crates
829 1864 145 23 earthenware,
986 1863 12 19 9
1004 1868 57 14 cases
1071 1862 81 20 British
1158 1864 73 25 goods,

651 1895 68 20 Willis
728 1893 42 20 and
781 1893 33 20 Co.
821 1892 48 19 —18
887 1890 78 21 barrels
974 1890 62 24 flour,
1048 1890 10 19 1
1077 1890 50 19 cask
1138 1897 69 19 sugar,
1220 1892 10 18 1

647 1922 39 26 bag
703 1921 71 24 coffee,
793 1920 13 19 3
821 1919 50 25 bags
887 1918 47 26 rice,
954 1919 12 18 5
983 1917 50 26 kegs
1049 1917 79 24 butter,
1144 1918 12 19 2
1172 1918 60 20 casks

648 1949 71 24 coffee,
730 1949 13 19 2
753 1948 36 20 do.
796 1946 69 24 bread,
878 1947 10 18 1
897 1945 49 20 cask
957 1945 86 25 brandy,
1056 1945 26 20 18
1098 1951 56 14 cases
1164 1946 68 19 cordi-

648 1977 37 25 als,
703 1977 10 19 1
726 1976 59 20 chest
802 1977 39 21 tea,
851 1974 13 19 4
878 1973 62 20 hhds.
954 1972 87 24 brandy,
1060 1972 26 20 18
1098 1978 57 14 cases
1172 1973 60 23 wine,

649 2004 12 20 6
671 2003 60 26 pipes
747 2003 43 22 do.,
801 2002 25 20 37
838 2002 11 24 \
864 2000 61 21 casks
935 2000 44 23 do.,
990 2000 12 18 2
1019 1999 62 20 hhds.
1092 2000 44 24 do.,
1146 2000 14 18 4
1174 1999 61 21 casks

648 2030 43 25 do.,
702 2031 13 19 4
725 2029 80 20 barrels
816 2028 60 22 flour,
887 2028 11 18 5
909 2026 62 20 hhds.
989 2025 87 26 brandy,
1089 2026 26 19 96
1132 2026 101 26 packages

648 2057 63 26 deals,
722 2057 13 19 2
746 2061 58 15 cases
814 2055 78 23 cheese,
903 2054 26 19 24
940 2059 58 14 cases
1009 2053 58 24 wine,
1082 2054 26 18 12
1117 2053 61 20 hhds.
1189 2054 43 24 do.,

649 2085 12 19 3
670 2084 57 20 bales
739 2084 11 19 1
765 2083 51 20 cask
826 2083 9 18 1
852 2087 46 14 case
908 2080 80 21 British
1002 2080 72 26 goods,
1092 2081 26 19 16
1132 2081 101 25 packages

648 2112 42 24 do.,
702 2112 12 19 6
725 2111 60 20 casks
802 2111 10 18 1
823 2115 46 14 case
880 2110 11 19 2
907 2109 75 19 tierces
1000 2108 11 19 1
1022 2108 51 20 hhd.
1092 2108 42 25 do.,
1148 2108 12 18 6
1178 2108 55 21 bales

650 2140 11 19 1
678 2137 93 28 package
781 2139 12 18 4
805 2143 47 14 cans
870 2136 42 24 do.,
929 2137 11 19 7
958 2136 73 19 tierces
1049 2136 79 19 refined
1143 2143 66 19 sugar,
1223 2138 9 19 1

649 2173 47 13 case
711 2167 26 19 28
749 2165 61 20 casks
824 2163 79 21 British
917 2163 74 26 goods,
1008 2163 13 19 3
1040 2162 103 26 packages
1159 2165 10 18 1
1188 2170 46 14 case

650 2194 42 25 do.,
711 2194 11 19 1
739 2193 47 19 bale
806 2193 78 22 cotton,
906 2191 9 19 1
933 2190 50 20 cask
998 2190 77 26 butter,
1094 2191 27 19 49
1141 2190 14 24 i
1172 2191 61 21 hhds.

649 2222 92 25 vinegar,
753 2221 26 19 19
790 2219 55 21 bales
856 2218 78 20 British
944 2217 74 27 goods,
1035 2219 25 18 24
1071 2218 65 20 boxes
1146 2219 12 19 4
1169 2219 66 25 pack-

650 2255 47 20 ages
714 2249 13 19 3
744 2248 56 19 bales
818 2247 11 21 7
846 2252 57 14 cases
920 2246 26 19 20
963 2245 74 20 firkins
1054 2245 44 24 do.,
1116 2246 38 19 110
1171 2247 63 19 boxes

649 2277 62 25 glass,
724 2276 24 19 14
760 2275 60 19 casks
831 2275 11 18 2
858 2273 74 20 trunks
943 2273 12 19 2
965 2273 57 19 bales
1039 2273 10 19 1
1059 2273 44 19 box
1119 2274 27 19 20
1156 2279 48 14 cans
1224 2275 8 19 1

650 2303 68 20 barrel
728 2302 80 20 British
816 2301 70 27 goods,
894 2302 12 18 4
918 2303 48 17 tons
974 2301 96 23 anchors,
1080 2301 12 19 6
1103 2303 48 17 tons
1158 2301 75 25 cables,

650 2331 13 20 3
673 2330 64 22 bales,
748 2330 41 20 300
799 2329 49 25 kegs
859 2329 65 25 paint,
936 2328 76 25 18,000
1024 2328 70 24 slates,
1107 2328 39 20 500
1160 2329 75 25 paving

652 2358 41 25 do.,
713 2357 53 20 1184
778 2359 59 17 court
859 2356 42 23 do.,
918 2357 12 18 5
949 2355 68 23 casks,
1028 2355 26 19 64
1070 2355 38 19 fire
1119 2355 57 26 dogs,
1196 2357 39 19 110
1242 2357 2 20 I

649 2385 43 25 jam
703 2387 55 24 pots,
770 2384 40 20 227
819 2389 77 20 camps,
905 2384 12 18 4
929 2383 63 19 boxes
1003 2383 26 19 79
1037 2382 79 20 barrels
1126 2384 26 18 20
1162 2383 73 21 tierces

653 2414 10 18 1
673 2412 46 20 bale
730 2413 11 18 1
751 2412 42 19 box
804 2411 78 19 British
891 2410 73 25 goods,
978 2409 12 18 C>
1000 2409 61 20 casks
1071 2410 44 23 do.,
1127 2411 26 19 27
1165 2411 70 20 sheets

651 2440 53 23 lead,
715 2440 12 19 2
739 2439 63 20 boxes
813 2439 10 18 1
831 2438 63 19 tierce
904 2437 79 20 British
990 2437 71 25 goods,
1073 2437 14 20 3
1097 2437 56 20 bales
1162 2438 73 25 calico,

652 2468 12 19 3
678 2467 63 20 hhds.
752 2466 89 23 Geneva,
852 2466 12 19 2
882 2464 35 20 do.
927 2464 86 26 brandy,
1034 2464 98 20 Order.—
1137 2466 25 18 24
1178 2472 58 14 cases

652 2494 80 24 cheese,
744 2494 26 19 52
782 2498 55 15 cases
845 2492 61 24 wine,
921 2492 12 19 2
943 2492 61 19 hhds.
1016 2492 12 19 6
1039 2498 58 13 cases
1111 2492 86 26 brandy,
1210 2494 26 20 16

653 2528 31 20 qr.
701 2521 61 20 casks
776 2520 61 24 wine,
847 2520 11 19 1
870 2525 46 14 case
932 2520 11 19 1
960 2518 50 21 cask
1025 2518 80 21 British
1119 2520 72 26 goods,
1209 2522 26 19 21

652 2550 57 19 bales
719 2550 27 18 25
757 2554 57 14 cases
824 2548 25 19 65
864 2547 64 20 boxes
937 2547 27 19 50
982 2545 75 22 firkins
1066 2546 80 21 British
1163 2548 72 25 goods,

657 2577 64 20 Wailt
730 2576 43 19 and
784 2576 69 24 Tyser.
854 2585 26 4 —
883 2575 11 19 8
906 2580 57 14 cases
978 2574 78 24 cheese,
1068 2575 14 18 4
1092 2573 61 22 casks
1169 2576 66 24 hams,

656 2605 25 19 13
692 2603 61 21 casks
763 2603 13 20 3
786 2602 55 21 bales
859 2603 11 19 1
880 2602 42 19 box
937 2602 13 19 2
962 2600 75 22 trunks
1054 2602 28 19 29
1091 2600 52 26 kegs
1159 2602 78 21 British

654 2631 72 27 goods,
748 2631 26 19 10
791 2630 73 20 tierces
881 2629 79 20 refined
975 2635 69 19 sugar,
1063 2629 11 19 1
1095 2628 46 21 bale
1158 2630 79 21 British

654 2659 72 26 goods.
737 2659 12 18 4
760 2664 57 14 cases
829 2658 25 19 10
864 2657 50 25 bags
924 2657 11 19 5
946 2656 64 20 boxes
1018 2656 10 19 1
1039 2656 72 26 parcel
1120 2656 42 27 do.,
1172 2658 64 24 Hort,

655 2687 102 21 Mocatta,
768 2685 42 20 and
820 2685 32 20 Co.
854 2695 28 4 —
884 2685 25 19 12
916 2684 50 25 bags
977 2684 71 23 coffee,
1062 2684 11 19 7
1085 2683 74 21 tierces
1166 2685 61 20 tobac
1233 2697 5 4 -

656 2720 31 18 co,
704 2715 13 19 2
734 2713 61 21 hhds.
812 2712 77 20 refined
904 2718 70 19 sugar,
991 2711 82 25 Daglie.
1076 2721 25 4 —
1103 2711 12 20 5
1136 2718 56 14 cases
1212 2714 25 18 10

656 2741 59 21 casks
727 2741 25 19 68
763 2740 63 20 boxes
836 2740 13 19 2
857 2738 61 21 casks
936 2739 12 19 8
959 2745 57 13 cases
1026 2739 13 19 6
1054 2738 77 20 trunks
1142 2739 9 19 1
1163 2739 46 21 bale
1226 2742 11 19 8

656 2767 60 21 casks
727 2767 80 21 British
816 2766 70 27 goods,
894 2767 13 18 4
918 2766 96 24 anchors,
1024 2766 27 19 44
1061 2765 70 25 boxes,
1143 2767 24 19 10
1178 2767 60 21 casks

656 2797 12 19 4
679 2795 76 21 trunks
765 2794 80 20 British
854 2793 73 26 goods,
937 2793 64 25 Hort,
1012 2793 104 26 Mocatta,
1125 2794 41 19 and
1178 2795 32 19 Co.
1212 2805 28 5 —

658 2823 38 19 145
706 2823 65 19 boxes
781 2821 60 26 glass,
853 2821 11 19 1
873 2821 64 19 tierce
946 2820 96 24 tobacco,
1053 2821 27 19 68
1087 2820 61 21 casks
1158 2822 13 19 6
1177 2821 63 21 boxes

657 2849 80 21 British
751 2849 73 26 goods,
841 2849 13 19 2
868 2847 61 21 hhds.
944 2847 57 24 beer,
1018 2847 62 26 glass,
1100 2848 25 20 17
1136 2848 61 21 casks
1214 2851 26 19 13

657 2883 57 14 cases
724 2877 61 22 wine,
797 2877 11 18 1
818 2876 69 23 horse,
897 2875 12 19 1
921 2880 46 14 case
984 2881 68 19 sugar,
1065 2875 11 19 1
1089 2882 46 13 case
1152 2875 89 22 Manilla

657 2905 54 24 hats,
731 2904 22 20 C.
767 2903 119 20 Robertson.
887 2913 26 3 —
916 2902 12 20 6
946 2901 62 21 casks
1023 2902 92 25 Geneva,
1138 2904 24 19 19
1179 2905 64 20 casks'

657 2931 87 26 brandy,
755 2931 28 19 54
795 2936 31 20 qr.
835 2929 60 21 casks
911 2930 61 23 wine,
984 2929 12 21 7
1013 2936 58 14 cases
1083 2931 10 18 1
1105 2930 41 20 box
1162 2931 79 21 British

658 2959 72 26 goods,
743 2959 25 19 18
779 2964 56 14 cases
845 2957 43 24 do.,
897 2957 28 19 A.
939 2957 52 19 Fell.
993 2967 28 4 —
1023 2958 10 18 1
1045 2963 47 14 case
1101 2957 111 28 hardware,
1228 2960 12 19 2

659 2985 61 22 casks
729 2992 59 19 grass
795 2984 63 25 seeds,
869 2985 13 20 2
890 2990 57 14 cases
957 2984 80 20 British
1044 2985 73 25 goods,
1129 2986 111 21 Sounders.

658 3024 25 4 —
685 3014 14 19 2
717 3012 62 21 casks
802 3012 78 20 British
898 3011 67 26 goods
984 3012 28 20 D.
1033 3012 89 20 Lathen.
1124 3023 26 4 —
1153 3013 11 20 6
1183 3020 58 14 cases

658 3040 81 21 British
748 3040 72 26 goods,
831 3040 11 19 1
854 3039 40 20 box
903 3039 67 24 seeds,
981 3040 11 19 1
1006 3039 41 20 box
1056 3039 82 20 British
1146 3041 73 24 goods,
1230 3042 8 19 1

658 3068 70 26 parcel
744 3068 44 24 do.,
806 3068 10 19 1
826 3066 40 21 box
882 3066 160 27 haberdashery,
1058 3067 11 19 1
1087 3067 42 20 box
1138 3074 71 20 paper,
1230 3070 10 19 1

658 3101 46 14 case
714 3095 70 26 silver,
796 3095 11 19 1
817 3099 46 16 case
875 3094 80 20 British
972 3094 73 26 goods,
1061 3094 13 20 3
1085 3101 58 14 cases
1158 3096 84 25 apparel

659 3122 41 21 and
708 3122 70 24 boots,
796 3122 11 20 1
817 3122 40 19 box
871 3121 79 20 British
958 3121 73 27 goods,
1047 3122 13 19 3
1070 3121 104 27 packages
1188 3124 52 24 mill,

659 3150 12 20 3
681 3156 58 14 cases
748 3149 90 27 apparel,
856 3150 10 19 1
877 3149 46 20 bale
932 3149 81 20 British
1027 3149 74 25 goods,
1113 3150 11 18 1
1136 3155 47 14 case
1197 3152 43 23 do.,

659 3178 11 19 1
683 3183 46 14 case
739 3177 66 25 seeds,
816 3178 12 19 2
838 3182 57 15 cases
906 3176 26 20 13
945 3176 104 26 packages
1058 3176 81 20 British
1148 3177 71 27 goods,
1230 3179 10 19 1

659 3204 40 26 keg
707 3204 84 26 powder
800 3204 40 20 and
847 3204 54 25 shot,
913 3204 13 19 4
936 3209 57 15 cases
1004 3204 10 19 1
1024 3202 51 22 cask
1083 3203 80 21 British
1167 3205 73 25 goods,

660 3232 24 19 15
694 3232 84 24 wheels,
789 3233 13 18 2
810 3231 63 20 boxes
884 3232 10 18 1
906 3237 47 14 case
967 3232 12 19 1
990 3230 51 21 cask
1050 3230 81 21 British
1139 3232 73 25 goods,
1228 3234 13 19 3

659 3265 56 14 cases
726 3260 43 22 do.,
780 3260 13 19 3
803 3258 62 21 boxes
881 3258 10 19 1
902 3257 67 21 trunk
978 3258 43 24 do.,
1031 3258 32 19 As
1076 3258 150 21 Addressed.—
1228 3261 12 19 s

659 3285 55 21 bales
725 3287 11 19 1
747 3285 65 21 trunk
819 3287 13 19 2
842 3284 60 22 casks
910 3284 80 21 British
998 3284 73 26 goods,
1080 3285 12 19 6
1099 3291 56 15 cases
1165 3287 13 19 3
1185 3286 57 22 bales

659 3313 64 26 slops,
735 3314 11 19 1
754 3313 51 21 hhd.
815 3313 55 23 beer,
879 3313 96 19 Martens
976 3322 25 5 —
1003 3312 13 20 6
1023 3312 57 20 bales
1088 3313 12 20 7
1108 3312 63 21 boxes
1183 3314 10 19 1
1202 3320 40 15 can

659 3341 12 19 5
682 3340 76 22 trunkß
769 3341 11 20 1
791 3340 48 20 cask
851 3340 80 19 British
939 3339 74 25 goods,
1023 3340 22 19 J.
1056 3340 43 19 and
1109 3340 64 21 S.—B
1181 3341 61 22 casks

659 3368 13 19 4
682 3367 51 26 kegs
744 3369 11 19 1
766 3374 47 14 case
822 3367 79 20 British
910 3366 73 26 goods,
995 3366 153 21 Swainson.—4
1166 3368 76 22 tierces

661 3395 12 19 6
686 3397 48 18 cwt.
749 3395 11 19 1
771 3394 52 21 hhd.
838 3395 34 20 W.
887 3393 111 21 Sounders.
999 3404 28 3 —
1027 3394 27 19 30
1068 3393 65 21 boxes
1142 3401 57 21 soap,
1216 3397 26 20 12

660 3427 30 20 qr.
702 3421 62 21 casks
772 3422 60 24 wine,
848 3422 11 19 1
870 3420 50 22 cask
934 3420 80 21 British
1028 3421 75 25 goods.
1120 3422 123 22 Greenwood

660 3449 42 19 and
713 3449 34 19 Co.
749 3460 27 4 —
777 3450 13 18 2
804 3448 73 20 tierces
887 3447 52 27 beef,
957 3448 12 19 6
983 3447 78 21 barrels
1070 3447 62 27 pork,
1143 3451 32 19 M.
1190 3451 23 21 S.
1214 3461 28 6 —

660 3476 13 20 4
683 3481 58 15 cases
759 3477 13 18 4
789 3476 73 20 tierces
878 3476 13 20 3
906 3474 62 22 casks
984 3476 14 18 4
1012 3474 90 22 bundles
1119 3477 26 20 28
1162 3477 50 26 kegs
1230 3479 12 20 6

659 3502 61 21 hhds.
732 3504 12 18 2
761 3503 77 20 barrels
847 3503 13 19 2
875 3502 88 20 bundles
974 3503 10 19 1
999 3501 51 22 cask
1066 3503 11 19 1
1089 3505 56 19 crate
1160 3504 83 22 British

660 3529 73 26 goods,
743 3530 27 20 24
781 3530 80 25 wheels,
873 3529 16 20 2'
896 3532 76 22 stoves,
988 3530 25 19 25
1024 3529 64 21 boxes
1098 3536 58 21 soap,
1169 3533 10 19 1
1197 3533 46 21 bale

661 3557 80 20 British
754 3557 72 25 goods,
839 3557 106 20 Morrison
964 3557 43 19 and
1021 3557 117 22 Sclanders.
1139 3569 28 5 —
1168 3560 11 19 1
1196 3566 47 15 case

661 3584 122 26 stationary,
805 3584 21 20 J.
845 3584 65 25 Cally.
911 3595 26 4 —
939 3585 13 19 5
971 3583 58 21 bales
1047 3585 94 25 wollens,
1150 3587 14 19 4
1182 3587 60 22 casks

661 3613 61 23 flour,
732 3612 14 19 4
757 3611 34 23 do.
801 3611 72 26 wheat,
888 3612 32 20 W.
931 3611 31 21 H.
974 3611 84 26 Taylor.
1059 3622 28 5 —
1089 3613 26 19 12
1127 3613 44 25 jars
1178 3614 63 28 juice,

661 3641 12 19 4
684 3645 58 14 cases
750 3638 60 26 fruit,
820 3639 13 19 4
843 3638 34 21 do.
889 3639 80 23 cheese,
980 3639 13 19 2
1007 3644 58 15 cases
1076 3639 80 21 British
1170 3642 72 26 goods,

661 3667 21 20 J.
692 3667 35 19 M.
738 3666 83 25 Taylor.
822 3676 26 5 —
849 3667 12 19 2
871 3665 61 21 hhda.
943 3665 112 28 hardware,
1068 3667 10 19 1
1093 3673 47 14 case
1149 3674 69 21 paper,
1232 3670 10 19 1

661 3694 42 20 box
711 3694 44 23 do.,
766 3694 13 20 2
790 3699 55 14 cases
854 3693 61 26 glass,
933 3693 102 21 Otterson.
1037 3704 26 4 —
1064 3694 14 20 3
1087 3694 64 21 boxes
1166 3697 76 26 starch,

663 3722 10 19 1
684 3720 37 22 do.
739 3721 56 24 blue,
814 3721 10 19 1
839 3721 47 19 bale
901 3719 104 27 blankets,
1024 3721 13 19 2
1053 3721 104 27 packages
1165 3723 77 26 prints,

661 3750 44 19 Mr.
764 3748 12 21 1
785 3753 46 15 case
839 3747 76 27 paper,'
922 3747 11 20 1
950 3747 71 26 parcel
1036 3747 76 26 books,
1124 3750 10 19 1
1145 3750 42 20 bax
1197 3754 46 17 cut-

661 3777 51 25 lery,
724 3777 11 19 1
746 3774 51 22 cask
807 3776 58 23 nails,
877 3776 11 19 1
899 3780 47 15 case
961 3774 65 27 seeds,
1039 3775 10 20 1
1061 3775 47 20 bale
1121 3778 72 20 cotton
1202 3778 41 21 and

662 3803 88 21 woollen
758 3801 73 28 goods,
842 3803 11 19 1
864 3801 51 22 cask
925 3802 11 19 1
947 3808 48 14 case
1005 3802 11 19 1
1026 3802 47 21 bale
1084 3804 11 19 1
1103 3802 77 23 bundle
1186 3805 57 21 iron-

662 3837 107 21 mongery,
788 3830 10 20 1
816 3830 41 20 box
872 3835 58 21 soap,
946 3830 14 19 3
976 3828 104 28 packages
1095 3830 111 27 furniture,
1216 3834 27 19 21

661 3861 49 18 tons
718 3858 66 26 coals,
801 3856 145 26 Edgerby.—6
963 3856 64 21 boxes
1042 3858 93 24 candles,
1145 3859 98 26 Empton.

661 3898 27 3 —
689 3886 13 19 2
711 3891 59 15 eases
790 3886 13 19 2
821 3884 73 21 firkins
913 3884 80 21 British
1016 3884 79 24 Goods,
1115 3886 87 26 Lowlty.
1203 3899 29 4 —
1232 3888 11 20 4

661 3912 57 21 bales
727 3912 81 22 British
817 3912 72 27 goods,
901 3912 71 21 Tame.
974 3923 26 5 —
1003 3912 9 20 1
1024 3917 47 16 case
1081 3912 81 23 British
1170 3914 72 26 goods,

663 3940 97 21 Hanoell.

1914 3020 92 24 Letters
2027 3019 57 23 from
2107 3019 73 31 Payta
2204 3023 23 19 to
2249 3018 39 23 the
2311 3018 59 24 25th
2394 3018 68 29 Nov.,

1879 3054 68 30 bring
1957 3053 144 30 intelligence
2113 3052 25 23 of
2152 3052 37 23 the
2202 3051 79 31 yellow
2293 3052 62 23 fever
2365 3052 97 31 prevail-

1879 3087 40 31 ing
1931 3087 53 23 with
1995 3091 65 26 great
2070 3086 118 30 malignity
2200 3090 23 19 at
2235 3085 138 31 Guayaquil,
2390 3086 24 22 in
2426 3084 37 24 the

1879 3120 79 23 month
1978 3120 24 23 of
2020 3119 107 24 October.
2154 3119 79 29 .Some
2251 3119 25 22 of
2293 3118 39 23 the
2352 3118 111 31 principal

1879 3153 140 23 inhabitants
2031 3152 43 24 had
2082 3152 69 23 fallen
2160 3152 88 22 victims
2258 3155 23 19 to
2288 3152 31 27 it;
2333 3151 44 23 and
2387 3151 76 23 others

1879 3186 45 23 had
1934 3186 45 23 fled
1990 3190 24 19 to
2027 3185 68 23 Peru.
2132 3185 24 22 It
2166 3185 20 22 is
2203 3183 102 24 believed
2324 3183 50 23 that
2385 3183 45 24 this
2442 3185 21 22 is

1880 3220 37 23 the
1926 3220 52 22 first
1988 3220 102 22 instance
2098 3217 25 23 of
2133 3217 45 23 this
2190 3224 95 23 scourge
2296 3216 70 30 being
2376 3216 87 24 known

1879 3258 23 17 to
1913 3251 86 31 prevail
2011 3258 27 16 on
2050 3250 39 23 the
2099 3254 96 19 westren
2208 3254 62 18 coast
2282 3249 25 23 of
2315 3248 118 25 America.

2000 3289 54 23 dear
2075 3287 74 24 friend
2174 3287 50 24 that
2243 3295 89 16 woman
2342 3287 43 25 has
2404 3288 58 24 been

1880 3323 89 30 talking
1980 3322 68 23 about
2058 3329 45 23 you
2115 3329 25 15 so
2161 3321 66 31 again
2238 3320 6 25 !
2279 3321 48 24 She
2345 3321 44 24 has
2404 3322 57 23 been

1880 3356 79 31 telling
1969 3355 38 23 the
2020 3354 109 24 awfullest
2140 3354 41 24 lies
2194 3362 45 23 you
2248 3362 53 16 ever
2312 3354 69 24 heard
2393 3363 6 16 :
2411 3355 51 30 why

1879 3389 41 24 she
1931 3388 71 24 railed
2013 3395 62 23 away
2087 3392 23 19 at
2129 3395 45 23 you
2192 3388 35 23 for
2248 3396 13 15 a
2279 3388 73 23 whole
2364 3388 58 24 hour
2430 3388 6 24 !

2184 3420 39 24 did

1904 3454 68 29 Well,
1985 3454 57 24 after
2054 3454 53 29 this,
2121 3454 51 32 just
2188 3454 56 24 bear
2261 3455 25 23 in
2304 3455 64 23 mind
2385 3454 50 24 that
2444 3455 18 22 it

1880 3488 65 24 takes
1957 3493 43 18 two
2011 3492 22 19 to
2044 3487 67 24 make
2122 3496 14 15 a
2154 3487 90 25 slander
2244 3500 33 5 —
2279 3496 42 16 one
2341 3493 23 19 to
2385 3487 40 25 tell
2435 3488 26 29 it,

1880 3520 45 24 and
1936 3529 42 15 one
1990 3526 23 18 to
2025 3521 68 23 listen
2105 3526 22 18 to

1913 3560 67 23 Dean
1993 3560 67 23 Swift
2069 3560 53 23 held
2143 3560 45 23 this
2208 3559 109 30 doctrine,
2330 3559 50 24 that
2400 3560 62 23 there

1880 3601 58 15 were
1949 3593 76 32 places
2035 3593 73 24 where
2121 3601 13 15 a
2152 3601 53 15 man
2223 3593 82 24 should
2324 3593 27 23 be
2370 3592 92 24 allowed

1880 3631 23 18 to
1922 3626 72 32 speak
2013 3626 94 24 without
2129 3626 171 29 contradiction,
2323 3628 55 26 viz.,
2425 3625 37 24 the

1880 3660 81 29 bench,
1975 3660 38 23 the
2025 3660 80 30 pulpit,
2118 3660 45 23 and
2174 3660 39 23 the

1915 3700 50 23 The
1983 3699 146 25 Armoricain
2140 3700 29 31 of
2180 3699 71 25 Brest
2261 3704 79 25 states,
2359 3699 50 24 that
2425 3699 38 23 the

1880 3732 46 24 late
1937 3733 63 31 gales
2012 3733 26 24 of
2051 3733 60 24 wind
2127 3733 58 24 have
2197 3733 115 31 displaced
2322 3741 15 15 a
2346 3732 118 24 mountain

1882 3766 25 23 of
1916 3767 56 23 sand
1982 3774 28 16 on
2020 3767 38 23 the
2066 3770 62 20 coast
2134 3767 26 23 of
2167 3766 98 29 Crozon,
2272 3773 56 17 near
2334 3766 76 29 Brest,
2420 3764 45 24 and

1882 3800 99 30 exposed
1999 3804 24 19 to
2033 3801 56 22 view
2101 3799 38 24 the
2151 3800 98 23 remains
2260 3799 26 24 of
2301 3807 14 15 a
2326 3799 82 31 village
2420 3797 45 24 and

1882 3840 14 15 a
1907 3832 85 24 church
2011 3833 140 23 surrounded
2164 3833 30 30 by
2203 3841 15 15 a
2229 3832 149 31 churchyard.
2413 3830 52 25 The

1882 3865 73 24 oldest
1966 3866 139 23 inhabitants
2117 3866 25 23 of
2157 3865 38 24 the
2206 3870 96 26 country
2313 3865 54 26 does
2378 3869 40 19 not
2429 3871 36 16 re-

1882 3898 80 24 collect
1974 3899 86 31 having
2070 3906 52 16 ever
2143 3898 70 24 heard
2223 3898 26 24 of
2262 3898 39 24 the
2318 3899 116 23 existence
2444 3895 24 26 of

1883 3931 47 24 this
1941 3933 112 22 maritime
2067 3931 181 24 Herculaneum.

532 48 98 45 JEft*
654 46 118 42 W*to
798 44 208 42 Ztelavfo
1033 43 190 46 iffia^ttt
1243 41 95 41 attln
1364 38 301 45 WltlUnqttm
1689 31 257 50 Shptttatov.
2015 64 4 15 ,

1341 237 157 23 Wednesday,
1513 236 96 21 August
1625 236 34 24 23,
1676 235 60 21 1843.

1290 184 66 22 AND
1370 181 215 24 WELLINGTON
1604 180 188 23 SPECTATOR.

114 3749 168 26 SHIPPING
300 3748 268 27 INTELLIGENCE.

273 3799 139 17 ARRIVED.

79 3835 83 26 August
182 3834 34 24 19,
236 3832 142 20 Government
396 3831 47 26 brig
464 3832 98 28 Victoria,
584 3835 44 25 200,

53 3862 98 24 Richard,
161 3861 55 20 from
226 3858 99 23 Akaroa.-

77 3889 83 26 Avgust
170 3889 35 24 22,
214 3887 47 25 brig
275 3886 73 24 Ouide,
357 3885 58 21 from
426 3884 45 27 Bay
480 3886 24 20 of
516 3886 90 24 Islands.

79 3915 62 21 Same
149 3915 47 26 day,
207 3915 47 25 ship
264 3914 28 20 St
301 3912 69 27 Pauli,
380 3912 55 21 from
445 3912 92 23 Nelson..
560 3919 5 3 -

79 3942 61 21 Same
151 3943 46 23 day,
209 3947 104 16 icaooner
323 3945 67 21 jftma,
400 3939 56 21 from
465 3939 71 22 Mana.

1860 122 31 30 by
1902 121 39 24 the
1950 119 99 24 children
2061 118 26 24 of
2094 118 143 28 civilization,
2249 118 56 23 than
2315 118 37 24 the
2362 128 68 18 reser-

1861 155 77 22 vation
1959 153 26 23 of
1999 161 29 15 an
2044 151 104 24 eleventh
2166 150 36 23 for
2221 149 58 24 their
2293 151 75 24 future
2385 161 44 19 use.

1862 187 47 23 Far
1920 193 61 17 more
1993 185 115 24 extensive
2120 184 55 22 than
2188 182 39 24 the
2238 182 65 24 lands
2314 188 24 18 at
2347 192 84 23 present

1862 219 97 31 actually
1980 217 107 31 occupied
2107 217 31 30 by
2161 215 69 29 them,
2252 215 64 24 these
2337 224 93 20 reserves

1861 252 108 31 provided
1987 252 39 22 the
2042 257 79 16 means
2140 249 25 23 of
2178 249 163 29 maintenance,
2359 251 23 22 in
2398 253 34 24 the

1862 284 96 25 interval
1980 283 73 24 which
2063 287 62 19 must
2136 282 75 30 elapse
2221 281 77 23 before
2309 281 53 31 they
2371 285 59 25 could

1863 323 64 18 enter
1938 318 47 22 into
1997 316 143 31 competition
2159 314 55 23 with
2234 313 102 24 civilized
2352 323 49 16 men
2411 319 21 23 in

1863 351 38 23 the
1921 354 46 19 arts
1987 349 32 31 by
2045 348 73 24 which
2139 347 39 24 life
2204 347 21 23 is
2245 348 127 30 supported,
2394 352 39 23 and

1863 384 86 29 society
1958 381 77 25 bound
2045 380 111 32 together.
2190 379 56 24 And
2256 379 39 23 the
2312 379 83 33 history
2414 385 21 23 of

1864 416 150 23 colonization
2023 415 68 30 being
2101 412 82 24 looked
2195 416 31 25 at,
2235 413 18 22 it
2264 419 46 16 was
2319 420 14 15 a
2338 416 96 25 merciful

1864 449 44 23 and
1919 449 98 23 humane
2028 446 118 32 departure
2157 446 59 23 from
2227 445 37 23 the
2278 445 71 31 rough
2362 454 71 20 course

1864 481 73 25 which
1948 481 124 30 migratory
2084 479 136 23 civilization
2230 477 45 24 had
2286 478 89 31 usually
2385 488 48 23 pur-

1864 515 56 24 sued
1932 514 96 23 towards
2039 513 63 23 those
2113 512 51 23 who
2172 511 65 23 stood
2256 511 25 22 in
2296 511 38 23 the
2353 519 47 25 way
2415 516 22 23 of

1863 549 31 23 its
1906 548 168 24 advancement.
2116 545 51 23 The
2187 544 41 23 law
2249 544 25 22 of
2289 547 79 20 nature
2386 554 48 23 pro-

1865 581 79 24 claims
1955 581 24 22 in
1990 586 90 17 accents
2089 582 40 19 not
2139 582 23 19 to
2173 577 28 23 be
2213 576 121 29 mistaken,
2345 577 48 24 that
2402 580 33 25 the

1863 613 71 25 world
1944 620 44 16 was
2000 611 89 25 created
2097 612 35 22 for
2151 610 73 24 man's
2242 617 40 16 use
2301 610 44 23 and
2365 612 70 31 enjoy,

1865 651 62 20 ment
1935 655 7 21 ;
1960 646 46 23 and
2016 645 28 23 he
2055 645 21 22 is
2088 648 39 19 not
2137 644 29 23 be
2177 647 55 27 pent
2242 643 25 23 in
2285 650 63 16 over-
2352 645 84 31 peopled

1865 688 99 21 corners,
1976 679 96 23 because
2084 685 14 15 a
2112 684 69 23 many
2197 675 89 24 headed
2305 676 85 30 dragon
2399 679 37 25 sits

1865 718 23 19 at
1899 713 39 23 the
1950 717 51 27 gate
2013 711 24 24 of
2046 711 64 23 those
2123 709 97 31 gardens
2231 709 74 23 where
2316 708 39 24 the
2362 711 74 25 wealth

1866 746 25 24 of
1900 746 99 23 creation
2011 746 19 22 is
2038 744 83 24 stored.
2158 742 50 24 The
2217 742 115 30 following
2341 742 96 31 eloquent

1865 787 95 23 passage
1973 779 19 22 is
2004 778 57 23 from
2074 777 38 23 the
2127 783 44 24 pen
2189 775 25 23 of
2239 775 37 23 the
2296 774 141 28 Honourable

1866 812 60 24 John
1936 812 104 29 Quincey
2051 810 89 24 Adams
2149 817 6 16 :—:
2157 820 33 6 —

1926 850 75 24 There
2011 857 37 16 are
2060 848 113 25 moralists
2183 847 51 24 who
2246 847 57 23 have
2314 848 125 30 questioned

1866 884 39 23 the
1922 884 62 30 right
1995 883 26 23 of
2036 883 39 23 the
2095 882 134 30 Europeans
2242 884 23 19 to
2286 880 90 23 intrude
2388 888 52 24 upon

1866 917 39 24 the
1927 917 141 31 possessions
2089 915 25 23 of
2129 914 38 23 the
2186 913 155 31 Aboriginals,
2362 913 25 23 in
2403 922 38 24 any

1867 958 50 16 case
1938 950 43 23 and
2001 949 71 23 under
2093 956 43 22 any
2147 947 134 23 limitations
2292 946 134 25 whatsoever
2434 957 6 20 ;

1867 984 40 23 but
1918 984 57 23 have
1995 982 53 31 they
2060 980 110 30 maturely
2181 979 131 23 considered
2331 979 38 23 the
2380 987 61 23 ques-

1867 1017 46 23 tion
1922 1017 9 23 ?
1967 1015 51 25 The
2030 1015 74 23 native
2117 1013 61 30 right
2189 1012 25 23 of
2229 1012 131 31 possession
2378 1014 63 29 itself,

1868 1050 77 23 stands
1958 1049 58 24 with
2027 1047 81 31 regard
2118 1051 23 18 to
2154 1045 38 24 the
2204 1050 100 26 greatest
2315 1050 51 26 part
2377 1047 24 22 of
2409 1047 33 24 the

1868 1087 101 26 country,
1997 1089 61 23 upon
2087 1088 13 15 a
2127 1078 155 32 questionable
2308 1078 134 26 foundation.

1868 1116 72 23 Their
1952 1114 121 24 cultivated
2084 1113 72 28 fields,
2174 1112 59 23 their
2245 1112 144 23 constructed
2408 1113 34 24 ha-

1867 1149 117 28 bitations,
2007 1156 14 15 a
2040 1154 66 24 space
2127 1147 25 21 of
2172 1145 74 31 ample
2266 1146 131 30 sufficiency
2413 1146 31 24 for

1868 1182 58 23 their
1938 1182 148 26 subsistence,
2100 1179 44 23 and
2156 1179 110 22 whatever
2279 1178 54 30 they
2343 1178 46 23 had
2406 1187 38 16 an-

1867 1215 74 23 nexed
1953 1219 22 19 to
1987 1213 137 24 themselves
2141 1212 30 31 by
2181 1211 107 32 personal
2298 1212 87 28 labour,
2404 1220 41 16 was

1867 1248 154 30 undoubtedly
2042 1248 30 30 by
2092 1246 37 23 the
2145 1245 53 23 laws
2219 1245 25 23 of
2261 1249 87 24 nature,
2370 1245 73 25 theirs.

1868 1282 47 22 But
1927 1281 69 25 what.
2003 1282 21 22 is
2042 1280 38 23 the
2093 1279 62 31 right
2166 1278 24 23 of
2210 1286 13 15 a
2234 1278 123 23 huntsman
2369 1282 22 19 to
2411 1279 34 24 the

1868 1315 70 23 forest
1950 1315 24 22 of
1984 1323 13 14 a
2009 1313 110 24 thousand
2131 1311 65 24 miles
2217 1319 53 16 over
2282 1311 73 23 which
2373 1311 27 23 he
2411 1320 35 15 ac-

1869 1348 119 31 cidentally
2007 1346 85 31 ranged
2111 1347 23 22 in
2154 1349 66 27 quest
2236 1345 25 23 of
2275 1352 56 23 prey
2341 1345 9 23 ?
2387 1345 60 24 Shall

1868 1381 39 24 the
1918 1381 79 23 liberal
2008 1381 105 22 bounties
2125 1379 25 22 of
2164 1379 135 30 providence
2314 1382 22 19 to
2350 1377 38 24 the
2399 1386 47 17 race

1869 1415 25 23 of
1903 1422 59 21 man,
1981 1415 28 22 be
2021 1412 155 31 monopolized
2194 1412 29 30 by
2236 1419 41 16 one
2290 1411 24 23 of
2334 1415 37 20 ten
2383 1412 63 24 thou-

1869 1448 56 23 sand
1936 1448 35 23 for
1983 1447 73 23 whom
2066 1445 51 33 they
2125 1452 56 16 were
2192 1445 89 23 created
2289 1445 11 23 ?
2336 1445 63 23 Shall
2411 1445 35 24 the

1870 1481 38 23 the
1928 1481 125 23 exuberant
2072 1480 77 22 bosom
2169 1478 24 23 of
2210 1478 38 23 the
2268 1482 95 26 country
2375 1479 72 30 amply

1870 1515 109 30 adequate
1991 1518 23 19 to
2034 1513 37 22 the
2089 1511 157 24 nourishment
2256 1511 25 23 of
2298 1511 105 29 millions,
2421 1512 26 23 be

1870 1547 95 23 claimed
1977 1545 137 30 exclusively
2124 1545 31 30 by
2167 1553 13 15 a
2191 1545 43 23 few
2245 1544 115 23 hundreds
2372 1544 25 23 of
2410 1545 38 23 her

1871 1581 110 30 offspring
1988 1581 9 22 1
2034 1578 65 25 Shall
2116 1578 38 24 the
2165 1578 73 31 lordly
2249 1586 83 22 savage
2347 1582 40 19 not
2399 1579 48 30 only

1870 1614 88 22 disdain
1971 1614 36 22 the
2019 1614 82 22 virtues
2113 1611 45 24 and
2166 1611 141 31 enjoyments
2317 1611 25 23 of
2350 1611 98 24 civiliza-

1870 1648 47 22 tion
1929 1646 99 29 himself,
2040 1647 41 22 but
2093 1645 58 23 shall
2162 1645 28 22 he
2203 1644 86 23 control
2302 1644 37 23 the
2352 1645 96 23 civiliza-

1871 1682 47 22 tion
1931 1680 24 23 of
1965 1680 38 23 the
2016 1678 68 24 world
2093 1679 8 23 ?
2138 1678 64 23 Shall
2220 1678 28 22 he
2260 1677 73 25 forbid
2345 1678 37 23 the
2395 1678 53 24 oaks

1871 1713 25 23 of
1905 1713 38 24 the
1955 1713 81 23 forests
2047 1717 23 18 to
2079 1711 38 23 fall
2130 1711 74 23 before
2216 1711 36 23 the
2265 1718 42 16 axe
2315 1711 23 23 of
2348 1711 101 33 industry

1871 1747 44 23 and
1926 1747 44 22 rise
1987 1747 65 29 again
2071 1744 150 24 transformed
2243 1745 47 22 into
2309 1744 37 23 the
2364 1744 85 25 habita-

1872 1781 58 22 tions
1943 1780 24 23 of
1980 1787 51 15 ease
2044 1778 43 24 and
2105 1778 122 30 elegance?
2263 1777 66 23 Shall
2346 1778 29 23 he
2388 1778 61 24 doom

1872 1821 28 15 an
1911 1814 110 22 immense
2033 1812 77 30 region
2123 1812 24 22 of
2165 1811 37 22 the
2214 1810 65 32 globe
2293 1816 21 17 to
2336 1812 113 30 perpetual

1871 1846 133 27 desolation,
2024 1845 43 24 and
2086 1849 22 19 to
2126 1844 54 23 hear
2201 1845 38 22 the
2250 1843 110 32 howlings
2373 1845 24 23 of
2413 1846 36 22 the

1872 1880 57 30 tiger
1941 1880 43 23 and
1997 1879 37 23 the
2044 1878 58 28 wolf,
2117 1878 83 23 silence
2209 1878 35 22 for
2254 1885 53 15 ever
2315 1878 39 23 the
2361 1879 60 22 voice
2430 1879 22 22 of

1872 1913 83 23 human
1962 1913 106 30 gladness
2076 1912 10 23 ?
2110 1911 64 23 Shall
2184 1911 38 23 the
2231 1910 65 24 fields
2306 1911 41 23 and
2357 1911 38 23 the
2404 1911 46 23 val-

1872 1946 49 30 leys
1933 1946 73 23 which
2025 1954 12 15 a
2054 1944 127 25 beneficent
2197 1944 52 23 God
2261 1943 40 24 has
2319 1944 92 24 firamed
2430 1950 21 17 to

1873 1984 57 18 teem
1943 1979 52 23 with
2004 1979 36 23 the
2053 1977 153 24 innumerable
2216 1977 132 23 multitudes
2360 1978 28 22 be
2400 1984 51 17 con-

1872 2012 94 24 demned
1985 2017 22 18 to
2020 2011 135 29 everlasting
2166 2010 118 23 barreness
2294 2010 10 23 ?
2340 2009 64 24 Shall
2416 2010 35 23 the

1873 2045 86 30 mighty
1966 2045 70 23 rivers
2042 2043 85 32 poured
2136 2047 38 19 out
2180 2043 31 30 by
2218 2042 36 24 the
2265 2042 72 24 hands
2345 2043 25 23 of
2375 2048 77 18 nature

1873 2086 25 15 as
1908 2078 106 23 channels
2025 2078 24 23 of
2059 2076 187 24 communication
2253 2076 101 23 between
2363 2084 89 15 numer-

1874 2119 40 15 ous
1927 2112 96 27 nations,
2037 2111 42 23 roll
2091 2110 57 23 their
2161 2115 80 17 waters
2253 2110 22 22 in
2286 2109 73 23 sullen
2371 2110 82 23 silence

1874 2145 45 23 and
1940 2144 84 24 eternal
2042 2143 96 24 solitude
2162 2148 21 18 to
2207 2143 38 22 the
2268 2143 56 31 deep
2333 2143 8 23 ?
2388 2143 65 23 Have

1875 2178 113 24 hundreds
2001 2178 25 23 of
2035 2176 152 24 commodious
2195 2176 117 29 harbours,
2322 2184 14 15 a
2343 2176 110 23 thousand

1874 2211 92 31 leagues
1979 2212 24 22 of
2020 2216 67 23 coast,
2100 2210 43 23 and
2157 2218 12 15 a
2178 2209 121 24 boundless
2312 2217 77 21 ocean,
2398 2210 55 23 been

1875 2245 80 30 spread
1966 2245 24 22 in
2002 2244 60 23 front
2074 2244 24 24 of
2113 2243 45 23 this
2169 2243 60 28 land,
2249 2242 45 24 and
2312 2243 58 23 shall
2391 2250 64 24 every

1874 2286 98 22 purpose
1985 2283 21 18 to
2020 2277 71 22 which
2103 2277 54 29 they
2168 2277 76 22 .could
2264 2276 68 31 apply
2350 2277 29 22 be
2401 2284 52 24 pro-

1875 2311 84 23 hibited
1974 2311 29 30 by
2013 2311 36 23 the
2067 2314 78 19 tenant
2166 2310 24 22 of
2206 2310 38 22 the
2267 2310 78 23 woods
2354 2310 9 23 ?
2411 2310 44 29 No,

1877 2346 96 23 Heaven
1985 2344 41 23 has
2039 2348 38 19 not
2087 2344 57 22 been
2158 2343 53 22 thus
2221 2343 151 23 inconsistent
2383 2343 22 22 in
2417 2343 36 22 the

1875 2378 75 23 works
1971 2377 25 23 of
2011 2377 28 23 its
2058 2377 72 23 hands
2140 2386 5 19 ;
2168 2377 95 22 Heaven
2284 2376 41 23 has
2343 2381 41 19 not
2403 2376 50 24 thus

1876 2411 79 31 placed
1966 2412 30 21 its
2009 2410 71 23 moral
2099 2410 55 23 laws
2172 2414 23 19 at
2213 2410 166 23 irrecoverable
2396 2410 60 23 strife

1876 2445 53 23 with
1941 2445 28 23 its
1983 2443 101 30 physical

141 138 61 22 Sale
215 138 37 25 by
260 135 96 22 Public
369 132 134 24 Auction!

35 173 92 48 MR.
141 168 219 26 FITZHERBERT
371 167 45 23 will
424 166 40 23 sell
473 166 30 26 by
513 165 99 22 Auction

126 206 29 14 on
164 196 80 27 Friday
254 198 63 22 next,
329 194 36 23 the
373 194 52 23 25th
435 193 90 24 instant,
535 194 24 19 at
565 191 51 22 half

145 226 49 25 past
204 224 26 21 12
238 222 94 27 o'clock,
344 225 23 18 at
374 221 34 22 his
417 219 82 26 Stores,

35 258 22 21 A
66 255 106 24 LARGE
181 252 142 24 VARIETY
333 260 27 14 of
370 248 240 26 MERCHANDIZE.

62 283 50 22 Full
120 280 130 29 particulars
260 279 45 22 will
314 279 29 21 be
351 279 65 26 given
426 277 23 21 in
464 275 120 22 handbills.

34 314 89 26 August
131 314 34 25 22,
176 312 60 21 1843.

87 357 43 21 Ex
283 354 56 22 and

35 389 159 50 MESSRS.
218 387 129 24 SAMUEL
370 393 45 15 and
438 384 125 26 JOSEPH,
587 383 25 22 in

124 415 116 28 returning
254 413 82 24 thanks
344 415 22 19 to
376 412 36 22 the
427 411 75 28 public
511 411 34 21 for
555 410 58 22 their

34 442 76 23 liberal
119 445 121 24 patronage
256 441 60 21 since
330 439 52 27 they
391 437 146 23 commenced
553 437 59 22 busi-

34 476 56 19 ness,
102 469 42 27 beg
154 469 63 21 leave
234 471 22 17 to
265 467 83 21 inform
364 466 60 21 them
435 464 48 22 that
494 464 51 30 they
555 462 57 23 have

34 495 63 23 made
109 495 110 22 extensive
229 493 128 22 alterations
365 492 23 21 in
399 492 57 20 their
466 490 104 27 premises
583 497 29 14 on

34 523 110 22 Lambton
164 522 71 25 Quay,
256 519 44 22 and
323 519 55 21 have
400 516 103 23 received
522 524 12 14 a
551 516 62 27 large

34 549 103 28 quantity
153 548 24 21 of
189 546 69 28 goods
271 546 31 26 by
320 545 37 21 the
376 544 69 22 above
459 543 89 27 vessels,
568 542 46 22 and

34 576 72 25 owing
115 578 22 18 to
146 574 39 21 the
200 572 118 28 depressed
331 575 53 18 slate
395 571 26 22 of
428 571 37 21 the
478 570 71 26 times,
560 569 54 27 they

34 601 42 23 will
87 602 27 21 be
125 600 46 22 sold
181 603 24 19 at
212 599 41 22 low
264 599 78 27 prices,
353 604 81 20 among
450 596 72 22 which
532 596 44 22 will
585 596 29 21 be

34 627 70 23 found
104 638 28 4 —

60 662 105 19 Winter
180 660 54 21 and
249 660 121 19 Summer
384 657 138 26 Clothing,

62 686 219 23 GENTLEMEN'S
296 692 94 15 summer
403 683 67 27 cloth,
480 682 77 27 tweed,
569 681 45 23 and

34 714 107 23 moleskin
151 713 100 26 shooting
261 715 68 23 coats,

62 740 54 22 Blue
127 740 55 27 pilot
190 739 45 22 and
245 738 108 27 superfine
364 737 59 22 cloth
429 736 93 28 jackets,

61 766 76 27 Single
153 766 45 22 and
217 764 191 23 double-breasted
426 762 67 27 cloth,
510 762 103 26 valentia,

35 793 83 27 toilnet,
130 793 46 21 and
186 793 63 20 other
256 791 69 27 fancy
334 794 64 23 vests,

60 820 63 27 Blue,
133 819 74 27 black,
222 818 61 27 drab,
295 817 66 27 duck,
371 816 116 27 buckskin,
499 815 44 22 and
556 815 59 28 pilot

36 846 60 23 cloth
107 850 105 22 trowsers,

62 873 120 26 Moleskin,
194 871 58 27 cord,
262 871 46 22 and
317 870 69 22 tweed
400 873 107 23 trowsers,

62 899 152 22 Gentlemen's
243 898 76 22 elastic
351 897 92 22 woollen
470 895 74 23 frocks
571 894 46 23 and

34 927 136 27 pantaloons,

62 953 66 27 Boys'
138 953 46 21 and
193 951 87 28 youths'
289 951 116 26 moleskin,
417 949 59 27 cord,
488 949 44 22 and
542 955 75 21 super-

35 979 44 22 fine
89 980 61 21 cloth
160 979 60 26 suits,

62 1007 56 21 Blue
129 1005 88 26 twilled,
226 1005 77 26 check,
312 1007 91 24 regatta,
411 1003 45 21 and
466 1002 65 22 white
542 1001 74 27 shirts,

62 1033 80 26 Men's,
153 1032 71 27 boys',
235 1031 45 21 and
289 1031 87 26 youth's'
386 1030 59 22 cloth
456 1036 57 20 caps,

62 1059 75 21 White
146 1060 163 24 counterpanes
319 1057 44 21 and
376 1056 71 27 quilts,
473 1065 3 4 •

63 1085 104 27 Superior
181 1083 105 27 Whitney
302 1083 107 25 blankets,
426 1083 57 25 11-4,
495 1082 56 25 12-4,
571 1080 46 22 and

38 1113 57 25 13-4,

61 1137 82 28 Men's,
158 1136 69 28 boys',
240 1136 43 22 and
297 1135 86 28 youths'
398 1138 77 23 strong
492 1134 64 22 boots
570 1134 47 21 and

35 1165 71 26 Bhoeß,

61 1190 122 23 LADIES'
189 1189 49 27 silk,
248 1193 84 22 tuscan,
339 1188 44 22 and
393 1187 122 23 Dunstable
522 1187 94 21 bonnets

60 1217 88 23 Ladies'
163 1217 59 21 dress
238 1224 58 19 caps,
313 1217 96 25 ribbons,
424 1214 46 22 and
487 1214 85 22 flowers
586 1214 24 21 in

35 1248 63 23 great
108 1244 108 25 varieties,

63 1271 74 21 White
147 1270 44 22 and
202 1269 106 22 coloured
318 1272 55 23 nett,

62 1298 59 22 Lace
131 1297 86 27 edging,
228 1296 101 27 quilling,
341 1298 47 20 nett
397 1294 75 27 blond,

62 1324 88 22 Ladies'
159 1323 65 22 white
235 1323 45 21 and
289 1323 87 21 colored
382 1321 133 23 mousseline
522 1320 94 28 dresses,

62 1351 126 21 Children's
197 1349 60 26 plaid
268 1349 44 22 and
323 1350 64 32 fancy
397 1348 62 27 suits,

62 1377 96 27 Figured
169 1378 73 20 velvet
251 1376 45 21 and
306 1376 59 27 plaid
374 1375 73 22 frocks
456 1374 45 22 and
519 1374 97 27 pelisses,

62 1404 91 26 Cheine,
165 1403 133 22 mousseline
315 1403 27 21 de
360 1403 65 25 lame,
436 1401 100 26 Orleans,
548 1401 68 26 cloth,

36 1431 44 21 and
89 1431 97 22 merinos
193 1430 29 22 all
233 1429 71 22 colors
314 1429 46 21 and
369 1429 85 26 shades,

64 1457 87 23 Ladies'
162 1457 74 22 cloaks
247 1456 45 22 and
301 1456 73 22 velvet
382 1455 87 27 ribbon,

66 1484 148 22 Fashionable
225 1483 79 22 shawls
315 1483 43 21 and
369 1486 132 22 turn-overs,

64 1511 74 21 Prints
146 1511 45 21 and
202 1510 76 25 colico,

64 1537 52 22 And
123 1544 14 14 a
144 1541 63 23 great
216 1544 67 19 many
292 1536 62 22 other
364 1535 84 23 articles
457 1539 37 17 too
500 1541 119 15 numerous

37 1568 22 18 to
69 1564 109 22 mention.

65 1596 135 26 Wellington
212 1596 84 25 House,
309 1595 107 21 Lambton
428 1596 71 25 Quay,

172 1624 88 25 August
269 1624 33 24 22,
315 1623 59 20 1843.

132 1669 43 20 Ex
213 1668 81 26 Mary
332 1668 52 20 and

40 1702 71 49 ON
130 1702 79 21 SALE
221 1701 31 28 by
262 1701 37 21 the
310 1700 149 27 undersigned
470 1708 5 12 :—:
479 1711 27 4 —

118 1728 111 27 Blankets,

119 1755 77 27 Shoes,

120 1782 72 21 Prints
202 1782 45 21 and
256 1782 95 27 hosiery,

119 1809 51 21 Pots
179 1809 44 21 and
233 1809 89 26 kettles,

118 1836 37 21 An
166 1839 132 18 assortment
309 1835 25 21 of
349 1835 60 26 nails,
422 1833 116 28 including

144 1862 114 27 shingling
268 1863 64 26 nails,

117 1889 145 27 Turpentine.

118 1916 96 22 Linseed
224 1916 38 27 oil,

117 1943 68 22 Boots
195 1943 44 21 and
250 1943 73 26 shoes,

118 1970 21 21 A
149 1970 89 27 general
249 1971 132 20 assortment
391 1969 25 21 of
423 1969 163 28 ironmongery.

388 2003 116 21 Wallace
519 2003 20 21 &
554 2002 39 21 Co.

65 2031 88 26 August
162 2033 33 24 22,
207 2032 62 20 1843.
394 2045 2 6 ,

259 2076 53 20 For
327 2075 68 25 Sale,

38 2111 51 47 A
102 2110 104 22 HOUSE
217 2110 34 22 IN
262 2109 115 27 FRAME,
387 2108 123 27 consisting
518 2108 25 21 of
550 2108 70 26 Store,

116 2136 44 22 five
174 2144 80 18 rooms,
271 2136 65 22 made
351 2136 28 27 by
397 2135 137 27 Thompson,
555 2134 67 22 Com-

37 2163 91 21 mercial
147 2163 70 27 Road,
243 2162 133 23 Limehouse
386 2170 5 19 ;
417 2162 45 21 will
485 2162 27 21 be
536 2161 48 22 sold
609 2168 14 14 a

37 2190 100 27 bargain.
181 2190 87 26 Terms,
289 2189 53 22 cash
365 2196 58 20 upon
447 2188 111 26 delivery;
587 2188 36 21 for

39 2217 86 21 further
134 2217 135 28 particulars,
280 2216 67 28 apply
358 2219 20 18 to

483 2243 22 21 J.
521 2242 73 22 Rout.

66 2271 89 26 August
164 2272 32 25 22,
209 2271 61 21 1843.

188 2325 53 21 For
256 2324 106 20 Nelson
376 2323 94 24 direct,

213 2357 92 21 nnHE
329 2356 48 22 well
396 2356 82 21 known
497 2354 126 27 brigantine

71 2377 111 38 JBfjSk.
219 2377 30 29 A
355 2383 171 24 VANGUARD,

69 2404 133 36 Jyjjj^ljy
226 2411 91 21 Pelford
339 2414 96 21 master;
461 2409 45 21 will
527 2408 42 22 sail
595 2415 28 14 on

227 2437 110 27 Saturday
345 2437 103 26 morning
456 2444 5 13 :
476 2435 42 21 has
527 2435 97 27 superior

47 2459 161 36 (SS239^
227 2463 210 23 accommodations.

67 2501 45 22 For
120 2508 92 20 passage
222 2499 60 27 only,
294 2498 68 27 apply
370 2501 23 18 to

358 2524 81 22 Waitt
454 2524 43 21 and
511 2524 86 20 Tyser.

66 2554 144 28 Wellington,
222 2554 89 25 August
321 2553 33 25 22,
363 2553 60 20 1843.

127 2612 290 25 METEOROLOGICAL
431 2612 108 21 TABLE.

57 2649 44 20 For
111 2648 35 20 the
154 2647 55 20 week
218 2647 75 24 ending
305 2645 115 25 Thursday,
428 2645 55 24 Aug.
496 2644 34 24 10,
543 2644 61 20 1843.

58 2711 169 39 »as
251 2720 65 38 ssr,
332 2720 3 16 i
337 2692 86 82 ar)
444 2696 59 72 fll
543 2727 23 17 w
566 2727 39 18 «-

444 2764 59 22 CoeS

42 2812 82 21 Friday...
164 2813 10 15 9
257 2811 59 16 29.550
360 2811 25 15 49.
525 2810 86 22 Earterly.

163 2833 53 20 Ip.m.
257 2832 59 15 29.460
360 2832 26 15 SO.
445 2832 58 17 None.
524 2830 51 17 Dead
581 2832 47 17 calm

164 2854 11 16 4
257 2853 59 15 29.420
361 2852 25 16 50.
524 2851 63 17 South.

41 2874 30 17 Sst
165 2875 10 15 9
257 2873 60 17 29.350
361 2873 25 15 48.
524 2872 63 17 South.

165 2895 47 19 lp.m
258 2894 60 16 29.380
360 2893 26 16 49.
456 2894 37 16 0.57
525 2892 63 18 South.

165 2915 11 16 4
259 2915 59 16 29.400
360 2913 26 16 49.
525 2913 63 17 South.

42 2935 85 20 Sunday..
165 2936 10 15 9
361 2942 20 4 —
383 2945 4 5 .

166 2957 53 19 lp.m.
361 2962 20 4 —
383 2966 4 4 .
447 2956 57 16 None.

43 2997 85 21 Monday.
167 2997 9 15 9
260 2997 59 16 29.325
362 2986 25 26 47!
526 2996 102 22 Southerly.

167 3018 52 20 lp.m.
261 3017 59 16 29.215
362 3017 26 16 53.
457 3017 37 17 0.07
526 3017 88 21 Easterly.

167 3039 11 15 4
260 3038 60 16 29.190
362 3038 25 15 52.
526 3037 56 17 Calm.
618 3035 4 4 '

44 3059 83 21 Tuesday
167 3059 10 16 9
261 3059 59 16 29.425
362 3059 26 16 48.
526 3058 64 17 South.

167 3080 52 21 Ip.m.
261 3080 59 16 29.460
362 3080 25 15 53.
457 3080 37 17 0.16
525 3079 65 17 South.

167 3101 10 16 4
260 3101 60 16 29.490
362 3100 25 16 56.
526 3099 55 17 N.E.I

44 3120 44 18 Wed
167 3122 10 15 9
260 3122 60 16 29.620
362 3122 26 16 50.
526 3120 45 18 N.E.

167 3143 53 19 Ipm.
259 3143 61 16 29.650
362 3143 26 16 55.
448 3142 58 17 None.
527 3141 45 17 N.E.

167 3164 10 15 4
261 3163 59 16 29.675
362 3164 26 15 55.
526 3162 46 17 N.E.

44 3183 82 17 Thurs...
167 3184 10 15 9
261 3183 59 17 29.775
362 3185 36 15 52.5
527 3183 75 17 N.N.W.

167 3205 52 20 lp.m.
261 3204 59 17 29.765
363 3205 35 16 57.5
448 3204 58 17 None.
527 3204 76 17 N.N.W.

167 3226 11 15 4
261 3226 59 16 29.710
363 3225 25 17 S7.
527 3224 76 17 N.N.W.

377 3261 124 17 REMARKS.

47 3281 81 21 Friday...
169 3284 10 15 9
249 3282 50 18 Dead
308 3282 47 17 calm
362 3282 34 16 and
403 3283 88 15 overcast.

168 3305 53 19 lp.m.
291 3304 34 16 Do.
367 3303 11 19 D
378 3303 22 19 9,
444 3302 33 17 Do.

169 3326 11 17 4
249 3324 54 21 Light
309 3324 62 17 breeze
379 3324 35 16 and
423 3324 87 16 overcast.

46 3343 31 16 Sat
169 3347 10 15 9
249 3346 66 20 Strong
322 3345 60 16 breeze
389 3344 37 16 and
433 3344 87 16 overcast.

169 3367 53 20 lp.m.
249 3366 57 17 Fresh
368 3366 33 17 Do.
445 3365 33 16 Do.

169 3388 10 16 4
250 3387 66 19 Strong
365 3386 33 16 Do.
441 3385 34 17 Do.

46 3404 84 21 Sunday..
170 3409 10 16 2

170 3430 53 19 lp.m.

170 3451 11 15 4

48 3465 84 21 Monday.
170 3471 11 15 9
204 3482 5 2 .
250 3470 51 17 Calm
307 3470 37 17 and
351 3470 45 16 rain.

171 3492 53 20 lp.m.
292 3491 34 17 Do.
368 3491 32 16 Do.
443 3490 86 16 overcast.

171 3512 11 15 4
293 3512 33 16 Do.
368 3511 32 17 Do.
445 3510 33 17 Do.

49 3526 83 21 Tuesday
172 3533 10 14 9
251 3532 92 17 Moderate
349 3533 61 15 breeze
417 3531 37 17 and
461 3531 45 16 rain.

173 3554 52 19 lp.m.
293 3553 34 16 Do.
369 3553 31 16 Do.
444 3552 86 16 overcast.

173 3573 11 15 4
252 3573 54 21 Light
312 3574 62 16 breeze
381 3573 36 17 and
424 3577 44 17 very
474 3573 41 16 fine.

52 3593 41 13 ««o
173 3594 10 15 9
249 3592 2 24 1
295 3594 32 16 Do.
369 3594 15 16 dO.d
386 3599 9 12 0
396 3606 6 5 .
444 3594 86 16 overcast.

174 3614 52 20 lp.m.
252 3613 55 21 Light
315 3614 60 17 breeze
383 3615 36 16 and
425 3618 43 16 very
475 3614 43 17 fine.

103 3649 5 7 ,
174 3634 11 16 4
249 3632 95 22 JModerate
370 3635 33 17 Do.
445 3635 33 16 Do.

65 3651 37 17 ku*
115 3661 19 7 .«
174 3656 10 14 9
249 3654 60 17 iFresh
316 3655 39 20 gale
362 3656 34 16 and
402 3656 47 16 fine.-

174 3676 54 20 lp.m.
254 3675 65 20 Strong
327 3676 59 17 breeze
395 3677 36 16 and
436 3677 43 16 fine.

174 3697 11 15 4
250 3693 4 21 I
295 3696 34 16 Do.
371 3696 32 17 Do.
447 3697 33 17 Do.
