2510 4029
1912 2990 95 23 Death
2025 2997 30 16 of
2075 2989 45 24 Sir
2138 2990 71 23 John
2232 2990 119 30 Gordon,
2370 2992 91 30 Bart.,

1879 3030 31 16 of
1929 3022 146 24 Earlston.
2077 3035 35 4 —
2112 3023 45 23 We
2174 3023 58 24 have
2247 3029 22 18 to
2288 3032 117 17 announce
2425 3025 37 25 the

1879 3056 67 23 death
1959 3056 25 23 of
1993 3056 37 23 Sir
2042 3055 60 24 John
2115 3056 103 30 Gordon,
2228 3057 74 29 Bart.,
2313 3062 24 19 at
2345 3058 116 30 Earlston,

1879 3093 118 27 stewartry
2009 3090 24 22 of
2051 3089 179 31 Kirkudbright,
2244 3098 29 14 on
2295 3090 95 31 Sunday
2407 3092 54 24 last.

1879 3123 38 22 Sir
1929 3123 60 22 John
2000 3130 46 15 was
2057 3123 24 22 in
2094 3122 37 23 the
2142 3123 74 29 prime
2228 3124 26 21 of
2263 3123 47 23 life.
2312 3135 33 4 —
2345 3123 61 24 Ibid.

1912 3156 51 23 The
1974 3155 54 25 Van
2038 3155 121 23 Diemen's
2171 3156 68 23 Land
2257 3164 81 23 papers
2355 3156 58 24 have
2424 3165 37 16 re-

1878 3193 65 30 ports
1962 3189 25 23 of
2002 3189 202 23 embarrassments
2224 3189 25 23 in
2266 3189 58 23 New
2343 3189 101 25 Zealand
2454 3200 6 20 ;

1878 3230 42 15 one
1931 3222 111 31 difficulty
2052 3222 77 33 being,
2141 3222 51 23 that
2204 3222 38 23 the
2259 3222 94 24 Natives
2369 3223 92 24 refused

1878 3259 22 19 to
1912 3255 43 24 sell
1966 3255 53 24 land
2037 3260 81 26 except
2136 3260 24 19 at
2181 3257 53 22 20s.
2248 3263 28 16 an
2297 3263 51 16 acre
2355 3255 7 24 !
2364 3268 32 4 —
2397 3264 14 15 a
2421 3261 40 19 not

1877 3288 132 32 impossible
2028 3289 130 30 pretension
2178 3293 23 18 to
2222 3288 28 23 be
2269 3293 36 18 set
2322 3296 30 23 up
2371 3288 30 32 by
2421 3290 40 22 the

1877 3321 69 32 sharp
1958 3322 41 23 but
2010 3322 104 30 ignorant
2132 3321 147 31 Aborigines,
2291 3321 64 23 when
2366 3329 94 25 promp-

1878 3355 37 23 ted
1926 3355 31 30 by
1967 3354 110 24 insidious
2089 3355 109 30 tutoring.
2234 3354 25 23 It
2266 3354 46 24 will
2324 3354 27 23 be
2360 3363 99 17 remem-

1877 3388 76 29 bered,
1965 3388 110 28 however,
2096 3387 49 23 that
2160 3387 69 23 much
2245 3387 104 30 jealousy
2362 3387 26 24 of
2402 3388 58 25 New

1878 3421 104 23 Nealand
1995 3421 38 23 has
2046 3420 87 23 existed
2144 3420 24 23 in
2187 3420 53 23 Van
2252 3420 119 24 Diernen's
2383 3420 75 31 Land^

1878 3454 94 24 whither
1985 3462 26 15 an
2024 3457 67 26 agent
2102 3460 56 16 once
2178 3452 57 24 tried
2250 3456 22 20 to
2285 3452 69 32 decoy
2366 3454 93 25 labour-

1877 3495 36 16 ers
1932 3487 60 25 from
2012 3486 56 24 Port
2087 3485 135 25 Nicholson.
2258 3485 26 24 If
2299 3486 38 24 the
2358 3493 63 27 story
2440 3489 21 24 ia

1877 3524 57 25 true,
1947 3521 18 23 it
1977 3521 20 23 is
2009 3528 14 14 a
2040 3518 115 24 ludicrous
2174 3519 103 23 instance
2296 3519 25 24 of
2336 3521 39 24 the
2395 3522 66 25 effect

1876 3553 113 32 produced
2009 3552 30 30 by
2061 3551 127 31 intriguing
2207 3556 106 28 attempts
2333 3558 24 19 to
2376 3560 35 18 set
2421 3555 39 23 the

1877 3587 95 23 Natives
1994 3593 29 24 up
2042 3584 89 31 against
2158 3584 37 24 the
2219 3585 100 25 settlers.
2320 3599 34 5 —
2357 3587 104 25 Colonial

1879 3619 101 22 Gazette.

1910 3657 23 23 It
1945 3663 92 24 appears
2049 3655 49 24 that
2108 3655 40 24 the
2160 3657 93 31 Society
2261 3658 25 23 of
2296 3658 52 25 Odd
2360 3658 98 25 Fellows

1876 3697 51 15 now
1938 3693 97 19 musters
2046 3688 79 31 nearly
2138 3691 91 27 11,000
2248 3691 112 23 members
2379 3692 24 23 in
2414 3691 51 24 this.

1876 3722 94 28 district,
1984 3721 43 23 and
2039 3721 69 24 above
2122 3723 75 28 1,000
2211 3725 24 22 in
2247 3723 154 30 Birkenhead,
2413 3724 45 24 and

1877 3754 47 24 that
1946 3754 39 23 the
2007 3754 55 24 total
2085 3756 97 23 number
2212 3758 24 22 in
2265 3757 38 23 the
2332 3758 84 30 empire
2438 3756 20 24 is

1876 3789 116 26 300,000.
2028 3787 93 33 Among
2141 3789 65 24 these
2225 3798 37 16 are
2273 3794 40 19 not
2324 3790 68 23 fewer
2402 3789 55 25 than

1877 3822 47 22 108
1937 3820 116 25 Members
2065 3822 26 23 of
2106 3822 148 30 Parliament,
2266 3822 89 24 besides
2366 3822 90 31 Magis-

1875 3857 71 19 trates
1958 3853 44 24 and
2020 3854 138 31 Clergymen
2176 3856 24 23 in
2221 3854 138 25 adundance.
2395 3855 72 24 Lord*

1876 3886 140 32 Brougham,
2028 3887 63 25 Lord
2103 3888 101 29 Sandon,
2217 3888 47 24 Mr.
2276 3887 93 29 Justice.
2375 3887 83 30 Cress?

1876 3919 58 30 well,
1947 3920 44 24 and
2002 3921 38 23 Sir
2050 3920 88 24 Joshua
2149 3921 133 30 Walmsley,
2294 3927 39 17 are
2345 3921 113 25 members

1877 3958 22 22 in
1912 3961 41 16 our
1965 3961 50 16 own
2026 3953 95 24 district.
2124 3966 34 4 —
2159 3952 123 32 Liverpool
2287 3959 82 26 paptr.

558 39 99 47 g-qc
680 40 118 42 Kfto
823 42 210 43 gcataub
1058 44 192 50 <sra?ett<
1273 47 91 39 an&
1388 47 297 49 gmutngton
1712 47 240 50 &ptctator

71 135 143 26 Medicinal
225 130 143 25 Qualities
379 135 31 18 of
426 136 51 17 the
496 129 146 25 Phormium

294 163 103 23 Tenax.

71 202 72 24 Letter
158 200 23 19 to
198 195 38 23 the
257 195 82 22 Editor
358 195 25 22 of
398 193 39 24 the
457 193 117 25 Chemical
591 196 48 23 Ga-

99 233 61 25 zette,
172 236 28 15 on
212 227 134 24 Phormium
355 232 68 18 tenax
441 234 28 16 as
488 235 14 15 a
521 228 120 24 substitute

90 264 45 32 for
144 259 163 32 Sarsaparilla.
360 260 36 30 By
414 259 43 24 Dr.
480 260 158 31 Dieffenbach,

97 293 122 29 Naturalist
229 297 23 19 to
264 292 38 24 the
314 292 58 24 New
381 292 102 24 Zealand
495 294 126 32 Company.

400 330 52 25 Jan.
466 331 50 29 sth,
530 334 74 23 1843.

96 374 72 24 Dear
185 371 53 28 Sir,
239 383 34 3 —
273 370 54 23 You
339 378 37 16 are
388 378 71 17 aware
480 372 26 23 of
520 372 38 23 the
577 373 60 23 exis-

69 414 56 19 tence
134 405 22 24 of
170 412 14 15 a
192 403 64 32 plant
266 403 25 23 in
303 403 57 24 New
372 402 100 25 Zealand
480 404 74 24 which
565 405 72 30 yields

68 451 12 15 a
88 445 73 24 strong
170 436 46 24 and
226 436 109 23 beautiful
346 436 54 29 flax,
412 444 77 17 serves
500 437 39 24 the
550 439 87 24 natives

67 478 29 22 for
107 472 34 24 the
147 468 181 32 manufacturing
336 470 25 22 of
370 469 59 24 their
436 471 89 23 articles
533 471 26 23 of
567 471 69 30 dress,

67 506 75 28 fishing
151 506 45 25 net,
217 502 45 23 and
279 510 25 15 so
323 510 37 21 on,
379 502 43 24 and
445 503 75 24 which
537 504 23 23 is
579 510 59 19 most

67 536 115 29 invaluable
191 539 23 19 to
226 534 71 25 them.
342 536 54 23 You
413 536 75 29 know,
509 537 26 23 of
549 544 87 23 course,

67 574 42 25 that
118 570 13 24 I
142 575 63 17 mean
217 568 37 23 the
265 567 135 24 Phormium
410 572 76 21 tenax.
523 570 49 23 But
583 570 53 25 Ido

66 610 33 21 not
109 603 81 24 believe
201 602 18 22 it
229 601 21 23 is
262 600 84 24 known
356 602 48 23 that
423 602 38 24 the
479 608 53 19 root
550 603 27 24 of
591 604 45 24 this

67 645 47 24 very
134 642 59 17 same
212 633 64 31 plant
293 635 21 23 is
325 634 48 23 also
384 635 56 24 used
451 635 32 32 by
493 637 39 22 the
540 638 95 29 natives,

66 671 36 26 and
111 670 29 29 by
149 667 38 24 the
196 666 37 24 old
243 667 123 32 European
375 668 98 30 settlers,
487 677 24 15 as
525 678 14 15 a
548 678 87 23 power-

66 704 35 26 full
118 701 114 28 medicine,
253 701 45 23 and
316 701 49 23 that
384 701 19 24 it
422 702 48 24 will
488 710 54 24 very
565 703 71 32 likely

66 743 58 27 prove
141 741 27 16 an
185 733 113 24 excellent
316 734 99 24 addition
435 740 22 18 to
476 743 42 15 our
536 736 100 24 Materia

67 769 84 27 Medica,
174 774 24 16 or
217 774 13 16 a
248 766 123 25 substitute
386 767 35 24 for
440 776 62 16 more
513 771 122 29 expensive

66 802 115 27 medicines,
194 807 25 16 as
230 800 20 23 it
261 807 41 16 can
314 800 28 23 be
355 801 104 23 obtained
470 802 24 22 in
506 810 45 23 any
563 810 71 24 quan-

66 838 40 29 tity,
118 833 40 24 and
167 832 71 31 might
253 840 70 23 prove
341 841 29 16 an
386 833 123 25 additional
529 844 106 16 resource

66 875 17 19 to
92 869 45 23 that
147 866 87 24 British
245 867 139 30 possession.
424 866 134 25 Phormium
569 872 66 20 tenax

65 903 81 28 belongs
156 903 24 19 to
191 906 14 16 a
213 899 80 31 family
304 899 26 24 of
344 899 75 32 plants
438 906 60 18 most
518 902 25 23 of
558 903 76 22 which

65 941 79 28 possess
154 939 63 16 some
238 932 111 32 powerful
366 934 130 30 principles,
516 936 44 22 viz.
562 948 33 4 —
596 936 38 23 the

64 967 94 26 LiKacee
169 965 25 23 of
208 964 100 33 Lindley
327 966 44 23 and
389 972 106 26 amongst
513 968 63 24 them
596 969 38 23 the

64 1004 55 22 latter
130 998 78 25 author
219 998 43 24 has
273 999 80 31 placed
366 1000 18 23 it
395 1000 72 23 uuder
479 1000 37 24 the
528 1001 104 31 Aspara-

62 1035 66 32 gkea,
141 1032 43 23 and
196 1031 90 24 Robert
300 1032 82 24 Brown
400 1033 54 24 with
474 1033 38 24 Sir
532 1035 101 23 William

64 1066 91 28 Hooker,
168 1065 73 24 under
252 1065 39 24 the
308 1065 154 29 Asphodelea.
509 1068 125 24 Wherever

62 1103 24 22 its
96 1105 46 18 true
151 1099 114 23 botanical
276 1099 65 30 place
355 1108 52 22 may
422 1100 36 27 be,
478 1101 30 23 its
527 1101 106 24 relations

63 1142 30 16 are
112 1131 135 31 sufficiently
271 1132 97 30 evident,
392 1141 25 15 as
439 1134 49 23 well
512 1143 25 14 as
558 1139 23 19 to
595 1135 38 23 the

62 1165 113 28 Smilacete,
187 1164 73 24 which
269 1166 64 29 gives
342 1174 28 15 us
382 1165 37 23 the
436 1167 129 24 invaluable
575 1167 58 24 Sar-

61 1198 106 33 sapurilla.
215 1197 35 24 Its
271 1203 50 18 root
342 1199 20 23 is
379 1198 82 25 indeed
478 1201 57 23 used
552 1202 36 23 for
604 1202 29 23 all

61 1234 31 23 the
107 1238 107 25 purposes
233 1231 35 23 for
288 1232 72 23 which
381 1240 32 15 we
428 1233 52 30 give
501 1234 38 23 the
557 1235 74 24 latter.

60 1267 19 24 It
87 1267 17 22 is
113 1274 13 15 a
137 1264 70 29 thick,
218 1264 82 31 fleshy,
314 1265 106 23 tuberous
432 1270 57 25 root,
506 1267 25 23 of
547 1276 15 15 a
582 1268 49 31 yel-

60 1299 71 25 lowish
149 1305 147 24 appearance,
313 1299 20 22 if
349 1303 37 19 cut
397 1298 64 24 when
473 1299 69 30 fresh,
556 1302 44 22 and
611 1302 25 23 of

61 1341 11 16 a
81 1332 70 24 rather
162 1338 100 16 nauseus
273 1332 45 22 and
339 1332 123 23 somewhat
480 1334 62 23 acrid
566 1339 65 20 taste.

62 1366 21 24 If
95 1365 61 24 made
167 1365 49 23 into
226 1372 14 15 a
251 1364 124 30 decoction,
392 1366 16 22 it
429 1366 113 25 increases
553 1367 31 24 all
596 1368 37 24 the

60 1399 114 24 secretions
183 1397 26 24 of
223 1397 39 24 the
273 1405 94 16 mucous
377 1399 152 30 membranes,
542 1401 46 24 and
595 1401 38 24 the

60 1432 92 24 external
163 1430 52 24 skin
226 1440 7 19 ;
253 1432 18 22 it
291 1432 20 22 is
330 1433 126 29 purgative,
478 1440 153 25 expectorant,

60 1465 91 31 strongly
164 1464 102 28 diuretic,
278 1465 43 22 and
334 1465 57 23 after
401 1466 31 23 its
450 1473 49 22 use,
521 1468 39 23 the
580 1468 52 23 skin

59 1501 17 22 is
101 1497 92 25 covered
212 1497 54 23 with
288 1498 158 31 perspiration.
487 1500 77 24 There
587 1510 44 21 are,

59 1534 101 25 however,
173 1539 29 15 no
215 1531 84 23 violent
311 1536 125 26 symptoms
444 1534 124 24 connected
579 1534 54 24 with

59 1568 24 22 its
94 1573 47 20 use,
152 1572 25 15 as
189 1564 54 23 with
255 1564 65 24 other
329 1565 73 23 acrids
411 1574 6 19 ;
441 1574 28 15 no
488 1568 54 29 pain
559 1569 22 22 in
596 1568 37 24 the

59 1599 101 27 stomach,
174 1605 24 16 or
210 1597 117 24 affections
340 1599 24 22 of
374 1599 37 23 the
422 1607 98 17 nervous
532 1606 85 26 system
624 1611 6 20 ;

60 1640 24 16 on
95 1632 37 23 the
143 1636 111 25 contrary,
267 1631 110 32 although
389 1632 35 23 far
443 1640 63 17 more
524 1635 109 30 powerful

58 1666 48 23 than
118 1663 157 32 Sarsaparilla
287 1662 91 32 (which,
390 1665 111 31 however,
509 1675 54 24 may
575 1670 57 23 arise

58 1699 53 23 from
122 1698 36 23 the
168 1698 63 30 large
240 1699 104 30 quantity
354 1699 55 23 used
420 1699 35 23 for
467 1708 14 14 a
496 1701 137 33 decoction,)

58 1734 16 21 it
94 1739 71 16 seems
187 1736 23 18 to
231 1731 111 23 resemble
360 1732 38 23 the
418 1732 67 24 latter
495 1740 61 18 most
568 1736 23 23 in
603 1736 29 23 its

59 1766 79 27 effects,
150 1766 24 21 in
185 1764 126 31 producing
323 1773 12 15 a
347 1766 92 30 general
450 1766 87 32 change
555 1769 25 23 of
595 1769 38 23 the

57 1797 190 31 metamorphosis.
292 1798 13 23 I
325 1798 56 23 have
400 1799 58 24 been
477 1802 96 23 assured
586 1802 47 23 that

57 1836 55 19 most
122 1832 123 22 inveterate
257 1838 51 16 case
321 1832 25 22 of
360 1832 104 31 syphilis,
477 1834 93 24 chronic
591 1843 40 16 ex-

57 1865 130 23 anthematic
207 1864 107 29 diseases,
334 1866 43 22 and
393 1867 163 31 scrophulosis,
576 1869 55 23 have

55 1898 85 32 yielded
157 1901 22 19 to
198 1898 31 28 it;
256 1898 44 22 and
318 1898 57 24 from
396 1900 45 22 this
465 1901 123 32 testimony
610 1902 25 23 of

56 1932 82 22 natives
149 1931 44 23 and
205 1931 61 22 older
285 1931 95 29 settlers,
401 1933 13 24 I
433 1933 57 24 have
509 1935 82 24 indeed
609 1936 23 23 in

57 1973 62 22 many
131 1972 62 15 cases
209 1964 57 23 been
287 1964 96 24 induced
401 1971 23 18 to
442 1969 145 23 recommend
606 1969 24 29 it,

55 1999 37 21 but
102 2006 44 15 was
158 1997 81 23 unable
252 2002 21 18 to
287 1998 70 23 watch
369 1999 29 22 its
418 2000 87 25 effects.
547 2002 37 23 As
602 2003 30 22 its

55 2034 54 20 taste
120 2030 19 23 is
149 2029 75 24 rather
236 2038 121 22 nauseous,
374 2039 62 16 some
457 2034 26 22 of
497 2034 38 24 the
555 2035 76 24 Euro-

55 2071 66 23 peans
142 2063 47 23 mix
210 2063 18 23 it
245 2063 55 24 with
321 2064 37 23 the
375 2065 75 24 leaves
468 2067 26 23 of
508 2067 38 24 the
560 2068 72 24 Kawa

56 2096 81 31 (Piper
153 2096 122 29 excelsumj
298 2097 73 24 which
393 2107 38 15 are
452 2102 110 23 aromatic
588 2103 43 24 and

55 2131 58 30 spicy
123 2139 6 20 ;
149 2138 25 15 or
197 2130 53 23 with
266 2130 64 24 those
349 2131 24 24 of
389 2132 38 23 the
437 2133 105 25 Manuka
558 2134 71 33 (Z,e/;-

55 2167 129 27 tospermum
194 2163 150 32 scoparium,)
357 2166 71 23 which
441 2169 89 23 contain
542 2176 13 16 a
570 2177 61 16 more

54 2197 56 23 fixed
118 2197 106 23 balsamic
234 2197 117 32 principle,
361 2199 43 24 and
413 2200 74 23 which
497 2201 134 25 themselves

54 2239 34 15 are
98 2231 24 23 in
134 2239 53 22 very
196 2238 104 16 common
312 2240 40 16 use
363 2241 26 15 as
398 2233 179 25 well-flavoured
587 2236 44 23 and

55 2263 74 32 highly
142 2264 94 24 diuretic
246 2265 133 24 substitutes
388 2267 25 22 of
421 2267 35 23 for
466 2272 43 19 tea.
540 2268 92 32 During

54 2305 41 23 my.
100 2297 82 24 travels
193 2298 24 22 in
228 2297 59 24 New
299 2299 100 24 Zealand
411 2300 12 23 I
433 2300 61 24 often
502 2302 56 23 used
567 2302 62 29 both;

55 2331 39 23 and
106 2336 24 18 at
141 2338 61 16 some
214 2335 63 26 parts
286 2333 25 22 of
319 2333 38 23 the
365 2338 70 24 coast,
448 2334 75 25 where
534 2335 99 32 whaling

54 2372 67 23 gangs
131 2372 37 16 are
181 2364 144 31 established,
345 2366 37 24 the
394 2367 95 24 whalers
501 2368 58 24 have
571 2369 60 23 often

54 2406 26 15 no
88 2396 63 25 other
161 2398 111 30 beverage
283 2399 33 23 for
328 2408 13 15 a
352 2400 53 31 long
417 2401 61 23 time.

83 2431 84 24 Would
177 2432 19 23 it
216 2435 40 20 not
276 2432 28 23 be
325 2434 140 31 interesting,
480 2435 47 23 Mr.
541 2435 89 28 Editor,

54 2469 20 19 to
92 2465 88 32 subject
199 2464 30 24 all
251 2465 63 24 these
333 2467 76 31 plants
431 2472 22 19 to
476 2476 29 15 an
528 2474 103 19 accurate

53 2497 93 32 analysis
156 2498 11 23 ?
202 2498 48 24 Not
270 2500 86 31 merely
376 2501 95 23 because
489 2503 19 21 it
526 2503 19 23 is
563 2510 67 16 never

54 2531 114 29 advisable,
190 2539 25 15 as
234 2540 28 15 an
285 2533 36 23 old
343 2534 97 23 medical
461 2535 125 24 instructor
609 2537 25 22 of

53 2565 56 22 mine
119 2564 56 24 used
186 2569 22 19 to
221 2573 47 22 say,
283 2571 21 18 to
317 2567 88 32 despise
423 2568 39 23 the
480 2573 116 19 nostrums
609 2570 24 23 of

54 2597 32 23 old
95 2606 91 21 women,
200 2598 44 23 and
256 2599 13 23 I
290 2608 53 23 may
360 2601 50 29 add,
424 2602 24 22 of
464 2602 112 24 so-called
593 2611 36 15 sa-

54 2638 50 24 vage
127 2632 95 28 nations,
247 2632 41 23 but
310 2634 95 24 because
428 2642 45 23 you
493 2636 75 30 might
593 2644 38 16 see

52 2672 12 14 v.
71 2664 75 24 nether
158 2665 37 23 the
208 2671 42 17 two
271 2666 67 24 latter
358 2667 75 31 plants
454 2669 121 24 contained
594 2670 37 23 the

53 2705 57 16 same
121 2698 108 31 principle
241 2707 26 15 as
288 2700 38 23 the
346 2701 97 23 Chinese
465 2707 44 19 tea.
546 2702 27 24 If
587 2711 44 22 you

52 2731 69 23 would
132 2731 26 24 do
171 2739 33 21 so,
217 2732 45 24 and
274 2733 48 24 also
334 2735 92 30 analyse
439 2735 37 24 the
489 2740 50 19 root
552 2736 25 23 of
592 2736 38 24 the

50 2762 136 32 Phormium,
205 2764 14 24 I
238 2765 57 24 have
315 2775 28 15 no
362 2768 70 23 doubt
452 2768 49 24 that
519 2769 114 24 excellent

53 2797 99 30 botanist,
166 2798 39 23 Sir
215 2798 104 25 William
341 2801 103 29 Hooker,
458 2808 24 16 at
500 2802 58 23 Kew
571 2803 60 23 Gar-

54 2829 58 31 dens,
130 2831 46 24 will
194 2832 94 30 provide
308 2841 45 23 you
371 2834 53 24 with
448 2836 136 30 specimens,
607 2844 24 16 as

53 2862 126 26 Phormium
198 2864 193 32 Leptospermum,
408 2876 38 15 are
468 2869 77 29 found,
558 2874 24 19 at
602 2869 31 24 all

54 2902 80 24 events,
146 2898 24 23 in
189 2898 49 23 that
255 2898 111 25 beautiful
385 2900 126 25 collection.
549 2902 13 24 I
575 2903 56 23 have

53 2937 25 15 no
97 2930 70 24 doubt
186 2931 39 24 the
248 2931 58 24 New
327 2934 101 23 Zealand
445 2935 121 31 Company
587 2936 46 23 will

53 2964 51 23 send
114 2964 35 23 for
167 2972 15 16 a
202 2966 104 30 quantity
327 2967 26 23 of
367 2967 63 23 these
448 2969 130 30 vegetables
598 2970 35 23 for

52 2996 90 32 making
151 3005 14 16 a
176 2998 60 24 trial.

250 3031 13 23 I
276 3039 44 21 am,
332 3033 76 30 your's
418 3034 68 30 truly,

303 3065 31 24 E.
348 3065 199 32 Dieffenbach,
560 3069 70 24 M.D.

81 3102 157 24 Submarine
262 3103 159 26 Telescope.
439 3118 33 4 —
489 3107 26 23 A
535 3107 54 31 lady
610 3108 25 23 of

52 3134 115 32 Brooklyn
178 3135 42 24 has
231 3136 107 25 invented
350 3146 13 15 a
374 3138 92 25 method
477 3140 26 23 of
516 3140 116 24 illumina-

52 3168 46 31 ting
109 3168 85 32 objects
206 3170 73 23 under
292 3175 74 25 water,
379 3180 26 15 so
424 3172 51 24 that
485 3181 29 16 an
527 3173 106 24 observer

52 3205 22 19 at
84 3202 38 23 the
134 3202 94 30 surface,
241 3203 32 31 by
284 3211 78 17 means
374 3205 26 24 of
414 3214 14 15 a
439 3206 143 31 water-tight
593 3215 38 23 cy-

52 3233 78 32 linder,
142 3235 84 32 having
237 3244 15 16 a
268 3237 64 31 glass
351 3239 99 24 inserted
470 3240 24 24 in
513 3241 30 23 its
563 3239 69 25 lower

53 3268 80 30 orifice,
146 3277 40 16 can
198 3270 68 24 make
281 3272 153 25 examination
443 3274 73 24 under
528 3277 69 20 water
609 3279 22 19 to
638 3289 4 6 .

54 3307 40 24 any
112 3303 122 23 accessible
254 3304 77 31 depth.
367 3305 37 32 By
423 3314 81 17 means
523 3307 26 23 of
564 3316 13 15 a
595 3316 36 15 re-

52 3333 82 31 flector,
146 3335 38 23 the
201 3335 51 24 hull
271 3338 26 23 of
311 3346 14 15 a
345 3338 51 32 ship
417 3347 42 16 can
476 3340 49 24 also
536 3340 30 24 be
577 3349 54 15 exa-

52 3367 73 24 mined
145 3368 60 24 from
226 3370 31 22 its
280 3371 66 24 deck.
388 3372 52 24 The
457 3373 48 24 fair
527 3375 104 24 inventor

52 3399 94 25 believes
157 3401 51 23 that
217 3401 38 24 the
266 3403 111 33 telescope
385 3406 46 23 will
435 3406 28 23 be
469 3406 70 25 found
550 3407 81 32 highly

51 3434 72 23 useful
134 3434 35 23 for
180 3434 46 23 this
236 3443 107 24 purpose,
356 3438 44 24 and
411 3439 50 24 that
480 3441 19 23 it
518 3448 54 24 may
584 3441 47 24 also

50 3465 26 24 be
87 3467 161 31 economically
261 3469 90 31 applied
369 3472 25 22 in
404 3471 39 24 the
454 3473 142 31 exploration
609 3475 25 23 of

53 3500 87 24 sunken
149 3500 96 30 wrecks,
257 3502 45 23 and
317 3503 25 23 in
353 3503 38 23 the
408 3505 63 30 pearl
488 3507 46 23 and
545 3515 86 24 sponge

51 3531 108 27 fisheries.
196 3533 25 24 It
230 3534 21 23 is
269 3542 52 16 now
338 3536 128 33 exhibiting
483 3547 68 24 every
563 3548 67 16 even-

51 3565 37 32 ing
99 3571 24 19 at
134 3566 124 24 Barnum's
276 3568 124 25 American
419 3570 118 26 Museum.
538 3585 34 4 —
572 3573 59 25 New

54 3596 58 26 York
122 3599 86 32 Paper.

82 3632 51 24 The
144 3632 61 24 rural
216 3632 74 32 police
301 3634 36 23 for
349 3634 39 24 the
398 3636 90 24 district
499 3638 26 23 of
540 3638 91 25 Lanca-

54 3664 64 31 shire,
138 3665 124 30 Lonsdale,
273 3666 43 24 has
335 3667 58 24 been
412 3669 99 24 reduced
528 3672 106 24 one-half

54 3697 57 25 since
123 3698 59 25 their
191 3699 52 24 first
259 3700 176 25 establishment
445 3707 45 19 two
501 3711 66 23 years
579 3713 50 23 ago.

54 3729 47 25 The
112 3740 120 16 enormous
244 3740 100 24 expense
356 3733 25 25 of
389 3734 39 24 the
435 3735 60 24 force
504 3744 46 16 was
559 3736 72 34 justly

54 3765 135 31 complained
201 3765 31 24 of.
417 3789 5 3 .

82 3797 86 32 Judges
179 3799 87 29 James,
278 3799 26 24 of
312 3799 95 30 Boston,
421 3800 88 25 United
522 3802 76 25 States
609 3805 25 23 of

54 3828 109 32 America,
182 3832 42 24 has
240 3838 52 19 sent
312 3841 15 16 a
343 3834 133 23 remittance
494 3835 26 24 of
534 3836 55 24 £50
609 3841 22 19 to

54 3860 45 27 Mr.
107 3864 142 31 ,o'Connell,
264 3865 59 25 from
360 3866 51 24 The
422 3867 89 25 Boston
522 3868 109 25 Associa-

54 3894 44 25 tion
109 3897 24 24 of
142 3898 97 25 Friends
246 3899 32 26 ,of
411 3900 54 25 with
476 3909 17 16 a
501 3902 99 31 promise
609 3903 25 23 of

54 3934 59 19 more
121 3930 29 33 by
160 3932 38 24 the
207 3936 55 22 next
271 3932 90 31 packet.

703 130 60 24 New
781 130 127 26 Zealand
926 132 81 26 Fxax.
1009 146 34 5 —
1044 134 24 24 It
1090 135 46 23 will
1153 135 29 23 be
1198 142 54 16 seen

668 162 31 31 by
710 170 31 17 an
752 163 176 25 advertisement
938 167 24 22 in
983 174 42 16 our
1045 167 102 24 columns
1167 169 26 23 of
1207 169 44 23 this

669 195 50 31 day,
728 196 48 23 that
785 196 44 24 this
842 198 104 24 valuable
957 200 97 23 colonial
1063 201 73 31 staple
1143 202 20 22 is
1170 202 80 29 begin-

668 228 40 31 ing
729 233 22 19 to
771 229 80 28 excite,
863 231 39 23 the
916 233 110 23 attention
1038 233 73 23 which
1123 235 31 22 its
1165 235 85 30 impor-

666 265 67 20 tance
743 261 57 31 fully
810 262 88 25 merits.
934 264 29 24 In
976 270 95 26 support
1083 267 26 22 of
1118 266 38 24 the
1164 266 86 32 objects

668 294 24 23 of
708 294 38 23 the
756 294 131 29 advertiser,
906 304 34 16 we
959 296 57 25 have
1035 306 55 16 seen
1109 299 48 24 Mr.
1177 299 73 24 Ball's

666 331 78 27 report
755 327 43 23 and
809 328 123 25 certificate
948 331 108 31 attesting
1075 331 39 24 the
1131 333 78 23 merits
1228 332 26 24 of

667 358 38 25 the
713 361 136 30 waterproof
864 361 73 24 cloths
948 363 171 25 manufactured
1130 365 60 24 from
1208 365 38 24 the

666 391 118 24 Phomium
795 395 68 21 tenax
873 394 26 23 of
914 394 58 25 New
983 396 109 25 Zealand.
1123 398 70 24 From
1205 399 44 23 this

666 424 121 24 document
796 426 20 23 it
833 434 97 24 appears
948 428 48 24 that
1017 429 49 25 Mr.
1089 430 101 31 Donlan,
1212 431 37 23 the

666 462 104 26 patentee
780 458 25 24 of
820 459 38 24 the
869 462 138 30 waterproof
1021 463 69 29 cloth,
1103 463 111 25 delivered
1227 469 22 18 to

666 490 49 24 Mr.
727 490 52 24 Ball
788 492 24 23 in
825 493 65 25 1837
903 501 13 15 a
928 494 114 24 sufficient
1056 498 104 30 quantity
1172 497 25 24 of
1211 497 38 23 the

665 524 135 31 waterproof
814 524 73 25 fabric
903 526 35 24 for
956 535 14 15 a
988 535 97 24 waggon
1103 537 66 16 cover
1178 539 6 20 ;
1203 530 46 24 this

665 556 61 24 cloth
739 564 43 16 was
794 562 41 26 put
847 559 48 23 into
906 567 49 22 use,
975 560 44 23 and
1039 569 68 24 every
1123 568 124 27 stratagem

664 597 46 15 was
723 590 55 23 used
788 595 22 19 to
822 595 45 19 test
878 592 30 23 its
921 593 112 31 strength,
1052 595 134 29 soundness,
1205 597 44 23 and

664 623 129 31 durability,
804 623 36 24 for
852 632 13 15 a
876 626 79 30 period
967 626 24 23 of
1007 627 44 23 five
1068 635 75 23 years,
1165 630 84 30 during

663 656 75 22 which
749 657 54 22 time
814 657 18 23 it
840 657 116 25 exhibited
964 666 29 16 no
1002 660 111 32 tendency
1121 666 22 19 to
1151 662 96 29 mildew,

664 688 44 24 and
731 693 23 19 to
775 689 39 23 the
834 691 166 24 astonishment
1016 692 25 23 of
1057 701 67 23 every
1144 703 52 21 one,
1218 696 29 22 its

662 729 88 24 powers
762 722 25 23 of
796 723 124 24 resistance
930 729 23 19 to
964 724 39 24 the
1016 725 99 25 climatic
1123 728 124 23 influences

662 755 89 30 yielded
762 755 87 24 neither
861 761 24 18 to
897 757 38 24 the
946 757 92 25 hardest
1050 759 58 24 frost
1120 760 25 23 of
1160 762 86 28 winter,

662 795 42 15 nor
715 792 23 19 to
749 788 38 23 the
798 793 100 26 greatest
916 790 53 24 heat
988 791 26 23 of
1038 799 108 18 summer.
1195 795 47 23 Mr.

662 821 61 29 Ball,
747 821 111 32 speaking
876 823 59 23 from
953 823 60 31 forty
1029 825 73 30 years'
1115 828 132 29 experience

662 854 24 23 in
696 854 99 31 farming
805 859 95 19 matters
913 864 60 23 says,
1018 857 13 23 I
1044 857 57 25 have
1113 866 69 17 never
1194 868 54 16 seen

662 895 45 22 any
729 887 60 23 cloth
807 892 22 18 to
849 896 104 23 compare
974 890 56 23 with
1051 891 46 24 this
1120 892 80 30 fabric,
1217 894 30 23 its

662 920 112 31 lightness
786 921 43 23 and
842 921 121 32 flexibility
981 924 71 22 admit
1071 924 26 24 of
1111 925 30 23 its
1162 934 40 15 use
1222 927 25 23 in

662 953 38 24 the
723 953 80 24 double
827 956 104 30 capacity
953 956 26 23 of
1004 964 97 24 waggon
1125 959 45 22 and
1198 960 49 23 rick

777 986 51 30 and,
843 995 23 16 as
880 996 14 15 a
911 993 82 20 matter
1012 990 26 23 of
1054 998 87 22 course,
1160 992 36 24 for
1216 993 31 23 all

662 1019 66 25 other
738 1028 109 23 purposes
866 1021 26 23 of
913 1022 38 23 the
970 1030 62 16 same
1054 1028 88 21 nature.
1190 1026 57 23 This

661 1058 78 26 report
757 1054 19 22 is
790 1061 41 16 one
853 1054 25 23 of
894 1054 38 24 the
949 1061 101 25 greatest
1067 1058 139 31 importance
1223 1064 22 18 to

662 1087 37 23 the
714 1086 107 24 colonists
830 1087 26 24 of
871 1087 58 24 New
940 1089 109 29 Zealand,
1068 1098 26 15 as
1111 1091 51 23 well
1181 1099 24 16 as
1224 1096 22 19 to

662 1120 46 23 this
721 1124 101 27 country,
835 1121 45 24 and
892 1129 33 16 we
934 1127 58 19 trust
1004 1123 50 23 that
1064 1124 31 23 its
1113 1124 66 24 value
1202 1125 43 23 will

661 1153 27 23 be
701 1153 54 30 duly
767 1155 143 29 appreciated
922 1155 29 31 by
964 1164 40 14 our
1023 1157 142 23 commercial
1187 1166 58 21 men,

661 1194 24 15 as
695 1187 31 22 its
739 1193 189 24 encouragement
939 1189 72 23 would
1023 1190 52 30 give
1095 1198 13 15 a
1129 1191 116 23 consider-

661 1219 50 23 able
723 1219 97 31 impetus
829 1225 23 18 to
864 1221 30 22 its
904 1226 80 26 export
995 1222 59 23 from
1067 1223 57 23 New
1136 1224 108 24 Zealand.

660 1265 34 4 —
694 1251 146 31 Emigration
852 1252 104 32 Gazette,
967 1254 55 24 Feb.
1035 1256 24 28 4,
1072 1256 72 24 1843.

695 1285 52 23 The
767 1285 55 23 Earl
835 1286 26 23 of
878 1286 80 32 Derby
976 1288 50 29 has,
1047 1289 78 23 within
1146 1290 38 23 the
1202 1290 44 23 last

661 1318 87 29 month,
762 1319 96 30 granted
866 1319 75 24 leases
952 1325 23 19 to
984 1321 37 24 his
1033 1326 105 27 tenantry
1150 1328 24 18 at
1181 1324 65 23 small

661 1357 71 23 rents,
744 1360 25 15 as
779 1359 30 16 an
816 1359 189 25 encouragement
1012 1360 23 18 to
1045 1355 65 24 drain
1118 1356 44 23 and
1169 1357 76 23 other-

661 1385 52 23 wise
725 1386 100 30 improve
838 1386 37 23 the
887 1386 54 24 land
951 1388 25 22 in
987 1387 59 24 their
1058 1390 142 30 occupation.

695 1418 51 24 The
757 1419 70 30 Mayo
846 1419 45 23 and
908 1419 127 33 Tipperary
1046 1429 82 23 papers
1146 1424 99 23 mention

660 1452 88 23 further
758 1451 115 24 reduction
887 1452 26 23 of
919 1458 62 18 rents
992 1456 24 21 in
1026 1455 65 23 those
1099 1457 109 28 counties,
1221 1458 23 21 in

661 1492 153 24 consequence
826 1486 25 22 of
886 1486 37 22 the
933 1492 63 25 great
1009 1487 151 32 depreciation
1170 1490 25 22 in
1206 1490 38 23 the

661 1518 137 23 marketable
811 1517 65 24 value
889 1519 26 22 of
932 1520 147 30 agricultural
1090 1522 100 30 produce
1201 1523 44 23 and

660 1551 99 31 farming

694 1584 25 23 It
741 1586 19 21 is
780 1585 123 23 rumoured
920 1585 49 24 that
989 1586 39 24 the
1050 1595 42 16 son
1110 1588 25 23 of
1155 1588 89 25 Jeorme

661 1618 135 31 Bonaparte,
810 1618 50 23 who
881 1618 41 24 has
934 1620 88 23 arrived
1042 1621 24 23 in
1078 1621 101 30 Madrid,
1200 1623 20 22 is
1233 1630 13 16 a

661 1651 117 24 candidate
789 1651 35 23 for
836 1651 39 24 the
887 1652 61 24 hand
960 1653 24 23 of
993 1653 40 23 the
1042 1661 77 24 young
1130 1655 90 25 Queen.

695 1684 52 23 The
766 1684 63 23 Lord
854 1684 155 33 Lieutenancy
1030 1687 24 23 of
1075 1687 167 32 Stirlingshire,

660 1717 110 24 rendered
792 1722 80 19 vacant
892 1718 31 31 by
943 1719 37 24 the
998 1719 85 25 demise
1103 1720 25 24 of
1144 1721 39 24 the
1200 1722 45 23 late

661 1750 64 24 Lord
736 1750 165 31 Abercromby,
922 1752 40 23 has
978 1753 59 23 been
1050 1753 117 25 conferred
1184 1763 60 23 upon

661 1784 37 23 the
711 1783 70 24 Duke
793 1784 25 23 of
828 1785 128 24 Montrose.

694 1817 55 23 Two
761 1818 28 22 of
804 1817 38 23 the
853 1819 81 23 rioters
946 1820 23 22 in
981 1820 74 22 South
1066 1820 78 24 Wales
1157 1821 55 23 have
1223 1826 23 19 at

659 1850 80 31 length
756 1851 59 23 been
831 1851 166 31 apprehended,
1017 1853 44 23 and
1073 1854 131 23 committed
1222 1860 23 18 to

660 1884 38 23 the
711 1888 82 27 county
805 1884 50 31 goal
874 1889 23 18 at
910 1885 186 25 Haverfordwest
1108 1887 33 23 for
1154 1887 50 24 trial
1222 1893 23 19 at

661 1917 36 23 the
721 1919 96 29 ensuing
839 1917 192 25 Pembrokeshire
1053 1920 93 24 assizes.
1195 1921 50 24 The

659 1958 79 16 names
748 1950 24 23 of
788 1950 38 23 the
837 1952 116 30 prisoners
969 1960 36 15 are
1018 1952 102 24 Thomas
1133 1953 111 30 Howells,

659 1992 14 15 a
683 1984 92 28 farmer,
793 1983 165 33 Llwyndrissy,
979 1985 114 31 Llangan,
1113 1987 45 23 and
1169 1987 77 24 David

660 2016 98 29 Howell,
772 2025 12 14 a
795 2016 83 30 miller,
890 2017 26 23 of
925 2018 151 31 Trevaughan
1089 2020 57 22 milF.

694 2049 70 24 From
784 2049 84 24 official
887 2054 90 20 returns
995 2052 19 22 it
1031 2060 96 23 appears
1139 2053 51 23 that
1207 2053 39 24 the

660 2084 103 30 quantity
776 2082 25 23 of
817 2082 68 25 silver
903 2084 24 23 in
947 2084 48 23 coin
1016 2086 44 22 and
1079 2086 52 22 bars
1151 2086 95 31 shipped

659 2117 58 23 from
736 2116 76 23 Dover
830 2121 23 19 to
866 2117 78 23 Calais
961 2117 83 31 during
1056 2119 37 22 the
1111 2119 46 23 last
1167 2120 78 23 month

661 2157 47 16 was
723 2150 105 28 397,705
849 2157 83 16 ounces
942 2160 6 19 ;
968 2151 25 23 of
1008 2152 61 29 gold,
1091 2154 48 24 387
1153 2161 91 16 ounces.

660 2183 76 31 Large
755 2183 44 23 and
817 2183 129 31 increasing
964 2185 158 30 importations
1140 2186 25 23 of
1181 2194 64 16 sove-

661 2217 77 30 reigns
749 2216 57 23 have
822 2216 58 23 been
892 2217 65 23 made
970 2222 21 18 to
1014 2218 57 23 New
1083 2218 68 24 York
1163 2219 83 32 during

660 2249 37 23 the
709 2249 44 24 last
763 2251 37 22 six
809 2249 71 24 week.
919 2250 113 31 Upwards
1045 2253 109 27 543,000
1162 2260 83 16 ounces

660 2282 25 23 of
701 2283 67 23 silver
788 2283 49 23 coin
858 2282 58 24 have
934 2284 56 23 been
1008 2284 96 31 shipped
1117 2285 35 23 for
1173 2286 73 31 Hong

661 2315 70 31 Kong
742 2317 60 22 since
814 2316 76 31 April,
906 2319 75 21 1842.

694 2349 52 23 The
758 2348 107 24 Courrier
876 2349 28 24 de
914 2348 66 32 Lyon
1003 2355 78 25 states,
1095 2352 48 24 that
1161 2352 84 24 suicide

659 2382 46 24 had
723 2383 92 23 become
833 2390 14 15 a
863 2383 110 30 complete
990 2385 146 23 monomania
1152 2386 24 23 in
1198 2386 48 23 that

661 2416 52 30 city.
758 2416 23 23 A
804 2415 98 31 wealthy
924 2418 126 31 proprietor
1073 2418 64 31 hung
1156 2420 93 22 himself

659 2449 45 23 last
715 2449 71 28 week,
797 2449 98 23 because
907 2449 29 23 he
948 2450 132 24 considered
1097 2451 29 24 he
1137 2451 45 24 had
1195 2453 51 30 paid

660 2487 35 18 too
717 2482 68 23 much
796 2482 35 23 for
852 2489 14 16 a
884 2489 106 25 property
1002 2484 74 23 which
1088 2484 29 24 he
1133 2484 46 24 had
1191 2494 54 23 pur-

661 2515 81 23 chased
755 2523 61 15 some
824 2515 65 24 short
901 2517 54 23 time
967 2519 70 22 since.

692 2549 34 23 At
737 2549 60 23 Bath
809 2557 13 14 a
833 2549 97 24 number
941 2550 24 23 of
979 2558 55 24 poor
1047 2559 52 15 men
1111 2556 40 19 out
1163 2552 21 23 of
1198 2560 47 15 em-

659 2582 115 31 ployment
792 2590 36 15 are
841 2582 167 33 endeavouring
1025 2589 23 18 to
1061 2584 77 24 obtain
1148 2593 15 15 a
1173 2585 74 31 living

659 2616 29 30 by
701 2615 99 31 drawing
811 2616 77 28 about,
906 2616 43 24 and
962 2616 98 32 offering
1071 2618 35 23 for
1117 2618 53 29 sale,
1184 2627 61 23 wag-

658 2656 46 23 gon
726 2648 63 24 loads
806 2649 25 22 of
846 2649 74 24 ,coals.
957 2650 38 24 On
1019 2651 38 22 the
1078 2658 109 24 waggons
1203 2660 42 15 are

660 2682 95 23 chalked
773 2682 37 23 the
828 2682 74 27 w.ords
947 2683 68 24 Coals
1030 2684 36 23 for
1084 2685 47 23 sale
1150 2685 29 31 by
1191 2693 54 23 poor

661 2723 52 15 men
727 2719 39 19 out
777 2715 25 23 of

694 2748 38 23 On
749 2748 144 32 Wednesday
911 2750 113 32 morning,
1042 2758 14 15 a
1068 2750 102 25 collision
1191 2752 54 24 took

659 2782 64 31 place
735 2789 29 15 on
775 2782 39 22 the
831 2782 148 25 Manchester
1002 2784 45 23 and
1058 2783 64 25 Leed
1139 2785 106 31 Railway

662 2816 98 23 between
772 2820 42 18 two
833 2815 99 33 luggage
944 2818 78 27 trains,
1035 2818 41 22 but
1089 2818 17 23 it
1118 2826 45 15 was
1179 2824 66 19 unat-

661 2848 82 24 tended
754 2848 53 23 with
820 2848 47 24 loss
880 2849 26 23 of
922 2849 46 25 life.
1005 2851 51 24 The
1075 2852 95 30 engines
1189 2860 56 15 were

661 2881 78 31 nearly
751 2881 105 24 smashed
866 2887 22 18 to
899 2883 85 31 pieces.

694 2914 38 24 No
742 2914 67 24 fewer
821 2915 54 23 than
894 2917 37 23 six
941 2917 53 23 fires
1007 2917 109 24 occurred
1132 2919 25 22 in
1175 2919 69 23 Man-

661 2947 88 24 chester
760 2947 83 32 during
852 2949 45 22 last
906 2949 73 24 week.

694 2981 52 23 The
758 2980 156 25 Government
932 2990 37 16 are
980 2983 69 23 about
1060 2989 61 18 erect
1136 2984 109 24 barracks

661 3018 23 19 at
695 3014 94 23 Bristol.

694 3046 76 25 Very
788 3047 154 25 Necessary
960 3056 31 16 at
1010 3056 82 17 these
1118 3050 92 26 Times.
1212 3064 34 4 —

661 3080 78 23 When
750 3088 13 15 a
773 3088 53 15 man
836 3081 21 23 is
868 3081 84 31 always
964 3082 91 31 talking
1064 3083 26 23 of
1099 3083 36 24 his
1144 3084 101 25 solicitor

661 3113 45 24 and
717 3114 58 23 suits
787 3114 25 23 of
826 3114 51 29 law,
890 3119 92 27 suspect
998 3115 48 24 him
1059 3117 24 22 of
1095 3117 69 32 being
1176 3126 14 15 a
1200 3118 45 24 fool

661 3154 25 16 or
698 3154 13 16 a
727 3146 83 24 knave.
812 3159 35 4 —
847 3146 76 25 When
942 3157 14 14 a
974 3149 130 24 tradesman
1121 3151 76 24 writes
1213 3159 32 24 up

660 3180 36 23 his
708 3187 65 16 name
780 3180 23 23 in
816 3180 67 24 small
894 3180 86 31 letters,
989 3182 84 31 adding
1082 3182 59 26 from
1152 3184 92 30 Flint's,

661 3220 24 16 or
698 3221 26 15 as
736 3213 70 29 Flint,
820 3213 52 30 &c,
886 3218 22 19 to
920 3222 83 24 appear
1014 3224 26 15 as
1050 3217 21 22 if
1086 3217 38 24 the
1136 3217 57 32 shop
1204 3217 40 24 be-

659 3246 85 31 longed
762 3251 22 18 to
804 3246 72 30 Flint,
890 3247 54 29 &c,
956 3253 92 27 suspect
1064 3249 49 25 him
1125 3250 25 24 of
1160 3251 85 32 having

659 3287 55 23 very
725 3279 58 24 little
803 3280 84 31 capital
903 3281 45 24 and
965 3283 135 24 connexion.
1104 3284 109 24 —When
1231 3293 14 15 a

660 3321 53 16 man
733 3312 60 25 talks
810 3313 88 32 largely
919 3314 25 24 of
960 3315 37 23 the
1020 3316 108 31 bargains
1150 3316 31 24 he
1202 3317 42 24 has

659 3345 73 30 made,
746 3345 36 25 the
793 3347 71 30 goods
875 3347 29 24 he
916 3347 42 24 has
969 3349 104 31 shipped,
1084 3357 26 16 or
1118 3349 40 24 the
1167 3355 78 19 extent

660 3380 25 23 of
700 3380 36 23 his
754 3380 69 28 trade,
843 3385 93 26 suspect
951 3381 48 24 him
1016 3387 24 18 to
1057 3382 29 24 be
1097 3383 24 23 in
1133 3383 39 24 the
1188 3384 57 32 high

659 3413 54 24 road
726 3417 22 19 to
758 3413 154 32 bankruptcy.
914 3427 34 4 —
948 3413 92 36 Sunday
1053 3415 83 25 Times.

692 3446 89 24 Doing
809 3453 50 18 the
889 3447 127 25 Liberal.
1018 3462 34 3 —
1054 3449 40 23 On
1122 3449 122 33 Thursday

659 3479 53 29 last,
726 3487 25 16 as
767 3488 14 14 a
799 3484 61 20 town
873 3481 110 24 .traveller
1000 3490 47 15 was
1064 3484 96 30 passing
1177 3483 68 32 along

660 3512 135 32 Cheapside,
808 3513 28 24 he
849 3513 109 25 observed
969 3523 14 16 a
993 3515 54 31 gold
1053 3516 99 31 hunting
1163 3517 81 29 watch,

659 3550 23 19 to
695 3545 73 25 which
778 3554 46 16 was
836 3547 105 24 attached
953 3556 13 15 a
986 3549 54 31 gold
1052 3549 66 24 chain
1130 3550 46 23 and
1188 3550 56 29 seal,

659 3578 64 32 lying
735 3587 28 16 on
781 3579 38 24 the
838 3585 130 26 pavement,
984 3582 75 23 which
1075 3582 31 24 he
1124 3584 26 23 of
1165 3591 79 16 course

658 3612 84 31 picked
753 3620 39 24 up.
826 3613 36 25 At
879 3613 40 24 the
937 3620 101 19 moment
1055 3615 29 24 he
1102 3616 38 24 did
1151 3616 47 24 this
1214 3616 30 24 he

659 3645 83 24 looked
752 3646 69 23 about
831 3650 24 20 to
866 3646 104 25 discover
987 3648 39 23 the
1044 3656 83 23 owner,
1139 3650 105 31 if-possi-

659 3678 45 29 ble,
716 3678 42 24 but
777 3686 25 16 as
822 3687 30 16 no
873 3687 43 17 one
936 3688 45 16 was
1001 3688 81 17 nearer
1094 3687 24 19 at
1128 3683 51 24 that
1190 3683 54 23 time

659 3710 54 25 than
725 3719 14 15 a
756 3712 129 30 gentleman
896 3713 50 24 who
957 3714 45 24 had
1011 3714 51 32 just
1072 3715 43 24 left
1125 3716 38 23 the
1175 3723 69 24 pave-

659 3748 70 24 ment,
741 3745 44 23 and
798 3745 52 23 who
861 3753 47 17 was
922 3747 155 32 approaching
1089 3756 29 16 an
1130 3749 114 28 omnibus,

658 3776 39 24 the
714 3777 81 23 honest
814 3777 75 25 fellow
907 3779 103 25 followed
1028 3781 45 24 and
1084 3782 111 24 overtook
1205 3782 39 24 the

659 3809 88 31 worthy
761 3809 50 32 just
821 3818 26 16 as
857 3811 30 23 he
898 3811 50 25 was'
956 3813 70 25 about
1037 3818 23 20 to
1072 3819 64 20 enter
1146 3815 28 29 it,
1186 3815 58 28 who,

659 3850 30 15 on
704 3842 70 31 being
790 3842 72 25 asked
883 3845 21 23 if
924 3845 49 24 that
988 3854 48 17 was
1052 3847 47 30 his,
1111 3847 133 29 exclaimed,

684 3874 65 25 Dear
765 3882 45 22 me,
822 3876 38 24 did
872 3876 14 24 I
905 3878 49 24 lose
1019 3884 25 20 at
1060 3880 39 24 the
1117 3888 62 17 same
1191 3881 54 23 time

659 3908 111 31 grasping
780 3908 27 29 it,
819 3907 29 25 he
866 3911 137 33 generously
1014 3913 115 27 rewarded
1148 3914 97 30 honesty

660 3940 55 25 with
728 3948 14 17 a
753 3940 99 34 shilling.
856 3939 95 29 ~±lbid,
950 3940 8 9 y
972 3943 2 5 '
1144 3939 14 11 "'
1198 3947 2 5 '

1297 155 2 5 ,
1310 134 109 24 Barley
1430 135 232 28 Extraordinary.
1664 151 35 5 —
1699 139 25 24 A
1735 139 87 31 sample
1835 140 24 22 of

1277 167 60 31 forty
1346 168 82 23 bushel
1436 169 22 23 of
1474 170 112 25 chevalier
1597 171 78 32 barley
1687 180 47 15 was
1752 172 50 24 sold
1819 181 36 15 re-

1278 200 74 31 cently
1359 201 24 23 in
1396 201 89 25 Carlisle
1497 203 87 25 market
1595 205 31 30 by
1636 204 48 25 Mr.
1694 205 41 24 W.
1747 205 108 24 Hender-

1278 240 48 21 son,
1339 241 77 23 grown
1426 242 54 23 upon
1493 235 36 24 his
1540 236 59 25 farm
1611 242 23 18 at
1645 238 164 30 Thistlewood,
1822 239 34 23 for
1863 241 2 19 i

1280 266 41 28 Ills
1333 274 39 22 per
1381 266 80 30 busliel,
1472 273 22 19 to
1503 269 48 24 Mr.
1560 269 86 32 Joseph
1654 270 98 29 Iredale,
1761 271 93 30 brewer,

1277 299 120 31 weighing,
1416 301 46 22 with
1471 301 39 24 the
1520 302 54 31 bag,
1597 304 30 23 13
1640 307 68 20 stone
1720 303 33 32 6|
1764 304 33 24 Ib.
1833 305 23 24 A

1277 336 38 19 net
1329 332 80 24 bushel
1421 333 18 23 of
1456 334 61 24 three
1536 336 115 27 imperials
1668 343 47 16 was
1734 337 30 23 12
1792 342 63 19 stone

1280 363 64 33 B|lb.
1611 365 5 4 '

1307 396 25 25 A
1343 405 90 17 rumour
1438 400 21 23 is
1480 400 134 31 circulating
1626 402 24 22 in
1661 402 39 23 the
1721 407 67 24 town,
1802 402 50 24 that

1276 429 37 25 the
1327 429 150 27 Government
1487 433 80 24 intend
1584 435 96 30 offering
1692 435 39 23 the
1743 435 111 24 Honour-

1276 462 49 24 able
1337 463 29 24 L.
1381 464 23 23 J.
1422 464 110 32 Papineau
1551 467 38 23 the
1607 472 109 26 payment
1727 468 26 23 of
1767 468 39 24 the
1818 476 36 16 ar-

1275 503 61 17 rears
1348 497 24 23 of
1387 497 97 30 £4,000,
1498 499 74 23 which
1589 508 59 15 were
1656 508 3 5 *
1667 500 45 23 due
1732 506 23 18 to
1767 501 47 24 him
1826 503 22 22 in

1278 528 63 27 1837
1351 529 32 31 by
1394 530 37 24 the
1438 531 112 24 Province
1562 540 25 16 as
1609 533 105 31 Speaker
1725 534 27 23 of
1765 534 39 24 the
1817 534 37 24 old

1277 561 79 24 House
1377 563 26 23 of
1424 563 125 32 Assembly.
1590 565 24 24 It
1632 567 20 23 is
1670 566 85 25 known
1773 571 24 19 to
1813 576 41 15 our

1275 595 88 24 readers
1376 595 48 24 that
1435 597 42 24 Mr.
1491 598 118 31 Papineau
1627 600 93 23 refused
1732 605 23 19 to
1767 601 87 23 receive

1275 628 35 24 his
1321 628 72 31 salary
1407 629 76 32 during
1495 631 37 23 the
1552 631 45 24 last
1615 633 51 23 four
1685 641 76 23 years,
1774 642 30 15 on
1816 642 37 15 ac-

1276 666 67 18 count
1354 662 26 22 of
1388 661 38 24 the
1435 665 200 24 unconstitutional
1646 668 172 29 appropriation
1830 668 25 22 of

1275 694 36 23 the
1323 694 77 31 public
1411 695 60 24 funds
1483 697 30 30 by
1522 697 64 25 Lord
1599 699 121 24 Gosford's
1733 699 119 25 Adminis-

1275 728 89 28 tration,
1384 729 88 23 without
1492 730 38 23 the
1550 731 115 32 authority
1677 733 26 23 of
1718 733 39 24 the
1775 741 77 23 repre-

1275 761 122 23 sentatives
1411 762 22 22 of
1444 762 37 24 the
1493 764 88 31 people.
1618 765 59 23 Now
1696 765 49 24 that
1757 766 40 23 the
1809 767 43 22 cir-

1277 797 141 20 cumstances
1434 803 34 15 are
1487 796 109 32 changed,
1609 798 45 23 and
1675 798 50 24 that
1739 807 35 15 we
1786 799 67 31 enjoy

1274 833 29 16 an
1315 827 112 30 equitable
1436 828 41 23 and
1489 829 83 24 honest
1590 830 165 30 Government,
1767 832 20 22 it
1798 833 20 22 is
1831 836 21 18 to

1273 859 28 23 be
1312 860 119 30 presumed
1438 861 49 24 that
1498 863 38 22 the
1548 863 139 24 honourable
1699 864 97 31 fugitive
1808 864 45 24 will

1275 897 38 19 not
1324 893 75 23 refuse
1412 897 21 20 to
1439 896 88 22 receive
1544 895 62 24 what
1626 896 28 24 he
1665 897 21 23 is
1698 897 85 31 legally
1795 899 57 22 enti-

1274 925 46 23 tled
1339 930 30 19 to.
1407 926 43 24 The
1468 928 70 23 above
1556 929 20 22 is
1595 930 58 23 from
1673 930 40 23 the
1734 928 115 32 Minerve,

1274 958 37 24 the
1323 958 91 25 French
1426 967 63 23 organ
1500 961 25 23 of
1536 961 156 25 Government
1703 964 25 22 in
1739 971 14 15 a
1765 964 88 23 British

1274 991 87 32 colony.
1387 992 30 24 In
1428 997 31 19 trie
1473 995 125 31 paragraph
1611 996 39 23 the
1661 997 65 22 truth
1737 997 21 22 is
1771 997 81 29 stated,

1273 1024 40 23 but
1324 1030 40 18 not
1377 1025 38 24 the
1426 1026 64 24 vhole
1501 1028 71 29 truth,
1585 1028 36 24 for
1632 1030 150 23 instructions
1795 1038 57 16 were

1273 1062 51 19 sent
1334 1058 30 31 by
1377 1058 38 24 the
1432 1059 40 24 last
1492 1061 63 30 royal
1574 1063 55 22 mail
1649 1067 99 19 steamer
1760 1068 22 18 to
1804 1064 47 23 Mr.

1274 1091 124 31 Papineau,
1412 1092 42 23 tkt
1464 1093 37 24 his
1520 1094 71 24 drafts
1611 1099 35 19 lor
1660 1096 39 23 the
1711 1101 108 26 payment
1832 1097 24 23 of

1273 1123 36 23 his
1320 1132 89 16 arrears
1420 1125 48 24 with
1478 1126 95 25 interest
1591 1129 74 23 would
1685 1130 29 22 be
1725 1129 126 25 honoured.

1273 1155 155 26 —Montreal
1435 1155 96 33 Herald,
1541 1160 63 25 Nov.
1619 1162 39 24 17.

1306 1190 51 24 The
1371 1198 51 16 case
1437 1192 24 23 of
1477 1193 95 24 Colonel
1584 1195 82 30 Webb,
1680 1196 75 23 editor
1776 1196 26 23 of
1816 1196 37 23 the

1272 1222 57 24 Nevy
1344 1223 62 24 York
1419 1224 87 25 Courier
1523 1227 48 23 and
1585 1227 116 32 Inquirer,
1716 1230 136 23 occasioned

1273 1256 154 25 considerable
1442 1259 95 25 interest
1559 1261 24 23 in
1605 1261 39 24 the
1673 1262 87 25 States.
1814 1263 39 23 He

1273 1289 80 31 fought
1365 1298 14 15 a
1390 1291 47 23 duel
1448 1299 62 17 some
1520 1294 95 24 months
1636 1296 63 22 since
1711 1296 54 23 with
1778 1305 14 14 a
1803 1296 46 23 Mr.

1274 1323 121 29 Marshall,
1409 1324 65 24 which
1486 1327 135 23 terminated
1641 1329 24 22 in
1685 1328 40 24 the
1738 1329 115 23 Colonel's

1272 1356 67 31 being
1350 1357 53 23 shot
1413 1359 21 21 in
1439 1358 38 23 the
1489 1359 45 31 leg.
1560 1360 63 23 Soon
1635 1362 66 28 after,
1717 1362 48 24 Mr.
1776 1362 76 24 Webb

1273 1396 44 16 was
1329 1390 98 24 indicted
1437 1392 33 22 for
1481 1392 91 32 leaving
1584 1393 58 24 New
1652 1394 77 29 York,
1738 1395 35 23 for
1784 1395 67 29 what,

1273 1423 70 23 under
1360 1423 40 24 the
1418 1424 37 23 law
1474 1425 25 23 of
1520 1426 50 23 that
1588 1427 65 24 State
1673 1428 21 23 is
1715 1437 14 14 a
1740 1428 113 23 felonious

1273 1463 104 24 purpose.
1424 1457 28 23 To
1475 1458 45 24 this
1543 1459 136 25 indictment
1703 1461 31 23 he
1757 1461 95 31 pleaded

1272 1489 79 31 guilty,
1371 1490 41 23 but
1430 1498 40 16 wras
1489 1492 163 32 subsequently
1671 1494 138 31 discharged
1830 1496 23 21 in

1273 1530 153 23 consequence
1439 1524 25 23 of
1489 1532 62 16 some
1571 1526 112 24 technical
1703 1527 148 32 informality.

1273 1555 49 24 The
1335 1556 97 23 District
1438 1557 122 32 Attorney,
1573 1567 13 14 a
1597 1567 69 16 warm
1687 1560 101 31 political
1799 1569 53 15 ene-

1273 1597 44 22 my,
1345 1590 67 29 again
1431 1590 93 31 brought
1546 1592 40 23 the
1609 1597 82 19 matter
1716 1593 76 24 before
1815 1594 38 24 the

1273 1622 79 24 Grand
1365 1623 58 31 Jury
1433 1632 3 19 ;
1454 1624 45 23 and
1510 1625 39 22 the
1563 1625 95 24 Colonel
1670 1635 47 14 was
1730 1628 68 30 again
1815 1635 37 16 ar-

1273 1656 82 28 rested,
1369 1656 45 23 and
1425 1658 59 29 again
1496 1657 94 31 pleaded
1611 1659 73 32 guilty
1698 1665 22 18 to
1742 1660 37 23 the
1792 1668 61 16 same

1273 1688 89 32 charge.
1400 1689 35 24 He
1445 1698 46 15 was
1503 1693 122 22 sentenced
1644 1697 22 18 to
1688 1701 29 15 an
1730 1694 122 31 imprison-

1273 1727 61 18 ment
1346 1722 25 23 of
1386 1727 43 19 two
1437 1731 63 22 years
1520 1725 24 22 in
1567 1725 37 23 the
1623 1726 65 23 State
1706 1727 88 30 prison,
1812 1728 41 22 but

1273 1762 44 15 was
1328 1755 146 32 immediately
1486 1758 116 30 pardoned
1622 1759 31 31 by
1671 1759 40 24 the
1733 1760 119 23 Governor

1273 1788 24 23 of
1311 1788 57 23 New
1380 1788 67 25 Yort
1450 1802 32 4 —
1485 1790 104 24 Colonial
1602 1792 101 23 Gazette.

1306 1821 49 23 The
1367 1823 73 23 winter
1459 1823 44 23 had
1522 1829 36 18 set
1576 1826 24 21 in
1616 1826 54 23 with
1689 1828 108 30 severity,
1812 1835 37 15 ac-

1273 1856 131 30 companied
1424 1856 47 23 with
1494 1861 79 27 strong
1594 1859 64 30 gales
1687 1860 44 23 and
1756 1860 95 31 squalls.

1273 1887 66 25 Lake
1357 1888 56 24 Erie
1431 1889 39 24 had
1489 1890 57 23 been
1566 1892 80 23 visited
1665 1893 31 30 by
1708 1901 44 15 one
1771 1894 81 23 almost

1272 1920 46 24 like
1330 1929 14 15 a
1355 1921 121 31 hurricane,
1488 1923 74 24 which
1583 1924 43 24 had
1649 1925 104 24 disabled
1765 1935 14 15 a
1792 1932 60 18 stea-

1272 1962 55 21 mer,
1339 1955 98 24 wrecked
1449 1957 44 23 and
1513 1957 78 24 driven
1612 1966 28 15 on
1663 1959 68 23 shore
1749 1960 102 30 another,

1273 1988 38 26 the
1324 1995 57 16 crew
1392 1988 42 24 and
1440 1997 137 23 passengers
1587 1992 25 22 of
1621 1991 82 30 which,
1714 1993 62 29 sixty
1781 1994 70 29 souls,

1273 2027 56 17 were
1341 2021 54 23 with
1408 2021 103 32 dilculty
1524 2023 69 23 saved
1647 2023 38 24 the
1703 2026 115 23 exertions
1831 2027 23 23 of

1275 2053 65 24 those
1358 2061 28 16 on
1407 2054 67 25 shore.
1522 2056 73 31 Many
1618 2057 233 31 trading-schooners,

1273 2086 65 24 laden
1360 2087 54 23 with
1437 2089 64 30 grain
1530 2089 44 24 and
1604 2091 165 30 merchandise,
1795 2100 57 17 were

1273 2119 76 24 driven
1362 2128 29 15 on
1404 2121 66 29 shore,
1482 2122 45 23 and
1543 2130 63 16 more
1628 2123 95 31 damage
1743 2125 45 23 and
1805 2126 47 22 loss

1275 2161 55 15 were
1343 2154 109 23 sustained
1464 2155 54 23 than
1531 2155 45 24 had
1587 2156 57 24 been
1656 2158 150 30 experienced
1817 2159 35 23 for

1273 2194 67 23 many
1351 2194 66 23 years
1431 2192 50 25 past.
1484 2201 33 3 —
1517 2188 62 25 Ibid.

1306 2220 57 23 The
1383 2220 61 24 Jews
1461 2228 29 16 in
1507 2221 123 25 Algiers.
1633 2236 32 3 —
1666 2223 35 23 At
1710 2224 102 30 Algiers,
1823 2233 27 15 on

1274 2253 36 26 the
1334 2253 57 23 24th
1412 2253 45 30 ull.,
1479 2254 38 24 the
1538 2255 59 24 Jews
1617 2264 58 15 were
1696 2258 24 22 in
1733 2266 13 15 a
1758 2262 58 19 state
1830 2260 23 22 of

1274 2287 164 30 apprehension,
1449 2288 58 23 from
1516 2296 28 16 an
1553 2289 135 24 affirmation
1701 2290 85 32 having
1794 2291 57 24 been

1273 2319 118 31 published
1412 2321 25 30 by
1447 2328 62 16 some
1520 2322 93 23 learned
1626 2323 113 29 Israelite,
1753 2324 49 23 that
1813 2333 38 15 ac-

1274 2352 91 32 cording
1384 2358 23 18 to
1428 2361 8 16 a
1454 2355 113 30 prophecy
1579 2355 39 23 the
1640 2361 60 19 town
1718 2365 46 15 was
1782 2363 23 18 to
1825 2359 26 23 be

1273 2386 118 31 destroyed
1403 2387 28 31 by
1438 2395 28 16 an
1484 2388 141 32 earthquake
1637 2394 22 18 at
1671 2390 37 23 six
1722 2390 87 24 o'clock
1828 2393 22 22 in

1274 2419 36 23 the
1330 2420 39 22 the
1379 2421 100 30 morning
1498 2421 24 23 of
1540 2422 38 23 the
1598 2427 56 19 next
1669 2423 53 30 day.
1759 2424 93 24 Several

1273 2453 96 30 wealthy
1374 2453 90 24 families
1472 2451 64 26 hired
1544 2455 97 31 gardens
1648 2456 203 32 atßab-el-Oued,

1273 2485 72 24 where
1357 2486 54 32 they
1421 2488 77 30 pissed
1517 2488 38 23 the
1576 2489 66 30 night
1657 2490 25 22 in
1701 2495 61 18 tents
1778 2492 74 23 raised

1273 2519 71 23 under
1362 2520 39 23 the
1422 2525 60 19 trees.
1519 2521 59 24 This
1590 2523 68 30 panic
1670 2524 115 23 extended
1797 2533 55 15 even

1273 2555 21 21 to
1318 2553 37 23 the
1376 2553 139 25 Mussulman
1536 2555 142 31 population.
1692 2580 4 3 .
1716 2557 80 23 About
1819 2561 32 21 20

1273 2593 64 23 years
1348 2594 43 23 ago
1405 2594 13 15 a
1429 2587 79 24 similar
1517 2589 148 30 superstition
1676 2590 124 30 prevailed,
1809 2592 43 23 and

1273 2619 82 23 caused
1366 2620 31 22 all
1410 2620 29 23 the
1451 2620 60 24 Jews
1524 2622 25 22 of
1557 2621 94 31 Algiers
1663 2627 23 18 to
1699 2624 117 30 emigrate.
1819 2638 33 4 —

1273 2651 91 32 Sunday
1376 2652 75 30 Times,
1463 2653 104 31 January
1581 2655 39 24 15.

1305 2686 57 23 The
1371 2686 123 24 Veteran
1504 2688 158 25 Towshend.
1665 2702 34 4 —
1700 2690 52 24 The
1760 2690 90 29 Queen,

1273 2726 31 15 we
1316 2719 140 29 understand,
1466 2720 41 24 has
1518 2721 68 30 given
1595 2729 43 16 one
1647 2723 24 22 of
1681 2723 39 24 the
1729 2723 122 31 daughters

1273 2752 24 23 of
1306 2752 38 23 the
1355 2757 83 19 veteran
1453 2754 105 30 Serjeaut
1575 2754 131 25 Towshend
1718 2765 13 15 a
1743 2757 108 23 situation

1273 2790 22 18 at
1315 2785 108 24 Windsor
1437 2787 85 29 Castle,
1536 2787 44 24 and
1595 2796 14 15 a
1626 2789 64 31 royal
1711 2790 107 23 donation
1831 2791 22 22 of

1273 2819 53 24 £20
1339 2818 40 24 has
1390 2819 50 24 been
1453 2824 51 19 sent
1516 2826 22 17 to
1551 2822 37 22 the
1601 2822 107 31 serjeant.
1712 2836 32 3 —
1745 2822 62 24 Ibid.

1305 2852 130 24 Training
1442 2861 52 16 for
1505 2861 51 16 the
1569 2855 84 24 Navy.
1655 2869 35 3 —
1691 2856 50 24 The
1750 2855 101 25 Perseus

1272 2884 87 32 frigate,
1373 2886 74 29 whicli,
1460 2887 83 31 during
1561 2888 38 23 the
1618 2889 132 24 enlistment
1762 2890 35 23 for
1813 2891 38 23 the

1273 2926 64 23 navy,
1351 2927 46 16 was
1410 2920 30 23 the
1452 2921 115 31 receiving
1579 2921 51 31 ship
1639 2923 35 23 for
1684 2923 39 23 the
1732 2931 53 15 men
1793 2923 58 24 from

1273 2952 37 23 the
1317 2952 67 31 depot
1391 2957 23 19 at
1420 2953 136 29 Tower-hill,
1567 2955 19 23 is
1596 2955 69 23 about
1670 2956 71 31 being
1748 2956 104 31 changed

1272 2985 46 23 into
1339 2994 14 14 a
1371 2986 93 32 training
1483 2987 78 23 school
1572 2988 35 23 for
1621 2988 38 23 the
1680 2997 68 23 navy.
1786 2989 65 32 Fifty

1273 3018 62 31 boys,
1348 3018 38 24 the
1398 3027 46 16 sons
1463 3020 26 23 of
1505 3021 141 29 respectable
1659 3027 103 26 parents,
1774 3022 76 24 whose

1273 3059 52 23 ages
1345 3060 39 16 are
1395 3056 38 20 not
1440 3057 22 19 to
1480 3053 84 23 exceed
1577 3055 30 22 18
1619 3062 75 22 years,
1714 3056 44 22 and
1776 3055 74 24 whose

1273 3086 85 23 several
1367 3086 89 30 weiglits
1467 3087 62 22 must
1539 3091 40 19 not
1597 3087 28 23 be
1643 3088 90 31 beyond
1753 3091 32 22 92
1796 3089 52 29 lbs.,

1272 3125 37 16 are
1326 3123 22 19 to
1365 3119 28 23 be
1416 3119 73 31 placed
1504 3120 25 22 in
1546 3119 46 24 this
1610 3121 82 30 frigate
1716 3122 74 23 under
1812 3123 38 23 the

1271 3152 194 31 superintendence
1485 3152 26 23 of
1525 3152 45 25 Dr.
1583 3153 52 24 Bell
1648 3154 44 23 and
1712 3154 138 25 Lieutenant

1273 3184 77 30 Gi.eet,
1372 3185 49 25 who
1438 3193 37 16 are
1496 3190 22 20 to
1536 3194 95 24 prepare
1649 3187 64 23 them
1731 3188 35 23 for
1777 3189 73 23 active

1271 3218 92 29 service,
1384 3218 30 31 by
1426 3218 78 32 kving
1522 3219 61 24 them
1601 3220 82 31 taught
1696 3220 38 24 the
1745 3221 105 25 different

1271 3250 110 25 branches
1390 3251 25 25 of
1423 3252 69 24 useful
1499 3253 141 31 knowledge,
1649 3253 45 24 and
1703 3254 51 23 well
1762 3255 87 24 trained

1271 3284 22 23 in
1299 3284 38 24 the
1345 3284 97 25 different
1454 3290 57 19 tacts
1518 3286 25 23 of
1548 3286 66 24 naval
1623 3286 127 32 discipline.
1753 3300 33 5 —
1786 3287 61 26 Ibid.

1304 3317 223 26 Extraordinary
1541 3319 111 25 Change
1666 3328 32 16 of
1713 3320 135 26 Fortune.

1270 3362 33 5 —
1304 3350 40 24 On
1364 3351 101 32 Tuesday
1475 3353 108 31 morning
1593 3353 39 24 the
1643 3353 118 31 following
1772 3359 77 19 extra-

1271 3384 104 31 ordinary
1381 3385 80 32 change
1468 3386 26 23 of
1500 3385 90 25 fortune
1598 3386 108 24 occurred
1713 3391 23 19 to
1747 3387 102 24 Thomas

1271 3416 89 32 Ashby,
1373 3426 13 15 a
1406 3425 70 25 young
1496 3427 61 21 man,
1576 3419 50 24 who
1645 3420 35 23 for
1699 3427 63 17 some
1773 3421 76 24 weeks

1270 3453 51 28 past
1331 3450 45 24 had
1394 3451 51 24 beea
1457 3460 30 16 an
1498 3452 107 24 out-door
1625 3460 88 24 pauper
1723 3453 126 33 belonging

1271 3487 21 19 to
1311 3483 39 24 the
1365 3484 73 31 parish
1454 3484 26 25 of
1496 3484 35 25 St.
1551 3486 78 30 Mary,
1648 3486 125 31 Islington.
1810 3488 39 23 On

1271 3516 113 31 Tuesday,
1397 3522 22 19 to
1437 3518 97 31 ishby's
1550 3523 61 19 utter
1628 3519 174 30 astonishment,
1820 3521 29 24 he

1270 3550 101 24 received
1383 3551 137 24 information
1532 3552 59 23 from
1603 3559 14 16 a
1628 3552 103 25 solicitor
1746 3554 103 31 residing

1270 3582 24 24 in
1305 3582 39 24 the
1355 3583 71 25 Inner
1440 3584 96 32 Temple
1548 3583 57 33 (and
1623 3585 48 24 who
1683 3585 44 25 has
1739 3587 58 24 been
1813 3588 36 23 for

1271 3623 61 16 some
1344 3616 85 31 length.
1433 3618 19 23 of
1461 3618 55 23 time
1527 3623 53 26 past
1590 3618 97 32 making
1699 3627 68 23 every
1772 3622 76 29 possi-

1270 3648 36 24 ble
1325 3650 92 31 inquiry
1435 3650 55 24 after
1510 3650 61 33 him)
1592 3651 50 24 that
1661 3652 37 24 his
1722 3651 126 34 (Ashby's)

1270 3681 146 31 grandfather
1420 3683 38 24 had
1464 3683 60 30 died,
1534 3685 155 31 bequeathing
1694 3685 49 24 him
1750 3687 97 24 £9000.

1270 3714 81 32 Ashby
1362 3716 118 31 proceeded
1491 3721 23 19 to
1533 3717 38 24 the
1583 3718 121 24 solicitor's
1721 3719 126 30 chambers,

1270 3747 64 24 when
1354 3748 29 24 he
1402 3749 104 31 rec9ived,
1517 3754 24 19 to
1552 3751 36 23 his
1607 3756 64 26 great
1687 3752 160 30 gratification,

1271 3780 37 24 the
1319 3780 72 25 whole
1404 3787 93 19 amount.
1499 3796 33 4 —
1532 3783 61 23 Ibid.

1303 3813 25 25 It
1338 3814 20 24 is
1370 3815 68 24 stated
1445 3815 50 24 that
1505 3817 26 23 in
1538 3816 39 24 the
1586 3822 67 19 event
1662 3817 25 24 of
1696 3817 64 24 Lord
1771 3816 76 25 Abin-

1271 3846 59 31 ger's
1341 3848 124 24 retirement
1473 3849 60 23 from
1544 3850 39 23 the
1593 3850 82 29 bench,
1689 3850 74 24 which
1774 3850 21 22 is
1806 3857 41 16 ex-

1271 3880 86 31 pected,
1370 3880 62 25 Lord
1438 3881 133 32 Brougham
1583 3883 45 24 will
1640 3890 75 17 renew
1725 3880 37 25 his
1774 3883 73 31 appli-

1272 3913 73 23 cation
1356 3917 23 20 to
1387 3913 61 24 Lotd'
1454 3914 134 31 Lyndhurst
1595 3916 36 23 for
1638 3916 39 23 the
1685 3918 82 21 vacant
1776 3915 71 24 chief-

1273 3945 57 32 ship.

1917 141 58 23 The
1994 141 137 24 National
2160 149 54 18 and
2242 143 66 24 Ne-w
2336 143 127 26 Zealand

1884 172 81 26 Hemp
1992 182 54 16 and
2070 174 74 24 Flax
2171 175 136 26 Company.
2320 188 35 5 —
2366 176 99 32 Capital*

1883 206 139 30 £175,000,
2034 208 24 22 in
2079 209 91 26 14,000
2193 209 77 23 shares
2289 210 25 23 of
2334 210 55 23 £12
2413 212 50 22 10s.

1884 238 64 24 each.
1950 252 34 5 —
1985 240 48 24 The
2051 240 77 31 public
2147 240 45 24 and
2211 241 62 24 those
2294 242 122 24 interested
2439 243 24 23 in

1884 271 38 24 the
1935 272 86 32 Colony
2033 273 25 23 of
2073 273 58 24 New
2139 273 103 24 Zealand
2261 282 38 16 are
2318 275 148 32 respectfully

1884 304 118 30 informed,
2014 306 48 23 that
2074 306 45 23 this
2133 306 118 31 Company
2262 308 20 22 is
2293 308 24 23 in
2334 309 132 30 possession

1884 337 26 23 of
1931 345 78 17 means
2028 339 30 30 by
2083 339 74 23 which
2177 339 72 23 Great
2265 339 89 25 Britain
2373 349 41 16 can
2435 342 29 23 be

1883 370 109 24 rendered
2014 372 152 31 independant
2184 372 26 24 of
2231 372 87 24 Russia
2335 374 45 23 and
2400 374 65 24 other

1884 402 100 32 Foreign
2006 405 75 23 States
2099 405 35 24 for
2156 405 102 31 supplies
2277 405 24 23 of
2318 405 77 32 Hemp
2420 406 46 25 and

1883 435 60 24 Flax
1962 437 35 23 for
2019 438 37 23 the
2077 439 113 23 maritime
2209 438 45 24 and
2269 438 65 23 other
2345 446 119 24 purposes.

1883 467 51 24 The
1953 470 99 30 peculiar
2074 478 92 23 process
2184 471 32 31 by
2233 471 74 24 which
2333 471 47 23 this
2401 477 65 26 great

1883 502 101 23 national
2003 503 84 23 benefit
2105 504 20 23 is
2145 504 95 25 effected
2259 505 21 22 is
2298 508 36 19 set
2343 504 62 24 forth
2416 506 24 23 in
2452 514 15 15 a

1882 535 160 30 specification,
2066 536 44 23 and
2131 537 22 23 is
2174 545 52 17 now
2248 537 118 32 deposited
2383 538 24 23 in
2425 538 40 24 the

1882 568 96 31 custody
2005 569 24 22 of
2049 568 64 24 three
2136 570 118 30 Trustees,
2275 570 99 32 namely,
2382 583 34 5 —
2427 571 39 24 the

1881 600 115 24 Viscount
2009 602 111 29 Ingestre,
2133 603 69 25 M.P.
2213 613 6 20 ;
2240 604 38 24 Sir
2298 604 92 31 George
2410 605 56 23 Sin-

1882 633 63 30 clair,
1968 635 115 28 Baronet;
2113 636 46 23 and
2187 637 101 24 Thomas
2317 637 57 29 Pitt,
2404 637 60 32 Esq.

1882 666 115 32 Upwards
2009 668 25 23 of
2047 668 116 29 £12,000
2181 669 58 24 have
2255 670 58 24 been
2331 670 69 32 lately
2419 671 48 23 laid

1882 704 42 19 out
1934 701 45 23 and
1995 701 116 31 expended
2130 707 25 18 at
2173 702 113 32 Rugeley,
2308 704 24 23 in
2353 704 112 24 Stafford-

1882 732 68 30 shire,
1962 734 24 23 in
1999 734 36 23 the
2047 736 99 22 erection
2158 735 25 23 of
2197 736 115 30 buildings
2323 736 44 23 and
2379 737 87 24 machi-

1881 773 64 24 nery,
1968 767 73 23 which
2061 775 38 15 are
2127 768 139 30 exclusively
2296 769 108 31 designed
2430 770 37 23 for

1881 800 182 31 manufacturing
2070 800 57 23 New
2134 800 103 24 Zealand
2249 800 59 24 Flax
2317 809 7 21 ;
2337 802 30 23 all
2375 802 90 25 articles

1881 832 170 24 manufactured
2063 833 30 30 by
2105 832 46 24 this
2163 841 91 23 process
2263 841 46 22 are,
2319 834 55 23 after
2381 835 86 33 having

1881 864 57 24 been
1962 866 85 23 several
2068 873 65 23 years
2156 866 25 23 in
2202 866 108 31 practical
2337 875 50 21 use,
2413 877 54 22 pro-

1881 899 104 23 nounced
1996 898 111 31 infinitely
2119 900 104 29 superior
2235 904 22 18 to
2268 899 65 23 those
2352 901 65 23 made
2434 901 33 31 by

1881 931 76 24 Baltic
1967 931 106 31 produce.
2122 931 53 24 One
2193 932 26 23 of
2233 932 39 23 the
2284 932 86 32 objects
2383 934 24 23 of
2421 934 46 24 this

1882 964 118 31 Company
2013 965 20 23 is
2045 969 23 19 to
2080 965 93 30 appoint
2185 973 14 15 a
2211 965 136 24 Committee
2359 974 25 16 or
2395 967 72 24 Com-

1880 997 96 24 mission
1988 998 24 23 in
2023 998 58 23 New
2092 997 110 30 Zealand,
2215 1002 24 19 to
2251 1006 65 24 carry
2333 1000 49 23 into
2401 1000 67 24 effect

1881 1030 39 24 the
1931 1038 120 24 necessary
2061 1031 151 24 instructions
2223 1031 47 24 laid
2287 1031 66 26 down
2373 1033 36 25 for,
2428 1033 39 25 the

1882 1063 96 30 culture,
1990 1064 94 31 growth,
2098 1064 44 23 and
2154 1065 146 31 preparation
2313 1066 24 23 of
2347 1066 39 23 the
2398 1066 67 31 Flax,

1881 1105 25 15 as
1919 1097 50 23 well
1982 1106 24 14 as
2016 1103 22 18 to
2049 1098 99 22 instruct
2160 1098 117 23 labourers
2290 1098 23 23 in
2335 1099 39 24 the
2393 1100 74 31 appli-

1882 1131 75 22 cation
1967 1131 26 23 of
2007 1131 37 23 the
2056 1131 131 31 machinery
2196 1131 106 23 invented
2322 1132 34 24 for
2376 1134 92 31 putting

1882 1163 38 23 the
1943 1164 59 23 Flax
2019 1164 47 23 into
2086 1172 14 15 a
2119 1165 27 23 fit
2164 1168 58 20 state
2240 1164 44 23 and
2303 1166 115 24 condition
2429 1167 36 23 for

1882 1197 121 31 shipment,
2017 1205 23 16 so
2053 1205 25 15 as
2091 1202 21 19 to
2125 1197 82 24 render
2218 1197 45 25 this
2275 1197 59 26 Flax
2346 1207 30 16 an
2395 1200 70 23 avail-

1881 1230 51 23 able
1954 1231 77 23 article
2054 1231 25 23 of
2105 1238 126 16 commerce
2253 1231 23 22 in
2299 1232 38 24 the
2366 1232 101 31 English

1880 1263 110 30 markets,
2012 1263 42 24 and
2073 1264 30 30 by
2120 1263 75 24 which
2214 1271 92 24 process
2318 1265 65 24 alone
2395 1266 18 23 it
2424 1273 42 17 can

1880 1296 28 24 be
1920 1298 66 22 made
1998 1302 22 18 to
2032 1297 54 23 hold
2098 1298 145 29 competition
2256 1298 89 29 against
2357 1298 37 24 the
2413 1299 53 24 best

1881 1329 111 30 Russian,
2015 1331 86 28 Dutch,
2122 1330 46 23 and
2205 1330 84 23 Italian
2315 1332 78 31 Hemp
2420 1333 43 23 and

1881 1363 60 23 Flax
1962 1363 116 23 exhibited
2097 1363 35 23 for
2151 1363 48 23 sale
2219 1364 24 22 in
2263 1362 38 26 the
2320 1365 100 23 markets
2441 1366 27 23 of

1880 1395 104 32 Europe.
2027 1396 99 23 Further
2144 1397 136 30 particulars
2298 1398 46 23 will
2357 1399 29 23 be
2397 1399 69 31 given

1880 1430 25 22 in
1922 1430 77 22 future
2018 1429 195 24 advertisements.
2215 1442 34 4 —
2249 1428 146 35 Emigration
2417 1432 47 23 Ga-

1880 1465 67 25 zette,
1963 1462 58 24 Feb.
2030 1462 23 28 4,
2066 1462 72 24 1842.

1914 1496 41 23 An
1974 1496 65 23 order
2056 1496 24 23 in
2099 1496 89 23 council
2206 1505 95 24 appears
2317 1498 23 23 in
2359 1498 107 32 Tuesday

1881 1528 85 31 night's
1981 1528 100 29 Gazette,
2094 1529 140 31 prohibiting
2250 1539 44 23 any
2306 1531 27 23 of
2348 1531 42 24 her
2407 1532 56 23 Ma-

1878 1562 84 30 jesty's
1983 1562 99 31 subjects
2099 1562 61 23 from
2178 1564 90 31 trading
2287 1569 24 18 at
2330 1572 43 23 any
2386 1565 25 23 of
2427 1565 39 24 the

1880 1600 65 25 ports
1957 1596 25 22 of
1998 1595 81 29 China,
2099 1600 82 26 except
2199 1597 64 24 those
2281 1599 87 29 opened
2385 1599 31 30 by
2428 1598 38 24 the

1880 1628 46 23 late
1939 1632 73 27 treaty
2021 1628 54 23 with
2084 1628 36 23 the
2133 1628 122 32 Emperor,
2267 1631 72 23 under
2350 1639 14 15 a
2374 1632 92 31 penalty

1882 1661 25 23 of
1916 1662 80 28 £100,
2009 1670 24 15 or
2045 1661 63 24 three
2119 1663 100 23 months'
2232 1665 181 29 imprisonment.

1915 1695 51 24 The
2176 1696 24 23 of
2217 1696 133 31 Chamouny
2362 1698 40 23 has
2415 1698 48 23 suf-

1882 1727 61 25 fered
1964 1728 145 31 exceedingly
2127 1728 46 24 this
2194 1737 54 22 year
2259 1730 58 23 from
2335 1731 38 23 the
2390 1731 40 23 fall
2442 1732 24 23 of

1881 1762 141 23 avalanches.
2058 1761 40 24 On
2119 1761 39 24 the
2183 1763 57 23 15th
2262 1764 25 22 of
2306 1764 109 31 January,
2437 1766 26 22 in

1881 1795 129 30 particular,
2030 1803 12 15 a
2059 1799 64 26 great
2141 1796 96 24 number
2254 1804 63 17 came
2329 1797 72 29 down,
2420 1798 46 23 and

1881 1828 152 23 considerable
2040 1827 93 32 damage
2138 1836 47 15 was
2193 1829 102 24 effected.
2319 1830 34 24 At
2360 1830 102 30 Ouches,

1882 1861 100 23 between
2001 1861 37 23 the
2055 1861 67 23 baths
2134 1862 26 23 of
2177 1862 36 24 St.
2226 1863 98 24 Gervais
2341 1864 44 23 and
2404 1864 61 23 Cha-

1880 1902 92 23 mouny,
1993 1894 36 23 the
2047 1894 56 23 dead
2122 1894 78 25 bodies
2213 1896 24 23 of
2253 1905 13 14 a
2277 1896 73 24 father
2366 1897 44 23 and
2428 1897 37 23 his

1881 1927 62 23 three
1962 1927 122 32 daughters
2101 1927 58 24 have
2179 1929 58 23 been
2258 1929 46 31 dug
2319 1934 47 19 out.
2413 1930 51 24 The

1880 1960 89 24 mother
1981 1961 44 24 and
2032 1960 93 25 another
2133 1961 111 31 daughter
2254 1970 56 16 were
2317 1963 71 24 found
2397 1964 66 23 alive.

1880 1994 33 23 At
1925 1994 36 24 St.
1976 1994 109 23 Nicholas
2097 2002 13 15 a
2129 2002 78 23 young
2221 1995 45 30 girl
2277 2003 47 16 was
2333 2020 5 5 .
2344 1995 71 25 killed
2435 1997 30 30 by

1880 2026 38 23 the
1929 2026 41 23 fall
1983 2027 24 22 of
2024 2034 13 15 a
2048 2034 60 15 mass
2120 2027 27 22 of
2166 2034 62 17 snow
2244 2028 59 23 from
2322 2028 141 32 Mont-Joly.

1880 2060 52 27 and,
1946 2060 30 30 by
1986 2060 93 23 another
2090 2059 48 29 fall,
2152 2060 38 23 the
2201 2061 85 31 steeple
2298 2060 24 24 of
2332 2061 39 23 the
2381 2061 85 25 church

1880 2093 26 22 of
1915 2093 129 23 Vallorsine
2056 2100 46 15 was
2113 2093 89 24 thrown
2215 2094 72 28 down,
2300 2094 44 23 and
2355 2094 38 24 the
2404 2096 61 23 roofs

1880 2133 58 15 were
1950 2126 101 31 stripped
2062 2126 58 23 from
2138 2126 39 24 the
2190 2126 83 24 church
2288 2127 45 23 and
2344 2127 38 24 the
2394 2128 71 24 house

1880 2159 26 22 of
1915 2158 38 24 the
1965 2167 60 15 cure.
2056 2159 57 22 This
2122 2159 40 23 fall
2172 2167 45 16 was
2226 2160 103 23 followed
2338 2161 31 31 by
2378 2162 88 23 several

1880 2192 85 29 others,
1985 2200 24 15 so
2023 2192 48 23 that
2080 2192 59 23 from
2152 2192 148 31 Argentieres
2318 2194 44 23 and
2372 2194 93 24 Vollor-

1879 2226 57 28 sine,
1960 2234 13 14 a
1986 2225 61 23 three
2065 2225 69 23 hours
2150 2225 107 32 journey,
2275 2227 97 31 nothing
2384 2235 41 16 can
2437 2228 28 23 be

1880 2266 55 15 seen
1947 2258 41 23 but
1999 2266 85 16 masses
2098 2258 24 23 of
2132 2266 70 22 snow,
2213 2260 38 22 the
2262 2260 98 31 bridges,
2373 2261 91 29 houses,

1880 2292 44 22 and
1936 2296 58 19 trees
2002 2291 54 24 have
2068 2292 79 30 totally
2155 2292 154 31 disappeared.
2345 2294 24 23 A
2380 2294 82 31 village

1880 2330 39 17 not
1931 2325 34 23 far
1975 2326 57 22 from
2044 2325 94 30 Megere
2148 2333 46 15 was
2204 2326 79 30 totally
2292 2327 172 30 overwhelmed,

1880 2358 43 23 and
1938 2359 31 22 14
1981 2366 92 22 persons
2086 2366 57 15 were
2155 2358 79 25 killed.
2236 2372 34 4 —
2272 2359 130 31 Galignani.

1914 2391 30 24 In
1954 2391 118 29 Bradford,
2088 2391 137 30 Yorkshire,
2246 2392 63 24 there
2322 2401 37 16 are
2377 2402 29 16 no
2417 2394 46 26 lesg

1879 2424 55 24 than
1956 2425 149 30 twenty-nine
2123 2425 174 30 public-houses
2317 2431 23 18 to
2358 2427 39 29 let,
2418 2428 45 24 and

1880 2458 92 23 failures
1990 2459 24 22 in
2033 2458 37 23 the
2088 2458 78 31 staple-
2179 2459 63 25 trade
2254 2459 25 23 of
2294 2459 39 25 the
2350 2465 59 19 town
2427 2469 38 16 are

1879 2491 129 30 frequently
2020 2491 142 24 announced.

1913 2525 24 22 A
1955 2524 116 23 Narrow
2090 2524 100 24 Escape
2210 2533 53 16 and
2282 2533 16 16 a
2320 2527 144 25 Generous

1880 2557 121 24 Return.
2004 2570 31 4 —
2037 2557 38 23 On
2099 2557 86 32 Friday
2205 2560 103 30 evening,
2333 2561 69 24 about
2425 2562 39 23 six

1880 2591 95 29 o'clock,
1983 2599 40 15 one
2032 2591 24 22 of
2065 2590 38 23 the
2111 2595 60 20 trees
2183 2595 25 20 at
2217 2592 37 23 the
2261 2593 63 23 back-
2331 2594 26 22 of
2362 2594 101 24 Sadler's

1880 2623 72 24 Wells
1971 2623 99 25 Theatre
2089 2631 44 16 was
2155 2625 75 23 blown
2247 2626 72 29 down,
2329 2626 50 32 just
2389 2632 25 19 at
2423 2628 40 23 the

1880 2658 54 22 time
1955 2657 122 24 Valentine
2101 2656 99 32 Knight,
2223 2658 74 31 Esq./
2316 2667 43 15 one
2382 2661 25 22 of
2427 2661 39 23 the

1880 2690 130 24 Middlesex
2025 2690 153 31 magistrates,
2190 2699 46 15 was
2248 2691 91 31 driving
2349 2693 31 31 by
2392 2694 23 23 in
2427 2694 36 23 his

1879 2723 84 29 chaise,
1983 2723 79 29 which,
2084 2724 91 31 coming
2195 2725 24 22 in
2243 2729 90 20 contact
2350 2726 55 23 with
2425 2727 38 24 the

1879 2757 88 28 timber,
1981 2756 79 24 caused
2071 2756 38 23 the
2120 2756 68 24 horse
2200 2762 23 18 to
2235 2757 85 32 plunge
2329 2767 6 20 ;
2356 2759 38 23 the
2406 2767 55 16 con-

1879 2797 112 24 sequence
2004 2790 24 23 of
2038 2789 72 24 which
2122 2797 55 22 was,
2194 2790 50 24 that
2255 2791 38 24 the
2305 2792 83 23 wheels
2400 2801 64 16 came

1880 2823 37 29 off,
1930 2824 44 22 and
1986 2823 47 23 Mr.
2043 2823 91 30 Knight
2146 2831 45 16 was
2203 2825 23 22 in
2240 2824 84 31 danger
2336 2826 24 22 of
2369 2825 37 24 his
2413 2827 47 23 life.

1879 2856 24 24 A
1920 2865 56 23 poor
1987 2856 81 29 fellow,
2081 2856 112 30 however,
2206 2862 24 19 at
2239 2857 36 24 his
2287 2865 51 16 own
2355 2860 106 30 personal

1879 2889 57 29 risk,
1958 2889 75 24 seized
2051 2889 38 23 the
2101 2889 75 30 horse,
2188 2891 94 31 thereby
2294 2893 107 31 rescuing
2413 2893 49 24 Mr.

1879 2923 99 31 Knight,
1985 2923 48 23 who
2040 2924 139 30 generously
2184 2924 114 23 rewarded
2305 2925 35 23 his
2347 2933 118 24 preserver

1879 2956 53 24 with
1945 2957 113 30 sixpence.
2061 2968 33 5 —
2095 2956 93 31 Sunday
2200 2956 81 31 Times,
2292 2957 104 31 January
2407 2960 40 23 15.
