3540 4590
1180 65 171 31 OXFORD
1396 64 225 33 OBSERVER
1665 67 240 35 SATURDAY,
1955 64 195 33 JANUARY
2193 65 29 35 5,
2281 64 90 29 1895.

2912 4267 99 27 Printed
3034 4271 51 25 and
3123 4273 140 29 Published
3291 4282 33 31 by
3358 4283 90 28 Laura

2938 4306 82 28 Annie
3042 4309 104 33 Parish,
3171 4315 27 25 at
3221 4316 48 26 her
3296 4319 153 34 Registered

2937 4347 119 38 Printing
3067 4354 86 31 Office,
3176 4357 69 32 Hig-h
3271 4361 92 30 Street,
3386 4365 65 28 Bast

2938 4391 102 30 Oxford,
3050 4395 164 37 Canterbury.

2948 4442 132 29 SATURDAY
3129 4456 112 20 JANUARY
3270 4455 25 28 5,
3322 4457 67 27 1895

2927 235 172 49 WATCH
3328 240 148 48 CLOCK

2928 326 148 50 Hands
3097 285 168 91 iS^
3304 331 169 50 mmm

3050 397 303 37 FITTED

3193 457 30 16 AT
3262 471 3 2 .

2949 494 183 36 Parish's
3161 496 103 36 East
3286 499 164 44 Oxford.

2930 650 319 49 WERTHEIH

2973 950 206 45 MACHINE
3226 947 202 51 NEEDLES

2944 1040 122 51 Front
3100 1042 71 57 1/-
3200 1055 74 49 pr
3309 1046 148 50 Uxm.

3191 1776 43 21 AT

2994 1844 420 46 PAPwISH'S

2933 1932 190 35 EAST
3171 1936 296 40 OXFORD

2928 2155 141 42 Timber
3084 2161 70 38 ana
3176 2163 77 39 Coal
3281 2166 188 44 Merchant

2929 2242 161 64 LAEGE
3111 2246 108 27 STOCK
3237 2249 45 25 OF
3294 2251 173 30 BUILDING

3104 2278 210 32 MATEEIALS.

2995 2319 34 24 Of
3050 2328 75 26 every
3153 2324 159 33 description;
3344 2333 120 24 seasoned

3026 2359 77 32 ready
3109 2361 38 24 for
3154 2369 53 24 use,
3215 2364 92 33 always
3313 2375 32 24 pn
3353 2368 76 27 hand.

2961 2399 68 30 Also,
3061 2402 153 28 Galvanised
3245 2408 68 32 Iron,
3344 2411 119 28 Portland

2927 2437 104 28 Cement
3040 2442 57 29 and.
3101 2443 125 29 Builders'
3240 2448 189 37 Ironmongery.

2960 2489 112 35 Country
3087 2494 92 27 Orders
3202 2498 128 35 Carefully
3351 2503 111 28 Selected

3092 2535 51 24 and
3151 2536 144 29 forwarded.

2926 2577 98 26 TUAM
3033 2580 143 33 STEEET,
3191 2586 273 32 CHRISTCHUECH

3105 2765 156 46 CAUOO

3035 2825 65 34 3d;
3135 2823 207 49 per'yaJd.

2918 2922 18 7 ■■•
3000 2912 33 19 .-■
3050 2912 1 10 :
3179 2905 34 30 stb
3235 2915 3 7 !
3266 2915 5 5 -
3284 2905 62 17 '•-■'■

3031 2947 42 38 X
3093 2944 41 40 Hi
3154 2950 162 42 PIRISH
3318 2961 8 15 J
3330 2962 21 32 S

2918 3264 144 43 YOBNG
3147 3260 303 71 pANiptpß.

3130 3336 56 25 will:
3195 3334 59 29 visit

2914 3472 73 25 every
3013 3467 197 35 THUESDAY,
3234 3473 39 25 for
3303 3477 146 31 particulars

3128 3520 74 32 apply
3215 3524 26 23 to
3269 3546 3 3 .

3067 3562 77 27 G.E.
3161 3564 141 34 Weylandt,

3198 3610 63 26 East
3278 3611 99 28 Oxford.

3045 3646 34 25 Or
3087 3654 85 25 groom
3184 3649 28 26 m
3229 3651 89 33 charge
3353 3647 18 28 T

2977 3693 93 51 JOk^
3086 3707 144 33 MEEEIN,
3243 3711 135 33 JPropritor.

2940 3873 220 48 FtJBLIC
3207 3880 238 50 NOTICE.

2941 3976 173 39 Telegraphic
3127 3982 132 38 Messages
3278 3996 50 18 can
3340 3998 61 19 now
3413 3991 34 27 be

2912 4025 56 23 sent
2991 4026 54 24 and
3063 4028 121 27 received
3204 4034 29 23 at
3258 4032 66 27 East
3346 4034 103 30 Oxford

2912 4066 110 37 Station,
3039 4072 55 27 and
3111 4074 92 29 Postal
3222 4077 87 29 Notes
3330 4090 61 28 may
3412 4083 35 27 be

2912 4115 149 34 purchased.

1299 203 71 54 H.
1402 203 62 56 E.
1495 202 448 63 BOARDMAN
1978 200 54 56 &
2062 194 148 62 CO.,

1204 278 139 22 BAILIFFS
1357 280 65 20 AND
1437 277 184 23 COMMISSION
1639 277 127 21 AGENTS.
1812 276 101 21 HOTEL
1926 271 138 24 BROKERS
2077 268 65 21 AND
2156 264 149 21 VALUERS.

1302 329 59 28 222
1384 324 232 32 HEREFORD
1641 323 171 35 STREET,
1856 311 341 40 CHRISTOHURCH.

1489 392 391 18 »♦♦♦♦♦♦♦♦♦♦♦♦♦♦♦♦♦♦♦♦♦♦♦♦♦♦♦
1885 391 9 14 »
1899 392 10 13 >
1914 391 9 14 >
1928 392 9 13 »
1942 389 126 16 »♦♦»♦♦♦»•♦

1248 431 42 23 We
1307 432 151 30 respectfully
1470 431 40 30 beg
1528 435 21 19 to
1562 431 73 23 thank
1644 438 43 16 our
1699 429 89 24 Clients
1796 428 48 23 and
1853 426 37 23 the
1902 425 88 24 Public
2000 420 123 35 generally
2127 420 46 30 for
2182 417 38 26 the
2236 416 99 31 support

1178 475 115 23 accorded
1304 482 36 20 us,
1353 475 49 22 and
1414 482 45 16 can
1470 481 82 17 assure
1564 481 42 16 our
1610 472 100 32 friends
1721 471 52 24 that
1781 478 44 16 our
1834 469 105 24 business
1950 466 50 24 still
2006 470 102 19 remains
2116 462 85 23 under
2218 460 37 23 the
2272 463 63 18 same

1179 523 161 28 management
1359 526 27 15 as
1394 517 108 28 hitherto,
1512 517 49 24 and
1570 516 50 23 that
1629 515 135 30 everything
1774 511 121 26 entrusted
1904 514 22 19 to
1935 517 28 16 us
1975 508 52 24 will
2035 508 25 23 be
2067 506 79 25 wider
2157 504 36 24 the
2204 501 131 25 immediate

1178 562 147 31 supervision
1336 563 31 30 of
1373 570 45 15 our

1297 779 253 43 BABL
1568 774 132 42 oljr
1743 771 166 43 AND
1956 762 275 47 PRICE

1484 827 192 43 Coventry
1714 823 113 45 Cycle
1875 819 130 36 W'oilis

1347 884 38 29 88
1408 879 200 33 COLOMBO
1633 877 174 34 STREET,
1851 866 346 38 CHRISTCHURCH.

1180 943 56 31 We
1251 943 119 31 havino-
1385 942 93 30 taken
1494 951 74 19 over
1582 938 52 30 the
1648 936 72 32 well
1733 936 120 29 known
1858 932 113 35 works,
1987 929 181 38 machinery
2177 925 61 30 and
2248 924 88 31 stock

1178 986 34 29 m
1225 985 90 30 trade
1329 969 78 45 wish
1422 986 33 28 to
1469 982 113 30 inform
1597 979 54 30 the
1673 978 105 40 public
1791 976 71 29 that
1876 984 46 20 we
1937 982 52 20 are
2004 969 152 41 prepared
2169 970 34 27 to
2223 967 113 28 under-

1179 1026 73 31 take
1267 1024 104 31 orders
1385 1024 48 30 for
1447 1033 69 20 new
1529 1019 159 32 machines
1703 1019 62 28 and
1780 1019 128 28 execute
1926 1023 119 30 repairs
2067 1014 33 26 at
2122 1012 54 26 the
2201 1012 135 25 shortest

1312 1066 102 30 notice
1428 1064 49 30 for
1498 1063 42 29 all
1556 1061 91 30 kinds
1662 1059 34 30 of
1706 1057 215 40 Engineering
1935 1054 62 30 and
2010 1052 93 40 Cycle
2116 1051 95 30 work.

1343 1119 127 22 SPECIAL
1483 1114 177 23 ATTENTION
1676 1113 95 21 GIVtiN
1785 1111 38 20 TO
1838 1108 141 23 COUNTRY
1994 1106 123 21 ORDERS.

1180 1159 120 38 Racing
1314 1157 160 30 Machines
1498 1154 61 30 and
1582 1151 99 40 Light
1702 1149 168 31 Roadsters
1886 1158 19 18 a
1919 1146 156 39 specialty.
2118 1142 49 30 No
2181 1140 155 40 imported

1178 1200 157 30 machines
1349 1198 76 39 kept
1439 1197 33 29 in
1478 1195 107 31 'stock,
1602 1193 43 30 all
1659 1192 87 31 work
1761 1191 79 28 done
1855 1198 40 21 on
1909 1188 54 29 the
1985 1194 157 32 premises.
2195 1184 30 27 A
2250 1184 86 35 large

1208 1240 90 32 stock
1312 1240 35 30 of
1357 1240 125 38 Lamps,
1495 1236 94 35 Bells,
1605 1235 62 31 and
1684 1232 128 33 Saddles
1827 1241 39 20 on
1880 1228 85 31 hand
1980 1230 32 28 at
2025 1235 114 23 reduce
2151 1225 130 40 dprices.

1310 1318 117 86 R.
1496 1315 132 87 H.
1686 1305 513 94 PARISH

1455 1450 198 61 EAST
1699 1445 328 61 OXFORD

1402 1537 77 30 has
1496 1531 188 36 received
1705 1540 25 22 a
1745 1528 295 41 consignment
2057 1525 43 31 of
2155 1557 2 3 .

1176 1588 301 56 Messrs
1535 1585 419 57 Johnsons
2006 1577 68 56 &
2133 1576 202 56 Sons

1351 1666 268 58 GREAT
1680 1656 451 62 YARMOUTH

1356 1886 338 49 ENORMOUS
1755 1883 390 46 REDUCTIONS

1173 2005 80 24 mHE
1272 2004 115 32 question
1398 2002 22 24 is
1590 1999 68 30 Why
1670 1997 60 25 send
1745 1999 26 22 to
1784 1995 177 25 Christchurch
1982 1994 38 24 for
2037 2001 63 24 your
2117 1994 111 31 Drapery
2236 1995 12 22 ?
2283 1993 52 25 Tbe

1180 2024 19 39 1
1237 2038 101 30 drapery
1351 2035 53 25 sold
1413 2035 26 23 m
1448 2034 57 24 that
1517 2033 51 31 city
1579 2040 72 23 every
1663 2039 46 17 one
1722 2031 94 27 knows,
1829 2029 22 24 is
1862 2030 46 23 not
1918 2028 73 24 made
2003 2027 76 28 there,
2099 2025 46 26 but
2155 2026 131 32 imported.
2321 2027 14 23 I

1173 2073 94 30 import
1277 2071 66 24 from
1354 2069 44 25 the
1409 2068 54 25 best
1474 2066 108 32 English
1594 2065 50 24 and
1662 2064 87 26 Scotch
1762 2063 100 24 houses.
1908 2061 72 25 lam
1992 2060 105 25 enabled
2108 2061 26 24 to
2145 2061 124 30 purchase
2286 2059 47 25 low

1173 2106 50 24 and
1232 2105 46 24 sell
1290 2105 26 24 at
1326 2112 15 15 a
1352 2105 53 22 rate
1418 2101 26 24 of
1453 2100 74 32 profit
1540 2101 53 31 (my
1605 2105 121 24 expences
1736 2096 73 31 being
1820 2094 82 32 small)
1915 2095 57 24 that
1984 2094 82 25 would
2077 2093 31 26 be
2126 2093 146 28 considered
2291 2093 42 25 ab-

1172 2138 57 28 surd
1242 2138 32 29 by
1290 2144 48 23 any
1359 2133 179 27 Cluistchurch
1562 2131 200 26 establishment.
1816 2129 43 31 My
1881 2128 76 25 Stock
1976 2127 21 23 is
2017 2127 43 24 the
2080 2126 95 32 largest
2192 2127 52 23 and
2265 2128 69 23 most

1171 2168 95 29 tvaried
1275 2170 58 25 that
1342 2170 46 22 has
1400 2175 56 17 ever
1467 2168 63 22 bsen
1542 2166 87 23 shown
1639 2164 28 24 m
1678 2164 45 23 the
1733 2162 104 28 district,
1850 2160 51 24 and
1912 2161 38 24 for
1961 2159 92 31 quality
2074 2160 49 23 and
2142 2159 73 24 value
2232 2161 59 29 puts
2307 2160 27 23 m

1173 2207 29 23 he
1215 2205 76 25 shade
1309 2202 76 33 goods
1398 2199 91 26 offered
1501 2199 32 31 by
1546 2197 103 32 visiting
1661 2195 117 25 hawkere
1790 2195 62 24 from
1865 2193 44 25 the
1926 2192 191 29 Christchurch,
2120 2200 46 23 rag
2177 2194 89 23 marts.

1203 2261 95 25 Dress
1310 2259 166 29 Materials,
1488 2256 88 25 Plain
1589 2254 60 26 and
1659 2253 104 31 Fancy
1775 2252 80 24 from
1869 2249 49 25 3d.
1931 2254 55 27 per
1994 2248 85 31 yard.

1204 2308 419 37 ArStrong~StoHTsura]si^
2032 2308 77 28 yard

1803 2351 109 25 Makes
1924 2351 155 23 first-class
2097 2348 90 32 Boys'
2206 2348 91 26 Suits.

1203 2413 58 25 Art
1277 2411 141 29 Muslins,
1437 2408 157 29 Gretones,
1614 2405 79 25 Lace
1712 2403 139 25 Curtains
1870 2401 54 25 &c.

1203 2481 25 31 A
1246 2480 110 25 Choice
1375 2476 167 26 Collection
1560 2475 33 25 of
1608 2473 122 30 Gloves,
1756 2471 78 30 Ties,
1864 2469 130 31 Aprons,
2024 2467 167 26 Insertions
2209 2468 54 25 &c.
2269 2474 22 11 ••-

1202 2533 121 31 Striped
1340 2531 125 25 Galatea
1481 2528 55 33 4/6
1548 2533 55 26 per
1614 2528 107 28 dozen,
1751 2524 103 24 worth
1865 2523 49 24 9d.
1933 2528 55 24 per
2004 2521 85 30 yard.
2205 2527 36 20 •-,
2288 2543 3 5 .

1202 2595 103 25 Prints
1317 2594 79 24 from
1408 2592 52 24 4d.
1472 2595 56 26 per
1539 2589 85 31 yard.
1637 2588 140 29 Muslins,
1790 2586 140 29 Selesias,
1943 2584 127 30 Calicos,
2084 2583 54 25 &c.

1789 2628 87 26 With
1893 2628 88 24 other
1998 2626 194 25 Manchester
2208 2627 87 29 lines.

1201 2692 88 30 Hats,
1308 2691 103 29 Fancy
1429 2688 60 25 and
1505 2687 107 29 Sailor,
1631 2686 32 24 m
1679 2683 104 26 White
1801 2682 61 25 and
1878 2681 116 26 Colors.
2079 2686 4 5 •

1746 2727 126 25 Newest
1888 2725 124 30 Shapes.
2048 2723 97 31 Large
2162 2724 131 31 Variety,

1200 2789 149 29 Flowers,
1366 2785 156 30 Feathers,
1540 2781 149 31 Ribbons,
1708 2779 106 31 Laces,
1832 2778 75 31 Jets,
1928 2777 54 25 &c.

1220 2842 3 3 .
1673 2821 88 26 With
1778 2821 41 23 all
1836 2818 184 26 necessaries
2037 2818 47 24 for
2102 2817 190 29 Trimmings.

1199 2880 104 29 Fancy
1319 2878 140 29 Frillings
1478 2877 77 30 3yds
1567 2876 46 24 for
1623 2874 37 33 1/-
1677 2873 103 25 worth
1790 2872 51 30 9d,
1858 2875 56 27 per
1924 2870 84 30 yard,

1736 2916 183 29 Umbrellas,
1937 2914 151 29 Parasols,
2108 2912 183 30 Sunshades,

1232 2990 2 4 ,
1258 2988 2 1 ■
1268 2987 2 2 ■
1324 2989 2 1 .
1343 2984 55 12 ••w'9'
1478 2982 38 12 «>»
1540 2981 40 11 mw
1601 2980 43 11 mir
1663 2979 41 12 w*
1724 2979 39 11 ■»»
1788 2978 39 12 w*
1850 2978 42 11 wvr
1910 2978 42 12 *iw
1973 2976 38 13 ■»»
2036 2975 38 14 ■»*
2100 2975 35 12 *w

1314 3019 332 46 SPECIAL
1733 3014 423 44 PURCHASE

1166 3096 110 32 BOYS
1308 3094 89 30 AND
1427 3089 174 34 YOUTHS
1640 3086 217 34 COLONIAL
1889 3084 155 32 TWEED
2070 3085 253 45 OVERCOATS

1649 3150 77 32 with
1749 3148 96 41 Capes

1440 3213 93 30 From
1557 3212 66 30 17s.
1668 3210 50 30 6d.
1763 3209 100 31 worth
1907 3209 66 29 255.
2021 3207 49 29 6d.

1315 3278 197 32 Men's
1556 3276 226 31 Tweed
1826 3274 349 32 Overcoats

1637 3328 96 29 From
1756 3327 64 30 15s.

1165 3502 127 41 English
1307 3505 128 41 Witney
1444 3506 149 30 Blankets
1608 3509 33 26 to
1657 3506 36 30 be
1709 3505 68 31 sold
1792 3509 31 26 at
1834 3506 59 29 less
1902 3505 78 30 than
1994 3504 181 31 Melbourne
2189 3505 129 32 Whole-

1165 3555 70 30 sale,
1243 3558 85 40 price
1329 3576 40 4 —
1369 3557 122 34 Double
1505 3558 69 31 Bed
1591 3557 68 32 Size
1683 3558 63 30 12s.
1773 3557 49 30 6d.
1872 3557 103 30 worth
1990 3557 65 31 16s.
2095 3557 49 30 6d.
2166 3567 56 30 per
2235 3558 77 41 pair.

1325 3630 131 39 cheaper
1469 3629 78 29 than
1562 3625 226 33 Christchurch
1802 3626 113 31 houses
1930 3626 64 32 will
2009 3627 58 31 sell
2081 3627 94 32 them.

1165 3723 291 80 MISSES'
1519 3722 250 81 CAPES
1827 3724 63 79 &
1949 3726 361 80 JACKETS

1213 3833 89 46 TI&
1317 3833 165 48 Hswsst
1512 3832 155 59 $t&pss
1686 3834 109 48 from
1815 3834 85 56 S/6
1924 3838 143 46 wmth
2084 3838 168 48 Unhh.

1165 3959 516 89 PRINTS!
1727 3962 488 89 PRINTS
2243 3970 22 83 !
2281 3967 23 89 !

1233 4094 138 50 UUw
1385 4092 157 50 Unfoi
1561 4100 105 49 mi,
1688 4095 184 50 Edwml
1893 4097 202 54 Bmrnm
2114 4102 117 50 $t&&

1165 4170 313 102 ROLLER
1544 4165 500 112 TOWELLING
2111 4180 154 87 M.

1495 4314 142 49 wflrtfc
1648 4314 71 51 M
1734 4326 81 56 pt
1832 4318 122 58 jwl.

1598 4399 26 6 —
1640 4396 9 12 *
1664 4397 39 12 **
1716 4398 10 12 •

1194 4432 72 34 R.
1293 4433 78 33 H.
1408 4434 313 43 PARISH,
1780 4436 155 35 East
1983 4439 258 41 Oxford,

1510 4514 404 10 ;;
2046 4515 9 7 *
2060 4516 2 1 ■

2420 201 424 47 EUCALYPTUS

2544 276 81 5 —
2625 272 10 14 ♦
2635 278 78 3 —

2418 298 60 21 THE
2494 298 72 20 BEST
2580 298 87 21 HOME
2683 299 142 21 BEMEDIE

2477 336 37 14 are
2528 330 36 20 the
2573 331 135 25 preparation
2718 331 26 21 of
2751 331 36 20 the

2362 367 171 20 TASMANIAN
2551 367 186 22 EUCALYPTUS
2751 367 48 21 OIL
2813 367 82 20 COMP.

2391 404 136 25 Universally
2538 405 103 20 admitted
2650 405 36 20 the
2695 405 79 24 BEST,
2785 404 115 20 PUREST

2364 441 43 21 and
2417 441 57 19 most
2484 441 94 19 effective
2589 441 134 24 Eucalyptus
2745 441 105 20 Globulus
2865 441 35 20 Oil

2363 472 33 20 for
2417 471 171 26 INFLUENZA,
2610 471 92 26 Coughs,
2721 471 64 21 Colds
2810 472 43 20 and
2870 472 30 20 all

2364 504 65 20 Chest
2446 503 43 20 and
2497 503 64 25 Lung
2577 503 113 21 affections
2704 503 76 27 speedy
2789 504 60 20 relief
2858 503 44 20 and

2364 535 56 21 Cure
2438 535 34 21 for
2486 534 158 26 Rheumatism,
2664 535 123 26 Neuralgia,
2802 535 100 28 Sprains-

2363 563 73 21 Burns
2456 563 34 20 &c.

2391 595 134 24 Eucalyptus
2542 596 105 19 Globulus
2664 596 93 20 Extract
2766 596 91 25 sprayed
2869 596 33 19 in-

2364 626 65 20 haled
2444 626 44 20 and
2501 626 67 20 taken
2576 626 117 26 internally
2710 627 34 19 for
2758 626 37 21 the
2812 627 88 25 Throat,

2364 662 98 26 Oatarrb,
2479 662 59 26 Hay,
2563 662 98 26 Typhoid
2677 664 43 19 and
2734 663 82 21 Scarlet
2825 664 77 21 Fevers

2366 694 130 22 MEASLES
2507 695 37 20 the
2548 695 56 20 most
2614 695 137 26 satisfactory
2759 696 144 25 preventative

2366 725 43 21 and
2423 726 61 20 Cure.
2512 726 57 20 Send
2582 726 51 20 Post
2648 726 56 20 Card
2714 728 23 19 to
2747 726 37 21 the
2793 726 64 21 Office
2869 728 34 19 for

2365 756 97 21 Circular
2475 756 121 26 describing
2613 759 123 19 treatment.
2763 758 139 26 Eucalyptus,

2365 789 112 22 Ointment
2486 791 37 20 the
2533 791 70 25 Magic
2612 791 79 21 Healer
2705 792 23 20 of
2742 792 69 24 Sores,
2825 793 78 24 Burns,

2366 822 103 24 Wounds,
2485 822 60 21 Boils
2563 824 45 23 &c,
2631 823 134 26 Eucalyptus
2784 823 58 27 Soap
2856 824 42 21 Fra

2365 855 64 23 grant
2437 854 44 20 and
2490 854 124 26 refreshing.
2639 855 132 26 Eucalyptus
2780 855 90 26 Jujubes
2879 862 25 14 or

2365 885 102 20 Pastilles
2477 885 33 19 for
2519 885 37 21 the
2582 886 80 20 Throat
2672 886 44 20 and
2724 886 65 20 Voice
2805 893 29 14 an
2848 886 55 21 anti-

2366 916 68 25 septic
2443 916 43 20 and
2496 917 121 20 stimulant.

2366 949 126 26 Veterinary
2508 950 36 21 Oil
2553 951 43 20 and
2606 951 112 21 Ointment
2727 951 34 21 for
2771 951 37 21 the
2816 951 86 21 stables.

2393 984 30 19 Be
2432 990 49 13 sure
2490 990 43 19 you
2543 984 109 21 Purchase
2662 984 43 21 <the
2715 985 104 25 Platypus
2835 985 69 20 brand

2366 1015 51 25 only
2426 1015 22 20 of
2456 1015 30 21 all
2494 1016 114 25 Chemists,
2613 1017 89 20 Grocers
2708 1016 43 20 and
2758 1016 146 26 Storekeepers

2365 1046 44 20 and
2422 1048 24 19 at
2460 1047 36 20 the
2507 1048 64 20 Office
2580 1049 13 20 9
2602 1048 115 21 Cathedral
2726 1053 77 20 square
2811 1048 93 21 between

2365 1078 101 21 Morten's
2480 1080 113 25 Buildings
2601 1081 42 19 and
2654 1080 37 20 the
2699 1080 52 20 Post
2761 1080 71 21 Office.

2531 1113 88 21 Oxford
2629 1114 80 25 Agent

2419 1147 27 21 K.
2456 1147 30 21 H.
2500 1148 120 26 PARISH,
2640 1149 80 21 -EAST
2733 1150 120 20 OXFORD

2446 1185 142 28 Eucalyptus
2597 1186 38 21 Oil
2648 1186 31 28 1/-
2692 1194 42 20 per
2742 1187 79 21 bottle.

2364 1269 102 23 RONGO
2504 1270 53 21 PAI
2578 1271 95 22 TENEI
2686 1271 56 21 KEI
2756 1271 125 22 KOUTOTJ

2579 1306 111 22 KATOA.

2406 1342 191 39 MACBEAN
2640 1343 219 39 STEWART'S

2363 1398 76 21 NEW
2453 1399 79 21 CURE
2547 1398 59 23 FOR
2620 1400 127 21 ASTHMA

2418 1434 74 20 NEW
2507 1435 79 20 CURE
2600 1434 58 23 FOR
2672 1435 98 21 CROUP

2477 1469 74 21 NEW
2566 1469 79 21 CURE
2659 1469 58 22 FOR
2730 1470 172 22 DIPHTERIA

2418 1500 74 20 NEW
2507 1501 79 20 CURE
2600 1501 58 20 FOR
2673 1500 133 21 CHRONIC

2542 1537 188 22 BRONCHITIS.
2808 1535 7 19 '•

2378 1575 115 26 Prepared
2502 1574 59 21 from
2570 1575 41 20 the
2620 1576 121 20 Mountain
2752 1577 46 19 and
2807 1578 81 20 Forest

2484 1601 82 21 Plants
2580 1601 24 20 of
2617 1602 55 20 New
2687 1603 105 20 Zealand.

2363 1635 29 20 In
2401 1635 99 20 Asthma
2510 1635 41 20 the
2559 1635 56 20 New
2624 1636 59 20 Cure
2693 1636 42 21 has
2744 1637 85 25 proved
2838 1638 65 21 itself

2404 1662 26 20 to
2439 1662 28 20 be
2477 1662 65 20 H>ad
2552 1662 45 20 and
2608 1663 123 20 Shoulders
2741 1664 74 23 above.
2822 1665 33 20 f»ll

2546 1689 72 20 Other
2632 1690 77 20 Cures.

2390 1728 29 20 In
2429 1734 30 14 no
2468 1728 102 21 instance
2579 1728 42 21 has
2631 1735 13 14 a
2652 1729 69 20 death
2730 1730 107 21 occurred
2843 1730 59 21 from

2364 1755 132 26 diphtheria
2513 1756 67 19 when
2598 1756 41 20 the
2859 1758 43 20 has

2363 1782 57 21 been
2430 1782 76 25 freely,
2513 1782 58 20 used
2578 1782 59 21 from
2643 1783 41 20 the
2693 1783 51 20 first
2750 1785 77 20 outset
2832 1785 24 20 of
2861 1785 41 20 the

2364 1809 94 25 disease,
2476 1809 45 20 and
2540 1815 26 14 so
2584 1811 67 24 great
2669 1817 38 14 are
2725 1811 33 20 its
2776 1812 126 24 protective

2363 1842 91 19 powers,
2467 1836 53 20 that
2529 1836 40 20 the
2579 1837 124 25 complaint
2712 1838 43 20 has
2764 1845 72 14 never
2846 1839 56 20 been

2364 1864 80 20 known
2453 1863 24 21 to
2488 1863 82 27 spread
2578 1864 25 21 to
2613 1864 67 22 other
2696 1864 110 23 members
2824 1865 24 22 of
2860 1866 42 21 the

2363 1890 88 25 family.
2524 1910 2 2 .
2785 1894 4 7 '

2391 1925 48 20 The
2446 1925 55 21 New
2506 1923 11 27 '
2517 1923 60 27 Cure,
2587 1927 24 20 3s
2621 1927 39 23 6d;
2673 1927 118 21 G-rindelia
2798 1928 104 20 Robusta

2427 1952 136 26 Cigarettes,
2573 1954 25 19 2s
2606 1962 6 15 ;
2622 1953 97 21 Asthma
2733 1955 107 24 Tobacco,

2533 1981 25 19 2s
2572 1980 30 20 6d
2615 1981 47 19 and
2675 1982 30 19 Is.

2389 2088 184 40 HEALTH
2596 2089 304 40 GUARANTEED

2366 2170 183 28 QUFFERERS
2585 2172 59 19 from
2687 2171 212 22 RHEUMATISM.

2365 2198 23 19 U
2418 2196 156 26 LUMBAGO,
2592 2198 186 26 NEURALGIA,
2797 2200 103 21 Nervous

2363 2223 141 26 exhaustion,
2514 2225 99 27 -wasting
2619 2226 98 26 dibility,
2728 2226 47 21 lost
2785 2226 79 28 vigpur
2876 2228 24 20 of

2361 2251 67 27 body,
2437 2257 159 20 nervousness,
2606 2254 45 19 loss
2662 2254 21 19 of
2702 2254 56 21 flesh
2777 2255 47 20 and
2841 2255 59 20 vital

2361 2285 81 19 power,
2465 2280 92 21 restless
2590 2280 68 26 sleep,
2682 2280 96 26 dreams,
2796 2282 103 27 pimples,

2361 2306 64 18 weak
2436 2307 60 22 back,
2508 2308 62 17 want
2588 2308 24 18 of
2622 2308 163 25 development,
2795 2310 104 20 .varicose

2361 2331 71 24 veins,
2442 2332 133 27 incapacity,
2594 2334 94 26 xirinary
2709 2335 118 27 disorders,
2847 2337 51 20 skin

2361 2358 47 21 and
2417 2358 68 21 blood
2494 2360 96 21 diseases
2601 2361 46 21 and
2655 2361 33 20 all
2697 2362 106 21 ailments
2812 2363 88 21 arising

2360 2386 56 19 from
2427 2386 63 26 early
2499 2392 24 14 or
2532 2387 60 20 later
2610 2389 44 25 day
2668 2394 73 15 errors
2751 2391 53 23 etc.;
2826 2391 72 20 CON-

2361 2412 75 21 SULT
2444 2412 80 21 FREE
2549 2414 83 21 PROF.
2654 2415 152 22 NOTMANN
2824 2418 26 20 M
2865 2417 20 20 E

2359 2439 28 20 E.
2417 2440 29 20 M.
2463 2440 27 20 G.
2513 2440 129 21 MARKET
2660 2442 94 21 PLACE
2775 2444 124 21 CHRIST-

2360 2466 126 23 CHURCH
2526 2468 120 26 (Opposite
2688 2470 106 21 Colombo
2822 2472 76 21 Street

2359 2493 85 28 Bride)
2560 2515 3 3 .
2851 2499 3 11 :

2386 2531 49 20 The
2444 2532 54 26 only
2515 2532 88 26 Expert
2621 2534 143 28 advertising
2780 2536 54 21 that
2850 2537 48 20 will

2366 2560 125 23 guarantee
2501 2565 15 14 a
2524 2560 116 26 thorough
2646 2567 61 14 cure.

2385 2599 253 22 MANUFACTURER,
2648 2602 22 21 of
2679 2602 41 21 the
2730 2604 54 26 only
2802 2611 95 19 guaran-

2357 2626 54 21 teed
2420 2626 97 22 Eectric
2527 2628 48 20 belt
2594 2629 46 20 and
2653 2630 65 20 other
2737 2631 85 25 special
2839 2632 58 20 elec-

2357 2653 68 22 trical
2434 2654 129 27 appliances
2572 2655 25 20 m
2606 2656 40 21 the
2655 2656 110 22 Colonies.
2777 2678 5 2 .
2796 2658 98 22 Medical

2350 2681 122 21 .Batteries
2481 2682 43 21 etc.
2552 2683 139 27 Discriptive
2701 2684 134 27 Pamphlets
2843 2687 54 26 post

2357 2708 63 22 Free.
2747 2722 2 2 ■
2796 2713 20 12 ■'■
2831 2713 3 8 '
2850 2725 1 4 .

2434 2853 365 48 IMPORTANT

2352 2958 85 32 ALL
2467 2960 122 33 WOOL
2611 2962 184 38 KOSLYN,
2803 2965 88 33 AND

2389 3034 296 35 WELLINGTON
2709 3039 152 32 TWEED

2499 3105 256 43 SUTTS

2394 3172 68 39 35/-
2479 3172 86 32 Suits
2580 3174 146 32 Reduced
2734 3179 34 27 to
2792 3177 68 41 25/-

2392 3232 69 41 --4-
2503 3234 32 41 „;
2594 3258 33 14 .„
2712 3260 19 13 „
2791 3238 75 40 .35/-

2391 3280 149 32 Trousers
2555 3284 61 29 and
2630 3284 75 30 Vest
2771 3285 76 41 13/6
2880 3301 5 5 -

2585 3343 52 22 AT

2375 3394 197 33 PARISH'S
2583 3418 4 5 •
2598 3397 91 31 East
2712 3399 143 31 Oxford.

2394 3550 190 60 Money
2602 3556 54 43 to
2679 3555 155 47 Lend,

2386 3616 18 29 I
2439 3616 79 32 Lave
2538 3629 115 31 money
2674 3623 47 28 ,to
2742 3621 73 30 lend
2850 3622 34 30 m

2343 3657 93 38 large,
2459 3668 35 19 or
2516 3660 89 29 small
2640 3671 85 20 sums
2751 3665 34 26 to
2821 3665 64 28 suit

2343 3696 176 33 Borrowers
2556 3703 34 26 at
2618 3701 108 30 lowest
2756 3707 127 26 current

2343 3741 90 27 rates.

2401 3778 62 41 W.
2488 3780 46 40 H.
2560 3781 261 45 SPACEMAN

2517 3829 192 31 SOLICITOE,

2410 3866 193 27 Chkistchueoh
2613 3870 51 23 and
2675 3870 136 26 Rangioba.

2368 3993 46 44 S.
2456 3994 79 45 W.
2572 3995 276 49 TUKPIH.

2343 4060 239 41 WATCHMAKER.
2617 4065 175 40 JEWELLER
2818 4068 58 32 &c

2415 4122 88 26 MAIN
2518 4124 135 26 STEEET
2672 4126 139 27 OXFOED

2531 4175 63 17 near
2604 4168 84 25 Bank.

2345 4276 84 41 .W.
2473 4277 367 38 WOODWARD

2343 4331 145 27 PAINTER
2505 4333 70 25 AND
2592 4334 273 37 PAPERHANGER,

2436 4382 113 31 EAST
2593 4383 182 35 OXFORD.

2382 4476 43 26 All
2435 4476 81 26 orders
2526 4479 122 31 promptly
2659 4480 115 27 attended
2785 4485 35 27 to.

197 200 250 48 NOTICE.

44 299 100 45 Job
162 301 235 56 Printing
407 303 12 42 !

219 370 100 44 Job
343 369 234 55 Printing

89 432 172 29 OXFOKD
319 431 227 31 OBSEKVEK

129 482 161 38 Machine
320 482 181 49 Printing-

226 533 169 39 WORKS

113 593 89 23 MAIN
215 593 144 28 STREET,
371 593 149 24 OXFORD.

114 670 129 43 TTjVINE
296 670 62 35 Tr>
362 667 153 25 EINTING

91 743 38 29 In
145 743 73 38 Any
246 741 127 39 Variety
388 751 35 19 or
449 739 96 38 Style.

49 835 71 24 THE
152 834 113 25 CHEAP
294 833 121 24 MONEY
435 830 142 26 SCHEME,

291 894 3 6 ■
300 891 48 11 a»r
357 894 2 6 i
386 894 14 4 —

84 924 122 24 Whether
218 930 88 23 money
317 922 22 24 is
351 924 26 22 to
395 921 31 24 be
443 919 134 26 considered

47 974 28 17 as
87 966 95 31 having
193 974 32 14 an
237 965 111 24 intrinsic
371 965 81 26 value,
465 971 28 16 or
504 970 27 16 as
543 962 34 24 be-

49 1009 45 30 ing
103 1016 14 16 a
129 1008 157 30 commodity,
294 1015 16 16 a
317 1007 125 27 standard,
451 1014 14 16 a
475 1013 102 16 measure

48 1059 29 16 or
95 1059 15 16 a
121 1051 116 31 pledge—
240 1057 27 18 as
280 1051 21 23 is
313 1049 123 31 variously
453 1048 124 31 suggested

53 1099 30 25 by
95 1094 91 23 writers
190 1108 28 2 —
221 1093 49 24 and
281 1092 110 25 whether
402 1092 42 23 tbe
465 1093 54 22 true
529 1091 48 23 idea

51 1136 28 24 of
89 1143 87 23 money
178 1150 30 3 —
209 1143 28 15 as
249 1135 59 24 sueh
312 1149 29 3 —
343 1134 30 24 be
385 1135 44 23 not
449 1133 128 31 altogether

52 1179 56 24 that
120 1179 25 23 of
157 1186 14 16 a
182 1178 78 26 ticket.
265 1186 27 16 or
300 1178 119 24 counter?

87 1221 120 25 Whether
218 1221 20 24 it
246 1221 60 25 doth
317 1223 45 22 not
374 1221 62 24 have
448 1219 76 25 much
539 1219 38 25 im-

51 1268 55 28 port
120 1267 25 22 to
168 1266 63 23 have
254 1273 14 16 a
296 1265 67 30 right
392 1264 145 30 conception
559 1263 18 24 oi

52 1316 89 22 money
150 1309 9 23 ?
172 1308 50 24 and
231 1308 111 24 whether
353 1308 32 23 its
397 1308 55 23 true
472 1306 48 24 and
530 1305 47 31 just

51 1351 55 25 idea
117 1351 29 24 be
159 1352 43 23 not
221 1350 54 25 that
287 1350 26 25 of
323 1358 15 16 a
357 1350 76 24 ticket
444 1357 27 17 or
482 1352 95 21 counter

51 1394 116 31 entitling
175 1395 25 23 to
212 1402 87 22 power,
320 1393 49 24 and
380 1392 73 24 fitted
465 1393 23 23 to
501 1392 76 24 record

51 1437 48 23 and
112 1436 106 24 transfer
230 1437 90 29 power?

84 1479 118 24 Whether
219 1486 79 22 power
309 1479 25 22 to
346 1478 133 24 command
491 1477 42 24 the
545 1477 32 23 in-

52 1522 84 31 dustry
149 1522 26 24 of
185 1522 83 23 others
291 1520 29 25 be
341 1522 44 23 not
397 1520 51 25 real
470 1519 90 26 wealth
571 1520 6 23 ?

50 1565 50 23 and
112 1565 110 23 whether
237 1572 85 22 money
346 1564 31 24 be
397 1565 44 22 not
463 1564 27 22 m
513 1563 64 23 truth

49 1607 89 24 tickets
150 1616 27 16 or
186 1607 86 24 tokens
292 1606 37 24 for
340 1605 135 32 conveying
486 1605 48 23 and
545 1613 32 16 re-

49 1650 102 30 cording
163 1649 59 24 such
235 1657 81 22 power
324 1650 12 22 ?
360 1649 48 23 and
428 1647 112 25 whether
561 1648 16 24 it

48 1692 31 24 be
91 1692 26 24 of
126 1693 70 30 great
207 1698 167 24 consequence
381 1691 68 24 what
457 1690 120 25 materials

48 1736 43 24 the
103 1736 89 23 tickets
204 1743 38 16 are
254 1735 73 24 made
339 1734 44 25 of?

81 1778 121 24 Whether
214 1778 76 28 trade,
304 1777 79 25 either
394 1777 95 32 foreign
501 1785 28 16 or
540 1778 37 22 do-

46 1821 93 29 mestic,
152 1821 28 24 be
192 1821 26 23 m
232 1821 67 23 truth
312 1828 47 21 any
371 1828 69 16 more
458 1820 62 24 than
533 1820 44 24 this

45 1870 134 17 commerce
192 1861 26 25 of
224 1861 113 32 industry
345 1862 12 24 ?

81 1906 121 23 Whether
211 1908 25 21 to
254 1906 119 30 promote,
399 1904 109 29 transfer,
531 1904 46 23 and

45 1956 85 17 secure
140 1948 50 24 this
200 1955 136 16 commerce
349 1948 48 23 and
405 1946 51 25 this
464 1948 113 29 property

45 1991 27 23 m
88 1991 96 23 human
195 1990 94 28 latour,
301 1998 36 20 or,
350 1990 25 23 m
397 1989 71 24 other
490 1990 87 30 words,

44 2035 52 24 this
108 2042 80 23 power
200 2034 29 24 ba
241 2036 44 22 not
296 2034 43 24 the
347 2034 51 24 sole
409 2041 87 17 means
504 2033 26 25 of
536 2041 41 17 en-

44 2077 99 31 riching
153 2086 15 15 a
179 2076 86 32 people
284 2077 47 24 and
344 2077 56 24 how
411 2076 38 25 far
460 2077 49 24 this
520 2084 57 24 may

44 2119 30 24 be
87 2120 60 23 done
159 2120 191 30 independently
362 2120 26 24 of
396 2119 58 32 gold
474 2120 48 23 and
535 2120 42 24 sil-

42 2169 42 18 ver
94 2164 11 21 ?

78 2205 121 24 Whether
211 2213 14 15 a
236 2205 111 25 national
367 2213 119 24 currency
498 2206 79 24 would

44 2250 45 24 not
100 2248 31 25 be
145 2256 68 18 more
235 2247 129 27 beneficial
387 2249 62 28 than
473 2258 61 16 even
562 2258 15 17 a

45 2291 143 31 gold-mine,
202 2291 49 24 and
263 2291 111 25 whether
383 2292 55 23 that
446 2293 31 23 be
484 2296 42 20 not
536 2293 41 23 the

44 2336 55 23 true
111 2334 177 31 philosopher's
305 2337 70 22 stone
397 2335 26 23 m
453 2343 14 16 a
491 2334 70 25 State
570 2343 5 21 ;

42 2378 50 23 and
115 2378 110 24 whether
251 2386 91 23 money
371 2378 82 25 would
475 2387 56 15 ever
549 2380 27 23 be

42 2421 111 31 wanting
165 2423 25 21 to
202 2421 42 23 the
255 2421 118 24 demands
385 2421 28 25 of
430 2421 115 32 Industry
556 2423 21 23 if

41 2471 36 18 we
89 2464 63 25 have
165 2472 14 16 a
190 2464 113 25 national
315 2464 66 25 bank
392 2465 12 23 ?

337 2508 96 24 Bishop
448 2508 126 24 Berkley.

96 2620 106 24 CHILD
214 2620 109 24 BIRTH
336 2620 94 31 SAFE,
444 2621 73 25 AND

146 2663 137 26 ALMOST
292 2664 171 25 PAINLESS

36 2705 93 64 BY
175 2706 76 31 using.
272 2707 60 24 ,DR
377 2707 196 27 FAWCETT'S

139 2738 131 25 Medicine.
284 2760 3 2 .

71 2780 72 25 MRS
165 2781 164 25 BURRELL
352 2782 59 32 begs
433 2784 27 24 to
482 2783 89 25 inform

36 2819 44 23 the
92 2818 91 26 Ladies
194 2820 57 24 that
259 2820 44 25 she
312 2821 46 25 has
369 2821 200 32 beenappointed

35 2858 57 24 Sole
113 2860 73 29 agent
208 2860 27 22 m
259 2860 178 25 Christchurch
463 2862 37 24 for
527 2862 44 24 the

33 2896 78 24 above
122 2896 125 25 Medicine
259 2899 25 23 to
300 2897 116 25 facilitate
430 2898 139 25 Accouche-

31 2938 88 22 ments.
155 2936 89 25 Ladies
256 2945 47 16 can
326 2937 30 25 be
377 2938 113 31 supplied
509 2938 60 25 with

30 2975 42 22 the
96 2975 75 23 above
193 2975 33 31 by
251 2976 105 31 sending
378 2984 28 17 or
428 2977 92 31 calling
543 2980 26 22 at

30 3013 41 24 Mr
94 3014 121 25 Burrell's
238 3015 181 33 Photographic
442 3016 70 32 place
543 3018 28 25 of

28 3053 124 28 business,
165 3054 106 25 Gould's
294 3055 140 33 Buildings*
456 3057 111 25 Victoria

30 3091 89 31 Street,
134 3093 181 30 Christchurch,
335 3095 82 24 where
437 3095 33 25 all
489 3096 77 24 infor-

27 3133 97 23 mation
153 3141 46 16 can
226 3133 32 25 be
286 3133 116 26 obtained
429 3135 58 28 free,
517 3136 50 24 and

26 3170 119 31 perfectly
188 3171 157 32 satisfactory
376 3173 50 23 and
459 3173 107 31 genuine

26 3208 169 24 testimonials
207 3216 46 16 can
265 3208 30 25 be
306 3217 67 17 seen.

26 3337 174 31 OXFORD
244 3339 190 31 LIBBAKY
475 3340 89 31 AND

120 3387 195 32 READING
336 3390 131 32 ROOM.

26 3486 54 26 Tho
110 3488 92 26 Oxford
228 3490 105 32 Library
359 3493 23 24 is
409 3501 61 23 open
485 3503 79 24 .every

27 3529 112 32 Tuesday
152 3531 49 24 and
223 3531 120 34 Saturday
373 3535 95 31 nights,
496 3537 66 25 from

28 3574 13 22 G
56 3575 30 22 30
99 3575 79 29 p.m.,'
190 3576 24 23 to
235 3577 16 24 8
261 3584 71 23 p.m.,
356 3578 50 25 and
437 3588 32 17 on
493 3589 70 26 every

26 3615 120 26 alternate
159 3618 135 33 Thursday.,
313 3620 138 32 afternoon,
482 3624 79 33 (Sale-

25 3658 71 32 days)
119 3659 64 24 from
196 3662 60 23 230
266 3669 66 22 p.m...
348 3665 26 23 to
387 3666 14 22 5
413 3673 59 22 p.m.
479 3684 3 2 .
510 3667 52 25 The

25 3699 112 32 Reading
150 3702 78 24 Room
239 3704 21 23 is
273 3712 63 23 open
359 3707 26 23 to
407 3707 44 25 the
477 3709 85 31 public

24 3742 58 34 free)
89 3745 65 32 daily
165 3745 65 26 fvorn
237 3748 29 23 11
280 3755 70 23 a.m.,
374 3754 25 21 to
424 3750 135 33 Sundown,

24 3787 128 33 (Sundays
181 3791 125 33 excepted)
340 3794 50 23 and
430 3794 70 26 when
517 3796 43 26 the

24 3829 102 33 Library
162 3833 22 24 is
219 3841 72 24 open,
326 3836 42 24 the
405 3838 154 33 circulating,

24 3871 103 32 Library
139 3875 112 25 contains
263 3877 75 28 1,700
348 3878 120 31 volumes,
486 3869 73 36 .coixi-

24 3914 94 31 prising
128 3917 151 32 -.—History,
300 3919 109 32 Science,
442 3923 117 34 Theoogy

24 3956 146 35 Biography,
211 3960 85 26 Travel
329 3964 49 24 and
406 3965 151 34 Adventure,

24 3998 78 26 Books
114 4001 38 24 for
164 4002 41 24 the
226 4003 91 33 Young
328 4006 41 25 &c
406 4008 57 24 This
486 4010 22 24 is
531 4019 26 15 a-

24 4045 96 29 tnongst
143 4045 43 25 the
197 4045 92 34 largest
311 4050 50 24 and
372 4050 56 26 best
451 4052 103 27 selected

24 4086 100 33 Library
135 4088 27 25 m
191 4089 61 27 New
265 4091 118 27 Zealand.
418 4094 22 25 A
449 4097 106 25 number
566 4080 6 53 J

24 4129 20 24 if
51 4138 54 17 new
127 4131 77 27 books
225 4134 50 25 will
297 4135 95 33 shortly
411 4137 31 26 be
465 4139 88 27 added,

24 4173 52 39 rhe^
82 4173 150 27 Committee
255 4177 48 24 will
315 4179 29 24 be
355 4179 56 31 glad
422 4182 27 24 to
460 4184 93 24 receive

24 4206 171 39 feributions
220 4219 27 24 of
273 4220 105 26 suitable
402 4223 77 26 books
502 4227 50 23 and

24 4252 246 54 HSHH^rJhe
280 4263 107 34 Library
407 4267 51 24 and
468 4267 82 26 Read-
561 4252 7 54 J

58 4413 15 25 S
78 4422 42 18 ÜBS
124 4424 109 19 CBIPTION
245 4408 332 47 2^^^^^^^^BsEjfK||

617 543 265 47 GEORGE
915 541 234 45 KEATS.

640 619 159 25 BUILDEK
807 617 70 25 AND
889 616 239 25 UNDEETAKER

718 671 105 32 EAST
863 670 180 31 OXFORD.

648 762 121 24 Funerals
778 760 149 28 Conducted,
941 759 88 24 Adults
1037 760 66 23 from
1112 758 38 24 £3

616 805 115 26 Children
748 805 65 24 from
832 803 69 32 22/6.

634 998 222 25 oxpobd
901 995 237 23 bakesy

717 1044 213 29 Established
955 1040 87 31 1862.

662 1108 124 28 FLOUR,
797 1107 57 24 best
864 1106 81 24 brand
955 1105 60 31 only
1026 1104 68 31 kept.
1157 1098 2 44 j

614 1150 143 29 SHARPS,
792 1147 206 29 OATMEAL,
1034 1143 118 28 BRAN'

703 1190 291 29 CHICKENWHEAT,
1013 1190 42 25 &c.

638 1238 41 20 AT
707 1235 122 22 LOWEST
858 1233 141 23 CURRENT
1026 1232 105 24 RATES,

702 1339 52 44 F.
787 1337 50 44 B.
861 1333 188 57 LANE.

717 1412 90 39 (Late
821 1411 39 29 E.
881 1410 160 38 Butcher.)

613 1471 249 34 Watchmaker,
892 1468 183 35 Jeweller,
1093 1466 52 31 &c.

611 1521 123 31 Importer
768 1520 27 25 of
835 1518 106 25 Musical
976 1518 171 23 Instruments

709 1558 111 25 Victoria
842 1557 37 25 St.
910 1556 134 30 Rangiora.

612 1647 98 31 Special
722 1647 70 24 value
814 1645 28 23 m
865 1644 81 24 Extra
969 1645 86 29 strong
1067 1642 79 24 Cased

610 1690 87 32 highly
706 1688 108 25 finished
828 1687 108 32 English
955 1687 80 24 Lever
1044 1684 102 26 Watch-

610 1742 34 16 es.
691 1731 191 26 Manufactured
900 1732 26 23 to
948 1738 43 23 my
1014 1729 77 28 .order
1113 1728 33 32 by

611 1773 54 25 best
676 1773 105 24 London
800 1771 107 24 makers.
941 1768 158 32 Unequalled
1108 1767 38 25 for

610 1816 122 24 excellent
746 1814 178 31 Timekeeping
940 1814 49 23 and
1001 1812 142 31 durability.

642 1860 30 24 F.
689 1859 32 25 B.
733 1858 96 26 LANE
842 1857 139 33 personally
1004 1856 71 25 visits
1096 1855 48 25 Ox-

609 1903 54 25 ford
683 1903 124 31 monthly,
832 1902 115 31 carrying
967 1909 15 16 a
1004 1901 69 31 large
1096 1900 49 24 and

608 1946 85 25 choice
727 1946 70 24 stock
826 1945 27 24 of
884 1944 128 28 Watches,
1041 1943 102 28 Chains,

608 1989 134 27 Brooches,
752 1989 88 29 Rings,
852 1987 85 27 Studs,
955 1986 129 25 Pendants
1096 1988 47 23 etc.

609 2032 141 31 Spectacles
772 2030 124 33 (Pebbles,
914 2032 168 24 Pantoscoiuc
1094 2029 49 24 and

608 2075 108 33 Crystal)
730 2073 96 29 Clocks,
846 2073 108 34 (Marble
974 2072 51 25 and
1042 2072 101 33 Wood,)

706 2117 93 25 Accord
804 2113 60 28 eons'
875 2117 51 24 and
936 2117 108 24 Violins.

639 2162 81 23 Exact
732 2162 58 23 date
802 2160 26 24 of
839 2160 61 24 each
912 2160 60 23 visit
994 2160 22 23 is
1028 2159 107 24 notified

754 2205 28 24 m

606 2248 114 26 Repairs.
724 2263 30 4 —
757 2247 38 27 All
809 2247 94 32 repairs
921 2255 41 17 are
980 2246 119 25 executed
1110 2246 30 33 by

606 2293 92 29 myself
719 2300 27 15 or
762 2292 80 23 under
858 2299 42 21 my
922 2291 232 28 superintendenea_

606 2343 27 16 so
655 2335 57 24 that
730 2336 103 30 patrons
845 2340 46 17 can
915 2333 51 30 rely
989 2339 33 16 on
1045 2330 98 32 getting

606 2378 154 25 satisfaction
770 2379 26 23 at
808 2376 43 25 the
863 2383 58 23 very
933 2376 86 24 lowest
1028 2374 112 31 charges.

638 2421 104 32 Repairs
754 2429 29 16 or
790 2420 85 24 orders
884 2427 58 22 may
954 2418 30 24 be
992 2417 45 25 left
1048 2419 27 23 at
1077 2431 32 4 —

604 2469 26 25 J.
649 2468 134 30 Weeber's,
818 2468 64 25 East
907 2467 100 24 Oxford,

604 2515 26 22 at
653 2504 41 34 W.
717 2513 36 24 M.
778 2512 38 27 C,
840 2512 65 24 East
929 2510 101 25 Oxlord.

603 2556 24 24 J.
644 2554 112 31 Brown,«
756 2554 162 31 Bootmaker,
944 2554 70 23 West
1038 2552 100 24 Oxford.

603 2597 39 25 W.
656 2597 24 24 J.
694 2597 119 24 Crothers
823 2597 18 23 &
854 2596 44 24 Co.
907 2614 5 6 .
936 2595 69 25 Cust.

635 2641 50 24 and
701 2640 52 26 will
760 2640 30 25 be
802 2639 125 31 promptly
940 2638 118 25 attended
1070 2639 35 24 to.

604 2685 54 29 .All
669 2685 97 30 Work
780 2684 78 30 don<3
870 2695 39 19 on
924 2684 53 29 the
990 2682 150 31 Premises

725 2737 62 28 and
802 2735 199 38 guaranteed.

601 2866 142 44 -.¥..
780 2864 313 45 STOCKS,

598 2926 343 31 MONUMENTAL
963 2917 173 44 iVtASON,

720 2978 134 30 Madras
877 2978 127 34 Street,

621 3063 4 2 .
639 3029 454 33 CHRISTCHURCH.

599 3123 160 60 WISHES
776 3126 26 21 to
819 3123 89 24 inform
919 3130 101 24 persons
1039 3123 24 23 m
1072 3124 64 22 want

686 3157 27 25 of
727 3157 167 25 Monumental
919 3156 76 25 Work
1022 3156 55 23 that
1105 3156 30 24 he

593 3190 97 24 intends
710 3192 25 21 to
758 3189 89 26 SELL
875 3189 63 24 HIS
972 3188 163 25 PRESENT

593 3222 117 25 LARGE
731 3221 120 29 STOCK,
1019 3218 25 27 of
1056 3220 78 26 Gran-

593 3257 34 22 ite
644 3255 103 30 Marble,
773 3255 47 23 and
846 3255 69 23 other
942 3254 76 25 Stone
1046 3254 89 24 Monu-

593 3291 87 25 ments,
709 3290 27 21 at
764 3286 162 32 considerably
962 3286 171 25 REDUCED

592 3320 134 26 PRICES.
759 3320 58 24 Iron
834 3320 102 29 Fences,
955 3319 114 26 Concrete
1085 3319 47 24 and

595 3354 73 25 Stone
685 3353 127 32 Kerbings,
829 3353 102 24 reduced
941 3352 26 24 m
983 3352 73 32 ].rice.
1072 3357 3 4 '
1091 3352 40 25 In-

593 3387 126 31 scriptions
738 3387 48 24 and
804 3385 33 25 all
854 3385 67 25 work
938 3386 24 24 m
992 3386 139 24 connection

593 3420 56 24 with
667 3420 41 24 the
725 3420 69 24 trade
806 3419 61 24 done
877 3418 26 24 m
915 3415 134 28 first-class
1061 3420 70 30 style.

592 3453 76 31 Early
685 3453 135 31 inspection
837 3452 101 24 invited.
958 3476 4 3 .
975 3451 97 26 Several
1081 3460 51 16 new

592 3486 61 25 lines
670 3487 75 30 lately
774 3486 101 25 arrived.
911 3484 55 32 Any
993 3484 138 26 reasonable
1157 3502 2 3 ■

592 3519 59 24 offer
667 3519 38 24 for
720 3519 42 24 the
780 3523 95 28 present
891 3518 70 25 stock
977 3517 51 25 will
1053 3517 79 26 result
1157 3529 2 3 •

592 3552 24 24 m
633 3561 14 16 a
665 3552 59 25 sale.
760 3551 77 26 Want
860 3552 26 24 to
903 3552 94 25 realise.'
1024 3556 3 2 '
1046 3554 21 22 \i
1088 3564 2 11 -.
1118 3552 2 2 '
1157 3566 2 19 j

593 3662 90 36 MR
705 3662 64 40 W.
795 3662 51 40 N.
871 3662 257 44 CATHRO,

632 3731 182 24 BAREISTEE
828 3732 68 22 AND
912 3732 176 22 SOLICITOR.
1157 3724 2 16 '

741 3775 234 33 KANGIORA.
1157 3783 1 16 •

587 3824 133 33 Attends
736 3827 122 30 Oxford
873 3838 39 19 on
924 3828 97 30 Court
1030 3827 96 40 Days.

587 3897 167 27 Instructions
763 3898 34 33 by
806 3900 57 30 post
875 3898 52 25 will
938 3898 94 25 receive
1042 3906 83 24 prom-

751 3939 29 30 pt
808 3937 133 25 attention.

708 3985 108 22 MONEY
844 3985 37 21 TO
910 3985 89 21 LEND.

632 4094 46 55 S.
711 4094 381 56 B.SEYMOUR,

781 4162 140 28 DENTIST,
1156 4172 2 11 •

622 4203 41 20 215
678 4203 106 21 Colombo
799 4203 82 24 Street,
905 4203 169 22 Christdrarch.
1154 4201 4 25 I

864 4250 26 5 ~~
978 4248 2 4 '
1154 4239 4 30 I

750 4276 179 21 CHARGES:—
978 4293 3 3 .
1004 4285 7 4 -

646 4316 94 27 Filling,
755 4316 39 25 se;
830 4314 134 24 Extraction
973 4318 25 20 2s
1012 4316 37 23 6d.

603 4379 95 21 Nitrous
708 4379 60 21 Oxid
777 4379 46 21 G-as
832 4379 170 22 Administered
1006 4380 38 21 for
1050 4380 68 21 Pain-

584 4419 180 34 jSfcjExtraction
773 4419 25 22 of
806 4420 81 22 Teeth.
921 4421 47 22 Fee
976 4421 38 22 for
1022 4421 94 22 Admin-
