3218 4281
131 88 105 23 REVOLT
248 86 35 20 AT
297 85 71 21 LIMA.

76 172 101 20 TeUKIBLE
186 171 69 15 SCENES
264 171 22 12 IX
295 170 41 13 THE
345 168 84 15 STKEETS,

70 210 90 21 Reuter's
177 212 75 21 agency
260 206 37 18 has
311 203 88 20 received
415 203 52 18 from

46 240 56 20 Lima
110 244 11 12 a
131 234 81 27 graphic
222 231 98 20 narrative
333 230 21 19 of
363 229 34 18 tho
406 228 51 25 fight-

45 266 34 21 ing
87 262 64 20 which
161 259 45 21 took
222 258 55 26 place
286 256 21 19 in
315 255 34 19 the
366 256 71 18 streets
447 254 20 19 of

44 291 43 20 that
104 289 39 23 city
159 287 39 18 last
210 283 76 21 March.,
313 280 61 25 Early
393 286 26 13 on
433 279 34 19 tho

44 315 91 23 morning
144 313 21 19 of
174 310 70 21 March
258 308 47 19 17th
313 307 57 19 Lima
386 312 42 14 was
438 308 20 17 at-

44 341 70 21 tacked
132 339 27 25 by
168 338 33 19 the
211 339 67 21 troops
291 334 20 19 of
320 333 34 19 the
370 331 96 20 National

45 375 21 13 or
76 365 97 21 Coalition
183 369 61 19 army,
254 360 32 20 led
295 360 26 24 by
331 359 45 19 Don
384 357 83 19 Nicolas

44 392 84 23 Pierola,
147 390 40 19 and
196 386 118 24 numbering
328 385 19 18 in
358 384 27 19 all
404 383 63 19 about

44 422 11 17 2
64 420 37 18 000
110 424 53 13 men.
189 415 42 20 The
239 413 53 19 main
305 411 58 24 body,
375 412 92 22 entering

44 446 27 24 by
93 444 113 20 Cocharcns,
230 439 64 20 where
312 437 34 18 the
369 435 98 20 Cacensts

43 477 52 14 were
113 466 123 23 entrenched,
255 470 49 13 were
318 462 55 19 twice
388 461 78 19 thrown

43 498 42 19 into
103 494 93 23 disorder,
206 493 33 18 the
253 488 103 20 execution
373 487 51 19 done
439 487 28 25 by

44 523 35 20 •„he
101 527 51 20 guns
175 519 20 19 of
220 517 33 19 the
278 514 104 20 defenders
404 513 63 26 bemg

44 548 98 25 apparent
149 546 51 20 from
208 543 33 19 tho
250 541 40 19 fact
303 540 45 20 that
357 540 22 19 of
387 546 12 13 a
408 541 58 25 troop

43 575 22 20 of
73 573 79 25 cavalry
165 567 118 25 numbering
295 568 31 21 43,
344 566 66 20 which
417 566 49 19 here

43 602 53 19 •went
113 600 41 19 into
163 596 68 22 action,
246 593 47 25 only
305 592 32 20 six
354 599 47 12 men
413 598 53 13 wore

43 627 38 19 left
98 627 21 18 at
136 624 32 20 the
177 621 38 20 end
228 620 21 19 of
265 619 35 20 the
313 618 58 25 fight.
399 618 40 19 For
453 625 13 12 a

44 653 87 19 moment
148 649 32 19 the
198 646 104 20 assailants
315 644 97 24 wavered,
428 644 38 19 but

44 679 46 20 Don
98 675 77 21 Nicolas
184 672 85 23 Pierola,
283 670 104 26 galloping
400 672 20 17 to
431 670 34 19 tho

43 705 59 21 front,
124 700 88 21 revolver
236 698 22 19 in
279 696 60 24 hand,
363 696 85 19 shouted
459 696 4 30 :

43 731 8 13 '
59 729 72 20 Follow
148 732 32 13 mo
192 731 34 19 my
246 729 46 14 men
303 722 4 28 ;
328 722 105 19 otherwise
453 722 12 19 I

43 755 50 21 shall
110 760 25 19 go
154 750 87 21 forward
254 749 40 19 and
311 748 68 26 perish
392 748 71 19 alone.'

43 781 47 20 This
96 785 39 14 was
144 776 111 27 responded
260 778 21 17 to
290 775 27 25 by
326 781 13 12 a
347 774 48 19 loud
405 774 59 19 shout

41 808 21 19 of
72 806 61 20 'Viva
142 802 79 21 Pierola
229 802 11 19 !'
251 801 46 24 and,
305 800 86 25 rushing
399 802 21 17 to
429 800 35 19 the

41 832 73 21 assault
131 830 49 19 with
193 827 91 20 renewed
304 826 158 23 determination,

39 859 33 19 the
81 855 131 22 Nationalists
219 860 48 14 soon
276 855 37 24 put
322 853 34 19 the
366 852 97 20 Cacerists

37 885 20 20 to
65 882 65 26 flight.

63 910 27 19 At
112 907 101 26 daybreak
232 912 26 14 on
276 904 95 26 Monday,
391 903 71 20 March

40 935 51 24 18th,
115 934 34 20 the
180 932 90 25 strugglo
292 937 40 14 was
363 929 97 20 resumed.

38 961 59 20 From
102 959 76 21 behind
185 959 52 19 their
243 957 111 19 barricades
361 956 33 19 the
402 955 48 19 Cace-

36 988 47 19 rists
100 985 87 20 directed
203 991 12 13 a
227 983 116 19 murderous
361 982 34 19 firo
409 981 52 19 from

37 1013 52 20 their
105 1013 74 24 Krupp
189 1010 39 19 and
242 1009 82 24 Gatling
338 1014 53 19 guns
406 1012 55 20 upon

36 1039 52 19 their
103 1038 115 25 opponents.
246 1035 42 19 The
302 1034 104 24 slaughter
415 1039 34 19 pro-

38 1064 62 20 duced
119 1065 25 24 by
159 1063 35 19 tho
208 1061 91 25 Gatlings
317 1066 40 13 was
372 1059 87 19 terrible.

36 1091 27 19 In
71 1090 34 20 the
114 1091 61 17 street
184 1088 56 19 alono
249 1089 24 16 40
283 1087 68 18 horses
364 1085 33 25 lay
406 1085 54 25 piled

36 1117 22 19 in
67 1123 12 13 a
88 1115 80 26 ghastly
177 1114 57 25 heap,
245 1112 58 20 while
311 1117 47 14 men
374 1111 36 18 fell
419 1110 40 19 like

38 1148 46 14 corn
93 1142 68 19 before
170 1140 34 19 the
213 1145 74 18 reaper.
313 1138 26 18 In
355 1137 34 18 tho
398 1139 62 17 tower

37 1168 21 20 of
67 1168 40 19 San
116 1166 101 26 Augustin
231 1163 78 21 Church
318 1163 34 19 tho
361 1162 61 25 firing
439 1162 21 19 of

36 1194 49 19 each
103 1193 45 19 shot
165 1192 27 24 by
207 1191 32 19 the
253 1188 96 21 Cacerists
367 1195 41 13 was
420 1188 30 19 fol-

36 1220 63 19 lowed
116 1219 27 24 by
152 1218 33 19 tho
194 1216 82 19 derisive
290 1215 82 24 ringing
387 1215 22 19 of
424 1214 35 19 tho

35 1246 57 19 bells.
111 1239 2 27 '
127 1239 62 24 Hero'
205 1249 12 13 a
235 1247 69 19 young
325 1240 134 25 Englishman

35 1271 71 20 named
115 1270 74 19 Robert
203 1267 120 23 Mackenzie,
333 1267 49 18 with
398 1272 61 13 sevan

35 1297 81 20 soldiers
126 1296 20 19 of
155 1295 33 19 tho
194 1293 96 20 National
298 1293 60 22 force,
366 1292 48 19 held
423 1292 35 19 tho

34 1323 55 26 place
106 1322 31 19 for
154 1321 44 19 four
211 1320 61 18 hours
288 1319 80 24 against
382 1318 28 19 all
428 1320 20 16 at-

34 1350 71 24 tempts
114 1348 21 18 of
144 1347 33 19 the
184 1345 95 20 Cacerists
289 1347 20 16 to
319 1344 47 19 take
374 1344 22 19 it.
424 1343 33 19 Mr

34 1373 112 21 Mackenzie
155 1371 88 21 received
257 1370 56 25 eight
328 1369 89 24 wounds,
436 1370 22 19 of

34 1400 63 20 which
111 1399 46 25 only
166 1404 42 17 one,
223 1397 86 23 namely,
319 1396 22 19 in
351 1396 33 19 the
401 1395 56 26 right

33 1426 54 20 hand
104 1431 39 13 was
157 1424 78 19 serious.
270 1422 68 20 When
360 1422 97 19 darkness

34 1451 40 25 fell,
85 1451 60 20 about
152 1451 30 18 six
191 1448 80 24 o'clock,
279 1448 35 19 tho
321 1448 134 19 Government

33 1479 62 19 forces
112 1477 57 19 made
178 1482 13 13 a
203 1476 103 24 desperate
322 1474 67 19 attack
407 1474 50 19 with

33 1505 88 24 infantry
130 1503 39 19 and
178 1502 88 24 artillery
276 1507 25 13 on
309 1500 34 20 the
361 1500 83 19 Theatre-

34 1536 70 16 square
126 1529 39 20 and
190 1528 39 20 San
252 1526 101 26 Augustin
375 1526 80 20 church.

34 1556 55 26 They
106 1554 57 22 could
171 1556 41 22 not,
226 1554 96 23 however,
342 1553 86 19 advance
445 1559 11 12 n

33 1584 43 25 Btep
94 1582 77 25 against
180 1580 34 20 the
227 1581 90 18 constant
326 1578 40 20 and
384 1578 72 26 deadly

33 1609 35 20 fire
78 1608 62 21 which
149 1607 33 20 the
190 1605 95 22 National
293 1607 67 24 troops
370 1604 48 27 kept
427 1611 28 20 up

32 1635 51 21 from
92 1634 33 20 the
135 1633 53 21 roofs
198 1632 38 20 and
245 1631 94 21 windows
353 1631 21 20 of
382 1630 73 21 houses

32 1661 40 21 and
81 1660 51 21 from
140 1658 76 22 behind
224 1658 52 21 their
286 1657 119 25 burricudes,
416 1657 39 20 and

32 1689 22 20 at
62 1686 38 21 last
109 1686 33 20 the
151 1687 73 18 retreat
234 1691 38 14 was
283 1684 94 19 sounded.

58 1708 41 25 The
109 1712 57 26 night
175 1718 40 14 was
225 1717 36 14 one
271 1711 20 19 of
300 1712 57 24 great
366 1710 87 26 anxiety,

34 1739 33 21 the
77 1740 38 24 city
124 1739 61 25 being
192 1738 21 19 in
222 1737 94 26 complete
324 1736 100 25 darkness,
433 1743 22 13 as

33 1767 34 19 the
74 1772 36 19 gas
118 1766 64 24 lamps
189 1764 40 19 had
236 1764 51 19 been
296 1763 109 25 destroyed,
415 1763 38 19 and

33 1792 34 20 tho
85 1792 104 25 gasholder
203 1797 39 13 was
257 1789 82 26 leaking
356 1790 51 18 from
421 1789 34 19 the

32 1818 84 20 number
123 1818 21 19 of
149 1817 63 20 bullet
218 1816 54 19 holes
281 1816 21 18 in
311 1816 22 18 it.
360 1815 26 19 In
394 1822 61 18 many

32 1843 72 20 houses
114 1844 32 19 tho
156 1844 83 18 inmates
248 1842 41 19 had
297 1842 51 19 been
358 1841 61 20 killed
427 1841 28 25 by

32 1870 35 20 tho
76 1870 72 20 bullets
157 1869 65 20 which
235 1869 73 24 during
316 1868 34 19 the
368 1868 38 25 day
415 1868 40 18 had

32 1903 55 13 come
95 1896 103 25 whistling
211 1894 87 25 through
307 1894 94 20 windows
417 1893 40 20 and

34 1923 64 19 doors.
125 1922 52 20 Over
188 1923 55 22 1,000
253 1926 77 19 corpses
341 1926 50 14 were
400 1920 57 25 lying

34 1949 62 19 about
105 1948 34 20 tho
148 1950 69 17 streets
227 1948 20 18 in
257 1947 27 19 all
297 1946 109 24 directions,
417 1946 40 18 and

33 1980 74 19 among
116 1974 34 19 tho
159 1973 51 20 dead
218 1973 70 19 moved
303 1972 34 20 the
346 1972 45 20 Red
399 1968 59 24 Cross

33 2000 123 24 ambulance,
165 1999 48 20 with
223 1999 33 19 tho
265 2004 76 14 women
351 2004 72 20 among
432 1998 25 19 its

33 2026 53 25 Btaff,
110 2025 105 26 collecting
238 2025 33 19 tho
299 2024 97 20 wounded
419 2024 39 19 and

31 2052 94 26 Carrying
134 2052 54 19 them
206 2051 28 19 off
243 2053 19 17 to
271 2051 34 19 the
321 2050 78 20 various
408 2051 36 18 tem-

33 2084 72 20 porary
116 2077 101 27 hospitals.
245 2077 71 25 Owing
325 2078 19 18 to
354 2076 33 19 tho
396 2076 50 19 inter-

33 2104 81 20 vention
123 2105 21 18 of
161 2104 33 19 the
204 2103 119 25 Diplomatic
339 2109 60 18 corps,
412 2102 43 19 who

32 2130 42 19 had
95 2129 106 20 succeeded
224 2129 21 18 in
266 2128 108 25 arranging
396 2134 12 13 a
431 2129 23 17 23

34 2155 77 21 ho'urs's
120 2157 60 22 truce,
190 2155 34 19 the
233 2154 92 25 morning
334 2154 21 19 of
363 2154 81 24 Tuesday-

34 2182 75 26 opened
126 2181 82 25 quietly,
218 2180 40 19 and
271 2180 33 19 tho
319 2182 69 17 streets
403 2186 51 13 wore

34 2214 48 13 soon
91 2207 51 20 filled
151 2207 49 20 with
209 2208 112 24 spectators.
348 2206 43 18 Tho
400 2206 55 25 sight,

33 2234 65 20 which
112 2235 40 18 met
161 2233 51 19 their
222 2239 45 19 eyes
281 2239 40 13 was
337 2232 87 19 horrible
433 2232 22 19 in

34 2260 35 19 tho
91 2262 90 17 extreme.
215 2258 87 26 Corpses,
323 2258 56 20 alono
393 2264 22 14 or
432 2258 23 20 in

35 2286 67 25 heaps,
109 2285 120 20 surrounded
238 2285 27 25 by
270 2291 74 13 masses
352 2284 21 20 of
382 2291 60 18 coagu-

35 2312 53 19 lated
97 2312 62 24 blood,
170 2313 51 18 most
231 2312 19 18 of
259 2311 54 19 them
325 2311 80 20 swollen
415 2311 39 19 and

34 2338 79 25 already
128 2338 21 20 in
166 2344 12 13 a
186 2339 50 19 state
251 2337 21 20 of
285 2337 154 26 decomposition
449 2337 4 26 ;

34 2364 51 20 dead
105 2364 66 20 horses
188 2365 21 18 in
228 2363 26 20 all
272 2363 110 24 directions,
402 2363 52 19 their

34 2391 96 25 putrofied
138 2390 84 20 remains
231 2390 87 25 tainting
330 2389 33 20 the
373 2389 81 25 already

34 2416 119 25 pestilential
158 2417 38 19 and
206 2416 101 25 sickening
317 2415 136 26 atmosphere;

33 2448 75 14 women
125 2443 72 24 crying,
213 2442 39 20 and
269 2448 45 13 men
327 2441 83 26 looking
428 2448 25 13 on

36 2468 47 20 with
100 2468 67 20 horror
177 2471 20 17 at.
205 2469 34 19 the
252 2474 56 13 scene
319 2468 4 25 ;
337 2474 36 19 gas
389 2468 64 25 lamps

33 2494 104 25 shattered,
156 2495 56 19 doors
222 2494 38 20 and
269 2494 94 20 windows
376 2494 77 19 broken

34 2521 27 23 in,
72 2521 54 19 clubs
135 2521 38 19 and
188 2521 58 25 shops
255 2520 110 26 plundered
382 2520 28 25 by
419 2521 34 18 the

34 2552 71 20 troops,
129 2547 32 19 the
178 2547 105 25 flagstones
297 2549 44 17 torn
363 2552 33 20 up,
419 2547 34 18 the

35 2573 62 19 whole
115 2580 12 12 a
144 2573 94 25 spectacle
251 2573 21 19 of
289 2573 108 23 confusion,
420 2573 22 19 de-

34 2599 99 24 struction,
140 2599 38 20 and
184 2599 65 20 death.
276 2599 42 19 The
324 2599 76 19 British
406 2599 47 18 Firo

33 2624 86 25 Brigade
136 2631 47 13 soon
192 2625 97 26 appeared
303 2625 48 20 with
369 2631 26 12 an
409 2625 44 19 iron

34 2651 48 19 tank
91 2651 51 19 filled
160 2652 47 19 with
217 2655 36 16 tar.
279 2651 59 20 With
347 2651 40 19 this
405 2651 48 25 they

34 2677 80 20 covered
123 2678 32 18 the
165 2678 49 19 dead
228 2678 73 23 horses,
312 2677 39 19 and
365 2677 48 19 then
423 2682 29 14 sot

32 2703 36 20 firo
77 2705 19 17 to
105 2703 58 20 them.
191 2704 57 25 Steps
255 2710 50 13 were
314 2704 41 18 also
361 2704 61 19 taken
432 2705 20 18 to

32 2735 78 14 remove
128 2730 25 18 all
163 2730 32 19 the
208 2730 96 19 wounded
313 2730 40 18 and
371 2731 20 17 to
400 2730 52 24 bury

32 2756 34 19 tho
72 2755 54 20 dead.
140 2755 2 20 '
153 2756 20 19 It
180 2762 39 13 was
227 2756 102 19 estimated
338 2756 44 19 that
391 2756 21 18 in
418 2756 34 19 the

32 2784 39 17 two
78 2782 53 24 days'
140 2782 85 25 lighting
234 2788 24 13 no
265 2782 61 19 fewer
335 2782 50 19 than
395 2783 57 23 3,000

32 2813 80 21 persons
121 2808 39 19 had
170 2808 48 19 been
227 2808 61 19 killed
298 2808 39 19 and
348 2808 104 19 wounded.

32 2834 28 19 At
68 2834 38 19 last
114 2840 53 13 came
182 2834 33 19 the
225 2834 86 25 grateful
326 2834 126 25 intelligence

34 2860 44 19 that
86 2862 59 17 terms
154 2860 20 19 of
191 2867 59 18 peace
258 2860 40 19 had
308 2860 50 19 been
375 2860 76 25 signed,

34 2886 39 19 and
82 2885 43 20 that
134 2893 24 12 an
167 2886 38 19 end
213 2886 40 19 had
262 2886 47 19 thus
325 2886 52 20 been
385 2888 37 24 put
432 2888 21 18 to

33 2912 34 19 the
76 2911 89 20 dreadful
171 2912 44 19 civil
224 2919 40 13 war
271 2912 64 20 which
340 2913 41 19 had
390 2913 63 26 raged

32 2938 32 21 for
73 2938 33 20 the
114 2940 44 23 past
169 2939 22 18 12
200 2939 85 19 months.

117 2997 79 20 LASSO
210 2998 142 20 DUELLING.

60 3063 26 20 Of
100 3063 26 20 all
134 3063 33 20 the
177 3064 76 20 curious
266 3069 92 20 weapons
367 3062 50 20 used
432 3062 21 20 in

34 3095 12 14 a
53 3090 46 19 duel
104 3090 43 19 that
154 3090 19 19 of
182 3090 33 19 tho
221 3090 174 26 Hispano-Indian
405 3095 35 14 cow-

33 3116 49 25 boys
99 3116 21 19 in
128 3116 33 19 the
170 3116 63 26 valley
247 3118 20 18 of
276 3116 34 19 tho
327 3115 39 21 Bio
385 3116 69 19 Grand

36 3142 33 19 del
90 3142 61 19 Norte
168 3149 61 12 seems
241 3142 35 20 the
294 3145 50 16 most
366 3144 88 23 strange.

33 3168 63 19 These
104 3168 43 20 wild
154 3168 52 20 folks
215 3169 44 19 lead
265 3175 11 12 a
282 3168 127 25 half-savage
418 3168 36 19 life

36 3200 71 19 among
124 3194 51 19 their
191 3195 62 24 herds,
267 3195 64 25 living
349 3201 26 12 on
392 3195 62 18 maize

36 3220 38 19 and
83 3220 60 19 beans
153 3222 38 18 and
198 3221 74 20 eternal
281 3221 52 24 beef,
341 3220 114 26 Cjueuching

35 3245 52 20 their
95 3246 58 20 thirst
161 3248 47 19 with
224 3247 34 20 the
266 3247 111 19 fermented,
393 3246 62 26 juices

33 3272 22 20 of
64 3272 33 20 tho
106 3272 86 27 Maguey
205 3274 61 25 plant.
294 3273 41 19 The
351 3272 104 25 Yaqueroß

36 3305 56 20 carry
100 3305 12 13 a
120 3299 47 26 long
176 3300 57 23 lasso,
241 3299 40 20 and.
290 3299 52 20 their
351 3299 47 19 skill
407 3299 48 20 with

35 3325 17 19 it
60 3332 16 12 is
86 3325 69 19 almost
163 3326 118 19 miraculous
290 3326 22 18 in
321 3326 33 18 the
370 3332 35 18 eye
415 3326 20 18 of
445 3332 11 13 a

35 3351 72 19 chanco
124 3354 102 23 spectator.
253 3352 34 18 All
304 3358 34 12 are
348 3352 97 19 extraordi-

36 3377 63 25 narily
108 3377 68 26 clover,
186 3379 37 19 but
232 3378 34 20 the
281 3384 47 13 man
337 3377 48 20 with
394 3384 13 12 a
415 3379 42 18 real

36 3404 70 24 genius
124 3404 20 19 in
153 3404 51 19 lasso
217 3404 101 25 throwing
330 3404 18 18 is
363 3410 21 13 as
398 3404 59 19 much

36 3429 85 20 dreaded
126 3429 27 26 by
160 3430 31 19 his
196 3430 124 25 neighbours
326 3436 21 12 as
354 3430 34 19 tho
397 3431 60 18 noted

35 3455 59 26 pistol
103 3455 44 23 shot
154 3457 21 18 of
184 3462 53 13 somo
246 3462 54 13 more
309 3456 88 20 civilised
407 3463 37 12 com-

34 3483 84 24 munity.
144 3482 40 18 Por
192 3482 56 19 duels
261 3482 21 19 in
291 3482 39 19 Bio
348 3481 69 22 Grand
426 3483 31 20 del

34 3507 63 21 Norte
115 3514 33 12 are
157 3508 72 25 fought
243 3508 48 19 with
300 3508 34 18 the
349 3508 58 24 lasso,
419 3509 38 19 and

34 3535 16 18 it
59 3534 17 20 is
85 3533 75 20 seldom
168 3534 72 19 indeed
248 3534 44 19 that
305 3534 48 25 they
362 3534 38 19 end
409 3535 48 19 with

35 3559 39 20 less
91 3559 50 21 than
150 3559 60 20 death
217 3561 21 18 to
252 3566 36 13 one
302 3561 21 18 of
332 3561 33 18 the
379 3561 65 18 comba-

36 3587 60 18 tants.
131 3586 25 19 In
179 3593 12 12 a
214 3586 62 19 battle
297 3586 112 20 illustrated
431 3587 26 25 by

36 3613 6 10 1
51 3611 64 20 Black
133 3612 39 19 and
189 3607 70 26 White
268 3607 4 26 '
282 3612 49 19 both
344 3619 46 13 men
407 3613 50 19 have

36 3638 64 19 found
107 3638 51 18 their
164 3638 62 24 mark,
238 3639 36 19 but
282 3645 37 13 one
327 3638 35 19 has
370 3639 88 25 dropped

36 3664 31 20 his
76 3664 53 19 lasso
143 3666 32 17 too
184 3664 49 19 wide
243 3664 38 19 and
290 3666 16 19 it
321 3665 37 20 has
367 3665 62 20 fallen
438 3669 20 18 to

38 3690 34 19 the
90 3690 67 19 others
166 3690 61 23 waist,
242 3690 86 20 whereas
347 3692 34 19 the
396 3693 63 20 victor

36 3716 37 20 has
83 3715 75 26 caught
167 3716 31 19 his
207 3716 32 19 foe
247 3716 59 25 fairly
315 3717 27 25 by
352 3718 34 19 the
401 3720 56 21 neck.

35 3747 26 20 In
69 3747 86 20 another
172 3751 85 17 moment
266 3749 33 19 the
313 3749 83 19 doomed
412 3756 46 12 man

35 3774 41 19 will
85 3774 26 20 be
120 3773 28 20 off
157 3773 31 20 his
197 3774 62 24 horse,
270 3775 38 19 and
317 3776 16 18 if
341 3776 32 18 his
382 3777 49 18 neck
441 3777 17 18 is

36 3803 35 16 not
93 3800 77 20 broken
189 3800 26 25 by
229 3801 33 19 the
279 3801 35 19 fall
328 3802 25 19 ho
374 3803 41 19 will
433 3803 25 19 bo

37 3826 90 27 dragged
146 3834 64 13 across
220 3827 33 19 the
266 3827 54 26 plain
334 3830 20 17 at
364 3834 11 14 a
391 3829 67 26 gallop

37 3852 30 20 till
76 3854 35 19 the
120 3853 36 20 life
165 3853 66 20 leaves
245 3853 47 24 him,
303 3854 57 19 while
373 3855 31 19 his
414 3862 33 13 con-

35 3885 73 19 queror
127 3887 57 18 spurs
200 3880 32 18 his
246 3880 89 25 snorting
352 3881 54 19 steed
420 3882 38 18 and

34 3911 86 15 ecroams
135 3906 42 19 like
196 3913 12 12 a
222 3906 58 19 devil.
306 3906 55 19 Then
379 3908 32 19 tho
429 3908 20 19 in-

34 3931 67 21 cident
118 3932 42 21 will
173 3932 27 20 bo
214 3932 69 22 closed,
300 3932 39 19 and
356 3932 33 20 tho
403 3936 56 22 great

34 3958 105 21 cavalcade
145 3965 67 14 moves
220 3958 80 21 onward
307 3964 53 19 upon
367 3958 24 21 its
400 3960 59 25 dusty

34 3989 49 20 way.

508 94 72 19 GOLD
587 93 108 20 MINING
702 93 33 20 IN
743 94 149 25 SCOTLAND.

512 126 42 19 The
564 126 80 24 County
653 126 84 19 Council
749 127 21 18 of
788 127 119 20 Sutherland-

485 152 54 19 shire
548 152 17 18 is
573 152 44 25 just
627 158 44 13 now
681 152 85 25 making
780 160 12 11 a
801 160 48 18 very
859 154 50 19 inter-

485 178 66 23 esting
561 177 129 25 experiment.
718 178 27 19 In
753 178 50 26 May
810 179 16 18 it
834 179 84 20 selected

485 204 77 18 sixteen
571 210 46 12 men
626 204 32 18 for
667 204 35 17 the
709 210 87 20 purpose
810 204 21 20 of
848 206 70 24 finally

485 230 75 24 testing
570 229 33 19 the
613 228 95 19 so-called
718 230 105 24 goliiiields
834 231 21 18 of
873 232 34 18 Kil-

485 256 72 18 donan.
585 255 83 24 Twenty
678 255 82 25 diggers
779 263 52 12 were
847 257 59 19 adver-

485 281 51 19 tised
545 282 37 22 for,
593 281 38 18 but
639 280 112 26 seemingly
760 282 57 18 there
826 282 17 19 is
861 284 21 18 to
891 283 26 20 be

485 314 25 12 no
523 306 68 24 'rush,'
599 306 39 19 and
648 306 17 19 it
682 306 17 19 is
717 308 80 18 curious
813 307 44 20 that
869 309 48 25 only

485 339 37 13 one
530 333 50 19 local
590 339 47 12 man
647 332 81 25 applied
744 333 33 19 for
786 339 12 13 a
807 333 64 25 claim,
881 335 35 18 the

484 361 41 17 rest
530 359 78 24 hailing
615 358 52 19 from
674 358 128 25 Edinburgh,
814 359 100 26 Glasgow,

485 385 40 19 and
539 385 89 19 London.
666 383 120 26 Operations
804 392 34 12 are
853 388 21 17 to
890 386 26 20 be

485 411 75 19 carried
578 417 25 13 on
626 410 32 18 for
679 409 58 19 three
759 411 86 24 months,
866 413 48 19 each

485 437 71 24 digger
565 437 76 23 having
659 441 12 13 a
686 435 60 19 claim
761 437 21 17 of
804 437 54 24 foity
873 438 42 19 feet

484 469 78 18 square.
613 461 42 19 The
678 462 125 24 experiment
824 463 42 19 will
889 464 25 19 be

484 488 89 20 watched
582 488 49 19 with
645 487 89 24 interest,
753 488 32 18 for
802 489 60 19 while
879 490 35 19 tho

484 515 98 19 existence
592 514 21 19 of
626 513 47 25 gold
690 513 22 19 in
728 513 35 20 the
781 514 78 20 district
876 516 38 19 has

483 540 51 20 been
542 540 80 26 proved,
634 538 73 20 doubts
717 540 77 24 prevail
809 547 22 13 as
841 543 20 17 to
879 541 35 19 the

483 567 98 25 quantity.
609 566 21 19 It
648 571 40 14 was
706 565 22 19 in
748 567 50 18 1869
816 566 45 20 that
878 568 36 19 the

483 593 61 20 metal
552 599 41 13 was
602 592 43 19 first
659 591 116 20 discovered
793 592 22 19 in
825 593 34 19 the
873 593 30 20 dis-

483 620 51 19 trict.
561 618 19 19 A
594 618 68 19 nativo
678 617 22 19 of
715 617 36 19 tho
768 620 80 24 county,
868 620 45 19 who

482 645 41 20 had
532 646 57 24 spent
607 650 12 13 a
636 644 49 24 long
700 644 48 18 timo
766 644 22 19 in
801 644 110 26 Australia,

482 671 63 20 found
566 676 54 13 some
642 670 22 18 in
685 669 35 19 tho
736 669 104 21 Kiidonan
848 671 63 20 Burn.

482 696 87 21 Further
579 695 68 20 search
661 701 41 14 was
725 696 59 19 made
806 696 48 20 with
878 698 35 20 the

481 723 62 20 result
561 722 44 19 that
627 721 47 25 gold
697 727 41 14 was
761 722 115 19 discovered
892 724 21 19 in

481 751 52 18 most
542 748 21 19 of
578 748 34 19 the
631 745 61 22 burns
711 747 62 20 about
796 748 34 19 the
848 750 62 24 place,

482 774 83 26 Suisgill
573 774 61 24 being
643 773 35 19 the
692 773 80 20 richest.
801 774 42 20 The
853 777 57 18 usual

484 800 65 21 'fever'
560 802 20 17 at
589 806 48 12 once
643 799 64 19 broke
716 802 42 21 out,
770 800 40 20 and
819 807 49 13 even
876 802 35 19 the

480 827 99 20 fishwives
597 825 49 19 with
667 825 53 19 their
738 827 62 19 creels
816 834 27 12 on
859 828 54 19 their

479 853 62 20 backs
550 851 65 26 might
624 851 26 19 be
660 857 46 13 seen
716 853 21 17 at
755 853 35 18 the
808 853 102 26 diggings.

480 880 41 18 The
530 879 80 25 present
619 877 60 19 Duke
690 878 21 18 of
729 877 128 26 Sutherland,
869 881 21 18 in
900 887 11 13 a

479 903 165 22 communication
653 905 21 17 to
688 903 34 19 tho
732 903 80 26 County
821 905 88 25 Council,

479 931 65 20 stated
561 930 45 19 that
630 929 81 26 'during
735 931 117 19 1809-70-71
877 933 30 19 the-

479 958 45 25 gold
528 956 57 20 fields
596 962 52 12 were
659 957 158 25 systematically
830 959 80 19 worked

479 983 46 20 both
533 984 26 24 by
569 988 44 14 men
634 981 73 21 skilled
730 983 21 19 in
770 983 84 26 mining,
872 985 37 19 and

480 1010 42 19 also
533 1010 26 24 by
570 1015 53 13 some
631 1008 102 20 hundreds
744 1009 22 19 of
780 1010 99 20 residents
889 1011 20 19 in

479 1036 33 19 the
521 1037 94 23 country,
627 1038 21 16 at
658 1041 37 13 one
706 1035 49 19 timo
771 1042 22 13 as
810 1043 58 19 many
888 1045 21 12 as

478 1064 39 18 500
526 1061 71 26 people
605 1061 61 25 being
673 1062 89 25 engaged
771 1062 19 19 in
799 1063 33 18 tho
841 1063 68 19 work.'

479 1089 20 18 It
509 1088 33 19 did
552 1089 41 19 not,
605 1087 24 20 he
640 1088 56 23 add?,
713 1095 62 19 pruve
794 1095 103 14 remunera-

477 1115 40 20 tive
532 1116 21 17 to
574 1113 34 20 the
632 1113 93 20 workers.
767 1115 41 20 The
827 1116 81 25 County

478 1141 89 23 Council,
591 1140 97 24 however,
709 1140 77 21 decline
806 1143 21 18 to
847 1142 62 19 admit

477 1168 34 19 the
520 1167 86 19 fairness
616 1166 22 19 of
648 1166 33 19 the
692 1167 54 23 trial,
761 1174 37 13 nor
817 1168 24 19 do
860 1169 48 25 they

477 1194 63 19 admit
561 1192 45 20 that
632 1192 33 20 tho
675 1192 72 21 official
761 1195 84 18 returns
863 1195 45 25 give

477 1220 34 19 the
522 1220 77 19 correct
609 1222 83 17 amount
709 1219 22 19 of
749 1220 48 25 gold
807 1220 100 21 obtained.

476 1246 42 19 The
526 1246 49 19 then
585 1246 60 18 Duke
655 1246 22 19 of
687 1246 123 20 Sutherland
821 1247 86 26 charged

476 1279 12 12 a
498 1272 74 19 license
581 1272 32 19 fee
624 1272 21 19 of
664 1272 31 20 £1
716 1279 35 18 per
772 1273 75 24 month,
867 1274 40 19 aud

476 1299 34 19 the
522 1298 137 20 Government
669 1300 84 18 exacted
765 1306 10 12 a
786 1299 80 27 royalty
886 1299 21 21 of

477 1326 23 18 10
511 1331 35 19 per
555 1326 53 17 cent,

514 1352 19 19 A
544 1351 66 20 NEW
622 1350 102 20 BILLET
732 1351 57 20 FOE
799 1352 32 20 TH
841 1353 15 19 B

626 1376 134 21 PREMIES.

502 1404 31 19 An
542 1403 91 25 amusing
648 1404 88 19 incident
746 1404 17 19 is
773 1405 42 20 told
826 1405 26 25 by
871 1405 35 20 the

476 1430 59 20 West
544 1430 60 19 Coast
615 1429 66 20 Times
702 1430 41 19 The
758 1430 90 21 Premier
867 1432 35 19 has

475 1463 11 13 a
497 1456 76 26 variety
584 1456 21 20 of
615 1456 69 20 duties
701 1456 70 20 thrunt
787 1464 54 19 upon
859 1458 46 24 him,

476 1483 35 19 but
521 1489 37 13 one
570 1482 23 20 he
603 1489 40 13 was
650 1482 63 21 called
723 1489 54 20 upou
785 1487 21 16 to
817 1484 88 25 perform

474 1511 21 18 at
504 1509 90 20 Kuuiara
608 1511 91 24 recently
710 1509 61 27 fairly
871 1510 35 21 the

572 1536 31 19 He
612 1542 40 13 was
664 1536 92 20 accosted
768 1536 24 26 by
800 1543 12 13 a
820 1544 44 13 man
871 1543 23 14 en-

473 1562 63 26 gaged
556 1561 97 26 breaking
672 1562 49 20 road
740 1564 61 19 metal
821 1564 32 20 for
871 1564 34 19 the

474 1591 75 23 Survey
557 1589 144 24 Department,
723 1589 43 20 who

474 1615 84 24 Seddon,
570 1614 12 20 I
598 1613 58 22 know
667 1622 40 19 you
717 1622 34 14 are
761 1623 11 13 a
782 1616 40 21 fair
832 1623 51 18 man,
895 1617 10 20 I

475 1643 53 19 want
536 1647 39 18 you
586 1644 19 18 to
616 1647 91 14 measure
718 1649 54 14 some
786 1646 67 18 stones
873 1643 31 20 for

475 1667 50 22 me.''
536 1662 4 34 '
553 1668 41 21 The
603 1667 90 22 Premlr
704 1669 33 20 did
754 1672 35 17 not
800 1670 52 26 deny
871 1670 34 20 the

474 1695 76 20 tribute
565 1695 22 20 of
606 1695 73 26 praise,
701 1696 37 20 but
758 1697 106 20 demurred
883 1700 21 16 to

473 1722 34 20 the
525 1721 52 21 task.
605 1722 43 20 Tue
670 1729 44 13 man
747 1724 106 25 explained
874 1724 30 19 his

474 1755 76 13 reason.
666 1748 34 20 has
718 1749 48 20 been
789 1757 113 19 measuring

473 1775 34 19 the
517 1777 67 18 stones
591 1775 33 19 for
632 1775 37 19 the
677 1776 76 25 Sur/ey
763 1776 136 27 Department

473 1802 39 19 aud
523 1801 66 20 makes
599 1802 34 19 the
645 1803 95 24 quantity
751 1806 35 16 too
797 1804 54 19 little
860 1801 4 27 ;
881 1804 17 18 if

475 1829 22 18 he
512 1834 98 14 measures
629 1829 34 18 the
683 1828 73 20 timber
775 1830 33 19 for
826 1830 76 25 royalty

474 1855 34 19 the
522 1861 53 13 fame
591 1862 43 18 way
653 1855 33 19 the
706 1857 140 18 Government
871 1863 33 13 are

474 1881 64 25 losing
547 1881 111 19 thousands
668 1881 22 19 of
700 1882 83 24 pounds
801 1882 22 20 in
840 1883 53 25 royal-

474 1907 37 20 ties
521 1914 58 19 every
588 1914 54 19 year.
670 1908 11 19 I
698 1907 58 21 know
773 1915 41 18 you
836 1916 36 13 are
890 1916 12 12 a

474 1934 38 19 fair
521 1940 50 17 man,
583 1935 38 18 and
632 1933 39 20 will
686 1942 33 12 see
725 1935 75 25 justice
812 1935 50 20 done
881 1938 22 16 to

552 1960 56 20 Even
618 1967 11 13 a
639 1961 89 19 Premier
736 1963 15 17 is
763 1961 81 25 human,
864 1962 40 20 and

475 1987 140 25 consequently
626 1987 22 19 he
658 1987 58 20 could
735 1991 38 16 not
791 1989 62 19 retist
870 1988 33 20 the

475 2015 77 23 appeal.
579 2013 19 19 A
616 2016 58 23 party
692 2013 48 20 then
765 2017 32 17 set
817 2017 36 17 out
872 2015 31 21 far

476 2039 32 20 the
520 2046 57 13 Bcene
587 2039 21 19 of
616 2041 122 24 opeiations,
755 2041 111 25 consisting
882 2041 21 19 of

475 2065 34 20 the
525 2065 94 26 Premier,
639 2066 34 19 the
690 2067 89 19 resident
799 2067 103 25 engineer,

474 2091 34 20 the
514 2098 97 18 overßeer,
619 2093 39 19 and
664 2100 24 12 au
695 2093 124 26 interesting
834 2094 68 25 public

473 2117 95 25 Arriving
577 2120 21 17 at
608 2119 33 19 the
652 2119 50 19 head
713 2119 22 19 of
751 2120 76 19 bioken
843 2121 59 18 metal

473 2144 34 19 the
517 2146 45 23 tape
572 2151 39 13 was
620 2145 56 25 used,
686 2147 39 17 and
733 2152 47 14 sure
790 2146 85 25 enough,
886 2148 17 18 it

472 2177 40 13 was
521 2171 65 19 found
596 2171 34 20 the
641 2178 45 13 man
710 2178 39 14 was
765 2174 38 18 not
820 2173 83 19 allowed

472 2197 40 20 full
528 2203 95 14 measure.
652 2197 48 21 This
717 2201 37 23 put
782 2199 34 19 the
835 2199 67 19 others

472 2230 27 13 on
509 2223 34 20 the
553 2225 69 18 thorns
633 2225 22 18 of
665 2225 68 22 doubt,
749 2225 40 19 and
808 2225 49 26 they
874 2225 20 19 in-

473 2250 62 20 sisted
546 2250 62 19 theirs
615 2251 73 20 should
699 2251 23 20 be
732 2253 103 18 measured
855 2251 47 21 also.

472 2276 41 20 The
528 2278 47 24 tape
586 2283 39 14 was
636 2278 59 24 again
706 2278 151 26 requisitioned,
864 2279 38 19 and

474 2303 26 19 all
516 2309 51 14 were
574 2303 64 20 found
649 2307 20 16 to
681 2305 49 19 have
742 2305 48 19 been
806 2305 97 26 correctly

472 2330 104 19 measured
586 2332 72 23 except
672 2337 38 13 one
730 2337 54 18 man,
803 2331 43 20 who
865 2331 37 20 had

472 2356 50 19 been
533 2356 84 20 allowed
627 2359 35 17 too
676 2358 65 19 much.
770 2358 34 19 Mr
821 2358 81 19 Seddon

473 2389 45 18 says
530 2383 16 19 it
556 2382 17 20 is
583 2383 30 19 his
624 2385 53 18 most
688 2384 90 25 singular
785 2391 118 19 experience

474 2409 54 20 since
547 2408 24 21 he
586 2409 34 20 has
639 2410 49 19 been
707 2410 95 26 Premier,
821 2411 39 19 aud
880 2411 23 20 he

475 2435 74 20 doubts
570 2436 17 19 if
605 2443 38 18 any
660 2437 58 20 other
739 2438 90 20 Premier
848 2438 35 19 haß
892 2444 10 13 a

473 2462 77 20 similar
560 2463 41 19 taie
610 2465 19 17 to
641 2464 41 18 tell.

525 2499 66 22 NEW
600 2500 243 22 BOAT-LOWERING

599 2527 171 21 APPARATUS.

497 2570 35 19 Mr
543 2571 80 24 George
633 2571 96 24 Holford,
744 2573 73 19 second
837 2573 64 21 officer

471 2596 21 20 of
517 2596 36 21 the
580 2597 69 20 Union
673 2598 122 26 Company's
817 2601 85 19 steamer

471 2623 83 24 Ovalau,
567 2627 34 16 has
613 2624 95 20 invented
719 2625 39 19 and
777 2626 97 24 patented
891 2633 11 13 a

471 2650 152 26 boat-lowering
643 2653 118 23 apparatus,
787 2652 63 19 which
878 2653 24 19 he

471 2676 35 19 has
534 2676 72 21 named
704 2677 136 27 Non-lifting,
855 2679 37 19 self-

471 2703 80 25 tipping
580 2704 73 19 chocks
680 2703 34 20 for
744 2704 64 26 Bhips'

471 2729 59 19 From
546 2729 35 20 the
591 2730 92 26 working
701 2730 66 19 inodol
788 2731 64 20 which
868 2733 34 18 Mr

471 2755 89 20 Holford
589 2756 36 20 has
653 2757 137 25 constructed,
822 2757 35 21 the
873 2759 19 19 in-

471 2782 81 19 vention
563 2789 85 20 appears
659 2785 21 17 to
688 2783 25 20 be
723 2784 21 18 of
766 2786 58 23 great
837 2784 64 25 value,

472 2808 33 20 the
516 2809 63 19 whole
589 2809 23 20 of
621 2810 34 19 the
675 2812 151 22 arrangements
843 2811 59 25 being

471 2834 43 21 free
523 2836 53 19 from
588 2836 33 19 the
629 2836 151 24 complications
796 2837 63 19 which
869 2844 33 13 are

471 2860 33 21 the
523 2864 57 23 great
603 2862 90 21 troub'6-
709 2862 51 21 with
788 2863 114 21 inventions

471 2888 21 18 of
508 2888 40 19 this
566 2888 110 21 character.
704 2889 42 20 The
777 2890 47 19 boat
851 2893 51 18 rests

471 2921 55 19 upon
646 2916 20 19 in
681 2915 34 20 the
723 2916 58 20 usual
791 2923 42 19 way
854 2924 48 20 way,

472 2941 36 19 but
518 2941 35 20 the
567 2941 72 20 chocks
650 2949 34 12 are
694 2949 22 12 so
723 2944 128 19 constructed
859 2944 43 20 that

471 2967 49 26 they
530 2968 28 19 tie
567 2975 34 18 up,
612 2968 40 19 and
662 2968 35 19 the
705 2968 66 21 davits
784 2970 73 25 (which
870 2977 33 13 are

471 2994 42 19 also
533 2995 58 19 fitted
612 2995 19 19 in
650 2995 35 19 the
704 2996 59 19 usual
793 2996 59 26 way,)
871 3003 33 14 are

471 3020 80 21 further
583 3024 58 23 apart
668 3021 49 20 than
739 3022 35 19 the
798 3023 69 25 length
883 3024 21 19 of

473 3047 52 24 boat,
535 3048 58 19 allow
601 3048 43 19 free
654 3048 68 20 action
733 3048 57 20 when
798 3049 34 20 the
852 3050 52 24 boat,

471 3073 16 20 is
508 3081 71 19 swung
598 3076 40 17 out.
666 3074 43 20 The
726 3074 93 21 inventor
836 3076 68 20 claims

472 3100 46 20 that
528 3101 59 20 boats
597 3100 58 20 fitted
662 3101 48 19 with
727 3101 30 20 his
776 3105 73 22 patent
867 3110 36 13 can

472 3127 23 19 be
505 3133 70 20 swung
591 3130 40 21 out,
651 3128 38 19 and
709 3128 84 20 lowered
814 3129 43 20 into
870 3130 35 20 the

472 3156 62 17 water
545 3154 21 20 in
586 3155 26 19 10
625 3154 90 20 seconds.
742 3154 42 20 The
801 3155 103 20 invention

473 3180 38 19 has
521 3180 49 20 been
585 3181 103 26 inspected
700 3182 25 24 by
735 3188 11 13 a
757 3181 55 26 large
822 3183 84 19 nnmber

475 3207 21 21 of
507 3208 114 24 gentlemen
636 3208 111 19 interested
763 3207 22 21 in
807 3208 98 27 shipping,

473 3235 39 20 and
522 3236 17 19 it
548 3236 17 19 is
575 3236 72 24 agreed
657 3236 45 19 that
709 3236 33 20 the
750 3243 43 14 new
801 3237 104 20 invention

474 3262 19 19 is
504 3269 38 13 one
553 3262 76 25 worthy
640 3262 22 19 of
678 3263 47 19 trial
745 3263 25 25 by
788 3264 34 19 the
841 3264 65 26 larger

475 3288 99 27 shipping
584 3289 113 25 companies
713 3290 83 25 trading
813 3290 21 19 in
851 3291 55 20 these

477 3321 14 14 w
496 3316 59 19 titers.

499 3372 93 21 CHINE
605 3373 31 19 SE
646 3372 143 20 LITERARY
802 3372 88 22 COMPE-

634 3398 105 23 TITION.

502 3441 51 20 New
573 3440 64 20 South
655 3441 69 20 Walos
749 3441 96 21 Minister
860 3441 35 20 Car-

475 3468 84 24 ruthers
567 3466 44 20 who
620 3467 91 25 recently
721 3469 103 19 remarked
832 3467 44 21 that
883 3468 24 20 he

475 3499 38 19 had
524 3495 50 19 been
584 3493 43 20 told
638 3493 119 20 Australian
777 3496 59 23 poets
855 3501 51 13 were

475 3523 88 22 walking
574 3519 34 20 the
619 3524 111 21 pavement,
749 3521 64 25 might
829 3521 48 19 take
895 3528 11 12 a

476 3551 65 20 lesson
552 3548 51 17 from
614 3547 33 19 the
658 3546 91 20 Chinese.
778 3548 58 18 Some
853 3547 53 19 little

475 3578 49 18 time
533 3574 53 19 since
597 3573 34 19 the
641 3572 87 20 Chinese
737 3573 22 19 of
777 3573 83 26 Sydney
875 3580 21 13 re-

475 3601 70 23 solved
556 3603 21 16 to
596 3605 112 19 encourage
723 3606 11 12 a
753 3599 87 26 literary
855 3606 39 13 com-

476 3630 85 25 petition
588 3632 72 18 among
687 3625 53 19 their
774 3631 131 21 countiymen

475 3657 62 20 there.
565 3652 42 21 The
617 3658 44 13 sum
671 3652 22 19 of
703 3652 44 19 £25
756 3659 38 13 was
804 3653 66 19 raised
881 3653 25 25 by

475 3683 82 23 shilling
567 3678 148 25 subscriptions
726 3680 38 18 and
775 3680 129 24 competition

477 3710 74 20 invited
561 3707 20 19 in
591 3704 76 21 several
678 3705 68 20 forms.
774 3706 42 19 The
833 3713 71 19 poems,

476 3739 20 17 to
530 3739 73 16 ensure
631 3731 101 25 impartial
760 3732 145 26 adjudication,

477 3770 51 13 were
549 3761 45 20 sent
617 3760 21 19 to
662 3765 12 15 a
694 3758 81 26 literary
791 3760 76 25 society
885 3761 19 19 in

478 3789 122 25 Hougkong,
619 3784 52 19 from
688 3785 63 21 which
777 3786 34 22 j;he
830 3787 76 20 awards

476 3817 51 19 have
536 3816 45 25 just
588 3813 48 20 been
652 3811 97 21 received.
778 3814 18 18 A
819 3813 87 26 working

476 3843 88 24 gardcer
575 3838 70 21 named
657 3838 62 25 Kong
729 3840 41 19 Lee
789 3840 73 20 carries
878 3841 28 19 off

476 3869 35 19 the
523 3868 50 20 bulk
581 3866 21 20 ef
608 3866 33 18 the
652 3864 49 19 £25.
730 3865 140 27 Immediately
880 3874 25 12 on

476 3895 105 25 discovery
591 3893 21 19 of
623 3891 29 20 his
659 3891 72 25 ability
746 3892 24 19 he
781 3899 39 13 was
829 3893 75 20 offered

476 3921 38 20 and
525 3921 95 26 accepted
630 3927 11 12 a
656 3920 86 25 position
762 3927 26 13 on
805 3921 34 19 the
858 3920 48 19 staff

477 3948 21 19 of
509 3948 55 19 ''The
574 3947 85 20 Chiuese
675 3946 117 20 Australian

477 3974 64 25 Fancy
556 3980 37 13 our
599 3974 66 26 proud
676 3974 39 19 and
722 3973 53 25 lofty
782 3973 124 27 Laglanders

477 4000 75 26 setting
562 4001 36 19 out
609 4003 20 17 to
637 4007 112 19 encourage
763 4000 51 19 local
835 4000 70 24 genius

476 4026 53 21 after
539 4027 34 20 tho
582 4027 80 20 fashion
672 4026 21 20 of
704 4026 33 21 tho
744 4026 81 20 derided
836 4025 68 22 Chow!

491 4054 37 25 hey
539 4054 68 19 would
617 4053 69 20 rathar
694 4052 62 24 spend
777 4052 52 21 their
848 4052 46 20 shill-

478 4079 44 27 ings
534 4080 20 19 in
561 4080 114 26 promoting
683 4087 11 13 »
704 4078 103 27 dog-fight.

942 82 161 19 MUNICIPAL
1121 81 68 19 FIRE
1203 81 164 21 INSURANCE

963 116 19 19 A
1004 117 98 25 telegram,
1124 116 52 18 from
1200 115 126 25 Wellington
1344 124 24 12 on

937 141 90 26 Monday
1036 142 40 19 last
1085 141 107 26 says—Mr
1196 141 35 20 W.
1236 141 132 21 Hutchison's

937 167 45 19 Fire
1001 168 111 19 Insurance
1132 167 41 19 Bill
1203 174 108 18 empowers
1334 168 34 19 tho

937 193 82 19 Council
1041 194 22 18 of
1085 200 40 18 any
1147 193 93 25 borough
1262 195 21 16 to
1301 193 67 19 insure

935 218 104 26 buildings
1048 220 71 19 within
1129 220 25 18 its
1164 219 127 18 boundaries.
1319 219 49 18 This

936 245 54 19 work
997 252 37 13 can
1041 246 47 24 only
1094 246 26 18 bo
1126 245 124 18 undertaken
1257 244 27 25 by
1294 245 73 25 special

935 271 115 19 resolution.
1088 271 43 19 Tho
1153 270 89 20 rateable
1266 272 57 17 value
1347 272 21 17 of

935 296 104 26 buildings
1062 303 35 13 are
1115 299 21 16 to
1154 297 26 19 bo
1198 296 123 19 ascertained
1339 296 28 25 by

933 322 86 24 valuers,
1029 322 40 19 and
1080 329 11 12 a
1101 322 36 19 fire
1146 322 106 19 insurance
1263 324 40 16 rate
1313 319 53 22 book

933 349 104 24 prepared.
1071 349 42 18 Tho
1132 348 82 19 Council
1230 347 72 19 should
1317 348 48 18 then

933 374 62 19 strike
1005 381 12 12 a
1026 376 43 17 rato
1075 374 22 19 of
1106 380 21 13 so
1137 373 59 19 much
1206 373 20 18 in
1244 373 34 18 tho
1296 373 69 26 pound

933 406 26 12 on
968 400 35 19 tho
1012 400 92 19 rateable
1113 399 66 19 value.
1207 398 42 19 The
1259 400 42 17 rate
1311 399 54 19 shall

932 425 26 19 bo
968 426 96 25 annually
1074 426 105 24 recurring
1188 425 40 18 and
1237 424 65 19 levied
1311 425 54 18 until

933 451 33 19 the
979 458 78 13 reserve
1073 451 52 19 fund
1141 451 36 18 has
1196 450 137 18 accumulated
1343 453 20 15 to

932 484 26 12 an
968 480 82 16 amount
1060 479 21 17 to
1095 477 25 19 bo
1135 476 54 19 fixed
1206 476 26 24 by
1245 475 116 24 resolution,

931 503 38 19 but
975 503 22 19 in
1006 510 26 12 no
1042 509 45 13 case
1101 505 20 16 to
1141 502 72 19 exceed
1229 501 33 19 tho
1279 508 45 12 sum
1342 501 21 19 of

932 529 95 24 £50,000.
1074 529 68 19 When
1168 528 35 18 the
1225 533 78 13 reservo
1325 527 37 19 has

930 555 86 19 reached
1025 555 35 19 the
1067 556 82 18 amount
1156 553 54 20 fixed
1216 553 28 25 by
1253 553 34 19 the
1296 553 52 19 Coun-

930 581 31 23 cil,
972 581 35 19 tho
1016 581 106 19 insurance
1131 582 43 17 rato
1181 579 52 19 shall
1241 579 27 19 bo
1276 578 85 20 reduced

930 613 23 13 or
961 606 132 26 temporarily
1101 605 144 24 discontinued,
1265 605 96 25 provided

931 633 45 19 that
984 630 36 22 tho
1029 632 162 19 discontinuance
1210 631 51 19 shall
1278 632 35 17 not
1330 630 20 19 in-

931 659 75 20 terfere
1016 659 48 19 with
1075 659 34 18 the
1120 665 66 19 power
1200 658 21 19 of
1231 657 34 19 the
1278 656 82 20 Council

931 687 21 17 to
963 686 44 24 levy
1017 692 12 12 a
1038 687 44 17 rate
1097 684 67 19 afresh
1174 691 22 12 as
1213 683 91 20 occasion
1316 689 43 19 may

930 712 85 25 require.
1043 710 30 20 On
1083 712 94 24 payment
1187 710 22 19 of
1217 710 143 19 tbeinsuranee

930 741 44 16 rate
995 744 25 13 on
1036 743 38 19 any
1090 736 96 25 building,
1205 736 48 19 such
1268 735 92 25 building

930 764 51 19 shall
992 764 23 19 be
1026 762 81 21 deemed
1119 765 20 16 to
1152 762 24 19 be
1186 762 99 19 incurred.
1313 762 46 25 Any

931 790 83 19 Council
1038 788 137 25 undertaking
1198 788 35 19 fire
1252 788 108 19 insurance

930 816 51 19 shall
991 816 96 19 maintain
1097 821 25 13 an
1132 814 88 20 efficient
1226 814 35 20 fire
1271 814 87 25 brigade,

930 843 35 18 the
983 844 44 17 cost
1043 844 21 17 to
1079 841 23 20 be
1117 841 95 24 defrayed
1232 842 36 18 out
1283 840 21 19 of
1324 840 36 20 the

930 868 245 20 fireinsuranceaccount.
1204 867 120 23 Whenever,
1332 867 27 24 by

930 901 69 13 reason
1011 894 22 20 of
1048 894 35 19 the
1101 894 107 25 frequency
1223 893 22 19 of
1261 893 34 19 the
1306 893 52 22 fires,

929 920 34 20 the
972 920 62 20 funds
1044 922 21 17 at
1074 920 35 19 the
1119 919 62 19 credit
1196 919 22 19 of
1226 919 40 19 this
1276 921 84 16 account

928 946 53 19 shall
990 947 25 19 be
1025 946 99 19 sufficient
1133 947 20 17 to
1163 945 72 24 satisfy
1247 945 33 18 the
1290 944 69 19 claims

928 973 16 18 it
962 972 37 19 sha
1000 973 5 11 I
1009 972 6 19 '.
1030 972 25 19 be
1065 971 71 20 lawful
1151 971 31 19 for
1191 971 35 18 tho
1242 970 82 20 Council
1338 973 21 17 to

928 998 63 19 strike
1014 998 40 19 and
1076 997 46 25 levy
1140 1004 27 12 an
1186 997 111 19 additional
1315 998 44 18 rato

928 1024 98 19 sufficient
1048 1025 21 17 to
1087 1023 98 25 liquidate
1207 1023 27 18 all
1247 1022 111 25 legitimate

927 1050 75 19 claims.
1030 1049 43 19 The
1081 1049 82 19 Council
1171 1048 53 19 shall
1230 1048 53 19 have
1291 1054 67 20 power

927 1078 20 17 to
963 1075 73 26 spread
1053 1075 35 19 tho
1099 1074 153 23 extraordinary
1265 1074 36 19 fire
1314 1076 44 17 rato

927 1108 47 13 over
993 1108 39 18 any
1041 1101 70 25 period
1125 1103 35 16 not
1177 1100 108 25 exceeding
1302 1100 56 19 three

927 1134 64 18 years.
1019 1128 42 19 The
1069 1127 84 20 Council
1159 1127 16 18 is
1184 1126 43 19 also
1233 1126 125 25 empowered

926 1156 20 17 to
956 1154 79 19 borrow
1044 1160 73 18 money
1127 1159 54 19 upon
1196 1152 35 19 the
1240 1152 87 25 security
1337 1152 21 19 of

926 1180 34 19 the
979 1180 153 24 extraordinary
1141 1179 36 18 fire
1191 1178 105 19 insurance
1314 1180 44 17 rate

925 1206 97 25 provided
1037 1205 46 19 that
1092 1205 35 19 the
1140 1211 73 17 money
1228 1204 102 19 borrowod
1340 1204 18 19 is

925 1232 81 25 applied
1012 1234 21 17 to
1038 1231 35 19 tho
1081 1233 96 23 payment
1181 1230 20 19 of
1207 1230 69 19 claims
1282 1230 32 19 for
1321 1230 36 19 fire

925 1258 111 23 insurance,
1045 1258 33 18 for
1087 1257 66 19 which
1163 1256 34 19 the
1207 1258 43 17 rate
1259 1256 37 19 has
1306 1256 51 19 beou

924 1284 72 19 levied.
1035 1283 112 25 Municipal
1170 1282 87 20 councils
1279 1282 22 19 in
1323 1282 34 19 tho

924 1312 74 17 matter
1007 1310 21 19 of
1046 1310 35 18 tiro
1091 1309 106 19 insurance
1212 1308 52 20 shall
1278 1314 78 19 possess

925 1336 28 19 all
975 1342 77 19 powers
1070 1335 105 20 conferred
1194 1342 27 12 on
1243 1335 113 24 companies

925 1362 137 25 undertaking
1080 1361 35 19 fire
1130 1361 110 22 insuranco,
1257 1361 40 19 and
1311 1366 46 19 may

924 1394 36 13 sue
970 1388 40 20 and
1027 1388 26 19 bo
1063 1387 50 20 sued
1122 1387 22 19 in
1158 1387 118 19 connection
1292 1387 54 19 there-

924 1415 55 18 with.

951 1441 159 22 Wellington,
1127 1439 147 26 Tuesday.—A
1295 1439 49 25 depu-

924 1467 66 19 tation
1000 1467 143 25 representing
1161 1466 33 20 tho
1215 1466 46 19 Fire
1276 1465 66 20 Under-

925 1493 82 21 writers'
1018 1493 135 24 Association,
1175 1491 128 21 interviewed
1323 1491 33 21 the

924 1519 88 21 Premier
1022 1522 20 17 to
1053 1519 98 21 asoertain
1161 1519 34 21 the
1205 1518 113 20 intentions
1335 1518 21 20 of

923 1546 36 20 the
970 1547 139 19 Government
1118 1546 19 19 in
1149 1545 72 26 regard
1231 1547 20 17 to
1262 1544 95 27 granting

925 1573 109 26 municipal
1043 1572 138 27 corporations
1188 1573 92 26 powerto
1288 1571 68 21 insure

925 1599 104 26 buildings
1047 1599 19 21 in
1084 1599 34 20 the
1137 1599 111 26 respective
1268 1597 89 21 districts

924 1627 79 24 against
1019 1626 42 20 fire.
1090 1625 55 27 They
1163 1625 78 21 wanted
1259 1627 20 17 to
1298 1624 58 21 know

924 1653 88 20 whether
1023 1653 34 19 the
1069 1653 141 20 Government
1219 1651 97 21 intended
1335 1653 21 18 to

923 1678 84 27 embody
1019 1679 35 20 the
1064 1679 94 26 proposal
1174 1679 20 19 in
1214 1678 53 20 their
1287 1678 55 20 Muni-

923 1707 52 25 cipal
986 1706 144 25 Corporations
1139 1705 116 25 Amercing
1263 1705 45 24 Bill,
1317 1705 37 19 and

924 1733 61 25 urged
1010 1733 33 19 the
1067 1731 143 26 impossibility
1234 1739 21 12 ol
1276 1731 48 20 »uch
1344 1742 7 9 c-

923 1762 75 23 system
1008 1759 21 20 of
1040 1759 105 19 insuranco
1160 1759 105 25 becoming
1281 1765 11 13 a
1308 1764 37 14 suc-

923 1793 49 13 cess.
1000 1786 41 20 The
1053 1786 93 22 Premier,
1167 1786 20 18 in
1207 1785 62 26 reply,
1290 1785 65 19 stated

924 1813 44 19 that
978 1813 34 19 the
1022 1812 136 20 Government
1168 1812 39 20 had
1215 1815 36 16 not
1261 1813 34 24 yet
1302 1818 54 13 come

923 1841 21 17 to
954 1846 11 13 a
975 1840 87 19 decision
1071 1846 24 12 on
1107 1839 34 19 tho
1152 1839 86 24 subject.

942 1883 92 20 LOCAL
1050 1881 203 21 GOVERNMENT
1269 1881 72 20 BILL.

948 1918 41 20 The
1012 1918 60 20 Local
1100 1918 138 19 Government
1259 1923 96 18 measure,

923 1944 63 20 which
996 1945 18 19 is
1024 1945 59 24 being
1094 1952 22 12 so
1132 1943 80 27 eagerly
1229 1943 85 20 awaited
1331 1950 24 12 on

922 1971 26 19 all
959 1971 70 25 hands,
1049 1971 39 19 will
1109 1970 44 20 deal
1173 1970 47 20 with
1240 1970 45 19 loan
1304 1970 52 25 polls

922 1997 38 20 and
972 1997 40 20 will
1022 1997 75 25 modify
1108 1996 35 21 the
1153 1998 85 24 present
1248 1996 37 19 law
1295 2003 21 12 as
1335 1998 21 17 to

921 2024 95 20 absentee
1027 2027 118 22 ratepayers
1155 2023 60 25 being
1224 2022 99 20 reckoned
1334 2029 21 13 as

922 2050 74 26 having
1012 2050 59 20 voted
1092 2050 80 24 against
1190 2049 35 20 the
1245 2049 45 19 loan
1310 2055 34 19 pro-

922 2076 72 24 posals.
1023 2076 41 20 The
1074 2076 90 19 Premier
1171 2075 69 20 thinks
1250 2075 105 20 absentees

921 2103 49 19 have
980 2105 34 17 too
1025 2102 57 21 much
1094 2098 99 24 influence
1203 2102 21 19 in
1245 2102 109 25 thwarting

921 2130 35 18 the
965 2130 59 19 other
1040 2131 123 23 ratepayers,
1181 2128 39 19 but
1237 2127 42 20 still
1295 2128 25 19 he
1339 2128 16 19 is

923 2155 88 27 opposed
1021 2157 22 18 to
1051 2155 94 25 allowing
1155 2154 71 26 people
1243 2154 42 19 who
1304 2154 50 19 have

921 2189 26 12 no
972 2184 98 22 property
1090 2183 21 18 to
1132 2183 43 18 cast
1193 2177 88 23 burdens
1301 2187 54 19 upon

921 2208 58 19 those
989 2208 44 19 who
1043 2208 56 19 have.
1127 2208 33 19 An
1181 2210 113 17 endeavour
1314 2206 42 23 will,

921 2235 42 19 also
975 2234 25 19 be
1010 2234 57 20 made
1077 2234 21 20 in
1109 2234 40 19 this
1158 2234 42 19 Bill
1215 2236 22 17 to
1257 2234 98 19 minimise

921 2261 35 20 the
967 2260 114 21 difficulties
1091 2261 22 19 in
1123 2260 120 21 connection
1254 2260 47 19 with
1311 2260 33 19 des-

922 2288 62 19 titute
995 2294 83 18 persons
1095 2287 63 25 living
1177 2287 21 19 in
1217 2292 39 14 one
1275 2286 80 20 district

921 2314 39 19 and
984 2314 100 25 receiving
1107 2313 59 20 reliof
1189 2314 52 19 from
1264 2313 89 20 another.

922 2340 92 20 Another
1024 2340 41 20 Bill
1076 2340 39 20 will
1126 2340 25 19 be
1161 2339 120 20 introduced
1301 2339 43 20 deal-

922 2367 35 24 ing
968 2366 47 20 with
1036 2366 34 21 the
1089 2367 95 25 question
1204 2366 21 19 o£
1244 2365 110 20 charitable

921 2393 40 20 aid.
994 2393 65 20 These
1075 2395 40 18 two
1135 2399 108 17 measures,
1263 2392 92 26 together

923 2420 46 19 with
982 2420 34 19 the
1026 2427 45 12 ever
1088 2426 106 19 recurring
1212 2419 66 26 liquor
1296 2425 60 20 ques-,

923 2446 50 24 tion,
993 2446 40 19 will
1050 2446 85 25 perhaps
1154 2452 77 19 occupy
1250 2445 34 19 tho
1302 2447 53 17 most

921 2474 112 24 important
1044 2472 57 26 place
1116 2472 21 20 in
1157 2472 35 20 the
1211 2471 142 21 deliberations

921 2499 22 19 of
954 2499 34 20 the
999 2502 82 23 present
1092 2498 77 20 session

948 2527 29 18 As
989 2528 20 17 to
1020 2526 34 19 the
1074 2526 60 19 Local
1154 2525 140 19 Government
1313 2525 41 19 Bill

921 2559 21 13 so
966 2552 114 25 important
1102 2552 39 19 and
1161 2551 143 25 far-reaching
1321 2558 34 12 are

921 2578 34 20 the
965 2578 198 23 interestsinvolved,
1172 2578 38 19 and
1219 2585 22 12 so
1250 2577 104 26 divergent

921 2612 33 13 are
970 2605 35 20 the
1023 2605 55 19 ideas
1097 2605 21 19 of
1137 2604 102 20 Members
1261 2601 94 28 (without

921 2632 103 19 reference
1034 2633 22 17 to
1067 2632 67 24 party)
1147 2637 54 19 upon
1217 2631 35 19 the
1269 2630 85 26 subject,

921 2658 46 20 that
976 2658 17 18 it
1003 2658 16 18 is
1036 2657 39 20 felt
1092 2657 21 19 in
1132 2664 60 19 many
1209 2659 92 24 quarters
1320 2657 35 19 the

921 2690 90 14 measure
1022 2686 74 18 cannot
1106 2684 24 19 be
1142 2686 39 23 put
1191 2683 88 23 through
1292 2683 25 19 all
1328 2683 25 19 its

921 2713 68 22 stages
999 2711 42 19 this
1052 2717 83 13 session.
1164 2710 22 19 It
1203 2710 17 19 is
1239 2709 112 19 contended

921 2737 46 19 that
986 2738 16 18 it
1021 2737 41 19 will
1081 2737 25 19 be
1123 2736 65 20 found
1207 2742 107 19 necessary
1333 2737 21 18 to

922 2764 53 19 refer
984 2765 17 17 it
1010 2766 21 17 to
1049 2763 35 20 the
1100 2763 50 19 local
1170 2763 68 19 bodies
1257 2762 32 19 for
1308 2768 35 13 con-

921 2790 108 20 sideration
1040 2790 38 19 and
1091 2789 128 26 suggestions
1234 2788 75 25 during
1319 2788 34 19 the

921 2822 71 18 recess,
1000 2817 38 19 and
1049 2816 45 19 that
1104 2816 34 19 the
1149 2817 73 17 matter
1240 2817 73 17 cannot
1330 2815 24 19 be

921 2843 69 25 finally
1000 2843 73 20 settled
1085 2842 29 19 till
1126 2844 49 17 next
1185 2842 83 19 session.

1054 2885 76 19 FROST
1145 2885 77 19 FISH.

948 2920 47 20 This
1005 2921 108 23 beautiful,
1123 2927 45 12 rare
1177 2919 39 19 and
1236 2918 70 26 highly
1324 2926 20 12 es-

924 2947 74 19 teemed
1010 2947 37 19 fish
1057 2947 77 19 formed
1151 2946 34 19 the
1204 2945 80 26 subject
1303 2945 21 19 of
1343 2952 9 12 a

922 2974 111 19 discussion
1043 2975 22 17 at
1075 2980 11 12 a
1103 2972 88 24 meeting
1211 2972 21 19 of
1251 2971 34 20 the
1304 2971 36 20 Lin-

922 3006 55 14 nrean
989 2999 80 26 Society
1080 2999 21 19 of
1110 2999 91 23 London,
1212 2998 44 20 held
1273 3005 24 12 on
1317 2998 36 19 ith

923 3025 65 25 April,
1000 3025 35 20 Mr
1045 3026 19 19 S.
1075 3026 34 20 W.
1119 3025 70 24 Silver,
1198 3025 34 20 the
1242 3025 112 25 proprietor

923 3053 21 19 of
953 3053 34 19 the
995 3052 116 26 Silverhope
1120 3052 78 25 Estate,
1207 3058 47 13 near
1263 3051 78 20 Hunter-

923 3079 53 24 ville,
986 3079 100 19 exhibited
1097 3085 11 13 a
1118 3079 100 24 specimen
1229 3077 21 20 of
1260 3078 34 19 the
1304 3077 49 20 New

922 3105 88 20 Zealand
1019 3105 54 20 frost
1081 3105 37 20 fish
1127 3104 119 26 (Lejridopui
1252 3104 100 26 oaudatua)

923 3132 39 20 and
972 3132 124 19 commented
1106 3138 26 13 on
1151 3132 34 19 the
1204 3137 69 14 causes
1292 3131 61 20 which

923 3159 38 19 had
972 3158 49 20 been
1032 3158 93 25 assigned
1136 3158 33 19 for
1177 3158 34 20 the
1222 3156 101 27 mortality
1333 3159 21 18 to

925 3185 61 20 which
999 3185 33 19 the
1042 3185 36 19 fish
1099 3191 40 13 was
1158 3184 130 26 periodically
1308 3184 34 20 sub-

923 3211 47 26 ject.
1005 3211 42 20 The
1068 3211 99 25 specimen
1187 3210 102 21 exhibited
1311 3211 32 25 (ob-

925 3237 68 20 tained
1003 3238 86 25 through
1099 3237 35 20 the
1144 3237 40 20 lato
1196 3238 31 18 Sir
1237 3237 69 20 Julius
1316 3244 37 13 von

925 3264 74 25 Haaat)
1012 3271 38 12 was
1060 3271 25 12 an
1096 3269 34 14 exe
1162 3264 1 25 .
1169 3264 73 25 anally
1254 3264 38 19 fine
1310 3269 43 18 one,

925 3297 38 14 was
981 3290 44 20 well
1041 3294 65 16 moun'
1133 3290 3 24 I
1154 3290 64 20 under
1236 3290 61 24 glass,
1316 3290 38 19 and

925 3318 63 18 .-hone
1007 3316 64 20 under
1090 3317 34 20 the
1144 3316 87 26 gaslight
1250 3316 40 19 like
1309 3317 35 20 bur-

925 3342 69 21 nished
1005 3342 65 21 silver.
1098 3342 20 21 It
1128 3342 39 20 had
1184 3343 50 20 been
1253 3342 100 20 exhibited

925 3370 31 19 for
967 3376 52 13 more
1030 3368 49 21 than
1090 3376 11 12 a
1110 3376 48 19 year
1168 3371 20 17 at
1204 3369 33 20 the
1247 3369 50 20 New
1308 3368 35 21 Zea-

925 3397 45 18 land
983 3395 63 20 Court
1056 3398 22 17 at
1087 3396 33 19 tho
1131 3395 95 26 Imperial
1245 3396 105 19 Institute.

925 3422 106 21 Professor
1041 3422 94 25 Stewart,
1145 3422 20 19 in
1183 3422 107 24 reviewing
1305 3422 38 26 pub-

925 3449 63 20 lished
1000 3448 92 26 opinions
1109 3456 25 12 on
1151 3448 35 20 the
1205 3448 84 26 subject,
1310 3455 33 19 sug-

924 3475 70 26 gested
1014 3475 35 19 the
1068 3475 115 26 possibility
1202 3474 21 20 of
1242 3474 56 21 these
1317 3475 36 19 fish

925 3502 59 25 being
1013 3501 100 20 attracted
1122 3502 25 24 by
1155 3501 34 19 tho
1196 3502 75 21 silvery
1280 3501 64 25 bright-

924 3535 45 13 ness
980 3528 22 19 of
1012 3528 35 19 the
1056 3528 78 19 frosted
1146 3527 63 20 banks
1219 3528 20 19 in
1250 3527 35 20 the
1302 3535 53 12 same

925 3562 43 13 wav
978 3554 45 19 that
1034 3554 55 19 birds
1101 3554 93 26 perished
1205 3554 52 19 from
1274 3556 81 17 contact

924 3580 50 20 with
985 3580 34 19 the
1035 3580 90 20 lanterns
1142 3580 20 19 in
1183 3580 131 25 lighthouses,
1334 3583 20 16 to

924 3606 63 21 which
998 3606 47 26 they
1054 3614 50 12 were
1113 3606 99 21 attracted
1222 3606 72 26 during
1303 3607 52 19 their

1089 3633 64 20 Those
1163 3633 42 19 who
1216 3640 33 12 are
1269 3633 82 20 familial

924 3659 48 20 with
996 3659 33 20 the
1052 3661 72 19 nature
1146 3660 21 19 of
1190 3660 50 19 New
1267 3659 86 20 Zealand

924 3686 90 23 beaches,
1024 3686 47 25 will,
1089 3693 45 18 says
1154 3686 34 19 the
1208 3686 54 23 Post,
1283 3686 70 24 regard

925 3712 41 20 this
976 3712 77 25 theory,
1063 3712 97 25 although
1173 3712 79 25 coming
1271 3712 52 20 from
1343 3720 10 12 a

923 3740 58 24 great
991 3738 104 26 authority
1111 3745 25 13 on
1156 3738 47 20 such
1224 3740 89 21 matters,
1334 3746 19 12 as

924 3772 47 18 very
991 3765 91 19 fanciful.
1120 3765 32 19 Sir
1172 3765 69 19 Jamep,
1260 3764 93 21 Hector's

923 3791 129 26 explanation
1073 3798 62 13 seems
1159 3798 11 12 a
1194 3798 53 12 more
1269 3792 84 19 rational

924 3824 47 13 one-
978 3817 55 20 -that
1044 3817 34 21 the
1089 3817 54 20 frost
1163 3817 42 24 fish,
1226 3817 63 20 which
1306 3817 17 21 is
1343 3825 11 13 a

923 3844 50 25 deep
985 3850 34 13 sea
1028 3843 75 24 feeder,
1114 3844 78 24 corning
1200 3847 20 15 to
1231 3844 33 19 the
1275 3844 78 19 surface

923 3877 25 12 on
960 3871 64 24 frosty
1035 3870 75 25 nights,
1181 3873 27 16 its
1228 3870 125 20 air-bladder

924 3896 81 20 inflated
1017 3896 48 20 with
1076 3896 44 20 cold
1130 3897 36 23 air,
1184 3897 39 19 and
1240 3896 59 25 being
1318 3904 23 12 un-

924 3923 43 19 able
977 3925 21 17 to
1005 3923 85 19 descend
1099 3923 55 19 when
1166 3923 16 19 it
1189 3925 63 17 wants
1261 3924 28 23 to,
1297 3923 57 20 floats

925 3948 108 27 helplessly
1042 3949 77 19 ashore.
1147 3949 105 19 Professor
1268 3949 86 20 Stewart

923 3975 16 19 is
948 3975 20 19 in
978 3982 55 13 error
1043 3975 19 19 in
1073 3975 71 25 saying
1161 3975 45 20 that
1222 3975 41 20 this
1282 3975 36 21 fish
1337 3976 16 20 is

923 4003 42 18 cast
989 4008 27 19 up
1237 4002 40 25 for,
1301 4009 21 13 as
1343 4008 10 14 &

923 4029 75 19 matter
1021 4028 22 19 of
1059 4027 49 23 fact,
1127 4034 49 14 even
1197 4028 19 20 in
1235 4028 35 20 the
1289 4028 63 26 frosty

923 4061 68 13 season
1003 4054 16 19 it
1029 4054 18 20 is
1057 4061 47 19 very
1115 4061 66 13 scarce
1190 4056 21 18 in
1226 4055 40 19 this
1276 4057 47 23 part
1333 4055 21 19 of

922 4080 50 20 New
981 4080 95 25 Zealand,
1087 4080 76 26 though
1175 4081 16 20 it
1201 4081 16 20 is
1229 4087 54 14 more
1295 4081 47 25 plen-

923 4106 49 22 tiful
981 4114 26 14 on
1016 4107 35 21 the
1061 4109 57 19 coast
1127 4107 22 20 of
1158 4107 35 20 the
1200 4107 65 21 South
1274 4107 77 21 Island.

1065 25 58 20 THE
1135 25 61 20 HOT
1209 25 93 21 LAKES
1318 26 174 27 CHRONICLE,
1507 29 192 25 WEDNESDAY,
1729 29 74 20 JULY
1819 30 33 24 24,
1865 30 56 21 1895,

42 4032 2 24 .
57 4032 26 17 At
90 4038 10 11 .a
110 4032 80 24 meeting
192 4032 20 19 of
219 4032 32 19 the
255 4032 115 24 Wellington
377 4033 71 18 Benevo-

35 4053 38 19 lent
84 4056 85 18 Trustees
177 4056 35 18 last
224 4056 51 17 week
283 4056 54 17 relief
342 4061 35 12 was
385 4057 75 22 grunted

36 4079 19 15 to
61 4084 11 11 a
79 4084 71 14 woman
156 4080 42 18 who
204 4082 20 16 at
232 4085 35 13 one
274 4079 43 19 tiruo
323 4084 38 14 was
367 4079 20 19 hi
395 4080 66 24 receipt

34 4100 174 26 ©f.£l2ooayear.

1443 3749 33 40 J,
1494 3749 37 41 T,
1545 3750 186 49 Jiensfyaw,

1382 3821 60 27 GEN
1449 3820 77 28 ERAL
1560 3821 240 38 STOREKEEPER,

1468 3868 55 21 THE
1547 3868 159 22 BUNGALOW.

1373 3911 187 24 KAKAEAMEA,
1585 3911 128 21 GALATEA
1744 3913 59 20 AND

1419 3946 173 21 WAI-O-TAPU
1607 3946 147 22 JUNCTION.

1373 4041 82 22 Horse
1489 4039 56 23 feed
1582 4040 52 22 and
1664 4040 139 24 Luncheon

1519 4066 135 28 provided.

1508 97 242 69 LAKE
1832 96 327 69 HOUSE

1434 175 327 46 Hydropathic
1804 174 153 44 Hotel,
1995 172 230 40 Roturua-

1660 224 257 23 ESTABLISHED
1933 224 66 19 1881

1388 261 83 22 Under
1484 261 40 23 tlic
1536 266 132 26 patronage
1680 262 26 23 of
1718 262 39 23 Sir
1779 261 41 24 W.
1840 259 100 32 Jervois,
1962 258 58 24 Earl
2039 259 48 23 and
2109 259 118 23 Countess
2248 258 25 22 of

1436 294 138 30 Hopetoun,
1588 294 40 23 the
1642 294 65 23 Hon.
1721 294 107 23 Premier
1839 292 48 23 and
1900 292 125 23 Members
2038 292 25 23 of
2076 292 151 23 Parliament.

1417 345 53 24 The
1484 344 75 24 Motel
1574 344 19 23 is
1604 345 105 24 situated
1722 353 31 16 on
1766 353 29 15 an
1809 343 113 24 elevated
1935 343 104 31 position
2053 351 30 15 on
2096 343 41 24 the
2150 343 85 23 shores
2248 344 25 23 of

1385 377 66 24 Lake
1465 378 114 27 Rotorua,
1593 378 145 23 convenient
1750 383 25 18 to
1793 377 30 23 all
1837 377 40 23 the
1894 376 78 31 sights
1985 376 22 23 in
2021 376 41 23 the
2070 376 100 23 district.

1386 415 153 33 Sulphur
1552 415 69 26 and
1639 415 149 27 Mineral
1802 414 108 27 Baths
1924 414 22 23 in
1960 414 40 23 the
2021 414 115 24 Grounds
2154 414 26 23 of
2194 414 76 24 Hotel

1823 460 16 12 o.

1414 485 38 24 To
1462 490 66 19 meet
1538 485 40 23 the
1592 485 107 24 dullness
1712 486 26 23 of
1750 485 41 23 the
1804 485 71 23 times
1888 492 14 15 a
1915 484 90 31 charge
2019 484 25 23 of
2057 484 40 28 £2
2113 492 26 16 2s
2147 493 42 23 per
2200 484 70 24 week

1459 518 36 23 for
1513 527 14 14 a
1540 518 148 32 lengthened
1701 524 61 25 stay,
1783 517 2 33 •
1800 517 86 24 Under
1898 525 45 15 one
1955 517 70 23 week
2040 518 35 23 Ss.
2089 526 44 22 per
2146 518 53 31 day.

1829 562 11 12 o

1429 583 35 26 B.
1465 583 88 23 —Mrs
1566 583 108 23 Graham
1687 583 47 24 will
1747 582 52 24 also
1812 581 112 24 continue
1936 586 25 19 to
1971 581 128 31 supervise
2112 582 40 23 the

1473 616 129 42 Geyser
1602 626 10 11 3
1630 615 122 37 House
1778 614 253 44 Hydropathic
2049 614 124 40 Hotel,

1710 661 239 31 WAIRAKEI,

1378 700 76 24 which
1467 700 42 24 has
1521 701 102 23 become
1635 709 14 15 a
1658 699 100 33 popular
1768 700 23 23 &
1802 700 119 24 favourite
1931 704 78 20 resort
2020 704 113 28 amongst
2142 699 126 24 travellers

1727 733 48 24 and
1806 732 110 25 invalids.

1444 772 24 23 A
1489 771 123 24 reduction
1631 771 20 23 is
1672 771 73 24 made
1764 776 24 18 to
1811 771 90 31 weekly
1919 779 27 15 or
1959 771 108 31 monthly
2077 771 123 23 boarders.

1379 809 80 24 Guide
1473 810 81 23 Books
1564 809 48 24 and
1625 809 154 24 information
1789 809 76 32 gratis
1878 814 25 19 at
1912 809 69 24 Cook
1992 810 23 23 &
2025 810 63 23 Sons
2100 809 61 33 (sole
2171 809 96 32 agents)

1609 843 82 23 offices
1710 842 148 32 throughont
1877 842 40 24 the
1931 842 101 32 Colony.

1377 881 88 36 .Mrs.
1486 880 38 39 R,
1543 880 200 37 @RJLHJI«M
1746 906 10 15 ?
1796 901 18 7 -
1867 901 19 7 -
1938 902 19 6 -
1999 881 266 43 Proprietress.

1381 963 843 60 GEYSERHOUSE

1424 1037 330 48 Hydropathic
1786 1037 153 41 Hotel,
1957 1037 259 39 Wairakei,

1574 1082 36 19 Six
1620 1082 58 19 milos
1688 1084 53 18 from
1750 1083 59 18 Lake
1818 1083 70 25 Taupo
1899 1083 100 25 (Rotorua
2010 1083 60 25 side).

1502 1114 220 31 SUPERIOR
1753 1115 390 31 ACCOMMODATION

1569 1151 55 21 ALL
1634 1153 58 19 THE
1701 1153 146 19 COMFORTS
1858 1153 34 19 OP
1903 1153 18 19 A.
1930 1153 82 19 HOME
2022 1153 56 19 FOR

1610 1179 157 27 Tourists
1786 1179 70 27 and
1885 1179 157 27 Invalids

1376 1251 70 27 Hot
1459 1251 204 31 Swimming
1675 1250 118 32 Baths,
1809 1250 291 27 Kin-o-mne-Kai
2127 1257 39 20 or
2180 1250 85 27 New

1527 1284 84 27 Skin
1637 1284 99 30 Bath,
1763 1284 71 26 Hot
1847 1283 139 28 Douche
1997 1284 120 32 Baths,

1676 1316 119 28 Grand
1814 1316 150 28 Climate.

1477 1355 301 28 Elevation—l3so
1798 1355 67 27 feet
1879 1356 109 27 above
1999 1363 60 21 sea
2068 1355 97 30 level.

1379 1424 257 27 COMPETENT
1651 1425 162 26 GUIDES
1825 1433 155 25 accompany
1992 1425 107 25 tourists
2110 1426 27 23 to
2145 1425 44 24 the
2201 1424 53 25 vari-

1477 1466 46 17 ous
1535 1459 85 32 places
1633 1458 27 24 of
1671 1458 116 32 interest,
1802 1459 86 24 which
1897 1458 74 26 baffle
1984 1459 45 25 the
2043 1460 65 22 most
2120 1458 77 24 facile
2206 1466 61 24 pen,

1477 1492 51 25 and
1540 1499 47 18 can
1599 1492 61 31 only
1672 1492 32 25 he
1716 1492 110 25 realized
1838 1492 76 25 when
1932 1501 67 16 seen.

1378 1550 194 27 GEYSER
1585 1551 195 25 VALLEY
1789 1552 93 20 contains
1890 1551 35 21 the
1933 1551 106 27 following
2052 1550 121 27 unequalled
2183 1551 84 19 Natura

1456 1578 93 20 wonders
1558 1576 3 28 i
1564 1577 149 25 —Tuhuatahi,
1735 1586 22 12 or
1777 1576 66 22 Great
1862 1579 130 25 Champagne
2014 1579 119 24 Cauldron;
2148 1578 35 19 the
2201 1577 67 21 Groat

1456 1604 103 21 Wairakei
1570 1604 90 26 Geyser;
1670 1604 34 20 the
1715 1605 88 21 Donkey
1814 1605 79 26 Engine
1902 1604 4 27 ;
1919 1605 33 20 the
1963 1604 85 22 Fairies'
2057 1604 54 21 Bath
2121 1604 4 27 ;
2136 1604 35 20 the
2182 1604 73 26 Lightn-

1457 1631 37 26 ing
1505 1631 61 21 Pool:
1578 1631 35 19 the
1624 1631 88 20 Cascide
1725 1631 83 26 Geyser,
1824 1638 22 14 or
1857 1631 102 27 Dragon'?
1971 1633 70 19 mouth
2052 1631 4 27 ;
2067 1631 36 20 the
2111 1631 59 20 black
2182 1631 85 26 Geyser;

1457 1658 33 20 the
1498 1658 51 20 Mud
1562 1658 78 24 Geyser
1648 1666 5 17 ;
1671 1657 34 21 the
1716 1657 52 21 Blue
1779 1658 55 20 Lake
1844 1667 5 17 ;
1858 1659 35 19 the
1912 1659 33 19 Oil
1958 1658 52 20 Bath
2020 1657 4 27 j
2043 1659 35 19 the
2100 1657 80 27 Eagle's
2200 1657 68 27 Kest;

1457 1685 35 19 the
1503 1682 77 22 Devil's
1592 1685 70 19 Bunch
1674 1685 54 19 Bowl
1739 1685 50 25 ;.the
1801 1685 72 20 Prince
1888 1685 21 20 of
1920 1685 76 21 Wales'
2007 1686 99 20 Eeatbers
2114 1693 5 16 ;
2127 1687 34 17 the
2177 1684 78 20 Mirror
2264 1682 3 28 ;

1457 1711 33 20 the
1499 1711 56 20 Twin
1565 1711 78 26 Geyser
1653 1711 4 26 ;
1669 1711 35 21 the
1714 1712 65 24 Coral.
1786 1713 78 24 Geyser
1874 1711 4 26 ;
1892 1712 33 20 lhe
1935 1712 68 20 Green
2019 1711 62 26 Pool;
2100 1711 126 21 Terekerehe
2229 1711 4 26 (
2246 1719 21 12 or

1455 1737 50 21 Heli
1516 1738 78 24 Geycer
1603 1737 4 27 ;
1618 1737 35 20 the
1664 1739 69 19 Steam
1745 1739 104 23 Hammer,
1878 1738 83 21 Guide's
1973 1740 32 19 fee
2016 1741 22 18 to
2049 1740 79 24 Geyser
2147 1738 79 25 Valley,
2238 1740 29 24 ss;

1457 1765 92 19 distance
1559 1764 52 20 from
1620 1764 37 19 the
1667 1765 62 25 hotel,
1740 1772 38 13 one
1789 1765 51 19 mile.

1378 1817 97 25 THE
1495 1817 339 26 AREATEATEA
1867 1826 21 12 or
1900 1819 79 20 Ladder
1989 1818 85 27 RVpids.
2102 1819 43 20 The
2163 1820 105 20 Grandest

1456 1845 79 25 Hapids
1546 1845 20 19 in
1577 1844 35 19 the
1623 1845 102 19 Southern
1737 1845 149 26 Hemisphere;
1898 1845 72 26 falling
1981 1847 21 19 fn
2023 1847 29 18 six
2071 1845 87 21 distinct
2174 1847 93 20 cascades

1457 1873 94 24 amongst
1566 1871 62 20 weird
1641 1871 39 19 and
1691 1872 76 25 rugged
1783 1878 90 19 scenery.
1902 1873 97 20 Distance
2010 1873 52 21 from
2075 1873 35 19 the
2130 1873 62 25 hotel,
2212 1874 55 20 three

1457 1898 63 20 miles.
1549 1897 75 20 Saddle
1633 1898 71 20 horses
1718 1900 22 18 to
1751 1898 48 19 visit
1809 1898 34 20 the
1852 1899 83 25 Hapids,
1947 1899 22 20 7s
1980 1899 25 19 6i
2016 1899 55 20 each.

1768 1933 38 3 —
1811 1929 21 12 :o:
1994 1928 29 21 '-^

1378 1945 221 26 K.ERAPITI
1629 1952 22 13 or
1661 1946 35 19 the
1706 1946 78 20 Devil's
1794 1947 98 25 Trumpet
1902 1947 16 20 is
1935 1948 43 19 said
1998 1950 21 17 to
2028 1945 3 29 '
2041 1948 51 19 emit
2111 1955 12 13 a
2144 1955 93 19 pressure
2247 1948 21 19 of

1456 1973 71 19 1801bs
1538 1972 22 19 of
1574 1975 65 17 steam
1649 1974 21 17 to
1681 1972 35 20 the
1722 1972 54 25 inch,
1791 1973 54 19 from
1855 1980 25 12 an
1896 1976 96 23 aperture
2002 1974 22 19 of
2043 1974 65 20 about
2128 1976 24 18 12
2168 1975 69 20 inchos
2247 1976 20 18 in

1456 1999 105 19 diameter.
1589 1998 98 21 Distance
1700 1999 52 20 from
1764 1999 55 20 hotel
1827 2000 57 19 three
1895 2002 37 18 and
1945 2008 11 12 a
1967 2000 43 20 half
2020 2001 70 25 miles;
2111 2002 71 19 saddle
2198 2001 70 20 horses

1456 2027 21 18 to
1490 2026 47 19 visit
1547 2025 35 20 the
1592 2025 70 24 above,
1674 2027 23 18 2s
1704 2026 26 19 Od
1740 2026 55 20 each.

1791 2059 52 14 ALSO

1378 2078 96 25 THE
1495 2077 134 25 HUKA
1647 2078 170 32 FALLS,
1836 2080 34 19 the
1888 2080 104 20 Grandest
2003 2080 57 20 Balls
2070 2082 21 18 in
2112 2080 34 20 the
2166 2080 101 21 Southern

1455 2110 141 24 Hemisphere.
1625 2109 42 23 The
1679 2110 54 20 Balls
1744 2117 45 19 may
1804 2112 25 18 be
1839 2111 72 20 visited
1918 2112 26 18 bri
1954 2112 34 19 the
1998 2118 55 13 same
2060 2112 117 24 expedition
2179 2109 3 27 1
2188 2118 24 14 as
2233 2112 35 20 the

1447 2136 87 21 ■Doyil's
1542 2136 104 25 Trumpet.
1674 2136 161 21 Distance.'from
1847 2138 51 19 hotel
1910 2137 59 20 three
1978 2138 39 19 and
2029 2145 10 12 a
2050 2136 45 21 half
2105 2138 62 20 miles.
2193 2138 74 20 Saddle

1457 2162 59 20 horse
1533 2169 23 12 or
1566 2162 69 25 buggy
1648 2162 50 20 fltDd
1709 2163 54 20 each.
2093 2162 3 25 ■

1509 2188 88 27 MRS
1610 2188 38 27 E,
1666 2188 198 34 GRAHAM,
1885 2190 243 33 Proprietress.

1459 2813 31 21 \m

1493 2954 51 22 +Mi

1525 3216 58 27 HIGH
1602 3216 33 27 ST.
1656 3217 39 26 and
1714 3217 109 28 VICTORIA
1833 3220 34 26 ST.
1883 3220 64 31 EAST,
1970 3221 128 27 AUCKLAND.

1425 3275 43 20 The
1488 3275 64 21 above
1571 3275 109 20 Favourite
1696 3277 41 19 and
1759 3277 143 22 Commodious
2001 3279 76 21 affords
2095 3281 165 21 EXCELLENT

1374 3300 240 21 ACCOMMODATION
1647 3302 32 20 for
1705 3302 141 28 TOURISTS,
1882 3306 180 20 TRAVELLERS
2090 3309 16 17 &
2134 3307 127 23 VISITORS

1374 3328 44 19 who
1428 3328 42 19 will
1479 3326 75 22 receive
1564 3335 61 19 every
1634 3328 90 21 Comfort
1739 3330 41 20 and
1794 3331 112 21 Attention.

1807 3364 11 13 o
1858 3361 2 16 !

1413 3379 82 27 Sample
1505 3379 75 21 Rooms
1590 3380 31 20 for
1631 3379 185 24 COMMERCIAL
1825 3384 181 21 TRAVELLERS
2016 3386 101 20 available
2128 3389 20 17 at
2159 3387 28 20 all
2195 3389 64 19 times.

1705 3418 3 12 •
1799 3418 23 12 rO

1427 3433 90 25 Charges
1527 3433 110 20 Moderate.
1662 3434 116 21 SPECIAL
1784 3436 88 21 BATES
1879 3437 33 20 TO
1922 3438 175 20 PERMANENT
2104 3439 155 21 BOARDERS.

1813 3471 10 12 o

1425 3486 105 20 Excellent
1540 3486 87 20 Cuisino.
1655 3487 96 28 Spacious
1765 3489 40 21 and
1824 3490 180 20 Well-Ventilated
2021 3491 117 21 Bedrooms.
2175 3493 85 21 Billiard

1374 3511 63 21 Room
1447 3513 50 20 with
1507 3515 38 18 two
1555 3513 103 20 first-class
1668 3514 72 20 tables.
1768 3514 44 21 Hot
1826 3516 15 19 &
1852 3516 50 19 Cold
1915 3516 80 26 Plunge
2005 3518 15 19 &
2031 3517 83 21 Shower
2123 3519 71 20 Baths.

1539 3545 163 26 Vines,-Spirits
1713 3547 39 19 and
1762 3547 48 19 Ales
1820 3548 21 19 of
1850 3548 34 19 the
1894 3548 45 19 best
1948 3549 79 19 Brands
2035 3550 53 25 only.

1524 3606 40 38 S.
1595 3606 39 39 C.
1664 3611 5 28 I

1848 3745 45 34 W.
1913 3742 318 47 Blomfield&Co.,

1823 3819 206 21 TOTALISATOR
2049 3821 200 26 PROPRIETORS

1848 3874 41 18 Arc
1898 3873 98 26 prepared
2004 3876 19 16 (o
2038 3873 56 20 make
2102 3877 153 22 arrangements

1823 3906 25 12 on
1868 3899 119 19 favourable
2006 3901 63 18 terms
2093 3900 32 19 for
2141 3901 35 19 the
2187 3908 37 13 use
2236 3902 19 19 of

1823 3925 54 20 their
1886 3925 108 20 machines.

1825 4000 46 39 W.
1907 3998 186 37 Blomfield
2128 3998 37 37 &
2200 4000 54 40 Co.

1890 4054 107 35 QUEEN
2057 4053 130 36 STREET,

1952 4100 171 24 AUCKLAND.

522 4191 130 54 Ask
681 4191 91 55 for
808 4191 326 55 Hanccok's
1162 4186 344 56 Celebrated
1535 4194 206 44 xxxx
1765 4185 148 52 Ales
1939 4185 120 51 and
2093 4185 190 52 Stout.

2323 83 110 20 visitors
2443 84 27 20 to
2480 83 47 20 the
2542 82 53 20 Hot
2607 82 89 20 Lakes-

2480 134 57 18 TILE

2340 158 155 35 Palace
2531 158 142 45 Hotel,

2292 203 92 19 Situated
2412 203 19 19 in
2457 204 32 19 the
2511 204 50 20 Now
2588 204 133 20 Oovorunionl

2291 228 108 25 Township
2415 229 20 18 in
2454 229 51 19 close
2523 230 108 25 proximity
2650 231 21 16 to
2689 228 34 19 the

2292 254 69 24 Baths,
2381 254 133 24 Sanatorium,
2537 255 49 20 Post
2603 255 61 20 Office
2683 254 39 19 and

2290 280 93 24 Bailway
2393 280 86 18 Station.

2316 331 43 18 The
2369 330 61 19 Hotel
2441 330 16 19 is
2473 330 126 26 luxuriously
2617 330 105 20 furnished

2290 357 40 18 and
2340 357 75 25 replete
2423 356 48 19 with
2482 362 58 18 ever)-
2550 357 131 18 convenience
2692 356 31 19 for

2290 383 82 18 tourists
2383 383 38 18 and
2437 382 74 18 others.
2539 381 20 19 It
2577 382 116 19 commands
2713 389 9 11 a

2290 408 91 24 splendid
2392 409 50 17 view
2449 408 21 18 of
2480 407 34 19 the
2523 407 56 19 Lake
2590 408 40 18 and
2640 408 16 17 is
2666 407 45 19 with-

2290 433 21 19 in
2320 440 48 18 easy
2377 440 65 12 access
2452 433 22 18 of
2483 433 33 18 the
2527 433 75 23 Geyser
2611 433 85 24 Springs
2704 433 19 17 of

2290 459 192 19 Whakarewai'owa
2491 459 41 18 and
2541 459 27 18 all
2583 459 34 17 the
2628 458 66 24 sights
2704 459 19 17 ol

2290 485 33 18 the
2333 485 84 19 district.

2301 510 35 19 All
2344 511 108 25 telegrams
2462 510 101 26 promptly
2576 509 95 20 attended
2682 511 28 18 to.

2378 564 88 33 John
2488 563 147 33 ohnston,

2302 597 32 26 (P
2357 602 71 21 MO
2439 602 65 21 JPIt
2516 601 60 21 IJ3
2586 601 28 20 T
2625 600 24 21 O
2659 600 39 22 It.

2365 682 147 20 OKOIi

2292 781 230 32 BOARDING
2563 782 120 31 HQUS

2286 892 132 20 Opposite
2437 895 50 15 the
2506 892 66 20 gosT
2581 895 52 15 and
2644 890 71 20 <sele

2506 919 96 20 Office

2287 950 46 19 And
2348 957 49 14 near
2416 952 35 19 tko
2473 951 122 20 Celebrated
2620 948 101 21 I'IIIESX

2340 984 114 19 RACHEL
2464 983 39 21 and
2511 983 57 21 other
2576 982 99 25 BATHS,

2435 1015 139 20 KOTOEUA.

2395 1067 37 36 ,S
2458 1068 214 40 YOUNG,

2524 1114 143 24 Proprietress.

2404 1140 71 19 Terras
2490 1140 110 19 Moderate.

3013 87 33 15 T7
3055 85 47 20 ILL
3107 85 64 20 LAMS

2810 144 103 28 SteaiT
2950 149 154 26 Sawmill

2746 182 148 22 U&BAEBOA
2935 188 110 22 OTUROA
3086 189 84 21 BUSH.

2768 213 43 24 Beg
2820 216 19 16 to
2849 222 11 12 tt
2870 217 60 20 solieii
2947 225 10 13 a
2968 221 57 19 slia.c
3040 223 21 18 of
3074 222 69 26 public

2898 246 115 19 patronae-e.

2746 284 106 20 rhoKimu
2860 286 81 22 Timber
2948 289 22 20 in
2979 291 40 20 this
3036 293 52 20 Bush
3103 296 16 19 is
3134 296 34 20 the

2823 312 65 19 bluest
2898 320 21 12 in
2932 315 49 20 Now
2995 317 94 22 Zealand.

2746 360 38 20 Hie
2794 362 121 25 proprietors
2925 371 33 13 are
2967 370 97 23 prepared
3078 373 20 17 to
3107 379 51 16 guar

2768 388 58 18 autee
2836 388 33 18 the
2879 390 77 25 .nudity
2967 393 37 18 and
3015 393 33 21 tlie
3059 393 84 25 wrisllof

2796 413 33 18 tliu
2836 414 73 19 timber
2918 417 91 25 supplied
3018 419 25 25 by
3057 421 59 21 tliem.

2794 463 72 23 GOTHIC
2876 465 81 23 PICKETS
2972 468 10 21 A
3001 469 119 25 SPECIALITY.

2746 510 92 27 Delivery
2846 519 23 12 as
2876 512 87 20 directed
2972 514 20 18 in
3010 517 57 24 town,
3088 523 81 23 country

2886 545 23 12 or
2919 543 20 15 at
2949 540 80 19 station.

2819 582 81 23 LOWEST
2923 585 94 22 CURRENT
3031 586 68 23 RATES.

2796 623 87 21 Address

2850 651 31 21 W.
2892 652 24 19 A.
2929 652 144 22 WILLIAMS

3009 679 138 22 ROTORUA.

2287 1366 82 20 Losses
2393 1366 77 19 Paid..

2573 1365 148 24 .£20,000,000

2287 1418 54 21 Fibe
2349 1418 107 21 Pubmixim:
2466 1418 98 19 Exceeds
2607 1418 35 25 1,3'
2649 1418 30 19 Ml
2695 1418 26 19 00

2287 1472 161 20 Accumulated
2497 1470 72 20 Funds

2287 1498 89 21 Exceed
2609 1497 115 20 £IOOOOOO

2287 1550 23 23 W.
2327 1550 58 23 WARD
2395 1550 72 25 BAKER,
2537 1548 18 22 W
2570 1550 11 22 A
2594 1549 102 25 WILLIAMS

2326 1577 71 22 District
2405 1576 81 26 Manager,
2568 1574 49 24 Local
2627 1576 52 26 Agent
2696 1574 2 28 ,

2384 1602 91 23 Auckland.
2595 1602 78 27 Rotorua,

2786 735 28 26 J.
2833 736 50 27 W.
2905 738 214 36 WKIGLEY,
3145 743 8 12 »

2762 791 167 23 *ItOH
2956 796 12 19 I
3001 797 16 18 T
3051 797 17 19 E
3101 798 15 20 C

2885 838 136 31 ro'toeua.

2769 879 70 25 Agent
2853 879 31 21 for
2896 881 33 21 the
2950 883 64 19 South
3035 884 78 21 British
3122 886 47 21 Fire

2744 905 15 19 &
2771 905 79 21 Marine
2860 907 111 21 Insurance
2982 911 107 25 Company.

2809 966 209 34 Established

3074 1051 96 22 Patronagg

3072 1072 49 22 loncy
3140 1073 28 16 the

3072 1094 18 14 of
3101 1094 22 17 N.
3136 1094 20 17 Z.

2806 1124 94 38 John
2935 1126 38 38 J.
2996 1127 105 48 Keys,

2743 1181 124 32 Builder
2897 1184 58 26 and
2982 1184 176 30 Contractor

2809 1236 295 31 ROTOEUA.

2743 1298 105 21 Estimates
2867 1300 58 25 given
2940 1301 33 19 for
2984 1301 112 26 Buildings,
3108 1303 51 21 alter-

2759 1325 76 20 tations
2845 1327 37 19 and
2893 1327 76 25 repairs
2980 1328 21 19 in
3011 1329 26 19 all
3048 1329 96 21 branches

2896 1354 21 19 of
2928 1354 35 19 the
2970 1354 64 21 trade.

2768 1383 101 27 Tainting,
2879 1385 164 27 Paperhauging,
3057 1388 40 19 and
3114 1388 45 20 Glaz-

2743 1410 38 25 ing,
2792 1411 101 19 Venetian
2904 1413 17 18 <&
2932 1413 57 19 uther
3001 1414 71 19 Blinds
3083 1416 20 18 to
3113 1416 58 19 order

2747 1443 30 13 .or
2792 1437 113 25 re-paiuted
2920 1439 40 19 and
2970 1441 99 25 re-taped.

2747 1469 37 19 >jd
2818 1468 65 20 stocks
2898 1470 21 18 of
2933 1470 89 21 Funeral
3036 1471 121 27 Requisites.

2788 1528 137 29 gUJYjfiJiAL
2947 1528 173 20 JFUiiNISHJBJi.

2512 1730 35 38 M.
2570 1729 127 44 SIMON,

2487 1772 59 26 (Lute
2557 1771 20 20 of
2587 1771 136 25 Melbourne.)

2514 1805 97 27 Practical
2622 1805 71 27 Tailor.

2634 1839 89 28 made

2503 1876 33 24 to
2557 1873 85 26 order
2667 1880 38 19 on

2538 1906 139 27 shortest

2550 1941 101 25 notice

2498 2075 55 26 Stylo
2564 2075 39 19 and
2613 2074 33 20 Fit
2656 2076 35 18 not
2702 2077 19 16 to

2482 2102 26 19 bo
2522 2101 93 25 equalled
2628 2101 21 19 in
2662 2103 59 17 town.

2427 2139 35 24 §P
2483 2144 97 20 Address
2635 2143 55 19 Next
2701 2145 20 17 tc

2427 2164 9 12 *
2482 2171 93 23 Lurkins,
2590 2169 129 20 Oliiuoimitu.

2449 2244 24 25 [a
2486 2243 73 27 cabd.]

2521 2290 19 19 A
2564 2291 23 19 M
2612 2291 13 20 S
2650 2292 19 20 O
2693 2291 26 23 N,

2319 2364 101 19 BAKER
2430 2365 16 18 &
2456 2362 228 23 CONFECTIONER.

2315 2426 71 20 Goods
2397 2425 101 22 delivered
2515 2425 54 26 daily
2586 2426 20 20 iu
2626 2426 91 21 Eotorua

2312 2497 80 25 Butter,
2401 2498 54 26 Eggs
2462 2499 40 19 and
2510 2498 87 20 General
2604 2498 106 21 Groceries

2331 2561 40 42 A,
2391 2561 31 41 &
2446 2561 35 41 G.
2503 2561 166 50 BROOK,

2286 2614 87 25 Boot
2384 2615 66 24 and
2466 2615 91 25 Shoe
2570 2616 145 25 Makers.

2362 2651 79 19 Fonton
2453 2651 71 24 Street,
2540 2652 97 20 Fotorua.

2283 2676 47 20 And
2352 2679 21 17 at
2401 2677 82 20 Pamell
2510 2679 40 19 and
2577 2679 137 22 Newmarket.

2309 2729 66 26 Largo
2385 2730 41 18 and
2436 2730 68 20 varied
2519 2731 60 19 Stock
2589 2731 21 19 of
2624 2731 90 26 English,

2283 2755 88 25 Foreign
2381 2756 40 19 a-id
2432 2756 90 19 Colonial
2532 2757 61 19 15oots
2603 2758 40 18 and
2654 2758 60 19 Shoos

2348 2784 21 17 to
2379 2782 71 19 choose
2459 2783 53 18 from
2522 2785 21 17 at
2552 2783 35 19 the
2599 2786 52 16 most

2283 2816 238 33 &£&ftfflMßlS
2584 2818 128 33 PBHSft

2347 2857 95 19 Football
2451 2858 58 19 boots
2519 2864 12 13 a
2538 2858 110 25 speciality.

2283 2888 33 19 All
2334 2888 69 21 orders
2422 2889 39 19 and
2479 2889 76 26 repairs
2566 2890 148 25 expeditiously

2450 2915 102 19 executed.

2435 2987 39 32 n.
2517 2973 49 46 A

2283 3032 116 21 Plumber
2414 3036 16 18 a
2455 3033 101 21 General
2576 3034 129 23 Mechanic

2386 3065 113 20 Tutanckai
2538 3066 70 20 Street.

2297 3246 44 20 HT7
2350 3246 71 20 L.ITE
2430 3246 59 20 AND
2499 3246 57 21 EED
2571 3248 68 19 PINE
2649 3249 21 19 of
2680 3249 33 20 the

2297 3267 13 26 V
2316 3267 17 27 V
2359 3273 59 19 iinost
2429 3273 79 25 quality
2517 3273 40 21 and
2567 3274 98 25 carefully
2674 3278 38 17 cut.

2280 3342 93 24 Matni,
2401 3343 122 18 Piikatcii
2551 3345 51 16 asssi
2635 3346 75 15 S'awis

2279 3364 130 23 Shingles,
2421 3365 116 22 Palings.
2551 3366 94 19 Blocks
2658 3368 53 16 and

2281 3386 79 20 Posts,

2305 3425 19 19 A
2334 3426 52 24 good
2400 3426 39 19 and
2455 3426 89 19 assorted
2554 3426 73 26 supply
2637 3427 75 25 always

2278 3457 26 13 on
2315 3451 55 20 hand
2380 3453 21 18 at
2411 3452 34 18 the
2451 3452 82 19 Timber
2543 3452 63 19 Yard.

2412 3478 19 18 14
2438 3478 144 19 OTORUA.

2277 3525 195 26 N-B.—Special
2491 3530 60 16 care
2578 3527 81 20 taken
2682 3527 29 21 in

2383 3552 47 20 the
2456 3552 137 26 seasoning
2593 3552 2 26 l
2598 3552 3 26 .

2307 3603 84 40 Prices
2413 3606 24 37 at
2473 3604 104 40 Current
2591 3604 85 41 Rates.

2385 3782 183 19 AECHITEC
2575 3782 22 19 T.

2362 3808 103 25 Building
2472 3809 101 24 Surveyor
2583 3810 33 18 &c.

2275 3841 69 24 Agent
2354 3840 31 19 fer
2395 3840 33 19 the
2439 3840 99 19 National
2547 3840 47 19 Fire
2605 3840 41 19 and
2655 3840 41 19 Mar-

2274 3868 33 18 ino
2317 3866 111 19 Insurance
2436 3866 34 19 Co.

2743 1658 127 29 Saddler
2879 1662 19 24 &
2913 1659 134 30 Harness
3062 1660 108 31 Maker,

2787 1705 61 20 (Next
2860 1707 21 17 to
2890 1706 92 18 Larkin'a
2997 1706 51 19 Boot
3063 1706 65 22 Shop.)

2863 1741 187 22 OHINEMUTU.

2766 1785 89 22 Saddles,
2868 1783 84 26 Bridles,
2961 1785 84 23 Collars,
3055 1785 32 19 &c.
3097 1785 49 26 kept
3153 1785 20 19 in

2744 1811 67 21 Stock.

2805 1848 32 19 All
2849 1848 131 25 descriptions
2990 1848 21 20 of
3023 1849 81 19 harness

2876 1876 55 18 made
2942 1878 21 16 to
2973 1875 64 21 order.

2795 1917 83 26 Repairs
2888 1918 52 20 done
2956 1918 47 20 with
3013 1919 104 25 despatch.

2743 1955 54 25 Style
2808 1955 38 20 and
2864 1955 154 26 Workmanship
3033 1955 133 25 guaranteed.

2743 2025 230 39 JECKLIN&
2993 2026 164 39 COTTER

2809 2090 112 21 FAMILY
2950 2091 156 25 BUTCHERS,

2822 2133 71 18 Arawa
2907 2131 73 25 Street,
2995 2132 98 25 Rotorua,

2768 2174 58 21 Hate
2837 2177 21 17 to
2870 2175 63 19 thank
2949 2175 34 20 the
2993 2175 70 25 public
3077 2175 23 20 of
3109 2174 52 20 Roto-

2743 2208 35 13 rua
2789 2202 31 19 tor
2827 2204 47 23 past
2885 2203 67 18 favors
2967 2203 39 18 and
3025 2202 38 25 beg
3081 2204 20 17 to
3119 2203 54 19 state

2743 2229 46 26 they
2800 2229 41 19 will
2851 2229 95 19 continue
2955 2231 21 17 to
2985 2229 58 19 merit
3053 2230 86 25 support
3147 2229 25 25 by

2743 2262 35 18 pro
2783 2255 65 25 riding
2868 2255 35 20 the
2924 2255 44 19 best
2987 2255 78 26 quality
3081 2256 22 18 of
3119 2258 52 16 meat

2806 2291 33 28 At
2865 2291 107 28 lowest
2997 2294 108 33 prices.

2882 2357 48 27 Nexi
2966 2358 63 26 Union
3061 2358 54 26 Bank

2908 2399 82 27 Queen
3011 2401 87 24 Street,

2876 2523 65 20 Mia's
2964 2526 21 17 at
3008 2525 26 18 all
3060 2525 68 19 hours.

2791 2594 36 18 •/-_<
2869 2593 13 16 L
2912 2594 14 14 E
2956 2594 16 16 N
3003 2594 14 16 A
3048 2595 13 15 L
3091 2595 16 17 V
3137 2596 13 15 0
3181 2596 28 19 N,,

2795 2674 96 21 (Formerly
2897 2675 27 17 Sir
2929 2676 49 16 Fred.
2990 2675 102 17 Whitukcr's
3103 2676 106 21 Eesidcnpo),

2795 2739 30 40 H.
2852 2739 39 41 W.
2914 2739 196 47 NEIGHBOUR,

2735 2800 149 37 Tai!or&
2905 2800 263 47 Habit-Maker,

2738 2859 49 26 (For
2798 2860 25 18 2o
2835 2866 56 18 years
2902 2859 19 19 in
2933 2859 33 19 the
3063 2859 45 20 End
3124 2860 22 19 of

2901 2885 103 26 London.)

2804 2917 299 28 ROTORUA.

2835 2953 45 19 Has
2890 2953 74 25 always
2975 2960 26 12 on
3009 2954 56 19 Lund

2761 2985 55 18 Best
2841 2985 116 26 Huglisli,
2975 2986 95 18 .Scotch
3090 2985 52 18 illltl

2822 3007 120 18 Colonial
2962 3008 117 18 Tweeds.

2758 3036 69 22 Style
2841 3035 52 18 and
2907 3035 42 18 I'it
2970 3035 173 22 guaranteed.

2737 3067 95 17 ELu<iic*
2852 3065 113 18 Jackets
2989 3066 53 17 and
3065 3066 77 17 Itiditi

2811 3088 96 17 Habits
2916 3092 15 12 a
2942 3087 140 23 speciality

2735 3123 31 17 All
2773 3123 45 17 suits
2825 3121 54 20 mady
2886 3123 19 16 to
2913 3121 53 18 order
2973 3123 20 16 at
2998 3120 98 19 Auckland
3103 3121 39 22 pric
3150 3122 12 18 3

2786 3170 163 37 Rotopua
2961 3170 162 43 Library.

2735 3232 113 47 OPEN
2864 3231 52 20 from
2927 3233 25 18 10
2964 3239 45 12 a.m.
3018 3232 22 18 to
3050 3232 12 18 5
3070 3237 45 20 p.m.
3127 3229 39 20 and

2796 3260 11 18 0
2816 3260 26 18 30
2850 3260 20 17 to
2879 3259 26 19 10
2913 3265 46 19 p.m.
2971 3258 94 24 Sundays
3074 3257 32 19 till
3113 3258 53 24 Op.m

2735 3290 192 22 Subscription:
2937 3290 52 17 SOs
3002 3295 49 17 per
3064 3292 98 15 aiisuiuu

2759 3322 88 20 Visitors
2867 3327 42 19 may
2929 3328 85 19 procure
3030 3320 68 20 Books
3113 3319 52 19 from

2733 3349 33 19 the
2784 3348 85 25 Library
2887 3355 24 12 on
2929 3347 82 26 making
3029 3354 11 13 a
3054 3346 79 25 deposit.
3143 3344 22 19 o£

2733 3377 36 17 not
2784 3375 40 19 less
2843 3374 48 20 than
2909 3375 28 22 ss,
2956 3374 39 19 and
3012 3371 120 28 purchasing
3142 3372 23 19 Is

2732 3408 79 18 coupon
2822 3401 31 19 for
2864 3407 61 18 every
2935 3401 56 19 Four
3001 3400 70 19 books.

2758 3433 41 20 The
2819 3433 85 25 Library
2923 3432 17 19 is
2964 3439 51 19 open
3040 3431 70 24 during
3129 3429 37 20 the

2817 3518 155 40 EELE
3008 3517 153 39 BrOS.

2768 3601 163 38 f'araroa
2959 3598 171 39 Sawmill.

2731 3659 15 17 T
2774 3660 11 17 £
2818 3658 32 18 RE
2873 3659 22 17 to
2906 3657 65 19 thank
2988 3656 35 18 the
3042 3655 68 21 public
3133 3653 31 18 for

2733 3674 33 23 -L'
2792 3681 46 21 pa3t
2847 3679 74 19 favors,
2934 3678 40 19 and
2982 3678 37 21 beg
3027 3678 23 17 to
3058 3679 105 16 announce

2728 3702 48 18 that
2799 3702 75 21 having
2884 3706 13 13 a
2912 3701 54 20 large
2989 3699 59 18 stock
3060 3698 23 18 of
3105 3697 47 18 -well-

2729 3724 97 18 seasoned
2848 3723 104 18 first-class
2973 3720 75 18 timber
3067 3725 26 12 on
3108 3719 54 17 hand

2729 3745 50 21 they
2801 3750 34 13 are
2855 3743 96 22 prepared
2963 3743 22 16 to
2997 3741 54 18 fulfil
3060 3741 69 18 orders
3140 3740 22 16 at

2728 3766 87 19 reduced
2827 3766 59 18 rates-

2288 4021 412 30 BOOT7VtHKeR,

2336 4078 323 47 ROTORUA.

2861 3843 169 21 FRUITERER.

2754 3879 56 20 Next
2820 3876 101 21 Saddler's
2935 3876 56 25 shop,
3003 3875 129 20 Ohinomutu,

2728 3913 46 19 Has
2789 3913 73 24 always
2878 3917 12 12 a
2905 3910 51 26 good
2972 3908 73 26 supply
3061 3907 20 20 of
3097 3904 61 21 Fresh

2866 3936 50 21 both
2934 3936 51 19 local
3008 3934 39 19 and
3069 3933 24 18 im-

2834 3963 71 26 ported
2941 3968 26 13 on
3001 3959 56 20 hand

2895 3988 94 19 Also

2848 4015 19 19 A
2889 4010 154 24 well-assorted
3141 4008 13 26 /

2781 4042 56 20 stuck
2850 4041 21 19 of
2881 4039 92 23 Biscuits,
2982 4036 113 21 Confection-

2728 4076 35 18 ery
2773 4069 40 19 and
2823 4069 92 19 Summer
2927 4064 75 20 Drinks
3013 4066 20 16 at
3043 4062 115 19 ModekatE
