3218 4175
948 3285 129 20 STRANGE
1091 3285 89 20 STORY
1190 3285 35 20 OF
1234 3286 107 20 PIRACY
1350 3286 30 19 IN

1000 3312 56 18 THE
1073 3311 254 20 MEDITERRANEAN.

973 3365 19 19 A
1002 3365 83 24 stirring
1094 3365 40 19 tale
1151 3366 21 18 of
1181 3366 35 19 tlio
1234 3372 34 13 sea
1287 3372 65 13 coinos
1362 3368 18 17 to

948 3391 56 19 State
1021 3390 138 26 Department,
1179 3392 145 25 Washington,
1340 3392 20 19 in
1370 3399 10 13 a

948 3417 96 24 despatch
1075 3418 53 18 from
1155 3418 90 19 Uichard
1282 3417 97 27 Sprague,

947 3444 69 23 acting
1047 3443 77 19 United
1155 3445 67 18 States
1254 3444 76 19 Consul
1361 3447 19 17 at

948 3469 108 23 Gibraltar,
1082 3469 64 19 under
1160 3470 46 18 dato
1225 3470 21 18 of
1260 3470 49 25 May
1326 3471 54 19 24th.

947 3495 43 18 The
1009 3498 54 21 story
1078 3495 16 18 is
1110 3495 26 19 all
1146 3495 34 19 the
1199 3502 54 12 more
1268 3497 112 24 surprising

947 3520 86 19 because
1051 3520 34 19 the
1095 3524 69 16 events
1183 3522 94 18 occurred
1292 3522 20 19 in
1329 3523 41 19 well-

947 3547 97 19 travelled
1054 3549 72 17 waters
1134 3547 21 19 in
1166 3548 34 18 the
1210 3547 169 21 Mediterranean.

948 3573 30 18 On
997 3573 34 19 the
1050 3573 104 19 afternoon
1174 3575 21 17 of
1209 3573 58 26 April
1285 3575 47 18 00th
1346 3575 34 19 the

948 3603 63 15 steam
1021 3603 37 21 tug
1077 3599 98 20 Hercules
1190 3601 64 18 towed
1270 3601 42 18 into
1332 3601 36 19 Gib-

947 3626 63 18 raltar
1033 3628 33 15 tj;o
1089 3625 66 20 Dutch
1175 3626 116 25 brigautino
1313 3627 65 23 Anna,

947 3652 65 18 which
1021 3652 41 18 had
1072 3651 51 19 beeu
1132 3652 65 24 Hying
1215 3653 76 24 signals
1310 3653 21 18 of
1341 3653 30 19 dis-

946 3679 51 17 tress
1020 3678 28 18 olf
1068 3676 82 26 Europa
1179 3678 63 24 point.
1283 3678 43 19 The
1346 3686 23 12 ex-

947 3703 92 25 perience
1049 3704 21 17 of
1079 3704 34 18 the
1120 3706 60 17 Anna
1189 3703 4 26 ,
1201 3704 107 25 according
1319 3707 19 16 to
1346 3705 34 18 tho

948 3732 56 22 story
1025 3730 42 18 told
1077 3729 28 25 by
1119 3730 36 18 her
1177 3737 57 17 crow,
1258 3731 72 18 recalls
1346 3731 34 18 the

946 3758 61 16 worst
1016 3756 49 24 days
1074 3756 22 18 of
1105 3756 74 24 piracy.

972 3782 32 18 On
1021 3781 71 19 March
1107 3782 34 19 9th
1164 3782 36 19 she
1218 3784 30 17 set
1266 3782 39 19 sail
1327 3782 52 20 from

946 3808 54 23 liari,
1021 3814 12 12 a
1051 3810 45 22 port
1110 3807 21 19 in
1150 3808 33 19 the
1193 3808 97 23 Adriatic,
1306 3809 49 19 with
1368 3815 12 13 a

946 3840 60 18 cargo
1025 3834 21 18 of
1058 3833 48 24 coil,
1123 3834 39 18 and
1181 3841 25 12 on
1217 3834 89 25 Sunday,
1321 3834 57 25 April

946 3860 54 22 22tli,
1025 3859 35 19 sho
1084 3860 80 19 became
1193 3860 103 19 becalmed
1319 3867 59 13 seven

946 3885 57 19 mihs
1021 3886 51 18 from
1086 3885 59 20 shore
1163 3886 21 19 in
1202 3886 123 19 Albucomns
1339 3886 39 25 bay

945 3911 22 18 in
985 3911 34 18 the
1042 3911 43 19 lliff
1103 3914 89 23 country,
1209 3913 92 19 between
1315 3913 63 19 Oenta

946 3937 40 18 and
1002 3937 83 19 Melilla.
1115 3937 40 19 Sho
1172 3944 42 14 was
1228 3939 87 18 manned
1330 3938 27 25 by
1366 3945 10 11 a

945 3963 86 24 captain,
1055 3965 60 21 mato,
1137 3964 57 18 three
1217 3970 80 13 seamen
1312 3965 40 17 and
1366 3971 12 11 a

946 3989 55 18 cook.
1028 3989 69 19 About
1108 3991 11 16 2
1129 3989 75 19 o'clock
1223 3996 25 12 on
1263 3990 44 18 that
1317 3991 50 18 after-

945 4020 52 13 noon
1020 4022 12 12 a
1057 4015 46 19 boat
1122 4015 127 26 ajiproached
1267 4016 53 18 from
1343 4016 23 19 th

945 4040 47 20 horo
1002 4041 85 19 manned
1105 4041 26 25 by
1141 4041 57 26 eight
1207 4041 74 19 Moors.
1310 4041 67 25 Thoyo

945 4073 51 12 were
1006 4073 73 19 savage
1089 4067 84 26 looking
1187 4067 83 23 fellows,
1287 4068 89 26 btrippod

944 4092 67 21 naked
1028 4096 21 17 to
1067 4094 34 19 tho
1120 4094 63 24 waist,
1199 4094 50 20 with
1266 4094 63 20 heads
1343 4100 22 14 en-

1404 2419 60 25 tircly
1482 2419 77 20 shaved
1568 2419 57 20 clean
1644 2420 21 19 of
1678 2419 51 24 hair,
1750 2421 71 22 except
1830 2425 7 12 a

1404 2445 50 25 long
1477 2445 40 20 tuft
1543 2452 25 13 on
1587 2448 41 23 top.
1671 2445 166 24 Breech-loading

1404 2471 54 20 rifles
1482 2472 40 19 and
1545 2472 49 25 long
1620 2472 71 20 knives
1714 2478 52 14 were
1789 2471 48 19 their

1404 2504 60 13 arms.

1431 2524 69 20 When
1521 2525 71 19 within
1611 2524 80 25 hailing
1705 2525 89 18 distance
1808 2523 29 20 the

1404 2550 68 20 Moors
1496 2551 65 19 called
1594 2551 19 19 in
1644 2551 87 25 Spanish
1764 2552 20 17 to
1808 2550 29 18 the

1404 2576 118 26 brigantine
1536 2579 21 17 to
1576 2577 61 19 lower
1651 2577 42 23 tail,
1706 2577 46 24 and,
1771 2582 26 13 on
1807 2576 30 19 the

1405 2603 46 24 brig
1474 2603 99 25 refusing,
1599 2603 67 26 began
1679 2603 61 24 firing
1759 2609 25 12 on
1807 2602 30 19 the

1404 2638 70 19 vessel.
1503 2638 28 19 As
1541 2638 35 19 tho
1596 2638 47 19 boat
1662 2644 55 13 came
1728 2637 109 25 alongside,

1404 2664 34 19 the
1470 2671 51 12 crew
1547 2665 69 18 armed
1640 2664 119 19 themselves
1791 2664 46 19 with

1404 2690 92 19 hatchets
1507 2690 40 19 and
1561 2690 105 23 crowbars,
1678 2690 39 19 and
1728 2697 37 12 one
1775 2690 25 19 of
1806 2690 31 18 tho

1403 2716 68 19 Moors
1491 2716 44 20 who
1553 2716 111 26 attempted
1682 2721 20 14 to
1721 2716 64 19 board
1799 2722 38 13 was

1403 2743 69 18 struck
1482 2742 59 20 down
1551 2742 26 25 by
1588 2743 34 18 tho
1632 2745 54 16 mato
1698 2742 48 19 with
1764 2748 12 13 a
1787 2742 50 19 blow

1402 2769 52 18 from
1474 2775 12 13 a
1504 2769 96 19 crowbar.
1628 2769 19 18 A
1668 2768 67 25 volley
1750 2775 40 12 was
1808 2775 20 12 re-

1402 2795 79 23 turned,
1502 2795 41 19 and
1566 2795 34 19 the
1614 2798 53 16 mate
1686 2795 42 18 fell.
1757 2794 80 25 Seizing

1402 2821 31 19 his
1441 2821 95 24 revolver,
1549 2822 34 19 tho
1590 2821 47 25 only
1641 2822 80 18 firearm
1731 2827 26 13 on
1767 2820 69 24 board,

1402 2847 87 26 Captain
1501 2848 68 19 Yolvis
1579 2848 67 25 began
1656 2850 20 17 to
1693 2853 35 13 use
1738 2846 16 20 it
1768 2853 26 13 on
1803 2846 34 20 the

1401 2874 81 25 pirates,
1501 2873 39 19 but
1556 2874 41 19 had
1611 2874 50 19 fired
1675 2880 37 12 ono
1731 2873 45 19 shot
1791 2873 46 25 only

1404 2900 56 19 wh<-n
1470 2900 25 19 ho
1505 2906 42 14 was
1557 2900 99 19 wounded
1667 2900 21 18 in
1698 2900 34 18 the
1742 2899 61 19 hand.

1427 2926 123 20 Meanwhile
1569 2927 35 18 tho
1621 2926 98 19 wounded
1733 2928 53 16 mate
1796 2925 41 19 had

1401 2952 110 25 proceeded
1528 2953 36 23 aft,
1576 2953 66 19 whero
1652 2952 25 19 lie
1697 2958 40 14 was
1750 2951 51 19 fired
1811 2958 26 12 on

1401 2978 40 19 and
1460 2979 41 18 fell.
1529 2978 56 20 Four
1608 2979 74 18 bullets
1695 2977 41 19 had
1755 2978 81 18 entered

1401 3005 31 18 his
1442 3004 60 25 body.
1531 3005 57 19 Then
1599 3005 34 19 tho
1645 3005 81 24 captain
1742 3010 40 12 was
1791 3010 34 19 per-

1401 3031 103 24 manently
1514 3031 92 19 disabled
1615 3031 27 24 by
1651 3037 12 12 a
1677 3031 45 18 shot
1733 3031 73 18 wound
1815 3031 21 18 in

1401 3057 33 19 tho
1445 3057 96 19 ttoinach.
1570 3057 71 19 About
1649 3056 41 19 this
1704 3057 48 18 timo
1759 3057 77 18 several

1401 3083 57 19 other
1476 3083 58 19 boats
1548 3086 38 23 put
1605 3085 35 17 out
1649 3083 53 19 from
1721 3082 34 19 the
1769 3083 65 24 shore,

1401 3109 39 19 and
1456 3109 109 19 resistance
1584 3116 40 12 was
1643 3111 36 17 out
1697 3109 22 19 of
1732 3108 34 20 tho
1776 3115 47 19 ques-

1401 3137 47 19 tion.
1477 3135 93 26 Leaping
1588 3142 27 12 on
1623 3135 70 21 board,
1708 3135 35 19 the
1759 3135 76 25 pirates

1401 3163 67 25 began
1486 3163 54 19 their
1562 3163 55 19 work
1636 3162 21 19 of
1672 3161 92 26 plunder.
1793 3162 42 20 The

1401 3189 63 25 ship's
1473 3190 49 19 boat
1532 3196 41 13 was
1582 3188 86 20 lowered
1682 3188 40 19 and
1739 3188 96 26 bedding,

1400 3217 87 24 cooking
1494 3217 90 21 utensils,
1593 3222 107 19 compasos,
1713 3215 42 19 side
1764 3216 70 24 lights,

1401 3249 57 18 spare
1468 3243 53 23 sails,
1533 3249 12 12 a
1559 3243 80 24 portion
1657 3242 22 19 of
1687 3242 34 19 the
1731 3248 66 19 cargo,
1808 3243 26 19 all

1401 3269 33 18 the
1453 3269 118 25 provisions,
1588 3268 39 19 salt
1650 3270 54 17 meat
1720 3268 40 19 and
1773 3276 62 18 many

1401 3295 47 18 oshe
1458 3294 76 26 things,
1547 3301 49 12 even
1606 3294 35 19 tho
1650 3294 59 19 cabin
1717 3294 54 24 door,
1783 3302 52 12 were

1400 3320 71 19 loaded
1487 3321 42 19 into
1548 3320 40 19 this
1608 3320 39 19 and
1661 3321 34 18 the
1705 3320 58 19 boats
1771 3321 21 19 of
1800 3321 34 20 the

1401 3347 74 24 pirates
1494 3347 40 19 and
1551 3347 62 18 taken
1627 3349 21 16 to
1670 3346 54 19 land.
1753 3346 81 20 Soveral

1400 3373 50 24 trips
1461 3379 50 13 wero
1521 3373 65 23 made,
1592 3372 34 19 the
1637 3372 57 19 boats
1704 3373 81 25 coming
1794 3374 39 18 and

1400 3399 63 25 going
1473 3399 34 19 tho
1517 3399 65 19 whole
1590 3399 112 19 afternoon.

1426 3425 28 18 To
1462 3425 98 25 complete
1569 3424 53 19 their
1641 3425 55 19 work
1714 3425 35 19 tho
1758 3426 76 24 pirates

1399 3450 48 19 took
1457 3457 50 13 oven
1523 3451 35 19 tho
1573 3451 59 20 shoes
1649 3451 53 19 from
1718 3451 34 19 tho
1762 3451 41 20 feet
1813 3453 21 18 of

1401 3477 33 19 the
1443 3483 51 13 crow
1513 3477 40 19 and
1568 3477 34 19 the
1621 3476 75 20 clothes
1714 3478 52 17 from
1782 3478 52 19 their

1399 3503 68 19 backs.
1495 3504 69 19 When
1573 3504 60 24 night
1642 3509 54 13 came
1715 3504 34 18 tho
1759 3503 59 20 bucca-

1399 3535 57 13 neers
1466 3530 37 18 left
1512 3529 35 19 the
1557 3529 51 25 ship,
1617 3530 45 22 and,
1678 3536 11 12 a
1699 3529 53 25 light
1762 3530 70 19 breeze

1399 3555 107 26 springing
1516 3562 34 16 up,
1561 3555 35 19 tho
1604 3555 70 19 sailors
1693 3555 138 20 endeavoured

1399 3587 19 13 to
1428 3584 53 16 steer
1489 3582 32 19 for
1531 3582 35 18 the
1569 3581 89 26 Spanish
1660 3582 60 23 coast,
1733 3581 98 26 although

1399 3608 83 18 without
1505 3614 91 19 compass
1621 3614 22 12 or
1665 3607 69 24 lights.
1775 3608 56 25 They

1398 3634 62 18 sailed
1471 3634 25 18 all
1508 3634 44 18 that
1567 3633 59 24 night
1636 3633 39 18 an.-l
1686 3633 33 19 tho
1729 3636 48 16 next
1785 3634 44 25 day,

1398 3660 60 24 using
1467 3666 24 12 riTi
1501 3659 33 19 old
1545 3662 67 16 cotton
1630 3659 51 19 shirt
1695 3659 20 19 in
1734 3659 34 19 tho
1783 3660 36 24 day-

1398 3685 53 25 light
1460 3686 39 18 aud
1514 3686 90 23 burning
1622 3685 74 19 oakum
1711 3685 52 19 after
1772 3686 57 21 dark,

1399 3718 21 12 as
1438 3711 77 25 signals
1529 3711 21 19 of
1574 3711 87 24 distress,
1677 3711 37 19 but
1731 3712 99 25 although

1398 3737 77 19 several
1484 3737 73 19 vsssels
1567 3737 72 25 passed
1655 3737 71 19 within
1740 3737 55 25 sight
1804 3745 26 12 no

1398 3764 98 18 attention
1506 3770 41 12 was
1563 3763 60 25 given
1634 3765 19 17 to
1663 3763 34 19 the
1707 3763 121 25 brigantine.

1422 3789 29 18 At
1460 3791 11 16 4
1482 3789 75 19 o'clock
1565 3789 34 19 the
1609 3791 47 17 next
1670 3789 95 25 morning;
1778 3789 43 25 Cap

1398 3816 41 17 tain
1449 3815 70 19 Velvis
1529 3816 52 22 died,
1593 3815 39 19 and
1641 3816 52 18 after
1700 3821 59 17 many
1770 3816 48 18 hard-

1397 3841 55 25 ships
1463 3841 33 18 tho
1511 3842 65 18 vessel
1592 3848 39 12 was
1646 3841 80 25 sighted
1736 3847 26 12 on
1771 3842 57 24 April

1397 3866 47 20 30th
1464 3867 27 25 by
1505 3867 34 19 the
1558 3867 99 19 Hercules
1679 3867 40 18 and
1740 3866 88 26 brought

1397 3893 41 18 into
1453 3893 34 19 tho
1510 3893 97 19 harbour.
1635 3894 55 18 Mato
1706 3892 34 19 W.
1755 3893 71 23 Smith,

1397 3918 44 20 who
1451 3918 40 19 had
1500 3919 52 19 boon
1568 3919 62 24 badly
1641 3918 97 20 wounded
1748 3918 21 19 in
1778 3919 49 19 both

1396 3944 75 25 thighs,
1495 3945 22 18 in
1534 3945 35 18 tho
1592 3944 100 19 abdomen
1710 3944 40 19 and
1773 3945 56 25 right

1395 3970 60 23 hand,
1468 3977 39 12 was
1526 3971 61 19 taken
1595 3973 20 16 to
1630 3970 34 19 the
1674 3970 90 19 Colonial
1774 3970 39 20 Hos-

1396 3996 48 24 pital
1454 3996 21 21 in
1486 3996 201 20 acriticalcondition.
1715 3996 44 19 Tho
1768 3996 58 20 Anna

1395 4022 66 19 hailed
1473 4023 52 18 from
1544 4023 33 19 old
1592 4022 76 20 Pekela
1689 4023 22 18 in
1729 4023 96 23 llolland,

1395 4048 65 18 whore
1475 4049 33 18 the
1523 4048 81 25 captain
1618 4048 40 19 and
1674 4049 53 18 mate
1741 4049 85 19 resided.

1394 4073 41 20 Tho
1454 4074 75 19 Consul
1551 4075 32 18 for
1602 4075 33 18 tho
1649 4073 136 21 Netherlands
1806 4078 21 16 at

1395 4100 103 22 Gibraltar
1505 4101 17 19 is
1529 4100 148 25 investigating
1688 4100 34 21 tho
1730 4103 74 22 outrag

1840 91 54 20 THE
1912 91 108 20 RECENT
2038 91 127 20 FEARFUL
2183 91 72 20 DYNA-

1840 111 124 27 MITE
1995 111 278 27 DISASTER.

1868 173 41 19 The
1933 173 40 18 Sau
1993 172 110 19 lTraneisco
2125 171 109 19 Chronicle
2257 170 21 19 of

1844 200 47 23 May
1910 198 53 20 22nd
1974 198 92 19 contains
2082 198 34 18 tho
2132 197 103 25 following
2247 205 31 13 ;

1844 223 3 22 '
1862 225 56 20 With
1938 231 11 13 a
1967 224 50 20 flash
2027 225 39 18 and
2083 231 10 13 a
2110 230 15 13 r<
2134 230 22 12 ar
2169 223 33 19 the
2217 223 51 19 nitro-

1845 251 101 26 glycerine
1970 251 60 19 h.;use
2054 250 22 20 of
2108 250 34 20 the
2167 249 111 21 California

1848 277 80 20 Powder
1941 277 76 19 Works
2036 279 21 17 at
2070 277 67 19 Pinole
2154 277 48 17 blow
2216 283 25 12 ui>
2259 280 21 15 at
2292 277 1 22 |

1848 305 58 18 10.-JU
1916 304 75 18 o'clock
2007 303 106 26 yesterday
2125 309 97 18 morning,
2240 302 39 19 at.d
2292 302 1 27 !

1848 330 71 19 almost
1942 329 169 26 simultaneously
2141 329 35 19 tho
2206 329 74 22 mixing
2292 329 1 26 >

1849 356 69 23 house,
1936 356 88 25 scarcely
2035 363 11 12 a
2061 355 90 20 hundred
2167 355 43 19 feet
2220 362 61 16 away,

1850 381 96 26 exploded
1966 382 49 18 with
2030 389 12 12 a
2065 382 63 23 cruel,
2149 381 135 26 sympathetic
2292 381 1 26 i

1850 408 65 20 crash.
1947 407 48 19 Two
2019 410 59 23 great
2092 407 61 21 white
2172 407 71 21 clouds
2265 407 22 19 of

1852 433 68 20 smoke
1930 440 56 13 arose
1996 440 47 13 over
2054 433 35 21 the
2104 434 58 20 black
2176 435 55 18 holes
2242 436 44 16 torn

1854 461 20 19 in
1893 461 33 18 the
1937 460 84 25 ground,
2031 461 40 17 and
2086 461 56 19 when
2162 460 48 26 they
2226 459 61 20 rolled

1855 493 54 19 away
1917 487 33 18 ibe
1958 493 38 12 sun
2005 486 93 19 revealed
2110 487 34 19 the
2153 487 73 19 almost
2236 493 39 13 eom-

1857 513 52 25 plete
1928 512 64 20 wreck
2012 512 22 19 of
2053 520 37 12 ono
2105 513 22 19 of
2151 513 34 19 tho
2209 513 80 24 biggest

1857 539 80 25 powder
1948 539 68 25 plants
2026 539 20 18 in
2057 539 34 19 the
2106 542 92 23 country.
2228 538 60 21 Prom

1857 572 47 13 over
1922 565 35 19 the.
1972 565 46 19 hills
2038 565 33 19 the
2092 565 87 20 startled
2195 565 94 25 villagers

1857 598 61 17 camo,
1937 597 54 14 some
2002 591 22 18 of
2034 591 53 19 them
2102 592 72 24 crying
2193 592 32 19 for
2240 592 40 19 rela-

1858 620 51 17 tives
1919 618 43 19 who
1973 617 79 19 worked
2064 617 20 20 in
2095 618 35 19 the
2144 617 49 20 mill.
2222 618 67 19 When

1860 644 47 25 they
1925 644 83 19 reached
2024 644 35 19 the
2078 645 53 18 crest
2146 644 21 18 of
2187 644 34 19 the
2239 644 51 19 bluff

1861 670 61 19 which
1934 670 99 20 sheltered
2045 670 33 20 the
2089 670 100 25 buildings
2200 670 47 26 they
2260 670 20 19 be-

1860 697 44 19 held
1923 703 12 12 a
1955 696 73 19 woeful
2049 696 106 26 spectacle.
2184 696 56 19 Even
2259 696 33 19 the

1861 723 130 20 foundations
2014 723 22 19 of
2060 723 34 19 the
2127 722 54 20 nitro
2191 723 101 24 glycerine

1861 750 61 19 house
1941 756 52 12 were
2003 756 57 17 gone,
2072 749 40 19 and
2127 749 20 19 in
2167 749 54 19 their
2238 749 54 23 place

1861 783 38 12 was
1908 782 11 13 a
1928 775 59 20 black
1996 778 71 20 crater,
2079 776 51 19 from
2140 775 62 18 winch
2210 776 82 19 ribbons

1860 803 21 18 of
1905 804 91 24 pungent
2028 801 67 21 smoke
2120 801 73 20 trailed
2224 802 68 25 slowly

1861 829 86 24 through
1972 828 34 19 the
2025 828 95 19 scorched
2148 828 65 19 leaves
2237 828 22 20 of
2282 835 11 12 a

1861 862 64 19 group
1937 855 21 19 of
1977 855 120 25 eucalyptus
2116 856 60 18 trees.
2205 854 88 20 Further

1861 887 20 14 to
1890 882 33 19 the
1932 881 54 25 right
1998 888 39 12 was
2048 882 34 18 the
2090 882 96 18 immense
2198 882 44 18 hole
2252 881 40 25 dug

1862 909 25 25 by
1906 908 34 19 the
1950 907 135 26 sympathetic
2099 907 105 26 explosion
2221 908 20 18 in
2260 906 33 21 the

1862 934 153 22 mixing-house.

1890 960 4 25 '
1905 962 91 23 Scarcely
2007 967 11 13 a
2029 960 76 25 vesligo
2116 960 22 20 of
2154 960 65 20 cither
2229 960 54 21 build-

1862 987 34 26 ing
1916 986 99 21 remained
2038 987 18 20 in
2081 987 56 19 these
2156 990 58 22 great
2233 987 61 20 holes.

1861 1014 43 19 Tlio
1927 1013 102 24 wreckage
2050 1020 39 12 was
2109 1013 67 19 blown
2196 1014 20 18 in
2235 1020 59 19 every

1863 1040 104 25 direction,
1991 1040 38 19 nnil
2055 1039 19 20 in
2095 1040 34 18 the
2142 1040 108 19 hurricano
2273 1040 22 19 of

1864 1066 75 20 broken
1948 1066 59 20 metal
2017 1066 38 20 and
2068 1066 54 19 wood
2132 1070 63 19 swept
2204 1066 34 19 the
2250 1068 44 18 torn

1862 1093 40 20 and
1922 1093 93 25 bleeding
2031 1093 67 19 bodies
2118 1092 21 20 of
2154 1092 70 20 fifteen
2245 1100 50 12 men.

1866 1120 46 19 Five
1922 1119 22 21 of
1954 1119 39 20 the:
1993 1119 3 25 ;
1999 1127 10 12 e
2021 1127 50 11 were
2086 1119 98 19 reckoned
2196 1126 22 12 as
2238 1119 58 25 being

1863 1153 73 18 among
1959 1146 35 18 the
2012 1148 52 18 most
2085 1148 71 22 expert
2176 1145 78 19 makers
2275 1146 21 18 of

1865 1172 46 25 high
1922 1173 112 24 explosives
2049 1172 19 20 in
2080 1171 35 21 the
2135 1174 92 23 country.
2256 1171 40 20 The

1864 1199 58 19 other
1933 1202 33 16 ten
1977 1206 49 19 poor
2032 1201 103 18 creatures
2143 1204 52 14 were
2203 1195 92 23 Chinese.

1890 1227 5 8 '
1909 1226 64 19 Wlitn
1984 1225 35 20 the
2031 1226 93 24 villagers
2135 1225 38 19 and
2194 1224 102 26 surviving

1866 1253 40 19 mill
1918 1252 61 20 hands
1999 1252 106 20 recovered
2122 1251 52 19 from
2189 1251 35 19 the
2235 1247 60 23 shock

1865 1279 47 25 they
1918 1279 126 19 commenced
2054 1281 21 16 to
2082 1277 67 19 search
2158 1277 32 19 for
2197 1278 34 18 tho
2240 1277 55 19 dead.

1869 1305 87 25 Through
1977 1305 34 19 the
2026 1304 191 24 wreckage-strewn
2242 1304 54 23 plain

1864 1331 62 20 below
1937 1331 37 19 and
1986 1338 28 17 up
2025 1332 38 18 and
2074 1331 58 19 down
2153 1330 34 19 the
2198 1330 34 18 hill
2244 1330 52 19 sides

1863 1357 48 26 th'-y
1922 1358 104 24 travelled,
2042 1358 36 19 but
2089 1357 34 19 the
2138 1357 65 19 result
2213 1356 22 19 of
2245 1356 51 19 their

1864 1385 68 19 search
1945 1391 38 13 was
1993 1383 124 25 mournfully
2129 1383 167 24 unsatisfactory,

1864 1411 38 19 and
1915 1410 33 21 the
1967 1413 106 18 remnants
2083 1410 21 19 of
2120 1409 47 20 flesh
2180 1409 70 25 picked
2269 1416 27 18 up

1865 1437 46 19 here
1930 1438 38 18 and
1988 1438 55 19 there
2059 1444 52 12 were
2121 1444 21 12 so
2157 1435 81 27 ghastly
2252 1435 44 19 that

1865 1471 59 19 many
1943 1465 21 19 of
1974 1465 34 19 the
2025 1471 44 13 men
2080 1470 54 18 grew
2149 1462 42 20 sick
2202 1462 37 19 and
2259 1461 36 20 had

1864 1493 20 17 to
1901 1492 69 18 return
1981 1493 22 17 to
2017 1491 52 19 their
2081 1490 72 19 homea.
2184 1489 45 19 One
2244 1488 52 26 body

1864 1517 38 20 had
1923 1518 47 18 been
1981 1518 72 25 spared
2069 1519 21 17 to
2106 1523 54 13 some
2177 1517 72 19 extent
2264 1515 32 19 the

1865 1543 95 26 frightful
1980 1544 115 20 mutilation
2111 1542 90 20 suffered
2221 1541 26 27 by
2263 1541 33 21 the

1864 1571 75 20 others.
1967 1571 21 19 It
2007 1578 39 13 was
2064 1570 45 20 that
2124 1569 22 21 of
2155 1576 68 20 young
2239 1568 57 20 Clare

1864 1597 98 24 Johnson,
1979 1597 89 21 foreman
2081 1597 21 19 of
2118 1596 33 20 the
2168 1595 53 21 nitro
2231 1595 55 26 glyce-

1864 1624 43 20 rine
1926 1623 69 22 house.
2024 1627 42 17 One
2076 1623 32 27 leg
2123 1623 37 20 had
2181 1622 50 20 been
2250 1623 46 19 torn

1864 1650 52 21 fiom
1936 1650 30 21 hia
1981 1651 59 24 body,
2056 1651 63 20 which
2142 1650 33 20 lav
2194 1654 39 19 Uijf
2235 1655 11 8 n
2262 1648 32 16 *Jw

1865 1677 77 21 hillside
1962 1678 19 20 in
1998 1685 10 13 a
2021 1674 57 30 'heap
2094 1677 22 21 of
2129 1677 73 22 >''--'
2228 1677 15 13 w
2243 1670 2 34 .
2246 1670 36 21 ood
2285 1670 4 34 -

1866 1705 66 24 Marry
1956 1703 87 29 Minugl)
2146 1698 56 21 m;uJe
2225 1697 31 20 nit
2253 1724 8 8 T
2259 1704 21 13 ro
2283 1707 7 5 *

1861 1731 21 16 11
1911 1731 54 23 ftp*
2032 1726 33 24 fhe
2079 1725 100 26 upheaval
2200 1724 22 20 of
2242 1724 47 19 Hell

1857 1757 53 15 liato
1921 1759 18 13 id
1950 1756 50 16 iNew
2014 1752 57 21 York
2082 1753 94 23 harbour,
2198 1758 40 12 was
2248 1751 41 19 also

1857 1778 122 25 recognised,
2000 1780 37 19 but
2047 1780 25 19 all
2088 1779 45 20 that
2151 1778 101 21 remained
2269 1777 21 20 of

1856 1805 31 20 his
1897 1805 52 27 body
1960 1805 31 21 for
2010 1806 34 19 the
2055 1806 93 24 villagers
2158 1808 21 17 to
2199 1811 58 19 carry
2268 1806 19 16 to

1856 1832 34 19 the
1911 1832 102 20 shattered
2029 1832 147 26 engine-house
2198 1839 40 12 was
2260 1831 29 20 his

1857 1858 48 19 head
1916 1859 38 19 and
1974 1859 73 20 breast.
2076 1858 41 20 The
2127 1860 59 19 other
2202 1859 86 18 thirteen

1857 1892 43 13 men
1921 1892 50 13 were
1986 1888 46 17 torn
2052 1888 21 17 to
2097 1888 72 22 atoms,
2193 1885 39 20 and
2256 1885 34 19 the

1857 1911 92 27 bleeding
1959 1912 69 19 shreds
2040 1912 77 19 formed
2129 1919 11 12 a
2153 1912 80 25 ghastly
2245 1913 45 23 part

1857 1938 22 19 of
1888 1938 35 20 tho
1941 1938 110 20 whirlwind
2062 1938 46 19 that
2122 1941 64 23 swept
2202 1938 87 25 through

1857 1964 34 20 the
1902 1967 52 18 trees
1965 1965 38 20 and
2014 1972 47 13 over
2071 1965 35 20 the
2116 1966 65 25 valley
2191 1965 22 19 of
2223 1964 55 26 ripou-

1857 1992 34 24 ing
1901 1992 55 24 grain
1968 1991 70 21 below.

1884 2015 4 29 '
1897 2015 40 22 The
1949 2018 117 20 concussion
2076 2018 73 26 spared
2160 2019 37 19 but
2205 2018 53 19 little
2269 2017 20 20 in

1857 2044 35 20 the
1902 2044 170 25 neighbourhood,
2083 2048 54 16 trees
2154 2053 51 12 were
2214 2044 75 20 broken

1857 2071 20 19 in
1897 2071 67 24 twain,
1987 2074 58 22 great
2059 2071 43 20 iron
2123 2072 101 24 cylinders
2240 2078 50 13 were

1858 2097 69 19 hurled
1939 2100 20 16 to
1970 2101 77 16 remote
2057 2098 92 25 portions
2160 2098 22 18 of
2192 2098 35 19 the
2238 2097 51 20 field,

1857 2124 38 19 and
1908 2124 102 25 buildings
2028 2131 12 12 a
2050 2124 92 19 hundred
2153 2125 62 25 yards
2235 2130 55 19 away

1858 2157 52 13 were
1927 2150 78 26 ripped,
2017 2150 109 24 shattered,
2146 2151 40 19 and
2200 2151 21 19 in
2238 2157 54 12 some

1859 2177 101 20 instances
1971 2176 84 21 levelled
2067 2177 48 19 with
2126 2178 33 19 the
2171 2176 94 26 ground.'

1859 2238 166 20 SENTIMENT
2049 2238 63 20 AND
2143 2239 131 20 PRESENTI-

1965 2264 79 21 MENT
2058 2265 33 20 IN
2105 2265 75 20 WAR.

1887 2319 35 19 Mr
1943 2318 110 20 Frederick
2075 2319 89 26 Villiers,
2185 2328 21 13 as
2222 2328 12 12 a
2253 2328 38 12 war

1860 2345 66 21 artist,
1935 2344 99 26 speaking
2043 2345 22 20 of
2071 2346 31 20 his
2110 2347 117 25 experience
2235 2354 44 18 Bays
2288 2344 3 28 :

1860 2372 106 19 'When
1977 2378 10 13 a
1999 2378 43 13 man
2054 2380 46 17 goes
2111 2373 43 20 into
2165 2381 10 13 a
2184 2374 50 25 fight
2245 2374 37 19 feel-

1860 2399 36 25 ing
1914 2398 46 19 that
1971 2398 23 19 he
2013 2398 17 20 is
2041 2399 60 25 going
2116 2402 20 17 to
2147 2401 37 23 die,
2202 2401 51 24 why,
2268 2401 23 19 he

1860 2425 102 26 generally
1982 2424 48 20 does
2045 2425 37 20 die.
2111 2427 38 20 It's
2170 2434 67 19 queer,
2255 2428 36 19 but

1861 2452 33 19 it's
1904 2458 11 13 a
1925 2451 47 20 fact.
2001 2452 10 18 I
2022 2452 57 19 don't
2098 2460 88 19 suppose
2196 2453 34 20 I'll
2247 2461 44 13 ever

1861 2478 67 26 forget
1938 2478 34 19 the
1983 2478 44 19 face
2037 2478 21 19 of
2074 2486 11 13 a
2095 2486 68 18 young
2178 2481 113 19 lieutenant

1860 2505 9 19 I
1881 2504 49 21 used
1951 2506 21 17 to
1989 2511 33 13 see
2036 2512 10 13 a
2061 2506 50 25 good
2127 2507 43 19 deal
2183 2508 21 18 of
2223 2508 20 18 in
2258 2507 33 19 the

1860 2531 165 20 Russn-Turkish
2041 2539 44 13 war.
2114 2534 40 20 We
2169 2541 52 13 were
2236 2536 55 23 great

1860 2558 82 24 friends,
1961 2558 100 25 although
2076 2559 24 20 he
2120 2567 39 13 was
2170 2568 11 12 a
2197 2561 94 20 Russian,

1860 2585 40 19 and
1911 2584 24 20 he
1945 2584 47 20 used
2005 2587 20 16 to
2036 2586 34 19 tell
2082 2593 30 13 me
2123 2587 25 19 all
2161 2588 62 19 about
2234 2594 10 12 a
2254 2587 37 25 girl

1860 2612 24 18 ho
1894 2612 63 19 loved.
1985 2611 33 20 He
2027 2613 47 18 used
2086 2615 21 16 to
2117 2616 33 17 net.
2162 2614 70 20 letters
2241 2614 49 18 from

1861 2638 33 19 her
1905 2638 106 25 regularly,
2030 2639 35 19 but
2076 2639 57 20 there
2148 2648 55 12 came
2213 2647 11 13 a
2244 2640 47 20 time

1859 2665 55 19 when
1928 2664 54 19 these
1993 2667 72 23 stoppe
2074 2664 3 29 I
2095 2667 103 26 suddenly,
2228 2667 63 19 There

1859 2699 39 12 was
1909 2697 53 14 some
1979 2691 58 25 delay
2049 2692 18 18 in
2079 2693 33 20 the
2127 2694 63 24 mails,
2201 2694 37 19 but
2257 2693 34 20 the

1859 2725 48 17 poor
1919 2718 50 23 chap
1980 2718 66 19 didn't
2063 2718 59 21 know
2133 2720 52 20 that.
2214 2721 32 19 He
2256 2723 34 21 got

1858 2752 47 17 very
1915 2744 47 20 blue
1978 2745 63 19 about
2051 2746 21 20 if,
2084 2746 39 19 and
2135 2754 38 13 one
2192 2747 44 23 dav,
2248 2746 43 25 just

1858 2771 70 20 before
1946 2770 35 21 the
2000 2772 11 18 b
2014 2770 4 26 :
2020 2779 13 17 g
2051 2772 60 20 affair
2126 2773 19 19 in
2166 2773 34 21 tbe
2215 2773 75 23 Shipka

1859 2798 54 22 Pass,
1935 2798 24 19 he
1970 2798 41 19 said
2023 2801 20 17 to
2063 2806 36 16 me,
2114 2801 5 8 '
2131 2801 32 18 I'll
2175 2807 62 12 never
2256 2802 34 21 get

1857 2825 46 19 that
1914 2825 98 19 letterT
2023 2826 57 19 know
2095 2826 11 19 I
2117 2826 73 20 won't.'
2219 2827 5 11 '
2236 2827 53 19 Whv

1857 2852 59 19 not?'
1928 2851 41 20 said
1979 2850 18 21 I,
2008 2852 85 25 wishing
2103 2855 21 17 to
2135 2853 60 20 cheer
2205 2853 39 20 him
2255 2860 33 17 up.

1856 2878 4 24 '
1872 2878 90 19 Realise
1981 2878 11 19 I
2007 2885 30 12 am
2056 2879 61 23 going
2137 2882 21 17 to
2182 2880 24 20 be
2230 2880 59 20 Rhnt.'

1856 2904 56 21 Nest
1931 2904 37 25 day
1979 2904 34 19 the
2028 2906 86 24 fighting
2124 2913 55 14 came
2199 2907 90 19 on--hot

1856 2931 91 25 fighting,
1968 2931 10 20 I
1990 2939 35 12 can
2037 2932 34 19 tell
2088 2933 106 23 youaid
2205 2933 35 20 tbe
2259 2940 19 12 se-

1855 2958 49 19 cond
1930 2958 37 24 day
1992 2965 31 18 my
2042 2958 67 21 friend
2126 2966 38 14 was
2189 2960 99 25 seriously

1855 2985 97 19 wounded
1964 2985 4 23 ;
1983 2985 33 19 the
2027 2985 53 20 third
2096 2986 38 19 dav
2152 2986 23 20 he
2186 2993 39 13 was
2244 2987 44 20 shot

1855 3011 56 23 dead,
1931 3011 38 19 and
1981 3011 34 19 the
2035 3012 68 20 fourth
2121 3013 38 25 day
2178 3013 34 20 the
2228 3013 60 20 letter

1854 3037 51 20 from
1917 3038 31 19 his
1959 3038 120 21 sweetheart
2095 3040 79 19 arrived
2192 3040 47 20 with
2251 3040 36 20 her

1855 3064 139 25 photograph.'

1945 3125 57 19 THE
2017 3125 81 21 DEAN
2117 3127 67 19 CASE.

1880 3177 41 19 The
1931 3180 70 22 report
2011 3179 19 19 of
2041 3179 34 19 the
2083 3180 57 19 Dean
2152 3179 132 19 Commission

1853 3203 35 21 lias
1899 3205 49 19 been
1957 3204 39 20 laid
2003 3212 24 12 on
2039 3204 33 22 tbo
2077 3205 54 21 table
2137 3206 23 20 of
2163 3205 121 27 tbcJN.S.W.

1853 3231 77 19 House.
1959 3231 42 20 The
2011 3232 82 19 medical
2112 3233 98 19 members
2220 3232 23 19 of
2253 3233 31 18 the

1854 3257 130 19 Commission
2004 3257 45 19 hold
2071 3259 45 19 that
2130 3259 34 19 the
2183 3259 53 19 facts
2252 3265 32 13 arc

1851 3283 56 25 quite
1926 3290 21 12 as
1962 3285 121 21 compatible
2102 3285 47 19 with
2165 3285 35 19 the
2218 3285 52 26 hypo-

1852 3309 64 19 thesis
1940 3310 46 19 that
2006 3311 43 19 Mrs
2065 3311 64 24 Dean,
2149 3311 33 19 for
2205 3318 79 13 reasons

1853 3335 62 20 which
1928 3336 47 25 they
1994 3343 36 13 can
2042 3337 48 24 only
2100 3338 91 23 surmise,
2202 3338 39 19 and
2258 3338 25 20 by

1853 3362 89 19 methods
1953 3362 22 19 of
1985 3363 63 19 which
2060 3363 34 19 she
2104 3364 59 20 alono
2170 3364 36 20 has
2216 3364 56 24 eigni-

1852 3394 66 17 zanee,
1929 3389 143 20 administered
2084 3391 78 19 arsenic
2172 3392 21 18 to
2201 3390 82 22 herpelf,

1853 3415 89 24 possibly
1954 3417 20 17 to
1983 3416 127 25 promptings
2122 3417 21 19 of
2154 3417 35 19 her
2199 3416 84 23 mother,

1852 3441 38 18 and
1912 3441 85 20 without
2006 3448 39 18 any
2060 3443 101 19 intention
2180 3446 21 16 to
2217 3442 45 19 take
2272 3449 11 12 a

1851 3467 50 19 fatal
1912 3468 52 19 dose,
1977 3475 20 11 as
2008 3468 45 19 that
2063 3469 34 19 the
2117 3469 70 25 poison
2200 3476 39 12 was
2250 3468 22 19 ad-

1852 3494 116 19 ministered
1976 3494 25 25 by
2012 3494 36 19 her
2057 3495 90 20 husband
2159 3495 46 20 with
2215 3495 66 19 intent

1851 3521 21 18 to
1879 3520 43 19 kill.
1950 3520 41 19 The
1999 3521 103 20 president
2112 3521 50 20 adds
2169 3528 11 13 a
2188 3521 94 24 minority

1851 3553 76 17 report,
1945 3547 43 19 that
2001 3547 20 18 in
2032 3547 31 18 his
2077 3548 84 24 opinion
2182 3548 18 19 it
2210 3548 15 17 is
2243 3554 26 12 un-

1851 3572 117 19 reasonable
1987 3575 21 16 to
2019 3580 87 15 suppose
2121 3574 45 19 that
2180 3581 9 11 a
2201 3573 37 23 gir!
2256 3580 23 11 on

1851 3598 34 19 the
1905 3599 101 19 threshold
2018 3599 22 18 of
2050 3600 35 19 life
2101 3600 63 19 would
2184 3600 41 18 rifle
2246 3600 36 18 hpr

1849 3626 103 18 existence
1971 3626 26 24 by
2008 3626 70 22 taking
2093 3633 10 12 a
2121 3626 71 24 deadly
2210 3626 69 24 poison

1849 3650 33 20 for
1901 3652 34 19 the
1949 3659 89 17 purpose
2058 3652 21 19 of
2093 3652 94 24 bringing
2204 3659 11 10 a
2230 3652 50 19 false

1849 3677 73 25 charge
1931 3680 78 21 against
2020 3678 35 19 her
2069 3678 98 19 husband.
2196 3678 32 18 On
2240 3678 39 19 this

1849 3704 78 25 ground
1947 3704 24 19 he
1990 3704 32 19 did
2040 3706 36 17 not
2089 3711 75 12 concur
2183 3704 47 19 with
2246 3704 34 21 the

1849 3730 81 24 opinion
1942 3730 22 19 of
1973 3730 29 19 his
2013 3730 118 24 colleagues.

2287 91 12 20 DESTRUCTIVE
2300 91 197 20 EARTHQUAKE

2446 117 33 20 IN
2496 117 91 19 ITALY.

2301 176 74 14 THItEE
2393 176 116 14 THOUSAND
2520 175 85 14 HOUSES
2624 174 109 14 DAMAGED.

2328 206 41 18 The
2381 206 69 24 people
2461 205 21 19 of
2500 204 96 19 Florence
2609 202 75 27 (Italy)
2696 203 38 18 ami

2302 232 104 25 adjoining
2428 232 58 19 eiti.is
2506 237 50 12 were
2571 230 77 19 thrown
2666 229 43 18 into
2724 236 12 12 a

2303 260 54 17 state
2375 258 22 19 of
2405 258 59 24 panic
2481 264 25 13 on
2526 258 35 17 the
2578 256 58 25 night
2645 255 22 20 of
2688 255 46 25 May

2305 284 47 19 ISth
2376 284 25 23 by
2426 291 11 12 a
2467 284 61 19 series
2551 282 22 19 of
2595 281 140 27 earthquake*,

2305 310 62 19 which
2392 310 110 25 destroyed
2526 308 78 19 several
2628 308 49 19 lives
2698 308 37 18 and
2742 304 1 31 |

2305 336 89 19 wrecked
2414 343 10 11 a
2440 338 44 17 vast
2493 338 85 17 amount
2597 334 21 19 of
2633 336 110 26 property,;

2304 364 53 17 3000
2367 362 72 19 bouses
2454 369 20 12 in
2491 362 45 19 that
2547 364 41 21 city
2598 360 58 19 alone
2664 360 74 23 having

2305 388 49 19 been
2375 388 102 25 damaged,
2493 394 58 17 many
2569 387 22 19 of
2606 387 54 18 them
2679 385 59 25 being

2305 414 77 25 utterly
2406 414 114 25 destroyed.
2550 413 28 19 At
2602 411 111 26 Lappaggi,
2728 418 10 12 a

2307 440 83 24 suburb,
2414 441 55 24 forty
2486 440 73 19 houses
2574 445 50 13 were
2649 437 89 21 wrecked

2307 468 38 18 and
2368 468 41 18 two
2433 473 83 18 persons
2538 472 52 12 were
2614 464 68 20 hilled.
2711 465 29 18 At

2308 493 98 20 Grassina
2428 493 73 19 twelve
2519 491 71 25 people
2613 497 51 13 were
2681 490 58 25 bally

2308 519 53 21 hurt.
2389 519 42 19 The
2458 519 70 19 Prince
2555 518 21 18 of
2600 517 81 25 Naples,
2705 516 35 20 the

2308 547 72 19 Crown
2393 545 77 24 Prince,
2481 548 61 22 spout
2554 544 33 18 the
2606 543 57 24 night
2673 543 19 18 in
2711 543 20 18 in-

2308 573 93 24 specting
2410 572 33 19 the
2454 572 88 23 damage,
2559 570 40 19 and
2614 570 34 18 has
2659 575 51 19 gone
2720 570 21 18 to

2308 599 35 19 tlie
2354 597 137 25 surrounding
2506 601 64 15 towns
2582 599 19 15 to
2611 595 70 20 render
2693 595 47 19 such

2308 625 32 19 aid
2352 632 22 12 as
2385 631 43 17 may
2440 624 24 19 be
2473 623 83 19 needed.

2336 651 84 24 Shortly
2442 649 56 20 after
2521 651 11 16 8
2546 648 76 20 o'clock
2641 648 34 19 the
2699 648 43 19 first

2301 674 1 27 I
2310 677 61 20 shock
2382 684 40 12 was
2432 675 45 26 felt,
2494 676 39 19 and
2546 681 81 19 persons
2639 674 43 19 who
2692 681 50 12 were

2310 705 19 18 in
2342 703 52 19 their
2403 703 67 19 homes
2480 709 35 13 ran
2526 704 66 17 tenor
2602 701 87 19 stricken
2701 700 42 19 into

2311 731 35 19 the
2369 731 81 22 streets,
2469 728 113 24 screaming
2604 728 37 18 and
2660 727 83 25 praying

2312 758 31 18 for
2353 755 125 20 deliverance
2489 755 52 19 from
2554 754 132 19 destruction.
2703 752 40 19 The

2312 783 71 19 shocks
2395 788 51 13 were
2455 789 20 12 so
2487 781 76 19 violent
2575 780 43 19 that
2627 779 32 20 the
2670 779 73 20 houses

2312 808 78 26 swayed
2401 808 40 19 like
2455 808 55 24 ship-;
2521 807 19 19 i;:
2553 814 11 11 a
2574 809 68 19 storm,
2653 806 38 19 and
2702 805 20 20 in
2733 813 10 10 :-.

2312 835 84 21 number
2407 835 21 18 of
2444 841 56 13 cases
2515 834 34 18 the
2569 833 54 19 roots
2637 832 39 18 and
2689 832 54 18 walls

2312 863 35 19 fell
2365 861 27 23 in,
2408 860 92 26 injuring
2520 865 59 19 many
2599 864 83 20 persons
2702 857 41 20 who

2313 889 37 19 had
2374 889 36 18 not
2539 886 67 24 safety
2634 892 53 17 upon
2710 883 33 21 the

2313 915 79 20 Btreets.

2340 943 28 18 At
2387 940 34 19 the
2436 939 88 20 theatres
2544 938 57 19 there
2624 945 51 12 were
2699 938 44 19 wild

2306 959 1 33 !
2313 975 75 13 scenes.
2416 966 42 19 The
2478 966 151 26 performances
2646 964 39 21 had
2702 964 44 26 just

2313 992 126 23 commenced
2465 992 40 19 and
2538 991 33 20 the
2601 991 70 19 houses
2695 998 50 13 werp

2313 1020 98 21 crowded.
2440 1020 28 17 At
2478 1020 36 18 the
2533 1019 44 18 fir.-t
2596 1018 60 19 shock
2669 1018 32 19 the
2711 1024 34 18 cry

2314 1048 21 19 of
2359 1044 151 28 'earthquake'
2535 1051 38 12 was
2598 1044 71 19 raised.
2684 1048 5 5 *
2704 1044 41 19 The

2314 1074 76 19 crowds
2402 1073 56 18 made
2466 1079 9 12 a
2487 1072 41 18 mad
2539 1071 46 18 rush
2594 1071 31 18 lor
2637 1070 33 20 the
2681 1070 64 23 doors,

2314 1100 39 19 and
2361 1100 21 19 in
2393 1098 34 19 the
2438 1098 121 19 excitement
2569 1098 33 17 for
2612 1103 71 19 escape
2693 1096 52 19 from

2306 1124 1 30 j
2315 1126 33 21 the
2364 1125 90 25 swaying
2473 1124 92 25 building
2585 1130 24 12 no
2625 1129 66 20 mercy
2707 1129 39 13 was

2306 1149 1 25 I
2314 1153 68 19 shown
2394 1155 20 15 to
2430 1157 75 12 women
2517 1157 23 12 or
2550 1149 97 25 children,
2659 1149 54 19 weak
2724 1155 22 14 or

2306 1176 1 27 |
2314 1179 57 24 aged,
2382 1177 39 20 and
2433 1183 56 19 many
2503 1183 49 13 were
2562 1178 10 17 t
2583 1176 78 25 ainpled
2673 1182 25 12 on
2707 1176 38 19 and

2314 1205 73 25 fatally
2408 1204 54 19 hurt.
2493 1205 26 17 As
2535 1202 33 20 tho
2589 1201 156 27 panic-stricken

2315 1230 71 28 people
2396 1230 75 25 poured
2482 1232 35 17 cut
2525 1229 21 19 of
2560 1228 34 20 the
2602 1229 87 19 theatres
2700 1229 46 25 they

2306 1255 1 27 I
2316 1258 86 24 mingled
2432 1256 48 19 with
2505 1255 33 20 tho
2562 1255 75 19 crowds
2662 1255 84 24 rushing

2314 1285 59 24 along
2384 1283 34 19 the
2437 1286 74 16 streets
2526 1281 107 24 searching
2648 1281 30 19 for
2695 1288 50 17 open

2315 1318 76 18 spaces,
2415 1309 39 20 and
2478 1308 34 20 the
2538 1307 104 20 confusion
2669 1307 77 20 became

2314 1339 80 24 greater
2404 1342 22 14 as
2435 1334 49 27 they
2500 1334 106 25 trampled,
2625 1333 73 24 fought
2708 1333 38 19 and

2316 1362 103 27 struggled
2437 1362 32 18 for
2480 1362 34 18 the
2524 1361 56 18 front
2596 1361 20 18 of
2632 1360 33 20 the
2677 1359 69 26 flocing

2316 1397 57 12 mass.
2404 1389 30 19 All
2445 1388 34 19 the
2491 1386 56 27 night
2558 1387 53 19 awed
2623 1387 39 19 and
2673 1389 63 16 terror-

2315 1416 88 20 stricken
2423 1415 70 25 people
2509 1413 85 19 huddled
2618 1413 92 24 together
2727 1411 18 19 in

2315 1444 56 24 spots
2395 1441 66 20 where
2484 1440 58 19 there
2571 1446 38 13 was
2637 1439 35 19 the
2696 1439 50 19 least

2315 1470 76 25 danger
2413 1467 21 20 of
2451 1467 72 24 falling
2548 1465 107 26 buildings.
2682 1465 64 26 Many

2315 1495 49 21 took
2375 1495 70 25 refuge
2455 1494 20 19 in
2487 1493 90 20 vehicles.

2342 1522 76 25 To-day
2434 1527 24 13 an
2474 1519 143 25 investigation
2632 1525 39 13 was
2691 1517 55 21 made

2316 1549 26 26 by
2365 1547 35 21 the
2423 1545 108 28 municipal
2555 1545 124 25 authorities,
2704 1543 42 22 who

2315 1574 107 22 estimated
2446 1573 45 20 that
2514 1573 59 23 3,000
2601 1571 71 21 houses
2696 1578 50 13 wer

2316 1601 102 26 damaged.
2446 1600 42 19 Tho
2499 1594 100 21 .woedral
2620 1613 5 7 N
2630 1599 32 15 J>
2673 1596 56 18 Catte-

2316 1629 47 19 ,t,,b
2374 1630 24 13 ue
2417 1624 64 19 Sauta
2496 1622 66 19 Maria
2581 1621 30 20 del
2629 1620 76 26 Fiore),
2715 1627 25 13 an

2308 1650 100 27 imposing
2427 1650 92 25 example
2531 1648 21 21 of
2568 1648 73 20 Italian
2667 1647 74 21 Gothic

2308 1677 139 23 architecture,
2468 1676 39 20 and
2527 1675 96 27 probably
2639 1675 35 19 the
2689 1677 52 18 most

2308 1703 125 22 remarkable
2458 1701 90 24 building
2566 1701 21 21 of
2607 1702 26 19 its
2648 1700 48 21 kind
2720 1702 20 19 io

2310 1733 84 24 Europe,
2406 1737 40 13 was
2456 1730 108 19 somewhat
2575 1728 102 25 damaged,

2335 1759 29 18 At
2377 1756 107 26 Lappaggi,
2503 1763 12 12 a
2533 1756 74 24 village
2621 1761 47 13 near
2686 1754 44 20 Flor-

2308 1792 54 16 ence,
2374 1791 25 12 no
2409 1784 39 19 less
2460 1784 50 18 than
2530 1782 53 24 forty
2601 1782 69 19 houses
2691 1787 50 14 were

2309 1811 78 20 thrown
2412 1810 51 19 from
2483 1809 52 20 their
2550 1808 133 19 foundations
2703 1808 37 19 and

2308 1836 121 28 completely
2450 1836 97 19 wrecked.
2577 1836 16 17 A
2611 1834 35 19 sad
2662 1835 79 18 feature

2308 1865 23 18 of
2340 1864 35 20 the
2394 1864 86 19 disaster
2495 1865 20 16 at
2526 1862 41 19 this
2587 1861 56 25 place
2658 1867 38 13 was
2707 1862 34 17 the

2309 1890 77 24 finding
2397 1890 21 19 of
2428 1890 35 18 tho
2471 1889 53 25 body
2533 1888 21 19 of
2564 1893 12 14 a
2586 1894 67 18 young
2665 1888 76 18 mother

2310 1917 47 19 with
2369 1916 34 20 her
2419 1916 69 19 infant
2502 1914 80 25 clasped
2594 1917 21 15 to
2626 1914 35 19 her
2678 1914 62 19 heart.

2308 1944 40 18 Sho
2359 1942 38 20 had
2416 1942 102 24 evidently
2536 1940 112 25 attempted
2663 1943 21 16 to
2699 1940 42 24 fbe,

2310 1970 42 24 but,
2376 1968 93 26 together
2493 1968 47 19 with
2564 1966 33 20 her
2623 1967 59 24 child,
2704 1973 38 13 was

2308 1996 87 19 crushed
2407 1999 20 15 to
2438 1994 66 20 death.

2337 2024 27 18 At
2376 2023 104 22 Grassina,
2495 2028 12 12 a
2517 2020 77 19 suburb
2605 2020 21 19 of
2637 2020 102 22 Florence,

2309 2050 35 20 the
2362 2048 72 21 shocks
2450 2054 51 13 were
2519 2053 46 18 very
2589 2046 82 20 violent.
2698 2046 42 20 The

2309 2077 70 19 extent
2389 2075 22 19 of
2422 2074 34 20 the
2466 2074 57 20 earth
2535 2075 113 18 movement
2662 2079 45 19 may
2718 2073 22 19 be

2309 2102 78 17 lonrnprl
2414 2108 41 13 rOliQ
2471 2101 34 19 (,;,
2523 2100 44 19 fact
2581 2099 44 20 that
2645 2106 11 11 a
2671 2100 68 19 loaded

2309 2129 92 19 omuibus
2425 2133 41 14 was
2493 2126 129 20 overturned.
2663 2125 77 19 Twelve

2309 2156 99 19 residents
2432 2160 51 13 were
2500 2153 54 19 hurt.
2584 2153 17 18 A
2616 2152 84 19 number
2719 2152 21 18 of

2310 2188 82 18 persons
2416 2180 82 19 refused
2530 2182 21 16 to
2577 2180 88 17 re-enter
2688 2178 52 19 their

2310 2209 74 19 houses
2402 2206 74 25 during
2495 2206 34 19 the
2551 2204 63 26 night.
2643 2204 54 26 They
2712 2211 19 13 re-

2311 2235 77 20 mained
2402 2241 25 12 on
2444 2234 35 19 the
2496 2234 73 18 streets
2584 2232 31 18 till
2626 2230 54 20 after
2695 2231 34 25 day-

2310 2262 52 25 light
2372 2261 20 19 in
2404 2260 34 19 the
2449 2259 98 25 morning.

2337 2288 62 19 After
2410 2286 34 19 the
2459 2286 45 19 first
2514 2291 67 13 severe
2596 2283 71 20 shocks
2685 2284 55 20 there

2311 2321 51 14 were
2385 2313 95 25 repeated
2505 2311 73 26 lighter
2605 2317 53 13 ones.
2701 2311 39 19 The

2310 2342 79 19 seismic
2418 2339 140 20 disturbances
2584 2344 49 12 were
2659 2337 39 19 felt
2719 2340 19 17 at

2311 2369 72 22 Lucca,
2416 2366 119 22 Pontedera,
2564 2364 37 19 and
2639 2364 100 26 generally

2310 2394 126 25 throughout
2455 2392 99 24 Tuscany.
2582 2390 41 19 The
2638 2394 67 15 centre
2719 2391 21 18 of

2311 2422 33 19 tho
2356 2420 111 20 movement
2479 2425 38 12 wis
2528 2420 21 17 at
2562 2416 102 25 Florence,
2676 2416 64 20 where

2310 2448 32 19 for
2361 2453 57 18 many
2429 2452 57 19 years
2505 2444 86 24 nothing
2606 2443 75 19 similar
2705 2443 35 20 has

2310 2468 103 25 occurred!
2441 2471 81 20 Around
2532 2470 96 20 Florence
2634 2475 12 14 a
2656 2470 83 19 number

2310 2501 21 19 of
2351 2500 72 19 houses
2444 2505 51 12 were
2510 2496 111 25 destroyed,
2640 2496 39 19 and
2693 2496 46 19 four

2311 2533 83 19 persons
2405 2532 51 13 were
2472 2523 66 20 ki.lod.
2568 2522 45 20 Full
2624 2522 72 20 details
2707 2529 32 13 are

2311 2553 85 23 lacking,
2417 2552 36 19 but
2472 2551 17 18 it
2499 2557 17 12 n
2528 2549 85 20 believed
2629 2549 44 19 tbat
2690 2549 49 19 later

2310 2581 81 25 reports
2402 2579 51 19 from
2468 2578 34 19 the
2509 2577 85 22 country
2606 2575 83 19 nflbcled
2700 2576 38 18 will

2310 2608 52 18 show
2373 2605 45 20 that
2437 2605 56 19 there
2509 2604 35 18 has
2555 2602 48 19 been
2616 2609 10 12 a
2639 2602 89 20 consider-

2308 2634 46 19 able
2365 2632 83 20 number
2458 2631 21 19 of
2489 2630 48 19 lives
2547 2629 45 19 lost.

2336 2659 41 20 The
2391 2658 78 21 seismic
2488 2655 149 23 manifestation
2655 2660 39 14 was
2705 2655 33 19 the

2309 2688 50 17 most
2370 2684 77 21 violent
2458 2684 44 18 that
2513 2683 97 19 Florence
2622 2681 33 19 has
2666 2681 71 19 known

2308 2712 55 20 since
2382 2712 57 23 1445,
2458 2710 35 19 the
2507 2708 124 25 earthquake
2645 2707 21 21 of
2680 2709 57 22 1730,

2309 2738 62 20 which
2382 2745 16 12 is
2410 2736 102 21 historical
2522 2735 20 21 in
2554 2735 34 19 the
2595 2734 70 20 annals
2672 2735 22 19 of
2704 2735 34 19 the

2307 2766 48 25 city,
2366 2764 72 25 having
2449 2764 48 19 been
2508 2761 90 26 slighter.

2334 2792 41 19 The
2387 2792 70 24 people
2467 2789 21 21 of
2498 2789 34 19 the
2542 2788 42 25 city
2603 2794 34 13 are
2648 2788 53 19 awed
2712 2788 24 24 by

2308 2818 34 20 the
2361 2818 92 19 disaster.
2482 2815 83 21 Crowds
2585 2815 79 19 wander
2676 2815 59 19 about

2309 2846 33 19 the
2352 2846 79 22 streets,
2443 2844 52 19 their
2505 2841 46 25 only
2563 2841 54 28 topic
2628 2841 21 19 of
2657 2848 69 13 conver-

2307 2872 64 19 sation
2383 2870 60 26 being
2453 2870 33 20 the
2495 2867 67 21 shock.
2591 2867 118 26 Everybody
2720 2867 16 20 is

2306 2898 106 24 anxiously
2436 2895 95 26 awaiting
2556 2893 35 21 tho
2614 2893 78 26 coming
2715 2895 20 18 oi

2307 2925 64 25 night,
2395 2924 34 19 the
2447 2923 44 20 fear
2507 2921 60 24 being
2591 2921 81 24 general
2692 2920 44 20 that

2307 2959 52 12 more
2382 2950 76 27 quakes
2492 2948 39 20 will
2556 2947 75 20 follow.
2672 2947 63 24 Many

2307 2984 82 20 persons
2401 2978 47 18 have
2465 2974 117 22 abandoned
2598 2973 52 19 their
2661 2973 73 25 homes,

2305 3006 38 18 and
2355 3003 70 20 intend
2436 3006 19 16 to
2467 3010 45 19 pass
2526 3002 35 18 the
2571 3000 57 25 night
2639 3000 19 18 iu
2670 2999 65 25 places

2306 3031 64 20 where
2393 3030 56 20 there
2474 3029 40 20 will
2528 3028 24 20 be
2574 3034 25 12 no
2615 3026 75 25 danger
2714 3027 21 20 oi

2306 3058 101 24 buildings
2418 3057 73 24 falling
2502 3061 53 19 upon
2570 3053 59 20 them.

2331 3084 41 20 The
2393 3083 123 26 earthquake
2531 3086 39 14 was
2592 3079 42 21 also
2658 3079 37 20 felt
2715 3081 18 19 in

2306 3111 96 23 Moravia,
2435 3109 98 20 Southern
2565 3106 106 26 Hungary,
2695 3108 38 18 and

2305 3137 108 24 Dalmatia,
2429 3136 40 19 aud
2481 3135 42 20 also
2533 3136 21 17 at
2564 3133 96 23 Laibach,
2671 3133 64 20 where

2306 3164 69 25 hardly
2385 3170 12 12 a
2411 3163 37 25 day
2458 3168 42 14 now
2512 3166 66 19 passes
2599 3160 84 19 without
2698 3167 37 13 one

2305 3197 23 13 or
2351 3192 40 18 two
2406 3189 70 19 shocks
2501 3187 60 24 being
2579 3186 46 20 felt.
2653 3187 81 19 Serious

2305 3216 133 26 earthquakes
2450 3215 47 19 have
2508 3213 41 20 also
2562 3213 49 19 been
2621 3212 39 20 felt
2669 3213 21 19 in
2702 3214 33 20 the

2304 3243 73 19 lonian
2387 3242 87 20 Islands.

1107 40 57 22 Tnl
1180 40 57 21 HOT
1256 41 91 22 LVOS
1363 40 176 23 CHBONICLE,
1557 36 190 27 WEDNESDAY,
1778 37 75 21 JULY
1869 36 96 27 24,'1>95
1968 36 2 27 ]

2765 4034 73 19 Printed
2850 4042 33 11 una
2895 4039 90 20 published
3003 4040 27 16 for
3046 4041 30 16 the
3084 4042 85 21 proprieto

2765 4058 18 28 jit;
2799 4057 27 17 bis
2846 4059 94 19 registered
2945 4061 79 20 printing
3029 4062 49 17 office
3091 4063 78 18 Rotorua

2765 4077 22 21 by
2795 4078 59 18 Percy
2865 4080 57 17 James
2932 4082 99 21 Hajikokd,
3043 4084 19 16 of
3069 4084 85 18 Rotorua.

2806 4103 162 26 WEDNESDAY,
2978 4107 67 22 JULY,
3055 4110 27 21 %i,
3092 4110 41 21 180-5

164 106 202 57 VVA
388 103 410 61 IWERA
911 98 775 69 SANATORIUM,

881 166 121 36 AND

526 237 14 28 *
564 233 12 39 1
603 233 11 39 1

38 319 86 33 QiAy
153 319 44 27 30
230 319 96 25 miles
363 316 108 28 North
503 316 36 27 of
567 315 187 31 Auckland,
787 313 87 28 with
903 312 96 33 daily
1030 312 296 27 coniniunication
1356 310 86 28 with
1471 309 114 28 Coach
1618 316 39 20 or
1676 308 130 28 steame

368 358 52 20 See
435 357 167 21 advertised
611 356 178 22 Time-table
800 355 32 20 of
839 360 46 15 s.s.
900 355 80 19 Rose
989 354 99 26 C&sey
1098 353 59 20 and
1175 353 128 20 Butler's
1313 353 33 21 R.
1359 352 37 20 M.
1415 352 105 20 Coach.

37 396 103 28 OTHE
167 394 116 24 ABOVE
301 392 296 25 ESTABLISHMENT
608 392 137 24 STANDS
760 390 233 24 UNRIVALLED
1006 398 26 14 as
1050 397 15 15 a
1076 388 92 24 Health
1178 397 27 15 or
1218 388 110 32 pleasure
1342 388 97 27 Resort,
1452 387 48 23 and
1512 387 44 23 has
1568 385 89 33 special
1680 385 151 31 advantages

53 433 20 26 JJ
124 428 36 22 for
173 428 77 22 cither
274 426 112 24 Tourists
402 435 26 14 or
442 426 117 25 Invalids,

400 533 172 27 Beautiful
591 534 156 30 Scenery.
768 530 241 32 Sea-Bathing,
1037 529 158 33 Boating,
1214 528 152 37 Fishing,
1380 527 54 31 &c.

587 565 125 27 Cusine
726 565 68 26 and
808 564 207 28 attendance
1035 562 37 28 of
1092 563 59 27 the
1174 563 83 30 best.

41 609 94 23 Famed
146 608 37 24 for
196 608 29 23 its
242 608 93 23 urative
348 608 93 23 natural
456 607 103 25 medical
575 607 52 23 Hot
640 607 101 32 Springs
753 606 51 24 and
818 606 82 24 Baths.
936 606 37 23 As
987 605 40 23 the
1042 604 101 33 Springs
1156 605 48 23 and
1218 604 75 24 Baths
1306 611 41 15 are
1356 602 41 23 the
1410 606 116 27 property
1539 601 25 24 of
1577 600 41 24 the
1631 599 83 27 Hotel,
1729 597 98 25 visitors

72 650 41 15 are
122 641 112 31 supplied
245 640 57 25 with
312 641 105 25 Towels,
430 642 47 22 and
492 649 42 15 '-".n
544 641 57 23 take
611 649 29 14 an
654 640 126 23 unlimited
794 640 102 23 number
909 639 25 24 of
947 639 74 23 Baths
1033 644 25 17 at
1070 647 46 23 any
1129 639 59 23 time
1201 638 26 23 of
1236 637 41 23 the
1289 637 47 29 day
1351 635 77 26 FREE
1441 635 64 23 from
1518 642 46 23 any
1573 634 89 31 charge
1674 632 131 24 whatever.

274 682 224 40 TARIFF
517 682 122 39 PER
653 682 141 45 BAY,
816 683 54 37 8s
886 682 71 45 6&;
994 680 120 39 PER
1128 678 193 45 V/EEK,
1342 676 71 39 2
1464 676 92 38 10s.

451 737 160 33 Cottages
624 738 35 26 to
673 736 49 28 let
733 736 47 33 by
793 736 60 28 the
871 736 106 31 week,
991 734 131 32 month,
1138 741 40 20 or
1196 733 59 26 the
1274 736 125 23 season

43 780 49 24 For
110 788 46 23 any
170 780 156 24 information
342 788 10 14 r
378 779 75 33 p'red
468 778 80 33 please
562 778 73 32 apply
648 783 25 20 to
687 779 127 32 Manager.

598 821 59 40 A.
686 821 52 39 A.
767 820 204 41 SMITH,
1093 816 278 45 Proprietor.

179 1597 94 25 v&wold
281 1594 100 28 SPKCMiiL

199 1644 26 20 &

374 1702 27 15 <:

835 1743 63 34 m

675 1857 36 28 m

396 1866 179 37 Proprietors
579 1887 5 11 :
586 1890 14 5 -

396 1932 7 14 >
428 1914 139 39 HKTII
591 1917 88 36 1-PP

454 1993 168 34 cD/wmtf,
645 1995 141 30 scor/jm

48 2063 272 33 WHOLESALE
341 2064 184 37 AGENTS,

336 2106 49 39 L.
416 2106 52 39 D.
499 2107 87 39 HA
594 2108 175 39 THAN
796 2110 115 39 &Co.

50 2195 57 45 S
194 2206 75 34 jr?.i
278 2195 67 47 Cv
353 2198 45 42 X
405 2195 80 45 .A,
492 2195 72 45 !Xj

98 2323 191 46 Cutlery,
315 2323 255 36 Hardware,
588 2325 288 34 .masswares,

96 2403 84 22 .ennccly,
191 2402 79 18 Galatea
594 2402 24 12 -'

96 2431 9 14 :.
115 2426 78 21 Jordan,
205 2426 101 21 Tauranga
505 2420 137 33 variety)

96 2450 54 22 Dglis,
160 2448 100 18 Auckland
731 2460 11 4 -
782 2460 33 5 __
870 2461 11 4 _

96 2470 193 28 lavanagh.Waikatp
507 2469 116 25 )OOIiS
660 2471 87 23 aiiC'L
781 2464 23 32 I
820 2470 102 26 OFKS

187 2557 160 18 JUnWU*.
507 2559 84 38 fcter
621 2558 157 37 Disheg

50 2637 31 23 v
587 2614 156 34 Butter
762 2614 166 34 Knives

50 2642 431 70 Langham.
496 2642 150 66 k'ongs

154 2790 248 42 tPLENDID
452 2792 389 43 ASSQRT^EPIT,

253 2927 92 41 234,

414 2938 114 26 lueen

230 3276 521 48 BETWEEN

157 3387 269 54 Rotorua
461 3391 117 51 and

1092 913 223 28 OFFICIAL
1340 913 305 25 TESTIMONY.

1090 973 209 39 IFCHEiTS
1326 972 149 38 BLOOD
1499 971 242 39 RESTORER

955 1019 41 15 Won
1004 1018 39 22 high
1052 1021 71 17 honours
1130 1024 18 15 at
1156 1023 28 16 the
1191 1022 76 16 Colonial
1275 1021 91 16 Industrial
1374 1020 97 17 Exhibition
1482 1020 38 16 held
1529 1021 17 15 in
1555 1019 109 21 Wellington,
1673 1019 33 16 anil
1727 1024 10 11 n
1753 1018 26 16 the
1791 1017 46 16 officii

993 1042 56 17 report
1055 1043 89 14 submitted
1152 1043 17 14 to
1177 1042 27 15 the
1212 1042 113 15 Government
1336 1042 28 14 11m
1371 1040 87 20 following
1465 1040 83 16 reference
1556 1045 34 9 was
1597 1040 47 14 made
1652 1040 16 14 to
1676 1039 36 15 it.
1724 1046 11 4 -

1050 1061 20 16 A.
1082 1063 22 14 H.
1113 1062 87 19 Hitchens,
1204 1061 95 19 Auckland,
1308 1061 47 14 sends
1360 1066 10 9 a
1378 1060 53 18 small,
1438 1060 32 15 but
1477 1060 78 14 valuable
1562 1059 70 17 exhibit,
1640 1057 91 20 consisting
1745 1057 18 16 of
1776 1063 10 9 a
1793 1062 41 13 vogo

953 1080 44 15 table
1005 1081 91 18 compound
1104 1082 43 15 from
1155 1082 41 14 New
1204 1080 73 16 Zealand
1284 1080 53 19 herbs,
1343 1080 27 14 for
1375 1080 27 14 the
1410 1084 39 10 euro
1456 1080 17 14 of
1487 1079 110 18 Indigestion,
1611 1077 120 19 Rheumatism,
1748 1077 85 14 Rhcutnai'

953 1098 47 17 Gout
1009 1099 34 16 and
1049 1099 97 21 Impurities
1152 1101 18 15 of
1175 1101 29 16 the
1210 1100 60 18 Blood.
1292 1099 35 16 The
1331 1099 58 16 maker
1395 1098 34 17 and
1435 1097 83 17 exhibitor
1532 1099 57 14 claims
1603 1097 27 17 for
1646 1097 33 16 this
1689 1096 81 17 medicine
1781 1100 56 12 severa

953 1118 89 20 important
1050 1120 82 20 qualities,
1140 1121 33 15 u:id
1183 1121 28 15 lias
1218 1120 60 19 gained
1285 1119 28 15 the
1324 1118 36 17 first
1367 1118 47 15 order
1421 1118 18 15 of
1450 1117 48 15 merit
1505 1118 44 15 from
1558 1118 28 14 the
1597 1117 64 20 judges.
1689 1117 36 15 The
1739 1115 98 20 preparation

953 1137 13 15 is
974 1140 29 14 not
1010 1139 18 15 to
1036 1139 20 15 be
1063 1139 104 17 confounded
1176 1139 38 17 with
1222 1139 78 19 ordinary
1308 1137 54 21 quack
1370 1137 94 19 medicine's,
1471 1137 87 16 inasmuch
1564 1142 19 9 as
1590 1137 13 14 it
1616 1137 14 14 is
1644 1137 28 14 the
1678 1136 72 19 product
1763 1136 18 14 of
1795 1140 42 14 man;

953 1162 47 14 years
1008 1158 18 14 of
1036 1159 51 20 study
1095 1160 32 15 and
1135 1159 116 18 investigation
1257 1159 22 18 by
1287 1164 21 9 an
1315 1158 73 15 eminent
1395 1157 84 19 physician
1487 1157 18 14 of
1510 1157 28 14 tho
1546 1158 52 17 Army
1605 1155 71 15 Medical
1687 1155 48 19 Staff,
1741 1154 41 16 with
1790 1155 47 15 whon

953 1177 28 15 the
990 1177 82 16 exhibitor
1078 1179 58 15 .served
1143 1179 61 18 during
1211 1178 29 16 the
1252 1177 42 15 New
1301 1176 71 16 Zealand
1383 1181 36 11 war
1431 1181 18 10 as
1463 1176 78 16 assistant
1552 1176 88 19 Dispenser
1648 1176 17 15 to
1684 1176 27 14 tho
1725 1174 112 16 NowZealani

953 1196 64 17 Forces.
1039 1198 27 14 Mr
1073 1198 82 17 Hitchens
1162 1198 75 19 explains
1245 1197 38 15 that
1290 1197 28 15 the
1325 1201 46 10 cures
1379 1197 17 14 of
1404 1195 120 19 Rheumatism,
1532 1196 31 16 etc,
1572 1194 68 17 effected
1648 1195 21 19 by
1683 1194 26 16 his
1720 1194 86 17 medicine,
1818 1197 17 12 ar

953 1216 32 15 due
991 1217 70 20 entirely
1067 1221 18 12 to
1093 1218 20 14 its
1121 1217 92 16 wonderful
1220 1217 49 15 ell'ect
1276 1221 44 14 upon
1328 1216 27 14 the
1363 1216 48 14 blood
1424 1216 22 18 by
1460 1215 22 15 its
1489 1215 90 19 cleansing,
1587 1213 91 22 purifying,
1691 1214 33 15 and
1734 1213 103 19 invigoratiii;

953 1240 60 11 power-
1036 1237 16 14 It
1063 1237 67 14 ismade
1138 1238 42 13 from
1189 1237 41 14 New
1238 1236 72 15 Zealand
1320 1235 48 15 herbs
1374 1235 33 15 and

1191 1281 222 26 NOTABLE
1448 1281 162 25 CURES.

954 1314 91 21 Mention
1055 1315 17 20 is
1081 1315 59 20 made
1150 1316 21 19 of
1181 1315 34 20 the
1225 1314 105 26 following
1337 1320 22 13 as
1370 1321 12 12 a
1390 1314 39 19 few
1437 1314 21 19 of
1466 1314 34 19 the
1509 1313 109 19 multitude
1629 1312 21 20 of
1659 1319 57 12 euros
1726 1311 91 20 eilectod:

973 1347 136 21 Sciatica(Japt
1133 1349 92 20 Farquhar,
1234 1354 14 11 a.
1255 1354 14 10 s.
1290 1347 100 17 'Clansman'
1410 1359 8 10 B
1418 1354 40 15 tant
1465 1352 179 22 Dysentery,'caused
1654 1352 25 21 by
1686 1350 81 21 workiug
1774 1350 18 17 in
1811 1350 33 16 bad

954 1367 87 17 Auckland
1048 1369 54 15 who.se
1109 1375 35 9 case
1151 1374 34 11 was
1190 1368 96 17 considered
1292 1368 18 16 to
1316 1368 19 14 be
1342 1368 49 19 hope-
1411 1375 25 15 air
1445 1367 3 23 ,
1450 1375 28 15 ind
1485 1377 32 13 wct
1526 1379 17 11 m
1544 1374 5 16 i
1550 1379 31 11 nea
1589 1376 19 13 at
1613 1376 7 13 t
1621 1374 5 14 ]
1627 1379 15 10 lo
1648 1372 119 18 ThamesD.
1784 1371 59 18 Elkin,

976 1398 18 17 ~',
1104 1408 22 5 ...
1147 1409 14 6 _,
1182 1393 2 22 ,
1209 1408 11 3 _
1248 1393 2 22 .
1275 1407 9 8 T
1340 1408 5 7 ,
1432 1395 174 18 RheumatismMr
1613 1394 123 21 JamesPook,
1745 1393 99 17 Auckland.

976 1406 277 21 BbeumatJsmofthoFeet-Oapt
1274 1408 58 15 James
1332 1408 59 15 Avo-
1432 1416 98 18 oanoerong
1556 1416 52 18 uloer
1629 1416 17 16 in
1666 1416 45 16 Filce
1712 1415 50 16 _.Ur
1780 1415 27 16 W.
1825 1414 18 16 C.

954 1429 42 15 dale,
1004 1429 90 14 .i!!i:k!ajid
1108 1429 15 15 li
1133 1433 48 13 years
1189 1429 83 17 standing.
1411 1439 21 7 ~r
1446 1439 10 7 ~
1505 1429 4 17 .
1540 1429 3 17 ,
1551 1438 5 6 ,
1587 1429 4 17 ,

975 1446 99 17 Kheumuik
1081 1447 53 20 Gout,
1141 1452 18 11 so
1164 1448 36 15 bad
1206 1448 38 15 that
1250 1439 30 23 t&e
1284 1446 69 21 patient
1359 1445 33 17 had
1413 1438 76 20 Walker,
1498 1438 101 17 Auckland.

954 1465 37 15 obe
998 1465 48 17 lifted
1054 1466 16 16 in
1079 1471 71 11 amu
1157 1467 19 15 of
1183 1467 80 15 bed-Mr
1272 1467 26 15 \V.
1316 1466 74 18 Hunter,
1432 1460 104 16 Rhturaatio
1556 1459 97 16 Gout-Mr
1672 1458 85 16 Edwards
1770 1458 68 16 Waters

955 1486 74 16 Onnond
1037 1486 71 16 I'oveiiv
1120 1488 42 18 Bay.
1411 1482 126 19 Coufcctiuuor,
1554 1481 94 18 Auckland;
1658 1481 28 15 Mr
1692 1481 100 15 Alexander
1803 1481 41 14 Liar-

978 1504 102 18 Rheumatio
1088 1507 106 16 Fover--Mr
1300 1505 92 17 Britannia
1410 1505 39 17 rctt,
1460 1503 59 19 Queen
1536 1503 62 18 Street,
1615 1502 90 16 Auckland
1716 1500 3 23 ;
1735 1501 29 16 Mr
1782 1500 22 17 E.
1821 1500 23 16 D.

956 1524 74 24 Height,
1046 1527 71 18 Nelson.
1411 1524 91 19 Halstcad,
1511 1524 105 21 Veterinary
1625 1524 84 19 Suigeon,
1724 1522 99 16 Auckland.

978 1548 103 16 Rheumatic
1097 1550 53 20 Gout,
1167 1550 76 21 Dropsy,
1264 1550 59 20 Ague,
1339 1548 53 17 Liver
1421 1546 120 16 Rheumutism
1550 1546 18 15 in
1574 1545 30 16 the
1610 1545 58 16 Kueos
1674 1543 87 21 andFcct,
1770 1543 74 21 brought

956 1569 102 21 Compluinr,,
1070 1571 34 17 and
1112 1572 82 16 Stomach
1212 1572 69 20 Cough,
1298 1573 45 14 most
1354 1571 35 16 dirt-
1410 1574 21 10 ou
1441 1568 21 21 by
1474 1567 78 21 working
1561 1567 17 16 in
1589 1566 103 17 waterMr
1705 1566 86 16 Matthew
1808 1566 36 15 Box

957 1592 125 20 tress.'ugMr
1099 1592 78 23 Waugh,
1196 1593 84 22 Bombay,
1303 1592 87 19 Wailcato;
1410 1590 80 16 Thuincs.

956 1613 51 20 given
1016 1618 28 16 up,
1055 1618 22 11 no
1086 1614 44 16 hooe
1138 1615 40 15 held
1188 1617 36 19 out,
1235 1613 131 18 recommended
1375 1616 16 14 to
1432 1610 129 20 Rheumatism,
1571 1610 73 21 causing
1656 1609 67 18 intonso
1731 1613 48 17 pain,
1789 1608 55 17 which

956 1639 22 16 go
987 1635 49 17 borne
1044 1636 33 16 and
1088 1637 35 16 die.
1410 1633 94 22 prevented
1512 1633 30 15 th
1550 1632 67 22 patient
1626 1633 43 15 from
1679 1632 51 19 being
1738 1635 39 13 ever
1783 1629 61 18 turned

982 1656 125 19 [iifUmaiation
1124 1658 18 17 of
1156 1658 29 17 the
1201 1658 52 17 Liver
1273 1658 34 17 and
1323 1656 69 18 Gastric
1410 1661 17 10 in
1437 1655 33 17 bed
1478 1654 43 16 -Mr
1529 1653 58 17 David
1597 1654 61 21 Barry,
1669 1653 80 17 Newton.

955 1677 50 18 Juice
1012 1679 17 16 of
1039 1679 27 16 the
1079 1680 134 17 StomachMr
1227 1680 77 18 Thomas
1321 1679 69 22 Maelty,
1432 1677 73 16 Chronic
1514 1676 118 21 Dysentery
1637 1676 28 16 Mr
1674 1677 22 16 A.
1705 1674 82 22 Bettany,
1798 1674 45 16 Pon-

956 1699 96 23 Merehant,
1062 1702 93 17 Auckland

1432 1697 31 21 by
1472 1698 56 18 Road,
1545 1698 96 16 Auckland.

978 1721 60 22 Lupus
1044 1724 17 14 of
1069 1724 27 15 tiie
1103 1722 45 18 Face
1153 1724 46 17 Mr
1206 1723 83 21 Di.kson,
1299 1722 92 18 Auckland
1432 1720 75 16 Chronic
1523 1719 121 16 Rheumatism
1664 1719 18 16 in
1702 1718 29 17 tho
1741 1718 54 20 spine,
1808 1717 36 19 hip.

978 1743 104 17 Rheumatic
1091 1745 100 17 GoutMr
1211 1747 101 19 Blackmau,
1328 1743 62 18 'Even-
1411 1743 47 19 knee,
1466 1742 60 20 joints,
1541 1741 34 16 calf
1583 1740 20 17 of
1611 1741 30 16 the
1655 1740 33 20 leg.
1773 1740 3 26 .

996 1764 44 18 Star'
1049 1766 54 20 office,
1116 1768 100 16 Auckland.
1410 1764 80 19 Morgan.
1500 1762 63 16 Mount
1571 1762 50 16 Eden
1631 1762 35 15 P'~
1792 1776 13 10 *-
1830 1778 6 8 *

985 1787 15 9 ji
1018 1777 4 19 .
1060 1788 11 8 ,
1099 1777 4 19 '
1116 1777 57 14 "">'"'
1176 1777 7 6 p
1183 1777 2 19 -
1188 1777 22 7 uli
1213 1777 3 19 -
1413 1777 102 19 ui.Sm.Hn
1523 1783 47 13 Onni
1635 1777 3 19 >
1648 1777 77 16 confined
1734 1777 28 15 the
1770 1778 67 18 patient

978 1787 121 17 xtheuoiatisra
1108 1788 17 17 of
1142 1789 20 17 23
1183 1789 55 20 years'
1256 1787 136 22 standingMr
1410 1787 106 15 Kheumatio
1523 1787 64 22 Wout.'
1725 1798 104 11 nji,,;,i.,

956 1807 78 18 Will'am
1042 1808 85 23 MoEvoy,
1137 1811 38 16 Pitt
1182 1812 80 17 Terrace.
1270 1809 99 17 Auckland.
1411 1809 17 13 to
1437 1806 26 16 his
1472 1806 32 16 bed
1657 1798 21 17 T.
1688 1798 17 17 J.
1723 1798 113 20 Bainbridge,

956 1830 100 38 ySSStL
1260 1832 24 16 X-
1291 1831 56 17 Mcm
1350 1831 40 20 ''>
1615 1842 34 15 and
1669 1841 116 21 Indigestion,
1803 1841 34 15 and

1070 1858 16 15 o,
1095 1857 99 14 AuoKfana.
1392 1863 92 19 .inability
1492 1864 18 16 to
1519 1863 44 19 keep
1568 1863 87 19 anything
1669 1869 21 10 on
1700 1863 30 16 the
1738 1863 98 16 stomach

978 1875 85 17 .Liuubugr
1076 1875 53 16 Mrs
1142 1876 50 16 Murv
1201 1876 59 16 Knox.
1271 1875 72 17 Rukeby
1358 1875 11 14 S
1371 1877 5 8 f
1378 1875 2 17 -
1403 1886 19 6 ,
1439 1886 5 6 ~
1473 1875 8 9 J
1488 1875 15 17 ,,
1513 1885 13 7 ~
1551 1875 11 9 r
1585 1880 17 10 >%
1615 1875 4 17 ,
1653 1884 12 8 n
1711 1885 5 4 .
1745 1884 16 8 ~
1792 1875 4 17 ,

1041 1884 4 23 1
1255 1888 5 8 '
1333 1884 8 11 '
1403 1886 27 15 Mr
1439 1884 65 17 Gerald
1513 1885 61 20 Grace,
1585 1884 113 21 JvyberPass,
1706 1884 97 16 Auckland.

977 1917 10 6 o
1014 1905 14 17 ',.
1049 1903 4 22 '
1074 1917 18 5 ,
1124 1919 5 6 r
1204 1903 3 22 .
1220 1903 3 22 ,
1251 1919 14 3 _
1290 1919 13 6 ~
1319 1911 58 14 street
1437 1907 75 16 Sciatica
1512 1906 51 16 Mr
1578 1907 47 15 John
1641 1905 50 17 Ross.
1707 1905 52 16 Duke
1774 1906 62 16 Street.
1843 1903 1 22 I

1146 1918 39 18 Ren
1218 1920 13 16 k
1251 1919 18 17 D
1270 1924 17 6 ~
1378 1916 4 38 '
1403 1928 99 16 Auckland.

977 1959 120 18 Rheumatism
1105 1962 18 16 of
1131 1963 20 15 -0
1161 1968 38 13 yen-
1226 1955 83 19 standing
1328 1952 55 18 which
1425 1950 96 20 Discharge
1526 1950 19 15 of
1553 1950 54 16 Blood
1616 1951 44 14 from
1667 1949 29 16 the
1702 1948 136 21 Bowels-Capt

956 1980 76 16 brought
1039 1987 23 9 on
1069 1983 74 13 Asthma
1151 1989 9 7 u
1166 1983 11 9 a
1183 1975 123 21 DropsyMr
1312 1973 71 19 Samuel
1402 1972 20 15 T.
1432 1972 92 18 Aldndge.

957 1985 75 16 orougnt
1040 1987 20 11 on
1070 1985 18 14 &,
1088 1985 54 15 jtnma
1161 1999 62 15 ukhind
1222 1985 5 12 l
1243 1985 8 12 *
1424 1992 53 17 Gieat
1485 1992 78 21 Debility
1571 1993 35 16 and
1611 1992 86 20 Breeding
1705 1993 19 15 at
1732 1991 30 17 the
1770 1991 68 16 Nose-

1180 2019 66 22 Lewis,
1255 2018 63 20 Queen
1326 2017 58 18 Street
1402 2014 29 16 Mr
1437 2013 77 17 Thomas
1520 2013 84 22 PelUcan,
1620 2013 99 22 Ponsonby.

955 2044 75 17 Auokli't
1041 2036 4 25 i
1424 2036 97 20 Neuralgia
1528 2036 36 16 and
1571 2036 82 17 Nervous
1660 2036 141 20 DebilityMrs
1813 2036 24 14 H.

975 2065 64 18 Ss'iti"
1050 2060 34 17 and
1091 2060 146 24 LumbagoMr
1246 2062 51 17 Ohes.
1309 2063 73 20 Honey-
1404 2057 63 20 Waile,
1477 2057 99 16 Auckland,

994 2087 18 15 u,
1020 2082 99 20 Auckland.
1424 2078 52 16 After
1483 2078 60 16 effects
1559 2079 18 16 of
1584 2079 104 16 Rheumatic
1706 2078 60 19 Fever,
1783 2078 4 24 l

986 2104 91 17 :aeumatic
1096 2104 98 18 GoutMr
1210 2106 55 16 E'.lict
1291 2106 85 16 McGuirc
1403 2100 15 14 '"
1421 2099 4 23 f
1428 2102 6 14 t
1444 2100 29 14 tho
1481 2100 68 20 patient
1558 2100 128 21 helplessMr
1694 2100 47 16 John
1752 2099 24 15 TH.
1785 2099 54 15 Jones

954 2117 97 30 retractor,
1062 2126 100 17 Auckland.
1378 2117 4 30 '
1403 2121 99 17 Auckland.

967 2144 72 19 Chronic
1060 2146 174 18 RheumatismMr
1254 2149 70 16 Bono'd
1345 2148 37 16 Mc-
1424 2143 70 20 Kidney
1503 2143 73 16 Disease
1585 2143 33 16 and
1626 2143 91 20 Lumbago
1730 2142 17 17 of
1756 2143 20 15 iO
1782 2143 55 20 years'

946 2165 72 22 Donc'd,
1028 2168 89 17 Rolleston
1131 2170 61 19 Street,
1206 2171 81 16 Thames.
1403 2164 135 20 standingMr
1549 2165 79 17 William
1636 2165 57 20 Trice,
1723 2164 64 21 Itplar
1800 2163 32 16 Fm

966 2187 113 23 Indigestion,
1095 2191 73 16 General
1185 2192 51 16 Debi'
1239 2185 4 28 :
1246 2194 24 19 ty,
1288 2192 34 16 and
1337 2192 45 16 Con-
1403 2191 41 11 near
1453 2185 80 18 Howick.

943 2222 65 21 These
1017 2229 57 14 cures
1084 2230 34 14 are
1124 2224 28 20 all
1164 2225 86 19 attested
1260 2225 29 25 by
1298 2225 94 19 testimor
1396 2224 5 11 :
1404 2230 11 13 a
1416 2224 6 13 I
1425 2230 15 18 s,
1450 2223 66 20 winch
1525 2223 35 20 tho
1575 2224 152 19 manufacturer
1736 2222 43 25 has,
1791 2222 49 19 with

1182 2251 22 19 la
1220 2251 67 20 idreds
1298 2251 21 19 of
1329 2251 74 23 others,
1414 2250 59 19 inl-'s
1483 2250 120 25 possession.

1030 2302 40 17 Sold
1082 2303 22 21 by
1117 2302 22 17 all
1145 2305 63 19 respeo'
1218 2304 33 15 ible
1263 2304 86 15 Chemists
1356 2302 1 22 i

1050 2328 27 19 H.
1088 2329 24 18 A.
1124 2328 27 20 11.
1164 2328 154 25 HITOHENS,
1331 2331 23 16 30
1379 2328 124 21 Shobtiakd
1514 2329 87 24 Street,
1612 2328 121 20 Aucbxakd.

955 2432 13 16 A
982 2431 78 16 DVICK.
1082 2431 152 15 I'EUKONALLV
1254 2432 30 15 Oit
1298 2432 30 15 IJV
1356 2431 27 15 ET

943 2451 36 14 XJL
1123 2451 51 20 li'B,
1187 2451 63 16 FREE.

963 2490 38 15 DR.
1018 2490 10 14 >
1036 2490 38 15 JUL.
1085 2490 30 15 has
1132 2490 75 21 pleasure
1223 2491 16 15 in
1255 2490 91 19 informing
1360 2490 23 15 his

943 2511 73 19 patrons
1024 2511 33 14 and
1065 2511 29 14 the
1103 2511 56 18 public
1166 2511 37 14 that
1214 2511 20 15 he
1242 2511 29 14 has
1282 2511 67 15 iccurcd
1356 2512 27 13 ttic

943 2534 72 11 scr\.ce3
1022 2530 17 15 of
1050 2534 10 10 a
1066 2532 93 17 competent
1167 2535 79 15 manager
1256 2531 27 14 for
1295 2531 24 14 his
1330 2530 43 15 Auck-

945 2549 40 15 land
1004 2549 80 19 business,
1102 2550 54 15 whose
1174 2550 70 16 medical
1262 2550 74 20 training
1353 2549 30 15 and

947 2569 21 15 ho
977 2570 42 18 pital
1034 2569 95 19 experience
1141 2570 67 15 enables
1225 2570 34 15 him
1277 2571 18 14 to
1305 2569 37 20 give
1358 2570 26 14 the

947 2588 16 15 b;
977 2591 6 12 t
990 2588 58 16 advice
1055 2588 27 16 for
1089 2589 28 14 the
1128 2591 89 14 treatment
1223 2590 19 14 of
1249 2589 76 16 dieeease.

968 2608 63 16 BALM
1050 2607 29 17 OP
1097 2608 148 16 GILEAD.The
1260 2610 74 18 greatest
1345 2609 38 15 Cold

947 2632 49 11 curer
1013 2628 17 15 of
1041 2627 26 15 the
1079 2627 40 19 ago;
1138 2628 29 15 has
1182 2629 48 14 cured
1248 2629 45 14 colds
1311 2629 18 14 of
1343 2629 40 14 from

947 2652 49 10 scveu
1004 2649 18 13 to
1029 2649 28 14 ten
1068 2652 48 15 years
1233 2648 54 19 Price,
1298 2648 18 15 2s
1326 2648 21 15 lid
1357 2652 26 15 pel

947 2667 58 16 bottlo.

967 2686 63 17 LUNG
1045 2686 91 16 BALSAM
1208 2692 39 10 cure
1265 2687 118 19 Consumption

947 2706 16 15 in
971 2706 22 16 its
1002 2707 44 19 early
1055 2711 18 10 or
1084 2707 60 14 middle
1155 2709 60 16 stages.
1237 2707 47 16 Miss
1295 2707 88 19 Russell,

947 2726 76 15 Wuo'leu
1041 2726 50 18 Mills,
1110 2726 98 19 Unehunga,
1227 2727 64 19 speaks:
1351 2731 32 10 was

946 2750 51 15 gsveu
1006 2749 21 16 up
1035 2746 21 19 by
1063 2747 32 14 two
1109 2746 64 15 doctors
1189 2746 55 15 del'oro
1260 2747 9 14 1
1280 2747 103 14 coimneuced

947 2765 58 20 la'iing
1018 2770 42 15 your
1076 2766 48 18 Lung
1144 2766 72 18 Balsam,
1236 2766 33 14 and
1293 2767 9 13 1
1319 2766 64 16 declare

947 2784 71 17 without
1029 2789 28 15 an}
1058 2784 4 21 -
1072 2785 120 20 exaggeration
1204 2785 37 16 that
1259 2785 13 15 it
1290 2786 50 14 saved
1356 2790 27 15 my

946 2805 36 15 life.
1003 2805 38 19 Any
1062 2805 68 15 sufferer
1141 2805 59 15 thould
1211 2805 120 16 communicate
1343 2806 40 14 witn

1013 2824 48 16 Price
1068 2824 18 17 2s
1093 2824 21 16 6d
1119 2829 30 15 per
1154 2824 59 20 bottle;
1231 2825 32 16 five
1274 2824 27 17 for
1310 2825 33 16 10s.

968 2851 25 16 CA
998 2850 72 16 SCAUA
1088 2851 32 15 Bl'J
1128 2850 111 17 PEESThe
1250 2851 39 19 only
1299 2851 36 15 real
1345 2856 38 13 euro

947 2871 26 15 for
991 2869 104 21 cosliveness,
1113 2871 109 18 Indigestion,
1239 2871 91 15 Headache
1350 2874 33 13 and

947 2889 101 20 Flatulence,
1060 2890 67 19 making
1142 2895 10 9 a
1169 2890 86 16 miserable
1274 2890 28 15 lite
1321 2890 61 21 happy:

947 2910 36 15 we.'!
995 2911 59 14 named
1066 2909 20 19 by
1098 2909 45 16 those
1154 2909 37 15 who
1202 2909 42 15 have
1255 2910 41 15 used
1307 2910 14 15 it
1331 2912 52 15 "I'iie

947 2930 109 15 Sui'l'eeku's
1069 2932 25 12 IT
1179 2930 46 14 Price
1233 2930 18 14 2s
1258 2930 21 14 Gd
1287 2934 29 14 per
1323 2930 59 17 bottle-

967 2950 66 15 L.id.i:s
1062 2949 130 16 Complexions
1220 2949 89 15 beautified
1335 2951 48 15 made

947 2969 52 18 clean,
1007 2969 69 20 pimples
1087 2970 32 13 and
1131 2969 73 15 blotches
1215 2969 77 14 removed
1303 2969 21 19 by
1336 2970 47 19 using

947 2994 31 10 our
989 2986 69 19 LtVL'it
1068 2989 75 17 XO.NIG,
1154 2988 54 15 which
1219 2989 14 15 is
1244 2988 33 15 also
1295 2989 28 15 the
1341 2994 42 11 most

947 3009 89 15 successful
1044 3012 39 12 cure
1089 3007 28 16 for
1122 3008 102 16 Biliousness
1235 3008 32 14 aud
1278 3008 23 15 all
1312 3009 71 16 diseases

947 3028 18 16 of
974 3029 29 14 the
1011 3029 45 14 ''vcr.
1078 3027 47 16 Pilce
1131 3029 9 13 2
1154 3027 21 15 (id
1181 3033 30 13 per
1218 3028 58 17 to.tie;
1283 3029 32 15 live
1323 3029 26 15 for
1356 3030 27 15 10s

968 3048 63 16 IRISH
1049 3048 57 15 MOSS
1123 3048 48 14 /\D
1193 3047 46 16 COD
1256 3046 71 18 LIVEK
1345 3050 37 15 OIL

948 3067 115 17 EMULSION
1067 3067 54 16 The
1129 3067 16 15 br
1152 3069 12 13 -it
1170 3067 33 14 and
1209 3067 82 19 Cheapest
1297 3069 85 16 Emulsion

947 3090 17 14 in
973 3088 27 14 the
1009 3087 70 18 market;
1088 3092 9 10 a
1111 3086 60 20 spec'il
1185 3091 38 11 euro
1239 3088 26 13 lor
1272 3088 71 19 wasting
1350 3089 32 15 aud

951 3108 80 15 debilitv.
1053 3107 47 15 Price
1108 3109 17 12 2s
1135 3111 30 15 per
1175 3106 58 16 bottle.

970 3128 32 15 DK
1115 3127 48 15 Welh
1283 3126 42 16 East
1352 3128 30 20 (tw

950 3148 50 15 doors
1009 3147 53 15 above
1069 3146 52 16 SJ'lne
1129 3145 142 21 BndChoyce's,is
1279 3147 103 20 tbocheapos

950 3167 51 15 house
1007 3168 17 14 to
1029 3167 32 19 buy
1065 3166 63 16 latent
1133 3166 33 14 and
1171 3165 119 21 Homeopath'o
1294 3166 89 18 Medicines

951 3187 55 15 Toibt
1024 3186 46 15 Uoor
1072 3185 4 20 :
1079 3186 39 15 sites
1139 3186 33 14 and
1193 3185 91 20 Diuggists
1305 3187 77 16 Sundries

947 3206 9 7 T
956 3206 46 16 lcrbs
1009 3206 33 14 and
1049 3205 63 16 Herbal
1120 3205 124 21 Preparations.

1083 3238 85 14 ADVICE
1184 3238 60 14 FREE

313 3665 348 29 THURHNCK

47 3698 80 41 Smith
156 3698 48 40 and
223 3697 113 50 Carriage
358 3699 104 47 Works,
493 3700 81 40 Coacli
600 3701 49 39 and
680 3700 108 52 Waggon
823 3702 103 51 Factory

249 3761 217 33 ESTABLISHED
477 3762 80 20 OVER
574 3763 26 20 10
616 3762 105 22 YEARS.

42 3810 5 11 s
64 3807 36 17 The
109 3808 114 20 undersigned
232 3814 29 11 arc
269 3808 138 17 manufacturers
416 3808 17 16 of
441 3809 22 16 all
473 3810 61 17 classes
542 3810 18 17 of
569 3810 80 17 Vehiolps
657 3810 14 16 &
680 3810 118 21 Agricultural
807 3811 34 21 Im]
849 3812 76 17 laments.

65 3829 37 16 Our
109 3829 111 17 well-known
227 3830 99 21 reputation
334 3834 20 12 as
360 3829 85 18 Practical
460 3830 101 18 Moohauioa
576 3832 33 15 and
624 3831 59 17 W.P's
694 3833 21 16 27
730 3838 50 14 years
791 3833 100 20 experience
910 3834 16 15 in

43 3850 31 17 the
82 3850 116 17 Australasian
206 3850 85 21 Colonies,
299 3851 64 22 justify
371 3856 20 11 us
399 3851 17 16 in
433 3851 82 22 claiming
526 3854 39 15 that
581 3858 24 11 wo
622 3858 30 11 c.mi
668 3853 68 16 furnish
751 3859 10 10 a
777 3854 55 15 better
847 3854 44 15 class
910 3855 16 15 of

44 3871 79 19 vehicles,
132 3872 92 16 consistent
233 3873 42 15 with
282 3873 61 15 honest
351 3872 47 17 work
407 3874 19 14 at
433 3878 10 10 a
452 3873 72 21 cheaper
536 3876 36 15 rate
580 3874 41 16 than
631 3879 33 15 any
673 3876 16 14 oi
699 3880 32 10 our
739 3876 115 19 competitors.

65 3892 37 17 The
109 3892 59 16 Public
177 3894 34 15 will
223 3894 35 15 fmd
267 3895 15 14 it
292 3895 17 15 to
323 3894 45 15 their
383 3894 99 20 advantage
497 3895 18 15 to
530 3894 148 18 ENCOTJBAtJE
697 3896 80 16 LOCAL
796 3896 129 20 INDUSTRY,

43 3914 57 16 where
111 3913 40 21 they
163 3919 32 12 can
202 3914 45 17 have
252 3915 30 17 the
287 3915 79 21 pleasure
372 3915 20 17 tf
398 3915 60 22 seeing
473 3915 90 18 first-class
578 3917 78 15 material
670 3918 33 15 tmi
719 3918 127 21 workmanship
861 3919 33 20 put
909 3918 16 16 in

42 3935 79 17 Vehic'ci
129 3935 47 16 made
184 3938 18 13 to
210 3936 45 17 their
261 3937 61 15 valued
330 3937 64 16 orders.

63 3956 46 19 N.B.
111 3956 101 18 Vehicles
220 3958 18 15 of
243 3958 24 16 all
276 3958 114 21 descriptions
401 3959 85 20 repaired,
497 3959 77 21 painted,
584 3960 94 16 renovated
687 3960 33 16 and
731 3960 48 16 made
795 3962 16 15 to
826 3961 39 16 look
882 3967 43 15 cqua

42 3979 19 15 to
69 3983 44 11 now.

43 4025 200 28 WILLIAM
262 4027 183 32 PARKER,
467 4029 256 32 Coachbuilder.

397 4066 138 27 JAMES
556 4066 133 33 EAUA,
711 4066 213 30 Blacksmith

291 4099 148 19 PKVONPORT
455 4099 73 21 ROAD,
544 4099 145 17 TAUKANGV

1874 3789 40 19 The
1935 3794 83 14 Kiisian
2030 3789 72 19 Courts
2117 3789 49 18 have
2185 3791 91 17 rover?or;

1848 3814 34 20 the
1891 3815 124 25 assumption
2024 3815 22 18 of
2053 3817 33 16 tno
2097 3815 106 19 American
2215 3816 51 20 tribu-

1847 3840 44 21 nals
1910 3841 44 19 that,
1964 3841 55 19 when
2039 3847 10 13 n
2065 3840 92 20 husband
2177 3842 37 19 and
2231 3843 45 19 wife

1847 3873 33 13 are
1891 3868 91 18 (Irnwiiod
1995 3868 19 18 in
2029 3866 35 20 the
2072 3873 54 14 same
2145 3868 88 20 disaster
2243 3869 33 19 the

1848 3893 45 20 wife
1903 3894 40 19 dies
1959 3894 49 18 first.
2036 3892 41 20 The
2087 3893 88 20 Russian
2196 3895 80 20 doctors

1846 3920 50 19 have
1915 3919 84 19 testib'ed
2022 3919 142 24 unanimously
2183 3921 46 19 that
2243 3921 33 20 the

1847 3953 44 12 man
1903 3946 63 18 would
1977 3945 24 19 be
2011 3945 33 18 the
2055 3944 45 21 Srst
2110 3948 21 17 to
2142 3947 38 23 die,
2190 3948 86 19 boeause

1846 3972 33 19 the
1899 3978 73 13 woman
1985 3971 16 20 is
2012 3978 52 13 more
2078 3972 58 25 agile,
2156 3974 37 19 and
2214 3974 61 26 keeps

1846 3998 75 19 herself
1931 3998 69 21 longer
2010 3998 62 19 above
2083 4000 62 19 water

1951 4057 23 11 on
2070 4054 58 19 Q'.ears
2141 4057 30 14 out.
2178 4056 40 19 rats,
2232 4061 42 10 nrco

1845 4073 62 18 ouches,
1919 4073 39 18 flies,
1971 4073 42 18 auts,
2028 4073 88 21 bad-bugs,
2129 4075 65 19 iusocts,
2217 4075 54 16 stunk

1976 4096 85 16 sparrows,
2074 4094 76 19 gophers.
2171 4095 97 17 Atchamitt

1845 4112 32 15 iiud
1893 4111 82 20 druggists

2330 3300 55 19 Near
2408 3299 106 19 Blenheim
2533 3299 36 19 the
2585 3299 58 19 other
2665 3300 38 25 day
2723 3307 9 12 a

2303 3333 74 13 woman
2402 3332 40 12 was
2465 3326 54 19 lined
2533 3326 33 19 for
2590 3326 86 25 keeping
2700 3327 32 19 her

2302 3353 90 20 children
2415 3351 53 20 from
2488 3352 75 24 school,
2578 3352 99 25 although
2700 3354 32 19 she

2302 3379 64 20 stated
2377 3379 45 19 that
2437 3379 34 19 the
2487 3379 62 19 house
2561 3385 38 13 was
2610 3379 57 19 often
2678 3380 43 19 with-

2302 3408 36 17 out
2349 3412 10 12 a
2370 3407 56 17 crust
2434 3406 21 18 of
2467 3405 66 24 bread,
2542 3405 40 19 and
2593 3405 33 19 tho
2637 3405 47 26 boys
2695 3406 37 20 had

2302 3433 48 18 been
2362 3431 50 25 kept
2423 3432 51 19 from
2485 3432 66 19 school
2571 3433 22 18 to
2603 3437 47 14 earn
2666 3439 53 14 some-

2300 3459 59 24 thing
2384 3460 20 16 at
2429 3458 82 26 picking
2535 3458 56 25 hops.
2619 3457 41 20 The
2683 3459 47 20 head

2301 3488 74 16 master
2385 3485 22 18 of
2417 3486 35 18 the
2462 3485 68 19 school
2542 3485 45 25 paid
2596 3485 35 19 the
2641 3485 43 20 fine.

2326 3520 33 18 An
2384 3519 81 27 inquiry
2481 3520 34 19 has
2533 3520 49 19 been
2617 3520 44 19 held
2688 3520 42 19 into

2300 3546 119 25 complaints
2443 3547 21 18 iu
2489 3546 118 20 connection
2631 3546 47 19 with
2697 3546 33 19 the

2300 3572 111 26 Telephone
2436 3573 113 25 Exchange.
2579 3573 19 18 It
2615 3572 4 26 ;
2622 3579 9 12 s
2653 3572 75 26 alleged

2300 3598 45 19 that
2356 3598 31 21 for
2398 3605 53 14 eoir>o
2471 3601 53 23 time,
2535 3598 66 26 owing
2613 3599 84 24 possibly
2710 3602 20 16 to

2299 3631 10 12 a
2320 3625 105 25 similarity
2444 3626 21 20 of
2479 3625 99 24 numbers,
2590 3624 74 19 certain
2676 3626 53 18 firms

2299 3678 101 25 receiving
2409 3678 68 20 ordeta
2494 3678 24 25 by
2538 3677 113 25 telephonic
2663 3677 55 20 misre-

2300 3704 144 24 presentation.
2486 3704 100 19 Evidence
2615 3703 34 19 has
2679 3704 48 19 been

2299 3730 67 24 taken,
2377 3730 40 19 and
2436 3730 33 19 the
2484 3736 72 19 papers
2568 3730 49 19 have
2627 3730 51 19 been
2688 3730 30 19 for-

2298 3758 80 18 warded
2390 3760 20 15 to
2423 3757 34 19 the
2469 3756 101 19 Minister.

2323 3792 43 18 Tho
2385 3791 115 19 Daueviike
2523 3790 96 25 Borough
2644 3791 82 19 Couucil

2298 3818 65 23 notify
2375 3818 52 18 their
2448 3818 101 18 iutenliou
2561 3819 21 17 to
2594 3817 50 19 raise
2655 3824 10 12 a
2682 3818 44 19 loan

2297 3845 20 18 of
2339 3845 71 18 SOOO
2433 3844 32 18 for
2485 3843 95 25 drainage
2603 3844 39 18 and
2667 3846 60 18 witter

2297 3871 78 24 supply,
2390 3870 39 18 and
2448 3877 11 11 a
2474 3870 73 25 special
2558 3871 45 17 loau
2622 3870 21 19 of
2658 3871 69 19 IOOO

2297 3901 19 15 to
2337 3896 83 25 provide
2434 3898 61 18 water
2514 3897 39 18 and
2570 3896 57 25 plant
2642 3896 31 19 for
2692 3897 34 19 fire

2297 3923 117 24 prevention
2427 3929 101 18 purposes.

2313 3957 44 16 Pure
2364 3958 54 15 Blood
2430 3957 13 15 if
2457 3957 27 15 tlio
2493 3958 52 16 socrot
2558 3958 19 14 of
2588 3957 111 17 health.Dr
2712 3957 14 15 B

2295 3976 82 17 Gordon's
2385 3977 75 16 BLUOIJ
2469 3978 62 15 I'ILLS
2539 3977 63 16 clcoiies
2610 3977 27 16 the
2644 3978 82 19 Bystomou

2293 3997 23 15 all
2325 3997 64 18 impure
2397 3996 54 22 blood,
2461 4000 40 13 oure
2504 3996 109 20 Indigestion,
2621 3996 105 21 Coustipatio

2295 4015 47 16 Liver
2361 4015 108 21 Complaints,
2486 4016 49 15 Pains
2551 4017 19 14 iu
2586 4016 43 15 back
2648 4016 32 15 and
2691 4016 35 15 side

2294 4034 105 20 Bdlousueaa,
2411 4036 40 14 Sick
2463 4035 101 19 Headaches;
2580 4040 64 10 remove
2657 4036 67 18 pimples

2293 4054 81 19 Scrofula,
2385 4055 68 19 .Scurvy,
2460 4055 32 15 etc.
2513 4054 53 19 Large
2573 4055 39 18 box,
2620 4055 16 14 Gs
2645 4057 33 13 two
2693 4055 32 16 bo.x

2292 4074 31 15 10s;
2331 4074 37 18 post
2378 4076 39 14 lrco.
2439 4075 17 16 J.
2468 4074 26 16 W.
2504 4074 88 18 GiAVXON
2603 4075 66 16 boxlioi
2686 4074 39 18 Pun

2291 4092 45 17 cdiu.

2766 87 201 24 PICKPOCKET'S
2980 89 35 19 LO
3046 89 52 19 LIT
3122 89 24 19 '3
3158 89 9 20 >
3177 89 11 20 1

2793 117 41 19 Sad
2845 117 164 18 L'xiiciiiKNTKor
3017 115 127 19 Eoi.vUiiyii

2884 148 42 13 axl>
2936 141 105 20 Glasgow.

2780 194 133 26 Pickpockets
2937 193 51 20 have
3010 193 54 20 their
3091 193 93 20 domestic

2754 221 105 21 affections
2878 227 22 12 as
2916 220 44 19 well
2977 226 23 12 as
3019 220 73 18 honest
3109 219 75 25 people.

2756 247 67 19 When
2833 247 48 23 they
2890 246 48 19 send
2948 246 64 18 kisses
3029 249 20 15 to
3068 246 49 18 each
3130 245 56 18 other

2754 273 49 24 they
2814 272 60 19 make
2883 278 75 13 crosses
2967 273 20 17 at
3005 271 35 19 the
3055 271 39 19 end
3114 271 21 18 of
3153 270 33 19 the

2754 300 65 22 letter,
2830 299 43 24 just
2882 298 41 18 like
2933 298 34 18 the
2977 301 51 15 most
3038 297 71 19 artless
3118 299 57 16 sweet-

2755 326 58 18 heart
2823 324 45 20 that
2878 330 45 13 ever
2933 323 76 24 figured
3020 324 21 17 in
3051 329 12 12 a
3078 323 72 18 breach
3168 323 20 18 of

2756 350 87 23 promise
2861 350 47 19 suit.
2936 349 52 19 llow
3009 351 46 16 true
3074 349 16 18 it
3109 349 17 18 is
3144 348 44 19 that

2756 384 13 11 a
2777 376 71 26 simple
2855 376 59 18 letter
2923 375 21 19 of
2963 375 94 19 affection
3074 374 71 20 makes
3161 374 27 20 ali

2756 403 35 18 the
2800 409 12 13 n
2817 401 43 20 orld
2880 401 33 19 kin
2922 400 4 25 !
2958 400 61 24 Take,
3039 400 33 20 for
3090 400 98 25 example,

2756 429 36 18 the
2804 435 44 12 case
2867 427 22 19 of
2897 427 55 19 John
2966 427 96 24 Blessley,
3084 426 53 25 aged
3158 428 29 22 C2,

2757 454 41 20 and
2808 454 32 18 his
2848 453 106 24 daughter,
2965 452 42 20 Mrs
3024 453 68 18 Annie
3113 452 74 23 White,

2759 481 45 18 who
2815 486 51 13 were
2874 479 75 24 caught
2967 479 83 24 picking
3068 478 83 25 pockets
3169 479 20 17 in

2760 507 65 19 Wahv
2832 505 41 21 )rth
2882 505 64 22 Uoad,
2954 504 90 19 London.
3072 504 58 25 Thoy
3139 510 50 13 wore

2758 533 51 18 both
2819 531 44 20 well
2873 531 86 20 dressed,
2970 530 40 19 and
3021 532 81 23 experts
3121 532 21 17 at
3157 530 33 19 the

2759 559 98 18 business.
2886 557 33 18 Mr
2928 555 94 26 Brogden
3032 556 40 19 and
3078 556 34 18 Mr
3121 555 70 20 Whito

2759 585 21 18 of
2790 585 34 17 tlio
2831 583 97 19 detectivo
2937 582 60 24 force,
3005 588 40 13 saw
3056 582 56 19 them
3121 581 70 26 plying

2758 610 55 19 their
2819 609 58 19 trade
2885 608 22 20 in
2916 608 34 20 the
2968 608 92 19 crowded
3081 609 73 18 streets
3172 609 19 18 of

2761 635 119 23 Walworth,
2900 634 40 19 and
2963 634 89 19 arrested
3070 634 62 19 them.
3160 634 32 19 On

2760 663 34 18 the
2805 668 42 13 won
2857 668 26 11 an
2893 667 41 12 was
2944 660 63 19 found
3016 667 13 12 a
3043 660 60 19 letter
3121 660 21 19 in
3159 660 32 19 the

2761 686 4 24 1
2769 688 55 19 nan's
2843 686 141 24 handwriting,
3012 686 64 19 which
3104 692 47 18 may
3168 686 24 19 ho

2761 714 120 22 interesting
2890 714 21 17 to
2920 712 67 19 ladies,
3000 719 21 12 as
3032 712 118 23 containing
3159 712 34 19 the

2761 740 83 25 opinion
2854 740 21 17 of
2884 744 13 13 a
2906 738 132 26 professional
3044 738 53 18 thief
3106 744 26 12 on
3142 738 51 19 their

2761 773 85 12 manner
2855 764 21 20 of
2885 764 94 26 carrying
2987 770 35 18 pu:
3028 770 37 13 sos.
3094 764 20 19 It
3121 764 58 18 reads
3188 764 3 26 .

2762 791 135 25 'Glasgow,
2920 790 176 25 Thursday,My
3115 788 79 27 darlinp

2762 818 44 24 Pet,
2809 818 73 18 Just
2892 823 11 12 a
2913 816 38 20 few
2961 816 50 18 lines
3020 818 21 17 to
3049 816 27 18 let
3085 822 42 18 you
3136 815 54 22 knov

2762 844 46 19 that
2817 844 11 18 1
2838 842 41 20 had
2888 849 12 12 a
2907 842 35 19 hot
2949 842 77 19 tumble
3036 842 21 18 in
3066 841 129 26 Edinburgh,

2763 868 134 26 Fortunately
2915 868 11 19 I
2944 868 40 19 had
3000 867 44 26 just
3062 874 35 18 my
3114 868 44 18 faro
3174 871 20 16 to

2764 895 94 25 Glasgow
2868 895 21 18 in
2899 901 33 17 my
2939 893 77 26 pocket,
3028 893 40 19 and
3083 893 89 26 thought
3181 895 15 18 it

2764 922 100 25 judicious
2874 923 21 16 at
2904 926 47 13 once
2961 922 20 17 to
2990 920 64 19 leave.
3081 920 65 18 There
3163 926 32 12 are

2763 945 49 29 only
2821 950 39 16 two
2879 946 84 19 stations
2981 946 20 18 in
3019 944 124 27 Edinburgh
3153 953 5 16 ;
3176 946 20 19 in

2763 975 96 24 Glasgow
2883 973 56 18 there
2958 978 33 13 aro
3017 972 54 19 four.
3098 971 21 19 It
3137 972 59 18 offirs

2763 1002 82 23 greater;
2854 1004 58 20 scope
2921 998 32 20 for
2963 1004 37 12 oue
3015 998 23 19 of
3055 997 52 19 little
3121 1004 75 13 means.

2763 1027 26 19 In
2798 1033 34 18 my
2842 1025 65 21 whole
2917 1023 35 20 life
2961 1024 12 18 I
2982 1030 60 12 never
3050 1030 40 12 saw
3105 1030 22 12 so
3137 1030 59 18 many

2764 1052 64 20 ladies
2850 1050 96 25 carrying
2964 1050 52 19 their
3034 1049 123 26 portmooies
3177 1051 19 18 in

2763 1079 54 18 their
2826 1078 73 22 hands,
2911 1076 38 19 and
2960 1076 54 19 often
3024 1076 57 19 those
3092 1076 45 19 who
3146 1075 51 20 have

2764 1105 52 24 bags
2826 1103 90 27 (pursoa)
2928 1102 39 19 will
2975 1103 34 18 not
3019 1108 50 13 oven
3088 1104 78 17 entrust,
3184 1103 14 18 it

2765 1133 20 16 to
2807 1130 34 19 the
2868 1127 109 28 'societies'
3007 1128 112 24 (satchels).
3156 1128 41 18 The

2764 1156 64 25 polico
2850 1156 47 19 hero
2915 1161 35 14 aro
2968 1154 124 24 continually
3114 1154 84 25 sending

2766 1183 51 19 from
2844 1185 62 16 street
2935 1182 21 19 to
2982 1182 62 17 street
3071 1186 75 19 among
3164 1180 34 19 tho

2766 1208 87 25 wealthy
2879 1208 96 19 circulars
3002 1213 22 12 as
3048 1208 21 17 to
3095 1206 34 19 tho
3147 1208 51 17 most

2765 1234 95 19 effectual
2878 1241 68 12 moans
2962 1232 23 20 of
3003 1232 97 26 stopping
3118 1232 21 24 it,
3156 1232 42 23 .and

2764 1260 44 26 just
2823 1260 70 19 before
2915 1260 11 19 I
2942 1258 81 21 arrived
3040 1258 21 19 in
3080 1257 118 26 Edinburgh

2765 1293 55 12 some
2829 1286 71 25 people
2910 1283 40 22 had
2960 1286 53 18 been
3028 1284 51 19 hard
3097 1286 22 17 at
3137 1284 61 20 work.

2765 1312 55 20 Love
2837 1314 20 18 to
2885 1312 64 25 Polly,
2965 1310 67 24 Lillio,
3057 1310 83 24 .Kittles,
3160 1311 38 18 and

2765 1338 82 25 Jimmy,
2876 1338 41 19 and
2943 1345 32 11 am
3001 1336 32 18 lor
3070 1343 46 13 over
3139 1343 59 18 yours

2766 1363 161 26 affectionately.'
2956 1362 92 25 Blessley
3059 1369 40 13 was
3109 1369 22 12 so
3141 1363 57 18 much

2766 1390 107 25 depressed
2883 1390 26 25 by
2920 1390 30 19 his
2960 1390 66 18 arrest
3034 1388 45 19 that
3095 1389 25 17 he
3139 1388 59 20 asked

2766 1416 34 20 the
2819 1416 76 20 officers
2911 1416 71 25 kindly
2990 1416 30 17 to
3028 1414 53 19 blow
3091 1415 32 19 his
3132 1414 66 20 brains

2766 1445 35 17 out
2812 1443 40 19 and
2862 1443 25 18 bo
2897 1442 51 19 done
2958 1440 53 21 witdi
3020 1441 23 22 it,
3054 1441 39 18 but
3114 1441 72 24 theyro-

2766 1469 86 23 frainod,
2864 1469 40 18 and
2914 1468 93 25 brought
3015 1467 44 19 him
3078 1467 69 19 before
3167 1467 31 19 tho

2766 1495 121 26 Magistrate
2897 1497 21 17 at
2926 1492 110 25 Lambs'th,
3044 1493 46 19 wh
3096 1495 95 19 iiuiaoeu
3194 1492 4 29 1

2766 1521 34 19 the
2819 1528 47 12 man
2885 1521 40 19 and
2945 1519 34 24 #>*>
3003 1524 76 14 woman
3097 1520 21 20 to
3135 1519 54 21 three

2766 1545 142 24 month.VJ.urd
2917 1543 72 19 labour
2996 1543 56 22 each,

2816 1569 69 21 lIOW
2893 1570 34 20 TO
2936 1569 111 21 BECOME
3057 1570 81 22 BALD.

2785 1613 20 20 A
2815 1612 64 21 clever
2886 1612 77 28 writer;
2974 1613 34 21 the
3017 1620 103 20 possessor
3129 1614 21 22 in
3165 1615 25 22 all

2759 1639 126 27 probability
2894 1640 21 20 of
2925 1646 12 14 a
2944 1639 48 21 b<ild
2999 1640 59 26 head,
3069 1641 37 20 lias
3116 1642 74 26 proved

2759 1666 46 20 that
2813 1666 93 20 baldness
2916 1666 17 20 is
2943 1672 11 14 a
2964 1666 84 27 product
3062 1668 40 19 and
3116 1667 46 27 sign
3172 1668 18 21 of

2759 1693 78 19 culture
2842 1692 137 27 something
3006 1692 95 27 devoutly
3128 1697 21 18 to
3166 1693 24 22 bo

2760 1719 133 21 wishedwo
2916 1719 52 20 shall
2986 1719 88 27 perform
3093 1727 12 13 a
3123 1720 67 27 public

2759 1746 75 19 service
2848 1746 21 19 in
2879 1745 92 26 showing
2980 1746 44 20 how
3034 1747 41 19 this
3091 1747 99 20 condition,

2759 1779 37 13 can
2801 1772 25 19 bo
2834 1771 82 26 quickly
2920 1773 90 19 reached.
3039 1773 151 21 Non-scientific

2760 1799 71 24 people
2842 1797 39 21 will
2890 1797 90 27 possibly
2994 1799 61 26 study
3067 1806 37 13 our
3123 1800 67 20 advice

2759 1825 21 18 iu
2791 1825 58 19 order
2856 1827 20 17 to
2886 1825 25 18 do
2920 1825 33 19 tho
2968 1827 96 24 opposite,
3085 1827 40 19 and
3144 1827 46 19 thus

2759 1851 52 25 keep
2821 1851 53 19 their
2883 1851 45 19 hair
2937 1857 21 13 as
2968 1851 48 26 long
3026 1858 21 14 as
3057 1853 95 24 possible.

2856 1877 47 24 lose,
2923 1877 21 19 in
2954 1877 33 19 tho
3006 1884 68 14 course
3092 1879 21 19 of

2759 1903 45 19 said
2824 1903 94 24 Voltaire,
3006 1904 62 24 teeth,
3084 1911 37 13 our
3140 1907 49 23 hair,

2759 1929 41 20 and
2810 1936 36 12 our
2959 1929 52 21 That
3020 1937 47 19 may
3075 1931 25 19 bo
3110 1934 45 18 true
3170 1940 20 13 as

2760 1956 32 19 far
2811 1962 21 14 as
2852 1956 33 19 the
2904 1955 54 21 teeth
2970 1957 37 19 and
3019 1958 55 19 ideas
3091 1966 34 12 are
3141 1966 37 13 con-

2761 1983 81 23 cerned,
2853 1983 38 19 but
2901 1989 29 13 we
2939 1985 77 18 cannot
3027 1985 74 26 always
3111 1985 79 26 depend

2761 2015 54 20 upon
2826 2009 63 25 losing
2897 2016 36 12 our
2942 2009 49 21 hair.

2788 2036 86 18 Persons
2883 2035 42 19 who
2935 2035 46 26 long
2991 2037 33 19 for
3034 2037 35 19 the
3086 2039 68 24 proofs
3168 2039 22 20 of

2760 2062 80 20 culture
2852 2064 54 17 must
2912 2066 64 16 resort
2984 2065 78 18 atoi.ee
3071 2066 21 17 to
3100 2065 89 21 methods

2759 2088 23 19 of
2791 2091 38 17 art.
2857 2088 42 20 The
2911 2089 43 19 first
2963 2089 50 26 good
3024 2090 45 20 rule
3076 2091 17 19 is
3103 2094 21 17 to
3141 2092 48 26 keep

2760 2115 34 19 the
2804 2115 52 19 bead
2867 2122 12 11 h
2886 2123 47 11 arm.
2962 2117 25 17 iu
3005 2124 94 16 summer,
3118 2117 18 19 if
3152 2125 37 16 you

2761 2141 47 20 wis';
2820 2143 21 17 to
2853 2141 79 19 become
2952 2141 51 25 bald,
3022 2142 25 19 do
3067 2146 37 16 uot
3114 2150 51 14 wear
3179 2152 11 13 a

2760 2169 61 18 straw
2830 2167 41 20 hat.
2900 2167 30 20 On
2943 2168 33 19 the
2986 2170 102 25 contrary,
3099 2169 28 21 let
3140 2177 50 19 your

2761 2194 109 25 head-gear
2889 2193 23 20 be
2932 2201 11 12 a
2962 2194 37 20 felt
3017 2201 23 14 or
3049 2195 56 21 cloth
3120 2196 40 25 hat,
3179 2205 11 13 a

2761 2220 68 26 derby,
2851 2227 22 12 or
2892 2227 12 12 a
2922 2220 110 27 stovepipe.
3061 2222 25 20 In
3112 2223 76 26 winter,

2760 2247 74 25 always
2844 2253 52 13 wear
2905 2253 11 12 a
2930 2247 35 20 fur
2974 2254 43 19 cap.
3046 2248 70 21 While
3125 2249 22 21 in
3157 2251 33 20 the

2761 2273 67 24 house,
2838 2275 22 18 at
2870 2273 27 19 all
2908 2274 58 19 times
2976 2274 21 19 of
3007 2274 35 21 the
3056 2281 53 19 year,
3120 2276 25 20 do
3155 2280 35 18 not

2759 2300 37 19 fail
2806 2302 21 17 to
2838 2305 52 14 wear
2900 2307 11 12 a
2918 2300 33 20 fez
2961 2307 23 14 or
2997 2308 13 13 a
3019 2307 43 20 cap.

2787 2326 88 20 Women
2895 2326 64 21 whose
2973 2327 51 26 light
3049 2328 45 21 hats
3113 2329 26 21 do
3156 2335 34 17 not

2761 2359 52 13 wear
2822 2352 30 20 off
2862 2352 33 20 the
2903 2353 44 20 hair
2958 2354 77 26 rapidly
3046 2357 80 25 enough
3146 2365 43 20 may

2759 2379 122 25 accomplish
2892 2380 45 19 that
2946 2381 38 18 end
3004 2381 25 26 by
3048 2383 61 24 using
3128 2384 61 25 heavy

2759 2406 93 19 switches
2860 2406 23 19 of
2892 2407 49 19 false
2952 2406 44 22 hair
3007 2408 39 20 will
3064 2409 56 20 work
3139 2418 50 14 even

2761 2439 52 14 more
2820 2432 80 26 rapidly
2910 2432 48 21 than
2974 2441 11 12 a
3003 2434 35 20 fur
3057 2442 43 19 cap,
3118 2444 22 12 as
3158 2439 31 19 the

2761 2458 52 20 hairs
2826 2459 38 20 will
2885 2458 36 21 fall
2935 2463 36 16 out
2988 2460 25 26 by
3033 2462 34 19 the
3087 2462 101 24 hundreds

2759 2485 57 19 when
2828 2486 33 19 the
2872 2486 35 19 roll
2919 2486 16 19 is
2944 2486 62 26 heavy
3017 2488 87 26 enough.

2785 2512 41 19 Tho
2838 2512 81 20 beloved
2937 2512 102 28 nightcap,
3059 2522 22 13 ao
3098 2515 48 21 dear
3167 2519 20 18 to

2759 2545 36 12 our
2812 2538 159 27 grandmothers,
3001 2535 51 27 is*ta
3079 2543 23 19 be
3122 2543 67 27 highly

2760 2564 151 21 recommended
2930 2566 48 20 also.
3006 2567 42 21 The
3072 2568 74 22 helmet
3165 2572 21 19 of

2759 2592 35 19 the
2812 2592 66 20 office.?
2895 2592 39 20 and
2954 2593 110 25 policeman
3086 2596 18 19 is
3123 2597 42 19 also
3177 2604 11 13 a

2759 2618 93 25 splendid
2888 2618 98 22 invetion.
3013 2620 65 21 What
3113 2623 17 19 is
3156 2625 33 20 the

2758 2645 62 19 effect
2831 2645 21 20 of
2862 2645 56 20 these
2926 2646 49 19 head
2984 2648 104 25 coverings
3096 2649 8 20 ?
3133 2649 56 26 They

2759 2671 56 20 make
2827 2671 32 20 the
2871 2672 48 19 head
2935 2672 95 26 perspire.
3059 2676 102 20 Moisture
3172 2677 15 20 is

2759 2697 33 20 tho
2813 2698 71 25 deadly
2903 2705 69 19 enemy
2989 2700 22 19 of
3026 2700 49 20 hair.
3105 2702 32 20 On
3154 2703 34 20 the

2759 2724 49 20 back
2831 2724 21 19 of
2867 2724 35 20 the
2919 2725 55 25 head,
2996 2733 48 14 near
3071 2728 36 19 the
3131 2729 49 21 neck

2759 2751 79 25 asually
2848 2778 5 4 _
2864 2751 114 20 untouched
2998 2752 24 26 by
3033 2754 34 19 the
3082 2754 46 21 hats
3147 2757 40 19 and

2757 2784 53 19 caps,
2821 2780 17 17 it
2848 2778 16 19 is
2876 2778 72 20 seldom
2959 2779 44 20 that
3014 2787 38 14 one
3070 2787 42 14 sees
3132 2782 44 21 bald-

2756 2810 51 13 nss.

2783 2830 18 21 A
2834 2830 47 21 bald
2901 2831 46 26 ring
2971 2832 57 21 often
3056 2835 70 20 marks
3154 2836 33 21 the

2757 2857 85 26 position
2851 2857 21 21 of
2881 2858 33 20 the
2922 2858 36 21 hat
2966 2866 22 12 or
2994 2867 43 18 cap.
3067 2862 44 19 Our
3117 2869 70 19 young

2755 2884 85 19 dandiest
2851 2884 42 20 who
2901 2891 58 20 curry
2973 2886 53 20 thoir
3044 2887 62 21 heads
3125 2896 61 19 every

2756 2911 92 26 morning
2857 2911 46 19 with
2916 2914 40 17 two
2968 2913 88 24 brushes,
3067 2915 38 19 and
3116 2916 21 19 in
3153 2917 34 19 the

2755 2944 69 13 course
2835 2938 22 19 of
2867 2938 33 19 the
2912 2939 38 26 day
2961 2939 104 21 whenever
3076 2941 47 25 they
3133 2949 32 13 see
3175 2949 12 14 a

2755 2964 78 25 mirror,
2844 2971 33 13 aie
2887 2971 25 13 on
2924 2966 34 18 the
2973 2966 56 23 right
3041 2968 49 22 path
3101 2969 21 18 of
3131 2968 44 21 bald-

2756 2997 51 13 nesa.
2835 2990 48 20 This
2894 2991 16 19 is
2919 2991 41 20 also
2968 2994 45 18 true
3023 2994 23 18 of
3056 3000 75 15 women
3143 2996 42 20 who

2754 3017 58 19 allow
2825 3017 51 20 tb--ir
2887 3017 42 21 hair
2938 3020 21 17 to
2968 3019 23 19 be
3001 3020 82 20 combed
3105 3020 25 27 by
3148 3029 25 14 un-

2756 3043 99 24 practised
2870 3046 99 18 servants.

2781 3070 42 20 The
2843 3072 71 18 savant
2934 3071 105 21 Gazenave
3066 3073 65 21 found
3151 3074 34 21 the

2755 3097 87 20 heaviest
2850 3097 39 19 and
2904 3097 34 19 the
2957 3102 51 15 mast
3023 3099 100 22 beautiful
3143 3102 42 21 hair

2755 3130 25 12 on
2788 3123 59 19 heads
2856 3124 61 20 which
2929 3124 37 20 had
2974 3131 59 14 never
3041 3126 50 21 been
3100 3128 85 21 touched

2755 3150 25 25 by
2799 3150 88 20 scissors.
2916 3151 74 25 People
3018 3152 43 20 who
3090 3154 48 20 wish
3164 3157 22 18 to

2757 3177 78 19 become
2856 3177 45 19 bald
2921 3177 72 20 should
3003 3178 50 21 have
3071 3180 52 20 their
3141 3181 44 20 hair

2755 3205 36 17 cut
2801 3210 21 12 ss
2842 3203 56 19 nlt.pn
2918 3210 21 13 as
2957 3205 93 24 possible.
3079 3207 21 19 It
3117 3206 18 21 is
3152 3214 22 14 en-

2754 3230 109 25 couraging
2874 3231 21 17 to
2906 3231 64 19 notice
2978 3231 45 19 that
3037 3232 41 20 this
3097 3235 89 24 practise

2753 3255 16 20 is
2790 3257 119 24 increasing.
2937 3257 95 21 Children
3058 3258 50 21 have
3133 3261 52 20 their

2755 3282 44 20 hair
2809 3285 35 17 cut
2860 3283 57 19 often
2936 3283 20 19 in
2976 3283 34 19 the
3029 3285 76 21 absurd
3123 3287 62 20 belief

2754 3309 45 19 that
2818 3309 33 19 the
2869 3309 45 19 hair
2936 3309 40 19 will
2999 3310 81 21 become
3099 3312 85 22 thicker.

2755 3336 71 23 Again,
2837 3342 25 19 go
2872 3341 23 13 as
2911 3335 55 20 often
2978 3342 21 13 as
3015 3337 89 25 possible
3119 3342 21 17 to
3151 3340 34 19 the

2754 3362 86 18 barbers.
2868 3361 26 19 In
2904 3361 35 19 the
2957 3361 84 23 brushes
3059 3365 41 19 and
3116 3366 69 20 combs

2752 3387 21 19 of
2801 3387 35 20 the
2859 3387 72 21 barber
2957 3388 56 27 shop,
3046 3392 50 19 used
3122 3393 52 19 indis-

2751 3414 126 25 criminately
2907 3420 55 19 upon
2985 3418 35 18 the
3039 3417 61 21 hamls
3116 3419 23 20 of
3157 3420 27 19 all

2751 3440 57 19 kinds
2824 3440 22 19 of
2864 3445 117 22 customers,
3001 3443 182 28 miscro-organism

2751 3466 125 20 destructive
2900 3471 21 15 to
2940 3468 33 20 the
2992 3469 47 25 hair,
3060 3471 85 21 flourish
3161 3473 22 19 in

2750 3495 58 23 great
2818 3493 117 25 quantities.

2774 3520 43 19 The
2836 3520 151 26 investigations
3010 3523 22 19 of
3048 3524 82 25 Lossar,
3147 3525 35 21 the

2751 3545 161 26 dsrmatologist,
2921 3547 48 21 have
2980 3551 75 23 proved
3074 3551 78 26 beyond
3171 3560 12 12 a

2751 3572 64 19 doubt
2831 3572 45 20 that
2897 3573 57 21 these
2980 3577 101 21 parasites

2750 3598 93 20 diseases.
2871 3600 42 19 The
2941 3601 96 20 dandruff
3063 3603 52 21 from
3148 3605 34 19 the

2751 3625 60 19 heads
2825 3625 21 19 of
2867 3633 81 18 persons
2968 3628 64 19 whose
3052 3629 44 19 hair
3114 3632 17 18 is
3141 3631 30 20 dis-

2749 3652 112 25 appearing
2872 3653 64 18 would
2949 3654 88 24 produce
3059 3655 47 21 bald
3126 3660 55 23 spots

2748 3684 25 12 on
2784 3678 34 19 the
2828 3678 61 20 backs
2900 3678 21 20 of
2931 3680 75 19 rabbits
3018 3688 22 12 or
3051 3682 56 19 mice.

2771 3768 120 18 Hallenstoin
2914 3768 59 24 Bros.,
2992 3770 98 24 Clothicra,
3109 3774 70 20 Tailors

2747 3791 38 17 and
2794 3792 99 19 outfitters,
2903 3794 33 16 220
2945 3794 37 17 and
2989 3795 38 20 228,
3039 3796 64 19 Queen
3112 3798 67 21 Street,

2747 3814 106 18 Auckland.
2878 3815 39 17 Tho
2936 3818 49 16 inost
3001 3818 77 19 reliable
3090 3821 59 18 house
3161 3822 18 17 in

2747 3836 31 18 the
2788 3838 87 22 province
2893 3838 29 17 for
2930 3840 72 23 variety
3017 3843 38 17 and
3063 3844 54 17 value
3126 3844 20 17 in
3155 3845 24 17 all

2746 3860 134 22 departments.
2906 3862 88 19 Patterns
3002 3865 37 18 and
3048 3865 26 18 all
3088 3867 80 18 informa-

2746 3884 41 16 tion
2804 3884 86 22 supplied
2902 3886 20 16 to
2943 3889 80 22 country
3035 3891 103 17 customers
3156 3897 23 12 on

2745 3906 121 22 application.
2892 3908 32 17 Mr
2940 3909 66 24 Jaggs,
3016 3912 43 18 who
3076 3914 103 22 supervises

2745 3930 31 16 tho
2794 3930 95 23 Tailoring
2901 3931 124 24 Department
3037 3935 16 19 is
3067 3942 35 12 one
3112 3938 19 16 of
3147 3938 32 17 tho

2745 3954 50 16 must
2815 3953 76 18 reliable
2912 3958 70 16 cutters
3005 3958 20 17 in
3045 3959 32 18 the
3098 3960 80 23 Colony,

2745 3975 141 24 N.Z.Ulothiug
2892 3978 86 21 Factory,
2983 3981 195 18 Auckland.Advt.
