2550 4050
1253 52 112 32 THE

83 107 460 132 NEW
647 107 879 134 ZEALAND
1635 112 231 137 GA
1899 112 597 139 ZETTE

1264 272 99 32 AND

78 304 1153 153 WELLINGTON
1346 304 1152 153 SPECTATOR.

2289 630 98 40 [Vol.
2411 632 67 31 111.

612 505 219 37 PUBLISHED
877 505 132 37 EVERY
1053 503 259 38 WEDNESDAY
1357 501 87 38 AND
1491 504 229 37 SATURDAY
1765 507 205 35 MORNING.

527 621 127 31 PORT
678 621 285 37 NICHOLSON,
988 618 309 34 WEDNESDAY
1320 616 240 42 MORNING,
1584 622 288 33 SEPTEMBER
1896 628 52 33 28,
1973 630 88 28 1842.

100 621 62 31 No.
181 621 84 38 180.]

1420 709 122 26 Country
1557 711 78 20 Land
1663 717 28 14 or
1706 711 67 22 Sale.

1307 741 66 48 TO
1387 742 39 21 BE
1441 743 79 21 SOLD
1538 743 34 22 IN
1590 743 80 28 LOTS,
1687 748 21 18 to
1726 746 43 22 suit
1783 746 37 22 the
1838 754 53 14 con-

1379 769 108 21 venience
1499 771 25 20 of
1531 771 137 26 purchasers,
1679 772 42 22 No.
1728 774 12 20 3
1751 773 22 21 in
1785 773 35 21 the
1830 778 60 17 town

1306 794 88 27 district,
1407 795 43 21 No.
1460 797 28 20 44
1498 797 22 20 in
1531 797 36 21 the
1583 797 59 22 Hlitt
1653 799 90 26 district,
1755 800 43 21 and
1809 800 43 21 No.
1863 802 27 20 68

1305 822 22 20 in
1345 821 36 21 the
1400 822 93 22 Porirua
1512 823 86 22 district
1606 832 5 13 :
1627 825 50 21 half
1687 826 26 20 of
1728 826 37 21 the
1782 827 109 26 purchase

1276 860 3 5 -
1306 855 79 20 .noney
1395 849 44 21 will
1454 849 27 21 be
1491 850 94 21 allowed
1602 855 21 16 to
1634 853 83 19 remain
1728 860 27 13 on
1766 857 123 23 mortgage,

1305 878 22 18 at
1338 875 25 20 10
1371 882 38 20 per
1420 879 57 18 cent.
1508 876 44 22 For
1562 877 137 27 particulars,
1712 879 63 27 apply
1786 883 22 17 to

1575 910 99 22 Hanson
1687 912 44 21 and
1746 912 116 22 Alzdorf.

1323 959 84 21 Town
1423 961 55 20 and
1494 962 124 25 Country
1632 963 76 20 Land
1722 965 29 18 to
1766 964 33 20 be
1815 965 57 19 Let.

1306 992 166 48 SECTIONS
1488 994 46 21 and
1550 996 100 25 portions
1667 996 25 21 of
1705 996 99 22 Sections
1820 997 24 21 in
1860 997 29 21 all

1373 1023 59 23 parts
1451 1021 24 21 of
1491 1021 38 21 the
1547 1021 71 22 Town
1637 1022 26 21 of
1679 1023 142 27 Wellington,
1842 1024 47 22 also

1304 1046 96 27 Country
1412 1047 100 22 Sections
1527 1048 23 21 in
1562 1048 38 22 the
1617 1048 95 22 districts
1729 1050 25 21 of
1767 1051 37 21 the
1821 1051 66 27 Hutt,

1304 1072 37 21 the
1355 1072 86 28 Karori,
1455 1074 36 21 the
1501 1074 78 26 Ohiro,
1592 1076 45 20 and
1650 1076 37 21 the
1698 1077 96 21 Porirua.
1825 1077 64 27 Long

1303 1099 68 22 leases
1382 1100 25 21 of
1414 1100 37 22 the
1469 1105 95 23 country
1574 1102 54 21 land
1645 1102 44 21 will
1705 1103 27 21 be
1747 1104 94 26 granted
1860 1112 28 14 on

1303 1127 127 22 reasonable
1442 1131 75 18 terms.
1547 1127 44 22 For
1601 1129 130 27 particulars
1740 1131 65 26 apply
1816 1135 23 17 to

1331 1159 94 23 Hanson
1437 1161 46 21 and
1498 1161 117 26 Alzdorf,
1624 1162 191 28 Thorndon-quay
1832 1172 24 13 or
1866 1168 23 18 to

1331 1186 91 22 Robert
1432 1188 95 26 Stokes,
1540 1188 64 21 Land
1620 1189 109 27 Surveyor
1746 1190 43 21 and
1805 1191 83 27 Agent,

1486 1215 217 22 Woolcomb-street.

1356 1265 65 21 Port
1435 1267 154 20 Nicholson
1606 1269 54 19 and
1670 1269 162 26 Wanganui.

1304 1298 164 49 SEVERAL
1482 1300 69 21 Town
1568 1300 45 21 and
1630 1300 98 27 Country
1748 1302 98 21 Sections
1865 1303 24 21 in

1367 1325 60 22 these
1439 1326 95 21 districts
1545 1330 22 18 to
1578 1327 28 21 be
1617 1327 48 22 sold
1675 1335 24 14 or
1714 1331 38 18 let.
1781 1328 44 22 For
1839 1336 50 20 par-

1302 1350 88 23 ticulars
1400 1352 46 22 and
1456 1356 74 24 terms,
1541 1354 67 27 apply
1620 1358 21 17 to

1608 1386 95 22 Robert
1717 1387 28 22 R.
1760 1387 101 23 Strang.

1329 1410 88 27 August
1425 1413 20 25 4,
1459 1413 60 21 1842.

1303 1462 66 47 TO
1389 1462 39 22 BE
1449 1463 80 21 SOLD
1552 1463 113 27 CHEAP,
1690 1465 51 21 with
1761 1467 128 21 immediate

1375 1490 129 26 possession,
1527 1498 13 13 a
1559 1491 118 21 well-built
1698 1493 90 21 wooden
1811 1493 77 27 house,

1301 1514 52 22 with
1363 1512 54 32 shop
1427 1517 101 27 window,
1541 1524 27 14 on
1579 1517 38 22 the
1627 1519 79 21 beach.
1734 1520 74 27 Apply
1818 1523 23 19 to

1471 1551 50 21 Mr.
1536 1551 75 27 Neal,
1628 1552 80 22 Watch
1720 1554 84 26 Maker,

1669 1580 108 21 Lambton
1789 1581 72 27 Quay.

1301 1622 86 19 Town
1411 1623 55 20 and
1491 1624 123 25 Country
1634 1625 77 19 Land
1731 1627 28 19 to
1782 1626 49 20 Let
1853 1632 35 14 on

1490 1651 80 26 Long
1590 1652 108 20 Leases.

1301 1683 98 48 NOS.
1416 1683 26 21 of
1459 1683 37 22 the
1515 1688 59 17 town
1595 1692 61 15 acres
1677 1693 26 14 on
1721 1686 37 22 the
1779 1688 110 26 Surveyor

1501 1711 117 22 General's
1628 1712 63 27 Plan,

1407 1738 42 20 224
1576 1739 42 21 510
1738 1742 40 20 263

1301 1762 44 21 For
1353 1763 138 27 particulars,
1503 1764 68 28 apply
1581 1769 22 17 to

1465 1798 123 27 Wallace,
1600 1799 93 27 White,
1704 1801 45 21 and
1762 1801 125 21 Wallaci:.

1328 1830 54 27 May
1391 1832 34 25 31,
1438 1833 61 20 1842.

1301 1876 66 31 rpO
1385 1876 40 21 BE
1446 1877 87 25 SOLD,
1548 1878 25 20 in
1588 1878 43 21 lots
1646 1881 22 18 to
1688 1880 43 20 suit
1749 1880 137 27 purchasers,

1307 1909 29 15 JL.
1365 1902 37 22 the
1419 1903 70 21 whole
1507 1904 26 21 of
1545 1907 59 18 town
1620 1912 50 14 acre
1687 1905 42 23 No.
1741 1909 46 24 134,
1805 1914 27 14 on
1849 1907 38 22 the

1299 1929 50 26 plan
1361 1930 25 20 of
1390 1930 36 21 the
1432 1930 67 21 Town
1507 1930 25 21 of
1537 1931 143 27 Wellington,
1687 1932 82 27 having
1775 1934 113 27 frontages

1299 1959 20 18 to
1330 1956 191 22 Taranaki-street
1531 1958 45 20 and
1587 1958 194 26 Ingestrie-street.
1810 1961 78 21 Terms

1296 1982 84 22 liberal.
1411 1984 74 27 Apply
1496 1988 23 17 to

1637 2012 35 21 W.
1685 2012 27 22 V.
1724 2013 106 28 Brewer,

1695 2039 191 23 Manners-street.

1325 2062 58 22 June
1395 2062 31 23 17,
1439 2064 60 21 1842.

1280 2109 1 7 1
1300 2107 27 21 T
1348 2107 66 21 AND
1430 2111 22 17 to
1463 2107 28 22 be
1502 2108 53 21 Sold
1566 2116 24 14 or
1601 2110 43 20 Let
1658 2117 28 14 on
1703 2111 99 27 building
1815 2111 71 22 leases

1279 2132 3 36 j
1297 2131 46 24 JL
1341 2134 3 6 1
1373 2134 22 21 in
1407 2134 28 21 all
1446 2139 61 22 parts
1517 2135 25 21 of
1550 2136 37 21 the
1598 2137 76 21 Town.
1704 2137 74 28 Apply
1789 2143 20 16 to

1279 2172 3 22 I
1406 2168 91 21 Messrs.
1514 2168 77 22 Evans
1606 2170 44 21 and
1665 2170 120 27 Chetham,

1603 2201 118 27 Solicitors,

1668 2229 188 28 Lambton-quay.

1325 2253 55 26 May
1388 2255 34 24 23,
1434 2255 62 20 1842.

1296 2298 172 27 Wellington
1489 2300 55 19 and
1563 2300 185 27 Wanganui
1748 2302 91 21 Lands
1854 2304 29 19 to

1536 2327 34 20 be
1586 2328 57 19 Let.

1296 2358 122 22 HHOWN
1443 2359 212 23 ALLOTMENTS
1680 2361 22 22 in
1726 2362 29 22 all
1780 2366 58 24 parts
1863 2363 23 22 of

1304 2382 29 24 X
1370 2385 137 27 Wellington
1526 2387 45 21 and
1582 2387 131 28 Wanganui,
1726 2390 44 20 and
1787 2392 98 25 Country

1296 2411 97 22 Sections
1407 2413 23 21 in
1449 2413 53 21 both
1519 2413 104 28 districts,
1641 2419 22 17 to
1679 2416 24 21 be
1719 2417 31 21 let
1759 2424 28 14 on
1806 2417 78 22 leases.

1295 2438 44 21 For
1349 2439 62 27 plans
1421 2440 46 21 and
1476 2441 140 28 particutars,
1628 2443 66 26 apply
1705 2446 20 18 to

1630 2476 86 22 Henry
1732 2478 36 21 St.
1787 2478 69 22 Hill.

1323 2499 53 27 July
1388 2502 17 24 1,
1419 2502 60 21 1542.

1463 2546 90 21 Beach
1571 2548 145 27 Frontage.

1298 2579 64 33 ripO
1378 2580 40 21 BE
1433 2580 65 27 LET,
1515 2581 70 22 beach
1597 2582 101 26 frontage
1712 2583 43 22 lots
1766 2584 22 21 in
1799 2588 86 18 section

1302 2603 30 23 J-
1368 2608 42 19 490
1420 2614 29 14 on
1467 2608 36 21 the
1515 2608 56 22 Plan
1582 2609 26 21 of
1617 2609 36 22 the
1663 2604 67 28 town
1746 2612 25 20 of
1778 2612 108 26 Welling-

1294 2636 46 23 ton,
1352 2633 116 27 adjoining
1477 2634 45 22 Mr.
1531 2635 89 22 Taine's
1628 2640 68 23 store;
1712 2638 44 21 and
1766 2638 22 21 in
1799 2640 85 20 section

1293 2660 47 26 616,
1350 2660 99 22 between
1461 2662 73 26 Major
1543 2662 92 22 Baker's
1646 2663 43 22 and
1699 2665 42 21 Mr.
1751 2666 134 21 Swainson's

1293 2685 88 23 houses.

1321 2720 54 22 Also
1387 2721 36 21 the
1433 2721 115 28 following
1558 2723 97 22 sections
1665 2731 28 14 on
1705 2724 36 22 the
1750 2726 54 21 Plan
1814 2727 26 20 of
1848 2726 36 22 the

1293 2747 76 27 Town,
1381 2749 46 21 viz:

1397 2777 26 19 55
1562 2779 42 19 319
1754 2780 39 20 922

1383 2803 42 21 240
1563 2805 40 21 718
1741 2808 53 20 1079

1320 2828 75 28 Apply
1411 2833 22 18 to

1471 2857 25 21 E.
1513 2857 22 21 J.
1552 2857 150 29 Wakiuield,
1719 2866 24 15 or

1470 2891 35 20 W.
1522 2892 27 21 V.
1567 2892 108 28 Brewer,
1690 2894 192 22 Manners-street.

1293 2941 121 27 Country
1428 2943 127 21 Sections
1576 2944 42 21 for
1639 2945 59 20 Sale
1720 2952 35 15 on
1775 2946 108 21 Liberal

1540 2972 102 20 Terms.

1296 3000 162 26 QEVERAL
1494 3002 102 22 Sections
1624 3004 27 21 of
1682 3005 98 26 Country
1809 3005 72 26 Land,

1294 3025 32 23 k?
1357 3026 90 29 already
1459 3028 82 22 chosen
1551 3030 24 21 in
1586 3029 38 22 the
1638 3030 92 23 Porirua
1745 3031 90 28 district,
1848 3032 35 21 for

1292 3053 56 27 Sale,
1360 3061 74 15 terms
1446 3063 106 14 liberal.
1582 3057 76 27 Apply
1669 3061 22 17 to

1387 3087 24 22 F.
1427 3088 29 22 A.
1472 3090 172 27 Molesworth,
1661 3091 184 28 Murphy-street,
1858 3099 24 14 or

1388 3120 33 21 W.
1437 3121 28 21 V.
1481 3122 108 26 Brewer,
1601 3123 194 23 Manners-street.

1482 3174 93 20 House
1592 3175 29 20 to
1632 3175 57 20 Let.

1290 3206 51 48 A
1364 3205 87 23 GOOD
1471 3207 133 22 substantial
1623 3208 75 27 house,
1719 3208 52 23 with
1790 3209 91 22 kitchen

1369 3233 45 21 and
1425 3234 137 27 out-houses,
1575 3238 22 17 to
1608 3235 31 20 let
1646 3235 25 21 in
1681 3236 199 22 Manners-street.

1290 3258 44 22 For
1343 3260 136 27 particulars,
1493 3261 66 27 apply
1571 3265 22 18 to
1605 3262 44 21 Mr.
1661 3262 120 22 Brewer's
1801 3263 78 22 Office.

1290 3308 68 48 ON
1377 3309 86 28 SALE,
1479 3311 29 27 by
1519 3311 37 21 the
1566 3311 179 28 undersigned-

1367 3336 62 22 Mess
1439 3338 57 27 pork
1504 3338 25 22 in
1541 3338 94 22 barreJs.
1683 3353 7 10 ,

1645 3366 22 22 J.
1679 3367 33 22 M.
1722 3368 102 21 Taylor.

1316 3388 54 28 July
1381 3391 32 26 19,
1426 3392 60 21 1842.

1517 3437 53 21 For
1585 3438 71 24 Sale,

1289 3467 93 22 HHHE
1398 3469 146 23 COTTAGE
1559 3471 95 22 situated
1665 3472 23 21 in
1706 3473 109 24 Oriental,
1821 3474 57 27 Bay,

1295 3494 30 21 JL
1364 3495 44 21 and
1423 3496 70 28 lately
1501 3498 109 26 occupied
1625 3499 29 26 by
1665 3499 37 21 the
1719 3499 159 28 undersigned.

1287 3520 23 22 A
1324 3520 54 28 long
1395 3522 61 22 lease
1475 3523 26 22 of
1517 3523 38 22 the
1571 3525 85 21 section
1671 3532 58 21 upon
1748 3527 73 22 which
1841 3527 38 22 the

1286 3547 69 22 house
1366 3549 76 22 stands
1453 3550 45 22 will
1507 3550 28 22 be
1544 3551 104 26 granted.
1653 3569 2 6 ,

1313 3574 69 22 Town
1392 3576 55 22 land
1457 3576 44 22 -will
1512 3577 27 21 be
1548 3577 103 23 taken'ih
1660 3579 121 28 exchange.
1816 3584 3 4 '

1313 3601 44 22 For
1366 3602 85 22 further
1460 3603 137 28 particulars,
1609 3605 67 27 apply
1686 3609 22 19 to
1731 3605 2 7 '

1611 3636 97 23 George
1722 3638 89 26 Dup.pa,
1826 3647 25 14 or

1315 3685 50 11 T,,
1396 3685 4 9 ,
1586 3663 60 24 W.
1663 3664 152 26 V.,Brew,er.
1867 3663 3 6 '

1312 3685 54 29 July
1373 3687 26 29 ,7.
1405 3689 65 27 ,1842.
1587 3711 3 4 .

1478 3734 26 21 J.
1520 3734 39 21 M.
1574 3734 112 27 Taylor,
1745 3736 4 7 '

1298 3762 155 39 LICENSED
1477 3765 243 27 CUSTOM-HOUSE
1743 3772 117 28 AGENT,

1341 3793 61 29 ".|'','
1534 3802 28 24 TJS
1576 3802 52 15 ARO.

1282 3837 90 48 FOR
1385 3838 80 22 SALE
1479 3842 23 19 at
1579 3840 72 28 office,
1667 3840 81 29 Hymn
1762 3843 75 23 Books
1851 3837 26 29 iir

1354 3863 38 22 the
1402 3866 77 21 native
1488 3866 121 27 language.
1625 3878 4 4 -
1824 3875 3 3 '
1860 3875 24 15 <*:

1282 3904 261 53 ON,S'ALE,,at,the
1555 3911 89 21 Gazette
1658 3911 83 29 Office,'
1754 3921 28 15 an
1795 3919 86 18 exten-,

1358 3936 104 25 sive;and
1472 3937 76 22 varied
1557 3942 137 23 assortment
1709 3941 26 21 of
1752 3942 134 28 stationery!;

1282 3962 25 22 of
1317 3969 68 21 every
1395 3962 143 29 description.

797 714 129 25 Borough
941 712 32 21 of
985 712 179 26 Wellington.

1002 745 129 28 September
1140 746 34 25 23,
1186 747 58 20 1842.

687 781 147 49 NOTICE
850 781 27 21 IS
894 780 127 22 HEREBY
1038 779 107 25 GIVEN,
1161 779 48 21 that
1223 787 50 19 pur-

769 811 66 18 suant
851 811 22 17 to
889 807 36 21 the
937 807 127 21 Ordinance
1082 806 26 21 of
1120 806 100 26 Council,
1234 806 39 21 sth

654 831 2 22 I
687 835 106 25 Victoria,
804 834 43 21 No.
856 834 49 26 VI.,
913 834 37 21 the
962 834 120 26 Burgesses
1092 832 25 21 of
1125 832 36 21 the
1169 832 103 27 Borough

686 862 26 20 of
724 862 135 26 Wellington
869 860 51 26 will,
932 867 28 14 on
972 860 99 24 Monday,
1083 860 35 19 the
1128 859 59 20 third
1196 860 39 25 day
1251 860 28 25 of

654 891 5 14 *
689 889 85 20 October
784 889 57 23 next,
849 886 95 28 proceed
954 890 22 18 to
985 887 57 20 elect
1052 893 116 16 eighteen
1177 893 95 21 persons,

685 915 68 26 being
762 915 125 25 Burgesses,
903 914 25 25 b}
945 913 55 21 each
1010 913 96 26 Burgess
1117 912 123 27 delivering
1249 917 24 18 to

685 942 38 21 the
734 941 125 26 Returning
875 940 81 21 Officer
966 947 13 14 a
997 940 74 25 voting
1086 946 74 20 paper,
1174 940 99 21 contain-

685 968 39 26 ing
738 968 37 21 the
793 967 189 21 Christian-name
999 966 43 21 and
1061 965 117 22 Sur-name
1195 967 25 20 of
1233 967 39 21 the

684 1001 89 20 persons
786 994 47 24 (not
844 992 123 26 exceeding
985 992 111 27 eighteen)
1110 992 34 21 for
1161 992 70 22 whom
1244 993 28 22 he

653 1027 2 17 :
684 1025 68 22 votes,
764 1020 55 21 with
830 1020 56 21 their
896 1020 123 25 respective
1030 1019 73 27 places
1114 1019 26 21 of
1146 1020 71 21 abode
1227 1020 45 21 and

685 1048 140 26 description,
842 1046 54 22 such
910 1053 70 20 paper
995 1046 68 26 being
1080 1046 78 26 signed
1169 1046 51 21 with
1234 1046 38 22 the

653 1089 2 4 .
684 1082 64 13 name
757 1074 26 21 of
789 1074 37 21 the
836 1074 95 25 Burgess
941 1081 24 13 so
974 1074 84 26 voting,
1066 1073 45 22 and
1120 1074 83 26 setting
1213 1073 58 22 forth

684 1101 33 21 his
727 1101 63 26 place
800 1100 26 21 of
833 1100 70 21 abode
915 1100 44 21 and
971 1100 140 27 description.

710 1127 47 22 The
776 1128 102 21 Election
892 1127 44 22 will
958 1127 51 21 take
1025 1128 62 26 place
1105 1129 22 19 at
1144 1127 37 21 the
1199 1127 72 22 Police

684 1155 78 26 Office,
774 1155 87 23 Piuitea
872 1154 71 21 Point.

710 1182 47 21 The
768 1182 86 26 Voting
863 1181 42 21 will
918 1189 128 14 commence
1055 1184 22 18 at
1087 1182 47 19 nine
1141 1181 27 25 of
1173 1182 35 19 the
1215 1182 57 19 clock

682 1210 23 19 in
715 1210 34 19 the
752 1209 111 26 forenoon,
873 1209 42 19 and
919 1209 78 25 finally
1008 1209 51 19 close
1070 1210 22 19 at
1095 1209 57 24 four
1162 1209 77 20 o'clock
1248 1209 27 25 of

683 1237 34 19 the
727 1237 110 25 afternoon
847 1236 26 24 of
880 1237 33 19 the
922 1243 56 13 same
988 1237 48 25 day.

946 1272 113 21 Michael
1075 1272 114 26 Murphy,

1016 1305 127 26 Returning
1153 1306 88 21 Officer.

682 1352 40 21 To
741 1352 45 20 the
807 1351 192 26 Independent
1024 1351 123 20 Electors
1173 1352 30 20 of
1224 1352 45 20 the

790 1378 130 25 Borough
938 1377 29 21 of
980 1378 180 26 Wellington.

682 1411 155 50 ROBERT
852 1411 143 26 JENKINS,
1015 1411 55 26 begs
1087 1412 141 27 respectfully
1246 1415 24 19 to

760 1439 80 21 inform
852 1439 34 20 his
895 1438 84 21 friends
990 1437 54 27 ihar,
1052 1438 93 27 hearing
1154 1439 48 21 that
1209 1439 60 21 there

681 1473 37 14 are
729 1469 86 23 reports
830 1465 160 26 industriously
1007 1465 120 21 circulated
1145 1465 49 21 that
1208 1465 27 22 he
1250 1466 20 22 is

681 1496 39 18 not
730 1493 84 21 serious
823 1492 23 21 in
857 1491 33 21 his
899 1492 122 21 intentions
1038 1495 20 17 to
1071 1492 65 21 stand
1152 1493 116 21 candidate

680 1519 35 21 for
725 1519 36 21 the
772 1518 64 22 office
847 1519 25 21 of
883 1519 69 21 Town
960 1519 133 26 Councillor,
1103 1523 23 17 at
1134 1518 37 22 the
1179 1520 91 26 ensuing

681 1546 93 22 election
784 1554 5 18 ;
805 1545 28 22 he
851 1546 19 20 is
887 1546 94 21 anxious
1001 1549 22 17 to
1042 1549 33 17 set
1093 1545 38 21 the
1150 1549 80 19 matter
1246 1550 24 18 at

681 1577 50 21 rest,
741 1573 31 26 by
788 1572 113 27 declaring
919 1573 50 21 thus
983 1572 106 27 publicly,
1105 1571 50 23 that
1169 1573 17 21 it
1200 1573 19 21 is
1235 1573 34 22 his

680 1600 108 21 intention
807 1603 23 17 to
850 1599 65 21 stand
934 1599 38 21 the
990 1602 90 24 contest,
1098 1599 45 22 and
1159 1599 28 22 he
1204 1603 65 19 trusts

680 1626 49 22 that
746 1627 39 21 the
804 1626 83 22 friends
905 1627 26 20 of
958 1626 79 22 liberal
1056 1626 44 22 and
1119 1627 151 26 independent

679 1653 120 28 principles
818 1653 43 21 will
881 1653 27 21 do
926 1653 57 21 their
1002 1657 83 18 utmost
1102 1657 23 17 to
1145 1653 73 23 insure
1234 1654 35 22 his

680 1680 92 22 election

708 1712 59 26 Sept.
780 1713 32 25 16,
825 1714 59 19 1842.

682 1756 66 48 TO
772 1756 40 22 BE
837 1757 86 26 SOLD,
945 1764 13 13 a
977 1756 65 22 share
1067 1757 22 21 in
1117 1757 36 21 the
1180 1758 89 20 Colonist

755 1791 136 19 newspaper.
920 1784 76 27 Apply
1011 1787 23 17 at
1051 1784 36 21 the
1104 1784 64 21 office
1185 1785 26 21 of
1225 1785 43 21 this

680 1817 73 20 paper.
785 1810 62 22 Price
858 1811 40 23 5.

708 1843 131 28 September
849 1845 32 26 16,
894 1846 59 19 1842.

761 1888 175 21 Dissolution
952 1889 31 20 of
1001 1890 184 26 Partnership.

682 1921 90 48 THE
788 1921 145 23 BUSINESS
949 1923 97 21 hitherto
1057 1923 85 22 carried
1153 1931 28 13 on
1196 1924 72 21 under

768 1948 37 21 the
829 1949 50 21 firm
901 1950 27 20 of
948 1950 113 21 Abraham
1083 1950 117 21 Warbrick
1223 1951 42 21 and

680 1974 96 22 William
797 1975 92 26 Waring
902 1976 88 27 Taylor,
1009 1977 162 27 Storekeepers,
1187 1977 18 21 is
1223 1977 43 22 this

678 2000 42 27 day
732 2001 112 21 dissolved
856 2002 28 26 by
893 2003 85 21 mutual
990 2007 98 17 consent.

705 2027 38 21 All
752 2035 90 20 persons
851 2028 104 22 indebted
964 2033 22 17 to
997 2030 91 21 Messrs.
1096 2030 117 21 Warbrick
1223 2031 42 21 and

678 2053 82 27 Taylor
774 2062 38 13 are
827 2056 116 26 requested
959 2059 22 18 to
999 2064 43 19 pay
1059 2056 37 22 the
1112 2064 61 14 same
1183 2060 21 18 to
1220 2057 43 21 Mr.

678 2080 98 22 William
788 2081 94 28 Waring
892 2083 93 26 Taylor;
1003 2083 42 21 and
1054 2083 30 21 all
1094 2083 77 22 claims
1180 2084 85 27 against

678 2107 37 21 the
726 2111 69 17 estate
807 2116 37 13 are
859 2110 117 25 requested
993 2114 21 17 to
1031 2110 26 21 be
1073 2110 91 22 handed
1181 2114 22 18 to
1220 2111 43 21 Mr.
1280 2109 1 7 '

678 2133 97 23 William
788 2135 92 27 Waring
889 2137 82 26 Taylor
979 2137 36 21 for
1025 2137 138 26 liquidation.
1279 2132 3 38 j

889 2170 119 21 Abraham
1025 2170 136 27 Warbrick,
1279 2172 3 22 |

889 2196 112 22 William
1016 2197 103 22 Waring
1134 2198 101 22 Taylor.
1279 2206 2 10 >

659 2236 2 14 i
678 2228 27 20 A.
721 2229 114 25 Dinsdale,
898 2231 10 19 1,..1
922 2244 43 10 ,..

677 2255 120 22 Frederick
809 2256 80 22 Miller.
898 2255 17 28 /
922 2244 98 22 Wltuess
1022 2260 5 6 -

659 2277 2 27 I
703 2289 74 22 Dated
788 2293 23 18 at
821 2290 144 28 Wellington,
978 2292 52 21 12th
1045 2292 44 27 day
1099 2292 26 21 of
1131 2293 60 26 Sept.
1203 2293 59 21 1842.

762 2342 174 21 Dissolution
953 2343 30 20 of
996 2344 184 26 Partnership.

861 2376 46 21 The
918 2376 102 22 business
1030 2377 96 21 hitherto
1139 2378 85 21 carried
1234 2386 28 13 on

674 2398 43 24 .I^l
755 2402 74 22 under
839 2403 37 21 the
892 2403 49 22 firm
959 2405 25 20 of
1002 2405 50 26 Hay
1070 2405 45 21 and
1130 2404 131 28 Machattie,

674 2427 130 23 Merchants
814 2429 44 22 and
868 2431 146 21 Commission
1025 2432 94 25 Agents,
1137 2431 18 21 is
1166 2432 44 21 this
1220 2432 43 27 day

656 2452 3 31 j
673 2454 112 23 dissolved
795 2456 30 27 by
842 2458 86 21 mutual
944 2462 101 22 consent,
1065 2458 45 21 and
1126 2458 30 21 all
1172 2466 91 19 persons

656 2484 2 33 j
673 2481 106 23 indebted
789 2486 23 18 to
823 2484 53 27 Hay
887 2485 45 21 and
943 2485 132 26 Machattie,
1092 2493 37 14 are
1145 2486 117 26 requested

656 2512 2 28 j
673 2511 22 17 to
705 2516 43 19 pay
757 2509 37 22 the
805 2518 61 14 same
877 2514 22 18 to
910 2512 45 21 Mr.
966 2513 26 20 T.
1012 2512 33 21 M.
1063 2512 132 27 Machattie,
1214 2513 48 22 who

656 2542 2 26 j
673 2535 44 21 will
727 2533 118 31 discharge
856 2538 30 21 all
896 2539 78 21 claims
986 2539 88 26 against
1084 2540 37 20 the
1133 2539 48 22 said
1192 2540 54 21 firm.

1001 2572 35 22 W.
1049 2573 61 21 Hay.

1000 2600 26 21 T.
1039 2600 33 22 M.
1084 2601 149 21 Machattie.

698 2624 96 23 Witness
824 2626 76 21 James
909 2627 80 21 Smith.

698 2658 73 22 Dated
782 2662 23 18 at
816 2659 144 28 Wellington,
973 2660 88 27 August
1071 2663 20 24 9,
1103 2662 55 21 1842

778 2711 130 28 Borough
925 2713 30 20 of
969 2713 181 27 Wellington.

672 2744 89 47 MR.
778 2744 156 23 BRANDON
949 2754 105 20 purposes
1070 2747 93 28 offering
1173 2747 92 23 himself

735 2778 24 14 as
765 2779 13 13 a
786 2772 121 22 Candidate
914 2774 36 20 for
956 2774 38 20 the
1005 2774 63 22 office
1077 2776 24 20 of
1110 2775 68 21 Town
1188 2775 70 27 Clerk,

671 2796 44 22 and
724 2798 44 21 will
777 2798 59 21 have
846 2799 37 21 the
892 2799 88 22 honour
991 2801 25 21 of
1029 2801 90 28 waiting
1134 2801 126 28 personally

671 2830 28 14 on
719 2824 37 21 the
776 2824 115 23 Members
910 2827 27 21 of
957 2827 38 21 the
1016 2828 93 22 Council
1129 2829 57 21 after
1204 2829 57 22 their

669 2850 158 26 appointment.

698 2885 129 27 September
839 2888 31 24 12,
883 2888 60 21 1812.

892 2932 54 21 For
961 2934 71 24 Sale,

670 2963 50 47 A
735 2963 59 27 good
814 2965 133 22 substantial
967 2967 51 21 well
1040 2967 58 22 built
1121 2968 70 23 house
1215 2970 44 21 and

750 2991 113 27 premises,
889 2992 52 22 with
966 3001 13 13 a
1004 2993 128 24 Publican's
1162 2996 98 23 General

670 3015 93 23 License
780 3018 110 28 attached,
910 3019 23 22 in
955 3028 13 13 a
988 3022 160 27 commanding
1164 3023 44 22 and
1225 3024 34 21 in-

669 3043 101 28 creasing
793 3045 185 26 neighbourhood
1001 3047 24 21 in
1049 3048 144 28 Wellington,
1216 3051 43 22 and

669 3069 50 22 well
729 3071 85 26 worthy
830 3072 37 22 the
885 3074 109 21 attention
1009 3074 26 21 of
1051 3075 64 22 small
1130 3076 127 28 capitalists.

668 3096 47 22 The
731 3100 68 19 terms
814 3099 122 28 moderate,
956 3101 47 21 and
1022 3109 51 21 may
1089 3102 27 22 be
1131 3103 83 22 known
1229 3104 29 26 by

668 3123 106 28 applying
785 3128 22 18 to

831 3153 21 21 J.
868 3153 131 31 Zillwood,
1010 3155 220 25 Wiltshire-Tavern.

696 3179 222 28 Hawkstone-street,
931 3182 89 27 August
1030 3184 31 26 19,
1075 3186 59 20 1842.

790 3224 87 22 Town
891 3227 85 21 Acres
991 3228 53 20 For
1059 3229 69 21 Sale.

669 3256 91 48 THE
780 3257 94 23 TOWN
897 3261 100 21 ACRES
1020 3262 123 23 numbered
1166 3271 29 14 on
1220 3264 36 21 the

744 3284 239 27 Surveyor-General's
993 3287 52 28 plan
1056 3289 25 21 of
1093 3289 38 22 the
1148 3290 70 22 Town
1232 3299 24 14 as

667 3311 84 21 follows
758 3318 5 14 :

723 3337 53 23 Nos.
793 3338 42 22 227
843 3339 44 21 and
896 3341 42 21 242
946 3340 199 30 Taranaki-street,

804 3365 27 21 57
846 3365 160 28 Nairn-street,

789 3391 42 22 548
840 3392 140 29 -Hill-street,

791 3418 40 22 748
842 3419 43 21 and
895 3421 41 21 674
946 3421 157 29 Ellice-street,

788 3447 42 19 669
845 3446 180 29 Sussex-square,

788 3473 41 20 902
844 3473 195 29 Adelaide-street,

788 3500 42 20 899
844 3499 177 30 Daniell-street,

802 3527 26 19 31
844 3526 19 22 E
879 3527 145 29 Puni-street,

693 3550 48 22 The
751 3551 68 23 Town
830 3553 60 23 Acre
899 3554 45 23 No.
955 3556 35 26 94,
1007 3556 52 22 with
1075 3557 38 23 the
1131 3558 62 27 large
1210 3559 44 22 and

665 3579 153 21 commodious
837 3579 66 23 house
921 3582 90 22 erected
1027 3582 99 30 thereon,
1142 3585 112 27 presently

664 3605 108 26 occupied
781 3605 30 27 by
822 3606 91 28 Captain
1043 3610 88 25 willbe
1146 3612 33 21 let
1194 3619 29 16 on
1240 3620 13 15 a

663 3631 59 22 lease
732 3631 35 22 for
776 3631 26 23 21
813 3640 71 20 years.
912 3635 78 28 Apply
1000 3640 22 17 to

891 3668 76 28 Hort,
984 3669 122 29 Mo'catta,
1124 3675 50 19 and'
1186 3673 38 21 Co.

691 3692 130 27 September
829 3694 22 26 5,
862 3696 60 21 1842.
1011 3695 9 24 ,;

844 3740 66 21 Seed
920 3738 141 35 Potatoes.
1134 3736 8 17 '-
1164 3744 16 24 ./
1192 3740 2 6 '

662 3770 93 49 C\NE
765 3771 65 23 TON
838 3773 25 22 of
868 3774 38 22 the
915 3775 51 21 best
972 3775 107 23 Derwent
1083 3780 112 27 .potatoes,
1203 3778 48 27 just

689 3797 20 22 /
738 3799 102 22 received
854 3800 29 28 by
892 3801 38 23 the
945 3799 126 29 Exporter*
1078 3804 58 22 from
1152 3805 102 25 Sydney,-
1281 3822 2 4 .

653 3830 2 29 I
687 3824 45 23 For
741 3825 47 22 sale
799 3825 33 28 by'
894 3830 41 23 ,'_
995 3838 11 9 ..
1018 3843 13 10 j;
1034 3841 3 4 .
1088 3843 3 4 .
1146 3836 32 18 -

703 3861 92 16 '..:'/
884 3866 19 13 j,
941 3875 3 4 .
986 3856 84 23 Wai*!
1080 3856 47 24 and
1136 3858 85 22 Tyser.

843 3887 54 27 July
906 3889 35 25 22,
953 3885 72 26 1842.'
1065 3894 13 18 .'
1089 3896 5 8 r
1111 3913 3 5 ,
1138 3913 5 6 r
1167 3904 6 4 -
1204 3899 2 7 '

658 3929 73 48 ON
745 3923 87 35 SAtEi
847 3934 25 19 at
880 3930 44 25 this
934 3932 73 28 office,
1018 3934 69 23 blank
1096 3936 57 22 Bill
1164 3937 83 23 Books.
1281 3918 2 29 *

758 3957 96 22 Gasette
891 3959 70 28 office,
973 3960 57 23 Dec.
1039 3962 20 22 4.
1281 3969 2 15 1

217 715 53 20 For
287 714 105 21 Nelson
412 714 95 24 direct,

73 743 110 42 -^__bl2i
223 752 43 33 HP
270 750 43 22 HE
329 750 75 22 FAST
419 750 132 22 SAILING
567 750 89 27 brigan-

96 772 98 38 JjEgWk
229 772 30 26 JL
282 778 47 21 tine
341 778 117 25 Vanguard,
471 776 44 23 will
525 777 39 21 sail
574 777 35 22 for
619 777 36 22 the

66 799 148 38 ,*KlJFjgjgL
236 805 68 21 above
315 808 51 22 port
375 805 22 20 in
409 812 12 13 a
431 804 42 21 few
484 804 62 27 days.
574 804 54 21 This
638 805 18 20 is

66 825 150 38 __*_Sji_
236 831 140 22 well-known
393 835 21 18 to
431 831 27 22 be
470 831 37 21 the
523 831 75 21 fastest
612 831 44 22 and

236 862 57 18 most
303 858 87 26 regular
399 858 72 21 vessel
483 858 23 21 in
517 858 37 21 the
565 858 67 21 trade.

270 884 44 22 For
323 884 82 27 freight
414 892 25 14 or
447 891 100 21 passage,
560 884 65 27 apply
635 887 24 18 t<y

390 917 81 21 Waitt
486 916 45 22 and
545 917 83 21 Tyser.

94 945 143 26 Wellington,
250 944 128 27 September
388 945 31 24 27,
433 944 59 20 1842.

165 990 52 21 For
228 989 109 26 Sydney
348 988 44 20 via
401 988 156 20 Auckland.

75 1024 94 27 s^<rj&=\
232 1021 92 21 PXiHE
358 1021 43 20 fine
433 1020 134 26 fast-sniling
600 1020 54 26 Brig

97 1044 94 26 M*s!sL
239 1041 29 29 X
314 1048 122 20 TOBAGO.
484 1048 47 20 Has
555 1046 98 27 superior

66 1069 145 37 /sffiW^fS&L.
230 1074 191 21 accommodation
451 1074 33 21 for
513 1074 139 25 Passengers.

66 1095 146 40 -g9j(ffligjjgg
231 1101 44 21 For
284 1100 83 27 freight
377 1108 23 13 or
411 1107 97 20 passage,
522 1100 65 26 apply
598 1103 23 18 to

323 1136 96 22 Thomas
430 1136 33 22 M.
476 1136 148 22 Machattie.

95 1170 129 27 September
234 1172 32 23 20,
279 1171 60 21 1842.

193 1215 97 21 Notice
306 1216 30 19 to
352 1215 175 26 Consignees.

221 1251 92 33 npHE
347 1251 201 21 undermentioned
586 1250 66 27 thirty

99 1272 98 38 ?||!?7JgSfc
228 1272 28 26 JL
310 1277 69 26 casks,
413 1277 93 22 marked
534 1277 35 22 JB
593 1278 22 20 in
639 1285 13 13 a

235 1304 106 21 diamond
351 1311 69 15 across
431 1312 13 13 a
454 1304 104 22 diamond

66 1326 151 38 j^Skpsiiiilia
249 1332 44 20 Ito
304 1333 34 24 10,
350 1335 36 17 ten
397 1331 64 21 hhds.
473 1331 64 26 wine,

67 1352 138 33 TstUgglgSEi
205 1360 6 12 5
212 1362 3 3 '
235 1359 25 19 10
269 1360 22 18 to
301 1359 33 24 30,
343 1361 80 23 twenty
430 1362 89 23 quarter
525 1358 63 21 casks
595 1359 56 21 wine

237 1383 92 28 shipped
344 1391 28 14 on
390 1384 65 21 board
474 1384 37 22 the
526 1386 52 19 New
596 1387 56 19 York

65 1412 79 20 Packet
164 1411 29 28 by
214 1411 83 26 Joseph
317 1411 89 26 Bishop,
426 1415 40 17 not
489 1411 83 28 having
594 1412 55 22 been

67 1438 95 22 claimed
172 1442 24 18 at
211 1445 41 19 any
264 1437 25 21 of
301 1437 38 21 the
354 1440 57 24 ports
426 1437 73 22 where
516 1438 49 21 that
581 1439 70 21 vessel

67 1465 102 26 touched,
181 1464 57 22 have
253 1464 56 22 been
324 1464 81 22 landed
414 1468 24 18 at
456 1465 47 26 Bay
518 1465 26 21 of
557 1465 92 27 Islands,

64 1491 39 21 the
118 1491 42 22 last
177 1495 49 23 port
237 1491 24 21 of
275 1491 122 26 discharge,
409 1491 43 21 and
469 1492 143 21 warehoused
627 1493 23 21 in

65 1517 34 22 W.
113 1518 104 22 Wilson's
227 1517 91 23 bonded
334 1521 64 22 store,
410 1518 72 22 where
499 1519 52 26 they
562 1526 50 20 may
622 1519 28 22 be

65 1544 45 22 had
122 1552 27 14 on
161 1545 141 28 application.

93 1578 144 27 Wellington,
249 1580 89 26 August
346 1581 33 23 30,
392 1581 59 20 1842.

269 1624 96 21 Public
380 1624 67 21 Sale.

66 1657 89 47 MR.
172 1657 84 22 JOHN
271 1657 96 22 WADE
376 1658 19 21 is
407 1657 122 22 instructed
540 1661 22 18 to
572 1658 39 21 sell
621 1658 29 27 by

142 1684 78 21 Public
236 1684 102 27 Auction,
357 1688 21 17 at
397 1684 33 22 his
450 1688 75 23 stores,
544 1685 31 22 Te
596 1686 53 26 Aro,

64 1712 133 24 to-morrow,
214 1711 124 26 Thursday,
357 1711 128 27 September
500 1713 33 25 29,
551 1712 59 27 1842,
627 1715 23 18 at

62 1744 43 14 one
116 1737 84 21 o'clock
211 1738 106 26 precisely
325 1745 5 14 ::

117 1765 12 19 8
139 1768 51 17 tons
200 1764 75 22 brown
285 1772 73 20 sugar,

117 1792 8 19 1
138 1791 36 21 do.
185 1791 75 26 coffee,

115 1819 27 19 26
153 1818 68 21 boxes
231 1818 122 27 Pouchong
363 1822 40 22 tea,
415 1820 39 24 12
464 1818 31 22 lb.
507 1818 60 26 each,

117 1846 24 23 6J
152 1844 72 22 chests
235 1844 128 27 Pouchong,
374 1846 38 24 34
422 1845 38 26 lb.,

117 1872 24 24 6J
153 1878 61 14 cases
224 1872 70 26 prints
303 1873 29 20 50
341 1872 73 25 pieces
424 1872 61 26 each,

117 1899 10 20 1
139 1898 49 21 bale
198 1898 51 21 blue
259 1898 83 27 striped
352 1902 73 18 cotton
435 1898 73 27 shirts,

117 1926 9 19 1
138 1924 36 21 do.
185 1925 59 21 duck
250 1925 94 26 jackets,

116 1951 107 26 Quantity
235 1952 25 20 of
270 1952 38 26 gin
319 1953 22 20 in
354 1954 11 23 J
376 1959 64 19 cases,

114 1978 12 20 5
137 1977 54 26 kegs
204 1978 63 26 snuff;

113 2005 13 19 2
136 2004 99 26 working
245 2005 107 26 bullocks,

84 2050 3 3 .
113 2031 107 26 Quantity
230 2031 25 21 of
267 2031 95 22 Manilla
371 2038 58 24 rope,

114 2057 107 26 Quantity
232 2058 24 20 of
268 2058 87 25 timber,
366 2058 89 27 fittings,
467 2065 67 20 spars,

190 2083 99 28 buckets,
300 2085 105 26 lanterns,
415 2085 59 21 head
484 2092 69 20 ropes,
565 2086 39 20 &c.

87 2110 106 22 Terms
197 2111 76 21 Under
290 2112 54 26 20,
365 2112 62 27 cash;
449 2112 70 21 above
539 2112 47 23 20
604 2112 43 21 and

61 2137 66 21 under
143 2138 53 25 30,
209 2145 40 14 one
263 2138 76 21 month
348 2146 5 18 ;
370 2139 68 20 above
454 2139 48 22 30
517 2139 45 20 and
576 2140 71 20 under

61 2163 52 26 '10,
125 2166 9 19 1
146 2165 45 20 and
202 2166 12 19 2
224 2165 101 26 months;
338 2165 68 21 above
416 2166 53 25 40,
482 2165 60 21 three
551 2166 96 21 months'

57 2190 70 22 credit
136 2198 27 14 on
176 2192 108 27 approved
296 2192 108 21 endorsed
414 2196 150 24 acceptances.

89 2224 128 27 September
226 2225 33 26 27,
271 2227 60 19 1842.
659 2222 3 33 j

63 2269 89 47 MR.
169 2269 84 21 JOHN
268 2270 94 22 WADE
376 2271 18 20 is
403 2271 122 21 instructed
536 2274 21 17 to
567 2270 38 22 sell
616 2271 29 26 by
659 2261 2 29 I

151 2296 98 26 auction,
261 2299 22 18 at
293 2297 36 21 the
340 2301 69 18 stores
424 2298 26 20 of
468 2298 89 20 Messrs.
576 2297 70 22 Waitt

62 2322 43 20 and
116 2322 75 27 Tyser,
205 2330 27 14 on
249 2323 88 27 Friday,
355 2323 36 23 the
405 2325 37 21 7th
459 2325 104 25 October,
583 2326 59 25 1842,

61 2356 12 13 a
92 2348 59 27 large
170 2353 131 19 assortment
315 2351 26 21 of
360 2351 153 22 merchandise
532 2351 43 21 and
595 2359 49 18 pro-

61 2375 87 26 visions,
157 2384 40 19 per
211 2376 42 22 late
265 2377 102 28 arrivals;
386 2386 81 19 among
481 2378 72 21 which
564 2378 42 21 will
616 2379 27 20 be

60 2401 65 23 found
141 2405 27 19 10
178 2410 55 15 TONS
244 2411 57 15 VERY
314 2412 109 14 SUPERIOR
433 2412 81 14 FLOUR.

86 2429 94 22 Further
188 2431 130 26 particulars
325 2431 24 21 in
361 2438 12 14 a
382 2432 72 21 future
464 2432 177 21 advertisement.

86 2462 128 28 September
223 2464 33 26 27,
269 2466 60 20 1842.
656 2452 3 47 J

228 2514 76 20 Land
320 2514 42 21 for
376 2516 67 25 Sale,
656 2504 2 36 j

58 2545 50 48 IN
120 2546 63 21 small
191 2546 42 21 lots
242 2550 22 18 to
274 2548 44 21 suit
327 2548 134 27 purchasers,
480 2549 23 21 in
514 2549 37 21 the
562 2549 79 28 village
656 2542 2 26 !

119 2572 25 21 of
165 2573 132 28 Richmond,
324 2575 42 21 and
394 2576 22 20 in
439 2576 38 21 the
501 2576 95 22 districts
619 2577 26 21 of

58 2597 85 28 Korori,
164 2600 45 21 and
226 2601 98 22 PorirUa.
360 2602 42 22 For
413 2603 86 21 further
513 2603 129 28 particulars

55 2625 65 27 apply
134 2628 22 19 to

66 2680 2 1 .
264 2655 54 33 __^
320 2673 5 4 -
341 2655 104 23 WINTER
459 2657 152 22 BLATHWAYT.

56 2696 175 46 WANTED
247 2699 19 21 A
281 2700 206 23 SHEPHERD.
488 2702 36 21 No
532 2710 41 13 one
583 2703 56 21 need

137 2724 65 27 apply
212 2725 48 21 who
271 2725 39 22 has
326 2730 39 17 not
376 2728 54 21 been
447 2729 94 26 brought
550 2737 28 19 up
590 2737 22 13 as
626 2737 13 14 a

59 2749 121 27 Shepherd.
209 2752 74 27 Apply
292 2756 24 18 to

231 2785 35 22 W.
278 2786 92 28 Hulke,
381 2788 149 27 Cowpastures
539 2789 72 22 Farm.

164 2835 129 28 Borough
310 2838 30 20 of
352 2839 177 27 Wellington.

57 2868 90 47 THE
164 2869 186 23 COMMITTEE
365 2871 33 22 for
412 2874 102 25 securing
528 2874 37 21 the
576 2875 64 22 Elec-

143 2895 48 21 tion
216 2896 26 21 of
262 2897 37 22 the
323 2898 112 27 following
454 2901 137 27 gentlemen,
616 2911 23 13 as

56 2922 113 21 Members
181 2922 25 21 of
213 2923 91 22 Council
315 2925 33 21 for
357 2925 42 21 this
412 2927 112 27 Borough,
536 2928 27 21 sit
573 2936 65 20 every

56 2947 118 28 Thursday
184 2950 102 27 evening,
304 2951 100 23 between
418 2953 37 21 the
465 2954 66 21 hours
543 2955 24 20 of
574 2955 12 22 7
597 2957 42 20 and

55 2975 19 25 9,
87 2978 21 17 at
118 2975 38 21 the
167 2976 56 21 Ship
233 2976 75 27 Hotel,
321 2978 105 23 Manners
437 2981 78 21 Street

82 3006 90 23 Messrs.
191 3007 108 29 Bethune,
366 3010 88 23 Messrs.
471 3012 71 28 Lyon,

190 3034 97 27 Daniell,
329 3055 11 7 ..
472 3040 26 21 M
502 3040 101 27 'Donald,

191 3062 146 27 Fitzherbert,
471 3066 151 28 Molesworth,

191 3088 97 27 Guyton,
470 3092 120 28 Partridge,

190 3115 66 27 Hort,
268 3116 36 26 A.,
470 3119 85 27 Penny,

190 3141 95 29 Hunter,
471 3146 79 27 Smith,
562 3147 65 22 W.A.

190 3168 106 28 Johnson,
308 3170 27 21 E.
472 3172 76 28 Waitt,

188 3195 104 28 Ludlam,
471 3199 105 28 Wallace,
588 3201 30 21 H.
631 3203 4 2 '

188 3222 78 27 Durie,
472 3226 67 22 Watt.

221 3256 87 22 Henry
324 3258 37 22 St.
376 3258 70 27 Hill,

308 3284 118 23 Chairman
437 3286 26 22 of
470 3287 138 23 Committee.

78 3308 129 27 September
216 3313 26 24 6,.
249 3312 60 21 1842.

171 3355 172 28 Wellington
357 3349 161 30 Almanack.

50 3384 49 49 IT
108 3386 39 22 has
157 3387 55 22 been
223 3389 111 27 arranged
344 3393 22 19 to
375 3390 58 22 issue
442 3398 14 14 a
472 3392 85 22 Pocket
570 3393 44 21 and
623 3401 14 14 a

108 3412 66 23 Sheet
183 3415 127 23 Almanack
318 3417 35 21 for
363 3419 58 26 1843,
433 3417 58 23 from
501 3418 38 22 the
551 3420 86 21 Gazette

50 3440 77 35 j)ffice.
157 3440 92 24 Persons
264 3443 70 28 being
346 3444 23 22 in
378 3445 127 26 possession
512 3446 26 21 of
550 3453 43 20 any
602 3447 33 22 in-

50 3466 118 23 formation
178 3468 73 22 which
261 3470 53 26 they
324 3471 65 22 think
398 3471 70 28 likely
477 3476 22 18 to
508 3473 47 21 add
565 3477 23 18 to
598 3474 37 22 the

48 3494 117 21 attraction
174 3495 27 21 of
207 3496 37 22 the
254 3496 61 22 work
325 3498 23 22 in
364 3499 109 26 question,
484 3506 39 15 are
534 3501 101 22 solicited

49 3520 24 19 to
82 3520 85 22 furnish
176 3522 38 20 the
224 3530 61 15 same
296 3527 22 19 to
329 3524 37 22 the
374 3526 85 21 Gazette
466 3527 78 26 Office,
553 3527 34 22 for
597 3527 37 23 the

49 3551 39 17 uw
97 3547 26 20 of
129 3547 37 22 the
176 3548 78 24 Editor
262 3551 26 21 of
294 3557 14 15 a
318 3551 60 23 work
387 3553 79 26 which,
475 3553 21 21 if
502 3554 48 22 well
562 3555 72 22 stored

48 3575 51 18 with
110 3575 64 20 local,
181 3587 2 10 :
183 3578 86 25 matter,
280 3581 84 19 cannot
371 3579 38 22 fail
424 3583 23 19 to
465 3587 64 16 serve
539 3581 36 22 the
586 3581 49 22 best
661 3588 2 8 '

48 3601 101 20 interests
160 3600 25 22 of
193 3601 38 22 the
241 3603 133 24 settlement.
547 3622 4 4 ,
661 3613 2 11 <

77 3631 85 21 Gazette
172 3632 77 28 Office,
261 3635 54 27 July
324 3638 34 24 30,
371 3639 57 22 1842.
661 3631 2 21 ]

48 3675 97 21 Notice
157 3678 28 19 to
193 3677 136 23 Members
341 3680 30 21 of
376 3682 43 21 the
430 3684 201 23 Horticultural

89 3715 3 9 '
136 3724 2 5 .
151 3723 5 7 ,
182 3720 2 9 1
268 3720 11 11 ,<
284 3706 115 28 Society.

48 3734 339 37 mHE.COMMITTEE.-wiH
396 3742 115 25 distribute
518 3745 38 22 the
563 3746 69 23 Seeds
654 3734 2 5 '

54 3763 29 19 A
94 3763 82 21 .^and,
176 3763 106 28 Cuttings,
287 3766 167 25 receivedfrom
464 3771 38 22 the
514 3772 115 23 Botanical
652 3780 10 14 <t

46 3788 102 37 gardens
154 3806 4 9 t
158 3790 129 29 of;Sydney^
297 3795 23 19 to
338 3793 119 31 Members,
463 3805 42 14 on
518 3799 57 22 their
591 3807 46 18 ap->
661 3788 2 22 '

45 3814 106 28 plymgjto
163 3816 175 30 theS'eoretary'.'
448 3826 18 16 >,*
486 3834 19 9 ,
524 3836 14 7 ;
542 3833 10 11 ,
572 3830 4 13 t
587 3825 14 22 b

91 3851 18 12 .;
139 3850 9 13 T
181 3853 13 11 i,
252 3858 4 5 .
367 3847 26 23 E.
407 3849 192 26 F-EATHERSTONE.
652 3851 2 8 '

43 3882 18 15 __,
71 3868 136 28 September,
210 3871 32 26 l3,
254 3873 59 21 1842.
497 3885 32 11 ..,
568 3887 2 5 .

43 3907 290 49 J^^ft&wri
343 3925 29 15 on
383 3919 49 24 Sale
441 3924 25 19 at
475 3924 155 25 tne,Offic,of
651 3911 11 37 i]

43 3941 27 16 *
105 3941 43 20 thii
158 3941 78 28 Paper,
246 3945 39 20 ink
296 3945 76 22 stand*
382 3945 22 23 of
404 3942 4 11 1
414 3948 89 23 various
512 3950 62 24 sizes.
650 3955 2 16 1
658 3946 4 25 1

2069 717 105 21 Church
2189 719 31 20 of
2231 721 137 22 Scotland.

1925 751 49 46 A
2001 750 176 24 NUMEROUS
2206 754 44 21 and
2274 754 76 28 highly
2373 759 136 26 respectable

2004 777 102 27 Meeting
2117 778 26 21 of
2156 778 36 22 the
2204 780 129 22 Committee
2343 783 46 21 and
2399 785 110 22 members

1925 804 25 19 of
1957 804 36 19 the
2010 804 80 21 Scotch
2108 805 154 28 Presbyterian
2274 808 95 28 Church,
2381 811 45 21 and
2436 811 74 22 others

1924 830 107 26 adhering
2047 834 22 17 to
2086 831 39 22 her
2143 832 99 23 doctrine
2262 835 44 21 and
2325 835 122 29 discipline,
2466 846 45 14 was

1924 857 49 19 held
1986 863 28 14 on
2028 857 98 28 Monday
2136 860 103 27 evening,
2256 862 37 20 the
2309 862 52 22 26th
2378 868 96 22 current,
2485 865 24 22 in

1923 884 37 19 the
1971 884 130 26 Exchange.

2037 910 29 21 K.
2083 910 111 23 Bethune
2211 921 23 13 in
2250 922 45 14 the
2311 915 83 23 Chair.

1950 936 46 20 The
2006 940 97 18 minutes
2114 938 26 21 of
2148 938 36 22 the
2196 941 98 25 previous
2302 942 95 22 General
2410 944 100 26 Meeting

1922 962 82 27 having
2022 962 56 21 been
2094 964 60 27 read,
2171 973 12 13 a
2197 966 57 21 draft
2270 968 25 20 of
2308 968 35 22 the
2361 969 148 25 Constitution

1923 989 32 20 for
1966 989 36 20 the
2011 989 48 21 first
2069 990 79 22 Scotch
2157 992 86 22 Church
2254 994 22 21 in
2288 994 142 30 Wellington,
2437 996 73 24 which

1922 1015 44 21 had
1982 1016 55 21 been
2056 1018 106 26 prepared
2180 1019 29 27 by
2225 1020 36 21 the
2274 1021 195 30 Sub-Committee,
2486 1032 24 14 as

1921 1042 130 21 nominated
2062 1048 22 16 at
2095 1044 36 21 the
2148 1044 42 23 last
2207 1046 76 22 Public
2300 1047 101 29 Meeting
2411 1051 101 26 reported

1921 1076 23 13 in
1954 1069 36 20 the
2004 1070 86 21 Gazelle
2099 1072 25 20 of
2136 1072 129 27 September
2282 1076 34 25 21,
2328 1077 59 26 1842,
2401 1084 42 14 was
2455 1078 54 22 read

1921 1097 100 26 seriatim,
2034 1098 50 25 and,
2096 1098 58 22 after
2162 1107 60 14 some
2232 1102 155 22 amendments
2398 1105 111 26 proposed

1921 1123 29 27 by
1966 1124 92 21 Messrs.
2070 1125 76 27 Durie,
2163 1126 78 28 Wood,
2253 1128 45 22 and
2308 1128 75 29 Waitt,
2396 1138 43 14 was
2453 1139 56 14 una-

1921 1151 114 27 nimously
2046 1153 110 25 approved
2168 1154 28 20 of.

1950 1176 21 21 It
1984 1185 46 14 was
2043 1179 107 27 proposed
2168 1181 29 25 by
2208 1180 43 22 Mr.
2264 1182 75 27 Seller,
2352 1185 111 21 seconded
2478 1185 32 26 by

1923 1205 43 19 Mr.
1975 1204 95 26 Wilson,
2081 1205 47 22 that
2135 1206 44 22 Mr.
2187 1208 83 21 Robert
2278 1209 67 21 Waitt
2350 1210 28 21 be
2389 1212 120 27 appointed

1925 1230 88 22 Trustee
2030 1232 25 21 in
2071 1232 36 21 the
2122 1240 61 15 room
2201 1234 25 21 of
2241 1235 43 21 Mr.
2296 1236 86 27 Strang,
2402 1237 49 22 who
2465 1239 45 21 had

1922 1256 90 23 retired.

1933 1310 9 6 r
1950 1284 83 21 Moved
2044 1285 29 27 by
2085 1286 74 26 Major
2169 1287 76 26 Durie,
2254 1288 41 21 and
2307 1290 111 21 seconded
2427 1291 29 28 by
2467 1293 41 21 Dr.

1922 1310 74 27 Knox,
2010 1312 50 20 that
2070 1312 42 21 this
2123 1314 147 21 Constitution
2286 1315 28 21 be
2326 1318 126 25 engrossed,
2464 1319 46 22 and

1922 1337 120 22 submitted
2053 1339 33 20 for
2096 1340 147 27 subscription
2255 1345 22 18 to
2291 1342 30 21 all
2335 1343 96 27 friendly
2440 1348 22 18 to
2471 1345 38 23 the

1922 1363 89 22 Church
2022 1366 27 20 of
2059 1366 111 21 Scotland.

1950 1390 84 23 Moved
2049 1392 29 26 by
2094 1393 43 21 Mr.
2155 1393 70 27 Lyon,
2238 1395 41 21 and
2296 1397 112 22 seconded
2423 1398 28 27 by
2463 1399 44 21 Mr.

1924 1417 91 27 Wilson,
2033 1419 49 21 that
2097 1419 43 22 this
2157 1420 146 24 Constitution
2323 1423 25 21 be
2365 1425 88 26 printed
2465 1427 44 21 and

1921 1445 114 27 generally
2046 1446 129 22 circulated.

2168 1474 28 21 K.
2213 1475 120 29 Bethune,
2350 1477 128 24 Chairman.

1949 1525 46 22 The
2013 1527 118 22 Treasurer
2149 1528 55 28 begs
2224 1533 21 18 to
2265 1530 143 28 acknowlege
2426 1534 83 27 receipt

1921 1552 27 21 of
1958 1553 36 20 the
2004 1554 115 27 following
2129 1555 120 22 additional
2259 1557 155 28 subcriptions.

1949 1580 101 21 Amount
2061 1581 102 27 formerly
2174 1582 125 23 advertised
2309 1599 4 5 .
2321 1599 5 5 .
2339 1585 62 23 367
2430 1589 9 19 1
2469 1590 14 20 6

1950 1606 53 22 Mrs.
2016 1608 82 26 Miller,
2117 1608 76 23 Kumu
2209 1610 54 21 Toto
2386 1615 14 19 2
2428 1616 13 19 2
2468 1617 15 19 0

1949 1633 56 22 Miss
2021 1634 69 22 Janet
2101 1636 82 21 Polack
2388 1643 13 19 0
2416 1642 26 20 10
2469 1644 14 19 0

1949 1660 43 21 Mr.
2004 1661 61 21 John
2075 1662 93 21 M'Beth
2387 1669 54 20 010
2468 1671 14 19 6

1948 1687 44 21 Mr.
2004 1688 84 21 Robert
2098 1689 92 25 Murray
2389 1695 10 19 1
2428 1697 13 13 n
2469 1698 14 16 O

1949 1714 43 21 Mr.
2004 1714 35 22 W.
2053 1715 127 22 Donald...
2389 1722 10 20 1
2429 1723 13 19 0
2469 1724 14 20 0

1948 1741 131 22 Alexander
2089 1742 91 22 Farmer
2190 1745 73 21 senior
2387 1749 14 19 0
2416 1749 25 21 10
2468 1751 15 19 0

1949 1768 131 22 Alexander
2089 1769 91 22 Farmer
2189 1771 74 26 junior
2283 1787 45 6 ....
2388 1776 9 19 1
2428 1777 55 21 00

1949 1794 33 22 W.
2000 1796 128 21 M'Connell
2386 1803 13 19 0
2415 1803 26 20 10
2468 1804 14 20 0

1948 1821 60 22 John
2022 1822 118 22 M'Hardie
2387 1830 14 19 0
2416 1830 26 20 10
2469 1832 14 19 0

1948 1848 77 22 James
2033 1850 82 21 Collins
2388 1857 13 19 0
2429 1856 12 20 5
2469 1858 14 20 0

1948 1875 60 21 John
2021 1876 66 22 Baird
2388 1884 13 19 0
2416 1883 26 21 10
2469 1886 14 19 0

1948 1902 77 21 James
2035 1903 67 22 Baird
2389 1911 13 19 0
2417 1911 26 19 10
2470 1912 14 19 0

1948 1929 67 22 Allan
2029 1930 107 22 Cameron
2387 1937 9 19 1
2426 1938 13 19 0
2467 1939 14 19 0

2338 1989 63 22 376
2416 1992 25 20 19
2469 1993 14 19 0

2112 2012 117 22 Kenneth
2246 2014 118 28 Bkthunc,
2380 2017 128 22 Treasurer.

2041 2057 41 19 On
2096 2057 70 24 Sale,
2182 2063 35 15 ex

1919 2086 120 50 SLOPS,

1970 2115 81 20 Cotton
2063 2114 70 27 shirts,

1971 2141 98 27 Regatta
2079 2142 43 26 do.,

1971 2168 91 21 Double
2072 2169 44 21 and
2126 2168 189 28 single-barrelled
2328 2173 89 27 fowling
2427 2175 78 27 pieces,

1919 2194 59 26 (flint
1987 2194 45 22 and
2044 2196 145 26 percussion,)

1971 2222 105 26 Farming
2089 2223 146 27 implements,

1971 2249 139 27 Carpenters'
2121 2250 62 26 tools,
2195 2259 61 19 saws,
2268 2260 44 14 saw
2323 2253 53 28 files,
2389 2255 48 27 &c,

1971 2276 169 28 Ironmongery,
2152 2278 63 26 nails,
2227 2279 47 27 &c,

1971 2303 72 22 Glass.

2189 2332 24 21 F.
2230 2332 26 22 V.
2274 2333 98 23 Martin
2387 2335 44 22 and
2442 2336 38 22 Co.

1916 2361 31 22 Te
1957 2363 54 25 Aro,
2025 2363 129 26 September
2162 2363 33 27 27,
2209 2365 59 21 1842.

2020 2408 42 20 On
2076 2409 59 20 Sale
2151 2415 36 14 ex

1918 2440 41 24 T>
1967 2441 122 21 OTTLED
2100 2442 34 21 ale
2146 2443 43 21 and
2200 2446 65 23 stout,

1917 2464 45 24 -O
1999 2468 54 22 Fine
2065 2469 80 21 Scotch
2155 2469 104 28 whiskey,

1999 2495 153 28 Champagne,

2000 2523 67 20 Paint
2077 2523 28 21 oil
2116 2523 23 21 in
2152 2531 59 19 cans,

1999 2549 82 27 Barley
2092 2550 42 22 and
2145 2551 95 21 oatmeal
2250 2551 22 22 in
2283 2552 102 27 air-tight
2394 2554 71 27 casks,

1998 2576 104 22 Anchors
2113 2577 45 21 and
2169 2578 64 21 chain
2244 2579 80 26 cables,

1999 2603 124 22 Iron-work
2133 2605 35 21 for
2177 2605 135 28 windlasses,

1999 2630 59 21 Irish
2068 2631 54 26 pork
2131 2631 23 22 in
2166 2631 89 27 barrels,

1999 2657 104 27 Superior
2113 2658 96 22 watches
2218 2659 45 22 and
2274 2659 80 22 clocks.

2274 2687 89 22 Willis
2378 2695 47 14 and
2441 2689 38 22 Co.

1945 2711 189 28 Lambton-quay,
2148 2713 60 26 Sept.
2218 2714 33 25 26,
2262 2715 60 20 1842.

2022 2756 94 21 Seeds!
2144 2758 108 21 Seeds!!
2279 2759 122 21 Seeds!!!

1917 2790 87 48 FOR
2020 2790 83 27 SALE,
2116 2790 30 27 by
2155 2791 37 21 the
2206 2792 149 27 undersigned
2364 2801 4 13 ::

1976 2817 19 21 A
2013 2817 87 22 various
2116 2821 131 19 assortment
2262 2820 24 21 of
2301 2827 47 14 new
2362 2821 72 27 seeds,
2453 2829 56 15 war-

1915 2843 79 21 ranted
2004 2850 77 20 grown
2091 2844 23 22 in
2126 2845 38 21 the
2175 2845 90 28 Colony.

2214 2878 110 21 William
2335 2879 142 22 Bannister.

1916 2920 89 48 FOR
2020 2920 84 27 SALE,
2121 2928 29 14 ex
2164 2922 60 25 Lady
2238 2923 66 25 Leigh
2321 2923 44 21 and
2382 2923 65 22 other
2460 2924 45 22 late

1989 2947 92 21 arrivals
2089 2955 5 13 :

1944 2974 97 21 Seconds
2051 2974 63 27 flour,

1945 3000 70 21 Patna
2025 3001 51 25 rice,

1943 3026 58 22 Java
2011 3028 77 26 coflee,

1943 3054 95 20 Manilla
2049 3061 71 20 sugar,

1943 3080 63 21 Pitch
2015 3080 47 21 and
2072 3085 39 23 tar,

1942 3107 50 21 Coir
2001 3114 61 20 rope,

1942 3133 90 27 Brandy
2042 3134 24 21 in
2077 3135 63 21 wood
2149 3135 42 22 and
2202 3144 68 20 cases,
2282 3145 53 20 very
2345 3139 67 26 good,

1942 3160 52 22 Best
2004 3160 103 23 hollands
2117 3162 74 22 inred
2202 3170 68 21 cases,

1942 3187 57 22 Rum
2010 3188 45 20 and
2063 3189 77 21 arrack
2150 3189 24 21 in
2183 3189 65 23 hhds.

1942 3214 43 21 Gin
1995 3215 23 20 in
2029 3214 64 22 hhds.
2104 3215 45 22 and
2159 3217 69 26 pipes,

1941 3241 53 21 Port
2001 3242 45 20 and
2056 3242 76 27 sheiry
2141 3243 24 21 in
2175 3243 64 23 hhds.
2251 3245 43 21 and
2304 3248 90 23 quarter
2405 3247 69 26 casks,

1940 3268 57 26 Port,
2016 3268 84 27 sherry,
2118 3269 44 23 and
2173 3271 114 28 .Madiera,
2305 3272 137 23 Rutherford
2460 3273 44 23 and

1912 3294 94 28 Drury's
2015 3294 77 29 brand,

1940 3321 144 28 Champagne
2094 3322 23 22 in
2129 3330 68 20 cases,

1940 3348 92 22 Powder
2040 3349 25 21 in
2075 3351 25 20 25
2108 3349 30 23 lb.
2150 3351 72 27 casks,

1940 3375 90 22 Several
2041 3375 203 26 double-barrelled
2253 3386 64 20 guns,

1939 3402 91 22 Timber
2040 3403 94 23 suitable
2145 3404 35 22 for
2189 3405 29 21 all
2228 3406 101 27 building
2336 3414 115 20 purposes.

2216 3458 6 3 -
2235 3440 81 21 Waitt
2330 3440 44 21 and
2388 3440 85 22 Tyser.

1965 3482 55 20 For
2039 3483 60 21 Sale
2121 3485 29 19 at
2172 3485 44 19 the
2241 3485 103 20 Nelson
2363 3483 85 28 Dairy

2194 3513 29 18 at

2093 3537 106 21 Nelson
2213 3538 102 20 Haven.

1915 3573 65 19 ork
1997 3569 86 22 COWS
2098 3570 35 22 IN
2149 3569 85 28 CALF,
2247 3567 6 3 '
2359 3586 3 7 ,
2444 3591 5 2 .
2498 3560 9 35 I

1910 3593 70 28 OVF
2009 3598 28 25 3Q
2048 3596 81 23 heifers
2138 3597 24 21 in
2173 3596 50 28 calf,
2232 3614 4 3 .

2009 3624 28 21 50
2047 3631 76 22 young
2131 3623 91 28 heifers,

1938 3650 15 21 4
1961 3649 118 23 half-bred
2088 3650 102 23 Durham
2202 3650 67 28 bull*,
2323 3662 3 8 <

1938 3678 24 19 11
1973 3680 80 24 steers,-

1964 3705 14 20 6
1988 3704 101 26 working
2098 3703 110 27 bullocks,
2281 3705 2 4 '
2348 3716 6 8 .

1963 3731 15 20 4
1987 3730 65 22 stock
2060 3730 84 27 horses,

1964 3759 42 20 100
2016 3765 64 19 ewes,

1963 3784 140 27 50-wethers,
2220 3783 10 8 ''
2269 3793 2 7 <
2296 3793 11 18 \
2340 3785 11 10 ''
2409 3785 34 25 '".

1936 3810 47 23 The
1999 3811 71 21 above
2085 3818 43 15 are*
2136 3811 57 22 from
2209 3812 40 21 Dr.
2260 3812 93 28 Jfnlay's
2371 3812 129 25 celebrated

1908 3838 62 21 stock
1980 3842 23 17 at
2010 3837 104 22 -Twofold
2127 3837 55 23 Bat.
2187 3836 2 8 1
2202 3838 56 23 'The
2270 3840 66 23 cattle
2352 3847 37 15 are
2400 3837 37 26 t&j

1909 3864 129 26 bred,-'have
2052 3864 55 22 been
2117 3864 84 23 landed
2211 3864 22 23 in
2242 3865 43 27 .the
2295 3866 66 23 fittest
2372 3864 71 31 birder,
2453 3866 50 25 and'

1908 3891 58 21 form
1976 3890 39 23 the
2029 3890 50 23 best
2088 3891 139 22 selectibh-'of
2234 3899 42 25 any
2284 3892 184 31 lot'y'et'brought
2477 3898 22 20 tb

1908 3917 56 22 New
1975 3916 114 24 Zealand.'
2112 3918 265 32 ForparticularsVapply
2388 3922 34 22 to'

2100 3946 21 22 S.
2134 3945 106 29 Revans,
2255 3944 182 32 W'ellingtoni'or

2101 3972 28 23 D.
2140 3972 146 30 Drummokd,
2299 3973 85 25 Nelson
2396 3976 88 23 Haven.
