2550 4050
566 49 98 50 BT!je
688 50 119 44 itfeto
834 53 209 43 ZUalanti
1068 55 190 41 i&antu
1284 54 91 41 atii>
1399 56 301 48 micllwqton
1726 57 253 49 Spectator.

1288 140 99 28 allowed,
1404 142 29 27 by
1450 149 28 15 an
1497 144 47 21 Act
1563 144 26 21 of
1605 144 37 22 the
1663 146 92 22 Council
1773 147 100 27 recently

1288 167 83 27 passed,
1391 169 22 20 in
1433 169 98 23 addition
1549 174 22 18 to
1589 179 12 13 a
1619 172 89 26 regular
1725 172 148 22 Government

1288 195 71 24 salary
1369 194 69 23 which
1450 196 17 21 is
1474 197 68 26 given
1553 198 66 25 them,
1631 200 31 19 2s.
1674 198 35 21 for
1719 198 53 21 each
1787 199 86 27 subject

1289 220 128 23 vaccinated
1424 222 20 21 in
1455 223 37 21 the
1504 227 66 23 town,
1584 224 43 21 and
1636 226 32 20 4s.
1680 225 32 21 for
1725 225 52 21 each
1789 226 84 26 subject

1289 245 129 25 vaccinated
1432 249 24 21 in
1466 249 38 22 the
1516 253 99 22 country.

1413 306 118 25 SOUTH
1544 308 207 24 AUSTRALIA.

1902 151 57 23 from
1979 151 109 25 W.S.W.
2107 158 22 18 to
2147 153 124 30 W.N.W.,
2292 157 158 31 accompanied
2468 163 26 19 at

1902 183 64 23 short
1977 185 107 24 intervals
2097 186 52 23 with
2161 186 71 31 heavy
2245 187 98 25 showers
2353 199 6 19 ;
2379 190 47 29 but,
2439 195 53 19 not-

1902 216 162 33 withstanding
2086 219 38 23 the
2146 221 156 29 unpropitious
2325 227 57 18 state
2406 223 25 23 of
2453 223 39 24 the

1902 249 103 29 weather,
2019 251 38 22 the
2069 251 74 23 lovers
2155 253 25 22 of
2195 254 98 22 nautical
2305 262 79 16 scenes
2400 256 38 24 did
2450 261 42 19 not

1903 282 124 30 relinquish
2050 283 60 23 their
2129 287 123 28 respective
2273 288 110 28 positions
2404 296 29 16 on
2453 289 39 24 the

1902 314 73 23 banks
1988 315 24 22 of
2022 316 38 23 the
2072 317 67 22 river.
2176 318 60 23 Soon
2250 318 56 24 after
2318 320 59 23 flood
2388 321 53 29 tide,
2452 322 40 23 the

1902 346 99 24 Thames
2013 348 58 23 from
2079 349 126 24 Woolwich
2217 355 22 18 to
2253 351 120 30 Shadwell,
2381 353 58 24 from
2451 355 41 22 the

1902 385 64 24 great
1977 382 96 22 number
2085 383 26 21 of
2123 383 85 22 vessels
2219 384 92 30 beating
2322 386 111 30 upwards,
2445 387 47 23 had

1903 412 37 23 the
1960 421 139 23 appearance
2118 415 24 23 of
2165 423 14 14 a
2198 416 87 31 thickly
2302 417 93 31 planted
2410 419 81 24 forest.

1902 445 35 23 As
1951 445 36 24 the
2000 447 46 23 tide
2059 448 115 22 increased
2184 449 85 22 vessels
2279 450 24 23 of
2312 450 75 31 larger
2394 456 99 27 tonnage

1902 478 64 23 made
1987 479 58 24 their
2067 488 148 23 appearance,
2236 482 44 22 and
2303 484 124 30 altogether
2452 485 40 23 the

1902 518 66 16 scene
1979 519 46 15 was
2038 521 42 15 one
2093 514 25 22 of
2133 522 12 15 a
2156 519 59 18 most
2227 515 152 32 exhilarating
2390 517 102 31 descrip-

1902 544 56 28 tion,
1972 544 41 23 and
2027 546 56 23 such
2102 555 24 14 as
2144 546 42 24 has
2205 553 40 17 not
2255 548 58 24 been
2324 550 121 23 witnessed
2457 550 36 23 for

1902 584 68 23 many
1980 585 66 22 years
2059 583 59 26 past-
2154 580 129 30 Collisions,
2297 583 158 31 occasionally,
2468 584 26 22 in

1902 617 154 23 consequence
2079 611 27 23 of
2130 612 37 24 the
2190 614 102 23 crowded
2321 619 58 19 state
2401 616 25 22 of
2453 616 40 23 the

1901 644 67 27 river,
1992 651 58 15 were
2073 646 156 29 unavoidable,
2253 647 40 24 but
2315 649 93 30 happily
2431 649 61 23 little

1902 676 93 31 damage
2013 682 48 17 Was
2080 677 64 24 done.
2181 678 50 24 The
2250 681 97 23 number
2366 682 23 22 of
2405 682 88 23 vessels

1902 710 49 22 that
1970 710 87 22 arrived
2077 718 29 15 on
2125 710 121 32 Thursday
2259 714 64 30 night
2342 714 44 23 and
2407 715 87 31 Friday

1902 743 103 30 morning
2017 748 62 18 must
2092 743 55 24 have
2159 745 110 22 exceeded
2283 748 57 22 300.
2343 760 33 3 —
2376 747 61 24 Ibid.

1929 779 70 21 Libel
2017 787 45 13 and
2079 780 113 22 Slandeu.
2195 792 27 3 —
2222 781 47 21 The
2285 781 40 23 law
2342 783 24 21 of
2379 783 52 22 libel
2448 783 42 22 has

1902 805 75 26 nearly
1989 805 117 28 destroyed
2119 807 70 27 itself;
2208 808 16 20 it
2233 808 19 21 is
2268 816 49 14 now
2333 810 97 27 scarcely
2441 818 53 14 ever

1901 832 98 21 resorted
2015 837 22 17 to
2054 833 41 21 but
2111 834 28 26 by
2149 834 112 22 swindlers
2278 842 24 14 or
2315 835 31 27 by
2356 843 89 20 persons
2459 837 35 21 in-

1901 858 81 22 flamed
1994 859 52 21 with
2056 860 121 27 ill-temper
2186 865 23 17 to
2219 861 35 21 the
2262 866 78 17 extent
2347 863 25 21 of
2379 862 115 22 blindness

1904 889 20 16 to
1935 885 37 21 the
1986 885 116 28 ignominy
2112 887 70 22 which
2201 888 35 22 the
2254 889 132 21 transaction
2397 889 95 28 implies.

1901 923 27 3 —
1929 913 86 19 London
2027 914 114 20 Standard.

1315 358 21 21 A
1345 360 133 28 gentleman,
1496 362 99 29 recently
1603 365 106 21 returned
1727 365 53 21 from
1793 371 13 16 a
1823 366 51 21 visit

1289 388 21 18 to
1321 386 67 22 South
1399 388 120 28 Australia,
1536 390 60 26 gives
1611 398 26 14 us
1655 398 13 14 a
1684 398 52 19 very
1746 392 128 27 deplorable

1289 416 92 18 account
1400 414 27 21 of
1441 415 37 21 the
1498 419 56 19 state
1574 417 24 20 of
1613 417 75 27 things
1711 418 21 20 in
1758 419 114 21 Adelaide.

1290 438 111 28 Building,
1413 440 26 22 he
1450 449 56 19 says,
1515 442 40 22 has
1564 443 51 27 long
1624 444 58 20 been
1692 448 23 17 at
1725 452 12 13 a
1744 445 128 26 stand-still,

1289 466 42 19 and
1343 466 36 21 the
1390 468 94 21 number
1494 469 27 20 of
1533 473 73 23 empty
1622 470 87 27 houses,
1721 471 51 21 with
1787 472 85 21 broken

1288 491 102 23 windows
1400 494 43 21 and
1460 495 64 21 other
1540 496 73 21 marks
1628 497 25 21 of
1667 497 121 22 desolation
1800 498 72 21 which

1288 521 57 17 meet
1356 518 36 22 the
1403 527 38 19 eye
1453 522 24 19 of
1483 522 38 21 the
1532 522 100 22 traveller
1642 524 23 20 in
1676 524 36 21 the
1722 527 70 23 street,
1799 528 74 18 create

1289 551 27 14 an
1333 544 127 29 impression
1472 548 55 21 such
1539 556 24 13 as
1572 548 71 27 might
1660 550 28 21 be
1702 551 131 21 occasioned
1844 552 29 26 by

1288 570 36 21 the
1336 577 133 22 appearance
1481 575 26 20 of
1516 582 14 13 a
1540 578 56 18 town
1612 576 101 27 partially
1726 577 148 27 depopulated

1289 598 28 25 by
1335 598 37 21 the
1389 600 85 26 plague.
1505 601 36 21 No
1561 602 98 21 business
1678 603 17 21 is
1712 602 68 28 doing
1794 604 23 21 in
1834 605 38 21 the

1288 626 127 21 mercantile
1433 627 83 27 circles,
1529 628 44 21 and
1587 628 60 23 there
1658 637 38 14 are
1707 630 96 26 scarcely
1815 631 58 21 half-

1288 650 93 23 a-dozen
1392 652 84 28 houses,
1489 654 72 22 either
1576 655 117 22 wholesale
1703 663 24 14 or
1740 657 71 27 retail,
1822 658 51 21 able

1290 680 20 17 to
1321 684 42 21 pay
1371 678 57 22 their
1438 687 46 19 way
1524 682 113 21 Governor
1648 683 61 26 Grey
1716 682 52 22 does
1777 688 39 17 not
1821 685 51 26 give

1288 703 53 21 such
1351 706 88 25 general
1450 708 134 21 satisfaction
1594 711 21 18 to
1625 710 38 21 the
1679 710 103 22 colonists
1792 718 24 14 as
1828 719 44 13 was

1288 732 135 26 anticipated
1434 740 26 13 on
1472 733 33 22 his
1516 734 79 22 arrival
1605 735 22 22 in
1641 736 37 21 the
1690 736 84 28 colony.
1806 738 37 22 He
1853 739 19 20 is

1288 757 85 26 alleged
1391 763 21 16 to
1422 759 26 21 be
1465 763 37 18 too
1512 769 75 19 young
1603 763 43 21 and
1657 764 170 26 inexperienced
1838 765 35 21 for

1288 784 36 20 the
1335 789 117 23 important
1462 790 56 18 trust
1528 788 101 26 assigned
1638 793 22 18 to
1671 790 54 26 him,
1733 791 42 21 and
1787 791 85 27 though

1288 812 114 25 possessed
1413 813 24 20 of
1448 818 64 21 great
1521 814 85 27 talents,
1618 816 53 27 they
1682 824 36 13 are
1730 818 69 20 stated
1812 823 21 15 to
1844 819 28 20 be

1290 839 36 19 not
1346 838 87 27 exactly
1453 840 25 19 of
1493 840 38 21 the
1552 842 130 27 description
1700 844 70 21 suited
1792 848 22 17 to
1835 847 37 18 the

1289 868 154 23 management
1453 866 25 21 of
1485 866 38 21 the
1533 867 71 22 affairs
1610 869 26 20 of
1642 877 12 12 a
1665 870 78 26 colony
1751 870 43 21 like
1803 871 69 21 South

1289 891 110 21 Australia
1418 892 21 21 in
1461 893 65 21 times
1544 894 25 21 of
1585 894 108 28 difficulty
1712 896 44 21 and
1774 897 98 21 distress.

1289 917 41 20 His
1341 917 131 29 Excellency
1484 919 40 21 has
1536 921 119 27 contrived,
1667 922 18 21 it
1700 929 76 21 seems,
1789 927 23 17 to
1823 931 49 14 ren-

1288 943 38 21 der
1337 943 32 22 his
1378 946 94 26 position
1490 946 44 21 still
1544 953 59 15 more
1619 948 93 22 difficult
1727 950 28 25 by
1770 950 104 21 embroil-

1288 969 37 27 ing
1335 970 92 23 himself
1433 972 50 22 with
1495 973 38 21 the
1542 976 56 19 town
1610 976 95 24 council,
1716 976 36 21 the
1763 977 111 21 members

1288 996 24 21 of
1329 997 75 27 which,
1429 998 82 28 though
1532 1000 52 27 they
1602 1009 56 14 were
1678 1002 49 27 silly
1744 1003 89 27 enough
1851 1008 22 17 to

1289 1028 91 17 consent
1398 1029 22 17 to
1437 1028 87 19 receive
1547 1034 14 14 a
1584 1028 122 28 Municipal
1730 1030 141 27 Corporation

1291 1049 90 24 without
1396 1052 142 23 endowment
1554 1054 24 21 of
1591 1061 41 21 any
1645 1056 60 26 kind,
1718 1063 65 20 seem,
1796 1065 78 13 never-

1288 1077 87 28 theless,
1387 1082 21 17 to
1418 1079 26 21 be
1456 1087 53 14 men
1520 1081 25 20 of
1552 1081 66 27 spirit,
1631 1082 44 21 and
1686 1087 39 17 not
1738 1083 103 27 disposed
1851 1087 23 18 to

1288 1106 37 23 put
1342 1111 29 20 up
1386 1106 51 21 with
1455 1113 45 20 any
1519 1113 115 16 nonsense.
1665 1109 22 21 It
1697 1110 17 21 is
1725 1111 147 27 consolatory,

1288 1130 106 28 however,
1406 1136 23 17 to
1439 1132 65 22 know
1516 1133 48 21 that
1574 1134 63 22 while
1649 1136 37 21 the
1698 1141 56 17 town
1758 1148 26 4 —
1785 1145 33 14 we
1828 1138 45 26 beg

1288 1157 89 28 pardon,
1399 1159 36 21 the
1459 1160 46 27 city
1511 1161 52 20 —is
1583 1160 49 23 thus
1653 1164 160 27 retrograding,
1836 1164 37 21 the

1288 1183 79 29 colony
1384 1186 17 20 is
1418 1185 128 29 advancing
1566 1187 21 21 in
1608 1188 37 21 the
1665 1189 46 21 real
1727 1190 106 22 elements
1852 1191 25 21 of

1287 1212 122 27 prosperity
1415 1219 5 19 ;
1432 1212 36 21 the
1478 1216 57 19 town
1547 1214 17 21 is
1573 1214 108 26 deserted,
1691 1216 37 21 but
1737 1217 35 22 the
1781 1221 93 23 country

1288 1238 16 20 is
1315 1237 115 28 becoming
1438 1240 133 26 populated;
1589 1240 36 22 the
1638 1244 137 27 community
1785 1245 18 20 is
1814 1251 60 14 com-

1286 1265 68 26 posed
1374 1266 24 20 of
1416 1273 13 13 a
1446 1266 74 26 larger
1539 1267 92 22 number
1649 1269 25 20 of
1691 1269 80 27 buyers
1794 1273 45 19 and
1862 1279 13 12 a

1287 1291 86 22 sin.illev
1380 1292 92 21 number
1478 1294 26 20 of
1511 1294 74 21 sellers
1591 1301 4 19 ;
1608 1295 132 25 agriculture
1749 1297 17 21 is
1772 1297 103 22 flourish-

1287 1318 37 25 ing
1332 1326 5 17 ;
1354 1319 22 20 in
1387 1319 65 26 short,
1464 1322 22 18 to
1497 1327 45 19 any
1551 1327 41 15 one
1603 1322 129 27 practically
1742 1324 134 26 acquainted

1289 1344 49 21 with
1356 1345 36 21 the
1411 1346 44 21 real
1471 1347 117 27 principles
1604 1348 25 21 of
1643 1348 155 27 colonization,
1815 1351 61 20 there

1287 1378 36 14 are
1335 1372 116 21 abundant
1466 1374 119 21 evidences
1601 1374 54 28 that,
1669 1375 82 27 though
1765 1378 110 20 Adelaide

1288 1397 41 21 will
1342 1403 39 16 not
1397 1400 92 26 outstrip
1507 1400 93 22 London
1617 1402 36 21 for
1666 1409 13 14 a
1696 1407 92 24 century
1802 1407 38 23 yet
1855 1407 21 18 to

1287 1432 69 19 come,
1367 1426 69 21 South
1450 1427 115 21 Australia
1575 1428 23 25 is,
1611 1435 57 14 even
1680 1437 56 18 now,
1749 1431 22 20 in
1783 1431 37 21 the
1832 1431 44 26 day

1287 1451 24 21 of
1319 1451 27 21 its
1357 1453 118 26 adversity,
1487 1461 14 14 a
1511 1461 62 14 more
1590 1455 88 27 eligible
1694 1456 52 21 field
1760 1458 34 20 for
1804 1458 72 21 immi-

1286 1478 85 27 gration
1384 1479 51 21 than
1444 1480 63 21 when
1519 1480 23 21 in
1552 1480 35 22 the
1595 1482 76 21 zenith
1679 1483 23 20 of
1710 1484 27 20 its
1744 1484 131 24 prosperity.

1286 1516 26 3 —
1314 1506 54 20 Port
1379 1508 79 23 Phillip
1470 1508 96 20 Patriot.

1342 1569 196 25 ENGLISH
1570 1572 244 25 EXTRACTS.

640 146 8 14 n
675 139 99 27 sterling,
784 139 24 22 in
818 140 47 22 £50
879 139 81 28 shares,
973 144 22 18 to
1006 141 26 21 be
1043 141 51 26 paid
1108 141 25 21 in
1145 144 35 19 ten
1197 141 64 28 equal

640 174 8 13 c
675 166 75 26 yearly
762 167 136 21 instalments
904 175 6 18 ;
925 166 114 23 one-third
1050 167 25 21 of
1083 168 38 21 the
1138 174 91 15 amount
1239 172 22 17 to

677 193 26 21 bd
713 193 116 27 expended
837 193 24 21 in
878 193 36 21 the
931 193 108 27 purchase
1050 194 26 20 of
1088 194 54 21 land
1157 195 56 21 from
1224 194 37 22 the

640 226 8 14 c
675 226 81 20 crown,
764 219 112 22 one-third
885 227 27 13 on
920 226 108 21 expenses
1039 219 76 23 within
1126 221 37 21 the
1173 221 86 27 colony,

640 245 8 21 1
675 245 43 22 and
728 245 113 22 one-third
858 253 29 15 on
904 246 65 22 home
985 246 44 21 and
1044 246 168 22 miscellaneous
1223 254 38 15 cx-

640 279 8 14 c
674 279 86 20 penses.
789 272 47 21 The
846 279 110 20 company
965 273 20 21 is
1002 276 22 18 to
1038 272 92 27 petition
1142 273 36 21 the
1191 280 70 15 crown

641 310 6 3 -
675 299 32 21 for
725 306 13 13 a
754 301 66 23 grant
833 299 30 26 by
877 299 116 26 purchase,
1010 306 24 14 or
1051 299 120 27 otherwise,
1187 300 26 21 of
1225 300 36 22 the

640 332 6 19 :,
675 324 82 22 islands
764 325 25 20 of
792 325 56 21 New
856 325 121 21 Caledonia
984 325 43 21 and
1035 324 37 23 the
1079 325 56 23 New
1143 326 116 27 Hebrides,

641 352 10 20 f
675 355 23 17 to
717 351 27 21 be
762 351 130 26 designated
936 351 37 21 the
994 351 81 27 colony
1095 353 26 21 of

640 386 8 19 y
675 377 47 21 The
733 377 61 21 lands
809 385 24 13 so
850 377 104 22 obtained
974 385 37 14 are
1027 381 22 18 to
1067 379 26 21 be
1109 379 89 21 divided
1213 380 48 22 into

640 412 7 14 ti
676 403 61 22 three
756 403 113 32 portions^
880 403 114 23 one-third
1011 405 35 21 for
1065 405 44 21 sale
1136 406 28 27 by
1186 406 75 27 public

640 438 8 14 a
676 431 95 25 auction,
784 430 113 22 one-third
907 430 35 21 for
952 431 37 22 the
1004 431 75 27 public
1094 432 83 22 benefit
1185 433 26 21 of
1225 433 36 21 the

640 474 4 10 ,
677 457 85 27 colony,
773 456 44 22 and
827 456 113 22 one-third
955 458 35 21 for
1001 455 36 24 the
1047 458 85 27 private
1143 466 37 14 use
1191 459 26 21 of
1224 459 36 22 the

640 492 6 13 i
674 490 115 24 company.
818 483 48 21 The
877 483 59 21 third
947 487 49 24 part
1006 484 94 22 devoted
1107 489 23 17 to
1140 485 37 21 the
1186 485 74 27 public

640 518 6 14 a
675 511 82 20 service
773 510 18 20 is
801 510 109 27 proposed
924 514 23 17 to
957 511 28 21 be
1002 511 133 21 subdivided
1150 512 45 21 into
1211 513 49 21 four

640 544 6 14 s
674 540 66 30 parts,
752 536 129 22 one-fourth
891 536 34 22 for
935 537 37 21 the
983 537 51 22 civil
1045 538 45 21 and
1100 538 96 27 military
1204 542 57 18 esta-

640 563 172 25 blishments,
822 563 127 21 one-fourth
959 564 35 21 for
1009 564 37 20 the
1063 565 126 26 surveying,
1201 566 60 25 engi-

674 590 97 25 neering,
783 589 46 22 and
844 590 155 22 architectural
1013 591 184 26 establishments,
1210 599 51 15 one-

640 624 4 14 l
672 616 75 21 fourth
757 617 34 20 for
802 616 36 21 the
849 616 83 21 church
950 617 25 21 of
989 617 104 27 England
1109 618 86 21 diocese
1213 619 47 25 (the

640 656 6 3 -
672 642 85 26 gallant
767 642 74 27 Major
852 643 71 21 would
938 643 51 27 give
1006 644 37 20 the
1053 644 59 22 souls
1123 645 25 20 of
1155 645 27 21 all
1197 645 64 21 other

640 677 3 14 >
673 669 76 22 bodies
761 668 25 22 of
792 670 103 21 colonists
906 673 22 17 to
940 671 36 20 the
988 670 77 27 devil),
1077 671 44 21 and
1132 671 127 23 one-fourth

640 696 6 22 1
673 696 34 21 for
713 696 37 21 the
761 695 118 27 ordnance,
891 696 103 28 military,
1004 697 44 21 and
1055 698 85 21 marine
1147 698 113 22 establish-

640 731 5 13 b
673 726 77 18 ments.
781 722 60 22 Here
859 723 37 20 the
914 724 73 26 Major
998 727 71 18 enters
1081 725 49 21 into
1143 732 13 13 a
1169 724 91 22 learned

640 750 5 21 1
673 749 120 21 discussion
815 750 68 21 about

640 780 5 17 t
744 776 99 27 Divinity
853 776 25 21 of
1000 778 45 20 and
1056 777 94 22 "man's
1159 778 101 27 redemp-

640 811 5 13 s
756 802 43 21 and
808 810 86 20 proves,
903 807 22 17 to
936 802 34 22 his
987 811 49 13 own
1055 804 141 26 satisfaction,
1214 805 48 21 that

640 837 5 14 j
696 829 36 21 the
740 836 108 20 company
856 830 64 21 could
929 834 45 22 not,
983 830 70 21 either
1062 831 51 20 with
1121 831 139 27 consistency

640 859 4 18 t
674 863 24 13 or
707 855 118 27 propriety,
839 857 26 20 be
882 856 72 22 called
963 864 58 18 upon
1032 860 22 17 to
1063 858 51 25 give
1130 858 27 19 its
1171 863 90 22 support

640 891 4 13 j
673 887 21 16 to
714 882 28 21 all
762 882 178 31 denominations
960 884 26 19 of
1154 884 38 21 but
1211 885 48 21 that

640 910 4 20 1
863 908 98 22 itwolXd
971 910 27 20 be
1013 909 76 22 bound
1100 915 22 16 to
1134 911 126 21 contribute

640 943 4 14 j
671 934 23 21 in
705 942 14 14 a
729 934 76 22 liberal
820 942 93 13 manner
924 935 94 21 towards
1035 935 37 22 the
1088 936 83 22 church
1185 938 26 20 of
1224 938 36 21 the

640 974 2 4 -

640 997 2 12 ;
698 987 47 22 The
757 987 74 26 Major
841 993 102 20 proposes
961 991 21 18 to
997 988 82 26 import
1098 989 70 27 cheap
1182 990 78 22 labour

639 1026 2 9 i
670 1013 57 21 from
739 1014 72 25 India,
823 1013 44 21 and
877 1018 22 17 to
910 1018 85 22 protect
1001 1015 37 21 the
1049 1015 111 22 labourers
1168 1018 56 20 from
1230 1018 28 21 all

640 1049 2 4 •
670 1039 173 27 apprehensions
853 1040 26 21 of
886 1040 87 27 slavery
991 1041 28 27 by
1029 1041 38 22 the
1084 1047 58 16 most
1151 1044 109 27 stringent

640 1075 1 7 >
670 1066 59 21 laws.
758 1066 47 21 The
822 1066 73 27 public
912 1067 74 22 affairs
1002 1068 25 21 of
1041 1068 37 21 the
1098 1069 79 27 colony
1193 1075 22 17 to
1232 1072 26 20 be

640 1101 1 12 »
670 1092 108 27 managed
788 1093 46 26 bya
842 1093 86 22 council
936 1095 118 27 composed
1063 1096 25 21 of
1093 1096 36 21 the
1137 1097 121 28 Governor,

639 1128 2 13 t
670 1120 36 20 the
718 1120 60 21 Lord
789 1120 91 26 Bishop,
893 1120 44 21 and
949 1121 37 21 the
997 1122 49 21 civil
1058 1122 92 23 officers.

698 1146 26 21 In
735 1146 64 21 order
810 1152 22 15 to
843 1154 62 19 carry
913 1147 33 21 his
957 1149 85 26 project
1048 1149 47 22 into
1107 1150 70 26 effect,
1187 1151 73 27 Major

639 1182 2 12 !
669 1172 98 21 Sullivan
788 1181 104 19 proposes
911 1174 49 22 that
980 1176 36 20 the
1037 1183 49 14 sum
1106 1177 27 20 of
1152 1177 61 22 £500
1234 1179 24 20 be

639 1207 2 14 :
669 1200 71 21 raised
750 1199 21 21 in
783 1200 43 21 this
836 1201 81 26 colony
928 1201 28 27 by
967 1202 117 27 intending
1095 1204 161 28 shareholders,

639 1239 2 3 •
669 1229 20 18 to
700 1227 79 20 enable
790 1226 46 21 him
844 1233 21 15 to
876 1228 94 26 proceed
982 1232 21 17 to
1015 1229 109 27 England,
1135 1230 60 21 there
1206 1238 48 20 per-

640 1261 1 13 ;
669 1253 85 26 sonally
764 1258 21 16 to
797 1253 63 27 bring
867 1254 33 21 his
909 1254 89 23 scheme
1009 1256 76 21 before
1093 1256 40 21 her
1141 1258 115 27 Majesty's

639 1281 2 20 1
668 1280 108 21 ministers
794 1280 43 21 and
858 1280 35 21 the
914 1281 49 21 Brit
971 1282 26 21 sh
1017 1283 80 26 public,
1138 1284 21 21 It
1177 1286 18 19 is
1218 1286 38 20 but

665 1306 80 26 justice
757 1310 21 17 to
790 1313 46 21 say,
846 1307 49 20 that
903 1307 37 21 the
951 1309 116 26 pamphlet
1076 1310 19 21 is
1106 1310 47 21 well
1164 1312 92 26 written,

668 1333 44 21 and
729 1333 100 21 contains
844 1334 105 21 financial
960 1335 76 27 tables,
1050 1336 71 21 which
1133 1341 57 17 must
1199 1338 57 21 have

667 1359 57 22 been
744 1359 37 22 the
801 1360 68 21 result
889 1360 25 21 of
935 1362 151 22 considerable
1110 1363 77 22 labour
1212 1366 45 20 and

668 1386 94 27 thought
769 1398 28 2 —
799 1387 84 26 Sydtiey
895 1388 116 21 Chronicle.

695 1413 132 22 Melbourne
843 1421 76 20 papers
935 1418 22 18 to
968 1416 36 20 the
1016 1416 51 22 16th
1086 1417 88 27 instant,
1196 1426 62 14 came

668 1442 20 19 to
700 1440 58 21 hand
768 1447 28 14 on
808 1441 115 27 Saturday.
953 1442 48 22 The
1012 1444 52 26 only
1073 1451 60 14 news
1144 1446 24 20 of
1175 1446 81 27 impor-

667 1470 62 17 tance
740 1466 24 27 is,
783 1466 48 22 that
842 1472 22 16 at
880 1475 13 14 a
902 1468 75 26 public
993 1471 98 27 meeting
1106 1479 13 13 a
1129 1472 92 26 petition
1237 1477 21 17 to

667 1494 35 20 the
715 1494 124 26 Governor,
855 1496 173 26 remonstrating
1043 1499 87 25 against
1143 1499 37 21 the
1196 1506 62 15 man-

667 1524 102 22 agement
779 1520 25 21 of
817 1521 36 20 the
866 1521 74 22 Police
956 1523 65 27 being
1036 1524 53 26 kept
1102 1526 23 20 in
1137 1525 35 21 the
1187 1526 71 22 bunds

666 1548 25 20 of
698 1547 36 21 the
747 1547 152 22 Government
909 1548 57 22 after
981 1550 35 21 the
1029 1551 144 27 Corporation
1184 1552 43 22 Bill
1239 1553 18 21 is

665 1574 84 27 passed,
762 1581 44 14 was
816 1574 80 27 agreed
909 1580 27 15 to.
968 1576 43 21 Mr.
1027 1578 85 26 Arden,
1132 1578 36 21 the
1178 1580 79 21 Editor

667 1600 24 21 of
700 1601 36 21 the
745 1602 55 19 Port
810 1603 80 24 Phillip
903 1603 91 27 Gazette,
1011 1604 45 21 had
1067 1604 56 22 been
1135 1607 120 26 convicted,

667 1635 27 13 on
705 1635 12 14 a
728 1628 102 22 criminal
840 1629 150 27 information,
1003 1630 24 21 of
1038 1630 100 28 libelling
1153 1640 12 13 a
1177 1633 43 21 Mr.
1230 1634 25 21 T.

666 1654 34 21 W.
713 1654 145 23 Marshall.—
860 1657 82 25 Sydney
952 1658 90 21 Herald.

692 1681 34 27 By
733 1689 12 13 a
754 1682 91 26 petition
853 1684 55 21 from
917 1685 84 21 certain
1010 1684 137 23 inhabitants
1155 1686 25 21 of
1187 1687 69 21 South

667 1708 111 21 Australia
798 1710 86 26 against
903 1710 36 21 the
956 1719 107 19 measure,
1085 1720 32 13 we
1133 1712 61 22 learn
1210 1714 48 21 that

667 1735 114 21 Governor
798 1736 60 27 Grey
869 1737 43 21 had
928 1738 102 21 received
1045 1739 140 22 instructions
1199 1740 56 22 from

665 1762 37 21 the
715 1762 72 21 Home
799 1763 155 22 Government
963 1768 22 18 to
996 1765 56 22 send
1063 1765 35 22 the
1112 1767 145 27 unemployed

665 1789 119 26 emigrants
792 1797 27 14 on
831 1794 22 17 to
864 1790 97 28 Sydney.
990 1792 48 21 The
1047 1794 87 19 Gazette
1142 1794 24 20 of
1170 1795 88 26 August

666 1816 30 26 12,
709 1816 118 22 contained
838 1817 36 22 the
891 1818 103 28 Receipts
1005 1820 34 20 for
1056 1820 37 21 the
1103 1824 89 23 quarter
1203 1822 52 20 end-

664 1842 37 27 ing
712 1842 36 22 the
762 1844 52 21 30th
826 1844 66 21 June.
921 1844 49 23 The
985 1846 54 21 total
1049 1847 96 21 colonial
1160 1854 96 16 revenue

666 1876 42 15 was
719 1870 82 26 £7,374
816 1872 31 20 4s.
858 1871 43 27 3d.,
921 1872 45 21 and
982 1872 37 22 the
1037 1874 54 21 total
1108 1874 94 21 colonial
1218 1882 38 14 ex-

665 1896 113 26 penditure
794 1897 95 26 £10,431
907 1900 29 19 Is.
956 1900 47 21 lid.
1032 1900 48 22 The
1095 1901 90 26 general
1202 1903 54 20 total

665 1923 24 21 of
697 1924 93 26 receipts
799 1924 36 21 for
844 1924 36 22 the
891 1929 96 23 quarter,
999 1926 117 28 including
1122 1929 105 26 proceeds
1235 1930 25 20 of

664 1950 25 21 of
704 1950 54 21 land
777 1950 57 23 sales
849 1952 45 21 and
910 1952 70 22 drafts
994 1961 28 13 on
1041 1954 36 20 the
1094 1955 70 21 Lords
1181 1955 25 21 of
1219 1955 36 22 the

663 1976 116 28 Treasury,
792 1985 42 14 was
846 1979 95 26 £15,586
952 1981 42 20 14s.
1006 1980 44 26 2d.,
1062 1981 43 21 and
1117 1981 36 21 the
1163 1983 91 25 general

663 2004 54 20 total
728 2004 150 26 expenditure,
895 2005 116 28 including
1021 2008 131 26 emigration
1168 2009 88 25 depart-

662 2030 43 21 and
716 2032 142 26 outstanding
869 2032 83 26 claims,
966 2034 97 24 £17,833
1078 2037 36 19 10s
1123 2035 64 21 2d.—
1187 2037 54 19 lbid.

691 2080 143 21 Mauritius.
836 2092 28 3 —
865 2081 46 21 The
933 2081 120 22 Mauritius
1072 2090 84 20 papers,
1183 2084 71 23 which

664 2114 31 13 we
713 2108 102 20 received
830 2115 27 13 on
877 2108 110 27 Saturday
1007 2109 49 27 last,
1076 2117 36 14 are
1133 2112 117 26 unusually

663 2133 77 21 barren
759 2133 25 21 of
805 2134 143 27 intelligence
968 2136 94 26 relating
1083 2141 20 17 to
1124 2137 35 22 the
1180 2138 70 28 Sugar

664 2160 95 21 Market.
796 2161 46 20 The
858 2169 78 19 papers
950 2163 68 25 going
1034 2171 53 14 over
1100 2164 38 21 the
1152 2165 70 22 entire
1234 2166 24 21 of

663 2187 67 26 June,
743 2194 35 14 are
789 2187 80 22 almost
880 2187 60 22 filled
953 2190 51 20 with
1021 2190 135 23 discussions
1171 2199 28 14 on
1217 2192 36 21 the

663 2214 106 27 proposed
780 2215 148 26 immigration
941 2216 57 21 from
1009 2216 74 23 India.
1114 2218 45 21 The
1178 2219 76 27 Legis-

664 2241 67 21 lative
742 2241 94 21 Council
852 2237 44 25 had
910 2242 80 26 passed
1009 2251 13 13 a
1037 2244 49 26 law,
1103 2246 109 26 imposing
1227 2254 27 13 an

663 2267 121 22 additional
795 2267 54 28 duty
860 2275 28 14 on
898 2269 68 22 wines
977 2270 43 21 and
1030 2271 80 26 spirits,
1121 2272 24 21 in
1156 2273 64 21 order
1231 2277 21 18 to

663 2298 73 17 create
759 2302 29 13 an
811 2295 153 27 immigration
995 2297 61 22 fund.
1109 2298 54 23 This
1191 2300 61 27 duty,

663 2321 106 26 although
781 2322 81 26 upheld
874 2323 28 25 by
912 2329 61 15 some
991 2331 23 14 as
1029 2332 13 13 a
1058 2325 105 26 probable
1178 2334 77 14 means

662 2348 26 20 of
699 2348 103 26 bringing
811 2348 64 21 down
888 2350 142 26 drunkeness,
1044 2351 17 22 is
1078 2352 130 23 denounced
1227 2354 28 27 by

663 2375 72 21 others
748 2382 22 13 as
782 2382 12 14 a
804 2383 61 14 mere
875 2383 47 14 riise
937 2385 29 13 on
987 2378 37 21 the
1044 2383 49 23 part
1107 2379 24 21 of
1149 2380 36 21 the
1206 2381 46 21 Go-

663 2405 121 23 vernment,
815 2402 72 22 under
910 2408 105 22 pretence
1043 2405 26 21 of
1093 2407 101 27 creating
1224 2415 27 14 an

662 2428 147 27 immigration
825 2430 64 26 fund,
906 2435 22 16 to
945 2431 94 22 burthen
1057 2432 36 21 the
1112 2433 76 27 people
1202 2435 53 21 with

662 2458 69 23 taxes,
752 2456 35 20 for
806 2456 71 21 which
898 2457 52 27 they
976 2458 96 22 contend
1095 2460 62 21 there
1182 2460 17 22 is
1225 2469 28 13 no

663 2482 113 27 necessity,
790 2482 33 22 for
834 2484 62 21 those
907 2491 104 21 purposes
1023 2486 26 21 of
1059 2486 151 28 immigration
1228 2496 23 14 as

662 2509 36 21 the
708 2517 95 14 revenue
815 2511 25 20 of
852 2510 37 22 the
900 2511 81 27 colony
992 2513 94 22 exceeds
1096 2514 38 21 the
1145 2515 105 27 expendi-

663 2539 46 18 ture
722 2537 27 26 by
759 2537 103 27 upwards
872 2538 24 21 of
909 2538 97 27 £50,000
1016 2547 39 20 per
1067 2547 90 21 annum,
1175 2543 43 22 and
1230 2550 23 14 as

662 2563 61 22 there
733 2564 18 21 is
761 2561 90 31 already
862 2572 13 14 a
886 2573 47 14 sum
945 2566 26 21 of
978 2566 110 28 £350,000
1098 2569 77 21 locked
1186 2576 29 21 up
1227 2570 22 20 in

663 2590 35 21 the
709 2594 99 24 treasury
819 2592 58 21 from
895 2593 36 21 the
948 2594 86 27 surplus
1052 2602 98 15 revenue
1168 2596 25 21 of
1205 2601 50 22 past

661 2625 70 18 years.
770 2618 48 22 The
836 2620 157 22 Government
1009 2621 105 22 however
1131 2623 120 27 prevailed,

661 2644 43 22 and
715 2645 37 21 the
762 2645 115 23 increased
889 2647 54 27 duty
961 2648 39 21 has
1017 2649 56 21 been
1090 2649 109 28 imposed,
1217 2651 36 21 the

662 2672 100 27 example
780 2677 34 17 set
830 2674 31 26 by
876 2674 36 21 the
930 2675 118 21 Governor
1063 2677 45 20 and
1124 2677 92 22 Council
1232 2678 25 21 of

661 2698 55 22 New
736 2699 68 22 South
825 2700 80 28 Wales,
931 2701 24 22 in
980 2702 125 29 increasing
1130 2703 70 22 duties
1225 2712 27 14 un

662 2726 91 21 colonial
771 2727 136 28 distillation,
924 2728 81 28 having
1024 2730 58 22 been
1097 2730 69 22 relied
1185 2738 29 14 on
1231 2739 23 13 as

660 2753 107 25 regarded
777 2754 39 21 the
827 2754 73 28 spirits
911 2756 27 20 of
949 2756 120 22 Mauritius
1085 2758 154 22 manufacture
1247 2767 4 18 ;

661 2779 71 26 while,
745 2787 27 14 on
789 2780 38 22 the
848 2782 62 21 other
929 2782 68 22 hand,
1020 2783 18 21 it
1057 2791 45 15 was
1122 2786 131 27 contended,

662 2806 47 21 that
720 2806 16 21 it
751 2807 72 22 would
835 2808 100 22 conduce
947 2810 123 28 eminently
1082 2814 22 18 to
1116 2811 36 22 the
1168 2812 85 22 advan-

662 2836 49 22 tage
722 2834 26 20 of
758 2833 37 22 the
806 2834 86 32 colony,
907 2836 24 26 if,
947 2837 30 26 by
987 2837 127 28 increasing
1125 2838 78 27 duties,
1215 2839 38 22 the

661 2860 141 26 importation
813 2861 26 20 of
850 2862 67 21 wines
934 2863 44 21 and
995 2864 73 27 spirits
1084 2865 58 21 from
1157 2867 95 21 without

661 2886 65 21 could
736 2887 27 20 be
773 2887 108 22 lessened.

688 2912 47 22 The
750 2914 140 28 Mauritians,
907 2923 50 15 now
970 2917 48 21 that
1032 2917 54 28 they
1096 2927 37 13 are
1150 2919 69 28 likely
1233 2924 20 18 to

661 2938 56 23 have
729 2940 80 22 Indian
824 2941 85 27 labour,
921 2947 59 17 want
996 2944 94 22 Chinese
1107 2947 43 21 and
1162 2947 91 22 African

660 2965 78 23 labour
748 2967 53 26 also,
819 2968 44 21 and
877 2969 23 21 in
916 2971 173 26 contemplation
1107 2973 90 28 thereof,
1216 2975 37 21 the

662 2993 92 22 Council
764 2994 26 21 of
803 2994 37 22 the
856 2996 84 27 Colony
956 2997 55 21 have
1027 2998 61 22 fixed
1103 3000 86 21 various
1204 3008 50 21 pre-

660 3020 81 22 miums
749 3029 24 12 or
781 3021 102 22 bounties
889 3030 27 14 on
924 3024 56 20 each
989 3024 62 22 class.
1081 3025 47 22 The
1135 3027 118 23 financiers

660 3047 25 21 of
693 3048 124 26 Mauritius,
825 3049 111 27 forseeing
943 3050 37 22 the
989 3051 104 23 mischief
1099 3053 71 22 which
1178 3055 74 21 would

660 3074 56 21 arise
726 3074 19 22 if
759 3074 36 21 the
806 3076 103 22 bounties
920 3084 29 14 on
964 3078 140 27 immigrants
1115 3088 37 13 are
1167 3081 53 27 paid
1230 3086 23 18 at

660 3100 125 27 Mauritius,
798 3102 104 28 draining
912 3103 38 22 the
962 3105 86 27 Colony
1058 3107 23 21 of
1095 3106 29 22 all
1135 3107 27 21 its
1171 3109 81 26 specie,

659 3135 13 13 a
682 3128 106 22 mischief
801 3129 72 22 which
883 3130 40 22 has
938 3131 58 22 been
1005 3132 57 27 fully
1073 3135 146 26 experienced
1230 3137 22 20 in

658 3155 43 21 this
722 3156 90 26 Colony,
833 3156 57 22 have
909 3157 57 22 been
987 3160 101 26 engaged
1108 3161 22 21 in
1151 3161 102 29 devising

658 3188 76 15 means
745 3183 28 27 by
784 3182 72 22 which
867 3184 52 27 they
926 3191 52 21 may
989 3187 65 21 avoid
1065 3187 74 28 them;
1151 3189 38 21 but
1199 3190 52 27 they

659 3208 27 21 do
702 3213 39 17 not
761 3217 82 21 appear
857 3218 24 14 as
894 3214 39 24 yet
947 3216 24 18 to
986 3213 58 22 have
1061 3213 60 24 fixed
1136 3222 59 21 upon
1209 3224 43 19 any

657 3235 52 27 plan
719 3236 34 21 for
763 3237 57 21 their
829 3242 107 22 payment
947 3243 39 18 out
996 3241 26 20 of
1029 3241 37 21 the
1078 3242 90 27 Colony.

686 3262 153 23 Drunkeness-
849 3264 44 22 and
912 3265 151 24 incendiarsm
1075 3269 44 21 still
1131 3270 120 27 prevailed,

658 3289 37 21 the
705 3290 83 22 former
803 3295 22 17 to
835 3298 14 14 a
859 3291 79 23 fearful
950 3296 83 25 extent,
1052 3296 45 21 and
1109 3295 36 23 the
1155 3297 65 21 latter
1230 3297 22 21 in

658 3322 13 15 a
679 3316 124 22 somewhat
813 3318 133 22 diminished
960 3319 88 28 degree.
1079 3323 21 21 A
1111 3326 140 25 temperance

658 3343 84 27 society
752 3351 44 14 was
806 3344 87 22 formed
902 3352 28 14 on
942 3346 37 22 the
987 3347 83 23 second
1082 3349 26 22 of
1114 3349 59 22 June
1179 3350 24 21 in
1215 3351 36 21 the

658 3369 56 27 hope
725 3370 26 21 of
757 3371 89 27 putting
856 3371 65 22 down
932 3373 38 21 the
981 3374 89 28 former,
1083 3376 44 22 and
1137 3377 69 27 police
1217 3385 35 14 re-

656 3396 112 26 gulations
779 3397 25 21 of
812 3402 98 18 extreme
921 3398 75 28 rigour
1007 3408 56 15 were
1078 3406 39 24 put
1126 3404 23 21 in
1159 3404 59 21 force
1229 3408 22 17 to

656 3427 94 22 prevent
761 3423 36 22 the
808 3425 69 21 other.

684 3450 162 28 Hydrophobia
856 3453 122 22 continued
989 3457 21 19 to
1020 3455 70 23 alarm
1099 3457 37 22 the
1147 3457 104 22 colonists

656 3477 30 26 by
695 3478 28 20 its
733 3485 136 20 appearance
877 3487 6 18 ;
894 3486 13 14 a
916 3479 43 23 law
968 3480 45 22 had
1024 3484 79 25 passed
1110 3484 37 21 the
1158 3484 92 23 Council

655 3510 109 22 imposing
779 3512 13 14 a
807 3508 39 19 tax
857 3506 25 21 of
895 3509 38 19 ten
949 3507 102 28 shillings
1063 3517 42 20 per
1120 3518 84 14 annum
1222 3519 29 14 on

657 3537 66 21 every
735 3532 54 26 dog;
802 3532 46 22 and
858 3533 29 21 all
898 3533 54 28 dogs
963 3538 21 18 to
995 3535 26 21 be
1032 3536 69 23 killed
1107 3537 49 23 who
1163 3537 38 22 did
1211 3542 40 17 not

655 3564 82 20 appear
752 3563 23 17 to
790 3558 56 22 have
857 3567 91 21 owners,
968 3569 25 14 or
1003 3561 64 23 when
1083 3564 37 21 the
1136 3557 68 29 latter
1213 3565 38 21 did

656 3588 38 17 not
703 3592 44 21 pay
756 3585 38 22 the
806 3589 38 19 tax
851 3594 5 19 ;
867 3587 45 22 and
923 3594 29 16 no
963 3588 53 28 dogs
1027 3590 26 21 of
1062 3598 44 20 any
1116 3591 134 28 description

656 3618 56 14 were
730 3616 21 17 to
768 3612 28 22 be
815 3613 111 28 imported
945 3615 71 23 under
1036 3623 13 15 a
1058 3618 93 27 penalty
1166 3619 26 20 of
1208 3625 42 15 one

655 3638 76 26 pound
741 3639 34 21 for
786 3646 66 21 every
862 3641 87 22 offence
961 3642 92 23 without
1063 3644 57 23 Buch
1131 3646 43 26 dog
1183 3645 68 27 being

653 3665 121 27 registered
790 3666 24 22 in
825 3667 37 23 the
877 3667 73 28 police
964 3669 79 28 books,
1061 3671 53 22 with
1130 3672 36 21 the
1176 3678 74 21 name,

655 3692 47 26 &c,
714 3693 26 21 of
747 3693 27 21 its
785 3701 81 20 owner,
877 3702 23 14 m
913 3695 66 23 order
986 3696 50 22 that
1044 3697 38 22 the
1092 3702 39 17 tax
1143 3698 70 27 might
1224 3699 26 21 be

653 3718 80 23 levied.
761 3719 48 23 The
823 3721 106 27 proceeds
939 3723 25 22 of
980 3723 44 23 this
1034 3727 46 24 tax,
1095 3725 57 21 after
1166 3725 84 27 paying

653 3745 37 21 the
702 3753 107 20 expenses
820 3749 117 21 attendant
948 3757 28 14 on
987 3751 103 27 carrying
1102 3751 36 21 the
1149 3759 101 14 measure

653 3771 52 26 into;
710 3774 70 26 effect,
792 3780 38 16 are
842 3778 21 19 to
875 3775 31 25 be,
912 3775 98 24 devoted
1018 3781 21 17 to
1050 3777 37 24 the
1095 3778 155 25 Immigration

654 3798 65 24 Fund
722 3815 11 12 -.
846 3822 9 8 ..
879 3799 9 21 ■'
901 3811 32 18 ■'.
966 3800 4 10 '
989 3819 3 5 •
1006 3812 2 4 '
1110 3801 126 32 <.*.

679 3826 49 22 The
748 3827 105 23 colonists
869 3836 70 20 were,,
942 3832 40 19 not
992 3830 49 25 ,]ess
1056 3831 101 25 alarmed
1173 3834 23 19 at
1213 3831 37 23 the

651 3853 134 28 probability
803 3855 26 22 of
840 3855 39 21 the
894 3863 178 21 re-appearance
1089 3858 27 21 of
1121 3873 10 10 ,,
1131 3856 46 28 the,'

652 3886 51 21 pox,
726 3880 54 22 than
801 3881 38 22 the
858 3888 108 21 presence
987 3883 26 22 of
1024 3883 155 29 hydrophobia
1185 3893 5 20 j
1213 3885 37 22 the

653 3906 157 23 Government
818 3908 152 28 was.holdiijg
979 3913 40 19 out
1027 3916 66 22 every
1104 3911 146 30 inducement

645 3932 29 31 ,to
690 3933 45 25 the,
747 3933 98 29 practice
862 3935 26 23 of
911 3933 150 30 vaccination,
1083 3937 46 23 and
1138 3939 35 22 .in'
1186 3939 64 23 order

652 3959 57 24 that'
718 3961 95 23 medical
829 3969 62 20 men.,
902 3970 53 22 may
970 3962 120 30 incourage
1101 3965 30 27 jt>
1149 3965 53 30 they
1211 3974 38 15 are

66 146 41 15 nor
117 139 87 20 warrant
213 136 60 22 them
283 136 23 21 in
317 135 75 28 acting
402 143 59 21 upon
472 137 43 22 this
526 138 89 22 scheme
625 140 23 20 in

216 163 36 21 He
263 162 51 22 then
326 163 108 26 proceeds
441 168 21 17 to
472 164 37 22 the
519 165 129 22 immediate

65 189 127 30 purpose'of
195 188 33 22 his
237 188 72 22 letter.
343 199 5 7 >

183 222 33 14 are
233 222 77 20 aware,
331 216 10 20 I
360 216 53 22 dare
430 224 45 20 say,
495 217 49 22 that
561 218 10 22 I
591 218 57 22 have

65 243 66 27 lately
146 243 86 20 become
248 249 13 13 a
275 242 96 22 director
381 243 27 22 of
421 243 36 22 the
475 244 56 22 New
548 245 100 22 Zealand

66 270 117 26 Company,
195 268 44 21 and
250 268 47 22 that
307 269 11 21 I
330 269 52 21 take
393 277 27 17 an
432 270 71 22 active
518 275 50 23 part
576 272 23 20 in
611 271 37 22 the

64 297 149 24 management
221 294 26 22 of
260 295 36 26 its,
304 295 81 23 affairs.
415 297 22 21 It
452 297 18 21 is
484 297 24 21 in
525 297 48 22 that
583 299 64 21 Com-

64 329 65 21 pany,
140 322 112 26 therefore,
263 322 383 29 thatlfeelthestrongestinterest,

65 348 42 22 and
118 348 17 21 it
144 348 18 21 is
177 350 18 18 to
204 348 49 21 that
264 348 11 22 I
286 349 73 21 would
369 350 72 22 direct
454 350 36 22 the
505 352 109 21 attention
626 352 25 20 of

65 375 36 22 the
111 374 160 27 Anglo-Indian
286 375 87 28 public;
391 377 43 22 and
447 381 20 17 to
478 377 37 22 the
533 378 115 27 eligibility

65 400 101 23 involved
175 401 20 21 in
212 401 37 22 the
260 402 134 22 connection
413 403 120 28 subsisting
549 405 98 21 between

64 428 37 21 the
119 427 103 22 beautiful
240 426 84 24 islands
340 428 27 22 of
383 429 55 23 New
457 430 100 22 Zealand
574 431 45 21 and
635 438 13 14 a

61 453 94 28 wealthy
166 454 39 22 and
216 455 106 27 powerful
333 456 115 28 Company
455 457 22 21 in
489 457 44 21 this
543 461 101 23 country,

61 480 81 27 having
153 480 35 22 the
195 485 110 23 strongest
315 482 44 22 and
374 487 59 18 most
442 484 70 21 direct
522 484 92 21 interest
625 485 21 20 in

60 507 76 27 giving
152 508 52 21 their
214 508 83 22 cordial
307 509 43 21 and
366 512 115 19 strenuous
495 510 118 22 assistance
625 514 21 18 to

60 534 38 21 the
108 533 153 28 development
271 536 26 21 of
309 536 37 21 the
356 541 64 21 great
434 536 87 22 natural
533 544 113 15 resources

59 560 26 21 of
101 560 37 22 the
162 562 132 21 settlements
312 563 102 21 founded
436 564 30 26 by
485 564 58 20 their
564 564 82 21 instru-

59 587 123 27 mentality.
253 600 5 7 .

181 614 32 21 the
223 622 61 15 same
294 616 63 26 view,
370 616 53 28 they
432 617 69 21 desire
510 619 22 18 to
539 616 105 22 establish

60 647 14 14 a
84 642 128 21 connection
222 641 52 22 with
286 643 109 26 Calcutta,
413 644 45 20 and
475 642 73 22 would
563 644 29 20 be
608 651 38 13 ex-

60 666 93 28 tremely
164 668 47 26 glad
221 668 20 21 if
251 668 18 21 it
279 669 66 22 could
355 669 28 22 be
394 670 71 21 found
474 670 136 26 practicable
621 673 22 18 to

60 692 56 22 form
128 701 13 14 a
150 694 64 21 board
225 694 62 23 there
303 696 84 25 (under
398 697 37 20 the
446 696 111 26 authority
570 696 76 22 vested

59 719 23 21 in
103 727 26 15 us
147 720 29 28 by
194 728 37 14 our
252 721 104 27 charter,)
380 722 71 22 which
468 722 80 22 should
566 723 26 21 be
608 723 37 21 the

59 746 98 22 medium
169 747 23 22 of
201 747 54 22 such
267 755 14 14 a
296 748 101 21 relation.
437 749 24 21 If
476 749 55 21 such
548 757 13 13 a
575 750 70 21 board

60 772 102 32 coulUJbe
169 774 86 26 formed,
263 774 44 21 and
315 775 28 21 its
348 775 130 22 immediate
486 780 159 22 management

60 806 56 15 were
127 797 103 24 intrusted
241 804 20 17 to
269 802 81 26 parties
361 802 23 21 in
395 802 70 21 whom
484 802 37 21 the
540 802 105 22 directors

60 826 66 21 could
135 826 43 22 feel
187 827 130 27 confidence,
329 828 52 26 they
393 828 72 22 would
474 829 26 21 be
512 828 101 28 disposed
625 834 20 17 to

57 852 64 27 place
131 860 80 20 powers
221 854 22 21 in
256 854 56 21 their
322 854 78 24 hands,
418 855 71 22 which
506 856 52 26 they
573 856 71 27 might

59 880 98 21 exercise
176 880 48 21 with
242 884 64 22 great
325 882 124 26 advantage
469 885 22 18 to
510 882 38 21 the
568 883 76 27 Anglo

58 905 80 22 Indian
148 908 141 26 community.
319 908 45 21 For
376 909 108 27 example,
502 908 53 28 they
572 910 72 20 would

58 939 109 19 empower
178 932 56 23 them
245 937 22 18 to
277 938 66 23 grant
354 935 136 26 certificates,
508 936 82 26 stating
607 936 37 21 the

58 963 92 17 amount
161 960 24 21 of
192 967 187 21 passage-money
389 962 52 25 paid
456 962 29 26 by
501 962 81 26 parties
593 969 49 19 pro-

58 985 93 28 ceeding
161 986 52 21 from
225 986 100 23 Calcutta
335 991 21 17 to
367 988 56 21 New
432 988 104 25 Zealand,
543 988 52 21 with
606 988 36 21 the

56 1011 109 22 intention
176 1013 21 20 of
210 1013 83 27 buying
303 1014 52 21 land
366 1019 22 15 at
398 1014 73 26 public
482 1014 88 21 auction
582 1014 57 21 from

56 1038 38 21 the
105 1038 117 28 Company,
234 1040 37 20 the
281 1040 132 26 production
430 1041 25 20 of
467 1040 72 21 which
552 1045 21 16 to
585 1040 57 21 their

56 1064 108 27 principal
174 1069 74 22 agents
258 1065 22 21 in
293 1066 37 21 the
341 1066 79 26 colony
432 1066 73 21 would
516 1067 76 21 entitle
602 1068 39 19 the

57 1094 63 24 party
131 1095 21 17 to
163 1091 65 21 wliom
241 1092 54 21 such
311 1092 121 21 certificate
448 1099 42 14 was
508 1093 94 26 granted
620 1097 21 17 to

58 1125 13 13 a
82 1117 117 26 drawback,
211 1122 38 17 not
265 1118 126 27 exceeding
406 1120 26 19 25
449 1126 39 19 per
507 1122 58 19 cent,
581 1127 59 19 upon

57 1145 37 20 the
105 1147 87 18 amount
197 1145 26 20 of
235 1145 35 20 the
278 1145 109 27 purchase
397 1153 86 19 money,
499 1153 48 18 nor,
564 1146 22 21 in
597 1154 44 20 any

58 1178 56 18 case,
131 1171 36 21 the
183 1174 87 18 iimount
288 1171 52 28 paid
355 1172 35 21 for
406 1172 35 21 his
455 1179 99 20 passage.
592 1173 48 21 The

58 1198 102 20 directors
171 1197 68 22 would
249 1198 47 21 also
306 1199 112 20 authorise
435 1199 35 21 the
486 1199 74 21 Union
575 1200 65 21 Bank

58 1225 25 20 of
97 1224 130 22 Australasia
237 1225 81 25 (which
331 1225 38 21 has
381 1224 108 23 branches
500 1230 23 17 at
533 1226 107 27 Welling-

57 1254 37 18 ton
105 1251 44 21 and
160 1251 89 26 Nelson)
261 1254 23 19 to
294 1252 94 27 receive,
401 1252 51 21 with
464 1252 35 21 the
508 1256 133 18 concurrent

56 1281 120 23 guarantee
187 1278 21 21 of
227 1278 35 21 the
280 1279 54 20 New
352 1279 99 21 Zealand
468 1280 121 26 Company,
610 1280 29 21 a'l

56 1311 81 20 money
147 1305 97 21 remitted
256 1305 51 21 with
319 1305 36 21 the
368 1306 133 25 cognizance
517 1306 43 21 and
575 1314 64 13 sanc-

56 1331 45 21 tion
112 1331 25 21 of
148 1331 37 21 the
192 1331 100 22 Calcutta
303 1332 78 26 Board,
394 1332 34 21 for
441 1332 35 21 the
493 1333 108 26 purchase
617 1334 25 20 of

54 1357 53 21 land
126 1357 55 21 from
194 1357 36 22 the
251 1359 125 26 Company;
402 1359 44 21 and
462 1359 73 21 would
555 1360 85 21 further

54 1384 81 26 permit
144 1383 49 23 theii
207 1385 105 27 principal
324 1393 111 18 surveyor,
448 1393 24 13 or
482 1386 63 21 other
552 1394 87 20 respon-

55 1410 53 21 sible
120 1411 75 24 officer,
208 1414 21 18 to
241 1411 67 21 select
319 1411 43 22 and
373 1413 108 26 purchase
495 1413 38 20 the
545 1413 58 25 land,
616 1418 23 16 at

56 1437 73 26 public
149 1438 90 25 auction,
260 1446 28 13 on
307 1443 96 16 account
423 1439 25 20 of
459 1439 36 21 the
509 1444 62 23 party
589 1440 50 21 thus

56 1463 91 28 making
166 1472 12 13 a
192 1465 137 22 remittance.
373 1465 72 22 These
463 1473 39 14 are
519 1466 52 27 only
597 1471 41 17 two

56 1491 117 26 instances,
185 1495 35 17 out
230 1492 24 20 of
266 1499 73 20 many,
352 1493 26 20 of
388 1492 38 21 the
437 1500 47 20 way
499 1493 23 20 in
538 1494 72 21 which
627 1494 10 21 I

56 1517 103 22 conceive
171 1517 42 22 that
224 1518 36 21 the
271 1519 113 27 Company
399 1519 63 22 could
478 1519 106 22 facilitate
595 1521 43 21 and

54 1544 80 21 render
153 1545 139 28 reciprocally
311 1541 116 26 beneficial
449 1546 35 21 the
504 1547 131 27 connexion,

55 1570 72 22 which
138 1571 10 21 I
159 1571 62 22 much
232 1572 71 21 desire
314 1576 21 17 to
347 1580 37 13 see
398 1573 139 22 established.
568 1574 70 21 Other

56 1597 76 21 modes
148 1599 26 20 of
184 1600 147 21 convenience
347 1599 43 21 and
401 1600 141 27 .advantages
557 1601 79 26 would,

55 1624 117 27 doubtless,
189 1629 88 23 suggest
296 1627 132 21 themselves
448 1634 23 14 as
491 1627 37 20 the
548 1628 89 21 scheme

54 1651 114 21 advanced
186 1652 42 21 into
248 1653 113 26 maturity,
389 1661 24 14 or
439 1658 37 22 got
499 1654 46 21 into
565 1655 72 21 actual

52 1678 112 25 operation
173 1686 5 19 ;
190 1679 36 21 the
241 1680 146 25 groundwork
404 1680 25 21 of
446 1680 42 21 this
504 1682 131 26 conviction,

52 1703 43 22 and
106 1704 25 21 of
141 1712 43 19 any
192 1706 94 21 motives
296 1707 34 20 for
340 1707 87 26 writing
438 1712 21 16 at
468 1707 39 26 all,
515 1708 67 26 being
590 1708 48 21 that

54 1731 37 21 the
102 1730 100 23 directors
218 1733 57 21 have
290 1734 33 20 far
339 1737 36 17 too
391 1739 62 20 great
463 1742 13 13 a
486 1734 63 22 stake
560 1736 21 20 in
598 1736 37 21 the

53 1758 90 25 general
153 1758 39 21 and
202 1763 131 22 permanent
341 1761 124 27 prosperity
477 1761 25 21 of
515 1761 53 22 New
580 1762 57 21 Zea-

53 1784 59 25 land,
129 1785 50 26 and,
190 1785 117 28 therefore,
324 1787 22 21 in
364 1788 144 26 establishing
528 1796 12 13 a
559 1789 79 26 lasting

56 1811 120 22 connexion
186 1812 49 22 with
249 1813 82 21 British
341 1814 67 21 India
425 1814 82 25 (which
523 1815 72 22 would
610 1823 24 14 so

55 1838 121 27 materially
188 1839 100 22 conduce
304 1845 22 16 to
336 1840 49 21 that
401 1841 60 26 end,)
482 1844 23 18 to
521 1842 80 21 render
620 1842 17 22 it

56 1864 68 21 woith
143 1865 51 21 their
213 1866 71 27 while,
306 1874 56 14 even
380 1867 19 21 if
416 1868 52 27 they
483 1875 57 15 were
555 1869 81 27 utterly

54 1891 92 22 without
163 1892 103 27 principal
283 1901 24 13 or
319 1894 122 27 character,
453 1899 21 17 to
484 1903 66 20 grasp
561 1900 22 17 at
592 1903 45 18 any

54 1921 124 24 temporary
187 1920 69 20 unfair
266 1921 72 26 profit,
351 1928 24 14 or
386 1922 63 21 other
464 1922 131 27 advantage,
614 1926 21 18 to

54 1945 37 21 the
101 1947 82 20 certain
190 1946 142 28 destruction,
349 1948 29 26 by
387 1948 36 21 the
434 1949 98 21 reaction
544 1951 25 19 of
580 1950 55 21 such

54 1971 141 28 shortsighted
207 1973 101 27 conduct,
321 1974 26 21 of
359 1974 29 21 all
404 1975 56 27 hope
476 1975 27 21 of
520 1983 13 13 a
552 1976 83 27 largely

54 1999 117 21 successful
186 1999 62 21 issue.
289 2001 11 20 I
319 2001 44 21 will
384 2002 53 26 only
455 2002 44 21 add
515 2009 58 21 upon
592 2003 43 21 this

53 2025 90 26 subject,
155 2025 42 22 that
207 2026 10 21 I
228 2026 57 22 have
296 2027 112 26 authority
425 2033 22 16 to
463 2032 56 18 state
535 2030 47 21 that
597 2030 37 21 the

54 2056 40 15 two
105 2058 80 19 powers
191 2053 69 21 above
272 2054 137 26 mentioned,
426 2056 22 20 in
462 2055 135 22 illustration
613 2057 26 20 of

52 2085 37 20 my
101 2078 68 27 views,
183 2080 66 20 irould
261 2080 27 21 be
303 2081 153 27 immediately
474 2082 115 22 conferred
607 2083 28 27 by

52 2105 36 20 the
99 2105 97 22 directois
208 2114 58 19 upon
278 2107 36 21 the
322 2115 118 19 managers
447 2109 24 20 of
479 2117 12 12 a
498 2110 136 26 respectable

49 2132 129 22 association
193 2133 86 22 formed
298 2135 23 20 in
341 2135 107 27 Calcutta,
467 2136 21 20 in
509 2137 124 20 connexion

53 2158 48 20 with
112 2158 36 22 the
164 2159 50 22 New
230 2160 98 21 Zealand
347 2162 113 27 Company
469 2171 5 17 ;
491 2162 72 22 which
582 2164 51 25 also,

53 2192 22 13 as
87 2185 9 21 I
108 2185 55 21 have
174 2187 72 26 stated,
260 2187 52 28 they
328 2188 73 21 would
416 2190 117 21 constitute
550 2197 13 14 a
578 2190 57 22 local

52 2211 74 26 board,
138 2213 66 21 under
214 2214 56 21 their

80 2239 56 21 Such
147 2240 17 20 is
174 2239 32 21 the
218 2248 92 14 manner
318 2242 21 20 in
348 2242 72 21 which
428 2242 35 21 the
472 2242 54 22 New
535 2243 99 22 Zealand

53 2265 117 28 Company,
180 2267 90 26 through
277 2268 57 21 their
340 2268 179 28 public-spirited
530 2270 102 27 director,

52 2292 42 20 Mr.
117 2293 103 27 Mangles,
241 2294 56 22 have
317 2295 85 22 broken
427 2296 87 26 ground
540 2305 26 13 on
592 2298 42 21 this

51 2319 129 27 interesting
187 2321 90 26 subject.
311 2322 48 21 The
375 2322 66 22 letter
450 2323 50 26 will,
513 2323 119 27 doubtless,

51 2345 27 21 be
89 2346 91 27 printed,
188 2348 43 20 and
243 2348 79 28 widely
331 2349 121 22 circulated
463 2351 21 20 in
496 2350 78 26 India;
595 2351 39 21 but

50 2379 32 14 we
93 2371 55 23 have
160 2374 89 27 thought
259 2375 16 20 it
286 2383 40 14 our
336 2375 63 27 duty,
410 2377 23 20 in
451 2377 36 21 the
503 2378 129 26 meantime,

51 2398 49 22 thus
110 2399 73 28 briefly
192 2405 21 18 to
223 2401 78 22 advert
311 2407 22 16 to
350 2402 36 21 the
399 2403 57 27 topic
467 2404 62 26 here,
547 2405 34 21 for
597 2405 36 21 the

51 2432 92 19 purpose
154 2428 25 20 of
187 2427 106 33 directing
303 2429 36 21 the
351 2432 107 19 attention
471 2431 26 20 of
505 2430 38 22 the
550 2432 82 21 friends

50 2451 44 22 and
105 2453 87 21 families
204 2455 24 20 of
241 2455 81 22 Indian
338 2456 87 22 officers
439 2461 21 17 to
475 2465 13 13 a
498 2459 101 26 question
611 2459 25 21 of

49 2483 131 22 paramount
187 2481 144 27 importance.

161 2538 73 25 NEW
253 2541 119 24 SOUTH
392 2542 126 23 WALES.

86 2597 102 25 Extracts
210 2600 57 23 from
288 2609 82 22 papers
384 2606 21 19 to
418 2603 37 22 the
470 2606 36 20 Ist
527 2604 105 32 Septem-

49 2630 47 29 ber,
109 2632 97 23 received
218 2633 29 30 by
261 2634 37 22 the
308 2634 83 31 Regia,
406 2636 71 24 which
497 2639 88 23 arrived
604 2647 28 15 on

50 2663 84 32 Friday
145 2665 46 30 last,
202 2667 57 22 from
274 2667 101 31 Sydney.

76 2700 40 21 We
126 2700 55 23 have
188 2703 108 28 received,
311 2705 30 26 by
357 2705 37 21 the
409 2707 91 22 arrivals
514 2708 25 22 of
550 2713 82 22 yester-

49 2729 48 25 day.
110 2728 52 21 Port
178 2728 118 24 Nicholson
307 2732 45 21 and
362 2732 48 28 Bay
421 2734 24 21 of
453 2735 89 22 Islands
553 2743 78 20 papers

51 2757 22 18 to
85 2754 39 21 the-
131 2756 48 20 12th
187 2757 26 19 of
219 2757 94 27 August,
326 2759 45 21 and
382 2766 13 14 a
404 2761 41 21 few
456 2761 57 21 back
524 2763 108 22 numbers

35 2781 39 20 -of
87 2781 37 21 the
138 2783 106 20 Auckland
260 2785 116 21 Standard.
406 2787 21 21 A
444 2794 49 15 new
509 2796 68 20 paper
592 2789 41 21 has

49 2807 57 21 been
124 2810 78 20 started
221 2814 22 17 at
262 2811 52 21 Port
333 2811 130 28 Nicholson,
484 2815 92 22 entitled
596 2816 37 21 the

47 2835 55 20 New
112 2836 87 20 Zealand
211 2837 96 23 Colonist.
338 2839 22 20 It
376 2838 19 22 is
411 2840 50 21 well
477 2841 94 27 written,
589 2843 44 21 and

47 2861 79 22 liberal
145 2862 40 22 and
201 2867 120 24 temperate
337 2865 25 21 in
378 2865 27 22 its
423 2866 99 27 politics;
538 2868 40 22 but
594 2869 37 22 the

49 2888 71 22 editor
127 2889 90 22 informs
232 2898 26 14 us
273 2891 48 22 that
330 2891 18 21 it
363 2891 40 23 has
414 2896 39 18 not
462 2893 43 22 less
516 2894 52 22 than
584 2896 44 27 fiftj

49 2916 134 26 proprietors,
202 2917 37 21 the
256 2922 66 17 worst
339 2919 95 25 possible
449 2921 72 26 proof,
535 2929 29 14 we
580 2930 53 13 con-

48 2942 69 25 ceive,
129 2943 26 20 of
161 2943 24 21 its
194 2944 104 27 stability.
301 2957 27 3 —
330 2946 84 26 Sydney
426 2948 115 22 Chronicle.

75 2968 23 21 It
105 2968 19 22 is
134 2970 30 20 all
174 2977 49 27 very
234 2971 49 21 well
293 2971 35 22 for
336 2973 39 21 the
385 2978 113 23 attorneys
514 2978 22 18 to
554 2984 78 14 accuse

47 3002 92 19 persons
149 2996 25 21 of
182 2994 109 31 vulgarity
301 2999 49 21 who
366 3001 69 25 speak
450 3001 24 22 ill
491 3002 27 21 of
531 3002 99 28 lawyers,

47 3022 41 21 but
105 3022 31 21 let
155 3022 33 22 the
208 3024 55 21 fault
283 3025 25 21 be
326 3025 74 23 where
415 3028 18 21 it
446 3036 59 19 may,
522 3030 52 21 with
594 3031 37 20 the

47 3049 86 26 Judges
143 3057 28 14 on
181 3050 35 24 the
227 3051 83 27 Bench,
322 3052 37 22 the
370 3053 46 28 bar,
428 3054 36 22 the
475 3059 120 25 attorneys,
608 3065 24 13 or

48 3076 38 20 the
96 3077 115 21 attorneys'
222 3077 78 28 clerks,
314 3079 53 28 they
376 3087 51 20 may
438 3081 28 22 all
476 3086 46 18 rest
531 3084 98 27 assured,

47 3102 48 21 that
105 3102 36 22 the
152 3104 71 26 public
234 3104 43 22 will
295 3112 68 16 never
374 3107 27 21 be
417 3108 98 23 satisfied
531 3111 52 21 with
594 3111 37 22 the

69 3130 95 21 horrible
178 3130 39 22 law
351 3133 64 23 while
427 3135 36 21 the
477 3139 51 18 cost
536 3137 25 21 of
569 3145 62 14 reco-

47 3162 77 20 vering
133 3156 59 23 debts
203 3157 71 23 tinder
284 3159 48 23 £30
341 3164 93 18 amount
443 3170 28 14 on
488 3163 37 22 the
536 3171 94 19 average

47 3185 21 18 to
79 3190 60 14 more
150 3184 49 22 than
210 3185 37 21 the
258 3185 64 22 debts
332 3187 57 21 sued
399 3188 40 22 for.

56 3236 5 4 _
72 3210 21 21 A
108 3210 177 24 Shave-beggar
300 3213 135 25 Governor,
438 3227 27 4 —
466 3215 48 23 The
533 3218 97 26 applica-

46 3238 45 19 tion
102 3236 29 28 by
141 3237 37 23 the
186 3236 119 26 Governor
319 3240 24 22 in
362 3241 91 23 Council
467 3246 124 26 yesterday,
608 3248 22 19 to
635 3248 2 24 j

46 3267 83 19 certain
147 3264 62 24 limbs
228 3266 25 20 of
269 3266 38 22 the
321 3267 51 28 law,
389 3269 26 21 of
429 3269 36 22 the
481 3274 56 18 term
552 3272 78 21 shave-
635 3264 2 11 '

46 3290 86 28 beggar,
150 3299 51 19 gave
216 3293 44 21 rise
279 3297 20 17 to
319 3302 62 14 some
399 3297 111 21 animated
529 3298 101 22 remarks

46 3317 55 21 from
122 3318 37 22 the
178 3319 64 22 Chief
260 3320 94 23 Justice.
393 3323 47 22 The
465 3323 55 27 edge
545 3326 26 21 of
592 3326 37 21 the

45 3350 94 16 sarcasm
150 3345 32 22 the
199 3346 18 22 G
222 3354 95 16 overnor
326 3356 45 14 was
382 3349 46 22 fain
446 3354 21 19 to
485 3358 99 20 remove,
599 3352 30 27 by

44 3371 125 28 remarking
185 3373 47 22 that
254 3374 19 22 it
293 3375 104 28 signified
418 3384 41 15 one
478 3385 51 14 new
548 3383 23 18 at
593 3378 35 22 his

46 3399 95 20 business
150 3406 4 14 :
170 3399 31 23 for
209 3401 108 28 instance,
330 3402 50 22 said
395 3403 33 22 his
440 3405 142 27 Excellency,
618 3408 9 19 1

38 3430 49 19 .was
97 3431 12 14 a
119 3426 142 27 shave-beggar
267 3435 104 20 governor
382 3431 63 22 when
453 3431 12 22 I
473 3439 63 14 came
548 3433 51 22 here
601 3444 28 4 —

41 3454 42 17 not
92 3451 81 29 having
180 3454 55 23 been
247 3463 13 14 a
267 3457 111 26 governor
386 3457 76 22 before
524 3459 105 28 Query-

43 3478 23 20 Is
76 3478 27 20 he
114 3483 38 17 not
162 3488 13 13 a
181 3481 162 30 shave-beggar
355 3484 118 24 Governor
483 3485 52 22 still.

42 3511 124 26 Prospectus
177 3515 38 24 for
231 3517 95 27 Forming
336 3525 13 13 a
362 3520 84 20 British
463 3520 77 26 Colony
550 3528 26 14 on
593 3523 35 19 the

30 3554 6 6 .
68 3539 153 26 IslandofNew
229 3544 115 28 Caledonia,
352 3546 29 27 by
390 3547 120 27 Benjamin
518 3548 107 28 Sullivan,

69 3573 14 13 a
92 3565 87 26 Retired
188 3568 87 24 Officer.
306 3573 102 27 Sydney,
418 3575 60 21 1842.

37 3610 3 3 ■
60 3596 62 32 .This
131 3598 61 23 isthe
202 3607 40 20 age
253 3603 26 21 of
481 3606 45 22 and-

42 3627 105 24 nization,
179 3627 42 22 and
237 3627 61 24 there
315 3638 93 19 appears
424 3640 30 15 no
468 3634 60 26 good
545 3642 80 15 reason

42 3651 49 26 why
99 3651 73 28 Major
177 3653 97 25 Suhvan
282 3656 79 23 should
368 3662 40 19 not
417 3659 79 23 devote
505 3661 34 22 his
545 3662 80 22 leisure

42 3679 22 19 to
75 3679 32 20 the
107 3686 3 13 !
122 3679 163 24 establishment
291 3683 25 21 of
323 3691 13 14 a
341 3684 56 23 rival
403 3689 22 18 to
432 3688 70 21 South
511 3689 116 22 Australia

39 3707 47 18 and
103 3707 55 20 New
176 3707 105 28 Zealand,
302 3711 45 21 and
363 3713 144 28 accordingly
524 3716 50 21 take
590 3716 35 21 his

39 3732 56 20 rank
114 3739 76 19 among
205 3734 38 22 the
260 3739 64 23 great
339 3737 103 31 political
451 3742 136 23 economists
603 3744 26 20 of

39 3760 38 19 the
87 3760 59 20 time.
175 3760 44 22 The
229 3763 152 28 undertaking
390 3765 18 21 is
418 3768 122 22 somewhat
547 3770 78 24 gigan-

39 3787 29 18 tic
79 3787 44 19 and
134 3789 28 18 it
169 3792 87 22 appears
274 3792 23 18 to
311 3796 27 15 us
355 3791 34 21 for
404 3799 66 22 many
481 3802 92 16 reasons
583 3796 42 23 im-

39 3813 141 23 practicable:
196 3813 39 23 but
248 3821 25 16 as
289 3823 32 15 we
336 3816 59 23 have
411 3826 30 15 no
451 3820 54 23 wish
521 3826 22 18 to
554 3823 78 22 throw

39 3843 44 22 any
101 3839 92 23 obstacle
213 3848 23 15 in
263 3842 37 22 the
319 3850 56 21 way,
396 3852 32 15 we
451 3847 55 24 shall
533 3853 92 20 content

39 3864 109 36 ourselyeß
166 3867 50 22 wtb
233 3869 78 28 giving
329 3877 14 14 a
362 3871 60 22 brief
436 3874 84 23 outline
540 3877 26 22 of
586 3877 38 22 the

39 3893 73 25 Major
120 3899 10 15 s
139 3893 93 28 scheme,
250 3895 109 30 allowing,
366 3898 18 21 it
394 3901 22 19 to
427 3901 66 22 dtand
503 3909 25 15 or
536 3903 41 22 fall
593 3904 30 24 by

39 3923 28 15 us
75 3924 47 16 own
133 3924 81 19 ments.
282 3924 4 7 -
352 3928 5 3 -

65 3942 48 26 The
118 3946 79 30 capital
206 3948 26 25 of
237 3948 37 24 the
277 3957 113 23 .company
397 3951 19 23 is
423 3956 23 19 to
455 3954 29 23 be
489 3955 136 32 £3)000,000
629 3964 2 11 >

2073 963 140 23 ENGLISH
2229 965 94 23 NEWS.

2016 996 72 25 [From
2107 997 33 19 the
2154 997 78 20 Nelson
2242 998 121 21 Examiner
2363 999 14 25 .]

1962 1030 134 24 Colonial
2131 1031 99 25 Whale
2268 1033 148 24 Fisheries.
2419 1047 33 4 —
2454 1035 39 23 Sir

1903 1063 88 24 Robert
2015 1065 64 28 Peel,
2106 1072 27 15 on
2156 1066 77 30 laying
2261 1066 37 23 his
2328 1067 63 23 tariff
2416 1067 78 24 before

1904 1097 148 29 Parliament,
2072 1099 111 30 proposed
2205 1101 85 21 certain
2314 1100 131 24 alterations
2469 1102 25 22 in

1904 1130 36 22 the
1952 1131 141 31 prohibitory
2106 1131 72 24 duties
2191 1132 55 23 then
2257 1134 102 30 existing
2371 1141 27 15 on
2417 1134 31 23 oil
2470 1134 25 23 of

1904 1163 85 30 foreign
2014 1164 73 24 catch.
2135 1164 51 24 The
2210 1165 99 30 English
2339 1167 153 30 ship-owners

1904 1204 57 15 were
1974 1197 87 30 greatly
2075 1197 106 29 alarmed,
2196 1199 43 22 and
2252 1204 22 17 at
2286 1207 13 15 a
2308 1200 77 30 public
2393 1201 101 30 meeting

1904 1230 50 22 held
1969 1230 21 22 in
2003 1230 98 23 London
2114 1239 28 14 on
2155 1232 38 22 the
2209 1232 55 23 15th
2277 1232 76 30 April,
2367 1233 20 23 J.
2400 1233 91 29 Somes,

1905 1262 67 30 Esq.,
1986 1263 21 22 in
2021 1263 38 23 the
2072 1263 69 29 chair,
2154 1265 82 29 passed
2253 1273 13 14 a
2286 1266 70 22 series
2375 1265 23 23 of
2414 1271 81 26 strong

1904 1296 135 23 resolutions
2053 1297 151 31 condemning
2216 1298 37 22 the
2273 1298 87 31 change
2372 1299 121 30 proposed.

1905 1329 24 22 It
1942 1336 102 23 appears,
2058 1329 109 29 however,
2181 1331 48 22 that
2243 1331 37 22 Sir
2293 1332 89 23 Robert
2394 1332 53 30 paid
2454 1332 41 23 but

1905 1362 57 22 little
1975 1362 56 23 heed
2045 1367 22 18 to
2079 1363 63 22 these
2152 1364 136 30 gentlemen,
2308 1365 45 23 and
2365 1366 82 29 passed
2459 1366 36 22 his

1905 1402 103 16 measure
2021 1395 54 23 with
2088 1404 52 22 very
2154 1397 70 30 slight
2233 1397 174 24 modifications.
2450 1399 45 22 We

1905 1428 85 23 believe
2003 1428 38 23 the
2051 1429 117 24 alteration
2181 1430 44 23 will
2241 1431 96 30 produce
2356 1431 57 31 good
2430 1432 64 28 here,

1906 1461 28 30 by
1948 1461 108 31 inducing
2068 1462 86 31 foreign
2168 1463 96 23 whalers
2276 1468 23 19 to
2318 1468 73 20 resort
2410 1469 23 19 to
2453 1473 42 15 our

1906 1494 110 23 harbours
2029 1496 45 22 and
2086 1496 89 30 dispose
2189 1497 24 22 of
2228 1498 59 22 their
2299 1498 38 28 oil,
2358 1497 73 23 which
2447 1498 48 23 will

1907 1527 68 24 afford
1989 1529 129 23 immediate
2137 1529 83 31 freight
2240 1535 21 18 to
2279 1531 37 22 the
2338 1531 63 31 ships
2421 1531 75 24 which

1905 1560 67 31 bring
1984 1569 26 15 us
2025 1563 151 29 immigrants.

1942 1594 40 23 We
1995 1600 87 18 extract
2093 1596 56 22 from
2161 1597 38 23 the
2215 1596 171 24 Auslraliasian
2404 1597 95 23 Record

1907 1627 37 22 the
1956 1628 116 31 following
2084 1630 134 29 particulars
2228 1639 5 14 :—:
2236 1642 33 4 —

1958 1667 34 20 Sir
2011 1667 85 20 Robert
2116 1667 52 22 Peel
2183 1668 40 21 lias
2240 1675 55 19 very
2310 1668 82 27 wisely,
2412 1669 22 22 in
2455 1677 42 14 our

1907 1693 96 26 opinion,
2016 1693 106 27 proposed
2133 1701 27 14 no
2172 1694 118 22 alteration
2301 1695 22 22 in
2342 1696 37 21 the
2397 1696 55 27 duty
2467 1703 29 15 on

1905 1719 83 26 foreign
1999 1720 68 27 wool;
2085 1720 77 27 which,
2180 1729 23 13 as
2219 1722 132 26 heretofore,
2371 1722 18 21 is
2400 1726 22 17 to
2433 1731 63 14 come

1906 1746 23 21 in
1941 1750 22 17 at
1979 1747 52 26 duty
2052 1747 25 21 of
2090 1755 42 13 one
2144 1748 136 26 half-penny
2295 1750 19 20 if
2332 1749 26 21 of
2373 1749 42 21 less
2431 1750 66 21 value

1907 1773 52 21 than
1972 1775 28 19 Is.
2012 1781 40 19 per
2062 1774 81 26 pound,
2154 1775 20 20 if
2182 1775 122 27 exceeding
2314 1776 49 21 that
2373 1776 63 22 value
2447 1776 48 28 Id.;

1908 1800 93 21 colonial
2012 1801 54 20 wool
2077 1801 65 27 being
2151 1802 46 21 free
2206 1802 25 21 of
2243 1802 61 27 duty.

2006 1827 37 26 oil,
2064 1828 109 27 however,
2191 1836 12 13 a
2220 1836 53 20 very
2292 1830 122 26 important
2430 1830 67 22 alter-

1907 1853 59 21 ation
1986 1854 17 21 is
2024 1854 111 22 intended.
2183 1856 68 21 Train
2270 1856 43 22 and
2333 1863 71 20 sperm
2424 1857 30 22 oil
2475 1858 25 21 of

1906 1881 85 26 foreign
2012 1881 65 21 catch
2097 1889 35 14 are
2151 1889 50 14 now
2220 1882 86 27 subject
2326 1887 23 17 to
2367 1891 13 13 a
2399 1883 54 28 duty
2476 1884 26 22 of

1907 1907 47 23 £26
1970 1909 50 24 125.,
2031 1908 73 21 which
2114 1908 22 21 in
2146 1909 45 22 fact
2205 1908 19 22 is
2235 1917 13 13 a
2256 1910 144 26 prohibition,
2418 1915 81 23 except

1907 1934 63 21 when
1994 1941 42 14 our
2059 1935 71 26 prices
2153 1943 37 14 are
2210 1937 135 26 excessively
2365 1937 65 27 high;
2455 1938 42 21 but

1906 1961 71 21 under
1988 1961 37 21 the
2036 1969 49 14 new
2096 1962 62 26 tariff,
2177 1962 98 22 train-oil
2288 1964 18 21 is
2316 1967 23 18 to
2348 1964 29 21 be
2387 1964 111 22 admitted

1906 1992 22 16 at
1939 1995 13 14 a
1967 1988 55 26 duty
2040 1989 26 20 of
2082 1989 34 21 £6
2130 1997 39 19 per
2186 1993 46 23 tun,
2253 1991 42 20 and
2313 1998 72 19 sperm
2403 1994 23 19 at
2442 1992 55 21 £15.

1906 2014 46 21 The
1972 2014 52 28 plan
2045 2015 24 21 of
2088 2023 12 13 a
2116 2016 132 21 differential
2271 2016 55 28 duty
2351 2025 28 14 on
2397 2017 37 22 the
2453 2021 46 19 two

1907 2041 146 27 descriptions
2069 2042 19 21 is
2103 2043 107 27 perfectly
2227 2048 91 22 correct,
2340 2045 56 20 train
2415 2044 30 22 oil
2459 2048 41 18 not

1906 2068 86 26 usually
2003 2068 68 26 being
2079 2076 61 15 more
2151 2070 54 21 than
2217 2078 12 13 a
2241 2070 58 22 third
2314 2071 27 20 of
2353 2070 36 21 the
2402 2076 63 17 value
2476 2081 23 12 oi

1905 2101 81 20 sperm,
2016 2095 73 22 There
2100 2103 40 14 can
2150 2096 27 21 be
2186 2103 29 14 no
2224 2096 71 22 doubt
2304 2098 49 21 that
2364 2098 36 21 the
2405 2098 62 27 price
2476 2098 26 21 of

1905 2128 72 20 sperm
1988 2122 37 26 oil,
2037 2122 74 27 owing
2125 2126 22 17 to
2157 2123 37 21 the
2206 2123 112 22 exclusion
2330 2124 26 21 of
2367 2124 131 28 foreigners,

1906 2148 39 21 has
1963 2148 56 21 been
2034 2150 141 21 exhorbitant
2184 2158 5 18 ;
2206 2150 45 21 and
2267 2151 72 21 which
2356 2152 17 20 is
2389 2159 12 13 a
2418 2155 81 18 matter

1907 2175 26 20 of
1945 2176 83 21 serious
2040 2176 144 28 importance,
2197 2185 23 13 so
2236 2178 68 21 much
2319 2178 66 27 being
2395 2178 53 22 used
2470 2179 29 27 by

1907 2209 39 14 our
1956 2203 175 21 manufacturers
2142 2204 34 21 for
2186 2204 57 21 their
2252 2204 137 28 machinery.
2419 2206 32 21 At
2461 2206 38 21 the

1905 2234 87 22 present
2003 2234 100 17 moment
2114 2230 55 22 train
2180 2231 28 21 oil
2219 2231 19 21 is
2248 2232 76 21 rather
2330 2232 53 26 high
2391 2232 23 21 in
2421 2232 62 26 price
2492 2241 6 18 ;

1906 2256 45 21 and
1961 2264 24 13 as
1995 2264 43 13 one
2050 2257 25 20 of
2088 2256 36 22 the
2135 2258 61 21 chief
2207 2265 105 24 purposes
2321 2259 35 20 for
2367 2259 72 21 which
2449 2259 18 22 it
2477 2259 20 22 is

1906 2282 55 22 used
1976 2283 18 20 is
2016 2284 61 21 cloth
2083 2284 104 28 -making,
2208 2288 18 18 it
2243 2285 45 21 also
2304 2286 76 21 aflects
2389 2286 36 21 the
2436 2293 62 14 same

1907 2310 147 27 individuals;
2076 2311 94 27 besides,
2189 2319 49 18 very
2253 2312 53 27 high
2322 2313 72 26 price
2399 2313 9 26 3
2411 2320 37 14 are
2459 2317 40 17 not

1907 2336 108 22 desirable
2026 2338 35 21 for
2071 2338 37 21 the
2119 2339 80 26 parties
2210 2340 101 26 engaged
2329 2340 23 21 in
2362 2340 36 21 the
2416 2340 84 21 British

1907 2364 103 26 fisheries,
2034 2364 34 21 for
2083 2364 53 27 they
2151 2366 127 27 invariably
2297 2366 71 22 check
2388 2366 37 22 the
2445 2374 54 14 con-

1906 2391 119 27 sumption,
2043 2392 45 21 and
2106 2392 59 22 drive
2182 2393 36 21 the
2238 2393 167 22 manufacturer
2420 2397 24 18 to
2462 2394 37 21 the

1905 2418 141 21 substitution
2059 2418 26 21 of
2097 2419 51 21 seed
2164 2420 44 21 and
2220 2420 63 21 other
2300 2420 48 21 oils.
2387 2421 21 20 A
2424 2420 76 22 differ-

1907 2445 67 21 ential
1986 2445 55 27 duty
2053 2446 25 21 of
2090 2446 33 22 £5
2138 2448 42 20 19s.
2194 2446 47 26 (the
2253 2446 54 28 duty
2326 2454 28 14 on
2370 2447 83 22 British
2471 2447 29 22 oil

1895 2482 2 18 I
1906 2472 67 26 being
1985 2474 28 19 Is.
2027 2480 37 19 per
2074 2473 50 25 tun)
2137 2480 38 19 per
2186 2477 38 18 tun
2235 2474 22 21 in
2267 2474 81 21 favour
2358 2474 26 21 of
2391 2474 58 22 train
2460 2474 38 25 oil,

1907 2499 43 21 and
1961 2499 26 21 of
1998 2499 48 22 £,\A
2056 2502 43 19 19s.
2111 2500 22 21 in
2144 2500 77 22 favour
2233 2500 25 22 of
2269 2508 72 20 sperm
2352 2500 37 22 the
2399 2501 99 27 produce

1906 2526 25 21 of
1943 2533 39 14 our
1992 2533 50 14 own
2053 2526 106 27 fisheries,
2172 2534 81 20 appear
2264 2531 22 17 to
2297 2535 25 14 us
2334 2531 22 18 to
2365 2528 28 21 be
2407 2535 13 14 a
2437 2528 61 21 suffi-

1907 2553 59 21 cient
1976 2553 133 27 protection.
2138 2554 72 21 There
2226 2555 19 20 is
2261 2554 45 22 also
2325 2558 22 18 to
2356 2554 27 22 be
2395 2562 28 14 an
2433 2555 67 21 alter-

1907 2580 45 21 tion
1965 2580 21 21 in
1999 2580 37 21 the
2048 2580 54 26 duty
2113 2587 26 14 on
2159 2581 139 27 whalebone;
2320 2585 23 18 at
2358 2589 89 19 present
2462 2582 38 21 the

1907 2606 54 27 duty
1973 2614 27 13 on
2014 2607 83 21 British
2114 2607 131 23 whalebone
2262 2608 17 21 is
2298 2608 32 23 £1
2347 2615 39 20 per
2405 2612 47 23 ton,
2471 2616 29 14 on

1907 2634 83 26 foreign
2001 2634 47 22 £95
2061 2634 165 28 (prohibitory.)
2267 2635 21 21 It
2307 2635 19 21 is
2342 2636 24 20 in
2380 2635 74 22 future
2474 2636 30 26 (if

1907 2660 37 21 the
1954 2660 89 22 scheme
2054 2661 18 21 is
2089 2662 90 26 carried,
2192 2669 23 14 as
2226 2669 29 14 no
2267 2662 69 21 doubt
2345 2662 18 21 it
2372 2662 53 27 will)
2438 2666 23 18 to
2471 2662 28 22 be

1907 2689 26 20 20
1944 2695 38 19 per
1992 2692 59 17 cent,
2061 2695 29 14 on
2102 2688 36 21 the
2149 2689 65 21 value
2225 2688 25 22 of
2262 2689 87 27 foreign
2361 2689 138 27 whalebone,

1907 2715 42 20 and
1973 2722 43 14 one
2040 2723 39 18 per
2104 2719 57 17 cent,
2183 2723 29 15 on
2233 2716 83 22 British
2316 2727 29 4 —
2347 2723 13 15 a
2379 2716 120 22 difference

1906 2742 59 26 quite
1977 2742 118 22 sufficient.

1940 2779 51 24 The
2003 2780 116 31 following
2131 2789 104 15 measure
2247 2781 75 23 would
2333 2782 29 22 be
2382 2785 40 26 yet
2436 2789 64 15 more

1907 2812 103 24 valuable
2035 2818 22 18 to
2081 2813 44 23 this
2145 2815 95 30 Colony,
2266 2815 40 22 but
2335 2823 32 14 we
2390 2815 48 23 fear
2462 2815 38 23 the

1907 2847 113 30 opposing
2032 2848 107 22 interests
2151 2856 38 14 are
2209 2853 37 17 too
2262 2853 80 26 strong
2360 2853 22 18 to
2401 2848 66 23 allow
2480 2848 25 28 pf

1907 2888 41 14 our
1973 2880 70 31 being
2069 2888 25 15 so
2118 2881 142 29 extensively
2279 2881 122 23 benefitted
2419 2890 26 15 as
2470 2888 32 16 we

1900 2913 89 23 -should
2001 2912 29 24 bo
2043 2914 30 30 by
2091 2914 54 23 such
2158 2922 28 15 an
2200 2915 124 30 important
2336 2914 95 31 change.

1962 2950 39 22 We
2012 2950 57 22 have
2081 2955 21 17 to
2113 2951 118 28 complain,
2240 2951 109 27 however,
2367 2952 26 21 of
2408 2952 95 22 another

1906 2978 58 26 plan,
1977 2978 61 26 quite
2050 2978 90 21 distinct
2156 2980 57 20 from
2229 2978 37 21 the
2283 2978 95 28 English
2393 2979 72 27 tariff;
2485 2979 19 22 it

1907 3006 17 19 is
1935 3012 13 13 a
1958 3005 107 26 proposed
2076 3005 117 22 alteration
2204 3009 21 18 to
2238 3005 69 22 admit
2318 3006 29 21 oil
2358 3006 44 21 and
2420 3006 83 22 whale-

1907 3032 55 21 bone
1982 3031 25 21 of
2027 3032 86 26 foreign
2133 3032 65 21 catch
2214 3032 48 22 into
2281 3032 114 28 England,
2413 3041 29 14 on
2464 3033 38 22 the

1905 3065 60 14 some
1977 3062 66 17 terms
2053 3066 23 14 as
2088 3059 89 27 British,
2190 3059 56 21 after
2257 3059 84 27 having
2350 3060 51 27 paid
2414 3068 14 14 a
2445 3060 56 28 duty

1906 3085 26 21 of
1945 3086 23 19 15
1988 3093 39 19 per
2037 3090 59 17 cent,
2113 3086 27 20 ad
2154 3088 91 19 valorem
2254 3086 23 22 in
2288 3094 14 14 a
2313 3086 81 22 British
2407 3087 93 27 Colony,

1905 3112 107 27 provided
2031 3112 17 21 it
2071 3112 19 22 is
2113 3113 97 27 brought
2227 3116 21 19 to
2268 3113 44 22 this
2332 3118 94 22 country
2444 3114 25 22 in
2488 3121 14 14 a

1909 3138 79 22 British
1998 3138 95 23 bottom.
2133 3140 63 27 Now,
2215 3140 73 22 whilst
2302 3148 34 14 we
2353 3140 55 28 fully
2423 3147 79 21 appre-

1905 3166 57 21 ciate
1982 3166 38 21 the
2039 3166 94 22 motives
2153 3168 71 21 which
2243 3168 118 26 prompted
2384 3167 43 22 this
2451 3175 51 20 pro-

1905 3193 101 27 position,
2028 3193 51 25 viz.,
2100 3194 37 21 the
2156 3194 86 22 benefit
2260 3194 25 21 of
2297 3195 38 21 the
2356 3194 95 23 colonial
2468 3202 34 14 re-

1907 3227 87 19 venues,
2007 3220 45 21 and
2064 3220 36 21 the
2113 3224 194 24 encouragement,
2318 3222 80 26 -which,
2410 3222 56 26 alas,
2482 3221 20 22 is

1906 3247 39 21 but
1956 3251 36 17 too
2001 3247 88 27 greatly
2097 3247 93 28 needed,
2201 3249 25 21 of
2234 3248 37 22 the
2279 3248 84 22 British
2369 3248 132 28 shipowner,

1905 3281 33 14 we
1958 3277 61 18 must
2038 3278 38 22 yet
2095 3278 82 24 protest
2198 3276 86 27 against
2304 3276 24 21 15
2347 3283 39 19 per
2397 3279 58 18 cent,
2475 3276 29 19 ad

1905 3302 89 19 valorem
2012 3300 69 27 being
2097 3302 108 28 anything
2224 3302 46 22 like
2290 3309 13 14 a
2322 3302 111 22 sufficient
2450 3309 53 21 pro-

1905 3328 81 22 tection
2013 3331 23 18 to
2056 3328 38 21 the
2114 3328 95 23 colonial
2228 3329 108 22 fisheries.
2379 3328 66 28 Why,
2467 3337 34 14 we

1906 3355 80 22 should
1995 3354 58 21 have
2064 3354 29 22 all
2104 3363 40 14 our
2154 3356 94 22 colonial
2259 3359 60 25 ports
2337 3355 125 23 inundated
2472 3356 30 28 by

1905 3382 38 21 the
1963 3382 123 22 American
2106 3382 44 23 and
2175 3382 87 23 French
2283 3383 101 26 whalers,
2403 3389 25 15 as
2447 3382 55 28 they

1906 3408 73 23 would
1997 3408 110 28 probably
2125 3410 26 21 be
2172 3410 48 22 able
2237 3417 28 14 on
2282 3410 44 21 this
2343 3408 51 28 plan
2410 3412 23 19 to
2444 3410 58 21 send

1907 3436 57 22 their
1974 3443 74 19 sperm
2060 3436 30 21 oil
2100 3437 46 21 into
2164 3437 93 21 London
2274 3440 23 17 at
2311 3439 40 18 not
2366 3443 61 15 more
2446 3436 55 22 than

1906 3462 126 23 two-thirds
2045 3462 38 23 the
2095 3463 52 27 duty
2156 3464 49 22 that
2214 3464 18 22 it
2242 3462 72 23 would
2325 3469 43 21 pay
2378 3462 20 22 if
2409 3464 93 26 coming

1907 3490 78 26 direct,
1997 3490 46 21 and
2053 3490 38 21 the
2102 3491 56 21 train
2170 3491 36 25 oil,
2217 3491 57 20 from
2283 3490 28 21 its
2327 3489 89 22 smaller
2427 3490 74 26 value,

1907 3517 73 21 would
1997 3520 40 18 not
2055 3525 43 19 pay
2116 3525 59 15 more
2196 3518 54 20 than
2269 3516 105 22 one-half
2390 3516 37 22 the
2446 3517 56 31 duty

1906 3544 110 27 proposed
2036 3544 30 26 by
2086 3544 35 22 Sir
2140 3544 84 22 Robert
2245 3543 51 22 Peel
2315 3543 25 22 in
2360 3542 36 23 the
2407 3543 95 28 English

1907 3571 64 21 tariff.
2010 3571 40 21 We
2066 3570 57 22 have
2139 3575 40 17 not
2194 3570 37 22 the
2241 3570 103 26 slightest
2353 3570 114 27 objection
2478 3574 22 18 to

1906 3599 50 25 give
1966 3598 38 21 the
2015 3598 114 26 foreigner
2135 3605 12 14 a
2154 3598 69 27 slight
2229 3596 132 28 advantage,
2373 3597 27 27 by
2408 3596 95 28 landing

1907 3625 34 21 his
1951 3624 30 22 oil
1990 3624 25 22 in
2031 3632 42 14 one
2091 3625 25 21 of
2127 3631 39 15 our
2184 3624 104 26 colonies,
2304 3624 35 21 for
2356 3623 37 22 the
2409 3624 55 22 bake
2481 3625 26 21 of

1907 3652 37 21 the
1955 3651 64 22 trade
2029 3652 17 20 it
2062 3651 72 21 would
2151 3651 76 21 confer
2243 3658 61 20 upon
2321 3650 61 22 them
2399 3650 45 22 and
2462 3658 42 15 our

1907 3678 214 22 homeward-bound
2133 3678 58 28 ships
2199 3685 6 19 ;
2220 3678 41 21 but
2276 3678 37 21 the
2329 3681 47 18 rate
2391 3678 113 27 proposed

1906 3705 19 21 is
1936 3710 36 17 too
1980 3705 43 21 low
2024 3716 26 5 —
2052 3705 17 21 it
2080 3704 79 22 should
2176 3705 26 21 be
2217 3708 24 18 at
2250 3704 57 22 least
2316 3705 29 21 20
2353 3711 40 19 per
2400 3708 61 18 cent,
2473 3712 29 14 on

1906 3740 80 19 sperm,
1999 3732 46 22 and
2055 3733 27 19 25
2092 3739 38 24 per
2140 3735 58 19 cent,
2210 3739 28 14 on
2257 3731 65 25 train,
2340 3730 72 23 which
2427 3731 76 23 would

1907 3759 27 21 be
1949 3760 59 27 quite
2026 3758 112 22 sufficient
2153 3758 146 22 inducement
2316 3761 23 18 to
2357 3758 37 22 the
2413 3758 91 22 French

1907 3786 44 22 and
1962 3786 132 22 Americans
2109 3788 23 18 to
2150 3785 54 22 send
2220 3784 59 22 their
2293 3784 30 22 oil
2341 3784 46 22 and
2403 3784 60 23 bone
2481 3789 23 18 to

1907 3812 103 27 England
2026 3814 37 19 via
2082 3819 13 13 a
2113 3812 81 22 British
2211 3811 98 26 colony.-*
2323 3810 3 12 :
2337 3812 47 22 Our
2394 3812 51 22 idea
2456 3812 50 22 that

1908 3840 25 21 15
1944 3843 107 23 per.cent.
2062 3839 23 21 is'
2092 3842 36 18 too
2139 3838 42 22 low
2186 3845 21 17 .a-
2213 3841 56 23 rate,
2282 3839 17 21 is
2309 3838 57 28 fully
2375 3839 77 22 borne-
2465 3843 41 18 out

1907 3867 28 27 by
1947 3866 36 22 the
1994 3866 91 27 opinion
2095 3865 25 21 of
2132 3865 37 21 the
2178 3865 32 22 oil
2220 3864 62 24 trade
2288 3873 5 19 ;
2311 3873 17 13 a
2337 3866 132 27 deputation
2480 3866 26 22 of

1906 3893 129 26 gentlemen
2046 3892 124 22 connected
2180 3892 53 22 with
2243 3892 17 21 it
2273 3892 117 27 inCending
2405 3897 24 17 to
2444 3892 60 23 have

1907 3926 27 14 an
1944 3919 116 23 interview
2071 3918 50 22 with
2133 3919 37 22 the
2187 3918 118 24 President
2325 3919 26 22 of
2367 3919 38 23 the
2422 3919 82 27 Board,

1906 3947 32 21 fot
1947 3946 37 22 the
1993 3953 97 20 purpose
2102 3946 24 21 of
2137 3946 120 29 procuring
2273 3954 62 14 som«
2352 3946 86 24 further
2452 3954 54 23 pro-

1907 3973 89 22 tection.
2009 3973 6 9 '
2177 3979 2 3 ■
2296 3980 2 6 '
2333 3989 4 2 -
2346 3980 3 4 ■
2372 3972 33 18 "'"'
2435 3974 12 17 '•

1319 1625 86 24 Niger
1418 1627 173 24 Expedition.
1594 1641 32 3 —
1629 1629 24 22 It
1665 1630 20 22 is
1704 1637 53 23 very
1768 1630 108 31 probable

1286 1658 47 22 that
1353 1660 44 22 this
1423 1661 137 30 expedition,
1585 1670 26 14 on
1635 1663 37 22 the
1695 1663 97 23 reduced
1817 1664 60 22 scale

1286 1691 70 24 which
1369 1693 41 23 has
1421 1694 56 22 been
1490 1695 116 22 intimated
1619 1696 30 30 by
1661 1696 36 22 the
1711 1696 164 29 Government,

1286 1724 43 23 will
1351 1727 65 29 again
1435 1727 84 23 ascend
1539 1727 37 23 the
1594 1729 59 23 river
1678 1729 75 24 before
1774 1731 57 30 May
1852 1738 24 15 or

1285 1758 57 22 June
1364 1764 62 19 next.
1473 1760 52 23 The
1544 1761 89 24 interim
1653 1770 52 23 may
1726 1763 98 31 perhaps
1848 1764 28 23 be

1285 1792 140 31 beneficially
1436 1799 66 25 spent
1516 1795 21 21 in
1551 1795 116 31 acquiring
1676 1804 12 14 a
1698 1804 62 15 more
1772 1802 105 18 accurate

1285 1825 132 31 kuowledge
1436 1827 23 22 of
1476 1827 38 23 the
1531 1832 67 24 coast,
1613 1829 86 22 around
1719 1829 37 23 the
1775 1830 100 31 heights,

1285 1858 24 23 of
1324 1858 119 24 Fernando
1457 1860 43 29 Po,
1515 1868 27 15 an
1555 1861 70 23 island
1640 1862 60 30 daily
1713 1863 129 31 increasing
1854 1865 23 21 in

1285 1892 100 23 interest.
1422 1893 50 22 The
1491 1894 96 23 African
1610 1895 144 24 Civilization
1773 1897 102 30 Society,

1284 1926 26 27 is,
1324 1933 32 15 we
1375 1926 146 29 understand,
1536 1927 79 31 taking
1634 1936 115 16 measures
1768 1931 35 22 for
1822 1939 54 22 pro-

1284 1959 80 29 curing
1375 1967 12 14 a
1406 1960 114 23 sufficient
1538 1961 81 30 supply
1632 1962 25 22 of
1673 1962 77 30 Negro
1771 1964 105 30 Agency,

1284 1992 72 22 which
1375 2001 52 22 may
1448 1993 47 23 also
1514 1994 51 22 lead
1584 1999 21 18 to
1624 2003 14 15 a
1657 2003 61 15 more
1740 1996 72 24 direct
1832 1997 44 23 and

1284 2025 119 29 profitable
1415 2028 127 21 connexion
1561 2027 99 24 between
1679 2028 80 24 Africa
1778 2030 45 23 and
1839 2031 37 22 the

1285 2058 65 23 West
1369 2058 83 24 Indies.
1500 2060 75 22 There
1596 2061 19 22 is
1636 2068 29 16 no
1685 2069 79 16 reason
1786 2068 22 18 to
1828 2063 48 23 fear

1284 2090 48 23 that
1351 2091 37 23 the
1408 2100 65 15 cause
1494 2093 26 22 of
1542 2093 79 24 Africa
1645 2094 45 23 will
1713 2094 27 23 be
1763 2095 112 29 deserted,

1284 2124 70 23 either
1366 2125 29 30 by
1409 2125 37 23 the
1465 2126 155 24 Government
1642 2136 24 14 or
1681 2128 36 22 the
1731 2135 101 24 country,
1848 2138 28 14 on

1284 2163 94 18 account
1392 2159 24 22 of
1431 2166 12 15 a
1455 2164 93 25 present
1559 2159 52 29 loss,
1625 2161 46 22 and
1690 2161 37 23 the
1747 2167 131 27 temporary

1284 2192 134 29 suspension
1437 2193 25 22 of
1484 2194 127 29 operations
1632 2201 138 24 consequent
1789 2204 29 15 on
1839 2197 37 23 the

1284 2224 79 31 falling
1376 2225 24 23 of
1416 2225 36 23 the
1468 2227 68 23 river.

1317 2257 49 24 The
1387 2267 69 22 vague
1475 2264 78 26 report
1573 2261 72 23 which
1667 2262 40 22 has
1727 2262 55 24 been
1801 2263 75 23 circu-

1283 2290 59 24 lated
1354 2293 25 21 of
1394 2292 37 23 the
1444 2293 138 24 destruction
1599 2295 21 22 of
1639 2295 39 23 the
1690 2296 73 23 model
1773 2297 68 28 farm,
1855 2298 19 22 is

1284 2329 38 18 not
1334 2324 100 24 believed
1454 2327 28 30 by
1498 2327 66 30 Capt.
1579 2328 100 29 Trotter,
1692 2336 41 15 nor
1754 2331 123 22 confirmed

1284 2358 27 29 by
1325 2358 37 23 the
1370 2359 67 23 latest
1447 2360 79 23 letters
1538 2361 56 22 from
1603 2362 136 27 Ascension,
1753 2364 43 22 and
1805 2364 71 23 strik-

1283 2392 62 30 ingly
1361 2393 122 23 resembles
1500 2394 38 22 the
1550 2394 117 24 malicious
1685 2403 104 17 rumours
1803 2397 73 23 which

1284 2424 36 23 the
1333 2426 79 30 people
1425 2427 24 22 of
1464 2427 39 23 the
1517 2432 61 18 coast
1590 2429 56 22 used
1665 2434 22 18 to
1703 2429 67 32 bring
1783 2435 22 18 to
1819 2431 57 23 Fer-

1283 2458 73 24 nando
1370 2459 41 29 Po,
1425 2460 84 31 during
1520 2461 38 23 the
1578 2462 96 24 absence
1694 2463 25 23 of
1734 2463 93 24 Lander
1846 2472 31 23 up

1284 2491 35 24 the
1334 2491 80 33 Niger.
1417 2507 32 3 —
1450 2493 124 32 Plymouth
1584 2495 106 29 Journal,

1316 2526 41 23 St.
1372 2527 124 24 Patrick.
1500 2541 33 3 —
1535 2528 42 23 We
1596 2537 38 15 are
1655 2530 95 23 enabled
1772 2535 22 19 to
1817 2535 59 19 state

1284 2559 47 23 that
1344 2560 36 23 the
1398 2561 56 22 Earl
1476 2562 26 22 of
1519 2561 111 24 Wicklow
1650 2563 45 23 will
1715 2564 27 22 be
1761 2564 116 23 honoured

1284 2593 51 22 with
1349 2594 38 22 the
1400 2595 79 22 riband
1495 2596 25 22 of
1535 2595 38 23 the
1594 2597 65 23 order
1681 2597 24 22 of
1723 2597 35 23 St.
1772 2598 104 29 Patrick,

1283 2632 79 18 vacant
1375 2628 29 30 by
1418 2628 35 23 the
1467 2628 68 24 death
1547 2629 26 22 of
1587 2629 63 24 Lord
1669 2630 118 25 Shannon.
1825 2632 51 23 The

1283 2660 55 23 Earl
1352 2662 24 21 of
1392 2662 94 22 Bandon
1500 2662 45 22 will
1566 2663 95 23 succeed
1683 2663 61 23 Lord
1766 2665 111 23 Shannon

1283 2702 23 14 as
1320 2693 64 24 Lord
1395 2695 141 23 Lieutenant
1555 2696 23 22 of
1601 2696 37 23 the
1657 2697 90 31 County
1761 2699 24 22 of
1803 2698 72 23 Cork.

1282 2740 32 3 —
1316 2727 92 32 Sunday
1422 2728 81 29 Times,
1516 2728 85 24 March
1615 2733 23 21 8.

1316 2761 88 24 South
1433 2762 53 23 Sea
1519 2762 99 24 Whale
1651 2764 126 24 Fisheiiy.
1791 2765 85 23 —On

1283 2794 122 31 Thursday
1418 2797 106 29 morning
1535 2796 50 29 last,
1605 2797 38 23 the
1655 2797 63 32 large
1732 2798 50 32 ship
1794 2798 85 24 Active

1283 2828 24 22 of
1326 2827 105 30 London,
1453 2829 75 23 which
1548 2829 39 23 has
1606 2830 58 24 been
1684 2831 150 24 wind-bound
1854 2832 24 23 in

1283 2861 36 23 the
1332 2862 96 23 channel
1439 2862 35 23 for
1486 2863 80 30 nearly
1579 2863 62 24 three
1655 2864 82 27 weeks,
1752 2874 63 14 came
1828 2866 48 22 into

1284 2895 35 22 the
1332 2897 59 22 river
1404 2897 43 22 and
1459 2903 47 16 was
1526 2897 80 22 hauled
1626 2899 48 21 into
1687 2898 38 23 the
1738 2898 58 24 East
1809 2899 69 23 India

1283 2928 74 29 Dock,
1371 2929 53 23 with
1437 2937 41 15 one
1492 2930 26 23 of
1533 2930 37 23 the
1591 2931 86 23 richest
1698 2939 92 24 cargoes
1806 2933 25 22 of
1847 2932 29 23 oil

1283 2969 50 15 ever
1352 2963 99 31 brought
1470 2964 49 22 into
1539 2963 43 24 this
1602 2970 59 24 port.
1700 2965 46 23 She
1765 2966 41 23 has
1820 2966 57 23 been

1283 2999 38 19 out
1332 2996 51 23 four
1394 3004 73 23 years,
1481 2996 45 24 and
1547 2997 38 23 has
1605 2998 100 31 brought
1723 2998 65 24 home
1802 3001 75 26 3,850

1284 3029 82 23 barrels
1397 3030 26 23 of
1463 3031 39 28 oil,
1533 3030 88 25 besides
1655 3032 138 29 whalebone,
1831 3032 44 23 &c.

1283 3062 91 31 During
1384 3063 44 23 this
1441 3064 123 31 unusually
1576 3064 53 31 long
1645 3073 85 23 voyage
1744 3066 36 22 the
1791 3065 86 24 Active

1283 3095 42 23 lost
1344 3096 41 23 but
1406 3104 40 15 one
1465 3105 63 21 man,
1549 3097 42 23 and
1613 3098 38 23 the
1672 3099 59 30 ship,
1750 3099 64 23 when
1837 3099 40 23 she

1283 3130 91 23 entered
1393 3130 36 23 the
1450 3130 102 24 Thames
1570 3131 81 23 looked
1672 3140 23 14 as
1716 3133 51 22 trim
1787 3132 45 24 and
1852 3140 25 15 as

1282 3162 62 23 fresh
1357 3171 24 15 as
1394 3164 63 23 when
1470 3164 42 23 she
1524 3164 91 23 started.
1618 3178 33 3 —
1652 3164 62 24 Ibid.

1316 3196 62 24 City
1396 3196 215 25 Improvements.
1615 3211 34 3 —
1655 3198 50 23 The
1726 3198 150 24 Fleet-street

1282 3229 41 23 end
1337 3231 25 22 of
1378 3231 144 23 Fetter-lane
1542 3231 38 22 has
1602 3238 23 17 at
1637 3232 79 30 length
1728 3232 57 23 been
1802 3233 74 22 barri-

1282 3262 68 24 caded
1362 3264 65 23 while
1440 3264 38 23 the
1491 3264 84 23 houses
1586 3273 38 15 are
1637 3265 69 23 about
1725 3271 21 17 to
1759 3266 27 23 be
1799 3265 78 32 pulled

1281 3295 64 24 down
1357 3304 23 16 to
1392 3297 65 23 effect
1476 3306 14 15 a
1512 3299 190 22 communication
1722 3299 25 22 of
1761 3307 14 15 a
1792 3307 84 23 proper

1281 3329 69 24 width
1362 3330 53 24 with
1436 3331 116 29 Holborn,
1565 3332 43 22 and
1628 3331 74 24 which
1714 3333 45 23 will
1774 3333 50 32 join
1838 3333 39 23 the

1281 3366 96 21 western
1389 3363 42 24 end
1445 3365 24 22 of
1485 3365 39 22 the
1538 3365 89 24 viaduct
1640 3370 22 18 to
1675 3366 27 23 be
1716 3366 89 24 erected
1817 3366 59 23 from

1281 3396 36 22 the
1331 3401 38 27 top
1382 3398 25 22 of
1418 3397 161 25 Holborn-hill
1591 3397 104 32 (leaving
1709 3399 35 24 St.
1756 3400 121 24 Andrew's

1281 3429 93 24 Church
1387 3437 22 17 to
1422 3431 36 23 the
1481 3431 80 32 north)
1573 3440 77 15 across
1669 3432 134 29 Shoe-lane,
1817 3433 59 24 Far-

1279 3463 197 30 ringdom-street,
1490 3464 99 31 through
1602 3466 78 23 Green
1692 3465 106 25 Arbour-
1803 3471 73 24 court,

1281 3500 21 19 to
1315 3496 37 23 the
1366 3497 47 24 Old
1425 3498 126 31 Bailey.—
1551 3497 60 25 lbid.

1313 3529 97 25 Silver
1422 3538 59 16 coin
1495 3539 55 17 and
1562 3531 121 25 bullion!
1685 3545 34 4 —
1721 3532 49 24 The
1780 3537 98 20 amount

1279 3562 25 23 of
1319 3563 69 24 silver
1400 3565 49 22 coin
1471 3565 46 23 and
1538 3565 85 24 bullion
1645 3566 97 31 shipped
1760 3572 23 18 at
1796 3566 81 24 Dover

1279 3595 34 23 for
1328 3596 76 24 Calais
1417 3598 21 22 in
1451 3598 39 23 the
1503 3599 77 23 month
1594 3599 24 23 of
1627 3599 70 31 April
1710 3607 44 15 was
1765 3601 111 28 426,300

1280 3636 83 17 ounces
1373 3639 6 20 ;
1399 3631 52 29 gold
1464 3631 66 29 ditto,
1547 3634 45 22 136
1605 3640 93 16 ounces.
1701 3645 33 4 —
1734 3632 62 25 Ibid.

1314 3662 230 27 Extraordinary
1557 3672 114 18 arrival
1691 3674 30 15 of
1738 3666 138 25 Shipping.

1279 3707 33 4 —
1314 3695 85 33 Friday
1412 3699 107 30 morning
1530 3706 122 17 numerous
1665 3700 85 30 parties
1762 3700 26 23 of
1804 3700 72 25 ladies

1279 3728 44 23 and
1343 3730 129 30 gentlemen
1494 3731 125 31 proceeded
1641 3737 23 19 to
1685 3733 127 24 Blackwall
1833 3733 44 24 and

1280 3761 64 25 other
1363 3763 77 31 places
1459 3765 161 32 commanding
1639 3773 29 16 an
1688 3771 117 20 extensive
1820 3768 57 22 view

1279 3795 25 23 of
1356 3796 47 24 Old
1424 3796 87 25 Father
1677 3803 22 20 to
1724 3801 93 24 witness
1839 3800 39 24 the

1278 3829 82 24 arrival
1374 3829 26 24 of
1414 3838 13 15 a
1440 3838 53 24 very
1505 3831 64 31 large
1580 3832 98 25 number
1689 3832 26 24 of
1731 3833 37 24 the
1788 3834 54 24 fleet
1855 3834 25 23 of

1277 3862 87 24 vessels
1378 3862 48 25 that
1438 3863 50 25 had-
1495 3864 58 24 been
1565 3873 24 15 so
1608 3866 58 31 long
1685 3866 105 25 detained
1802 3874 24 16 m
1839 3867 39 24 the

1279 3895 105 24 Channel
1397 3895 28 31 by
1439 3896 38 23 the
1490 3897 96 31 easterly
1599 3899 74 22 winds
1685 3908 5 20 ;
1710 3900 42 23 and
1765 3900 113 31 certainly

1270 3928 68 23 'their
1344 3930 113 30 curiosity
1469 3937 48 16 was
1538 3930 75 33 amply
1633 3932 104 30 gratified
1737 3928 3 14 1
1741 3950 5 6 .
1782 3932 96 33 During

1278 3961 38 25 the
1335 3962 106 33 morning
1460 3963 18 24 it
1501 3963 58 26 blew
1577 3972 13 15 a
1608 3965 53 25 atjff
1676 3965 87 31 breeze,
1780 3967 98 31 varying
