2559 4029
778 134 359 25 MISCELLANEOUS.

97 199 35 30 By
149 197 37 24 the
205 193 64 32 Lady
289 191 81 31 Leigh,
391 191 73 24 which
487 191 89 24 arrived
595 191 44 23 last

70 232 93 29 evening,
181 235 34 16 we
229 227 56 23 have
302 225 103 24 received
424 225 37 24 the
478 224 90 24 Nelson
587 223 50 24 Ex-

69 265 77 26 aminer
155 261 26 24 of
196 259 100 25 October
308 259 41 22 28.
385 258 52 24 The
453 256 114 25 Emerald
584 256 54 29 Isle,

69 298 38 26 had
123 293 94 27 reached
233 291 88 24 Nelson
336 291 55 24 with
412 292 47 23 100
478 290 105 27 soldiers,
600 289 39 24 but

70 327 95 35 departed
176 327 34 23 for
228 323 92 32 Sydney
331 331 29 16 on
372 324 88 31 finding
475 323 50 24 that
541 331 29 15 no
583 329 56 24 open

70 370 38 19 war
118 368 44 17 was
178 358 68 30 being
257 357 87 23 carried
355 365 38 16 on.
429 357 50 24 The
491 356 97 24 Natives
596 355 43 23 had

70 398 48 24 been
145 391 149 25 troublesome
311 395 23 18 at
356 390 39 23 the
422 389 121 24 Motuaka.
590 387 49 24 The

71 425 120 29 Jdandrian,
203 422 45 25 had
267 427 41 27 put
328 423 48 23 into
398 422 92 24 Hobart
509 421 77 24 Town
605 420 34 24 for

70 466 65 21 water.
218 479 11 9 
297 484 135 4 __^__

98 512 156 29 Mechanics'
278 512 148 24 Institute.
427 523 33 6 —
460 510 44 24 We
516 518 39 16 are
572 511 67 30 given

71 557 17 19 to
106 545 132 28 understand
258 545 49 24 that
329 545 40 23 the
382 544 140 31 half-yearly
541 545 99 29 meeting

71 585 19 24 of
103 582 35 24 the
155 578 138 26 Mechanics'
317 578 109 24 Institute
445 577 45 24 will
506 576 55 24 take
577 576 63 31 place

71 625 23 17 on
109 612 98 30 Monday
222 612 96 30 evening
334 616 64 24 next,
417 616 25 19 at
456 618 68 16 seven
543 609 96 25 o'clock.

71 649 33 26 All
128 646 109 24 members
265 651 39 17 are
331 644 121 31 requested
462 647 23 20 to
510 644 55 30 give
583 644 57 22 their

69 679 128 28 attendance.

281 733 140 24 BIRTHS.

95 788 31 25 At
141 785 130 31 Wanganui
290 793 30 16 on
337 785 39 24 the
396 785 58 24 28th
471 785 111 28 October,
602 785 38 24 the

69 822 42 31 lady
118 821 23 23 of
149 818 59 24 John
221 818 85 29 Nixon,
320 818 68 31 Esq.,
400 818 55 24 J.P.
465 818 25 23 af
499 826 14 16 a
520 818 118 31 daughter.

97 855 33 24 On
149 851 113 31 Saturday
274 851 37 24 the
324 851 43 24 4th
381 851 137 29 November,
532 851 38 24 the
589 851 51 31 lady

70 889 20 24 of
97 887 39 25 Dr.
148 884 139 32 Fitzgerald,
299 884 100 24 District
410 884 105 24 Colonial
527 885 113 30 Surgeon,

68 922 22 24 of
96 929 12 15 a
117 918 117 30 daughter.

111 974 197 24 ENGLISH
339 974 248 24 EXTRACTS.

699 189 175 26 Valparaiso.
876 203 35 6 —
912 191 42 24 We
965 200 39 16 are
1024 200 63 23 sorry
1099 197 23 19 to
1134 192 56 24 hear
1201 193 48 24 that

666 231 64 16 some
751 223 26 23 of
800 224 38 23 the
859 225 127 23 mechanics
1007 230 24 19 at
1052 230 90 26 present
1165 230 40 19 out
1227 226 26 25 of-

666 256 154 31 employment
837 257 24 23 in
880 258 136 24 Melbourne
1032 265 39 16 are
1091 258 122 31 intending-
1227 263 30 26 to-,

667 289 64 24 leave
743 289 37 24 the
791 290 82 31 colony
884 291 45 22 and
948 291 99 31 proceed
1065 295 23 19 to
1105 291 144 34 Valparaiso,
1255 311 2 4 .

666 322 73 24 under
750 322 38 24 the
800 323 134 32 impression
955 324 49 23 that
1023 323 38 24 the
1080 324 45 23 late
1143 324 114 31 calamity;

666 355 75 23 which
763 355 60 24 befel
849 356 50 23 that
918 357 46 30 city
986 357 45 23 will
1054 356 56 23 have
1132 357 118 24 furnished

667 388 116 24 abundant
803 389 64 24 work
890 390 34 23 for
951 397 30 15 an
1002 390 99 23 unusual
1124 390 82 31 supply
1228 390 29 24 of<

667 421 100 24 builders
790 422 45 23 and
856 423 60 23 their
937 423 153 23 concomitant
1111 423 138 24 tradesmen.
1256 419 2 39 {

668 454 23 23 A
703 455 127 31 paragraph
840 455 42 24 has
894 456 110 31 appeared
1016 456 24 23 in
1052 464 12 15 a
1077 456 92 31 Sydney
1179 464 72 16 news-

668 495 76 23 paper,
758 488 84 31 having
853 488 113 24 reference
983 494 22 18 to
1018 497 13 15 a
1044 489 85 23 similar
1139 489 113 31 proposed
1256 513 2 4 .

669 521 135 30 emigration
816 522 34 23 for
868 520 50 25 that
936 521 96 29 district,
1045 522 44 23 and
1100 523 103 30 warning
1214 522 38 23 the

667 554 84 30 parties
762 555 90 30 against
868 553 57 25 such
943 562 14 16 a
974 553 96 33 project.
1105 554 71 24 That'
1186 562 65 24 para-

667 586 74 32 graph
762 594 33 16 we
818 587 90 31 subjoin
934 587 35 23 for
992 587 38 24 the
1054 588 83 23 benefit
1160 588 26 23 of
1211 595 41 16 our

668 624 124 19 townsmen
803 621 50 23 who
865 628 52 23 may
927 620 28 23 be
975 620 177 31 contemplating
1171 628 14 16 a
1202 626 50 26 step

668 660 33 16 we
713 652 86 24 believe
812 658 21 18 to
845 653 28 23 be
884 652 92 32 fraught
995 652 54 24 with
1061 653 192 31 disappointment

668 686 45 23 and
725 687 52 22 ruin
784 694 6 16 :
809 686 70 31 being
889 686 56 31 fully
957 686 95 23 enabled
1071 691 23 18 to
1111 687 141 23 corroborate

670 719 39 22 the
722 723 120 19 statement
854 719 17 23 it
890 720 109 27 contains,
1013 726 60 24 upon
1090 719 38 24 the
1138 720 113 30 authority

668 752 26 22 of
708 752 106 31 personal
831 752 85 23 friends
935 752 55 31 long
1001 752 99 23 resident
1112 752 24 23 in
1148 752 70 24 Chili.
1219 764 35 5 —

694 785 43 23 We
749 785 111 31 sincerely
871 790 76 26 regret
958 790 23 18 to
997 784 55 24 hear
1064 785 25 23 ef
1104 785 37 24 the
1153 786 99 23 infatua-

669 818 48 23 tion
729 818 26 23 of
763 818 65 23 those
840 818 50 23 who
901 826 37 16 are
948 825 50 16 now
1010 818 50 24 said
1071 823 22 19 to
1104 818 29 23 be
1144 818 108 24 embark-

669 851 40 31 ing
729 851 33 23 for
783 851 144 31 Valparaiso,
948 851 40 23 but
1008 859 63 16 more
1091 852 121 30 especially
1224 860 30 15 on

669 889 95 18 account
776 884 25 23 of
816 884 37 23 the
864 884 96 24 deluded
972 884 124 31 emigrants
1106 884 145 25 themselves.

669 917 81 23 When*,
757 925 52 15 men
821 923 37 17 are
870 923 40 18 out
928 917 25 24 of
967 918 153 31 employment
1138 919 19 22 it
1168 919 20 22 is
1200 926 54 23 very

670 950 89 23 natural
780 950 36 23 for
837 950 62 24 them
918 955 22 19 to
960 951 56 23 seek
1037 952 35 22 for
1092 950 38 24 the
1141 959 78 15 means
1232 952 25 22 of

670 983 151 30 subsistence,
840 984 45 23 and
906 988 21 19 to
946 984 51 23 look
1019 988 40 19 out
1071 983 33 24 for
1115 992 64 15 some
1191 984 63 31 place

669 1016 75 23 where
760 1016 53 31 they
850 1017 67 23 could
935 1025 53 15 earn
1008 1017 60 23 their
1085 1017 69 23 bread
1173 1017 29 31 by
1216 1017 38 23 the

670 1054 70 18 sweat
750 1050 26 23 of
791 1050 59 23 their
981 1050 49 23 But
1043 1051 51 30 they
1106 1050 82 23 should
1200 1050 54 23 look

670 1082 107 31 carefully
798 1082 75 25 before
894 1084 68 28 them,
976 1091 38 16 ere
1033 1083 54 31 they
1098 1091 130 16 commence
1241 1091 13 15 a

671 1120 42 18 two
727 1124 24 15 or
762 1116 64 24 three
837 1116 99 24 month's
947 1124 86 23 voyage
1047 1122 21 17 to
1082 1124 11 15 a
1105 1122 92 25 strange
1209 1116 45 24 and

671 1153 22 18 to
704 1149 61 23 them
778 1157 29 15 an
826 1149 115 24 unknown
960 1150 62 23 land.
1059 1149 49 23 The
1120 1150 51 23 first
1183 1150 71 23 sacri-

670 1181 43 23 fice
725 1181 52 31 they
790 1187 60 18 must
870 1181 65 24 make
953 1183 20 21 is
992 1182 38 23 the
1051 1187 106 26 payment
1176 1183 25 23 of
1216 1187 37 19 ten

671 1214 87 30 pounds
787 1223 96 22 passnge
912 1223 79 23 money
1000 1224 7 20 ;
1039 1215 53 23 then
1120 1214 54 32 they
1189 1230 3 4 •
1202 1215 53 24 land

671 1255 82 22 among
765 1253 125 24 strangers,
900 1253 37 17 not
950 1247 108 30 knowing
1065 1255 13 15 a
1090 1247 60 23 word
1163 1248 25 23 of
1193 1249 63 23 .their

670 1280 120 30 language,
811 1281 51 22 with
885 1289 28 14 no
932 1288 42 15 one
992 1286 24 18 to
1037 1281 89 23 consult
1144 1289 27 15 or
1189 1282 67 23 assist

671 1313 70 28 them,
753 1321 26 15 or
790 1313 53 23 look
856 1320 40 16 out
906 1314 35 22 for
952 1314 161 31 employment.
1138 1314 24 23 It
1175 1315 20 22 is
1207 1319 49 19 true

671 1347 37 22 the
727 1347 139 22 necessaries
887 1347 26 23 of
934 1347 40 22 life
994 1354 39 15 are
1056 1347 70 31 cheap
1147 1347 72 29 there,
1231 1355 25 16 as

671 1380 54 31 they
744 1388 37 15 are
803 1387 49 15 now
870 1380 61 28 here,
943 1380 41 22 but
1000 1387 76 23 wages
1094 1388 38 14 are
1152 1380 44 23 low
1213 1381 44 23 and

671 1413 104 31 working
796 1421 52 15 men
868 1413 76 31 plenty
956 1421 6 15 :
993 1413 99 31 perhaps
1115 1421 14 15 a
1146 1413 44 24 few
1209 1421 47 16 me-

671 1448 92 22 chanics'
776 1454 50 23 may
839 1446 48 24 find
899 1446 154 31 employmont
1063 1456 5 19 ;
1089 1446 40 24 but
1140 1446 61 24 what
1212 1448 45 22 will

671 1481 91 23 become
775 1481 24 22 of
815 1480 63 23 them
890 1481 23 22 in
931 1488 51 15 case
1002 1480 25 23 of
1037 1479 109 27 .sickness
1168 1488 25 15 or
1209 1479 48 24 dis-

671 1514 157 31 appointment
837 1514 10 23 ?
882 1513 24 23 It
918 1514 19 22 is
957 1514 73 22 better
1050 1520 21 16 to
1091 1513 94 31 grapple
1204 1514 53 22 with

671 1547 129 23 difficulties
824 1551 105 26 amongst
950 1554 41 16 our
1016 1554 48 15 own
1088 1546 97 23 kindred
1213 1547 44 22 and

671 1585 157 26 countrymen,
837 1580 54 23 than
904 1587 82 24 expose
997 1580 115 23 ourselves
1125 1584 21 18 to
1160 1580 97 30 dangers

673 1613 83 24 amidst
767 1621 14 15 a
791 1613 89 31 medley
893 1613 25 23 of
932 1613 50 23 half
996 1621 84 23 savage
1098 1612 105 29 Indians,
1216 1613 40 23 de-

671 1647 122 23 scendants
814 1647 24 23 of
854 1647 95 23 African
969 1646 83 29 slaves,
1065 1646 42 23 and
1127 1654 12 14 a
1161 1647 96 23 mixture

671 1681 25 22 of
713 1688 14 15 a
735 1680 89 31 jealous
836 1680 120 30 revengful
976 1679 101 31 Spanish
1095 1686 51 16 race
1148 1691 33 4 —
1183 1688 13 14 a
1207 1687 50 16 race

671 1713 147 32 particularly
833 1721 78 15 averse
932 1718 21 18 to
974 1718 125 25 strangers.
1136 1712 43 23 We
1192 1712 65 24 know

672 1746 129 30 something
813 1747 25 23 of
854 1747 45 22 this
918 1747 178 29 heterogeneous
1118 1746 138 31 population,

672 1780 44 23 and
729 1787 30 15 we
772 1785 60 19 most
843 1780 111 30 seriously
967 1778 111 24 forewarn
1097 1787 41 15 our
1150 1785 107 25 country-

673 1822 51 15 men
738 1813 55 24 from
807 1814 30 23 ail
857 1818 89 19 contact
960 1813 55 23 with
1113 1825 36 4 —
1149 1811 108 25 Austral-

673 1847 66 23 asian
751 1846 127 24 Chronicle.

706 1885 75 24 There
805 1886 19 22 is
848 1884 129 31 something
998 1883 147 32 exceedingly
1172 1884 40 25 sad
1234 1886 24 24 in

673 1920 90 30 parting
785 1918 55 24 with
863 1926 29 15 an
915 1918 55 30 aged
990 1917 83 24 friend.
1122 1917 75 24 When
1221 1919 37 25 the

671 1959 77 23 young
758 1959 39 16 are
815 1951 117 31 separated
944 1951 57 22 from
1020 1950 55 23 each
1094 1950 66 23 other
1171 1950 87 33 though'

672 1985 60 22 their
749 1984 99 23 farewell
866 1984 29 23 be
907 1983 60 23 filled
981 1983 53 24 with
1054 1990 90 22 sorrow,
1165 1989 44 26 yet
1221 1987 38 23 the

671 2016 77 31 bright
760 2023 49 24 eye,
821 2016 39 23 the
872 2016 58 30 agile
940 2019 71 28 stept,
1024 2016 39 23 the
1075 2016 40 23 full
1128 2017 79 30 cheek,
1221 2020 38 22 the

662 2049 122 27 .cloudless
803 2049 69 28 brow,
885 2049 52 30 give
956 2049 100 30 promise
1068 2050 24 22 of
1110 2058 14 15 a
1142 2053 116 28 re-union,

671 2082 103 23 however
793 2083 85 22 distant
899 2083 18 21 it
934 2089 50 23 may
997 2082 38 23 be.
1071 2083 47 23 But
1135 2084 67 24 when
1221 2084 38 25 the

671 2115 70 23 sands
753 2116 25 22 of
793 2116 39 22 life
850 2123 39 15 are
907 2115 77 30 nearly
995 2116 125 30 expended,
1136 2117 65 24 when
1222 2119 37 23 the

671 2153 51 27 step
742 2148 74 29 falter,
843 2149 63 22 when
928 2148 38 23 the
984 2156 55 22 eyes
1056 2149 66 29 dims,
1136 2151 64 23 when
1221 2152 38 24 the

671 2182 66 23 smile
748 2181 65 32 plays
825 2181 74 31 feebly
912 2189 52 15 over
983 2181 38 23 the
1033 2182 108 24 wrinkled
1151 2184 107 31 features;

671 2215 45 23 and
739 2215 85 24 seldom
842 2215 66 22 visits
931 2215 38 22 the
986 2223 56 16 once
1061 2215 56 32 ruby
1135 2216 52 32 lips,
1206 2219 17 22 it
1240 2220 19 22 is

671 2248 142 31 melancholy
823 2257 6 20 ;
842 2248 42 24 but
896 2253 58 19 most
966 2249 122 31 especially
1096 2255 24 17 to
1132 2250 65 25 those
1209 2251 50 25 who

671 2281 86 31 having
767 2282 112 31 garnered
890 2290 30 22 up
932 2282 58 23 their
1002 2282 77 23 hearts
1091 2283 23 22 in
1122 2291 63 16 some
1193 2284 65 24 sink-

671 2316 40 29 ing
732 2315 78 29 frame,
824 2319 82 19 cannot
924 2315 27 23 be
970 2316 121 30 permitted
1112 2321 22 19 to
1146 2318 72 24 watch
1242 2319 17 23 it

671 2356 58 15 even
741 2349 58 22 until
812 2349 38 23 the
861 2348 45 23 end
918 2348 24 23 of
950 2349 31 22 its
993 2349 90 30 earthly
1093 2357 98 18 carreer.

707 2382 152 24 Marriage.
861 2394 35 5 —
897 2382 51 24 One
960 2382 24 24 of
994 2382 38 23 the
1047 2388 57 18 most
1111 2384 144 24 remarkable!

671 2416 100 23 features
790 2416 26 23 of
840 2415 38 24 the
898 2415 172 31 extraordinary
1088 2417 130 24 institution
1230 2419 28 28 is*,

673 2449 37 23 the
727 2450 127 22 successive
873 2449 101 31 changes
991 2450 19 22 it
1027 2450 128 30 undergoes
1175 2452 23 23 in
1221 2451 37 25 the

673 2490 79 16 course
772 2483 26 22 of
824 2483 30 23 its
876 2482 96 31 history.
1021 2483 75 24 When
1120 2484 38 23 the
1181 2493 78 25 young

673 2516 105 24 husband
790 2516 44 24 and
847 2516 50 23 wife
908 2516 50 23 first
970 2521 65 19 enter
1055 2524 59 24 upon
1134 2517 59 25 their
1210 2526 48 16 new

673 2550 103 28 relation,
797 2550 51 23 how
867 2549 59 24 little
946 2549 28 24 do
995 2550 56 30 they
1071 2551 73 23 forsee
1166 2552 60 23 what
1237 2552 20 24 is

673 2583 76 25 before
761 2583 70 24 them.
874 2582 36 24 As
930 2582 53 32 they
1004 2583 53 24 take
1073 2586 139 29 possession,
1224 2585 34 25 for

674 2617 37 22 the
723 2617 50 22 first
785 2618 63 27 time,
861 2617 26 22 of
901 2615 59 25 their
971 2624 50 17 new
1033 2616 79 30 house,
1131 2618 44 24 and
1192 2618 66 32 enjoy

672 2650 31 23 its
715 2650 109 31 cheering
835 2655 85 26 aspect,
932 2650 30 23 its
981 2651 125 31 regularity
1125 2652 44 24 and
1189 2653 69 31 quiet,

674 2683 44 23 and
731 2684 29 23 its
770 2684 134 31 expression
916 2683 24 23 of
956 2683 110 24 domestic
1076 2691 67 25 peace
1156 2686 44 23 and
1209 2685 49 32 joy,

675 2717 48 23 how
737 2717 56 24 little
807 2717 28 23 do
845 2716 53 31 they
910 2718 123 30 anticipate
1047 2716 37 25 the
1095 2718 56 32 deep
1164 2719 44 23 and
1222 2725 39 26 yet

675 2758 86 16 unseen
772 2751 118 23 fountains
902 2749 25 24 of
938 2751 41 31 joy
991 2750 46 23 and
1049 2759 82 16 sorrow
1144 2753 74 23 which
1229 2753 30 24 lie

674 2784 23 22 in
711 2783 58 25 their
781 2784 75 24 future
868 2791 49 24 way
929 2784 6 24 !
983 2784 29 23 In
1032 2792 14 15 a
1064 2785 42 23 few
1124 2794 67 22 years
1210 2786 49 24 how

675 2817 102 31 changed
784 2818 6 23 !
828 2817 52 24 One
892 2818 56 23 after
960 2817 95 24 another
1066 2818 40 24 has
1120 2819 58 24 been
1190 2820 70 24 added

674 2851 23 22 in
711 2852 90 22 various
813 2858 61 23 ways
884 2855 22 19 to
920 2852 37 23 the
969 2858 111 25 company
1092 2851 73 25 which
1183 2853 74 35 began

675 2884 53 30 only
738 2884 53 24 with
803 2889 52 24 two,
867 2885 58 23 until
936 2889 24 19 at
970 2885 82 31 length
1063 2885 52 31 they
1128 2885 46 25 find
1186 2886 73 25 them-

674 2917 74 24 selves
767 2918 119 31 presiding
904 2926 52 16 over
975 2926 13 15 a
1008 2926 123 17 numerous
1149 2919 70 25 circle
1238 2921 25 23 of

675 2951 101 24 children
796 2952 44 23 and
860 2952 114 28 relatives,
998 2952 46 23 and
1055 2953 128 27 .domestics
1193 2963 5 19 ;
1222 2954 37 23 the

675 2984 73 24 father
757 2985 45 23 and
814 2984 89 24 mother
911 2984 55 25 both
983 2985 106 24 involved
1107 2986 24 24 in
1144 2988 115 31 responsi-

673 3017 93 31 bilities,
776 3019 58 23 from
847 3018 74 24 which
932 3019 53 31 they
1005 3019 75 24 would
1096 3019 59 24 have
1173 3020 86 32 altoge-

674 3050 51 24 ther
736 3052 88 24 shrunk
838 3052 44 24 had
892 3052 52 32 they
957 3053 138 31 anticipated
1108 3053 62 25 them
1183 3059 24 19 at
1222 3055 38 23 the

674 3084 134 32 beginning.
849 3086 30 23 In
892 3093 13 16 a
915 3086 42 23 few
969 3093 68 24 years
1048 3085 45 25 this
1106 3086 75 33 happy
1195 3088 66 24 circle

675 3123 62 19 must
756 3118 30 24 be
807 3118 89 24 broken
924 3119 23 25 in
975 3127 65 24 upon
1067 3119 43 25 and
1139 3121 120 25 scattered.

675 3150 76 24 Death
763 3159 76 16 comes
849 3153 24 23 in
885 3152 44 24 and
941 3153 80 24 makes
1040 3161 42 16 one
1100 3154 46 24 and
1166 3155 95 24 another

675 3183 36 23 his
723 3192 54 23 prey
787 3193 7 20 ;
806 3185 76 24 others
892 3186 119 31 gradually
1021 3187 71 24 arrive
1105 3192 24 19 at
1139 3189 119 31 maturity,

675 3217 45 23 and
740 3217 63 24 leave
822 3217 58 25 their
899 3219 93 24 father's
1011 3220 53 23 roof
1082 3225 33 22 to.
1124 3221 57 24 seek
1198 3221 63 25 other

675 3250 86 30 homes,
785 3252 46 23 and
853 3256 23 19 to
897 3257 77 24 returp
993 3260 30 16 no
1042 3261 62 17 more
1127 3259 22 19 to
1169 3255 38 24 the
1218 3255 42 24 ark

675 3283 73 24 which
760 3284 115 25 sheltered
887 3285 59 24 them
964 3290 24 19 at
1007 3286 67 30 first;
1094 3288 52 30 and,
1165 3293 25 20 at
1207 3288 53 30 last,

676 3316 39 24 the
726 3318 73 24 father
812 3318 44 24 and
864 3319 89 25 mother
965 3327 39 16 are
1016 3319 42 25 left
1068 3321 73 30 alone,
1152 3326 25 20 to
1190 3319 71 35 spend

675 3350 60 24 their
746 3351 115 33 declining
870 3360 67 23 years
949 3358 23 19 at
984 3353 60 25 their
1056 3354 102 33 solitary.
1161 3350 102 35 fireside,'

675 3388 23 19 to
716 3384 54 24 look
790 3385 60 25 back
865 3394 62 23 upon
945 3394 81 17 scenes
1044 3387 26 25 of
1091 3389 103 31 activity;
1204 3393 3 4 '
1217 3389 44 25 and

675 3417 60 29 trial,
747 3419 44 24 and
802 3419 139 33 enjoyment,
952 3420 76 25 which
1040 3429 42 16 can
1093 3429 69 17 never
1174 3427 86 21 return.

675 3451 64 24 Such
750 3453 20 23 is
783 3452 38 24 the
833 3453 86 25 outline
937 3455 27 23 of
985 3453 40 25 the
1045 3455 88 33 history
1151 3455 27 25 6f
1193 3457 68 24 thou-

675 3485 69 24 sands
755 3486 27 24 of
797 3486 106 25 families.

709 3518 79 25 Mems
816 3527 50 18 for
890 3521 129 27 Married
1035 3521 83 33 JMen.
1120 3535 35 5 —
1156 3522 30 25 If
1200 3521 64 39 your,

674 3551 51 24 wife
736 3552 26 25 be
781 3553 76 25 seized
868 3554 55 24 with
941 3563 14 16 a
966 3555 86 29 violent
1062 3556 33 24 fit'
1099 3556 27 24 of
1140 3555 125 32 kindrtessV,

672 3585 30 24 be
714 3586 86 24 careful
820 3587 60 24 what
901 3589 97 31 promise
1016 3597 45 23 you
1078 3589 68 25 make
1160 3584 69 33 while?
1238 3591 27 29 .it|

673 3619 66 24 lasts.
774 3619 27 25 If
809 3628 43 23 you
863 3621 77 25 would
951 3622 44 24 live
1007 3623 158 32 comfortably,
1178 3615 84 44 alwa|i

673 3652 89 25 whistle
770 3654 46 24 and
828 3654 70 32 laugh
909 3655 67 25 while
987 3664 59 23 your
1057 3657 51 24 wife
1119 3657 20 23 is
1148 3657 113 30 scolding.

673 3686 26 25 If
713 3694 62 24 your
792 3687 51 24 wife
863 3688 79 25 boasts
957 3689 70 25 much
1046 3690 26 24 of
1087 3690 42 24 her
1144 3690 117 29 relations,

672 3721 76 30 praise
758 3720 72 31 them,
842 3721 42 25 but
901 3727 59 22 trust
980 3723 62 25 them
1059 3728 32 20 as'
1103 3723 60 26 little
1175 3731 34 18 as.
1218 3730 44 25 ytra

673 3761 52 17 can.
760 3754 26 24 If
804 3762 62 24 your
883 3756 51 25 wife
951 3762 53 26 gets
1023 3758 50 23 into
1092 3765 15 16 a
1128 3757 62 32 fury,
1209 3756 54 25 take

671 3787 106 32 yourself
785 3788 32 24 off
828 3789 96 25 without
934 3791 78 31 trying
1023 3796 23 19 to
1057 3790 75 33 pacify
1144 3790 52 25 her.
1220 3787 3 7 '
1235 3797 4 6 •
1248 3786 8 15 "'
1264 3803 2 7 ■

706 3821 75 24 When
794 3821 90 26 Rubini
896 3831 45 17 was
951 3824 73 24 asked
1033 3824 52 24 how
1096 3831 65 16 came
1177 3824 24 24 it.
1212 3823 52 29 |bat

672 3854 28 25 he
712 3854 55 24 took
780 3855 64 25 leave
851 3856 26 25 of
892 3857 38 24 the
941 3858 79 32 public
1031 3865 27 16 so
1070 3857 71 28 often,
1161 3857 46 24 and
1223 3850 45 38 yeV

671 3888 115 30 returned,
799 3889 30 24 he
840 3890 58 30 said,
936 3892 13 23 I
962 3891 47 23 find
1021 3891 20 23 it
1055 3898 13 15 a
1088 3894 59 19 most
1167 3889 101 25 difficult;

671 3921 68 32 thing
748 3926 24 20 to
783 3922 54 24 take
849 3923 66 24 leave
936 3924 26 24 of
983 3932 13 16 a
1019 3922 104 25 hundred
1138 3922 93 31 pounds
1247 3926 17 20 ft

670 3954 77 32 night.

94 1030 21 24 A
120 1028 80 24 Gang
212 1036 30 17 of
251 1028 174 25 Murderers.
428 1041 33 4 —
462 1028 49 24 The
521 1028 121 32 Kilkenny

68 1068 70 28 papers
155 1061 53 31 give
229 1070 28 15 an
276 1067 96 18 account
382 1062 27 23 of
428 1062 37 23 the
482 1067 94 26 capture
589 1062 23 23 of
628 1070 14 14 a

68 1094 122 26 formidable
208 1094 105 29 banditti,
325 1095 49 23 who
397 1095 78 23 within
493 1096 37 22 six
550 1095 92 24 months

68 1126 121 28 committed
211 1126 38 24 the
272 1132 60 18 most
354 1127 116 32 appalling
494 1128 104 23 murders
617 1129 23 22 in

68 1164 40 23 that
119 1160 43 25 and
174 1159 38 24 the
232 1159 168 33 neighbouring
419 1161 110 23 counties.
567 1160 24 23 It
602 1169 39 23 ap-

68 1202 57 26 pears
146 1194 62 22 there
226 1192 19 24 is
268 1192 106 24 evidence
398 1199 23 17 to
440 1194 60 22 show
520 1195 50 21 that
589 1194 51 30 they

68 1227 109 26 murdered
201 1225 37 24 the
260 1225 46 24 late
334 1225 47 24 Mr.
408 1226 90 30 George
524 1226 71 30 Haly,
619 1227 25 22 of

68 1261 131 27 Johnstown,
213 1259 42 23 and
268 1262 57 21 after
337 1259 48 23 that
393 1265 35 17 set
439 1259 39 23 fire
490 1263 22 18 to
523 1259 39 23 the
574 1260 66 29 body,

69 1300 18 19 to
97 1294 87 30 destroy
203 1293 30 22 all
252 1298 72 18 traces
343 1292 26 23 of
384 1292 38 23 the
442 1291 97 24 murder.
576 1292 66 30 They

69 1328 39 24 also
127 1326 120 24 murdered
266 1326 47 23 Mr.
327 1326 128 28 Mortimer,
468 1326 24 22 in
509 1325 131 29 Freshford,

69 1361 76 30 having
155 1359 66 24 hired
231 1359 137 23 themselves
387 1359 35 22 for
434 1366 14 15 a
457 1366 50 15 sum
520 1359 25 22 of
561 1366 81 23 money

69 1395 29 23 for
106 1394 47 22 that
162 1400 97 24 purpose
266 1401 7 19 ;
287 1392 52 31 they
347 1392 52 23 shot
409 1392 97 23 General
516 1391 127 32 Kearney's

69 1426 94 28 steward,
186 1425 123 24 butchered
337 1434 13 14 a
373 1433 55 23 poor
451 1425 82 24 farmer
562 1425 80 24 named

69 1460 75 31 Hoyne
156 1464 23 18 at
189 1458 116 31 noon-day
317 1459 24 22 in
353 1458 35 23 his
401 1466 50 15 own
462 1459 62 30 yard,
538 1458 45 24 and
591 1459 51 30 they

70 1493 68 27 closed
149 1492 58 23 their
221 1492 138 30 sanguinary
372 1499 77 16 career
465 1492 29 30 by
506 1493 138 30 attempting

71 1533 17 17 to
100 1526 133 24 assassinate
247 1525 47 23 Mr.
308 1524 68 24 Shee.
379 1537 32 4 —
415 1524 122 30 Dispatch.

98 1559 180 24 Employment
307 1565 30 16 of
375 1558 124 23 Convicts
529 1566 28 16 in
593 1566 49 16 the

69 1593 172 24 Dock-yards.
243 1604 35 4 —
278 1591 51 24 The
354 1591 75 24 Lords
454 1592 189 23 Commissioners

71 1626 21 24 of
100 1626 35 23 the
146 1625 130 30 Admiialty
288 1624 56 24 have
364 1624 92 24 ordered
469 1624 37 24 the
520 1625 89 23 officers
621 1625 25 23 of

71 1660 31 23 the
113 1658 126 31 dockyards
251 1659 24 22 in
282 1658 74 23 which
366 1658 98 23 convicts
472 1666 37 15 are
518 1658 124 31 employed,

71 1698 18 18 to
100 1691 86 24 furnish
198 1700 14 14 a
221 1696 76 26 report
306 1691 24 23 of
341 1691 38 23 the
389 1691 94 25 number
493 1691 25 23 of
527 1691 116 24 labourers

71 1727 14 23 it
94 1725 71 24 would
177 1725 53 24 take
243 1730 21 18 to
277 1724 27 24 do
318 1724 37 23 the
369 1733 60 14 same
442 1730 92 18 amount
546 1725 26 23 of
582 1725 61 24 work

71 1767 21 16 as
105 1761 44 21 100
160 1759 108 28 convicts,
278 1757 44 24 and
330 1757 38 24 the
376 1757 118 25 difference
504 1758 26 23 of
537 1766 105 23 expense,

71 1792 73 31 taking
155 1792 48 23 into
215 1795 96 20 account
323 1790 37 24 the
372 1795 49 19 cost
430 1791 25 23 of
464 1790 37 25 the
512 1791 79 29 hulks,
600 1793 42 23 &c.

71 1825 51 24 This
134 1825 64 23 order
210 1825 20 23 is
250 1824 101 24 received
369 1824 29 31 by
417 1825 37 22 the
469 1825 86 23 friends
567 1825 25 23 of
607 1825 37 23 the

71 1859 74 23 honest
156 1858 104 23 labourer
271 1858 54 23 with
337 1858 38 23 the
386 1862 99 27 greatest
494 1858 149 29 satisfaction,

71 1893 30 23 for
118 1891 52 31 they
189 1896 84 19 cannot
291 1891 41 23 but
350 1891 59 30 hope
428 1891 48 23 that
493 1892 19 22 it
530 1891 19 23 is
562 1892 52 30 only
631 1900 14 15 a

69 1931 139 26 preparatory
221 1929 50 26 step
283 1924 95 23 towards
397 1924 38 23 the
448 1925 70 22 entire
536 1925 108 23 abolition

70 1958 22 23 of
100 1959 87 22 convict
196 1958 78 23 labour
285 1957 58 23 from
355 1957 38 23 the
405 1957 108 23 arsenals.
515 1969 33 4 —
548 1956 61 25 Ibid.

101 1991 66 24 Casx
172 1990 68 23 Iron
249 1990 151 22 Buildings.
402 2001 34 4 —
436 1989 23 23 A
468 1990 175 28 correspondent

73 2019 268 30 gT^theitmM'says:—
341 2021 7 10 *
357 2020 121 30 Buildings
490 2020 25 23 of
532 2022 110 22 cast-iron

74 2062 32 15 are
117 2053 55 30 daily
184 2053 136 30 increasing,
333 2057 23 19 at
368 2057 15 19 a°
400 2053 130 30 prodigious
549 2058 49 19 rate
616 2055 24 22 in

73 2088 19 21 in
103 2086 111 31 England,
227 2086 44 23 and
287 2086 17 23 it
321 2093 96 24 appears
426 2109 2 5 ,
436 2086 50 23 that
504 2086 85 24 houses
605 2095 38 15 are

73 2119 60 24 about
142 2124 21 19 to
176 2119 27 23 be
216 2119 143 23 constructed
371 2119 25 23 of
411 2118 45 24 this
468 2119 111 24 material.
620 2120 23 23 It

72 2154 16 22 is
99 2152 106 32 proposed
217 2152 48 23 that
278 2152 37 23 the
327 2152 62 24 walls
400 2152 58 24 shall
469 2152 28 24 be
509 2152 91 30 hollow,
617 2161 26 16 so

72 2186 43 24 that
133 2187 36 23 the
191 2185 70 24 whole
282 2185 71 24 house
374 2194 53 23 may
443 2186 26 23 be
489 2185 82 25 heated
591 2187 25 31 by
630 2195 13 15 a

71 2219 64 31 single
144 2223 63 20 stove
219 2219 21 23 in
252 2219 39 23 the
309 2218 101 25 kitchen.
457 2220 23 23 A
499 2220 64 23 three
583 2225 60 26 story

72 2253 70 28 house,
163 2253 130 30 containing
311 2258 37 18 ten
368 2260 25 16 or
411 2253 78 23 twelve
500 2261 86 21 rooms,
599 2253 44 24 will

71 2286 46 31 only
128 2291 48 18 cost
186 2286 68 23 about
264 2286 21 24 £
291 2288 6 21 1
304 2288 58 26 ,000
373 2295 6 19 ;
393 2286 45 24 and
447 2286 17 24 it
475 2295 52 22 may
539 2287 28 23 be
575 2287 68 23 taken

73 2324 17 19 to
101 2320 79 32 pieces,
192 2319 44 23 and
247 2319 105 24 removed
365 2324 21 19 to
399 2320 94 23 another
502 2320 65 31 place
580 2325 22 18 at
614 2328 28 15 an

73 2360 89 24 expense
175 2353 25 23 of
215 2353 61 24 £25.
324 2352 25 25 It
369 2353 18 23 is
406 2353 137 24 understood
562 2354 48 24 that
630 2362 13 15 a

71 2385 55 32 large
137 2386 94 24 number
242 2394 38 16 are
292 2386 70 24 about
377 2391 23 19 to
416 2386 29 24 be
464 2387 178 29 manufactured,

71 2424 19 19 to
100 2420 25 23 be
137 2424 49 19 sent
195 2424 22 19 to
230 2419 130 31 Hamburg,
371 2420 35 23 for
417 2420 63 23 those
491 2428 95 23 persons
595 2421 48 23 who

72 2452 50 24 have
134 2452 43 24 had
188 2453 58 23 their
257 2453 138 23 habitations
406 2454 86 22 burnt.'

99 2486 118 24 Rebecca
236 2494 55 17 and
312 2493 55 18 her
386 2486 169 26 Daughters.
558 2500 34 4 —
601 2488 42 23 We

72 2524 67 27 regret
148 2524 23 19 to
183 2524 58 20 state
253 2520 48 23 that
313 2519 108 25 Rebecca
432 2521 43 23 and
486 2521 41 23 her
544 2521 100 31 Daugh-

72 2557 39 20 ters
122 2561 36 16 are
170 2554 47 23 still
229 2558 23 19 at
272 2553 58 24 their
348 2554 36 23 old
404 2554 61 23 work
483 2555 23 22 in
526 2555 37 23 the
578 2555 67 23 lower

73 2591 43 26 part
134 2587 23 23 of
174 2586 202 29 Carnarvonshire,
389 2587 202 32 notwithstanding
607 2589 38 22 the

72 2624 77 19 utmost
160 2620 114 23 exertions
286 2621 25 23 of
320 2620 38 24 the
369 2621 131 24 authorities
513 2627 22 17 to
544 2622 101 24 discover

73 2652 32 24 the
120 2653 85 31 parties
225 2653 131 32 implicated
375 2655 24 23 in
422 2654 63 24 these
508 2660 137 26 outrageous

73 2686 146 32 proceedings.
254 2687 80 24 About
348 2689 30 22 12
390 2687 87 24 o'clock
489 2696 29 16 on
531 2688 38 24 the
583 2689 63 31 night

73 2719 21 24 of
101 2719 89 32 Friday,
199 2720 67 30 April
277 2722 40 27 21,
330 2721 107 23 Rebecca
445 2721 41 23 and
499 2730 12 15 a
523 2730 122 16 numerous

72 2758 58 26 party
141 2754 24 23 of
174 2753 41 24 her
221 2754 133 30 Daughters
362 2754 123 32 proceeded
496 2760 22 18 to
527 2756 117 31 Pwlltrap,

73 2792 47 18 near
140 2787 35 24 St.
195 2787 80 24 Clears
284 2796 7 20 ;
316 2787 44 24 and
379 2788 58 23 after
454 2789 101 31 arriving
568 2793 23 19 at
609 2790 36 23 the

72 2824 52 26 gate,
143 2820 38 24 the
200 2820 117 32 following
337 2821 105 31 colloquy
458 2822 55 23 took
524 2822 65 31 place
605 2823 40 24 be-

73 2857 63 20 tween
147 2853 37 25 the
196 2854 37 23 old
244 2854 52 31 lady
306 2854 45 24 and
362 2854 41 24 her
416 2855 103 31 youthful
530 2864 101 24 progeny
638 2865 7 16 :

73 2897 28 5 —
101 2886 110 30 Rebecca,
222 2887 93 32 leaning
335 2895 30 16 on
382 2888 41 24 her
435 2888 59 30 staff,
506 2888 97 26 hobbled
615 2898 30 24 up

73 2923 17 19 to
102 2918 35 26 the
147 2925 60 26 gate,
219 2921 44 23 and
275 2921 90 24 seemed
376 2921 87 32 greatly
471 2923 117 31 surprised
599 2923 47 24 that

72 2950 34 26 her
116 2961 105 24 progress
233 2954 68 31 along
318 2955 38 24 the
373 2955 55 24 road
438 2956 80 24 should
535 2956 28 24 be
575 2958 70 23 inter-

71 2986 80 32 rupted.
217 2987 108 25 Children
348 2987 62 32 (said
433 2989 47 29 she,
499 2989 87 32 feeling
607 2991 38 23 the

71 3024 45 24 gate
124 3020 54 24 wiib
189 3021 42 24 her
242 3020 72 33 staff,)
321 3022 63 24 there
396 3023 21 22 is
426 3023 130 32 something
566 3029 41 26 put
614 3032 31 23 up

69 3050 57 32 here,
143 3053 17 24 1
172 3053 70 24 "can't
251 3062 29 23 go
381 3055 134 31 Daughters
516 3069 33 4 —
576 3057 71 24 What

70 3084 17 23 is
94 3086 25 29 it,
126 3086 98 29 mother,
235 3087 96 31 nothing
342 3087 82 25 should
435 3093 50 26 stop
496 3097 59 22 your

71 3116 102 27 Rebecca
173 3130 34 6 —
231 3118 54 24 Ido
304 3125 42 18 not
360 3119 76 30 know,
449 3121 100 25 children
558 3123 40 27 ;I
610 3131 35 16 am

69 3150 47 25 old-
128 3151 46 24 and
195 3156 83 19 cannot
299 3159 38 17 see
480 3154 132 32 Daughters
613 3169 34 4 —

69 3183 12 12 11
90 3183 66 25 Shall
168 3192 33 16 we
213 3192 63 16 come
288 3188 37 27 on|
337 3186 97 29 mother,
454 3187 45 23 and
518 3196 91 17 remove
628 3190 19 23 it

70 3221 34 19 out
121 3217 27 24 of
163 3226 58 23 your
359 3219 106 25 Rebecca
466 3233 31 5 —
613 3222 34 24 let

70 3255 79 19 me'see
170 3249 98 34 (feeling
285 3252 44 24 the-
341 3258 53 25 gate
405 3253 53 25 with
469 3253 41 25 her
528 3256 56 23 staff
587 3255 23 32 );
628 3257 19 22 it

71 3290 66 17 seems
148 3284 48 25 like
207 3293 15 15 a
238 3290 65 26 great
316 3291 54 26 gate
388 3292 43 27 put
448 3295 75 16 across
543 3288 39 25 the
594 3290 53 24 road

71 3319 17 20 to
98 3322 49 27 stop
155 3326 59 23 your
224 3318 37 24 old
417 3320 134 33 Daughters
553 3335 33 4 —

72 3349 39 25 will
127 3351 71 25 break
216 3353 26 29 it,
254 3353 89 24 mother
353 3363 7 19 ;
380 3354 96 32 nothing
495 3355 60 25 shall
567 3356 80 25 hinder

71 3389 36 23 you
118 3392 28 16 on
157 3393 58 24 yonr
388 3387 106 25 Rebecca
495 3401 35 5 —
558 3389 45 30 No,
614 3391 33 23 let

71 3422 23 17 a«
104 3424 44 23 see,
155 3418 97 33 perhaps
264 3420 19 23 it
294 3420 46 24 will
351 3429 59 24 open
419 3419 97 35 (feeling
525 3422 39 25 the
571 3424 76 31 lock.)

72 3447 37 33 No,
122 3450 107 31 children,
242 3453 19 24 it
272 3453 21 24 is
313 3453 76 25 bolted
404 3455 45 24 and
466 3455 92 32 locked,
570 3458 43 23 and
632 3458 14 24 I

73 3489 72 22 cannot
165 3493 30 25 go
218 3494 37 17 on.
302 3487 71 24 What
399 3489 20 23 is
449 3493 21 20 to
493 3490 29 23 be

251 3520 25 25 It
282 3526 62 18 must
350 3521 28 25 be
388 3521 68 26 taken
466 3522 74 31 down,
548 3525 97 29 mother,

73 3547 85 28 because
169 3560 45 24 you
225 3553 46 24 and
289 3561 57 24 your
365 3554 101 26 children
483 3562 65 20 must

228 3587 45 25 Off
286 3587 56 25 with
352 3589 26 28 it,
391 3589 61 30 then,
464 3598 38 24 my
515 3591 55 24 dear
588 3591 57 25 chil-

74 3614 53 32 dren,
138 3619 18 23 it
171 3619 43 24 has
228 3628 31 17 no
275 3620 106 25 business
513 3624 66 25 With
597 3626 48 24 that

74 3648 31 25 the
115 3650 69 26 whole
202 3654 26 23 of
241 3654 38 24 the
294 3654 102 25 children
412 3661 36 19 set
464 3662 30 25 to,
506 3659 47 23 and
563 3659 25 24 in
600 3659 45 24 less

74 3680 46 27 Aan
137 3689 37 20 ten
193 3687 100 25 minutes
309 3688 65 24 there
390 3697 48 16 was
448 3696 39 19 not
497 3700 15 16 a
523 3694 87 31 vestige
622 3694 25 23 of

75 3713 30 30 P»e
113 3722 50 26 gate
174 3726 42 18 nor
233 3725 64 27 posts
311 3723 137 32 remaining.
482 3725 107 26 Rebecca
600 3727 44 24 and

74 3746 33 26 her
118 3750 97 27 children
227 3756 53 23 then
289 3755 83 32 passed
382 3756 40 31 by,
435 3758 42 24 and
489 3759 154 34 immediately

234 3787 86 34 having
338 3790 125 31 completed
481 3792 39 25 the
539 3794 65 25 work
621 3796 26 23 of

74 3819 131 25 aeitruction.
242 3821 51 25 The
304 3822 98 25 London
414 3824 78 26 Police
502 3834 60 18 were
571 3832 24 20 at
605 3828 38 24 the

74 3848 49 25 Blue
134 3851 59 25 Boar
204 3858 24 20 at
242 3855 38 25 the
292 3856 62 30 time,
366 3857 42 24 but
418 3865 34 16 we
462 3867 38 16 are
512 3866 41 18 not
571 3869 72 18 aware

74 3882 41 24 that
122 3883 52 33 they
185 3885 43 25 had
239 3888 38 24 the
288 3888 58 25 least
357 3890 128 26 intimation
494 3894 26 23 of
529 3895 61 24 what
598 3904 44 16 was

74 3919 60 28 going
149 3918 101 31 forward,
262 3923 58 24 until
339 3923 60 25 their
416 3927 97 24 services
525 3928 69 25 could
614 3930 29 24 be

75 3948 19 21 of
102 3955 27 17 no
143 3952 65 24 avail.

1887 138 23 20 at
1933 133 164 29 Charlesiown*,
2120 133 75 24 where
2223 133 30 24 he
2275 133 42 24 has
2338 134 57 24 been
2416 139 56 26 very

2082 182 7 5 -
2219 167 12 10 '"
2270 174 4 4 •
2329 173 24 7 •-
2372 172 2 6 '

1919 199 77 24 There
2024 200 20 22 is
2073 199 86 31 nearly,
2180 199 82 31 always
2291 198 129 32 something
2446 196 28 27 df

1886 237 94 19 natures
1997 238 49 17 own
2065 231 106 31 gentility
2181 232 28 26 in.
2216 239 54 24 very
2287 240 77 22 young
2385 239 87 17 women

1887 264 94 32 (except
1997 264 83 23 indeed
2091 264 66 23 when
2176 264 52 30 they
2246 270 38 25 get
2304 265 104 30 together
2427 265 46 24 and

1888 298 39 24 fall
1940 306 13 15 a
1963 298 105 31 giggling
2077 296 20 31 ;)
2109 298 17 22 it
2139 296 89 24 shames
2241 305 27 15 us
2277 305 54 16 men
2341 303 23 18 to
2373 305 38 16 see
2421 298 52 23 how

1888 330 67 24 much
1974 338 80 15 sooner
2067 330 53 30 they
2133 338 38 15 are
2188 329 102 31 polished
2310 331 45 22 into
2373 338 99 17 conven-

1889 364 68 22 tional
1970 364 76 30 shape,
2057 363 55 23 than
2124 371 42 15 our
2174 363 72 29 rough
2255 363 122 24 masculine
2385 364 87 31 angles.
2484 385 5 3 .

1888 397 23 22 A
1923 396 80 30 vulgar
2021 397 44 29 boy
2077 396 110 31 requires,
2202 395 94 23 Heaven
2318 395 79 24 knows
2414 397 60 23 what

1889 428 109 31 assiduty,
2011 433 23 19 to
2054 437 65 15 move
2137 428 62 24 three
2211 433 63 26 steps
2275 440 34 5 —
2310 428 12 23 I
2344 428 28 23 do
2383 433 39 18 not
2434 437 41 23 say

1889 461 46 23 like
1948 470 13 15 a
1972 462 137 30 gentleman,
2121 461 42 24 but
2181 461 47 23 like
2239 469 15 15 a
2272 461 61 31 body
2343 460 50 24 that
2408 461 41 23 has
2461 470 14 15 a

1889 494 51 23 soul
1951 494 24 24 in
1988 495 17 23 it
2013 503 7 20 ;
2034 494 40 23 but
2085 495 53 30 give
2150 495 38 22 the
2199 494 106 30 slightest
2317 494 123 33 advantage
2453 495 24 23 of

1889 527 85 31 society
1984 535 24 15 or
2020 528 73 23 tution
2103 532 21 18 to
2138 536 13 14 a
2159 532 94 26 peasant
2259 527 53 30 girl,
2324 527 43 23 and
2376 534 14 16 a
2401 526 74 24 hund-

1889 560 40 23 red
1941 565 22 18 to
1976 567 42 16 one
2029 560 41 23 but
2082 560 40 23 she
2135 560 46 23 will
2191 560 47 23 into
2256 560 132 23 refinement
2399 560 78 23 before

1890 592 38 24 the
1939 593 45 31 boy
1992 600 43 16 can
2044 593 69 23 make
2122 601 15 15 a
2148 593 47 23 bow
2206 593 97 23 without
2308 594 117 30 upsetting
2436 593 39 23 the

1891 625 71 24 table.
2300 618 10 9 v

1925 658 97 24 Power
2046 665 31 17 of
2103 658 80 24 Love.
2186 670 32 5 —
2219 658 63 24 Love
2305 658 45 24 will
2372 659 68 23 make
2461 666 15 16 a

1891 691 68 23 silent
1971 699 52 15 man
2035 691 72 31 speak
2116 700 6 19 ;
2142 699 14 15 a
2167 691 87 23 modest
2265 699 54 16 man
2335 697 59 18 most
2405 692 72 23 offici-

1892 731 40 16 ous
1942 733 7 19 ;
1962 732 14 15 a
1988 724 48 23 dull
2047 731 53 16 man
2112 723 69 32 quick
2190 733 6 19 ;
2216 732 14 14 a
2241 724 53 23 slow
2307 732 52 15 man
2371 724 85 24 nimble
2467 733 7 20 ;
2503 728 4 3 '

1892 757 51 28 and,
1957 757 49 23 that
2017 756 73 24 which
2102 757 19 22 is
2135 762 23 17 to
2169 757 27 22 be
2209 762 59 17 most
2279 757 115 28 admired,,
2400 757 18 24 it
2430 757 45 23 will

1893 790 66 23 make
1972 798 13 15 a
2004 789 63 29 hard,
2080 790 63 29 base,
2155 789 134 24 intractable
2307 789 72 29 churl,
2393 797 24 16 as
2437 790 42 23 fire

1893 823 55 23 doth
1958 823 49 23 iron
2018 824 23 22 in
2051 831 14 15 a
2073 823 71 23 smith
2154 830 10 17 s
2173 823 69 30 forge,
2256 823 46 23 free
2312 822 73 29 facile,
2393 822 85 32 gentle,

1893 856 44 23 and
1950 863 52 24 easy
2014 861 23 18 to
2049 856 28 24 be
2090 856 125 24 entreated.

1907 910 3 2 .
1926 889 149 24 Judgment.
2078 901 33 5 —
2113 889 74 31 Judge
2204 897 14 16 a
2238 896 53 16 man
2312 889 29 31 by
2357 890 95 22 action—
2452 896 29 17 r-a

1894 927 51 25 poet
1965 923 30 30 by
2006 922 36 23 his
2060 930 41 23 eye
2103 934 33 5 —
2137 930 28 15 an
2181 922 56 23 idler
2255 922 29 31 by
2296 922 36 23 his
2348 922 84 31 fingers
2433 934 33 5 —
2467 930 14 16 a

1893 955 83 31 lawyer
1987 955 30 32 by
2029 955 36 23 his
2082 955 47 23 leer
2131 967 31 4 —
2164 963 14 15 a
2188 955 70 23 boxer
2276 955 30 31 by
2317 955 44 25 his,
2364 956 81 22 sinews
2446 967 35 4 —

1891 988 84 31 justice
1995 989 31 30 by
2043 988 37 23 his
2101 988 73 23 frown
2176 1000 31 4 —
2207 996 14 15 a
2240 993 65 27 great
2325 996 52 15 man
2398 988 29 31 by
2445 988 37 23 his

1893 1021 103 31 modesty
1998 1034 33 5 —
2032 1029 28 15 an
2080 1021 72 23 editor
2173 1021 29 31 by
2214 1021 37 23 his
2261 1025 52 19 coat
2313 1033 32 4 —
2345 1028 14 16 a
2371 1021 66 23 tailor
2449 1021 30 30 by

1894 1054 35 23 his
1959 1054 78 32 agility
2039 1067 32 4 —
2072 1063 14 14 a
2108 1054 81 23 fiddler
2211 1054 30 31 by
2263 1054 36 23 his
2322 1054 71 23 elbow
2394 1067 32 4 —
2427 1054 52 29 and,

1894 1087 87 30 finally,
1994 1096 13 14 a
2018 1095 87 15 woman
2116 1087 32 30 by
2160 1087 39 23 her
2212 1092 115 19 neatness.

1929 1120 65 24 New
2014 1120 78 24 Mode
2112 1128 31 16 of
2159 1120 165 24 Spoliation.
2327 1133 31 4 —
2361 1120 121 25 Domestic

1894 1154 90 23 Drama
1993 1162 6 20 ;
2028 1154 143 31 Wellington
2194 1154 151 30 Fishmonger
2354 1162 6 15 :
2409 1154 73 24 Don't

1894 1187 90 23 meddle
2002 1187 54 23 with
2075 1195 39 22 my
2136 1187 92 29 lobster,
2249 1194 37 23 my
2305 1187 59 30 good
2380 1194 62 22 man,
2456 1195 26 16 or

1895 1219 71 31 you'll
1978 1220 57 23 have
2053 1220 50 22 that
2121 1220 74 30 finger
2214 1221 25 22 of
2254 1220 77 31 your's
2448 1232 35 5 —

1896 1253 141 30 Stander-by
2046 1261 6 15 :
2099 1253 65 23 Pooh
2173 1253 5 24 !
2192 1253 54 23 he'll
2256 1257 40 19 not
2412 1252 70 24 Fish-

1896 1293 94 22 monger
1999 1286 41 23 :••
2049 1285 72 25 Don't
2140 1290 59 18 trust
2211 1291 24 18 to
2373 1286 110 23 Stander-

1896 1318 43 31 by:
1984 1318 12 23 I
2009 1319 39 22 tell
2060 1327 46 22 you
2117 1319 29 22 he
2166 1319 73 22 would
2258 1324 40 17 not
2316 1319 19 22 if
2358 1326 39 23 my
2418 1319 66 31 dog's

1898 1352 40 22 tail
1952 1359 55 16 were
2018 1352 101 22 between
2126 1352 36 22 his
2171 1343 119 39 nippers.'^
2324 1351 159 32 Fishmonger:

2103 1385 155 30 Stander-by:
2408 1385 75 29 Carlo,

1899 1418 67 23 Carlo
1976 1418 5 24 !
2037 1416 112 32 (Lobster
2162 1416 91 33 snaps.)
2286 1418 54 31 Dog
2351 1418 35 30 (in
2399 1418 85 32 agony)

1898 1451 233 23 Beaouw-w-w-w-w
2141 1452 6 23 !
2177 1451 152 31 Fishmonger
2337 1460 6 15 :
2397 1451 85 25 Hallo!

1899 1484 74 24 where
1986 1484 37 24 the
2036 1484 79 24 devil's
2127 1492 40 23 my
2179 1484 84 24 lobster
2284 1486 69 29 going
2361 1485 9 23 ?
2421 1483 63 32 (The

1898 1517 45 31 dog
1954 1518 106 23 vanishes
2072 1518 73 23 round
2157 1517 38 24 the
2207 1526 80 15 corner
2308 1518 24 23 of
2347 1518 38 23 the
2406 1522 77 25 street,

1898 1550 43 24 and
1955 1551 38 24 the
2006 1552 88 23 curtain
2106 1550 77 31 falls.)

1932 1584 38 24 To
1989 1585 153 23 Eradicate
2169 1585 94 24 Corks.
2265 1596 34 5 —
2300 1584 65 24 Take
2385 1593 14 15 a
2420 1584 66 24 small

1898 1618 63 30 piece
1974 1618 25 23 of
2014 1618 86 24 flannel
2112 1617 74 24 which
2204 1618 43 23 has
2258 1622 41 19 not
2318 1618 57 23 been
2387 1618 99 29 washed,

1898 1658 61 24 warp
1971 1659 25 15 or
2007 1658 45 17 sew
2065 1653 18 22 it
2094 1651 73 23 round
2181 1651 39 23 the
2230 1658 56 16 corn
2298 1651 43 23 and
2354 1655 43 20 toe.
2434 1651 52 24 One

1898 1684 118 24 thickness
2028 1684 45 24 will
2086 1684 27 23 be
2126 1684 123 23 sufficient.
2285 1684 55 23 Wet
2351 1684 37 23 the
2401 1684 85 24 flannel

1898 1718 75 23 where
1992 1717 38 25 the
2042 1725 55 16 corn
2115 1718 29 28 is,
2157 1716 66 32 night
2243 1717 44 23 and
2307 1718 112 31 morning,
2431 1718 55 24 with

1898 1752 46 22 fine
1963 1755 69 20 sweet
2049 1751 40 24 oil.
2124 1750 87 24 Renew
2232 1750 37 24 the
2287 1750 84 25 flannel
2388 1750 97 32 weekly,

1899 1784 44 23 and
1962 1789 24 19 at
2006 1784 36 24 the
2062 1791 62 17 same
2137 1784 54 24 time
2208 1792 53 23 pare
2282 1783 39 24 the
2338 1792 62 21 corn,
2414 1785 72 27 whiph

1901 1817 47 24 will
1960 1825 56 16 soon
2028 1818 141 30 dissappear.

1934 1850 60 24 The'
2004 1851 101 23 Chinese
2121 1851 68 23 think
2200 1851 86 23 fatness
2307 1860 13 14 a
2331 1858 52 17 sure
2402 1853 56 30 sign-
2465 1851 25 25 of

1900 1883 81 24 wealth
1999 1884 44 24 and
2063 1884 101 30 wisdom,
2177 1884 34 24 for
2231 1884 53 31 they
2296 1892 69 23 argue
2436 1884 50 25 thin

1900 1924 52 16 man
1963 1922 62 19 must
2043 1917 27 24 be
2089 1926 14 15 a
2115 1925 55 24 poor
2181 1918 66 28 devil,
2260 1926 25 14 or
2302 1918 29 23 he
2342 1918 76 24 would
2429 1918 57 24 have

1900 1950 94 25 wisdom
2006 1956 22 19 to
2040 1956 38 19 eat
2089 1959 70 16 more.

1934 1983 58 25 The
2011 1984 69 24 Rich
2093 1992 54 16 and
2160 1991 58 20 the.
2229 1984 81 24 Poor.
2313 1997 32 4 —
2347 1984 61 24 Cant
2418 1993 24 16 as
2454 1992 33 17 we

1901 2024 59 23 may,
1973 2017 44 24 and
2034 2026 25 14 as
2071 2025 34 15 we
2116 2018 110 30 certainly
2237 2018 59 23 shall
2317 2023 25 18 to-
2351 2018 41 23 the
2409 2018 44 23 end
2463 2019 27 22 of

1901 2049 30 24 all
1944 2049 84 32 things',
2037 2051 18 22 it
2066 2051 21 23 is
2097 2049 69 25 much
2177 2050 81 24 harder
2267 2050 36 24 for
2313 2050 37 24 the
2359 2058 55 24 poor
2426 2056 23 18 to
2461 2051 30 25 be

1901 2084 103 23 virtuous
2016 2084 54 23 than
2091 2083 39 24 the
2141 2084 50 23 rich
2198 2093 6 19 ;
2225 2083 45 24 and
2279 2083 38 24 the
2336 2084 60 31 good
2407 2084 49 24 that
2467 2085 21 23 is

1901 2117 23 23 in
1937 2116 70 30 them,
2020 2117 78 23 shines
2110 2117 39 23 the
2160 2117 101 30 brighter
2273 2117 36 24 for
2320 2118 25 23 it.
2381 2117 31 24 In
2421 2126 68 24 many

1901 2158 13 15 a
1926 2150 67 23 noble
2005 2151 103 23 mansion
2120 2150 65 24 there
2195 2150 58 24 lives
2263 2158 15 15 a
2288 2158 61 21 man,
2359 2150 38 25 the
2409 2151 51 25 best
2467 2152 26 23 of

1901 2183 117 24 husbands
2031 2184 44 23 and
2087 2183 25 24 of
2119 2183 95 30 fathers,
2227 2183 76 24 whose
2318 2185 88 30 private'
2417 2185 72 24 worth

1901 2218 23 22 in
1937 2217 54 24 both
2004 2218 121 31 capacities
2138 2218 19 22 is
2166 2216 74 33 justly
2248 2216 111 25 laudedto
2369 2218 39 24 the
2417 2218 71 25 skies.

1901 2250 37 24 Butu
1945 2256 9 18 t
1963 2251 69 31 bring
2041 2251 48 23 him
2099 2251 63 29 here,
2176 2258 59 24 upon
2248 2250 46 24 this
2302 2251 101 24 crowded
2414 2251 58 25 deck
2482 2261 7 20 ;

1901 2284 58 32 strip
1971 2284 59 24 from
2040 2284 37 24 his
2087 2284 44 24 fair
2142 2291 78 24 young
2227 2284 50 23 wife
2289 2284 42 24 her
2339 2284 75 25 silken
2424 2286 65 25 .dress

1902 2318 44 23 and
1961 2317 87 32 jewels,
2061 2317 87 25 nnbind
2167 2317 40 24 her
2218 2317 94 24 braided
2331 2317 48 25 hair
2387 2327 7 20 ;
2416 2324 75 27 stamp

1901 2351 62 32 early
1975 2351 109 24 wrinkles
2096 2359 31 16 on*
2141 2350 45 25 Jier
2202 2351 61 24 brow
2275 2360 7 20 ;
2303 2351 68 31 pinch
2387 2352 103 32 herpale

1902 2385 72 23 cheek
1988 2385 52 23 with
2058 2392 63 16 care-
2131 2384 45 24 and
2192 2385 68 23 much
2271 2385 112 30 privation
2394 2394 7 21 ;
2423 2394 66 23 array

1901 2418 41 24 her
1953 2418 67 24 faded
2032 2418 58 24 form
2101 2418 25 23 in
2138 2418 101 32 coarsely
2251 2418 96 32 patched
2357 2420 66 24 attire
2432 2428 7 20 ;
2458 2420 33 23 let

1903 2452 63 24 there
1978 2453 32 23 be,
2018 2451 96 32 nothing
2130 2452 43 23 but
2183 2451 35 23 his
2236 2451 50 24 love
2298 2457 23 18 to
2334 2457 33 19 set
2378 2452 40 24 her
2430 2453 61 24 forth

1902 2493 25 15 or
1940 2485 58 24 deck
2014 2485 42 24 her
2068 2490 47 24 out,
2129 2485 48 24 and
2194 2493 44 23 you
2251 2484 60 25 shall
2329 2490 40 26 put
2388 2487 20 22 it
2419 2491 22 19 to
2454 2486 38 25 the

1901 2519 72 30 proof'
1987 2518 91 24 indeed.-
2112 2519 33 23 So
2162 2518 86 31 change
2267 2519 36 23 his
2315 2520 83 22 station
2416 2520 25 24 in
2453 2519 37 25 the

1902 2552 78 30 world,
1994 2552 48 24 that
2053 2552 30 23 he
2094 2552 61 23 shall
2167 2560 36 15 see
2216 2552 24 23 in
2254 2552 64 24 those
2329 2560 76 24 young
2414 2553 77 32 things

1903 2587 49 23 who
1964 2586 68 24 climb
2045 2585 70 25 about
2125 2585 37 24 his
2174 2585 80 29 knees,
2267 2591 40 19 not
2319 2586 90 24 records
2420 2587 26 24 of
2454 2587 37 24 his

1903 2620 82 23 wealth
2005 2620 44 23 and
2070 2627 75 21 name,
2167 2618 40 25 but
2226 2618 58 25 little
2306 2620 112 25 wrestlers
2435 2620 56 24 with

1902 2653 49 23 him
1962 2654 35 24 for
2008 2653 35 23 his
2055 2652 61 32 daily
2126 2651 76 30 bread,
2216 2660 24 16 so
2253 2660 72 23 many'
2333 2653 109 31 poachers
2459 2661 30 17 on

1903 2686 35 23 his
1952 2692 77 26 scanty
2042 2686 68 29 meal,
2122 2694 26 15 so
2160 2693 72 23 many
2239 2686 63 23 units
2315 2686 52 24 with
2380 2686 73 25 whom
2470 2691 23 20 to

1903 2720 75 24 divide
1999 2720 35 24 his
2046 2728 68 23 every
2126 2718 90 25 sum'of
2233 2719 103 30 comfort,
2348 2720 45 24 and
2405 2721 88 24 further

1904 2758 22 19 to
1939 2754 81 23 reduce
2039 2754 29 23 its
2080 2752 93 33 already
2185 2752 66 24 small
2268 2758 102 20 amount;
2406 2749 87 29 Iti'lieu

1904 2787 27 28 of.
1939 2787 38 23 the
1985 2787 159 24 endearments
2153 2786 25 24 of
2188 2786 119 24 childhood
2315 2787 23 26 in
2348 2787 29 23 its
2387 2792 106 24 sweetest

1903 2825 87 27 aspect,
2003 2820 59 32 heap
2073 2828 63 24 upon
2145 2820 47 23 him
2204 2820 32 23 all
2245 2820 30 23 its
2284 2821 67 31 pains
2361 2820 45 25 and
2414 2825 80 25 wants,

1904 2853 29 24 its
1956 2853 105 24 sickness
2084 2854 44 23 and
2146 2853 45 30 ills,
2203 2853 182 30 its-fretfulness,
2399 2855 95 31 caprice,

1903 2886 45 24 and
1962 2887 123 31 querulous
2105 2887 127 24 endurance
2242 2895 7 19 ;
2271 2887 32 24 let
2321 2888 30 22 its
2362 2888 82 31 prattle
2456 2888 37 30 bo,

1904 2926 41 17 not
1956 2921 25 23 of
1999 2921 116 30 engaging
2132 2921 74 23 infant
2227 2919 97 30 fancies,'
2339 2920 41 24 but
2393 2921 25 23 of
2435 2921 59 30 cold,

1904 2953 44 23 and
1970 2954 74 28 thirst,
2057 2954 46 23 and
2122 2953 89 31 hunger
2221 2962 7 20 ;
2251 2952 45 24 and
2314 2953 20 24 if
2348 2953 36 24 his
2397 2954 98 32 fatherly

1904 2986 105 24 affection
2021 2987 98 23 outlives
2135 2985 31 25 all
2186 2985 51 29 this,
2251 2985 44 25 and
2314 2986 27 24 he
2359 2987 21 23 is
2398 2988 95 31 patient,

1905 3019 115 30 watchful;
2042 3019 96 29 tender;
2164 3019 85 24 careful
2267 3020 26 23 of
2313 3019 34 24 his
2371 3020 122 25 children's

1903 3053 65 29 lives,
1988 3053 44 24 and
2053 3053 98 24 mindful
2169 3052 84 31 always
2264 3053 25 23 of
2307 3053 58 23 their
2378 3053 54 32 joys
2449 3054 45 24 and

1902 3094 102 17 sorrows
2014 3095 7 21 ;
2040 3086 46 25 and
2098 3086 56 24 then
2164 3086 56 23 send
2238 3085 47 24 him
2297 3086 59 24 back
2374 3092 23 18 to
2408 3087 85 32 parlia-

1903 3125 64 21 ment
1978 3120 44 24 and
2034 3119 83 32 pulpit,
2129 3119 45 24 and
2186 3125 21 18 to
2221 3125 92 26 quarter
2330 3121 107 29 sessions,
2448 3121 45 24 and

1905 3154 66 24 when
1989 3154 28 23 he
2035 3154 67 23 hears
2119 3154 46 23 fine
2185 3153 47 24 talk
2246 3153 24 24 of
2287 3153 39 24 the
2343 3154 124 32 depravity,
2471 3155 26 24 of

1905 3187 64 25 those
1981 3187 50 23 who
2042 3187 45 23 live
2101 3187 59 23 from
2173 3186 60 24 hand
2254 3191 23 20 to
2289 3187 87 30 mouth,
2389 3188 45 25 and
2443 3188 50 24 lab-

1905 3229 41 16 our
1966 3221 56 24 hard
2042 3225 23 19 to
2077 3220 29 24 do
2124 3221 27 28 it,
2164 3220 31 24 let
2215 3220 48 24 him
2281 3221 71 32 speak
2370 3229 32 24 up
2414 3230 27 16 as
2451 3230 43 16 one

1906 3254 49 24 who
1967 3253 88 30 knows,
2068 3254 46 24 and
2125 3253 41 25 tell
2183 3253 65 25 those
2265 3253 91 25 holders
2367 3255 63 24 forth'
2446 3255 51 24 that

1905 3288 61 30 they,
1979 3287 30 31 by
2021 3286 95 33 parallel
2127 3287 56 24 with
2199 3287 57 25 such
2267 3295 15 17 a
2293 3288 67 28 class,
2373 3288 83 25 sltould
2466 3289 27 25 be

1904 3321 57 32 high
1979 3321 80 32 angels
2078 3321 25 23 in
2115 3321 60 24 their
2187 3321 61 31 daily
2259 3321 66 30 lives,
2337 3322 43 24 and
2400 3322 39 32 lay
2450 3323 41 23 but

1904 3354 93 25 humble
2009 3354 62 32 seige
2081 3359 24 19 to
2114 3354 88 25 heaven
2214 3359 23 20 at
2249 3354 53 25 last.
2340 3354 118 28 Which/of
2467 3363 26 17 us

1905 3387 59 25 shall
1976 3396 42 23 say
2030 3387 60 24 what
2108 3387 29 24 he
2148 3387 73 25 would
2233 3388 37 29 be,
2281 3389 21 23 if
2319 3389 56 24 such
2387 3389 106 28 realities,

1904 3422 55 23 with
1980 3421 66 24 small
2067 3420 67 25 relief
2145 3429 26 16 or
2190 3422 88 31 change
2290 3422 39 30 all,
2339 3422 98 31 through
2456 3422 37 24 bis

1905 3455 64 31 days,
1981 3462 59 16 were
2059 3453 37 25 his
2105 3455 5 25 !
2148 3454 109 33 Looking
2267 3454 73 25 round
2357 3463 61 24 upon
2430 3454 64 25 these

1905 3488 81 32 people
1995 3496 6 21 ;
2004 3500 33 5 —
2038 3488 34 24 far
2085 3488 58 24 from
2157 3488 73 30 home,
2244 3488 125 30 houseless,
2380 3488 111 33 indigent,

1905 3521 45 25 and
1969 3521 141 32 wandering,
2129 3530 73 22 weary
2214 3522 60 24 with-
2286 3521 71 25 travel
2376 3521 44 24 and
2438 3521 57 29 hjsra
2491 3521 2 9 1

1905 3555 73 32 living
1988 3564 6 20 ;
2014 3555 45 25 and
2070 3556 81 31 seeing
2162 3555 49 25 how
2223 3554 110 35 patiently
2344 3554 54 32 they
2409 3551 85 29 nursied

1905 3588 46 25 and
1970 3589 82 25 tended
2065 3588 76 29 their,.
2146 3596 77 24 young
2240 3588 117 27 children*,
2370 3612 3 3 .
2378 3587 52 28 how;
2440 3588 55 32 they

1905 3622 120 25 consulted
2035 3629 53 18 ever
2101 3622 63 25 their,
2168 3627 71 20 wants
2248 3620 125 31 firjjtjcthen..
2378 3620 51 26 half
2439 3629 55 25 sup-

1905 3655 62 33 plied
1980 3655 62 25 their
2046 3662 66 22 own;
2122 3655 63 25 what
2195 3654 200 33 gentle^oinisters
2401 3655 93 33 oMiope

1905 3689 45 24 and
1967 3689 58 25 faith
2044 3689 41 24 the
2104 3697 86 17 women
2209 3694 72 22 were;
2302 3687 45 25 and
2364 3687 54 33 bpW
2433 3695 61 24 yery,

1906 3730 56 24 very
1974 3722 94 29 seldom,
2088 3730 56 17 eves
2162 3730 15 16 a
2195 3718 121 28 momktitfs
2333 3714 163 46 pe^aa^.'or

1906 3755 72 26 harsh
1994 3756 125 32 complaint
2138 3755 80 27 broke,
2228 3760 39 19 out
2284 3762 83 24 among
2385 3753 111 31 them^l

1906 3789 44 25 felt
1966 3798 15 16 a
1998 3794 107 27 stronger
2120 3789 53 24 love
2192 3788 43 24 and
2249 3787 87 25 honour
2347 3788 26 25 of
2385 3796 42 23 jay
2439 3781 58 33 kind

1907 3831 65 16 come
1983 3822 101 33 glowing
2091 3830 30 17 on
2131 3829 41 24 my
2178 3822 73 28 heart,
2260 3821 48 29 and.
2315 3821 85 25 wished
2409 3827 23 18 to
2442 3822 54 25 God

1907 3856 64 25 there
1981 3856 47 25 had
2039 3856 58 24 been
2108 3862 69 24 many
2188 3862 30 17 an
2228 3854 95 25 Atheist
2337 3855 24 23 in
2373 3855 38 25 the
2422 3855 74 28 better

1906 3895 53 26 part
1970 3890 26 24 of
2011 3890 84 24 human
2108 3893 81 20 nature
2200 3888 72 29 there,
2285 3892 24 20 to
2329 3888 53 25 read
2394 3889 55 24 with
2461 3897 36 17 me

1907 3923 46 23 this
1976 3923 81 31 simple
2080 3921 77 25 lesson
2180 3923 22 21 in
2228 3921 37 24 the
2290 3921 60 24 book
2370 3922 27 24 of
2414 3922 50 25 life.
2465 3935 35 6 —

1906 3955 125 24 Dickens'*
2045 3954 82 25 Jb'otes.

1273 140 21 5 ~*
1309 134 51 24 The
1379 136 117 30 learning.,
1500 136 25 24 of
1541 136 38 27 the
1597 135 135 30 University
1743 143 53 22 may
1807 134 51 24 fade

1276 167 33 23 fro
1312 174 22 17 to
1344 169 56 25 -the;
1410 169 158 28 recollection;
1590 169 30 24 its
1639 168 83 23 classic
1739 168 48 23 lore
1807 175 53 23 may

1276 199 101 32 $U>ulder
1396 202 34 23 in-'
1496 202 60 23 halls
1574 201 25 24 of
1618 208 117 23 memory;
1759 201 41 23 but
1821 200 39 23 the

1270 232 87 31 :sjmple
1374 233 87 25 lessons
1473 233 34 25 of*
1516 235 74 27 home,
1602 233 127 24 enamelled
1746 241 63 23 upon
1821 233 39 23 the

1277 264 63 25 heart
1351 266 25 23 of
1385 266 127 30 childhood,
1523 266 56 31 defy,
1586 266 37 24 the
1635 271 51 18 rust
1696 266 27 23 of
1731 273 73 23 years,
1816 265 43 24 and

1274 297 86 27 *>]utlive
1371 299 37 23 the
1416 307 64 16 more
1489 304 87 19 mature
1586 299 40 23 but
1638 299 46 23 less
1694 299 58 23 vivid
1760 299 101 30 pictures

1270 325 32 37 ;.bff
1310 330 57 25 after
1378 332 64 30 days.

1276 376 3 5 •
1303 363 157 25 Sympathy.
1463 378 34 4 —
1498 365 24 23 It
1539 365 20 23 is
1578 364 52 31 only
1649 365 57 22 from
1726 364 64 22 those
1811 364 50 22 who

1270 396 64 23 [have
1351 397 135 24 themselves
1507 397 105 28 suffered,
1635 397 49 22 that
1703 404 33 15 we
1756 404 51 22 may
1820 404 41 15 ex-

1273 424 54 36 pect
1339 430 119 31 sympathy
1469 438 26 16 or
1513 430 139 24 consolation
1668 430 24 22 in
1705 437 40 15 our
1757 429 103 23 distress.

1276 461 25 24 'A.
1311 461 63 24 heart
1385 463 48 24 that
1445 464 42 23 has
1498 463 53 24 bled
1562 463 33 23 for
1612 463 33 22 its
1656 470 49 15 own
1719 470 40 15 can
1773 461 88 24 seldom

1278 494 27 24 be
1316 494 112 26 hardened
1440 501 23 18 to
1473 496 115 24 another's
1600 503 68 16 woes.

1310 527 25 23 A
1346 535 63 25 song,
1422 537 13 16 a
1452 529 68 29 word,
1534 538 14 14 a
1558 529 84 27 flower,
1656 536 13 15 a
1680 527 44 25 few
1741 528 84 23 strians
1839 527 26 23 of

1278 560 79 29 music,
1369 569 52 24 nay,
1433 570 57 15 even
1502 569 42 16 one
1562 567 59 23 note,
1633 560 46 24 will
1699 561 79 23 suffice
1790 565 23 18 to
1825 567 36 16 re-

1278 597 60 21 store
1350 594 36 24 the
1404 595 50 23 link
1466 595 49 23 that
1527 595 54 23 time
1599 594 41 23 has
1655 593 93 28 broken,
1762 593 45 23 and
1825 593 38 23 the

1278 627 147 24 associations
1447 628 123 23 connected
1589 627 55 23 with
1667 627 38 23 the
1728 631 65 27 past;
1819 626 45 23 and

1279 666 106 25 memory,
1406 660 48 24 like
1473 660 38 24 the
1529 659 82 32 golden
1630 659 57 24 hues
1705 659 25 23 of
1744 659 121 31 departing

1279 691 51 30 day,
1342 693 74 23 whilst
1434 694 17 23 it
1462 694 87 22 invests
1561 692 54 24 each
1627 692 75 32 object
1713 692 53 23 with
1784 699 15 16 a
1812 692 51 22 bor-

1279 725 73 23 rowed
1364 726 76 28 lustre,
1452 726 77 23 leaves
1541 726 18 22 it
1576 726 48 22 that
1635 725 115 23 mellowed
1762 726 103 22 softness

1279 757 74 24 which
1364 760 20 22 is
1395 766 26 16 so
1433 759 124 31 peculiarly
1568 759 29 22 its
1609 766 59 15 own.

1317 790 26 23 In
1355 792 64 23 noble
1430 792 99 31 projects
1539 792 89 29 despair
1640 790 72 31 ought
1724 797 68 17 never
1804 795 22 18 to
1837 789 28 24 be

1279 823 114 31 admitted,
1419 825 35 23 till
1477 825 38 23 the
1534 823 103 24 absolute
1659 823 160 31 impossibility
1842 822 24 24 of

1280 863 91 17 success
1383 858 26 23 be
1421 858 58 31 fully
1491 856 148 25 ascertained.

1314 889 50 24 The
1384 896 60 18 most
1459 891 124 31 important
1602 894 52 26 part
1665 889 26 24 of
1708 889 117 24 education
1846 889 20 23 is

1280 921 49 24 that
1341 923 70 23 which
1425 932 13 14 a
1450 931 52 16 man
1514 924 64 30 gives
1589 922 100 24 himself.

1314 955 92 32 Civility
1416 957 45 23 and
1479 956 59 31 good
1555 957 73 23 words
1647 964 38 15 are
1706 960 39 19 not
1765 955 100 31 perhaps

1280 995 25 16 so
1325 989 67 23 much
1405 990 74 23 actual
1500 990 120 30 hypocrisy
1632 996 25 17 as
1679 988 38 24 the
1729 988 99 32 triumph
1842 989 26 22 of

1280 1020 113 26 reflection
1405 1023 44 23 and
1468 1023 115 31 propriety
1594 1030 54 16 over
1668 1022 38 22 the
1717 1021 109 32 impulses
1839 1021 25 23 of

1280 1054 113 31 prejudice
1406 1056 44 23 and
1461 1056 129 23 ill-nature.

1313 1088 25 22 A
1349 1088 102 24 minister
1464 1094 23 18 at
1498 1089 36 23 the
1547 1096 64 23 camp
1623 1089 108 30 meeting,
1748 1087 51 23 said
1848 1087 19 23 if

1280 1120 38 23 the
1325 1120 52 32 lady
1388 1121 54 24 with
1454 1121 38 24 the
1505 1122 52 23 blue
1567 1121 47 28 hat,
1628 1121 40 23 red
1680 1121 56 29 hair,
1748 1120 45 23 and
1804 1127 64 17 cross

1281 1160 61 23 eyes,
1355 1154 61 23 don't
1428 1159 50 26 stop
1494 1154 96 31 talking,
1609 1154 41 23 she
1668 1154 48 22 will
1734 1154 28 22 be
1774 1154 93 29 pointed

1280 1190 40 20 oat
1332 1190 23 19 to
1368 1187 37 22 the
1418 1188 169 30 congregation.

1303 1232 3 2 •
1316 1218 141 26 Paganini.
1460 1232 34 5 —
1495 1220 51 24 The
1559 1219 87 31 Bishop
1658 1220 26 22 of
1692 1219 66 29 Nice,
1771 1219 94 23 accord-

1282 1253 39 29 ing
1333 1257 22 18 to
1369 1253 37 23 the
1419 1253 138 23 continental
1567 1252 112 32 journals,
1692 1252 93 31 holding
1797 1258 24 17 to
1832 1252 36 23 the

1282 1293 65 22 gross
1365 1286 90 31 bigotry
1478 1286 75 23 which
1574 1286 132 23 denounced
1732 1285 37 23 the
1794 1286 74 28 artist,

1284 1319 64 22 when
1360 1319 63 28 dead,
1436 1319 25 23 of
1477 1319 82 29 whom,
1576 1319 65 22 when
1663 1318 77 30 living,
1760 1318 39 23 the
1818 1318 50 23 Ro-

1284 1351 59 23 mish
1367 1352 92 23 Church
1478 1352 66 23 made
1567 1352 56 23 such
1646 1351 81 23 liberal
1748 1359 50 20 use,
1826 1352 42 22 has

1284 1384 80 24 denied
1375 1386 135 30 permission
1519 1385 35 23 for
1572 1385 37 23 the
1627 1389 107 18 entrance
1752 1384 26 23 of
1793 1383 77 31 Paga-

1284 1418 67 24 nini's
1364 1419 97 22 remains
1473 1419 48 23 into
1533 1417 145 24 consecrated
1685 1416 95 32 ground.
1817 1417 53 24 The

1283 1451 67 31 body,
1362 1459 50 16 now
1425 1451 140 29 embambed,
1578 1451 19 23 is
1609 1450 48 24 said
1672 1456 22 18 to
1710 1451 28 22 be
1758 1450 66 31 lying
1844 1451 24 23 in

1284 1489 58 19 state
1351 1485 23 23 in
1386 1493 13 15 a
1411 1485 71 23 house
1495 1484 159 32 appropriated
1671 1489 23 18 to
1715 1483 37 24 the
1771 1491 98 24 purpose

1284 1517 67 24 while
1363 1517 37 24 the
1412 1518 65 23 affair
1492 1519 20 22 is
1524 1519 71 22 under
1610 1517 127 24 discussion
1750 1522 23 18 at
1783 1517 85 23 Rome.

1284 1551 74 29 Thus,
1382 1552 114 30 Paganini
1514 1559 79 16 seems-
1611 1550 61 24 fated
1764 1550 73 23 adorn
1858 1559 14 14 a

1366 1585 19 23 if
1399 1590 39 18 not
1477 1589 23 19 to
1513 1585 63 31 point
1588 1592 12 16 a
1735 1592 58 15 even
1813 1583 58 24 after

1284 1618 36 23 his
1332 1617 100 25 decease.

1317 1651 43 24 An
1378 1651 89 25 Eagle
1487 1651 94 24 Story.
1584 1663 33 4 —
1618 1650 51 24 The
1692 1650 58 24 20th
1773 1650 26 24 of
1824 1650 46 25 last

1284 1685 87 29 month,
1384 1693 51 22 says
1449 1686 37 22 the
1498 1684 99 24 Journal
1609 1684 27 23 de
1654 1684 16 22 i*
1690 1683 109 29 Herault,
1819 1684 51 24 An-

1285 1717 61 24 toine
1373 1718 140 29 Cascaveux,
1543 1718 120 23 cultivator
1691 1722 22 18 at
1746 1717 124 25 Calisonne

1285 1749 117 32 (Bouches
1412 1752 26 23 de
1451 1751 106 31 Rhone,)
1569 1758 44 16 was
1623 1752 101 30 pruning
1741 1750 36 24 his
1797 1752 72 28 vines,

1285 1784 66 25 when
1363 1785 27 23 he
1400 1785 69 23 heard
1481 1785 103 31 piercing
1593 1785 59 22 cries
1661 1785 71 22 above
1748 1784 36 23 his
1805 1784 65 30 head,

1285 1819 44 23 and
1342 1818 152 31 immediately
1506 1818 58 23 after
1576 1826 12 15 a
1600 1817 52 23 wild
1663 1815 61 26 duck
1736 1817 38 24 Cell
1792 1823 24 18 at
1833 1818 35 23 his

1285 1852 53 27 feet,
1351 1852 43 23 and
1406 1860 14 14 a
1433 1851 97 25 colossal
1541 1851 62 31 eagle
1612 1850 80 24 darted
1703 1859 60 23 upon
1776 1851 40 23 the
1828 1859 43 15 un-

1285 1885 113 24 fortunate
1428 1885 59 24 bird.
1546 1884 135 24 Cascaveux
1717 1884 153 32 immediately

1285 1917 80 26 hurled
1378 1922 22 20 at
1411 1919 38 23 the
1463 1922 75 27 tyrant
1550 1917 26 24 af
1590 1917 38 23 the
1640 1917 33 23 air
1686 1925 13 16 a
1711 1917 68 32 spade
1799 1918 73 23 which

1281 1951 42 31 -lay
1343 1957 23 18 at
1388 1952 37 23 his
1442 1952 54 23 feet.
1542 1950 50 24 The
1617 1950 65 30 eagle
1704 1950 84 31 having
1814 1950 58 25 been

1286 1985 108 23 wounded
1407 1983 115 25 screamed
1535 1983 119 30 furiously,
1668 1983 45 24 and
1725 1983 79 24 darted
1812 1992 61 23 upon

1281 2018 197 31 ther-imprudent
1499 2023 128 24 aggressor.
1675 2016 52 24 The
1825 2023 46 18 was

1286 2052 107 28 eminent,
1407 2051 35 23 for
1454 2051 136 23 Cascaveux
1601 2049 45 23 had
1658 2057 29 16 no
1699 2049 64 24 other
1779 2057 93 24 weapon

1287 2088 23 19 to
1322 2084 82 23 defend
1419 2084 96 23 himself
1529 2083 42 23 but
1590 2091 14 14 a
1619 2083 41 23 flat
1676 2083 71 24 bottle
1767 2084 58 23 used
1844 2084 29 32 by

1287 2117 38 23 the
1338 2117 172 23 Provencaeux.
1546 2116 51 23 The
1609 2121 89 18 contest
1706 2124 44 16 was
1762 2117 108 31 unequal.

1287 2150 52 23 The
1350 2150 62 30 eagle
1424 2149 114 24 contrived
1547 2155 22 18 to
1581 2149 63 24 drive
1656 2149 36 23 his
1705 2149 57 24 beak
1774 2151 49 22 into
1836 2151 37 24 the

1285 2183 60 24 head
1358 2183 24 23 of
1397 2183 38 24 the
1447 2190 52 16 man
1506 2195 28 4 —
1535 2183 51 23 The
1598 2183 66 23 blood
1680 2190 46 16 was
1746 2185 127 31 streaming

1276 2221 4 2 '
1286 2217 88 31 rapidly
1385 2216 58 25 from
1456 2216 38 24 the
1510 2216 100 24 wounds.
1656 2216 51 24 The
1721 2225 49 15 man
1783 2217 66 24 made
1861 2227 13 14 a

1287 2250 117 31 desparate
1423 2250 66 24 effort
1508 2250 45 23 and
1571 2250 63 31 flung
1652 2250 37 24 the
1708 2250 70 24 bottle
1798 2256 22 19 at
1837 2251 36 24 the

1287 2283 71 31 eagle,
1371 2283 48 24 who
1433 2291 44 16 was
1487 2283 98 25 stunned
1595 2284 31 30 by
1638 2283 39 24 the
1689 2284 64 29 blow,
1767 2284 46 23 and
1832 2285 40 24 fell

1287 2322 23 18 to
1322 2316 38 24 the
1371 2317 96 31 ground.
1517 2317 134 24 Cascaveux
1670 2317 56 23 took
1745 2317 128 33 advantage

1287 2350 26 25 of
1320 2350 37 24 the
1369 2351 91 31 respite,
1473 2350 44 24 and
1530 2351 84 31 having
1626 2350 119 24 recovered
1754 2351 38 23 his
1805 2353 68 31 spade

1286 2384 80 24 struck
1388 2384 37 24 his
1442 2392 82 23 enemy
1543 2384 59 24 until
1620 2384 29 24 he
1670 2384 37 31 lay
1727 2384 56 24 dead
1803 2390 23 20 at
1838 2386 35 23 his

1285 2417 55 24 feet.
1382 2417 51 24 The
1450 2418 72 31 eagle,
1536 2417 73 24 which
1621 2418 120 23 measured
1752 2418 65 31 eight
1828 2419 47 24 feet

1285 2450 59 24 from
1354 2451 36 23 the
1401 2452 141 23 extremities
1554 2451 24 23 of
1593 2451 39 23 the
1651 2452 80 30 wings,
1753 2452 41 23 has
1814 2452 59 24 been

1285 2484 122 30 presented
1428 2490 23 18 to
1470 2485 38 23 the
1525 2492 103 17 museum
1647 2485 25 23 of
1687 2484 89 24 natural
1788 2485 87 32 history

1285 2522 25 18 at
1322 2517 57 25 Aix.

1319 2550 128 25 Wanted.
1449 2563 34 5 —
1484 2551 43 24 Ws
1538 2556 59 19 want
1605 2559 14 16 a
1629 2556 53 19 neat
1693 2551 92 33 healthy
1795 2553 79 24 indus-

1286 2584 72 24 trious
1369 2584 68 24 white
1454 2584 45 31 girl
1520 2590 23 18 to
1562 2585 67 23 make
1652 2593 14 15 a
1683 2585 51 24 wife
1754 2587 31 23 of.
1823 2587 52 23 The

1285 2625 62 16 more
1360 2626 78 23 money
1453 2618 41 23 she
1512 2618 42 24 has
1567 2618 37 24 the
1622 2619 80 24 better.
1739 2618 135 25 Communi-

1285 2652 86 23 cations
1384 2656 60 19 must
1455 2651 29 24 be
1496 2657 52 26 post
1559 2651 60 32 paid,
1633 2652 19 23 if
1668 2652 58 24 from
1738 2660 12 16 a
1762 2653 111 25 distance.

1286 2684 105 25 Reasons
1420 2686 35 23 for
1594 2686 46 23 this
1670 2686 116 30 desperate
1816 2691 58 27 step.

1286 2718 95 33 Firstly,
1404 2726 40 16 our
1464 2719 191 31 contemporaries
1679 2727 38 15 are
1736 2721 138 31 continually

1286 2751 112 31 throwing
1417 2753 18 22 it
1456 2758 22 17 to
1501 2760 26 16 us
1546 2752 48 24 that
1614 2760 34 16 we
1670 2761 38 15 are
1728 2761 12 15 a
1758 2753 116 25 bachelor.

1287 2785 121 32 Secondly,
1422 2793 32 15 we
1475 2785 59 24 have
1546 2794 29 15 no
1586 2787 54 23 time
1661 2791 23 19 to
1695 2794 30 23 go
1736 2794 12 16 a
1760 2788 114 31 courting,

1287 2818 33 24 for
1333 2826 25 16 as
1370 2827 55 15 soon
1437 2827 26 16 as
1475 2827 33 16 we
1529 2827 38 16 are
1579 2819 56 24 done
1649 2820 90 32 writing
1750 2820 125 30 editorials,

1286 2859 32 15 we
1332 2852 55 24 have
1400 2860 29 16 no
1440 2853 65 23 other
1516 2853 107 24 business
1635 2859 22 17 to
1670 2853 77 23 attend
1760 2858 22 18 to
1795 2854 23 23 in
1832 2862 41 16 our

1286 2881 74 29 ofiice.
1395 2885 106 32 Thirdly,
1513 2886 40 24 the
1563 2891 89 19 eastern
1668 2894 79 23 papers
1766 2894 48 24 say,
1828 2887 48 24 that

1286 2927 14 15 a
1311 2926 54 23 very
1377 2919 50 23 cold
1444 2920 80 24 winter
1536 2921 21 22 is
1569 2921 90 30 coming
1667 2921 6 23 !
1710 2919 120 32 Fourthly,
1844 2928 32 16 we

1286 2949 60 27 shall
1358 2952 27 24 be
1398 2952 127 32 thirty-two
1538 2961 66 23 years
1616 2953 38 23 old
1666 2961 30 16 on
1708 2954 37 23 the
1764 2954 56 25 17th
1834 2954 42 31 day

1286 2986 25 24 of
1316 2985 109 32 January,
1435 2988 74 27 1843,
1517 2987 87 30 precise
1611 2986 60 24 hour
1681 2991 41 19 not
1730 2986 142 24 recollected.

1286 3019 65 24 N.B.
1371 3019 35 24 As
1416 3027 70 23 many
1498 3019 85 24 editors
1594 3027 26 16 as
1641 3027 93 24 possess
1745 3027 43 17 one
1807 3020 70 32 spark

1286 3053 28 23 of
1320 3053 113 31 liberality
1441 3060 39 16 are
1492 3053 120 31 requested
1625 3058 23 18 to
1660 3061 57 24 copy
1727 3052 46 24 this
1781 3053 95 25 without

1287 3084 136 31 mutilation,
1433 3086 45 24 and
1490 3086 52 32 give
1555 3086 37 23 the
1610 3093 83 25 proper
1701 3086 176 25 credit.-r-iW.e

1289 3118 62 25 York
1357 3126 85 25 paper.

1320 3154 179 23 Adventures
1517 3160 31 17 of
1574 3161 16 16 a
1608 3153 114 24 Bandit.
1725 3166 31 4 —
1758 3153 21 25 A
1810 3153 67 25 letter

1287 3184 31 26 of'
1326 3184 39 26 the
1381 3187 56 24 16th
1451 3186 91 30 March,
1555 3186 58 25 from
1634 3186 147 31 Hamburgh,
1794 3187 24 25 in
1839 3187 38 25 the

1286 3219 72 24 Poste
1385 3220 71 32 Ampt
1487 3220 96 24 Gazette
1609 3220 135 30 Frankfort,
1773 3229 53 23 says
1837 3229 6 16 :
1846 3234 32 5 —

1315 3253 162 32 Scbubryv.the
1489 3254 69 24 noted
1570 3254 139 32 Hungarian
1720 3254 79 24 bandit
1808 3255 69 29 chief,

1286 3286 27 25 of
1329 3286 73 25 whom
1421 3286 57 25 such
1500 3288 173 30 extraordinary
1693 3292 108 21 accounts
1819 3295 58 17 were

1286 3319 121 33 published
1407 3319 4 14 1
1425 3328 63 17 some
1506 3328 67 25 years
1590 3329 52 24 ago,
1655 3320 44 24 and
1711 3321 49 24 who
1773 3328 46 17 was
1837 3321 40 24 be-

1286 3353 74 25 lieved
1371 3358 22 20 to
1405 3354 58 25 have
1475 3354 58 25 been
1545 3359 24 20 at
1581 3354 45 24 last
1637 3354 72 25 killed
1726 3354 23 24 in
1760 3362 15 16 a
1785 3355 93 24 conflict

1287 3387 56 24 with
1353 3387 37 25 the
1403 3393 86 26 troops,
1501 3389 21 23 is
1534 3393 40 19 not
1585 3387 64 30 dead,
1659 3387 43 25 but
1712 3387 66 25 made
1788 3387 38 25 his
1839 3395 37 17 es-

1287 3428 56 24 cape
1354 3424 23 21 to
1394 3420 149 32 Hamburgh,
1555 3421 73 24 where
1640 3421 30 24 be
1686 3420 60 24 lived
1758 3420 118 25 unknown

1287 3453 60 25 until
1357 3455 37 23 the
1405 3456 80 31 spring
1494 3455 25 23 of
1531 3456 71 27 1838,
1612 3454 94 24 whence
1713 3453 28 25 he
1750 3454 126 24 embarked

1287 3488 35 24 for
1343 3487 115 31 America,
1480 3487 45 24 and
1548 3487 139 24 established
1709 3495 15 16 a
1743 3487 134 33 pharmacy,

1286 3520 73 25 under
1378 3521 36 24 the
1433 3529 68 17 name
1513 3521 25 25 of
1555 3521 74 32 Papp,
1642 3520 75 25 which
1736 3521 20 24 is
1773 3521 38 24 his
1831 3522 45 24 real

1285 3562 69 17 name
1362 3555 43 24 and
1416 3560 121 19 continues
1550 3560 22 18 to
1585 3554 45 25 live
1642 3554 64 25 there
1716 3555 23 23 in
1750 3562 70 24 peace
1833 3555 44 24 and

1287 3593 164 20 contentment.
1487 3587 85 26 Before
1588 3587 29 25 he
1636 3587 170 32 accomplished
1822 3588 55 29 this,

1284 3621 114 31 however,
1409 3622 31 24 he
1458 3621 47 25 had
1514 3626 66 28 great
1596 3621 133 24 difficulties
1745 3626 24 19 to
1780 3621 99 25 contend

1283 3655 68 26 Svith.
1401 3654 78 26 When
1496 3655 29 24 he
1538 3655 95 25 reached
1645 3654 58 26 New
1715 3654 68 26 York
1793 3655 32 24 he
1834 3655 45 25 had
1884 3654 2 13 1

1287 3696 30 17 no
1335 3696 62 17 more
1418 3689 55 24 than
1492 3696 45 17 one
1554 3688 72 25 dollar
1638 3689 46 24 and
1696 3696 14 17 a
1730 3688 50 25 half
1797 3689 24 24 in
1842 3688 37 25 his

1279 3730 3 14 i
1284 3719 95 37 jocket.
1415 3722 42 25 He
1466 3722 53 25 first
1530 3722 106 25 obtained
1648 3730 13 16 a
1672 3721 65 33 place
1745 3730 27 16 as
1783 3730 16 16 a
1809 3721 70 33 shop*

1284 3760 58 21 taaU
1351 3756 55 25 with
1418 3764 14 16 a
1444 3755 135 32 gentleman
1590 3763 90 25 grocer,
1692 3756 46 24 and
1747 3755 133 25 afterwards

1287 3788 94 26 became
1392 3797 15 17 a
1425 3790 88 31 printer
1524 3794 24 20 at
1566 3788 170 33 Philadelphia.
1773 3789 41 25 He
1823 3793 57 21 next

1287 3817 64 31 dealt
1362 3823 23 24 in
1395 3823 45 32 gilt
1451 3823 73 31 rings,
1536 3824 61 31 pins,
1609 3822 47 25 and
1666 3822 87 30 chains,
1766 3822 47 25 and
1821 3822 58 25 steel

1287 3862 68 26 penq,
1367 3856 40 32 'by
1416 3856 82 24 *which
1515 3857 30 23 he
1563 3855 83 33 gained
1668 3864 15 16 a
1703 3860 65 28 great
1787 3855 52 25 deal
1858 3856 25 24 of

1288 3890 92 37 phoney.
1402 3889 43 24 He
1451 3889 94 25 learned
1553 3890 124 30 chemistry
1686 3890 27 23 of
1720 3888 47 26 Mr.
1776 3888 103 31 Curtius,

1289 3930 31 16 an
1341 3922 140 31 apothecary
1493 3927 24 19 at
1534 3923 57 24 New
1607 3923 77 28 York,
1696 3923 45 23 and
1752 3922 87 24 carried
1851 3930 28 16 on

1289 3956 41 24 the
1341 3956 106 24 busineis
1457 3960 24 19 at
1488 3955 41 25 the
1541 3955 122 28 Havanna,
1673 3955 77 25 before
1760 3956 32 23 he
1799 3955 81 24 settled

558 45 98 46 JEfK
680 45 120 44 W*to
827 45 209 42 Sealant*
1061 46 192 49 4Bs£*tt*
1278 48 89 37 mb
1392 47 302 46 WLtWu&ton
1720 48 251 46 apectatot.

265 134 170 26 NELSON.
