2550 3999
48 249 161 31 New
263 249 375 31 Zealand
692 249 376 31 Gazette
1122 249 161 31 and
1337 249 537 31 Wellington
1928 249 537 31 Spectator.

2321 513 98 41 [Vol.
2442 513 28 32 I.

54 526 63 31 No.
140 524 67 39 29.]

563 518 131 32 PORT
717 518 285 36 NICHOLSON,
1025 513 260 35 SATURDAY
1306 514 241 39 MORNING,
1570 515 222 32 OCTOBER
1815 517 51 34 31,
1891 516 88 29 1840.

702 613 115 20 UNION
832 613 99 20 BANK
946 613 43 20 OF
1004 611 219 21 AUSTRALIA.

667 646 95 22 London
781 646 91 26 Office,
889 645 43 22 No.
947 640 36 29 3S)
1001 645 50 21 Old
1068 644 184 22 Broad-street.

721 699 93 27 Capital,
825 700 121 25 £500,000;
968 697 50 29 paid
1028 705 37 20 up,
1080 698 118 26 £300,000.

935 736 22 4 -~
969 736 20 4 —
1284 735 8 11 o

896 752 63 21 Direc
968 755 41 18 tors
1016 759 6 13 :
1284 759 8 13 v,

722 779 89 27 George
821 779 46 21 Fife
879 780 85 26 Angas,
978 778 58 28 Esq.,

722 806 86 21 Robert
817 805 90 27 Brooks,
920 806 44 27 Esq
975 822 5 11 ,
1285 819 7 15 c

721 833 78 21 James
809 832 58 22 John
879 833 122 25 Cmnmus,
1013 832 60 27 Esq..
1284 842 8 17 t,

722 860 86 21 Robert
816 859 120 27 Gardener,
948 860 14 21 i
969 867 40 19 sq.,
1023 857 148 27 Manchester,
1288 866 4 16 /

722 887 61 21 John
795 887 66 26 Gore,
874 886 59 28 Esq.,
1285 891 7 23 (J

722 914 63 21 John
794 914 99 24 W'lliam
903 912 92 26 Buckle,
1007 912 61 28 Esq.,

723 941 117 26 Benjamin
853 940 24 21 E.
889 940 73 21 Lindo
979 939 58 27 Esq.,
1286 947 4 7 '

723 966 91 22 Charles
826 966 93 21 Edward
927 966 110 25 Mangles,
1049 964 60 28 Esq.,

722 992 143 28 Christopher
875 992 103 27 Rawson,
990 992 58 26 Esq.,
1061 990 99 28 Halifax,

722 1020 98 21 Thomas
831 1019 76 26 Sands,
920 1019 43 27 Esq
975 1035 4 10 ,
992 1017 123 28 Liverpool,

723 1047 77 21 James
811 1046 67 26 Bogle
889 1045 79 22 Smith,
981 1045 57 27 lisq.,

724 1073 77 22 James
811 1072 94 23 Ruddell
915 1072 72 26 Tod.l,
997 1072 52 27 Esq.
1285 1074 7 14 n

668 1107 104 22 Trustees
781 1115 4 13 :
811 1107 94 21 George
925 1106 65 21 Caijr
1013 1105 75 26 Gi.yn,
1112 1105 59 27 Esq.,
1193 1104 62 22 John
1285 1101 7 24 ?

705 1134 75 27 Gore,
793 1134 57 27 Esq.,
866 1133 45 21 and
921 1133 45 21 Jay
973 1140 24 14 its
1007 1132 21 22 J.
1041 1133 116 26 Cummins,
1169 1131 50 28 Esq.

670 1168 100 22 Bankers
778 1176 5 12 :
809 1167 88 22 Messrs.
923 1167 34 21 Gr.
976 1174 22 19 n,
1023 1166 129 26 Hallifax,
1173 1165 83 25 Mills,
1286 1173 6 22 y.

915 1194 44 21 and
978 1194 33 21 130.
1286 1200 6 22 j,

753 1229 114 27 Secretary
876 1236 5 13 :
898 1228 62 21 Same
973 1235 19 14 ;l
1002 1227 110 26 Jackson,
1124 1227 51 27 Esq.
1287 1228 5 21 C

707 1262 101 22 Colonial
819 1263 127 27 Inspector:
962 1262 22 20 J.
995 1262 24 21 C.
1031 1261 123 26 M'Laren,
1169 1260 51 27 Esq.
1282 1268 8 16 /

793 1317 67 20 New
879 1316 122 20 Zsaland
1020 1315 115 20 Branch.
1288 1311 4 17 *

672 1350 66 22 Local
750 1351 124 22 Directors:
893 1350 55 21 Geo.
962 1349 21 22 S.
995 1349 82 24 Evans,
1093 1349 60 26 Esq.,
1166 1347 92 26 D.C.L.,
1288 1361 4 4 -

816 1376 44 23 and
871 1377 57 21 Geo.
943 1376 106 26 Huntfk,
1062 1376 51 26 Esq.
1288 1378 4 33 £

672 1411 123 27 Manager:
811 1411 60 21 John
884 1411 83 23 Smith,
980 1409 58 27 Esq.,
1053 1408 45 22 late
1109 1408 26 22 of
1147 1408 35 21 the
1194 1408 64 21 Com-
1287 1402 5 27 I

721 1437 92 23 mercial
823 1437 61 21 Bank
896 1437 26 21 of
934 1435 110 28 England,
1056 1435 152 22 Manchester.

782 1471 112 22 Branches
904 1474 23 18 at
943 1470 97 27 Sydney,
1288 1486 4 13 c

946 1498 7 21 I
960 1498 72 21 lobart
1041 1496 76 27 Town,
1289 1505 3 21 ;

947 1524 7 21 1
966 1528 127 22 aunceston,
1106 1522 45 23 and
1288 1531 4 21 \

947 1551 7 22 1
965 1555 33 18 ort
1009 1550 79 27 Philip.
1288 1566 4 14 s

674 1587 50 22 Port
734 1586 129 27 Nicholson,
876 1585 79 23 March
966 1586 33 25 21,
1011 1586 26 20 IS
1043 1587 29 19 10.
1289 1592 3 14 c

673 1641 91 48 THE
781 1641 114 21 Directors
911 1639 25 21 of
953 1639 38 21 the
1008 1638 56 21 New
1080 1636 101 23 Zealand
1196 1636 64 22 Land
1288 1646 4 14 s

747 1669 114 26 Company
877 1667 78 26 hereb}
978 1666 49 27 give
1045 1665 81 24 noice,
1145 1664 47 21 that
1208 1663 52 27 they
1289 1669 3 17 t

672 1694 56 22 have
737 1702 111 14 E-NECTED
861 1701 26 13 AN
900 1700 43 14 AUR
952 1701 7 12 \
964 1700 107 14 NGEMENT
1079 1691 52 21 with
1140 1691 36 21 the
1185 1690 72 22 UllioH
1263 1702 4 3 •
1275 1696 7 7 v
1288 1699 4 14 8

672 1721 63 21 Bank
751 1721 27 21 of
795 1720 117 26 Australia,
929 1719 44 23 N.>.
991 1721 32 24 38,
1101 1717 157 25 Broad-street,
1289 1727 3 13 ;

674 1748 100 26 London,
786 1748 34 22 for
831 1747 34 22 the
879 1746 169 22 establishment
1061 1745 25 21 of
1100 1752 14 14 a
1131 1741 129 25 BRANCH
1289 1754 3 10 i

674 1775 88 21 BANK
777 1775 33 21 IN
826 1773 70 23 NEW
911 1772 157 27 ZEALAND,
1082 1771 96 27 through
1190 1770 70 22 which
1286 1773 6 26 j

672 1801 37 22 the
719 1802 102 21 business
834 1801 24 21 of
871 1801 38 21 the
928 1800 55 22 Now
1001 1799 99 21 Zealand
1114 1798 65 22 Lund
1196 1798 66 21 Com-
1291 1800 2 21 i

672 1836 60 19 pany
741 1828 44 22 will
795 1829 28 21 be
834 1827 132 22 transacted.
994 1826 48 22 The
1059 1826 112 21 Directors
1188 1823 74 22 there-
1290 1834 2 14 <

673 1855 46 21 fore
729 1855 143 22 recommend
882 1858 21 18 to
922 1853 110 23 Colonists
1049 1852 36 22 the
1105 1852 73 21 Union
1196 1851 65 21 Bmk
1291 1862 2 13 i

672 1882 26 21 of
718 1882 114 21 Australia
848 1889 23 13 as
890 1888 28 14 an
945 1879 169 23 establishment
1129 1878 133 27 -possessing

673 1909 56 21 their
747 1909 69 21 entire
839 1908 136 25 confidence,
997 1906 44 22 and
1060 1906 50 21 able
1129 1909 22 17 to
1169 1903 93 27 provide
1290 1915 2 14 j

672 1935 127 27 effectually
815 1935 33 21 for
863 1935 37 21 the
916 1933 104 23 financial
1037 1937 70 17 wants
1124 1932 25 21 of
1161 1931 36 21 the
1213 1931 50 21 first
1290 1943 2 12 t

672 1962 135 22 settlement.
1272 1968 5 21 j
1285 1962 7 19 -i

708 1993 40 10 -.r~
841 1987 28 26 E^
885 1986 65 21 owior
960 1985 27 21 of
997 1985 37 20 thu
1042 1984 107 25 -Boards
1163 1990 15 5 -
1208 1985 21 19 V,
1272 1984 20 28 ;«

917 2017 84 22 JOHN
1017 2017 104 24 WARD,
1138 2016 123 25 Secretary.
1275 2013 2 29 |
1291 2022 2 3 ■

674 2053 54 21 New
739 2052 100 22 Zealand
849 2051 63 22 Land
922 2050 134 27 Company's
1067 2049 104 26 Office^
1275 2044 2 24 I
1291 2052 2 21 |

701 2081 18 24 1,
732 2079 157 25 Adam-street,
901 2078 58 21 Add
962 2077 43 27 phi,
1016 2076 54 22 27th
1079 2076 69 26 Aug.,
1159 2076 60 20 1839.

755 2132 143 28 QUEEN'S
912 2132 99 20 HEAD
1027 2130 157 21 TAVERN.

674 2168 34 47 J
743 2166 44 22 HO
792 2166 61 21 WES
875 2166 56 26 begs
941 2170 23 16 to
978 2164 80 21 inform
1075 2163 34 21 his
1120 2162 84 22 friends
1218 2161 44 22 and

715 2205 9 10 •
757 2194 38 21 the
806 2193 80 27 public,
902 2192 49 21 that
966 2191 36 22 the
1013 2191 71 21 above
1098 2189 70 22 house
1179 2189 19 21 is
1213 2196 49 14 now

675 2228 57 20 open
752 2220 46 22 and
816 2220 79 27 parties
914 2218 118 26 favouring
1055 2217 47 21 him
1129 2216 52 22 with
1206 2215 58 21 their

674 2252 123 23 patronage
808 2246 43 22 will
861 2246 47 21 find
919 2253 67 19 every
997 2243 201 23 accommodation.

701 2275 48 21 The
767 2273 101 28 splendid
883 2280 50 14 new
947 2272 54 22 boat
1211 2269 52 22 with

675 2309 28 14 an
714 2300 147 28 experienced
874 2307 64 19 crew,
955 2298 43 22 will
1015 2298 62 21 leave
1095 2297 39 21 the
1150 2295 73 23 Beach
1241 2300 24 17 at

677 2328 78 22 Petoni
766 2335 66 19 every
842 2327 103 26 morning
952 2327 40 20 at
988 2327 24 20 9
999 2324 92 26 o'clock,
1100 2324 35 21 for
1142 2323 121 25 Britannia,

675 2356 46 21 and
729 2359 77 18 return
821 2354 56 22 from
894 2353 36 22 the
948 2353 70 21 above
1035 2351 70 22 house
1121 2354 23 18 at
1158 2352 13 19 3
1188 2349 23 22 in
1227 2349 38 22 the

676 2382 126 22 afternoon.

703 2408 56 23 Cold
766 2409 69 27 joints
845 2408 81 26 always
936 2406 77 27 ready.
1044 2404 65 22 Good
1121 2404 62 21 beds.

702 2464 93 21 PORT
813 2461 200 23 NICHOLSON
1032 2460 117 21 HOTEL
1164 2459 75 21 AND

894 2488 157 22 TAVERN.

677 2527 35 48 J
742 2524 106 24 ALLEN
864 2524 55 27 begs
935 2526 22 18 to
972 2523 83 21 inform
1071 2521 36 22 his
1122 2521 85 21 friends
1222 2518 45 23 and

718 2564 10 10 •
761 2552 37 22 the
814 2551 82 28 public,
912 2550 49 22 that
976 2549 28 22 he
1014 2549 41 21 has
1065 2548 87 28 opened
1162 2547 34 22 his
1211 2546 55 22 New

678 2580 87 26 House,
781 2580 47 21 and
836 2579 18 21 is
863 2578 75 27 happy
955 2582 23 16 to
988 2580 56 18 state
1055 2575 48 22 that
1117 2575 29 21 he
1155 2574 41 22 has
1209 2573 58 27 good

678 2607 65 26 Beds,
755 2606 45 23 and
810 2613 65 19 every
885 2603 194 23 accommodation
1091 2609 60 21 upon
1163 2601 37 22 the
1210 2604 57 18 most

678 2634 130 21 reasonable
824 2637 74 18 terms.
933 2632 47 21 The
997 2631 53 21 boat
1071 2629 133 28 Enterprize
1223 2627 44 21 will

678 2664 56 19 start
740 2661 57 22 from
808 2660 33 21 his
849 2660 77 21 House
935 2665 67 20 every
1008 2657 106 26 morning
1121 2660 22 18 at
1151 2658 13 19 9
1175 2654 92 26 o'clock,

678 2688 34 21 for
721 2688 76 21 Thorn
801 2687 50 25 don,
860 2687 35 21 for
903 2686 38 22 the
952 2692 143 19 conveyance
1103 2684 26 21 of
1138 2683 131 26 Passengers

678 2715 45 22 and
733 2714 93 28 parcels,
837 2713 43 22 and
891 2717 77 18 return
977 2712 23 22 in
1012 2711 38 21 the
1061 2711 103 26 evening.

705 2749 59 22 N.B.
780 2749 26 21 In
818 2747 125 23 connexion
955 2746 51 22 with
1017 2747 38 21 the
1066 2745 79 24 above,
1155 2744 21 21 J.
1189 2744 28 21 A.
1227 2742 42 21 has

678 2777 34 21 his
723 2775 130 23 Butcuer's
864 2775 69 25 Shop,
946 2774 119 24 Grocery,
1081 2772 133 25 Provision,
1224 2768 44 23 and

679 2804 115 21 Drapery
804 2803 92 25 Stores,
909 2801 74 22 where
994 2801 36 21 the
1041 2799 76 28 public
1129 2805 40 15 can
1180 2798 28 21 be
1218 2803 51 20 sup-

679 2830 60 27 plied
754 2829 53 22 with
823 2836 66 19 every
899 2828 77 21 article
990 2827 21 21 in
1023 2827 37 21 the
1071 2826 71 22 above
1152 2824 116 26 branches,

679 2857 45 21 and
734 2857 53 21 with
797 2855 58 26 good
864 2855 45 21 and
920 2855 70 26 cheap
1001 2854 36 24 oil,
1048 2857 85 20 cotton,
1144 2853 39 21 See.
1194 2852 41 21 &c.

734 2910 99 21 WINE
848 2909 74 21 AND
938 2907 117 21 SPIRIT
1069 2906 153 20 VA7JLTS.'

682 2944 91 49 THE
785 2942 69 23 NEW
865 2940 201 26 ZEALANDER,
1075 2939 114 27 delighted
1200 2942 23 18 at
1233 2937 36 22 the

756 2974 64 23 gr^at
827 2969 69 22 influx
905 2968 27 22 of
944 2968 102 22 civilized
1054 2967 43 22 and
1109 2973 75 15 other
1193 2965 76 26 beings

681 3003 22 17 to
715 2998 33 22 his
759 2998 75 21 native
843 3000 100 23 country,
955 2995 40 22 has
1011 2994 86 28 opened
1114 2993 34 22 his
1164 2993 68 21 house
1248 2996 21 16 to

681 3025 130 22 administer
820 3028 22 17 to
857 3023 58 22 their
930 3022 85 28 palates
1031 3024 59 19 most
1107 3020 26 21 of
1149 3019 36 22 the
1201 3017 79 29 liquid,

681 3052 99 22 luxuries
796 3051 25 22 of
837 3050 56 23 their
907 3057 48 14 own
975 3053 100 22 country,
1092 3047 45 22 and
1154 3045 70 22 which
1242 3045 28 21 he

682 3079 53 22 feels
746 3078 90 22 assured
845 3084 59 21 upon
919 3076 50 21 trial
987 3075 42 22 will
1045 3075 28 21 be
1085 3074 72 22 found
1173 3080 29 14 no
1220 3079 50 14 wise

681 3106 92 22 inferior
783 3109 23 18 to
816 3105 61 21 those
888 3102 73 23 which
971 3102 52 29 tliey
1032 3108 57 15 were
1099 3098 142 25 accustomed
1248 3102 22 17 to

682 3133 82 22 imbibe
773 3136 24 18 at
809 3132 72 25 home,
898 3137 45 15 and
954 3136 116 17 havrthe
1081 3133 139 16 additional
1232 3132 38 15 re-

682 3166 179 16 commendation
874 3165 26 14 OF
911 3164 68 15 BEING
991 3163 58 14 VERY
1060 3162 83 15 CHEAP.

708 3194 49 21 The
766 3189 210 26 above-mentioned
982 3189 129 27 gentleman
1120 3187 67 27 being
1194 3187 77 21 absent

683 3228 28 14 on
723 3228 13 14 a
745 3224 52 18 tour
806 3220 26 21 of
842 3219 115 26 discovery
968 3216 43 22 and
1022 3216 36 27 pig
1070 3215 101 27 jobbing,
1184 3214 39 21 has
1232 3212 40 22 left

682 3247 84 28 special
776 3247 74 22 orders
860 3245 52 22 with
922 3242 145 24 ROBERTY
1074 3246 22 18 to
1107 3245 98 19 transact
1214 3240 57 21 busi-

684 3282 50 15 ness
750 3275 23 21 in
790 3274 35 22 his
841 3273 102 25 absence,
961 3270 43 22 and
1021 3270 39 21 has
1077 3268 98 27 charged
1193 3267 44 22 him
1251 3269 21 18 to

683 3302 84 21 adhere
776 3300 84 28 strictly
870 3303 23 18 to
903 3299 38 22 the
955 3297 116 26 following
1079 3295 43 23 low
1133 3295 70 28 prices
1209 3301 6 14 :
1216 3304 30 6 —
1274 3315 5 3 .

710 3335 23 22 R
734 3342 37 15 um
1028 3330 35 21 6d.
1079 3337 40 19 per
1133 3332 112 24 quartern.

712 3362 91 27 Cognac
816 3360 87 27 Brandy
1028 3357 36 21 «d.
1080 3356 57 22 ditto
1156 3355 62 21 ditto.

712 3388 113 22 Hollands
835 3387 35 28 gin
1030 3384 35 21 6d.
1081 3383 56 22 ditto
1156 3382 62 21 ditto.

713 3415 82 28 Sherry
806 3415 54 21 wine
1029 3411 36 22 6d.
1080 3410 57 21 ditto
1155 3408 63 22 ditto.

714 3442 17 22 p
733 3450 25 14 or
759 3446 8 18 t
1029 3438 36 21 6d.
1080 3437 58 22 ditto
1157 3435 62 22 ditto.

715 3465 103 25 Madeirt
1030 3465 37 21 Gel.
1082 3464 57 21 ditto
1157 3461 63 22 ditto.

714 3496 85 21 Burton
811 3495 33 21 ale
1033 3493 30 20 Is.
1078 3497 41 21 per
1128 3492 71 24 quart.

715 3522 96 22 Hoare's
820 3522 75 21 brown
905 3524 61 19 stout
981 3533 44 6 ....
1033 3520 30 19 Is.
1082 3517 57 22 ditto
1158 3516 62 20 ditto.

715 3549 91 26 Cognac
814 3548 86 27 brandy
1033 3546 42 20 12s.
1092 3550 40 20 per
1141 3542 82 27 gallon.

715 3575 101 22 Jamaica
828 3582 46 14 rum
1034 3574 43 19 10s.
1094 3570 55 21 ditto
1159 3570 76 23 dittofc

715 3601 113 23 Hollands
837 3601 36 27 gin
1035 3600 30 19 Bs.
1075 3597 35 22 6d.
1122 3596 54 21 ditto
1186 3593 63 22 dnTo.

716 3629 103 21 Madeira
830 3629 55 21 wine
1033 3626 33 20 4s.
1080 3631 41 19 per
1130 3623 76 21 bottle.

716 3655 53 23 Port
1035 3654 33 19 4s.
1086 3650 56 22 ditto
1159 3648 63 21 ditto.

717 3682 60 23 Port,
788 3682 22 22 in
822 3680 95 27 draught
1034 3680 31 19 Bs.
1075 3677 35 22 6d.
1120 3681 39 23 per
1167 3674 83 27 gallon.

691 3715 77 22 Kumu
778 3718 54 23 toto,
844 3714 122 22 Britannia.

691 3768 164 50 HAND
872 3768 27 21 T.
919 3767 84 22 COOK
1027 3767 44 25 beg
1094 3768 23 16 'o
1140 3763 80 22 inform
1240 3762 48 27 the*

755 3807 11 10 •
785 3796 75 21 Public
870 3795 50 20 that
928 3794 54 27 they
992 3793 57 21 have
1059 3790 88 28 opened
1162 3793 21 29 «;
1185 3802 24 15 8a
1210 3789 67 21 house

690 3823 70 27 lately
769 3821 106 28 occupied
886 3822 29 26 by
926 3820 45 22 Mr.
982 3819 100 22 Heather
1098 3825 25 13 as
1140 3824 13 15 a
1168 3816 70 24 Store,
1255 3822 22 16 in

691 3849 127 23 connexion
827 3848 51 22 with
886 3847 57 22 their
951 3846 64 22 other
1022 3842 257 27 establishmeit»»where

691 3876 53 28 they
753 3875 81 23 intend
842 3878 21 19 to
874 3882 64 19 carry
947 3879 30 18 on
992 3872 108 25 business,
1119 3869 47 26 and
1178 3869 58 29 hope
1245 3869 34 22 for

691 3911 13 15 a
722 3902 154 24 continuation
896 3901 26 22 of
948 3901 38 22 the
1003 3899 56 23 kind
1077 3901 123 25 patronage
1225 3895 51 28 they

691 3930 58 23 have
760 3929 89 28 already
858 3928 113 23 received.

1919 606 18 21 A
1956 604 149 24 VACANCY
2114 606 31 21 for
2153 613 43 15 one
2205 606 135 22 Gentleman
2351 611 22 17 at
2385 606 102 22 Brown's

1903 637 50 16 xjl
1970 632 119 22 Boarding
2100 632 82 28 House,
2191 640 54 14 near
2255 632 37 22 the
2300 632 124 22 Wakefield
2431 632 57 22 Club

1904 658 85 22 House.

1930 684 125 28 Britannia,
2066 686 48 22 Oct.
2123 687 33 26 30,
2170 687 59 21 1840.

2032 741 191 21 BARRETT'S
2238 741 123 20 HOTEL.

1904 774 51 48 R
1984 774 140 22 BARRETT
2138 774 53 27 begs
2205 778 22 17 to
2238 774 81 21 inform
2332 773 36 22 the
2378 773 110 22 Colonists

1959 812 10 9 •
2001 802 26 21 of
2040 802 51 21 Port
2102 801 127 26 Nicholson,
2239 800 47 22 that
2293 800 39 21 the
2340 800 70 22 above
2419 800 68 21 Hotel
2502 818 4 3 .

1902 828 18 20 is
1929 835 50 14 now
1990 835 65 20 open,
2066 828 44 22 and
2118 832 66 17 trusts
2199 828 30 26 by
2245 827 109 27 affording
2370 834 66 20 every
2451 834 37 14 ac-

1903 854 166 23 commodation
2079 859 24 18 to
2112 854 32 22 his
2153 860 83 21 guests,
2247 858 23 17 to
2279 854 66 21 merit
2357 861 13 14 a
2386 853 102 22 continu-

1903 887 56 16 ance
1970 882 25 21 of
2006 881 38 22 the
2058 886 119 23 patronage
2194 881 89 26 already
2299 880 114 22 bestowed
2427 886 61 21 upon

1902 908 54 21 him.

1931 934 84 28 Wines,
2033 934 80 28 spirits,
2127 934 42 27 ale,
2186 933 45 22 and
2248 936 81 25 porter,
2347 933 26 22 of
2389 933 37 22 the
2441 933 51 21 best

1904 962 92 26 quality.

1931 988 37 21 An
1979 988 104 28 ordinary
2095 987 55 27 daily
2161 990 23 19 at
2194 991 42 17 two
2251 986 94 22 o'clock.
2373 985 56 23 Cold
2445 994 12 14 c
2465 985 26 23 >I-

1902 1014 82 23 lations
1994 1014 82 28 always
2086 1014 73 27 ready.
2189 1014 66 21 Good
2264 1013 61 22 beds.

2129 1070 19 20 A
2169 1068 91 22 CARD.

2013 1104 77 20 MR.
2117 1102 265 26 MONTEITH,

2122 1136 60 21 (From
2190 1136 78 19 Petoni,)

2078 1163 241 28 SURGEON,

2129 1198 135 15 BRITANNIA.

1907 1247 88 48 FOR
2014 1246 85 24 SALE,
2118 1253 12 14 a
2149 1244 62 23 small
2231 1244 102 28 quantity
2351 1244 25 21 of
2393 1244 99 27 superior

1971 1274 86 22 .SEKD
2073 1272 120 22 WHEAT.
2222 1271 75 28 Apply
2314 1275 23 18 to
2356 1271 43 22 Mr.
2416 1271 77 22 James

1907 1300 68 27 Watt,
1989 1300 123 22 Britannia.

1907 1354 176 48 WANTED
2102 1357 19 18 to
2137 1352 116 28 purchase,
2269 1352 35 21 for
2320 1352 59 27 cash,
2396 1352 36 21 Oil
2446 1350 46 23 and

2006 1381 140 21 Whalebone.
2176 1379 76 27 Apply
2262 1382 21 18 to

2137 1406 127 21 WATERS
2275 1405 45 22 and
2331 1404 105 23 SMITH.

1935 1434 123 26 Britannia,
2071 1434 94 21 October
2174 1434 20 26 2,
2206 1434 60 20 1840.

1908 1488 92 48 THE
2019 1487 225 23 UNDERSIGNED
2264 1486 43 22 will
2330 1486 27 21 be
2377 1486 73 26 happy
2471 1489 22 18 to

1970 1515 65 21 make
2047 1522 11 14 a
2068 1514 73 22 liberal
2152 1514 101 21 advance
2264 1521 28 14 on
2302 1513 36 21 Oil
2349 1513 44 22 and
2405 1512 88 22 Whale-

1907 1542 66 27 bone,
1985 1541 122 27 consigned
2116 1545 21 17 to
2147 1541 59 21 their
2220 1541 94 26 Agents,
2332 1540 89 21 Messrs.
2433 1539 61 22 Mas-

1908 1576 41 14 son
1957 1569 45 21 and
2008 1569 107 23 Hoggins,
2120 1569 20 23 5,
2149 1568 233 24 Lime-strectsquare.
2392 1566 101 21 London.

2139 1594 126 21 WATERS
2276 1593 45 22 and
2332 1592 106 23 SMITH.

1936 1622 125 27 Britannia,
2072 1622 95 21 October
2176 1622 20 25 2,
2207 1622 62 20 1840.

2130 1676 140 20 NOTICE.

1911 1704 95 48 ANY
2025 1710 79 21 person
2119 1703 99 21 desirous
2235 1702 26 21 of
2278 1701 102 27 building
2396 1708 28 15 on
2440 1700 56 22 land

1989 1730 116 28 adjoining
2114 1730 35 21 the
2159 1733 67 22 town,
2245 1736 39 14 can
2296 1735 93 20 procure
2398 1728 52 21 land
2462 1728 34 21 for

1910 1757 37 21 the
1958 1764 95 20 purpose
2062 1757 45 21 free
2116 1756 25 22 of
2151 1759 57 24 rent,
2225 1756 30 27 by
2271 1755 106 27 applying
2387 1758 21 18 to
2419 1754 78 22 James

1911 1784 67 26 Watt,
1992 1785 52 26 Esq.

1937 1811 125 26 Britannia,
2074 1811 47 21 Oct.
2131 1811 20 26 8,
2163 1811 61 20 1840.

1910 1865 195 47 WORKING
2140 1863 160 23 BULLOCKS
2337 1862 66 22 AND
2436 1862 62 22 FAT

2008 1891 186 22 WETHERS.—
2195 1891 48 21 The
2257 1888 157 28 Undersigned
2422 1889 43 27 beg
2475 1893 22 17 to

1911 1919 72 26 notify
2003 1919 48 21 that
2068 1919 50 26 they
2135 1918 57 21 have
2210 1924 29 14 on
2258 1916 62 22 hand
2337 1920 43 18 two
2395 1915 104 28 splendid

1911 1945 109 26 Working
2039 1945 101 22 Bullocks
2151 1952 5 17 ;
2182 1944 53 26 also,
2255 1950 61 14 some
2338 1943 104 27 superior
2456 1942 43 21 Fat

1911 1972 110 24 Wethers,
2033 1973 49 23 just
2091 1970 90 25 amvpd,
2196 1970 64 21 offers
2271 1970 34 21 for
2315 1969 72 21 which
2397 1968 55 28 tlfey
2459 1975 39 15 are
2516 1973 2 25 \

1900 1994 80 25 'rea3v
1989 2003 22 15 to
2021 1997 87 21 receive
2116 2000 23 17 at
2149 1996 57 21 their
2215 1997 70 20 Store.
2406 1998 16 12 '*•
2438 2006 5 3 -

2189 2020 128 23 KNIGHT
2325 2020 46 22 and
2380 2018 90 24 HAIR.
2511 2027 4 6 '

1938 2050 125 26 Britannia,
2075 2050 46 21 Oct.
2133 2050 19 22 8,
2165 2050 60 20 1840.

1939 2105 106 23 COWS,
2060 2103 184 22 BULLOCKS,
2260 2102 55 21 and
2329 2102 140 21 HORSES.

1914 2131 87 48 FOR
2015 2131 86 26 SALE,
2111 2130 81 22 several
2203 2129 70 22 Milch
2281 2130 71 24 Cows,
2361 2128 52 22 with
2420 2128 80 21 Calves

1985 2162 24 18 at
2018 2158 58 21 their
2086 2157 61 27 sides,
2163 2156 45 22 and
2217 2157 23 21 in
2252 2156 55 21 Calf.
2338 2155 63 26 Also,
2413 2162 12 14 a
2434 2161 66 15 num-

1912 2185 40 21 ber
1963 2185 25 21 of
1999 2184 109 27 Working
2117 2183 110 26 Bullocks,
2239 2182 44 22 and
2293 2189 12 14 a
2317 2182 41 22 few
2369 2182 91 21 Horses.

1940 2211 77 28 Apply
2028 2215 22 18 to
2062 2211 43 21 Mr.
2116 2210 72 28 Bligh,
2201 2209 124 22 Britannia.

1914 2266 71 48 ON
2003 2265 84 27 SALE,
2100 2272 24 15 ex
2316 2264 21 22 &

1995 2294 41 20 500
2047 2292 86 22 bushels
2142 2292 80 26 maize,

1995 2321 13 20 3
2019 2323 71 19 crates
2100 2326 100 16 common
2211 2318 115 27 crockery,

1996 2349 12 19 6
2019 2347 48 21 doz.
2078 2345 73 23 9-inch
2161 2345 31 22 tin
2204 2345 76 27 plates,

1995 2375 29 20 24
2032 2373 56 22 ditto
2098 2373 27 21 tin
2137 2372 80 27 dishes,

1996 2401 14 21 2
2020 2400 55 22 ditto
2084 2399 111 28 shingling
2204 2399 119 26 hammers,

1995 2429 15 19 4
2020 2427 56 21 ditto
2086 2427 63 31 hasps
2159 2426 45 22 and
2213 2425 88 28 staples,

1996 2456 14 20 6
2019 2454 85 22 barrels
2112 2455 42 25 gin,

1997 2483 13 20 3
2020 2481 62 21 bales
2092 2481 97 26 tobacco,

1999 2507 97 23 Manilla
2104 2507 74 28 cigars,

1998 2535 106 27 Cayenne
2115 2541 88 20 pepper.

1999 2562 63 25 Also,
2073 2569 14 15 a
2097 2561 37 22 few
2145 2560 63 22 casks
2218 2559 26 22 of
2255 2559 101 28 superior
2365 2558 42 22 ale.

2187 2592 178 23 RIDDIFORD
2376 2591 44 23 and
2429 2591 47 22 CO.

1944 2622 54 22 Port
2007 2622 127 26 Nicholson,
2146 2621 80 25 Oct.l,
2238 2622 60 19 1840.

1919 2676 72 49 ON
2006 2676 86 26 SALE,
2107 2683 25 14 ex

2001 2704 12 20 8
2025 2711 61 14 cases
2096 2706 46 24 port
2151 2702 64 25 wine,
2228 2701 54 22 each
2292 2702 13 21 3
2317 2701 49 21 doz.
2375 2699 87 23 bottles.

1999 2731 14 20 4
2023 2733 89 24 quarter
2119 2728 63 22 casks
2195 2728 63 22 ditto.

1999 2758 13 20 2
2023 2756 64 22 hhds.
2099 2756 106 30 Schedjam
2215 2754 112 22 hollands.

1999 2784 13 20 5
2024 2783 54 22 ditto
2090 2782 23 23 L.
2123 2782 21 22 J.
2155 2789 56 20 rum,
2225 2784 25 19 10
2260 2789 38 20 per
2308 2784 58 19 cent.
2378 2787 20 14 o.
2409 2787 22 21 p.
2446 2787 4 3 ■

1999 2812 14 19 2
2024 2810 55 21 ditto
2090 2816 80 20 cognac
2179 2808 87 27 brandy
2281 2808 105 26 (Julien.)

2001 2838 10 20 1
2024 2844 49 14 case
2084 2836 82 22 bottled
2180 2835 106 22 mustard.

2001 2865 10 20 1
2025 2864 55 21 ditto
2090 2864 46 21 best
2145 2862 86 23 Poland
2242 2862 81 21 starch.

2001 2892 10 20 1
2024 2890 55 21 ditto
2090 2890 75 21 thumb
2175 2889 52 22 blue
2239 2889 21 25 (£
2269 2889 44 25 oz.)
2325 2888 23 22 in
2359 2888 43 22 71b.
2413 2886 93 28 parcels.

2002 2918 9 21 1
2024 2917 65 22 dittto
2098 2916 63 22 Bell's
2171 2923 49 14 new
2230 2919 77 23 patent
2316 2921 109 21 congreve
2432 2913 75 27 lights.

2083 2942 139 23 DANIELL
2232 2942 45 22 and
2286 2940 186 24 RIDDIFORD.

1947 2978 54 22 Port
2010 2977 128 27 Nicholson,
2151 2977 50 21 Oct.
2211 2979 20 24 1,
2244 2977 61 21 1840.

2056 3032 49 21 E2S
2447 3028 3 22 '.

1921 3066 93 49 ONE
2025 3069 37 18 ton
2072 3066 86 26 biscuit,
2170 3065 47 22 first
2227 3064 45 22 and
2281 3064 84 21 second
2376 3063 91 29 quality.

2002 3093 54 21 Two
2065 3096 50 18 tons
2123 3092 45 22 fine
2179 3092 51 21 Van
2241 3091 116 22 Dieman's
2370 3090 62 23 Land
2441 3091 66 20 flour.

2003 3120 68 31 Forty
2080 3120 52 26 bags
2141 3126 73 19 sugar.

2003 3146 88 22 Twelve
2101 3146 62 21 hhds.
2173 3146 49 21 best
2234 3144 96 23 London
2342 3144 79 23 double
2431 3143 76 22 brown

1920 3177 68 19 stout.

2004 3200 39 22 Six
2053 3199 63 22 casks
2125 3200 73 21 Bass's
2206 3198 86 22 bottled
2302 3198 51 28 pale
2363 3198 42 22 ale.

2004 3227 60 21 Four
2072 3226 36 22 do.
2117 3226 86 27 brandy
2218 3226 114 27 (cognac.)

2004 3254 60 22 Four
2073 3253 35 21 do.
2118 3253 82 27 Epsom
2210 3252 71 22 salts.-

2004 3280 60 22 Four
2073 3280 35 22 do.
2118 3284 49 23 port
2177 3280 65 21 wine.

2004 3307 61 21 Four
2074 3314 59 14 cases
2141 3306 86 22 botiled
2238 3309 66 19 stout.

2006 3334 59 21 Four
2075 3334 70 21 chests
2154 3334 47 21 fine
2209 3333 71 28 hyson
2292 3332 50 22 skin
2352 3335 43 19 tea.

2004 3360 54 22 Two
2068 3360 52 27 kegj
2129 3360 96 27 powder,
2238 3360 17 22 F
2265 3360 18 21 F
2294 3359 25 22 F.

2007 3387 50 22 One
2067 3387 49 22 bale
2125 3387 67 27 slops.

2006 3414 54 22 Two
2070 3421 58 15 cases
2138 3414 70 27 pipes.
2392 3421 10 9 *

2006 3441 103 22 Tobacco
2122 3440 155 27 (negrohead,)
2293 3438 65 23 small
2368 3438 37 27 fig.

2008 3468 75 21 Claret
2098 3468 39 26 (St.
2147 3467 95 26 Julien.)

2008 3494 91 23 Several
2110 3494 51 22 coils
2171 3501 60 19 rope.

2196 3518 177 24 RIDDIFORD
2383 3516 44 23 and
2437 3516 47 23 CO.

1954 3548 124 27 Britannia,
2091 3548 46 21 Oct.
2149 3548 33 25 15,
2194 3548 61 20 1840.

1927 3603 80 48 ON.
2020 3602 86 27 SALE,
2125 3608 27 16 ex
2467 3596 45 23 and

2006 3629 63 22 other
2078 3629 41 22 late
2129 3627 104 23 arrivals:

1954 3663 88 22 Ladies'
2052 3662 57 27 light
2116 3661 74 22 chintz
2200 3659 80 22 muslin
2292 3658 93 25 dresses,

1954 3690 148 26 Madagascar
2111 3692 60 21 mats,
2182 3687 35 21 for
2227 3685 130 28 carpetting,
2368 3685 40 21 &c.

1954 3716 78 22 Porter
2042 3716 44 21 and
2097 3715 29 21 ale
2137 3715 22 20 in
2173 3713 70 27 wood,

1954 3743 74 22 Prime
2038 3745 61 19 stout
2105 3742 20 21 in
2137 3741 62 26 ditto,

1915 3781 5 7 '
1954 3770 80 27 Hyson
2046 3768 49 22 skin
2105 3772 39 22 tea,

1955 3796 119 23 Mauritius
2084 3802 69 20 sugar,

1954 3823 62 26 Rice,

1954 3849 110 23 Tobacco.
2178 3873 28 22 w
2211 3873 71 22 AITT
2292 3871 46 24 and
2347 3869 141 25 TINLINK.

1956 3909 126 26 Britannia,
2094 3908 46 22 Oct.
2152 3909 34 25 16,
2198 3908 59 22 1840.

1424 609 169 21 GENERAL
1608 607 118 22 STORE.

1289 645 155 50 KNIGHT
1458 644 45 22 and
1519 644 82 21 HAIR
1612 642 144 30 respectfully
1769 641 101 22 intimate

1369 675 21 18 to
1410 671 57 22 their
1480 671 86 22 friends
1581 670 45 22 and
1643 670 36 21 the
1695 668 137 23 inhabitants
1848 668 26 21 of

1289 698 47 21 Port
1345 698 131 25 Nicholson,
1492 697 49 22 that
1550 697 53 32 they
1613 697 57 21 have
1681 703 28 14 on
1719 696 51 25 sale,
1781 699 23 18 at
1814 694 57 23 their

1289 726 64 26 Store,
1373 726 38 21 the
1427 724 114 27 following
1561 723 95 27 articles,
1673 722 71 22 which
1759 722 52 27 they
1828 729 41 14 can

1289 751 46 22 with
1346 752 130 21 confidence
1486 750 153 26 recommend,
1647 750 42 22 viz.
1698 757 5 14 :
1705 761 32 5 —

1310 786 77 26 Sugar,
1399 789 52 22 teas,
1462 785 65 26 flour,
1545 785 80 24 butter,
1643 783 84 26 cheese,
1745 782 54 27 lard,
1817 782 52 27 rice,

1289 811 70 28 coffee,
1371 812 97 26 tobacco,
1479 811 111 26 almonds,
1607 814 100 18 currants
1724 809 45 22 and
1784 809 85 26 raisins,

1289 838 96 26 together
1396 839 50 21 with
1455 846 14 14 a
1477 838 93 26 general
1580 841 134 19 assortment
1720 836 26 21 of
1754 835 117 27 groceries.

1289 865 56 26 Also,
1363 873 13 13 a
1384 865 79 27 supply
1474 865 26 21 of
1510 865 122 26 hardware,
1645 863 170 26 haberdashery,
1826 861 45 23 and

1289 891 89 28 drapery
1389 892 25 21 of
1425 898 66 20 every
1502 891 144 27 description.

1289 936 1 18 ;
1311 925 57 22 N.B.
1369 938 30 3 —
1402 926 20 21 A
1442 924 81 28 supply
1540 924 28 22 of
1584 924 87 22 refined
1688 931 73 20 sperm
1780 922 29 22 oil
1824 922 48 27 just

1289 959 58 15 come
1357 955 23 19 to
1390 952 67 22 hand.

1312 1014 44 21 Mr.
1369 1013 28 22 K.
1408 1013 40 22 has
1459 1020 29 15 on
1505 1013 68 26 hand,
1593 1020 12 14 a
1621 1012 62 28 1-r.rge
1700 1014 132 20 assortment
1848 1011 26 21 of

1289 1041 145 26 Agricultural
1453 1041 45 20 and
1520 1040 89 21 Garden
1630 1039 67 22 Seeds
1721 1038 44 22 and
1790 1037 82 28 Imple-

1289 1071 74 23 ments,
1375 1067 28 22 all
1415 1068 26 20 of
1451 1067 72 21 which
1532 1067 29 21 he
1571 1074 41 14 can
1626 1066 53 22 with
1694 1065 128 22 confidence
1838 1072 33 13 re-

1289 1094 120 27 commend,
1427 1094 38 21 the
1481 1094 64 21 seeds
1564 1093 68 26 being
1647 1093 30 21 all
1695 1092 26 22 of
1741 1092 41 21 last
1800 1091 72 26 year's

1289 1120 85 22 harvest
1380 1129 5 17 ;
1401 1121 45 21 and
1456 1128 23 14 as
1490 1121 29 20 he
1528 1120 43 21 will
1580 1121 26 20 be
1614 1118 138 27 continually
1759 1118 21 22 in
1789 1117 84 27 receipt

1289 1147 22 21 of
1328 1147 59 22 fresh
1404 1147 98 28 supplies
1519 1147 57 21 from
1594 1146 42 21 his-
1648 1145 99 26 relative,
1767 1144 37 22 the
1823 1143 49 22 well

1289 1173 77 22 known
1377 1175 99 26 Nursery
1486 1174 45 21 and
1547 1173 122 22 Seedsman
1684 1173 24 20 in
1727 1171 100 26 London,
1844 1171 29 21 he

1289 1200 97 27 hopes'to
1396 1201 27 21 be
1433 1200 92 22 favored
1542 1199 53 23 with
1611 1199 39 22 the
1663 1202 121 24 patronage
1799 1199 25 21 of
1835 1197 38 22 the

1289 1227 113 26 Colonists.

1289 1254 1 30 I
1314 1262 123 27 Britannia,
1449 1262 51 21 Oct.
1512 1263 32 25 16,
1557 1262 60 21 1840.

1289 1311 152 54 HAND
1455 1316 26 22 T.
1498 1316 84 22 COOK
1600 1315 58 22 have
1675 1314 100 22 received
1790 1314 29 26 by
1837 1313 37 22 the

1351 1355 9 9 •
1391 1344 45 21 late
1447 1343 92 22 arrivals
1549 1342 123 22 additional
1684 1342 75 27 goods,
1778 1341 44 21 and
1838 1347 37 14 are

1289 1370 92 22 enabled
1392 1375 22 17 to
1429 1370 54 22 offer
1500 1373 23 18 to
1539 1369 37 22 the
1595 1369 53 21 Port
1665 1368 119 22 Nicholson
1802 1367 74 27 public

1289 1397 35 25 jthe
1336 1396 202 23 undermentioned
1554 1396 95 26 articles,
1667 1395 68 27 being
1750 1394 28 22 all
1798 1394 25 21 of
1839 1393 37 22 the

1289 1424 47 21 best
1345 1424 85 27 quality
1441 1423 44 22 and
1495 1423 78 21 lowest
1582 1422 95 28 possible
1688 1422 82 27 prices:
1772 1433 30 4 —

1315 1451 84 26 ButtPr,
1411 1450 85 27 cheese,
1507 1450 64 26 flour,
1589 1449 44 21 rice
1653 1449 53 26 (real
1718 1448 87 27 Patna,)
1821 1451 53 23 teas,

1289 1477 119 27 chocolate,
1425 1484 74 19 cocoa,
1519 1477 75 26 coffee,
1610 1476 83 27 always
1709 1475 58 21 fresh
1781 1474 93 27 ground,

1289 1505 21 21 in
1324 1512 44 20 any
1383 1505 115 26 quantity;
1519 1510 83 20 sugars,
1620 1503 67 21 moist
1702 1502 45 22 and
1763 1501 57 26 loaf;
1843 1505 33 17 to-

1289 1531 84 27 baccos,
1387 1530 133 27 Cavendish,
1530 1529 137 27 negrohead,
1676 1530 19 21 Sr
1702 1529 54 27 shag
1764 1536 5 18 ;
1784 1528 91 27 pickles,

1289 1566 75 14 sauces
1371 1566 4 17 ;
1392 1557 118 28 preserved
1521 1557 70 26 fruits,
1606 1564 73 19 soups,
1698 1556 45 21 and
1759 1558 75 23 meats,
1853 1554 23 21 in

1289 1585 110 21 excellent
1410 1584 114 22 condition
1532 1592 5 17 ;
1554 1584 70 27 prime
1634 1582 85 22 bottled
1726 1581 98 23 mustard
1832 1581 45 22 and

1289 1620 65 19 curry
1371 1611 96 28 powder,
1484 1610 103 22 almonds
1604 1609 47 22 and
1665 1609 86 27 raisins,
1769 1612 106 22 currants,

1289 1639 76 31 spices,
1377 1638 79 27 starch,
1467 1637 59 28 bluf,
1537 1637 81 28 paints,
1634 1636 85 22 linseed
1737 1635 34 27 oil,
1787 1639 90 23 turpen-

1289 1666 51 25 tine,
1352 1665 44 21 and
1407 1672 66 20 every
1483 1664 135 27 description
1633 1664 27 20 of
1674 1662 108 27 groceries
1789 1670 5 17 ;
1815 1662 62 21 boots

1289 1692 44 22 and
1342 1692 71 27 shoes,
1425 1699 58 18 men,
1496 1698 94 19 women,
1608 1690 46 22 and
1669 1689 116 22 childrens'
1794 1696 5 18 ;
1819 1688 58 21 duck

1289 1719 43 21 and
1351 1719 67 27 fancy
1437 1723 99 17 trowsers
1546 1726 4 17 ;
1572 1721 93 22 regatta,
1692 1716 46 26 red,
1763 1715 43 21 and
1826 1715 51 21 blue

1289 1746 65 21 shirts
1364 1754 5 18 ;
1394 1745 78 22 lamb's
1492 1745 57 21 wool
1573 1744 55 21 ditto
1640 1752 4 18 ;
1675 1743 59 21 cloth
1758 1749 52 20 caps
1833 1742 44 21 and

1289 1773 90 26 jackets,
1404 1776 64 18 straw
1487 1772 56 26 hats,
1564 1771 78 27 prints,
1668 1770 96 22 checked
1783 1772 93 22 cottons,

1293 1799 89 23 Madras
1402 1799 160 26 neckerchiefs,
1581 1797 70 22 welch
1668 1797 90 25 flannel,
1777 1803 99 18 canvass,

1290 1826 119 27 dungaree,
1420 1825 106 26 muskets,
1536 1832 65 20 guns,
1612 1823 90 28 powder
1712 1823 45 21 and
1766 1822 56 27 shot,
1834 1820 44 23 and

1292 1860 65 20 m^ny
1369 1853 63 21 other
1443 1853 74 26 things
1528 1857 35 16 too
1574 1858 121 14 numerous
1703 1854 23 16 to
1737 1849 90 27 specify.

1318 1880 29 22 H.
1359 1880 45 21 and
1413 1879 26 22 T.
1450 1879 24 21 C.
1491 1883 56 17 have
1559 1878 45 22 also
1615 1885 29 13 on
1655 1876 61 22 hand
1726 1884 27 13 an
1765 1876 113 21 extensive

1290 1910 133 19 assortment
1447 1905 26 23 of
1497 1906 167 25 ironmongery,
1687 1903 104 27 crockery
1813 1909 64 19 ware,

1290 1933 57 25 i^lass
1358 1941 64 19 ware,
1437 1933 44 21 and
1493 1932 93 22 window
1596 1931 65 27 glass,
1677 1931 81 26 always
1767 1929 67 27 ready
1845 1929 35 21 for

1289 1960 133 25 -inspection.

1289 1984 13 14 S9
1302 1982 17 23 fr
1320 1987 9 10 r
1329 1987 7 19 J
1338 1999 5 7 4
1359 1987 75 19 la'u'ilu
1443 1987 42 18 «ls»t
1496 1984 87 21 CeLcb'"
1584 1989 5 10 5
1591 1991 2 5 '
1611 1985 61 19 2540.
1822 1994 17 5 -•
1874 1988 18 15 -*

1293 2038 71 48 ON
1375 2037 83 26 SALE,
1468 2040 23 18 at
1501 2036 37 21 the
1549 2037 73 20 Stores
1633 2036 27 20 of
1671 2036 36 21 the
1716 2033 162 27 Undersigned,

1378 2058 78 28 ex*lhe
1836 2060 45 21 and

1293 2091 115 22 Elizabeth
1416 2099 6 13 :
1423 2103 28 4 —

1319 2124 113 25 Blankets,
1444 2125 52 20 10-4
1506 2123 45 22 and
1561 2124 57 20 11-4.

1319 2151 88 22 Ladies'
1418 2151 81 21 cloaks.

1319 2178 74 26 Flour,
1404 2178 48 21 first
1461 2177 93 28 quality.

1319 2205 50 26 Tar,
1381 2205 23 21 in
1415 2204 88 21 barrels.

1319 2232 80 21 Cotton
1411 2230 179 23 handkerchiefs.

1320 2259 20 21 A
1357 2258 76 22 choice
1450 2258 107 21 selection
1575 2257 26 21 of
1618 2255 106 29 pedestal,
1743 2254 75 27 swing,
1836 2253 46 22 and

1294 2285 63 22 other
1365 2285 79 27 lamps.

1320 2311 192 27 Best-negrohead
1521 2311 99 22 tobacco.

1321 2340 104 26 Superior
1434 2338 58 21 Java
1501 2337 63 26 ditto,

1321 2366 96 21 Elliott's
1427 2368 66 23 stout,
1502 2365 22 20 in
1535 2364 66 22 hhds.

1321 2392 63 21 Ditto
1394 2392 49 28 pale
1453 2391 42 26 ale,
1507 2391 63 22 ditto.

1322 2419 87 27 Sherry,
1422 2419 22 21 in
1455 2422 97 18 octaves.

1322 2446 119 22 Excellent
1449 2446 63 26 ditto,
1528 2445 22 22 in
1561 2444 78 23 bottle.

1322 2473 60 27 Port,
1392 2474 23 21 in
1426 2471 70 23 wood.

1322 2500 67 26 Rum,
1401 2500 49 21 best
1458 2499 111 22 Jamaica.

1322 2527 98 26 Brandy,
1431 2526 45 23 real
1487 2533 93 20 cognac.

1324 2554 53 26 Gin,
1389 2553 60 23 three
1460 2552 112 29 qualities.

1322 2580 53 27 Tea,
1396 2587 71 21 sugar,
1489 2580 49 26 salt,
1563 2586 60 20 soap,
1646 2577 79 27 starch,
1741 2577 58 26 blue,
1818 2575 66 22 black

1296 2615 88 20 pepper,
1396 2608 74 25 coffee,
1483 2607 99 25 vinegar,
1590 2606 87 26 raisins,
1685 2607 106 22 currants,
1799 2602 86 22 bottled

1296 2635 71 26 fruits,
1385 2634 92 28 pickles,
1497 2633 106 27 mustard,
1628 2632 112 27 saltpetre,
1761 2629 57 23 Cork
1836 2636 49 14 rose

1297 2661 79 27 butter,
1389 2662 86 25 cheese,
1487 2667 60 20 sago,
1559 2663 127 23 arrowroot,
1700 2657 88 26 treacle,
1799 2655 87 23 refined

1297 2695 72 20 sugar,
1381 2689 41 22 &c.
1433 2689 39 21 &c.
1485 2688 41 21 &c.

1312 2733 5 2 .
1323 2710 48 27 The
1382 2716 70 21 above
1463 2714 88 21 articles
1561 2712 44 22 will
1615 2712 29 22 be
1655 2711 48 22 sold
1712 2715 23 18 at
1742 2710 144 27 exceedingly

1296 2742 42 22 low
1348 2742 79 27 prices.
1455 2741 48 22 The
1515 2740 133 22 advertisers
1658 2739 73 22 would
1747 2737 72 29 prefer
1836 2736 51 22 sell-

1296 2770 39 26 ing
1345 2769 37 22 the
1391 2768 109 23 invoice,,
1550 2786 16 29 ;OHy;
1568 2793 68 22 OHy
1647 2792 44 22 flnd
1702 2791 62 22 GEQ
1767 2807 5 5 .
1783 2789 94 23 WApE
1880 2806 5 5 .

1305 2850 86 22 TUST
1406 2848 165 25 RECEIVED,
1589 2846 45 23 and
1650 2846 34 21 for
1698 2845 51 22 Sale
1764 2848 21 18 at
1799 2843 89 22 Ander-

1298 2869 26 29 «J
1358 2877 59 21 son's
1428 2877 81 24 Stores,
1523 2874 122 26 Britannia,
1657 2878 22 17 at
1689 2879 53 20 very
1750 2871 42 22 low
1803 2871 70 27 prices
1880 2877 5 14 :

1326 2904 50 21 One
1386 2904 50 21 bale
1447 2902 112 23 excellent
1569 2900 110 23 blankets.

1326 2930 50 21 One
1395 2937 49 14 case
1463 2930 72 26 prints
1555 2928 45 21 and
1615 2931 75 18 cotton
1707 2923 179 26 handkerchiefs,

1299 2956 95 28 adapted
1404 2957 34 21 for
1448 2956 75 21 native
1534 2954 68 26 trade,
1613 2961 57 24 very
1679 2953 76 26 cheap.

1326 2984 50 21 One
1387 2991 49 14 case
1447 2982 131 26 containing
1592 2980 58 22 duck
1662 2980 86 27 jackets
1764 2978 44 22 and
1823 2980 65 19 trow-

1299 3019 53 18 sers,
1364 3010 81 22 fustian
1456 3009 56 21 ditto
1524 3008 63 25 ditto,
1598 3007 46 21 and
1653 3010 64 18 vests.

1295 3046 5 5 -
1327 3036 20 23 A
1359 3038 42 21 few
1411 3035 63 23 casks
1484 3035 46 21 fine
1540 3034 37 21 old
1587 3037 51 23 port
1647 3033 63 26 wine,
1721 3031 124 22 wholesale.

1327 3065 21 20 A
1357 3064 33 21 lot
1399 3064 26 20 of
1436 3060 102 30 splendid
1549 3060 70 21 whale
1635 3060 37 21 oil.

1328 3092 28 20 A.
1369 3091 27 20 A.
1408 3090 39 21 has
1456 3088 54 28 also.
1514 3087 101 22 received
1625 3087 35 20 for
1670 3085 51 26 sale,
1733 3091 42 15 one
1784 3083 48 28 pair
1842 3085 48 19 cart

1300 3117 81 23 wheels
1391 3116 45 22 and
1446 3119 47 19 cart
1502 3114 137 26 mountings.
1705 3139 5 5 #
1775 3137 4 5 >

1328 3143 116 23 Groceries
1467 3142 26 21 of
1519 3148 66 20 every
1608 3139 142 28 description,
1775 3138 115 25 including

1300 3179 68 17 some*
1371 3177 54 20 very
1434 3170 45 21 fine
1489 3173 47 18 teas
1552 3167 45 22 and
1613 3166 103 27 candles;
1738 3164 44 22 and
1799 3171 12 14 a
1827 3168 63 22 great

1300 3198 85 27 variety
1395 3198 26 21 of
1432 3196 63 23 other
1504 3194 89 23 articles
1603 3198 38 17 too
1655 3199 120 16 numerous
1787 3194 21 18 to
1825 3197 65 15 men-

1329 3252 28 21 A.
1368 3251 29 22 A.
1406 3251 54 26 begs
1469 3248 88 24 further
1566 3252 24 18 to
1599 3247 51 27 add,
1662 3247 48 22 that
1719 3245 28 22 he
1756 3245 40 21 has
1806 3251 13 15 a
1829 3242 60 29 daily

1291 3300 5 6 ,
1300 3278 80 28 supply
1390 3278 26 21 of
1427 3276 62 29 pork.

1306 3332 157 48 MESSRS.
1487 3328 149 24 READING
1660 3327 66 22 AND
1751 3324 139 27 NEWELL,

1390 3359 159 23 Carpknters,
1575 3356 106 25 Joiners,
1702 3361 45 14 and
1767 3353 123 24 Buildkrs,

1303 3386 42 27 beg
1356 3386 62 21 leave
1428 3389 22 17 'o
1460 3384 82 22 inform
1554 3382 38 22 the
1601 3381 76 28 public
1683 3379 114 29 generally
1806 3378 24 21 of
1839 3378 52 22 Port

1303 3412 131 26 Nicholson,
1448 3412 49 21 that
1505 3410 86 26 having
1605 3408 67 22 made
1687 3409 167 24 arrangements
1869 3408 22 18 to

1303 3446 77 15 secure
1397 3447 14 14 a
1427 3441 105 20 constant
1547 3436 80 28 supply
1647 3434 25 23 of
1683 3434 85 25 timber,
1787 3432 52 32 they
1855 3438 36 14 are

1303 3473 51 15 now
1363 3466 67 27 ready
1440 3469 21 18 to
1472 3467 103 20 contract
1591 3463 34 21 for
1643 3462 36 21 the
1696 3460 96 23 erection
1809 3459 26 21 of
1848 3464 44 19 any

1304 3493 57 22 class
1370 3492 26 22 of
1402 3492 121 26 buildings,
1533 3490 44 21 and
1589 3493 57 18 trust
1654 3489 29 25 by
1693 3486 139 29 punctuality
1849 3485 44 21 and

1303 3520 46 22 and
1358 3519 107 28 dispatch,
1481 3522 22 18 to
1523 3517 67 22 merit
1608 3524 14 14 a
1641 3515 63 22 share
1724 3514 25 21 of
1763 3514 36 20 the
1814 3514 79 26 -public

1304 3551 130 24 patronage.

1332 3572 123 27 Britannia,
1466 3574 57 19 next
1532 3570 56 23 door
1597 3574 23 17 to
1631 3569 45 22 Mr.
1685 3568 67 22 Allen
1763 3574 10 14 s
1782 3568 69 20 Store.

1305 3628 35 49 J
1370 3625 132 23 NEWELL
1517 3625 54 25 begs
1582 3628 21 17 to
1613 3624 103 21 intimate
1727 3625 22 18 to
1759 3620 36 22 the
1807 3620 86 26 Gentry

1345 3664 11 11 •
1388 3654 26 20 of
1425 3654 52 20 Port
1487 3651 123 22 Nicohlson
1625 3650 49 21 that
1682 3649 28 21 he
1726 3648 19 21 is
1761 3654 49 15 now
1825 3645 68 28 ready

1306 3685 22 19 to
1338 3687 92 21 prepare
1439 3679 71 27 plans,
1527 3678 130 24 elevations,
1675 3675 44 22 and
1733 3673 161 30 specifications

1306 3707 26 21 of
1343 3714 44 20 any
1399 3706 56 21 r.lr.ss
1464 3705 26 22 of
1502 3704 74 28 public
1588 3711 22 14 or
1620 3703 85 27 private
1716 3701 116 26 buildings,
1849 3699 44 21 and

1306 3737 67 19 trusts
1382 3734 29 26 by
1419 3732 133 28 experience
1562 3734 23 18 at
1594 3730 67 21 home
1672 3728 44 22 and
1724 3728 23 21 in
1764 3727 36 21 the
1817 3726 78 26 neigh-

1305 3760 96 27 bouring
1411 3758 103 23 Colonies
1524 3765 23 14 ns
1559 3765 13 14 a
1580 3756 106 28 practical
1696 3762 59 18 man,
1771 3753 44 22 and
1829 3760 13 14 a
1853 3753 41 21 full

1296 3786 140 27 •knowledge
1453 3786 25 21 of
1496 3784 38 23 the
1553 3782 102 28 strength
1674 3781 44 22 and
1738 3779 118 28 durability
1872 3779 26 21 of

1307 3813 94 23 colonial
1411 3812 87 25 timber,
1508 3810 53 22 with
1572 3817 14 15 a
1595 3810 63 22 strict
1666 3806 79 29 regard
1754 3811 22 18 to
1785 3806 108 27 strength,

1307 3841 111 26 elegance,
1430 3838 127 26 durability,
1573 3836 45 22 and
1627 3842 110 25 economy
1746 3835 23 21 in
1778 3833 37 22 the
1825 3836 70 18 struc-

1307 3871 49 19 ture
1372 3866 25 22 of
1411 3864 120 26 buildings,
1547 3864 29 21 he
1591 3862 46 22 will
1652 3862 28 21 be
1696 3861 50 23 able
1762 3863 22 20 to
1801 3862 66 20 merit
1882 3866 13 14 a

1306 3895 65 22 share
1380 3893 28 24 of
1416 3892 38 22 the
1463 3890 76 29 public
1548 3892 130 25 patronage.

1335 3921 76 22 Green
1420 3919 101 27 Cottage,
1532 3918 44 22 No.
1588 3918 19 25 1,
1619 3916 123 22 Britannia.

99 618 83 22 NEW
200 616 171 23 ZEALAND
390 613 186 22 COMPANY.

44 672 95 29 Capital,
154 672 119 25 £100,000,
289 670 22 21 in
320 671 56 20 4000
386 668 81 22 Shares
476 667 25 22 of
513 667 45 22 £25
569 665 63 27 each,

270 696 29 23 all
310 696 52 28 paid
371 703 37 19 up.
441 710 3 3 ■

127 752 130 22 Governor:
272 750 48 23 The
331 750 64 21 Earl
406 755 27 14 of
444 748 112 21 Durham.

337 783 86 21 Joseph
438 782 82 25 Somes,
537 780 52 27 Esq.

193 813 6 4 *
279 816 127 22 Directors:

102 844 60 23 Lord
173 845 71 25 Petre,

102 872 62 22 Hon.
176 871 91 22 Francis
277 870 89 26 Baring,
378 868 69 27 M.P.,

99 899 63 22 John
174 898 101 23 Ellorker
284 897 109 25 Boulcott,
411 896 59 27 Esq.,

99 926 62 22 John
173 926 99 22 William
284 924 90 26 Buckle,
388 923 58 27 Esq.,

103 953 87 23 Russell
201 952 77 26 Ellice,
290 952 58 26 Esq.,

100 980 79 22 James
189 978 81 23 Brodie
281 978 99 26 Gordon,
392 977 61 27 Esq.,

99 1007 100 21 Thomas
210 1006 65 21 Alers
287 1004 103 26 Hankey,
401 1004 62 26 Esq.,

101 1034 99 20 William
213 1032 58 21 Hutt
290 1031 59 27 Esq.,
362 1030 68 26 M.P.,

100 1061 97 21 Stewart
206 1057 161 29 Majoribanks,
380 1057 60 27 Esq.,

101 1088 36 21 Sir
146 1086 98 22 William
257 1084 149 26 Molesworth,
418 1084 69 26 Bart.,
498 1082 68 26 M.P.,

102 1113 131 23 Alexander
243 1112 78 26 Nairn,
334 1111 59 27 Esq.,

101 1141 62 21 John
175 1140 64 27 Pirie,
251 1139 60 27 Esq.,
324 1138 130 26 Alderman,

101 1168 36 22 Sir
148 1168 87 26 George
246 1165 101 27 Sinclair,
359 1165 68 25 Bart.,
440 1164 70 26 M.P.,

101 1195 63 21 John
175 1194 58 22 Abel
244 1192 78 22 Smith.
335 1192 59 28 Esq.,
407 1192 68 26 M.P.,

102 1222 60 21 Wm.
173 1221 136 25 Thompson,
322 1219 59 27 Esq.,
393 1218 131 26 Alderman,
537 1216 69 27 M.P.,

101 1249 37 21 Sir
150 1248 78 26 Henry
329 1246 68 26 Bart.,

103 1275 87 22 Arthur
199 1274 79 26 Willis,
291 1273 59 27 Esq.,

102 1303 90 26 George
204 1300 116 22 Frederick
332 1302 87 24 Young,
433 1298 52 28 Esq.

160 1336 131 25 Secretary:
306 1334 61 21 John
381 1332 82 27 Ward,
475 1332 52 27 Esq.

49 1397 91 49 THE
150 1396 60 22 main
221 1395 96 21 features
325 1393 26 22 of
358 1393 36 22 the
402 1397 84 23 system
494 1393 26 20 of
527 1392 112 22 coloniza-

124 1424 47 21 tion
183 1420 95 29 adopted
289 1421 28 27 by
328 1420 36 21 the
378 1420 123 27 Company,
518 1427 43 17 are,
564 1431 29 4 —
593 1420 43 25 -Ist,

48 1452 38 21 the
95 1450 47 22 sale
152 1450 26 21 of
190 1449 70 26 lands,
275 1452 23 17 at
312 1455 27 14 an
355 1447 98 22 uniform
468 1446 45 22 and
527 1446 112 22 sufficient

49 1479 71 27 price;
139 1477 46 21 and
199 1475 74 27 2ndly,
291 1474 36 22 the
344 1473 154 28 employment
513 1473 25 22 of
549 1480 15 14 a
578 1472 60 27 large

48 1505 88 26 portion
147 1504 26 21 of
179 1503 37 22 the
226 1502 209 27 purchase-money,
447 1508 24 14 as
480 1508 29 13 an
521 1500 118 26 Immigra-

47 1533 47 20 tion
106 1531 73 21 Fund.
210 1530 26 21 In
247 1529 62 21 these
319 1531 103 24 respects,
440 1527 37 22 the
487 1526 120 28 principles
618 1527 24 20 of

49 1558 69 23 South
134 1557 112 23 Australia
261 1556 57 20 have
334 1556 56 20 been
406 1554 105 22 followed
561 1554 78 26 nearly

49 1594 22 14 is
90 1585 173 22 circumstances
281 1582 78 26 would,
380 1582 22 21 in
418 1581 38 22 the
475 1584 89 25 present
581 1587 56 20 case,

49 1612 88 28 ■permit.
293 1616 5 6 *
516 1634 6 5 .

74 1639 49 21 The
138 1637 72 28 grand
226 1636 74 27 object
314 1636 26 20 of
355 1636 37 20 the
407 1642 58 19 new,
479 1641 24 14 or
516 1636 122 25 improved,

48 1670 85 23 system
144 1665 26 21 of
181 1664 36 22 the
228 1663 96 27 disposal
340 1662 26 21 of
382 1661 96 22 colonial
493 1661 71 26 lands,
582 1661 19 21 is
618 1663 21 19 to

49 1693 100 27 regulate
164 1691 37 21 the
216 1690 80 27 supply
312 1689 26 21 of
355 1696 48 14 new
418 1688 60 26 land,
496 1688 30 26 by
542 1688 37 21 the
594 1688 46 21 real

50 1724 70 18 wants
133 1718 25 22 of
172 1718 38 22 the
226 1717 116 25 Colonists,
360 1723 23 15 so
399 1715 48 21 that
463 1712 36 24 the
516 1715 51 20 land
583 1714 56 21 shall

49 1754 69 14 never
136 1746 28 21 be
183 1745 70 21 either
272 1742 190 28 superabundant,
483 1749 26 14 or
527 1741 112 26 deficient,

47 1773 73 23 either
137 1776 37 18 too
191 1771 77 26 cheap,
286 1777 25 15 or
329 1773 37 18 too
385 1770 59 21 dear.
484 1769 23 21 It
524 1768 40 21 has
583 1768 56 21 been

48 1800 78 22 shown
137 1799 49 21 that
195 1799 37 21 the
242 1798 44 21 due
298 1797 129 27 proportion
442 1796 102 21 between
560 1795 80 27 people

49 1827 45 22 and
102 1826 55 22 land
164 1833 50 19 may
220 1826 27 20 be
256 1823 127 27 constantly
389 1823 93 21 secured
489 1823 30 27 by
526 1822 115 21 abandon-

49 1855 39 26 ing
98 1854 38 21 the
146 1853 39 21 old
195 1855 82 24 system
289 1850 25 22 of
326 1857 94 19 grants,
433 1850 44 21 and
488 1849 114 27 requiring
612 1856 27 14 an

49 1881 100 22 uniform
159 1880 60 27 price
230 1885 39 21 per
279 1884 57 20 acre,
351 1877 34 21 for
395 1877 28 21 all
434 1884 49 14 new
493 1876 71 25 lands,
577 1876 64 21 with-

50 1912 39 18 out
99 1907 127 27 exception.
256 1905 24 21 If
293 1904 36 22 the
339 1905 59 26 price
410 1904 27 21 be
452 1907 41 17 not
507 1906 36 18 too
557 1900 50 28 low,
624 1902 18 22 it

49 1935 75 22 deters
134 1933 136 27 speculators
280 1931 57 21 from
352 1931 118 26 obtaining
482 1930 61 26 land,
560 1930 53 20 with
628 1937 14 13 a

51 1963 55 20 view
117 1965 22 17 to
149 1960 90 26 leaving
248 1958 58 21 their
315 1961 104 23 property
430 1957 21 21 in
463 1964 13 14 a
487 1956 74 22 desert
575 1960 64 23 state,

38 1989 56 17 •-ami
108 1988 52 18 tlni-?
168 1984 229 25 -ntwisr^is-iKI-nriow?
407 1984 122 25 dispersion
538 1990 5 11 :
558 1982 93 24 ifc-also,.-
660 1996 2 3 -

50 2012 29 26 by
90 2005 136 32 compelling
234 2016 67 18 every
309 2009 102 21 labourer
418 2011 23 18 to
449 2008 62 21 work
517 2008 35 21 for
560 2015 79 18 wages,

51 2037 55 23 until
117 2037 29 21 he
157 2037 40 21 has
206 2035 69 22 saved
289 2035 37 20 the
337 2035 52 25 only
399 2041 79 14 means
489 2034 25 21 of
526 2033 116 25 obtaining

50 2064 61 27 land,
122 2064 87 21 insures
224 2069 13 14 a
251 2061 81 27 supply
347 2061 26 21 of
384 2061 79 21 labour
476 2060 36 21 for
526 2060 55 21 hive.
612 2060 27 26 If,

50 2099 30 14 on
90 2091 38 21 the
139 2090 65 22 other
213 2088 67 26 hand,
298 2088 36 21 the
345 2088 59 26 price
414 2088 27 20 be
452 2090 41 18 not
501 2091 38 17 too
548 2086 61 26 high,
625 2086 17 21 it

51 2118 87 22 neither
148 2116 99 23 confines
258 2115 38 21 the
306 2114 87 22 settlers
408 2114 76 21 within
500 2121 14 14 a
527 2120 65 20 space
609 2114 33 20 in-

51 2143 161 27 conveniently
227 2149 94 19 narrow,
338 2148 41 14 nor
394 2140 53 22 does
463 2141 17 21 it
496 2144 94 24 prevent
606 2140 36 21 the

51 2171 79 28 thrifty
145 2171 102 21 labourer
263 2168 57 22 from
334 2168 121 26 becoming
469 2175 13 14 a
494 2167 147 25 land-owner,

52 2199 58 21 after
119 2197 101 26 working
231 2203 61 14 some
303 2196 53 20 time
366 2194 34 22 for
412 2201 79 19 wages.

84 2226 17 21 A
120 2224 118 25 suliiuient,
257 2223 41 20 but
315 2225 40 18 not
373 2228 62 15 more
456 2221 54 22 than
530 2220 112 21 sufficient

53 2253 59 26 price
125 2252 34 21 for
171 2250 29 22 all
214 2257 49 14 new
279 2248 60 27 land,
355 2248 19 22 is
390 2248 37 21 the
442 2248 61 21 main
520 2248 86 21 feature
621 2246 26 21 of

53 2280 37 21 the
109 2286 50 14 new
174 2281 83 23 system
272 2276 26 21 of
315 2275 157 22 colonization.
507 2274 20 22 Ir
543 2274 100 21 obviates

51 2313 69 22 every
131 2311 85 22 species
232 2304 25 20 of
270 2302 114 27 bondage;
404 2302 30 27 by
449 2301 119 28 providing
584 2307 60 15 com-

52 2332 90 23 binable
152 2331 84 26 labour,
247 2330 18 21 it
275 2326 90 25 renders
374 2328 103 28 industry
485 2335 55 21 very
548 2327 96 27 produc-

53 2360 51 25 tive,
116 2359 46 21 and
170 2357 122 23 maintains
301 2356 54 22 both
365 2356 53 26 high
435 2363 79 20 wages,
531 2354 45 21 and
591 2354 52 27 high

53 2387 88 27 profits;
164 2385 18 22 it
198 2384 77 22 makes
293 2383 38 22 the
349 2382 81 27 colony
446 2390 24 14 as
487 2382 117 23 attractive
621 2388 24 14 as

54 2413 102 28 possible,
171 2411 55 23 both
242 2415 22 17 to
280 2410 121 28 capitalists
416 2409 47 22 and
477 2413 23 17 to
515 2409 114 21 labourers
638 2415 5 19 ;

52 2441 46 21 and
108 2445 41 17 not
158 2438 84 27 merely
253 2441 22 18 to
285 2437 68 26 these,
367 2437 41 21 but
417 2436 55 27 also,
481 2436 31 27 by
522 2434 124 26 bestowing

52 2475 30 15 on
97 2467 38 22 the
147 2466 88 26 colony,
252 2464 38 22 the
300 2464 73 21 better
388 2463 117 22 attributes
520 2462 26 21 of
562 2469 30 14 an
609 2461 37 22 old

51 2495 93 26 society,
156 2497 22 17 to
187 2492 62 22 those
258 2492 50 20 who
314 2490 57 22 have
380 2497 12 14 a
399 2490 92 21 distaste
499 2490 34 21 for
540 2488 60 22 what
605 2488 41 22 has

52 2521 126 23 heretofore
188 2519 58 22 been
256 2518 38 22 the
308 2517 112 28 primitive
432 2516 113 22 condition
557 2515 27 22 of
594 2523 50 14 new

53 2548 108 22 colonies.

79 2575 48 22 The
137 2576 65 25 great
211 2572 74 27 object
294 2571 26 21 of
331 2571 36 21 the
377 2571 61 27 price
447 2570 20 22 is
479 2573 22 19 to
517 2577 77 15 secure
609 2569 37 22 the

53 2606 59 18 most
120 2599 111 25 desirable
240 2598 141 29 proportions
390 2598 101 21 between
505 2596 80 29 people
601 2595 43 23 and

54 2629 65 25 land;
135 2629 41 21 but
185 2627 37 22 the
233 2626 53 28 plan
296 2625 41 22 has
347 2624 36 22 the
391 2624 87 22 further
484 2624 70 22 result
562 2624 27 21 of
595 2631 51 19 pro-

54 2656 84 27 ducing
148 2662 13 14 a
171 2658 106 21 revenue,
294 2652 72 22 which
381 2651 45 22 will
441 2655 41 18 not
498 2651 52 27 only
566 2650 80 27 supply

54 2683 37 22 the
103 2682 107 28 requisite
224 2680 67 28 profit
305 2683 23 18 to
343 2679 40 27 thq
396 2678 154 22 shareholders
566 2677 26 22 of
609 2677 37 22 the

54 2711 124 26 Company,
202 2708 40 22 but
266 2706 111 22 furnishes
400 2705 38 22 the
463 2712 77 15 means
558 2704 35 22 for
617 2711 27 14 an

56 2736 155 27 Immigration
223 2733 71 26 Fund,
296 2746 31 4 —
329 2740 12 14 a
348 2732 57 22 fund
413 2732 128 27 constantly
548 2731 99 27 applica-

54 2763 36 23 ble
106 2766 24 19 to
147 2763 38 21 the
200 2767 96 22 purpose
313 2760 26 21 of
351 2759 107 27 bringing
472 2759 78 21 labour
567 2762 25 17 to
609 2757 37 22 the

54 2790 82 30 colony
136 2802 32 4 —
169 2789 49 21 that
232 2788 25 26 is,
275 2787 23 22 in
316 2786 93 26 causing
425 2786 38 22 the
479 2786 51 21 best
547 2792 57 14 sort
624 2784 26 21 of

53 2817 152 22 colonization
216 2819 22 17 to
248 2813 97 28 proceed
354 2816 23 18 at
388 2813 37 21 the
439 2815 97 23 greatest
548 2811 98 27 possible

54 2848 54 18 rate.
138 2843 55 22 And
200 2842 44 22 this
251 2842 19 20 is
279 2840 36 22 the
323 2839 83 22 second
416 2839 85 22 feature
513 2838 25 22 of
548 2838 40 22 the
597 2845 50 14 new

55 2875 92 24 system.
278 2885 6 10 v

82 2897 48 22 The
141 2895 154 28 employment
304 2894 26 20 of
345 2894 38 20 the
397 2894 211 25 purchase-money,
624 2897 25 14 or

56 2925 37 21 the
103 2922 110 30 principal
223 2925 50 24 part
282 2920 26 22 of
317 2921 25 25 it,
353 2920 23 21 in
388 2919 126 27 conveying
524 2918 87 22 settlers
625 2920 22 18 to

56 2951 37 22 the
104 2951 89 26 colony,
204 2949 40 21 has
254 2947 38 22 the
301 2946 115 27 following
426 2946 84 22 effects.
540 2945 21 21 It
571 2944 78 21 makes

56 2978 37 22 the
108 2977 133 29 purchasers
256 2975 26 21 of
298 2973 54 23 land
366 2980 36 15 see
418 2973 93 27 plainly,
527 2971 48 22 that
591 2970 58 22 their

58 3012 82 21 money
150 3003 43 23 will
204 3003 28 21 be
240 3000 108 24 returned
358 3000 22 22 in
395 3000 38 21 the
446 3000 69 27 shape
529 2998 25 22 of
569 2998 80 22 labour

58 3033 44 21 and
111 3030 138 30 population.
280 3029 21 21 It
311 3027 71 26 tends,
398 3027 23 22 in
432 3026 52 27 fact,
501 3030 22 18 to
532 3026 69 20 lower
611 3024 38 22 the

58 3066 117 19 necessary
195 3055 106 24 standard
320 3055 26 21 of
362 3054 68 28 price,
444 3054 103 26 because,
567 3051 54 22 with
636 3059 13 14 a

57 3088 105 19 constant
171 3083 71 23 influx
253 3083 27 21 of
291 3081 77 25 oeonle
379 3085 21 17 to
412 3081 37 21 the
461 3081 87 26 colony,
557 3079 38 21 the
607 3078 42 22 due

58 3116 127 24 proportion
194 3116 100 16 oetween
301 3114 79 22 people
388 3107 44 22 and
440 3107 54 22 land
501 3114 51 19 may
559 3106 29 21 be
595 3106 55 27 kept

59 3146 28 21 up
96 3139 31 27 by
138 3146 14 14 a
160 3138 68 22 lower
237 3136 67 27 price,
317 3135 54 22 than
381 3135 20 21 if
413 3135 62 21 there
487 3141 57 15 were
552 3140 32 14 no
594 3132 54 22 such

59 3165 150 28 immigration
216 3180 5 5 .
241 3163 22 21 It
273 3162 111 22 therefore
390 3161 131 22 diminishes
529 3160 36 22 the
573 3159 77 28 period

59 3193 82 27 during
150 3191 73 23 which
233 3190 37 22 the
280 3189 103 22 labourer
397 3192 61 18 must
470 3187 60 23 work
544 3187 36 21 for
594 3186 55 27 hire,

60 3220 43 22 and
112 3220 31 27 by
154 3219 38 22 the
206 3217 64 27 rapid
283 3222 102 20 progress
400 3215 72 22 which
487 3215 18 21 it
519 3215 94 26 imparts
627 3217 23 17 to

60 3247 36 22 the
105 3247 52 21 best
165 3248 47 19 sort
220 3244 26 22 of
258 3242 156 26 colonization,
430 3242 18 21 it
463 3241 101 28 explains
580 3243 22 19 to
614 3240 37 21 the

60 3273 118 26 labouring
187 3272 56 22 class
253 3271 27 21 of
286 3269 147 27 immigrants,
444 3269 50 23 that
502 3275 67 20 every
578 3274 43 15 one
628 3267 26 21 of

61 3300 60 22 them
135 3299 50 22 who
201 3299 19 21 is
235 3296 137 23 industrious
389 3295 46 22 and
451 3295 85 27 thrifty,
553 3301 54 20 may
623 3294 28 21 be

59 3334 50 15 sure
119 3330 24 19 to
152 3327 92 22 become
258 3327 41 19 not
313 3321 84 28 merely
413 3329 27 15 an
458 3329 75 14 owner
547 3321 27 21 of
589 3321 62 26 land,

61 3354 39 21 but
116 3354 48 21 also
179 3353 25 22 in
222 3351 36 23 his
278 3354 59 21 turn,
359 3356 28 14 an
407 3349 117 27 employer
542 3347 26 22 of
587 3346 65 23 hired

61 3381 121 25 labourers,
193 3387 14 14 a
215 3382 83 19 master
309 3377 26 21 of
345 3379 109 19 servants.

90 3407 66 22 From
166 3407 62 21 these
238 3403 183 26 considerations,
437 3401 38 21 the
486 3401 117 27 Company
613 3401 40 21 has

62 3433 97 28 adopted
178 3433 38 22 the
233 3439 61 15 same
312 3433 81 25 system
411 3428 26 22 of
454 3427 114 28 disposing
584 3427 26 21 of
625 3427 29 21 its

63 3464 67 18 waste
141 3460 73 27 lands,
231 3466 23 15 as
270 3459 41 21 has
325 3456 91 27 already
430 3455 85 28 proved
530 3454 79 27 highly
621 3454 33 20 fa-

62 3487 107 22 vourable
184 3491 22 17 to
220 3487 38 21 the
273 3484 185 29 productiveness
472 3481 25 22 of
513 3481 104 26 industry
630 3487 23 15 in

62 3514 71 21 South
145 3513 120 23 Australia.
296 3512 26 22 In
333 3518 14 14 a
358 3517 48 15 new
418 3509 89 31 colony,
522 3507 94 28 planted
630 3507 23 21 in

62 3548 13 14 d
86 3541 72 22 fertile
168 3540 45 22 and
229 3539 114 22 extensive
359 3537 112 33 territory,
488 3538 18 18 it
520 3542 18 14 is
553 3534 101 26 obvious,

63 3567 49 22 that
130 3567 38 22 the
185 3566 170 23 establishment
369 3563 26 22 of
411 3563 56 21 such
482 3569 14 13 a
511 3564 82 24 system
609 3560 18 21 is
643 3567 12 14 a

64 3598 81 18 matter
161 3594 27 21 of
206 3593 36 22 the
259 3593 92 27 deepest
368 3593 103 19 moment
487 3592 23 17 to
527 3588 37 20 the
582 3588 74 20 future

64 3621 89 21 welfare
165 3621 26 21 of
204 3620 92 27 society.
347 3617 67 23 From
430 3616 17 22 it
463 3615 38 22 the
515 3615 51 21 best
580 3614 77 21 effects

64 3655 51 18 may
126 3647 52 22 with
188 3646 131 23 confidence
329 3645 28 22 be
367 3642 149 28 anticipated:
533 3648 12 14 a
551 3643 106 19 constant

65 3674 44 22 *nd
117 3674 90 27 regular
216 3673 81 27 supply
307 3672 27 22 of
343 3679 50 14 new
403 3669 56 23 land
468 3669 23 22 in
507 3668 42 22 due
564 3673 93 21 propor-

61 3701 45 21 tion
119 3704 23 18 to
152 3701 38 21 the
209 3703 71 18 wv.nts
290 3699 25 21 of
326 3706 13 14 a
347 3697 130 29 population
492 3696 126 24 increasing
628 3694 32 26 by

62 3727 72 22 hirths
143 3727 46 22 and
203 3726 150 27 immigration
362 3734 4 17 ;
385 3724 30 22 all
431 3723 37 23 the
484 3722 137 25 advantages
635 3723 23 18 to

63 3754 73 23 which
146 3753 101 22 facilities
258 3753 26 21 of
295 3755 112 24 transport
414 3750 46 22 and
467 3751 190 21 communication

63 3788 38 14 are
112 3780 104 22 essential
224 3788 6 18 ;
246 3779 111 24 certainty
370 3779 26 21 of
406 3777 77 26 limits,
500 3775 45 23 and
559 3777 100 23 security

63 3807 27 22 of
101 3807 49 22 title
160 3810 23 18 to
193 3810 105 24 property
307 3805 23 22 in
343 3805 56 21 land
406 3812 5 17 ;
427 3803 38 23 the
475 3804 99 26 greatest
587 3801 71 21 facili-

63 3834 42 21 ties
115 3841 30 14 on
155 3833 117 28 acquiring
280 3832 38 22 the
330 3832 43 22 due
382 3830 105 29 quantity
493 3836 6 19 ;
514 3829 37 21 the
562 3830 99 24 greatest

63 3864 195 24 encouragement
268 3862 23 19 to
300 3857 153 28 immigration
463 3855 47 23 and
518 3855 129 22 settlement
653 3861 5 19 ;

65 3887 46 22 and
125 3887 39 22 the
178 3889 59 20 most
249 3885 64 29 rapid
328 3891 104 22 progress
446 3883 26 22 of
487 3882 39 22 the
539 3880 81 29 people
633 3880 25 22 in

65 3910 102 27 material
177 3913 96 22 comfort
281 3911 46 23 and
337 3909 68 24 social
413 3908 182 29 improvement.'

93 3940 57 22 Port
157 3939 133 26 Nicholson,
304 3937 63 30 April
377 3938 36 26 14,
421 3937 63 21 1840.
