2550 3999
728 1830 170 25 SHIPPING
920 1828 274 25 INTELLIGENCE.

887 1879 153 23 ARRIVED.

700 1910 68 25 None
779 1909 46 24 this
837 1908 73 23 week.

903 1955 123 23 SAILED.

703 1987 54 22 Oct.
783 1987 40 26 24,
849 1984 110 22 schooner
1174 1982 83 28 Styles,

667 2022 49 19 east
728 2022 72 19 coast.

700 2063 33 4 —
764 2052 40 26 24,
818 2048 111 24 schooner
964 2047 64 31 Sally
1130 2045 127 28 Cummins,

667 2088 48 19 east
728 2088 72 19 coast.

700 2129 34 5 —
753 2117 42 27 26,
808 2115 111 24 schooner
955 2114 54 23 Fair
1197 2116 62 19 coast

667 2150 45 23 and
724 2149 103 31 Sydney.

700 2196 34 4 —
743 2175 51 35 *26,
808 2182 110 22 schooner
1087 2178 98 29 Barker,
1199 2182 61 19 coast

667 2216 46 24 and
726 2216 102 31 Sydney.

898 2263 31 23 IN
948 2263 86 21 PORT.

703 2295 82 23 Cutter

703 2327 117 24 Schooner
994 2324 90 24 Moore.

1036 2357 99 24 Archer.

704 2394 93 31 Barque
1004 2391 96 24 Dutton.

705 2453 50 24 The
775 2454 111 23 schooner
931 2452 85 24 Jewess
1062 2450 69 24 while
1155 2450 66 30 lying
1239 2454 21 18 at

670 2488 84 23 Petoni
766 2495 63 15 some
841 2486 76 23 weeks
929 2486 70 28 since,
1013 2486 22 22 in
1049 2484 136 31 attempting
1193 2489 22 17 to
1223 2488 37 26 get

669 2521 72 23 under
754 2521 83 30 weigh,
850 2527 28 16 on
888 2519 39 23 the
937 2518 113 32 approach
1063 2517 25 23 of
1102 2525 12 15 a
1133 2516 128 24 south-east

669 2554 67 29 wind,
750 2561 46 16 was
809 2554 77 23 driven
895 2561 29 15 on
933 2552 74 28 shore,
1017 2551 74 23 where
1099 2550 41 23 she
1148 2549 113 24 remained

670 2596 63 15 some
747 2587 64 23 time.
849 2586 46 24 She
908 2586 42 23 has
966 2585 57 23 been
1043 2589 42 26 put
1103 2585 21 21 in
1146 2584 81 29 charge
1240 2583 24 23 of

670 2621 99 31 Captain
777 2621 90 27 Moore,
879 2619 45 24 and
933 2618 47 24 Mr.
996 2618 100 28 Hunter,
1109 2617 66 23 ailed
1182 2617 30 30 by
1223 2617 47 22 the-

671 2653 60 24 Rev.
757 2653 51 24 Mr.
829 2653 81 24 Butler
934 2660 25 16 as
979 2652 143 30 interpreter,
1149 2650 55 23 with
1226 2650 36 23 the

670 2688 127 23 assistance
809 2687 26 23 of
844 2686 37 23 the
894 2686 94 28 natives,
1004 2683 124 25 succeeded
1141 2684 23 22 in
1176 2684 88 30 getting

671 2721 41 23 her
724 2721 69 23 afloat
804 2720 45 23 last
865 2719 72 24 week.
975 2718 47 23 She
1041 2719 20 21 is
1081 2717 122 31 uninjured
1221 2717 42 23 and

671 2754 21 23 is
705 2754 101 30 refitting
818 2753 35 23 for
865 2760 46 16 sea.
949 2752 29 23 In
985 2751 86 31 justice
1084 2755 22 18 to
1124 2758 43 15 our
1185 2751 75 22 excel-

671 2787 49 24 lent
731 2787 99 23 harbour
844 2793 32 16 we
888 2790 62 19 must
962 2793 41 22 say
1016 2786 49 22 that
1072 2789 23 18 to
1103 2783 39 24 the
1150 2784 113 24 heedless-

672 2829 53 16 ness
748 2820 26 23 of
795 2820 39 23 the
857 2819 44 23 late
927 2818 98 32 Captain
1046 2817 37 24 the
1102 2817 57 24 fault
1179 2817 25 22 of
1221 2817 43 23 this

672 2854 75 24 vessel
758 2854 91 29 getting
861 2852 80 23 ashore
954 2856 63 18 must
1028 2851 28 23 be
1069 2850 132 24 attributed.

707 2886 116 25 Vessels
848 2893 31 16 at
903 2885 105 23 Kapiti.
1023 2897 33 3 —
1068 2883 50 24 The
1145 2884 120 23 schooners

787 2919 45 25 and
1016 2917 55 23 both
1079 2917 34 23 for
1121 2917 130 30 Wanganui
1258 2925 5 19 ;

674 2952 37 25 the
722 2952 51 32 ship
817 2952 39 24 Sir
863 2951 103 24 William
1112 2950 85 23 whaler
1224 2949 43 24 and

674 2986 37 24 the
718 2987 87 30 barque
976 2984 46 24 and
1030 2985 37 22 the
1077 2984 52 31 brig

671 3020 55 24 both
740 3020 36 23 for
790 3019 101 29 Sydney.

844 3074 256 22 THERMOMETER.

856 3774 117 22 LATEST
988 3774 106 22 DATES.

679 3806 99 21 London
1048 3806 56 27 May
1131 3806 39 25 17,
1197 3806 71 20 1840.

681 3837 93 31 Sydney
1048 3836 64 31 Sept.
1131 3838 42 26 25,
1198 3838 70 21 1840.

680 3870 74 25 South
768 3869 118 25 Australia
1047 3869 65 32 Sept.
1150 3871 24 26 5,
1198 3871 70 22 18*0.

680 3904 54 23 Van
745 3903 119 24 Dieman's
864 3911 3 14 ;
877 3902 70 25 Land
966 3919 57 8 ....
1046 3903 65 31 Sept.
1147 3904 25 26 8,
1198 3902 70 23 1840.

682 3937 57 23 Port
750 3935 89 32 Phillip
1048 3935 64 31 Sept.
1133 3937 40 27 11,
1197 3935 71 23 IS-0.

1340 191 67 22 AND
1422 190 180 22 BRITANNIA
1618 188 186 23 SPECTATOR.

1407 245 131 24 Saturday,
1554 245 56 19 Oct.
1625 245 33 23 31,
1677 245 60 19 1840.

1314 313 50 23 The
1376 317 57 19 state
1446 313 24 23 of
1486 312 38 23 the
1537 319 90 24 survey,
1643 311 45 24 anJ
1708 311 38 23 the
1765 317 106 26 prospect

1280 356 25 23 of
1319 364 15 15 a
1344 364 45 15 mv.
1397 355 15 23 h
1423 355 75 31 larger
1510 355 105 31 quantity
1627 354 24 23 of
1667 354 53 24 land
1732 354 69 31 being
1812 362 57 23 open

1281 404 22 17 to
1316 398 106 23 selection
1434 398 54 23 than
1502 397 59 24 shall
1573 402 23 19 at
1608 404 43 24 any
1663 397 81 31 period
1755 397 29 23 be
1801 397 70 23 found

1281 447 22 18 to
1316 440 55 25 have
1383 441 57 23 been
1451 440 50 24 sold
1513 440 31 31 by
1556 440 37 23 the
1611 440 127 30 Company,
1758 447 39 15 are
1816 439 55 22 sub-

1279 485 58 30 jects
1349 484 70 30 likely
1429 484 78 22 before
1518 483 55 31 long
1580 488 24 18 to
1615 482 94 24 become
1721 482 25 23 of
1762 482 37 23 the
1813 486 60 19 most

1281 526 55 24 vital
1347 527 137 30 importance
1497 531 24 18 to
1534 525 44 23 this
1591 525 138 23 settlement.

1316 579 50 23 The
1379 584 57 18 town
1449 586 79 16 covers
1540 578 79 23 eleven
1629 577 106 23 hundred
1746 584 71 21 acres,
1829 576 43 23 and

1283 622 19 22 is
1314 622 22 22 in
1346 622 128 30 possession
1482 621 25 23 of
1517 621 30 23 its
1555 620 139 31 proprietors
1703 628 6 20 ;
1730 619 69 23 about
1811 619 62 23 three

1284 664 112 23 thousand
1407 672 63 15 acres
1482 663 26 24 of
1524 668 94 25 country
1630 662 55 23 land
1697 661 55 24 have
1761 661 47 24 also
1816 661 56 24 been

1283 706 165 32 appropriated,
1461 706 45 24 and
1517 708 24 21 in
1554 706 36 24 the
1610 713 80 16 course
1709 706 25 22 of
1754 713 14 15 a
1786 705 86 28 month,

1284 751 23 21 in
1318 750 30 22 all
1361 750 143 31 probability,
1518 750 58 22 from
1588 750 51 22 four
1658 753 23 19 to
1698 749 44 22 five
1763 748 111 23 thousand

1283 800 63 16 acres
1358 800 61 16 more
1431 792 46 23 will
1487 793 29 22 be
1528 800 57 24 open
1599 797 23 18 to
1634 792 118 23 selection.
1789 791 57 23 This
1856 791 18 23 is

1283 844 14 14 a
1309 835 64 24 small
1385 836 89 30 portion
1486 835 26 23 of
1528 835 38 23 the
1577 835 53 23 land
1643 835 91 30 already
1747 835 49 23 sold
1805 844 6 18 ;
1834 835 42 23 but

1284 886 32 15 we
1335 879 88 23 confess
1446 886 33 15 we
1503 878 103 23 consider
1630 877 51 23 that
1698 877 45 23 had
1763 884 32 15 we
1817 877 57 22 been

1284 920 94 25 enabled
1390 926 22 17 to
1425 920 76 23 obtain
1514 927 29 16 on
1556 919 83 24 arrival
1650 919 32 24 all
1700 927 25 15 or
1737 919 38 24 the
1787 924 89 26 greater

1282 968 53 27 part
1346 964 25 23 of
1386 963 37 23 the
1434 963 66 23 lands
1512 967 24 19 to
1549 962 73 24 which
1633 970 33 16 we
1679 970 38 16 are
1736 962 103 28 entitled,
1859 962 17 23 it

1284 1007 74 23 would
1369 1007 56 23 have
1437 1007 59 23 been
1509 1011 22 18 to
1545 1014 40 16 our
1597 1006 77 31 injury
1686 1006 77 23 rather
1773 1005 53 24 than
1835 1006 39 22 ad-

1284 1055 104 26 vantage.
1423 1049 36 24 To
1477 1049 46 23 this
1542 1049 57 23 hour
1611 1049 37 23 the
1660 1049 84 31 supply
1756 1049 25 23 of
1796 1049 79 23 labour

1284 1093 42 23 has
1337 1094 57 22 been
1406 1100 53 24 very
1472 1092 75 28 small,
1560 1092 44 23 and
1622 1092 37 23 the
1677 1091 103 24 fruitless
1798 1091 78 24 efforts

1285 1141 22 18 to
1326 1136 75 23 obtain
1420 1135 118 24 workmen
1557 1134 72 24 which
1648 1134 76 23 would
1743 1134 56 23 have
1817 1134 59 23 been

1284 1178 73 29 made,
1377 1183 62 19 must
1455 1178 58 23 have
1532 1178 58 23 been
1612 1178 72 30 solely
1703 1177 133 31 productive
1855 1178 25 22 of

1284 1221 43 24 evil
1336 1232 7 19 ;
1363 1221 43 24 and
1417 1221 19 23 it
1448 1223 19 21 is
1479 1221 35 23 for
1527 1221 46 23 this
1587 1228 82 16 reason
1688 1228 33 15 we
1740 1220 66 23 think
1827 1220 50 23 that

1285 1265 37 22 the
1340 1264 109 32 principle
1470 1265 25 22 of
1517 1264 170 23 concentration
1710 1263 42 23 has
1770 1263 58 23 been
1846 1263 31 31 by

1284 1309 175 23 circumstances
1476 1308 94 30 happily
1587 1307 78 23 forced
1684 1314 61 24 upon
1763 1315 33 15 us.
1832 1306 45 23 We

1284 1359 38 15 are
1331 1359 72 16 aware
1415 1351 52 23 that
1476 1359 85 22 among
1571 1358 28 15 us
1610 1350 63 23 there
1682 1357 37 16 are
1728 1357 62 16 some
1797 1349 80 31 highly

1284 1394 138 31 respectable
1435 1394 43 23 anil
1492 1394 93 31 capable
1596 1401 106 23 persons,
1711 1392 49 23 who
1772 1392 43 24 feel
1829 1392 50 23 that

1284 1438 38 23 the
1334 1438 189 30 non-possession
1539 1437 25 24 of
1579 1437 59 23 their
1655 1437 55 23 land
1728 1436 42 24 has
1789 1437 57 23 been
1865 1444 13 16 a

1284 1482 87 23 serious
1383 1481 120 23 drawback
1512 1489 7 20 ;
1545 1482 23 22 in
1580 1480 73 24 which
1672 1479 94 31 feeling,
1788 1480 34 23 for
1840 1479 38 24 the

1284 1532 80 16 reason
1377 1524 130 31 expressed,
1524 1531 32 16 we
1569 1528 82 19 cannot
1662 1531 78 23 agree.

1317 1576 44 25 We
1373 1585 59 23 may,
1444 1577 114 29 however,
1571 1584 49 16 now
1634 1576 66 31 fairly
1712 1575 55 24 look
1779 1575 98 24 forward

1284 1625 23 19 to
1329 1629 14 15 a
1366 1625 104 19 constant
1488 1625 85 18 stream
1594 1620 27 22 of
1641 1620 154 29 immigration
1820 1618 59 24 from

1285 1664 100 31 Europe,
1405 1663 44 23 and
1467 1664 18 22 it
1502 1663 19 23 is
1536 1662 133 32 essentially
1688 1670 122 22 necessary
1830 1662 50 23 that

1285 1715 36 16 we
1332 1707 81 23 should
1424 1707 28 23 be
1464 1707 111 31 prepared
1587 1711 23 18 to
1622 1706 83 23 absorb
1723 1706 47 23 this
1788 1706 91 23 labour'

1284 1758 25 16 or
1321 1751 18 23 it
1350 1758 52 23 may
1413 1750 28 23 be
1453 1750 45 23 lost
1510 1754 23 19 to
1545 1750 38 23 the
1595 1749 142 24 settlement.

1319 1804 51 24 The
1378 1808 94 26 country
1480 1803 70 24 about
1558 1803 58 24 Port
1629 1802 127 24 Nicholson
1763 1803 20 22 is
1791 1801 89 24 thrown

1285 1849 47 22 into
1345 1848 65 23 small
1422 1852 64 26 steep
1497 1846 55 24 hills
1570 1847 65 30 lying
1653 1846 86 30 closely
1760 1844 104 32 together
1873 1855 6 19 ;

1286 1891 44 24 and
1354 1891 37 24 the
1411 1890 54 24 land
1488 1895 38 26 yet
1549 1889 108 32 explored
1681 1889 21 23 is
1720 1889 72 23 found
1811 1894 23 18 to
1853 1889 28 23 be

1287 1935 88 30 heavily
1392 1933 94 24 covered
1505 1933 54 23 with
1578 1933 47 23 fine
1643 1933 71 28 wood,
1735 1931 113 24 entwined
1850 1944 33 5 —

1286 1985 34 13 we
1331 1985 52 20 may
1394 1984 48 20 say,
1455 1975 87 22 matted
1543 1988 32 4 —
1575 1975 54 22 with
1645 1975 132 29 parasitical
1794 1975 85 28 plants.

1288 2016 100 24 Persons
1402 2016 68 30 leally
1482 2016 136 30 acquainted
1631 2015 54 22 with
1699 2016 131 29 surveying,
1844 2022 27 15 ca

1288 2059 102 23 estimate
1403 2058 37 23 the
1460 2058 111 31 difficulty
1590 2057 27 24 of
1636 2057 89 31 finding
1744 2056 137 32 practicable
1891 2067 2 13 ;

1288 2102 74 28 roads,
1377 2101 44 24 and
1435 2101 96 30 making
1549 2109 14 15 a
1581 2100 125 24 connected
1724 2108 91 22 survey,
1832 2100 23 22 in
1870 2107 13 16 a
1891 2096 2 32 j

1288 2149 95 26 country
1404 2143 122 32 possessed
1549 2144 26 23 of
1601 2143 56 23 such
1676 2143 110 23 features.
1824 2142 58 24 This

1286 2180 61 36 land,
1359 2188 111 28 however,
1484 2187 70 31 being
1567 2185 146 32 remarkably
1732 2186 82 29 fertile,
1836 2185 47 23 and

1288 2230 104 32 adjacent
1403 2235 22 18 to
1438 2230 37 23 the
1488 2234 69 23 town,
1575 2229 141 31 proprietors
1728 2237 38 15 are
1779 2229 104 22 desirous

1288 2274 25 23 of
1328 2274 116 30 obtaining
1455 2274 19 22 it
1492 2277 24 18 at
1535 2272 38 24 the
1592 2272 93 23 earliest
1704 2271 85 31 period,
1809 2271 74 23 which

1288 2316 80 25 makes
1380 2317 17 23 it
1409 2324 122 22 necessary
1543 2320 23 19 to
1583 2319 122 28 prosecute
1716 2314 47 24 this
1775 2322 90 23 survey.

1322 2369 51 25 The
1385 2369 117 23 Taranaki
1515 2373 95 26 country
1622 2368 42 23 has
1684 2368 58 22 been
1761 2367 120 23 examined

1277 2404 2 36 |
1287 2413 31 31 by
1330 2421 14 15 a
1356 2413 87 31 portion
1456 2412 26 23 of
1497 2411 39 24 the
1549 2411 255 31 Surveyor-General's
1824 2411 60 32 staff,

1288 2455 44 24 and
1356 2456 29 30 by
1408 2455 64 23 other
1496 2460 129 26 competent
1647 2462 105 24 persons,
1777 2454 44 23 and
1846 2453 38 24 the

1289 2499 91 31 opinion
1392 2505 32 16 we
1436 2498 87 23 believe
1535 2498 53 23 held
1601 2497 96 24 without
1714 2505 30 16 an
1763 2497 121 31 exception

1289 2543 28 27 is,
1336 2542 49 23 that
1403 2542 17 22 it
1439 2542 19 22 is
1477 2549 14 15 a
1513 2541 80 32 highly
1615 2541 75 23 fertile
1713 2541 50 23 fern
1786 2540 98 29 district,

1289 2584 138 31 moderately
1439 2585 104 31 supplied
1557 2585 54 23 with
1625 2584 73 28 wood,
1718 2584 45 24 and
1780 2584 26 23 of
1820 2591 66 24 great

1290 2632 87 19 extent.
1403 2627 38 24 An
1449 2627 150 31 agricultural
1606 2627 132 31 gentlemen
1747 2627 49 24 well
1808 2627 78 31 quali-

1291 2671 44 24 fied
1347 2677 22 18 to
1382 2679 92 23 express
1486 2678 29 15 an
1529 2672 92 30 opinion
1633 2678 29 15 on
1677 2671 38 22 the
1728 2671 98 31 subject,
1837 2670 51 23 who

1291 2714 160 31 accompanied
1463 2714 38 23 the
1514 2714 120 30 exploring
1644 2718 75 26 party,
1739 2713 42 23 has
1799 2712 89 24 further

1293 2757 73 23 stated
1378 2757 48 23 that
1437 2758 18 22 it
1467 2757 19 23 is
1499 2756 77 31 highly
1591 2756 63 23 fitted
1668 2756 34 23 for
1710 2756 39 23 the
1757 2755 131 24 immediate

1293 2801 147 31 depasturing
1463 2800 25 23 of
1510 2799 68 24 herds
1602 2799 44 24 and
1669 2799 82 28 flocks,
1772 2799 43 23 and
1839 2799 49 23 that

1292 2844 85 30 having
1399 2843 145 31 permission,
1568 2843 46 23 and
1636 2842 164 32 accompanied
1821 2842 32 30 by
1876 2850 14 15 a

1294 2887 71 24 dozen
1378 2887 63 24 other
1453 2887 125 28 Colonists,
1597 2886 30 23 be
1638 2885 76 24 wouM
1726 2886 28 23 be
1767 2886 86 30 willing
1866 2890 23 19 to

1295 2937 127 17 commence
1435 2930 37 23 the
1485 2929 62 23 work
1561 2930 25 22 of
1601 2929 132 23 settlement
1743 2928 63 24 there
1813 2928 75 24 forth-

1295 2973 62 24 with.
1394 2973 22 24 It
1429 2973 19 23 is
1460 2973 54 30 only
1522 2980 120 23 necessary
1651 2978 23 18 to
1683 2973 55 23 hear
1745 2973 63 23 these
1817 2977 71 18 state-

1295 3022 82 24 ments,
1389 3021 22 18 to
1424 3016 43 24 feel
1480 3016 50 23 that
1548 3017 19 22 is
1586 3016 38 23 the
1643 3016 112 23 direction
1775 3020 21 19 to
1817 3015 73 23 which

1296 3069 40 16 our
1348 3060 111 24 attention
1470 3059 83 24 should
1565 3060 28 23 be
1613 3059 90 23 turned.
1740 3058 44 24 We
1803 3058 87 23 believe

1297 3104 49 23 that
1364 3103 65 23 while
1445 3107 86 26 twenty
1550 3102 113 23 thousand
1683 3109 63 16 acres
1765 3109 38 15 are
1821 3100 70 31 being

1296 3147 111 30 surveyed
1417 3147 72 28 here,-
1498 3146 64 23 three
1580 3145 106 24 hundred
1705 3144 120 28 thousand,
1846 3143 44 23 and

1296 3190 101 31 possibly
1408 3198 72 20 more,
1489 3189 67 24 could
1566 3189 30 24 be
1604 3188 112 31 surveyed
1724 3192 24 19 at
1755 3186 117 26 Taranaki
1881 3196 6 19 ;

1298 3233 43 23 and
1363 3232 65 24 when
1451 3232 39 24 the
1514 3232 79 23 settler
1611 3232 91 23 obtains
1724 3231 37 23 his
1780 3230 61 29 land,
1861 3230 29 23 he

1298 3284 41 16 can
1350 3276 67 30 bring
1429 3276 18 23 it
1458 3276 48 23 into
1519 3275 132 24 cultivation
1664 3273 161 31 immediately,
1846 3273 44 24 and

1298 3324 23 18 at
1339 3319 67 23 much
1425 3318 46 24 less
1494 3323 49 18 cost
1565 3318 55 22 than
1642 3316 30 24 he
1697 3316 67 24 could
1785 3321 24 18 at
1833 3316 58 23 Port

1298 3362 134 24 Nicholson.
1469 3361 70 23 Were
1550 3361 46 23 this
1609 3360 89 23 district
1709 3364 24 19 at
1740 3367 55 16 once
1803 3359 88 32 opened

1299 3410 22 19 to
1340 3405 97 28 settlers,
1456 3412 70 22 many
1550 3403 74 24 would
1646 3410 98 24 arrange
1768 3408 21 18 to
1814 3403 76 23 obtain

1298 3448 67 25 stock
1376 3447 44 25 and
1431 3448 70 30 sheep
1514 3446 57 24 from
1583 3446 58 24 New
1654 3446 75 23 South
1742 3446 85 28 Wales,
1846 3446 45 24 and

1298 3492 38 24 the
1349 3499 79 17 season
1441 3490 44 24 and
1496 3491 75 30 prices
1583 3497 38 16 are
1637 3490 63 23 alike
1719 3489 130 24 favourable
1867 3495 24 19 to

1298 3535 57 24 such
1363 3533 169 32 anenterprise.
1563 3532 109 32 Possibly
1680 3540 69 23 many
1757 3533 134 24 Australian

1369 3582 96 20 masters
1478 3577 76 23 would
1566 3577 30 23 be
1614 3575 100 25 inclined
1733 3580 22 18 to
1774 3576 117 24 introduce

1299 3623 65 24 stock
1373 3631 5 20 ;
1398 3621 20 24 if
1433 3629 33 20 so,
1480 3628 69 22 every
1561 3623 191 27 encouragement
1764 3619 80 23 should
1862 3620 29 23 be

1298 3664 99 26 afforded
1409 3669 22 18 to
1443 3670 96 25 persons
1550 3661 100 25 inclined
1661 3667 22 18 to
1691 3662 92 31 provide
1790 3671 14 14 a
1812 3670 79 16 source

1299 3709 25 24 of
1338 3707 82 25 wealth
1431 3715 25 16 so
1468 3710 66 28 great
1545 3706 45 23 and
1601 3706 139 23 immediate.

1332 3760 116 26 Taranaki
1459 3760 45 24 and
1511 3759 131 31 Wanganui
1654 3759 75 31 might
1739 3759 29 24 be
1780 3759 111 31 surveyed

1299 3803 123 37 conjointly
1440 3803 55 24 with
1514 3810 42 16 our
1573 3802 58 24 local
1650 3810 83 23 survey
1744 3811 5 19 ;
1776 3801 44 25 and
1840 3801 18 24 if
1878 3810 14 15 a

1299 3848 73 25 vessel
1385 3855 57 16 were
1455 3847 57 31 kept
1523 3854 59 24 upon
1598 3845 38 24 the
1650 3850 64 19 coast
1725 3850 24 19 to
1761 3854 64 22 carry
1838 3853 53 23 pas-

1299 3897 93 24 sengers
1410 3894 24 19 at
1452 3897 13 15 a
1483 3889 116 24 moderate
1618 3888 92 31 charge,
1730 3895 68 23 many
1817 3887 75 24 would

1298 3938 94 25 prepare
1404 3934 23 19 to
1438 3930 99 30 proceed
1548 3935 23 17 to
1583 3930 49 23 that
1641 3930 129 30 promising
1777 3930 114 28 territory,

519 57 103 34 THE
644 56 114 33 NEW
782 54 231 33 ZEALAND
1036 49 229 35 GAZETTE
1288 48 101 32 AND
1413 45 278 33 BRITANNIA
1713 43 296 32 SPECTATOR.

1897 127 43 23 and
1957 124 117 24 increased
2093 125 94 29 activity
2206 124 45 23 and
2271 124 80 29 vigour
2372 123 73 23 would
2462 122 27 22 be

1897 169 66 29 given
1975 173 24 18 to
2013 167 58 23 Port
2081 165 137 25 Nicholson.

1931 231 51 24 The
1994 231 120 30 Company
2126 229 42 23 has
2180 233 23 18 at
2217 228 30 23 all
2258 229 68 22 times
2340 226 79 24 shown
2429 226 66 23 itself

1898 271 57 24 alive
1974 276 23 18 to
2017 278 41 15 our
2077 270 51 22 best
2146 270 115 27 interests,
2282 268 44 23 and
2338 275 34 16 we
2382 266 58 25 have
2452 266 41 24 felt

1899 312 49 23 that
1971 311 18 23 it
2013 311 19 22 is
2055 310 54 30 only
2133 317 121 22 necessary
2279 313 22 18 to
2325 308 109 23 convince
2455 306 39 24 the

1900 351 117 23 Directors
2031 350 24 22 of
2065 349 38 23 the
2115 350 116 30 propriety
2246 348 25 24 of
2281 356 44 23 any
2338 353 58 25 step,
2410 345 79 25 within

1899 392 58 22 their
1970 398 81 24 power,
2064 395 23 17 to
2100 397 68 15 cause
2180 390 18 21 it
2210 394 23 18 to
2247 389 27 23 be
2287 388 79 23 taken.
2410 386 82 25 Under

1900 431 45 23 this
1961 430 92 30 feeling,
2074 437 33 15 we
2126 436 63 15 some
2209 429 55 22 time
2282 428 62 23 since
2363 426 90 24 alluded
2471 431 22 18 to

1902 471 36 23 the
1949 474 65 27 great
2025 469 59 31 good
2097 468 74 23 which
2184 468 74 23 would
2271 468 72 23 result
2355 472 23 19 to
2390 466 46 24 this
2444 471 47 18 set-

1902 511 93 23 tlement
2008 510 18 22 if
2036 510 53 29 they
2102 508 74 24 would
2187 509 114 30 purchase
2314 507 44 24 and
2371 507 54 23 send
2439 506 55 24 here

1901 558 62 15 some
1975 550 65 22 small
2053 549 87 23 vessels
2152 548 63 23 fitted
2229 549 34 22 lor
2272 548 38 23 the
2318 552 95 26 country
2422 546 72 28 trade,

1903 590 32 22 for
1944 590 45 22 sale
1998 597 24 15 or
2031 589 97 23 charter.
2162 588 41 23 We
2211 588 57 23 have
2277 595 81 16 reason
2367 593 22 17 to
2398 586 95 28 believe,

1903 631 19 22 if
1945 631 18 22 it
1987 638 57 15 were
2064 629 83 23 known
2172 628 46 23 this
2244 628 56 23 Port
2325 627 66 24 could
2413 628 82 30 satisfy

1902 670 29 23 all
1944 670 37 23 the
1994 670 105 31 ordinary
2112 673 73 19 wants
2199 668 26 23 of
2239 676 14 15 a
2271 668 62 31 large
2353 668 96 23 number
2469 667 26 23 of

1903 710 99 31 whaling
2013 710 85 23 vessels
2118 714 24 18 at
2162 708 91 31 Sydney
2274 714 68 22 rates,
2368 708 49 23 that
2434 708 60 23 from

1904 752 60 29 sixty
1976 757 23 17 to
2011 759 43 15 one
2065 750 105 24 hundred
2180 750 75 24 would
2264 750 28 23 be
2300 750 70 23 found
2379 755 21 17 to
2408 750 89 23 refresh

1903 791 52 22 here
1968 792 23 22 in
2004 791 37 23 the
2055 799 90 15 season.
2181 791 45 23 We
2238 790 87 24 believe
2338 790 39 23 the
2388 790 71 31 profit
2467 798 28 15 on

1904 832 126 29 provisions
2050 831 57 23 from
2126 831 95 32 Europe
2234 832 19 22 is
2272 836 41 18 not
2332 839 26 15 so
2377 836 65 25 great
2453 839 43 15 nor

1905 872 84 22 certain
2002 880 23 14 as
2034 879 61 23 upon
2104 879 67 23 many
2180 872 66 23 other
2254 872 93 23 articles
2356 880 5 19 ;
2382 879 32 16 we
2422 872 72 22 doubt

1904 916 46 23 not,
1970 911 113 28 however,
2100 913 33 22 20
2152 915 23 19 to
2195 913 31 22 25
2246 919 42 23 per
2307 915 61 19 cent,
2380 912 75 31 might
2467 911 29 24 be

1905 951 68 23 relied
1998 959 69 24 upon,
2091 952 46 23 and
2156 951 88 31 though
2262 951 47 23 this
2330 952 73 30 might
2415 957 42 18 not
2467 952 30 23 be

1904 992 114 23 sufficient
2031 997 22 18 to
2066 992 81 31 satisfy
2158 992 38 23 the
2203 992 89 31 private
2302 991 81 29 trader,
2397 992 17 23 it
2421 992 76 23 would

1904 1033 28 22 be
1950 1040 30 16 an
1999 1032 75 31 ample
2093 1038 77 18 return
2188 1037 24 19 to
2224 1032 38 23 the
2275 1032 77 31 outlay
2366 1032 25 23 of
2399 1040 14 15 a
2425 1032 70 24 Com-

1905 1080 68 23 pany.
2016 1073 45 23 We
2080 1073 75 23 would
2173 1073 146 23 recommend
2338 1075 62 25 then,
2424 1072 21 23 if
2460 1072 38 23 the

1905 1113 131 23 mercantile
2060 1113 108 23 interests
2194 1113 24 23 in
2242 1112 109 31 England
2373 1112 125 23 connected

1905 1152 52 23 with
1971 1152 45 24 this
2029 1157 51 26 port
2091 1153 28 23 do
2133 1157 39 19 not
2184 1153 62 23 show
2259 1160 14 15 a
2285 1152 175 24 determination
2472 1157 24 18 to

1905 1192 81 32 supply
2006 1200 27 16 us
2051 1193 54 23 with
2126 1192 99 29 articles,
2246 1193 73 23 which
2340 1193 29 30 by
2388 1193 109 30 securing

1906 1233 37 23 the
1966 1233 101 30 whaling
2084 1233 65 31 ships
2168 1238 22 18 to
2208 1234 38 22 the
2259 1238 59 26 port,
2332 1233 73 23 w,ould
2417 1234 29 22 be
2459 1233 38 23 the

1906 1281 67 15 cause
1997 1274 25 23 of
2042 1274 58 23 from
2124 1275 115 27 £30,000
2258 1278 24 21 to
2301 1274 114 27 £50,000
2428 1274 70 29 being

1906 1314 118 31 expended
2031 1314 62 27 here,
2107 1316 51 21 that
2165 1314 37 23 the
2211 1314 120 31 Company
2341 1313 81 24 should
2431 1313 68 23 make

1907 1354 43 23 this
1964 1362 28 16 an
2005 1354 97 31 especial
2114 1359 52 26 part
2173 1355 25 24 of
2205 1354 59 23 their
2271 1355 108 23 business
2392 1354 33 23 for
2435 1361 64 16 some

1906 1402 74 23 years.

1940 1447 51 25 The
2009 1448 96 23 absence
2125 1449 27 22 of
2172 1456 42 15 our
2233 1449 73 22 active
2325 1448 45 23 and
2388 1448 113 24 excellent

1907 1488 139 31 magistrate,
2061 1488 48 23 Mr.
2131 1488 103 31 Murphy
2246 1488 42 23 has
2300 1488 56 23 been
2370 1489 68 23 much
2450 1488 50 24 felt.

1909 1528 72 31 Many
1992 1536 103 23 persons,
2109 1529 123 30 especially
2245 1528 124 24 connected
2374 1529 54 23 with
2436 1529 64 30 ship-

1908 1569 62 30 ping,
1991 1568 85 30 having
2093 1568 37 23 the
2149 1568 134 31 knowledge
2297 1569 48 22 that
2357 1576 29 15 no
2403 1573 99 18 warrant

1909 1608 65 24 could
1987 1616 49 15 now
2049 1609 28 22 be
2090 1609 113 25 obtained,
2218 1609 59 23 have
2289 1609 125 23 conducted
2427 1608 75 24 them-

1909 1642 73 23 selves
2005 1642 24 23 in
2050 1650 13 14 a
2086 1646 61 19 most
2168 1642 87 23 riotous
2279 1642 44 23 and
2347 1642 153 30 unbecoming

1909 1682 102 16 manner.
2048 1674 43 24 We
2105 1675 71 23 doubt
2183 1682 41 16 not
2231 1675 38 24 the
2278 1677 53 22 visit
2339 1675 48 23 Mr.
2398 1675 103 31 Murphy

1911 1708 18 23 is
1941 1716 50 15 now
2010 1708 95 31 making
2124 1716 29 15 on
2172 1708 38 24 the
2230 1714 63 17 coast
2311 1709 47 22 will
2375 1708 28 24 be
2420 1708 82 31 highly

1909 1741 132 31 productive
2060 1742 24 22 of
2105 1750 69 23 peace
2196 1742 45 23 and
2258 1742 60 31 good
2337 1742 66 23 order
2421 1743 24 21 in
2465 1742 39 22 the

1911 1775 83 22 Straits
2006 1775 113 23 hereafter
2128 1784 6 14 :
2152 1775 41 23 but
2205 1783 25 15 as
2242 1776 18 22 it
2271 1783 52 23 may
2335 1776 29 22 be
2382 1782 121 23 necessary

1911 1813 22 17 at
1940 1816 44 23 any
1994 1813 97 18 moment
2098 1808 49 23 that
2154 1809 103 23 asimilar
2265 1809 54 23 visit
2326 1814 61 18 must
2394 1808 27 24 be
2430 1808 74 28 nWe,

1910 1842 18 21 it.
1938 1842 20 22 is
1978 1841 126 28 absolutely
2123 1849 122 23 necessary
2264 1841 48 24 that
2332 1842 47 23 Mr.
2400 1842 104 32 Murphy

1911 1874 81 23 should
2004 1874 56 24 have
2073 1883 14 15 a
2098 1875 118 31 coadjutor
2224 1875 162 31 immediately.
2413 1875 44 23 We
2465 1884 38 15 are

1911 1915 71 16 aware
1996 1909 49 22 that
2058 1908 46 23 Mr.
2119 1908 130 28 Robinson,
2263 1908 49 24 who
2323 1909 99 23 remains
2435 1914 24 17 at
2467 1910 37 22 the

1912 1940 89 24 French
2009 1941 138 28 settlement,
2157 1949 45 16 was
2211 1947 21 17 to
2241 1942 57 23 have
2305 1942 87 23 resided
2399 1947 106 26 amongst

1910 1980 34 20 us;
1958 1975 45 21 and
2015 1975 19 22 if
2050 1975 35 22 his
2097 1980 52 23 stay
2159 1975 18 22 is
2190 1980 23 17 to
2231 1975 27 22 be
2273 1975 25 22 of
2309 1976 66 27 Jojig
2391 1976 113 25 duration,

1911 2012 31 15 we
1955 2009 59 18 trust
2028 2004 46 22 His
2087 2005 141 30 Excellency
2239 2005 97 30 Captain
2351 2005 95 23 Hobson
2460 2006 44 23 will

1911 2044 25 15 so
1947 2044 56 15 soon
2016 2044 25 16 as
2053 2038 101 29 possible
2171 2037 84 30 supply
2276 2045 40 15 our
2336 2044 81 24 urgent
2436 2044 68 18 want.

1895 2067 2 28 i
1911 2069 43 23 We
1967 2070 73 23 would
2052 2076 96 24 suggest
2160 2070 37 23 the
2206 2070 85 31 justice
2304 2070 43 24 and
2361 2072 113 31 propriety
2483 2072 26 23 of

1895 2096 3 16 '
1911 2103 92 31 putting
2014 2110 63 16 some
2090 2103 24 23 of
2131 2103 37 23 the
2180 2104 130 30 gentlemen
2330 2104 102 32 residing
2452 2105 53 23 here

1912 2137 23 22 in
1947 2136 38 23 the
1998 2136 146 23 commission
2156 2137 25 22 of
2197 2137 38 23 the
2246 2145 78 23 peace.

1944 2194 40 23 An
1998 2199 88 18 extract
2097 2194 59 24 from
2168 2203 14 14 a
2193 2195 67 23 letter
2273 2196 90 22 written
2375 2195 30 31 by
2417 2204 13 15 a
2449 2204 56 23 gen-

1913 2234 85 24 tleman
2017 2243 29 15 on
2066 2235 71 23 board
2157 2235 38 23 the
2413 2236 46 23 will
2478 2236 27 24 be

1913 2275 69 23 found
1996 2276 22 22 iv
2031 2283 41 15 our
2084 2283 77 23 paper,
2175 2276 30 30 by
2218 2276 75 22 which
2305 2277 17 22 it
2342 2284 96 23 appears
2457 2276 49 24 that

1914 2315 37 23 the
1964 2320 77 26 report
2052 2316 26 22 of
2093 2316 136 23 murderous
2248 2317 151 30 proceedings
2419 2325 29 15 on
2467 2316 37 24 the

1913 2354 51 25 part
1977 2349 25 22 of
2010 2349 39 22 the
2062 2350 88 22 natives
2162 2354 23 18 at
2198 2349 90 31 Cloudy
2302 2350 49 30 Bay
2364 2350 20 23 is
2391 2350 114 23 unfound-

1898 2385 2 29 [
1914 2382 35 23 cd.
1986 2382 59 23 This
2058 2382 44 23 will
2116 2382 129 31 disappoint
2257 2391 63 15 some
2333 2383 26 23 of
2372 2391 41 16 our
2425 2383 81 32 neigh-

1898 2420 2 17 I
1914 2415 77 29 hours,
2011 2415 49 23 who
2081 2423 32 16 we
2137 2417 75 22 notice
2234 2417 110 30 carefully
2363 2417 81 23 collect
2463 2416 44 24 and

1898 2458 3 14 I
1914 2449 80 23 record
2006 2457 67 22 every
2086 2454 124 18 statement
2220 2449 94 23 relative
2328 2455 23 17 to
2365 2455 106 26 outrages
2485 2451 22 22 in

1898 2476 3 31 !
1916 2482 55 23 New
1992 2482 108 23 Zealand.
2139 2483 24 22 It
2180 2483 76 23 would
2275 2483 27 23 be
2316 2484 113 23 fortunate
2441 2484 19 23 if
2470 2483 37 23 the

1915 2515 160 23 Australasian
2088 2517 89 22 natives
2189 2524 59 16 were
2269 2524 26 16 as
2312 2516 131 31 intelligent
2462 2516 45 24 and

1915 2549 46 22 free
1985 2549 59 23 from
2064 2557 96 16 censure
2179 2557 26 16 as
2224 2549 38 24 the
2285 2550 57 23 New
2361 2550 146 23 Zealanders.

1947 2610 46 23 We
2004 2618 39 16 are
2056 2610 111 24 informed
2180 2610 50 24 that
2238 2610 38 23 the
2290 2610 90 24 French
2389 2617 23 17 at
2421 2611 87 23 Banks'

1917 2650 127 23 Peninsula
2066 2658 38 15 are
2128 2650 75 31 busily
2228 2650 120 31 employed
2372 2656 91 26 putting
2486 2651 23 23 in

1916 2698 80 23 crops;
2017 2690 49 23 that
2088 2690 21 22 if
2130 2698 40 15 our
2191 2690 159 24 Government
2362 2690 66 24 allow
2448 2691 60 23 them

1898 2727 4 25 \
1916 2724 139 30 possession,
2076 2728 84 26 twenty
2180 2723 115 24 thousand
2313 2732 96 23 persons
2429 2732 38 15 are
2486 2730 23 17 to

1901 2761 2 6 '
1917 2757 73 23 arrive
2013 2757 64 22 there
2102 2758 57 22 from
2179 2756 90 24 France
2284 2757 107 31 annually
2410 2758 36 23 for
2464 2758 45 23 five

1917 2798 74 23 years.,
2014 2790 45 23 and
2071 2790 49 23 that
2133 2790 59 23 their
2206 2791 57 23 Port
2281 2791 21 22 is
2321 2796 22 18 to
2363 2791 26 22 be
2407 2792 49 22 free
2474 2791 34 22 for

1918 2829 83 26 twenty
2020 2831 75 24 years.

1952 2885 51 24 The
2015 2890 82 18 streets
2110 2885 46 23 and
2167 2886 75 30 quays'
2249 2885 59 24 have
2317 2885 31 24 all
2356 2886 57 23 been
2421 2884 90 29 named,

1918 2925 43 24 and
1980 2933 59 16 were
2059 2925 53 31 they
2131 2933 49 16 now
2201 2926 111 31 correctly
2329 2926 140 30 designated,
2493 2925 17 24 it

1919 2966 73 24 would
2003 2966 110 32 probably
2121 2972 96 26 prevent
2225 2974 63 15 some
2297 2966 127 25 confusion.
2460 2966 49 24 The

1919 3008 78 15 names
2009 3007 42 15 can
2064 2999 28 23 be
2105 2999 45 23 had
2161 3004 25 18 at
2200 2999 39 23 the
2258 2999 128 31 Surveyor-
2389 2999 120 25 General's

1919 3033 65 23 office
1991 3041 6 20 ;
2017 3032 45 23 and
2070 3032 20 23 if
2097 3032 86 31 parties
2191 3031 76 24 would
2274 3032 51 23 date
2334 3033 112 31 correctly
2454 3033 55 23 from

1891 3076 2 3 ■
1919 3065 58 24 their
1989 3065 63 32 place
2065 3065 25 23 of
2099 3065 125 28 residence,
2238 3064 38 24 the
2289 3073 78 16 names
2376 3066 74 24 would
2458 3073 51 16 «oon

1891 3109 2 19 ;
1918 3100 28 23 be
1958 3098 128 24 associated
2097 3099 25 22 in
2140 3098 37 23 the
2196 3106 104 23 memory
2318 3099 27 23 of
2362 3099 29 23 all
2410 3100 97 23 settlers.

1952 3155 51 25 The
2015 3156 122 30 subjoined
2149 3157 19 22 is
2180 3164 30 15 an
2221 3161 89 19 extract
2325 3156 60 24 from
2397 3156 37 24 the
2446 3156 65 23 letter

1919 3197 25 23 of
1958 3205 14 14 a
1984 3196 130 31 gentleman
2128 3204 28 16 on
2163 3196 72 24 board
2243 3196 26 24 of
2279 3196 37 24 the

1891 3239 2 13 1
1919 3237 66 23 dated
1997 3237 59 23 from
2069 3236 90 33 Kapiti,
2173 3238 61 23 24th
2246 3238 101 24 October
2356 3246 7 15 :
2365 3250 32 5 —

1891 3274 2 22 [
1938 3276 33 17 We
1978 3276 70 17 arrived
2057 3276 42 17 here
2105 3276 37 17 last
2153 3277 59 20 night,
2224 3277 47 16 after
2281 3281 12 12 a
2300 3278 39 19 stay
2346 3278 19 15 at
2373 3276 68 21 Cloudy
2449 3276 37 19 Bay
2493 3279 16 12 o;

1918 3297 50 17 three
1976 3298 49 20 days.
2048 3297 51 17 After
2106 3302 12 12 a
2125 3298 33 16 full
2165 3298 78 20 enquiry
2250 3298 39 16 into
2300 3298 30 16 the
2342 3297 139 17 circumstances
2493 3296 20 16 of

1891 3324 2 15 ;
1918 3318 31 17 the
1956 3318 54 17 death
2018 3318 20 17 of
2048 3318 80 17 William
2135 3318 67 17 Wilton
2215 3319 35 16 and
2262 3320 56 19 party,
2333 3318 11 17 I
2357 3322 29 12 am
2397 3318 42 20 glad
2451 3319 17 14 to
2480 3321 31 16 say

1918 3339 39 17 that
1964 3340 51 16 there
2024 3339 16 17 is
2048 3342 32 14 not
2091 3340 33 16 the
2135 3339 85 21 slightest
2232 3340 65 19 charge
2308 3339 71 20 against
2390 3339 32 16 the
2434 3338 77 16 natives.

1891 3360 2 23 [
1918 3361 58 16 There
1984 3365 46 12 were
2038 3363 62 18 strong
2107 3361 80 20 grounds
2194 3361 21 16 of
2224 3359 97 21 suspicion,
2328 3360 33 15 but
2368 3359 42 21 they
2415 3363 46 13 were
2465 3358 44 20 fully

1919 3381 70 17 cleared
2003 3386 30 16 up.
2055 3381 50 20 They
2119 3386 52 12 arose
2184 3380 108 22 principally
2305 3380 47 17 from
2369 3380 31 17 the
2414 3379 63 22 people
2492 3380 17 15 at

1891 3412 2 14 I
1919 3402 68 20 Cloudy
1994 3403 39 20 Bay
2039 3404 32 15 not
2078 3402 47 21 fully
2132 3401 145 21 understanding
2284 3402 30 16 the
2321 3401 94 21 language,
2427 3400 35 17 and
2469 3403 41 13 con-

1919 3423 88 21 founding
2015 3424 30 15 the
2053 3425 65 14 events
2126 3423 21 16 of
2156 3424 34 15 two
2198 3423 50 20 days.

1891 3446 2 14 I
1940 3444 32 17 We
1980 3449 36 12 saw
2024 3448 45 17 your
2076 3444 59 16 friend
2144 3444 83 20 Raupero
2234 3443 36 16 last
2280 3443 53 21 night
2338 3448 4 12 ;
2359 3443 23 16 he
2392 3446 37 13 was
2442 3441 67 21 greatly

1919 3465 84 19 alarmed,
2011 3466 37 15 and
2056 3466 56 15 asked
2121 3465 47 16 what
2175 3464 24 17 he
2207 3464 33 16 had
2253 3464 46 16 done
2311 3466 18 14 to
2337 3467 53 13 cause
2398 3464 31 16 the
2436 3462 74 18 soldiers

1919 3488 18 14 to
1944 3486 22 16 he
1973 3486 77 20 brought
2058 3490 23 16 up
2088 3486 45 16 with
2142 3490 26 12 us.
2191 3485 33 16 We
2231 3486 64 18 expect
2305 3486 19 14 to
2335 3484 51 16 leave
2398 3484 37 16 this
2448 3484 17 16 in
2478 3483 30 19 the

1919 3507 84 20 morning
2010 3507 28 16 for
2048 3507 59 18 Mana,
2119 3506 36 16 and
2166 3506 32 16 the
2209 3506 46 16 next
2269 3505 34 20 day
2313 3505 29 16 for
2354 3505 30 16 the
2396 3504 67 20 Sound,
2474 3504 36 16 and

1919 3528 45 21 hope
1973 3530 18 15 to
1999 3528 21 16 be
2027 3528 20 16 in
2055 3528 42 16 Port
2105 3526 99 18 Nicholson
2211 3530 23 12 on
2242 3526 96 20 Thursday
2344 3526 50 16 next.

1891 3586 2 13 s
1954 3575 105 25 Another
2081 3575 68 23 letter
2171 3573 58 23 from
2252 3573 93 30 Sydney
2365 3573 63 31 gives
2447 3580 27 15 us
2486 3576 21 18 to

1891 3628 2 8 >
1921 3614 139 25 understand
2083 3614 50 24 that
2152 3613 37 23 Sir
2210 3612 92 31 George
2322 3613 75 31 Gipps
2413 3612 47 24 will
2472 3615 39 19 not

1891 3671 2 7 .
1920 3655 69 32 apply
1999 3655 39 23 the
2051 3654 57 24 New
2121 3652 101 24 Zealand
2236 3652 47 24 Bill
2290 3658 22 18 to
2321 3652 38 24 the
2373 3651 136 32 Company's

1921 3697 113 28 territory,
2053 3694 41 24 but
2112 3693 60 24 refer
2191 3693 80 27 theirs,
2290 3701 25 15 as
2334 3701 14 15 a
2366 3692 84 31 special
2467 3691 44 23 and

1920 3734 60 19 most
1992 3728 99 32 peculiar
2100 3734 59 20 case,
2173 3731 23 18 to
2204 3727 37 22 the
2255 3727 78 23 Home
2346 3727 162 22 Government.

1891 3759 2 23 1
1920 3761 58 25 This
1991 3762 19 22 is
2022 3760 64 24 what
2097 3768 47 14 was
2156 3764 22 18 to
2191 3760 28 23 be
2231 3760 90 24 desired
2328 3769 5 18 ;
2354 3760 35 22 for
2407 3767 43 15 our
2460 3765 50 15 cfse

1891 3811 2 13 L
1920 3795 69 31 being
2000 3793 139 32 thoroughly
2151 3793 67 30 good,
2231 3793 45 24 and
2288 3801 41 16 our
2337 3792 85 24 friends
2431 3789 78 26 unani-

1920 3836 66 16 mous
2004 3827 45 24 and
2067 3826 120 33 powerful,
2207 3834 34 15 we
2259 3834 53 23 may
2328 3826 30 23 be
2373 3824 93 24 assured
2479 3829 31 16 we

1920 3869 51 24 may
1984 3865 48 20 rest
2050 3859 102 25 satisfied
2171 3859 50 24 that
2239 3860 39 23 the
2295 3859 143 31 Company's
2457 3863 52 17 con-

1891 3887 2 24 l
1920 3900 58 20 tract
1990 3894 54 24 with
2054 3894 39 24 the
2109 3893 94 25 settlers
2220 3894 48 23 will
2285 3893 28 24 be
2331 3896 60 21 most
2408 3888 103 32 sacredly

1891 3946 2 10 ,
1919 3927 124 31 regarded.

734 3111 30 14 cc:

788 3110 32 15 em

828 3105 45 24 ling

913 3109 46 14 uirsi

968 3108 39 20 lay,

1089 3103 54 19 >er2!

784 3141 60 16 Morn.

894 3140 58 16 Even.

996 3139 62 16 Wind.

1130 3138 90 17 Weather.

674 3183 31 17 Fri

674 3205 32 16 Sat

674 3226 46 16 Sun.
738 3236 18 6 ...

676 3247 50 16 Mon.
738 3257 17 5 ...

674 3268 55 16 Tues.
738 3278 19 5 ...

675 3288 50 16 Wed.
739 3299 18 5 ...

675 3309 82 17 Thurs...

804 3182 19 16 51

804 3203 21 16 49

804 3223 21 17 to

803 3245 22 16 63

803 3266 20 16 61

804 3286 21 17 58

804 3308 21 16 43

911 3182 22 16 58

912 3202 21 16 70

910 3224 23 15 58

910 3244 23 16 59

911 3264 21 17 70

910 3286 22 16 63

910 3306 22 17 47

987 3181 52 16 N.W.

988 3201 53 16 N.W.

986 3222 18 16 S.
1026 3222 4 5 *

985 3242 48 17 S.W.

987 3264 51 16 N.W.

985 3284 24 17 N.
1017 3285 22 20 by
1048 3285 20 16 E.

973 3306 31 16 IS.

1091 3180 57 16 Fresh
1153 3181 16 15 &
1174 3181 43 16 fine.

1091 3200 47 22 Very
1146 3202 41 15 fine.

1091 3222 66 20 Strong
1162 3222 14 16 &
1183 3222 68 21 cloudy.

1092 3242 56 17 Fresh
1154 3243 15 16 &
1176 3243 42 17 fine.

1092 3263 47 21 Very
1146 3264 41 16 fine.

1093 3284 66 20 Strong
1165 3285 14 16 &
1185 3285 69 21 cloudy.

1094 3306 44 16 Gale
1145 3306 16 16 &
1167 3306 42 16 fine.

696 3351 63 17 Mean.

802 3350 49 17 56.28

912 3349 48 16 60.86

662 137 143 50 LAND
829 136 194 22 AGENCIE
1034 135 54 22 S.—
1088 134 40 21 TO
1153 133 95 22 LAND-

738 163 182 23 HOLDERS.—
919 162 49 22 The
988 160 156 28 Undersigned
1162 160 44 26 beg
1229 164 21 17 to

662 193 54 21 oit'er
725 190 135 22 themselves
870 193 22 18 to
901 189 59 21 their
968 188 86 21 friends
1064 186 45 23 and
1123 186 39 22 the
1178 186 72 28 public

662 226 22 13 as
695 218 87 27 Agents
792 216 35 22 for
836 216 38 21 the
884 214 95 28 disposal
987 215 26 20 of
1020 214 69 22 Town
1100 213 45 22 and
1153 213 97 27 Country

663 243 80 27 Lands,
755 243 47 21 and
811 245 61 19 trust
877 242 58 22 their
945 240 95 23 colonial
1052 240 135 33 experience
1201 247 50 19 may

662 270 77 22 entitle
748 270 63 21 them
821 273 23 18 to
855 277 13 13 a
880 268 65 22 share
954 268 27 21 of
990 267 39 22 the
1039 267 74 27 public
1122 270 129 24 patronage.

687 297 64 27 They
762 296 44 22 will
816 296 28 21 be
853 295 75 27 happy
938 298 23 18 to
970 300 94 20 arrange
1079 292 34 22 for
1122 292 45 22 and
1178 300 75 20 super-

662 324 78 21 intend
750 322 38 22 the
798 329 93 20 surveys
898 320 45 23 and
950 320 159 22 sub-divisions
1117 319 26 22 of
1149 319 38 22 the
1192 318 59 23 land.

664 349 86 22 Liberal
762 348 112 22 advances
884 348 44 21 will
941 347 28 22 be
985 346 64 22 made
1061 353 28 14 on
1100 346 65 21 lands
1175 346 76 26 placed

663 383 22 14 in
696 376 56 22 their
762 375 72 22 hands
842 375 34 21 for
884 374 52 21 sale.
965 373 64 27 They
1037 372 44 22 will
1089 372 46 21 also
1142 372 27 21 be
1180 373 71 27 happy

664 409 20 16 to
696 403 65 22 assist
771 402 136 25 proprietors
916 401 23 21 in
950 400 87 26 leasing
1047 398 139 23 then-lands.

918 426 84 22 JOHN
1013 426 45 21 and
1070 425 70 22 GEO.
1152 426 99 21 WADE.

670 464 5 3 -
691 455 123 26 Britannia,
827 454 50 21 Oct.
888 455 19 25 7,
919 455 61 20 1840.

665 510 87 47 FOR
767 508 115 23 SALE.—
884 508 124 21 LAND.—
1008 507 48 22 The
1065 507 69 21 Town
1144 508 58 20 Acre
1211 506 42 22 No.

738 543 28 14 on
777 535 39 22 the
827 535 51 27 plan
889 536 26 20 of
926 534 37 22 the
980 538 59 18 town
1056 535 48 24 554,
1122 533 131 27 beautifully

663 563 97 22 situated
770 569 29 15 on
812 569 11 14 z
832 562 67 26 bank,
908 561 161 26 commanding
1078 567 13 14 a
1101 560 45 21 fine
1154 565 99 23 prospect

664 589 27 22 of
702 590 36 21 the
748 589 152 26 surrounding
909 588 121 26 landscape
1044 592 24 17 at
1077 586 37 21 the
1124 586 129 23 north-west

664 616 48 22 side
722 616 25 21 of
759 616 38 21 the
807 619 67 23 town,
884 619 41 18 not
933 614 35 22 far
978 614 56 21 from
1044 614 38 21 the
1098 618 91 22 present
1202 614 53 21 resi-

665 642 71 22 dence
744 642 26 22 of
782 642 39 21 Dr.
831 642 82 21 Evans.
942 641 63 26 Also,
1015 641 37 21 the
1061 640 100 26 Country
1167 640 86 21 Section

664 669 77 22 choice
752 669 44 22 No.
807 670 49 20 245.
884 668 79 22 Terms
973 667 85 22 liberal.
1088 667 76 27 Apply
1175 671 22 17 to

868 695 61 22 John
942 694 44 22 and
997 694 58 21 Geo.
1066 692 81 27 Wade,

711 722 65 22 Land
786 722 44 22 and
841 722 146 21 Commission
1002 721 91 27 Agents,
1106 720 123 22 Britannia.

665 773 92 33 fJiHE
781 772 157 27 Undersigned
955 772 58 21 have
1032 772 70 21 Town
1121 772 73 21 Acres
1213 771 41 22 and

674 794 28 27 JL
740 800 101 27 portions
861 800 25 21 of
903 806 62 15 acres
982 803 23 16 to
1020 799 33 21 let
1067 799 22 20 in
1109 798 29 21 all
1156 802 60 24 parts
1234 798 25 21 of

665 826 125 22 Britannia.
818 826 49 23 The
877 830 69 18 terms
955 825 44 22 will
1009 826 28 21 be
1044 825 67 27 given
1119 832 60 21 upon
1189 825 67 27 appli-

665 854 82 21 cation.

878 879 130 22 HANSON
1020 879 45 22 and
1076 878 153 22 ALZDORF.

694 907 87 27 Petoni,
793 908 61 27 Sept.
864 908 33 25 29,
910 908 60 20 1840.

665 962 36 48 S
736 960 157 26 HARTLEY,
906 960 77 22 Cutler
992 960 45 21 and
1048 960 53 21 Gun
1112 959 80 26 Smith,
1204 959 52 27 begs

707 999 10 10 •
741 992 61 17 most
811 986 144 28 respectfully
969 991 22 17 to
1007 986 83 22 inform
1101 986 38 21 the
1150 986 75 27 public
1234 986 25 21 of

664 1015 128 25 Britannia,
884 1014 28 22 he
931 1014 41 21 has
991 1013 147 22 commenced
1157 1014 99 21 business

665 1049 55 14 near
730 1045 22 18 to
762 1041 39 22 the
811 1042 63 21 Store
886 1041 25 21 of
917 1040 45 21 Mr.
976 1040 97 27 Rhodes,
1095 1040 44 21 and
1149 1040 70 27 hopes
1227 1040 27 26 by

664 1068 108 27 punctual
783 1068 134 21 attendance
928 1067 45 22 and
983 1067 117 22 moderate
1114 1066 100 27 charges,
1233 1071 21 16 to

665 1096 66 21 merit
746 1103 15 14 a
777 1094 65 22 share
858 1094 26 22 of
896 1094 58 22 their
971 1098 122 23 patronage
1104 1094 45 21 and
1160 1098 95 23 support.

664 1150 147 49 NOTICE
825 1150 19 21 is
854 1149 85 27 hereby
948 1149 75 26 given,
1034 1148 49 22 that
1091 1147 38 22 the
1141 1155 85 14 owners
1234 1147 25 22 of

746 1176 39 22 the
795 1177 110 22 schooner
1062 1175 43 22 will
1119 1176 28 21 be
1163 1183 93 14 answer-

663 1204 51 21 able
723 1203 35 22 for
768 1211 31 14 no
808 1204 64 21 debts
882 1202 129 23 contracted
1027 1202 57 22 from
1100 1202 44 21 this
1161 1202 51 22 date
1229 1210 25 14 on

663 1234 97 18 account
774 1230 23 21 of
818 1230 37 21 the
869 1230 48 21 said
929 1229 117 27 schooner,
1064 1228 76 23 unless
1156 1228 30 28 by
1202 1229 55 22 their

664 1258 73 21 order.

693 1284 87 26 Petoni,
792 1284 98 21 October
899 1285 21 25 5,
933 1285 61 20 1840.

663 1336 70 21 FOR
755 1336 231 21 VALPARAISO
1011 1336 77 21 AND
1111 1335 145 21 LONDON

822 1371 29 14 TO
866 1371 49 14 SAIL
932 1371 22 13 IN
971 1369 131 15 NOVEMBER.

715 1397 51 26 £3s
782 1390 92 33 rpHE
896 1390 44 21 fast
961 1389 81 27 sailing
1060 1389 85 27 barque
1169 1388 86 27 CUBA,

681 1411 95 40 j£3^
788 1411 30 27 JL
848 1418 40 21 270
898 1421 57 22 tons,
970 1417 26 20 A.
1009 1418 19 24 1,
1041 1416 60 22 John
1114 1415 140 27 Newcombe,

667 1438 139 32 <V7^^CT'"
808 1443 90 19 mman^
902 1451 24 11 pr
927 1460 4 10 ;
951 1444 84 26 having
1045 1446 50 24 part
1105 1442 24 22 of
1141 1442 41 21 her
1192 1449 64 19 carpo

665 1477 109 23 engaged,
788 1471 44 22 will
841 1471 27 22 be
878 1470 136 28 despatched
1025 1470 92 21 without
1126 1469 40 22 fail
1182 1472 22 18 to
1221 1470 35 21 the

664 1499 72 22 above
751 1503 70 23 ports.

694 1526 75 28 Apply
780 1526 34 21 for
823 1524 82 27 freight
914 1532 26 14 or
948 1531 93 21 passage
1053 1527 22 18 to
1086 1523 92 22 Messrs.
1186 1522 70 22 Willis

665 1554 45 20 and
721 1554 47 24 Co.,
780 1552 123 22 Britaniiia.

798 1606 69 21 FOR
883 1605 241 21 LAUNCESTON.

714 1642 54 22 gjs.
781 1633 91 23 HPHE
887 1632 110 22 schooner
1019 1630 173 23 ESSINGTON
1213 1630 42 21 will

682 1653 93 39 ..oSE^
788 1653 28 28 JL
841 1671 4 4 •
864 1659 40 22 sail
922 1659 35 22 for
976 1658 38 22 the
1031 1658 71 21 above
1118 1662 51 23 port
1189 1657 22 21 in
1232 1659 24 20 10

667 1679 175 35 g£JS3£idHys.
885 1686 44 21 For
954 1692 92 21 passage
1066 1684 60 28 only,
1147 1684 67 28 apply
1233 1688 22 17 to

667 1717 94 23 Captain
772 1714 89 22 Archer
870 1721 28 14 on
908 1712 77 27 board,
997 1719 26 14 or
1032 1715 23 18 to

1064 1738 29 21 R.
1108 1737 122 22 BROWN.

695 1768 124 24 Britannia.
832 1767 98 22 October
940 1768 33 24 26,
985 1767 61 20 1840.

903 3388 143 25 NOTICE.

709 3424 151 24 Subscribers
883 3427 24 19 at
931 3422 84 23 Petoni
1039 3429 40 16 can
1106 3421 78 24 obtain
1214 3421 54 25 their

675 3465 84 24 papers
772 3465 30 15 on
814 3455 138 33 application
965 3459 23 19 to
1001 3454 50 24 Mr.
1063 3454 39 24 W.
1123 3455 76 31 Lyon,
1222 3455 46 24 who

675 3492 21 23 is
707 3491 49 23 also
769 3488 132 26 authorised
912 3493 23 20 to
945 3488 87 24 receive
1044 3493 122 27 payments
1177 3488 36 25 for
1224 3488 44 25 this

676 3532 80 24 paper.

710 3557 52 23 The
774 3563 71 24 paper
856 3556 19 22 is
888 3563 51 16 now
951 3558 51 20 sent
1009 3554 73 25 round
1094 3559 21 20 to
1129 3555 139 24 subscribers

677 3591 23 22 in
712 3595 69 23 town,
795 3589 45 24 and
851 3596 33 16 we
904 3588 45 24 will
968 3587 73 25 thank
1060 3596 43 23 any
1121 3589 52 23 who
1185 3588 29 24 do
1221 3582 3 28 !
1232 3593 36 19 not

677 3628 40 27 get
726 3623 61 24 tbeir
797 3630 83 24 papers
892 3621 124 32 regularly,
1029 3626 23 19 to
1064 3622 67 23 make
1151 3622 40 23 the
1210 3629 58 16 same

677 3657 84 23 known
774 3661 23 19 to
809 3664 35 15 us.
881 3655 48 24 For
940 3655 37 24 the
997 3655 151 24 convenience
1170 3655 27 23 of
1213 3662 55 18 non-

678 3689 152 28 subscribers,
885 3688 63 24 leave
957 3695 83 25 papers
1048 3696 28 15 on
1085 3688 46 24 sale
1140 3693 24 19 at
1171 3688 97 24 Messrs.

680 3723 86 24 Cooks'
780 3722 45 24 and
834 3722 73 24 Durie
919 3721 44 24 and
976 3722 55 23 Co's
1044 3727 82 19 stores.

194 144 128 22 PUBLIC
341 142 139 22 NOTICE.

44 171 214 51 INTIMATION
272 179 18 14 is
304 170 83 27 hereby
397 169 75 26 given-,
484 168 49 22 that
541 167 39 22 the
589 167 41 22 fol-

103 197 177 29 lowing-articles
296 197 26 21 of
334 196 126 22 Provisions
477 195 43 21 will
537 195 27 21 be
580 201 51 20 sup-

42 226 63 27 plied
114 231 22 16 to
146 225 95 22 families
251 223 42 22 and
309 223 170 26 housekeepers,
494 226 25 17 at
528 221 37 21 the
576 220 55 22 New

43 252 101 22 Zeiland
150 251 136 27 Company's
294 251 80 24 Stores,
384 248 92 28 payable
486 255 28 14 on
524 247 106 26 delivery.

72 278 74 26 Flour,
158 285 44 15 one
213 277 71 22 barrel
293 280 24 18 at
327 283 13 15 a
350 276 59 26 time,
421 279 23 17 at
452 281 133 15 five-pence
593 281 39 20 per

44 304 86 29 pound.

72 331 48 22 Salt
131 331 60 26 Baef,
202 331 23 21 in
236 337 30 21 qu
273 329 83 22 mtities
365 329 27 22 of
401 328 76 25 281b5.,
492 327 77 26 561b5.,
587 325 45 23 and

46 358 89 24 1121b-'.,
147 362 24 17 at
180 364 154 15 seven-pence
345 363 39 20 per
393 355 83 23 pound.

72 384 48 23 Salt
131 384 64 27 Pork,
206 385 22 20 in
240 390 60 15 same
310 383 125 28 quantitu-s,
447 386 23 17 at
480 386 153 17 eight-pence

45 418 41 21 per
96 411 82 27 pound.

73 437 37 22 No
121 437 85 22 dealers
217 444 25 14 or
252 436 74 22 others
336 435 99 27 supplied
451 438 22 18 to
484 433 38 23 sell
533 439 71 20 again.

76 463 154 28 Applications
242 464 94 26 (private
345 469 52 14 ones
405 465 39 17 not
451 460 106 22 attended
566 460 32 25 to)
611 463 23 17 to

45 490 28 22 be
85 490 65 22 made
162 492 98 20 between
273 491 25 20 10
308 489 45 21 and
360 490 15 20 4
385 487 92 26 o'clock,
489 491 23 17 at
521 486 37 22 the
568 485 66 22 Com-

46 518 81 27 pany's
137 517 74 21 St'ues
222 524 65 14 only.

72 543 58 22 N.B.
131 554 28 5 —
165 544 42 21 The
218 543 78 27 supply
307 542 27 22 of
345 541 78 22 biscuit
433 541 18 21 is
462 539 130 23 exhausted.

274 576 71 21 GEO.
360 574 137 26 HUNTER,

371 599 263 29 Storekeeper-General.

74 630 125 26 Britannia,
212 630 87 26 Friday,
312 630 49 21 Oct.
373 630 33 24 23,
419 629 61 20 1810.

47 685 91 49 THE
153 684 106 22 CARGO
268 684 25 21 of
304 684 38 21 the
350 683 108 21 schooner

122 712 33 21 for
166 712 45 21 sale
222 712 27 26 by
261 711 36 21 the
308 708 162 28 Undersigned,
482 713 23 16 at
514 708 37 21 the
562 708 73 21 Stores

46 739 27 21 of
86 738 43 21 Mr.
141 738 29 22 A.
184 738 63 26 Hort,
261 736 122 26 Britannia,
394 736 123 25 consisting
527 734 32 21 of:
561 747 27 3 —

73 764 56 22 Fine
139 765 45 21 and
194 764 84 22 second
281 763 71 25 Jlour,
364 764 23 21 in
399 764 8 19 1
419 762 45 21 and
473 763 14 20 2
496 764 49 19 cwt.
556 760 60 27 bags.

72 792 57 21 Seed
141 792 74 20 wheat
225 791 45 21 and
280 794 54 18 oats.

72 818 84 26 Bengal
168 818 52 21 rice.

74 844 58 22 Irish
141 845 80 25 butter,
233 844 23 21 in
266 843 78 22 firkins
354 842 43 23 and
406 841 52 22 half
468 840 86 23 firkins.

73 872 72 21 Hams
155 870 46 23 and
210 870 92 22 smoked
313 870 122 21 shoulders.

73 897 119 27 Liverpool
202 898 50 21 salt.

73 924 65 27 Soap,
149 924 24 22 in
183 924 58 21 561b.
253 924 75 22 boxes.

74 950 79 28 Hyson
166 950 48 23 skin
226 955 44 21 tea,
282 951 21 20 in
315 949 50 22 half
377 949 79 22 chests.

73 978 116 26 Pouching
199 977 61 26 ditto,
272 978 22 21 in
306 978 25 21 10
342 980 57 23 catty
410 976 76 21 boxes.

72 1004 59 22 Java
140 1004 80 22 Cott'ee.

73 1030 63 23 West
146 1030 67 23 India
228 1030 46 23 and
282 1029 85 27 Bengal
378 1037 56 18 rum,
444 1028 24 22 in
479 1028 64 22 hhds.

73 1058 90 26 Cognac
174 1057 94 27 brandy.

73 1083 118 22 Schiedam
202 1084 47 27 gin.

73 1111 46 22 Old
127 1110 55 23 Tom
193 1111 23 21 in
227 1118 67 15 cases.

74 1137 96 22 Hoare's
179 1137 73 22 XXX
262 1138 33 21 ale
305 1138 23 21 in
339 1136 64 23 hhds.

73 1164 91 22 Bottled
174 1164 34 21 ale
219 1164 44 22 and
273 1169 80 19 porter.

73 1190 110 23 Teneriffe
195 1191 64 27 wine,
275 1192 23 21 in
315 1192 69 27 pipes,
401 1189 64 22 hhds.
485 1189 44 22 and
547 1192 88 24 quarter

46 1217 73 25 casks.

75 1244 59 27 Port,
145 1245 76 26 claret,
233 1245 45 22 and
293 1244 84 27 sherry,
388 1244 23 21 in
421 1250 68 15 cases.

76 1271 119 22 Mauritius
205 1272 44 21 and
262 1271 93 22 Manilla
365 1278 72 20 sugar.

74 1297 65 22 Paint
149 1299 30 21 oil
197 1298 43 21 and
251 1298 134 26 turpentine.

74 1324 103 23 Mustard
186 1325 46 22 and
241 1324 90 28 pickles,
343 1325 23 21 in
377 1331 67 14 cases.

73 1351 72 27 Pipes.

73 1378 133 27 Negrohead
217 1378 100 28 tobacco,

73 1404 96 23 Manilla
178 1405 79 27 cigars,
269 1406 42 21 No.
322 1406 20 26 5,
353 1404 105 28 superior.

73 1430 91 29 Witney
174 1432 109 22 blankets.

74 1458 107 28 Flushing
192 1459 64 27 slops.

73 1485 51 22 Red
134 1493 62 20 serge
206 1486 73 22 shirts.

75 1512 113 22 Moleskin
199 1512 66 28 slops.

75 1539 144 22 Comforters.

76 1565 80 22 Scotch
166 1566 95 21 bonnets
272 1566 45 22 and
327 1573 58 20 caps.

75 1592 63 21 Plaid
148 1592 88 22 shawls.

75 1619 104 22 Soldiers'
190 1623 63 23 great
262 1623 68 19 coats.

75 1646 66 27 Navy
150 1646 52 22 blue
212 1646 72 22 shirts.

75 1672 87 28 Striped
173 1676 76 19 cotton
260 1674 71 21 shirts.

75 1700 96 26 Regatta
181 1700 64 21 ditto.

74 1726 100 27 Shirting
183 1726 45 22 and
238 1726 103 27 sheeting
350 1726 77 22 calico.

75 1753 68 22 Boots
153 1753 47 22 and
210 1753 71 22 shoes.

75 1780 91 22 Merton
176 1780 65 21 down
252 1780 44 22 and
305 1787 113 20 gossamer
429 1779 58 23 hats.

75 1807 106 21 Canvass.

331 1833 143 22 RICHARD
488 1832 121 23 BROWN.

76 1860 124 28 Britannia,
211 1861 50 21 Oct.
272 1862 33 25 26,
317 1862 53 20 1840

254 1915 69 21 FOR
338 1915 95 25 SALE,

49 1942 201 48 BLANKETS,
260 1943 38 21 9-4
308 1942 44 21 and
362 1943 56 21 10-4.

131 1969 82 21 Prints.

131 1995 118 25 Crockery,
267 1995 60 24 (blue
338 1994 130 26 Stanhope,)
484 1994 122 26 consisting
616 1994 26 19 of

49 2023 97 23 tureens,
166 2027 54 19 soup
237 2020 76 27 plates,
332 2020 76 26 plates,
429 2019 75 22 dishes
527 2018 61 26 (with
614 2026 25 14 or

49 2047 92 21 without
152 2048 94 24 covers,)
263 2051 35 17 tea
308 2053 52 21 cups
371 2046 43 21 and
424 2053 96 17 saucers,
534 2049 37 18 tea
580 2049 56 24 pots,

49 2074 56 21 milk
115 2077 55 23 pots,
182 2080 65 20 sugar
258 2073 75 27 bowls,
345 2081 66 14 ewers
422 2072 45 22 and
476 2073 82 26 basins,
570 2072 39 22 &c.

77 2101 21 21 A
108 2100 113 27 40-gallon
232 2107 88 21 copper,
332 2100 51 21 with
394 2099 62 22 cock.

75 2127 61 21 Tubs
146 2127 27 21 of
185 2127 87 22 various
280 2128 65 25 sizes,
357 2126 49 23 well
413 2126 97 27 adapted
517 2126 33 21 for
557 2126 82 26 salting

49 2153 56 28 pork
115 2153 45 22 and
170 2154 93 26 making
273 2154 78 21 bacon.

76 2181 140 27 Carpenters'
227 2181 45 22 and
280 2180 128 27 gardeners'
419 2179 64 22 tools.

463 2213 22 22 J.
502 2212 108 23 MINET.

78 2241 123 26 Britannia,
214 2241 49 22 Oct.
273 2243 34 24 30,
320 2242 60 21 1840.

52 2295 90 48 THE
162 2295 225 22 UNDERSIGNED
406 2295 53 26 begs
479 2295 62 21 leave
560 2297 22 19 to
599 2301 41 15 an-

125 2328 88 15 nounce
224 2327 23 16 to
256 2322 34 21 his
300 2322 84 21 friends
394 2321 45 22 and
449 2321 37 22 the
497 2321 82 28 public,
591 2321 48 21 that

50 2348 38 22 the
98 2348 100 22 business
209 2349 71 22 which
291 2356 45 14 was
349 2349 116 21 sometime
476 2348 85 22 carried
571 2355 27 14 on
610 2348 29 27 by

50 2375 70 22 Durie
136 2375 46 22 and
199 2375 82 28 Millar,
300 2375 45 22 and
361 2375 128 22 afterwards
505 2375 29 26 by
551 2375 43 21 Mr.
610 2375 29 21 A.

51 2401 83 28 Millar,
146 2402 45 21 will
200 2410 51 13 now
260 2403 27 20 be
298 2402 119 22 continued
428 2402 30 27 by
467 2402 37 21 the
512 2401 129 22 Subscriber

49 2429 73 22 under
133 2428 37 23 the
179 2429 49 22 firm
240 2429 26 21 of
277 2429 70 21 Durie
357 2429 45 21 and
409 2429 46 26 Co.,
465 2429 50 21 who
526 2427 42 23 will
579 2432 22 18 at
611 2427 30 23 all

51 2456 66 21 times
124 2455 57 22 have
189 2463 28 14 on
226 2456 60 21 hand
293 2463 14 14 a
315 2455 61 22 stock
384 2455 26 22 of
416 2456 100 27 superior
523 2455 116 27 groceries,

49 2483 68 26 slops,
127 2483 47 26 &c,
188 2483 71 21 which
270 2490 40 14 can
321 2483 27 21 be
359 2482 50 22 with
417 2482 131 22 confidence
555 2489 85 15 recom-

51 2509 103 27 mended,
166 2510 44 21 and
220 2510 27 21 he
258 2513 67 19 trusts
336 2510 28 26 by
374 2509 148 27 unremitting
531 2509 110 22 attention

51 2539 24 18 to
85 2536 107 27 business,
204 2540 22 17 to
237 2544 77 14 secure
324 2536 74 27 public
407 2540 129 23 patronage.

80 2563 88 27 Baking
177 2563 22 21 in
211 2563 29 22 all
250 2563 27 22 its
286 2563 111 22 branches
405 2570 22 14 as
437 2563 113 26 formerly.

80 2589 77 22 Wines
176 2590 45 21 and
237 2590 73 27 spirits
326 2589 26 22 of
369 2597 14 14 a
396 2590 101 27 superior
510 2589 92 28 quality,
618 2589 23 22 in

52 2616 119 23 wholesale
181 2617 125 26 quantities.

426 2643 28 22 D.
472 2644 21 21 S.
508 2643 106 22 DURIE.

82 2670 52 22 Port
143 2670 130 26 Nicholson,
286 2671 50 20 Oct.
345 2671 33 26 30,
389 2671 61 20 1840.

256 2726 70 21 FOR
341 2726 96 23 SALE,

54 2752 139 50 HOUSE
204 2752 71 26 doors,
287 2752 53 21 with
348 2752 88 26 frames,
448 2752 119 28 complete.

162 2779 88 22 French
261 2783 86 23 cottage
357 2779 114 22 windows.

162 2807 103 22 Two-cut
274 2806 69 22 deals.

163 2834 100 21 Battens.

164 2860 52 22 Port
226 2860 123 22 Nicholson
359 2859 88 22 boards.

163 2887 63 22 Ditto
237 2887 67 27 plank
315 2887 44 21 and
369 2886 118 28 scantling.

81 2913 57 23 Now
146 2918 23 17 at
177 2914 85 26 Petoni,
268 2914 42 21 but
319 2914 43 21 will
372 2914 27 21 be
409 2913 49 22 sold
469 2913 135 22 deliverable
614 2921 28 14 on

53 2941 39 22 the
103 2940 70 23 beach
184 2944 23 18 at
221 2940 123 22 Britannia.

230 2974 26 21 T.
272 2974 33 22 M.
322 2973 182 23 PARTRIDGE
514 2973 46 22 and
569 2973 47 23 CO.

82 3002 59 27 Sept.
155 3003 32 23 10,
200 3003 61 20 1840.

54 3056 52 49 IN
117 3055 99 23 addition
228 3059 22 18 to
260 3056 57 22 their
326 3056 92 26 original
426 3056 76 27 Stock,
511 3055 36 22 the
556 3055 88 23 Under-

113 3083 79 26 signed
200 3083 58 21 have
268 3083 108 26 received,
388 3090 28 15 ex

136 3111 14 19 2
161 3114 70 17 crates
242 3109 113 28 crockery,
366 3109 106 23 assorted.

109 3137 41 21 400
160 3137 59 26 pairs
229 3136 111 22 blankets.

123 3164 28 20 50
161 3163 73 27 pieces
240 3164 78 26 prints.

82 3190 34 22 To
126 3189 73 23 which
209 3190 37 22 the
256 3190 110 23 attention
377 3191 25 22 of
416 3190 64 22 retail
498 3189 84 23 traders
598 3190 20 22 is

296 3217 108 22 solicited.

258 3244 83 21 JOHN
352 3245 44 21 and
406 3244 71 22 GEO.
487 3243 103 23 WADE.

261 3299 69 19 FOR
344 3299 95 20 SALE.

57 3325 116 22 rriHAT
191 3325 45 21 fine
247 3324 42 22 fast
300 3324 79 27 sailing
388 3328 78 21 cutter,
484 3325 122 28 belonging
622 3328 23 19 to

64 3347 30 28 JL
134 3351 122 29 Daymond
265 3351 45 22 and
318 3351 88 28 Young,
419 3353 25 20 of
458 3353 83 27 Kapiti,
560 3352 86 23 burden

56 3382 15 21 4
82 3385 56 16 tons.

89 3406 54 23 This
162 3408 78 23 cutter,
261 3403 74 23 which
350 3405 19 21 is
385 3405 48 21 well
450 3405 83 22 known
550 3405 62 27 here,
628 3406 18 21 is

56 3433 127 27 admirably
192 3431 96 28 adapted
298 3431 35 21 for
342 3431 41 22 this
393 3432 105 27 harbour,
514 3433 67 26 being
595 3433 51 22 able

57 3466 24 17 to
91 3460 52 22 beat
152 3460 25 21 iv
187 3466 44 20 any
242 3457 68 23 wind.
335 3458 74 28 Apply
420 3462 22 19 to

503 3485 35 23 W.
554 3486 92 23 LYON.

86 3514 88 26 Petoni,
186 3513 50 22 Oct.
247 3513 35 26 2?,
294 3513 61 20 1840.

60 3568 72 52 ON
143 3567 87 27 SALE,
242 3574 27 15 ex

139 3593 129 24 Havannah
279 3593 84 27 Cigars.

141 3621 98 23 Manilla
249 3620 115 23 Cheroots.

140 3648 83 23 Scotch
234 3647 65 22 snuff.
525 3653 5 8 '

141 3674 89 23 French
240 3681 90 21 rappee.

142 3702 85 27 Cherry
236 3700 95 28 brandy.

393 3727 147 22 WILLIAM
556 3727 91 22 LYON.

87 3761 11 17 i
106 3756 68 27 etoni,
183 3756 50 22 Oct.
244 3756 33 21 23.
290 3756 60 21 1840.

270 3808 70 21 FOR
350 3807 96 25 SALE,

60 3837 70 50 BY
137 3836 66 23 THE
212 3834 236 23 UNDERSIGNED,
456 3841 14 14 a
476 3833 64 22 small
548 3834 102 27 quantity

137 3864 27 21 of
169 3862 54 23 seed
232 3869 62 19 corn,
310 3861 52 22 seed
371 3868 59 20 peas,
443 3861 77 24 (white
527 3859 44 22 and
578 3861 70 26 blue,)

60 3890 93 24 kitchen
163 3890 84 28 garden
259 3887 72 27 seeds,
350 3887 62 28 hops,
428 3887 44 22 salt
480 3888 23 21 in
514 3886 125 27 hogsheads
644 3895 5 19 ;

59 3918 49 23 also
126 3924 29 16 an
175 3918 136 21 assortment
329 3914 25 21 of
369 3914 160 27 ironmongery
548 3913 42 22 &c.
610 3914 40 22 &c.

226 3941 85 23 LUKE
325 3940 169 28 NATTRASS,
507 3939 123 22 Britannia.
