2569 3989
790 470 221 37 PUBLISHED
1056 469 132 38 EVERY
1233 468 257 52 WEDNESDAY
1536 469 206 37 MORNING.

679 586 110 31 PORT
811 586 258 36 NICHOLSON,
1084 585 264 31 WEDNESDAY
1372 585 213 36 MORNING,
1606 586 106 31 JULY
1738 587 47 35 17,
1813 590 89 28 1844.

2277 588 95 38 [Vol.
2392 588 36 31 V.

1219 25 96 33 THE

50 82 467 130 NEW
621 80 874 132 ZEALAND
1602 82 863 135 GAZETTE

48 217 2422 102 AND

48 319 1154 102 WELLINGTON
1317 319 1153 102 SPECTATOR,

92 588 64 31 No.
181 590 72 29 353.
264 588 4 37 j

2111 678 162 26 Stationery.

1901 704 72 48 ON
1988 703 87 27 SALE,
2091 704 41 22 AT
2145 704 74 23 THIS
2235 705 141 23 OFFICE—

1964 730 114 26 Foolscap,
2089 730 89 22 various
2188 731 110 27 qualities,

1925 757 73 26 Large
2008 756 61 22 thick
2080 760 56 24 post,
2147 764 63 15 wove
2219 758 46 21 and
2273 758 54 28 laid,

1925 782 59 23 Thin
1993 786 57 24 post,
2188 783 63 28 ditto,

1925 809 56 22 Fine
1992 809 59 22 Bath
2060 812 57 24 post,
2128 809 47 27 gilt,

1925 836 157 27 Antiquarian,
2090 836 109 26 imperial,
2207 836 70 28 royal,
2286 836 47 23 and
2340 837 65 28 demy
2414 838 73 23 draw-

1898 862 38 27 ing
1946 870 76 26 paper,

1925 886 72 27 Quills
2006 889 45 22 and
2061 896 63 19 pens,

1925 915 70 22 Small
2004 915 61 22 hand
2075 916 45 20 and
2131 915 54 27 shop
2195 923 75 20 paper,

1924 941 73 27 Royal
2010 941 70 29 hand,
2092 941 80 22 double
2187 941 61 22 hand
2263 943 85 26 brown,
2359 943 45 22 and
2421 943 65 28 royal

1898 967 77 22 brown
1986 967 116 28 wrapping
2110 974 76 21 paper,

1925 993 44 22 Ink
1980 993 46 23 and
2035 993 40 22 ink
2085 994 108 27 powders,

1927 1020 71 22 Black
2007 1020 52 22 lead
2068 1020 92 27 pencils,

1925 1046 99 28 Ledgers
2033 1047 46 21 and
2089 1050 96 19 account
2193 1047 77 28 books,
2281 1049 92 22 various
2381 1049 65 27 sixei,

1926 1073 105 27 Message
2042 1073 72 26 cards,

1927 1099 110 22 Coloured
2047 1107 85 20 papers,

1926 1126 72 27 Sugar
2007 1134 87 19 papers,

1927 1152 59 22 Note
1994 1160 88 20 papers,

1927 1179 68 22 India
2004 1180 89 26 rubber,
2104 1179 76 28 bottle,
2193 1180 44 22 and
2245 1184 88 25 patent,

1928 1205 68 28 Ivory
2005 1206 84 22 folders
2099 1206 44 22 and
2152 1206 88 28 knives,

1928 1232 91 22 Invoice
2028 1233 71 21 books
2111 1233 52 22 with
2172 1233 100 27 indexes,
2283 1235 90 21 various
2382 1235 64 28 sizes,

1927 1259 59 21 Cash
1995 1259 70 21 books
2075 1259 64 22 ruled
2148 1260 89 27 double,
2249 1261 90 22 various
2348 1261 65 28 sizes,

1929 1286 89 26 Sponge
2027 1285 46 22 and
2084 1286 84 27 wafers,

1928 1312 77 22 Wafer
2016 1315 92 24 stamps,

1928 1338 72 22 Black
2007 1339 59 21 lines
2075 1339 35 21 for
2120 1341 65 21 letter
2201 1341 96 26 writing,

1928 1365 90 26 Oblong
2026 1365 92 28 clasped
2128 1367 170 22 memorandum
2308 1368 76 27 books,

1927 1392 90 22 Ladies'
2028 1392 45 22 and
2082 1393 148 26 gentlemen's
2246 1394 52 22 card
2308 1401 70 20 cases,

1927 1419 102 26 Message
2038 1419 71 28 cards,

2155 1470 91 20 Seeds.

1902 1501 52 49 A
1969 1501 85 23 VERY
2070 1502 156 22 SUPERIOR
2240 1503 45 22 and
2295 1504 103 23 valuable
2409 1508 81 19 assort-

1981 1531 63 19 ment
2061 1529 25 21 of
2101 1529 60 21 fresh
2179 1529 68 22 Seeds
2263 1531 46 26 just
2323 1531 110 27 received,
2451 1532 40 21 the

1899 1554 51 25 .first
1967 1555 25 21 of
2008 1562 13 14 a
2036 1555 90 26 regular
2141 1555 85 28 supply,
2238 1564 49 14 now
2304 1565 29 14 on
2350 1558 46 21 sale
2413 1562 22 17 at
2453 1558 39 22 the

1904 1580 69 22 Office
1993 1581 26 21 of
2035 1581 45 22 this
2099 1582 69 27 Paper
2188 1583 30 26 by
2233 1583 39 22 the
2291 1584 158 28 undersigned,
2466 1585 27 22 in

1903 1607 120 28 quantities
2032 1611 24 19 to
2066 1608 44 22 suit
2118 1609 131 27 purchasers
2258 1618 5 14 :
2266 1621 28 5 —

1932 1634 126 28 Carraway,
2069 1635 47 21 Dill
2125 1635 44 22 and
2179 1636 93 27 Burnet,

1932 1661 44 22 Sea
1986 1661 54 27 cale,
2052 1668 126 21 asparagus,
2190 1666 80 24 carrot,
2281 1664 46 21 and
2339 1664 97 28 parsnip,

1932 1687 96 28 English
2037 1688 52 22 leek
2099 1690 46 20 and
2153 1689 75 26 onion,
2240 1690 94 28 Spanish
2348 1691 35 22 do.

1933 1713 124 28 Vegetable
2074 1722 93 15 marrow
2183 1716 44 22 and
2236 1717 55 27 long
2304 1717 88 28 prickly
2402 1725 91 15 cucum-

1905 1741 47 26 ber,

1934 1767 146 27 Cauliflower,
2091 1768 86 27 endive,
2188 1769 45 22 and
2247 1769 82 29 celery,

1933 1793 119 28 Virginnia
2069 1795 99 27 tobacco,
2183 1796 154 28 mignionette,
2357 1797 47 22 and
2426 1800 69 20 swset

1906 1827 61 20 peas,

1933 1847 39 22 All
1983 1852 55 18 sorts
2050 1848 25 22 of
2082 1847 84 27 garden
2177 1849 47 22 and
2232 1849 54 23 field
2296 1850 107 28 cabbage,

1934 1873 44 23 Do.
2089 1875 36 22 do.
2209 1875 36 23 do.
2302 1877 83 28 turnip,

1934 1900 38 22 All
1983 1903 54 19 sorts
2047 1901 26 21 of
2079 1901 89 28 lettuce,
2179 1902 70 27 salad,
2261 1903 46 22 and
2319 1904 94 25 brocoli,

1934 1927 38 23 .•s.ll
1982 1930 56 19 sorts
2048 1927 27 22 of
2079 1928 75 26 lupins
2164 1929 47 21 and
2219 1931 152 24 nasturtiums,

1934 1953 38 22 All
1983 1956 56 19 sorts
2051 1954 25 21 of
2083 1957 68 19 sweet
2161 1954 74 27 herbs,

1935 1980 50 22 One
1994 1979 104 23 hundred
2108 1981 77 21 choice
2195 1981 90 22 varities
2298 1982 27 21 of
2337 1981 77 24 flower
2426 1983 65 22 seeds

1935 2007 23 21 A
1967 2014 54 19 very
2035 2007 104 21 valuable
2155 2011 132 19 assortment
2302 2009 26 21 of
2343 2009 63 22 fresh
2421 2010 78 22 choice

1908 2040 84 21 grasses
2002 2034 34 22 for
2045 2034 147 27 gentlemen's
2207 2035 70 22 lawns
2293 2035 44 22 and
2355 2036 145 27 agricultural

1908 2067 112 21 purposes,

1937 2087 112 27 Cabbage,
2079 2087 91 27 brocoli,
2200 2087 106 28 rhubard,
2336 2089 75 28 onion,
2437 2090 61 27 leek,

1908 2113 83 23 lettuce
2010 2114 81 27 plants,
2110 2115 49 26 &c,
2179 2122 52 15 now
2249 2115 71 28 ready
2338 2119 24 19 to
2379 2117 30 21 be
2426 2119 74 20 trans-

1908 2140 99 28 planted,
2018 2141 74 22 raised
2102 2141 57 22 from
2169 2142 96 27 samples
2277 2143 26 21 of
2312 2143 63 21 these
2386 2143 71 23 seeds.

2319 2169 37 22 W.
2373 2170 93 23 Moody.

1938 2194 99 22 October
2047 2197 21 24 6,
2080 2196 63 21 1843.

1913 2243 91 34 npHE
2026 2244 80 20 Nelson
2129 2244 117 21 Examiner
2268 2246 44 20 and
2333 2246 55 20 New
2410 2247 95 19 Zealand

1918 2265 29 26 JL
1986 2270 110 22 Chronicle
2112 2271 127 27 (published
2248 2275 24 18 at
2280 2272 104 27 Nelson,)
2399 2272 20 22 is
2436 2280 68 21 regu-

1910 2296 57 28 larly
1986 2298 143 21 transmitted
2143 2300 22 19 to
2181 2297 148 29 Wellington,
2349 2299 45 22 and
2409 2306 52 21 may
2475 2300 30 22 be

1911 2323 44 22 had
1965 2327 23 19 at
1997 2323 38 22 the
2045 2324 64 22 office
2119 2324 26 22 of
2155 2324 45 22 this
2209 2332 76 20 paper.

1938 2355 48 23 The
1996 2357 79 19 Nelson
2084 2357 116 20 Examiner
2216 2356 45 22 will
2269 2357 29 21 be
2308 2357 70 22 found
2389 2364 29 15 an
2428 2358 77 22 excel-

1911 2383 49 21 lent
1967 2382 101 23 medium
2077 2383 35 21 for
2121 2383 140 22 advertisers.

1938 2410 79 21 Terms
2026 2410 35 21 for
2071 2409 37 22 the
2119 2416 74 21 paper,
2205 2413 37 19 ten
2252 2409 103 28 shillings
2370 2417 40 20 per
2419 2413 82 25 quarte

1911 2436 94 28 payable
2014 2437 24 21 in
2048 2435 110 23 advance.

1939 2467 82 22 Orders
2044 2468 36 21 for
2098 2468 39 22 the
2159 2475 69 21 paper
2250 2468 46 22 and
2319 2468 164 23 advertisemen

1911 2494 105 23 received
2025 2498 24 18 at
2058 2494 38 22 the
2108 2494 70 23 Office
2189 2495 27 22 of
2228 2495 44 22 this
2281 2502 77 20 paper.

2143 2548 41 20 On
2198 2548 71 23 Sale,

1913 2578 92 34 rpHE
2035 2578 74 22 NEW
2132 2578 154 22 ZEALAND
2314 2579 188 27 PORTFOLIO,

1920 2600 30 27 JL
1988 2605 127 22 conducted
2132 2605 31 27 by
2181 2605 33 22 H.
2231 2606 21 21 S.
2271 2606 124 27 Chapman,
2417 2606 35 26 (of
2465 2606 39 22 the

1915 2632 87 22 Middle
2009 2632 111 27 Temple,)
2131 2632 216 23 Barrister-at-Law.

1941 2659 43 21 No.
1998 2658 20 22 I.
2019 2670 28 4 —
2047 2659 24 21 A
2087 2659 76 21 Letter
2178 2661 23 19 to
2221 2658 37 22 the
2275 2659 71 27 Right
2364 2659 62 22 Hon.
2445 2660 62 22 Lord

1915 2686 98 27 Stanley,
2033 2686 119 26 Secretary
2170 2686 27 21 of
2213 2686 61 21 State
2292 2686 36 21 for
2347 2686 39 22 the
2405 2686 103 22 Colonial

1915 2714 157 26 Department,
2105 2713 37 21 On
2148 2712 38 22 the
2193 2712 190 22 Administration
2390 2713 26 21 of
2419 2714 89 21 Justice

1915 2741 23 21 in
1948 2739 56 23 New

1942 2766 44 22 No.
2000 2766 33 22 II.
2034 2777 29 4 —
2064 2766 77 22 Letter
2156 2769 22 18 to
2193 2765 63 22 John
2270 2766 61 22 Abel
2346 2766 80 28 Smith,
2442 2767 63 27 Esq.,

1916 2794 69 26 M.P.,
2018 2794 36 20 On
2064 2792 39 22 the
2109 2792 146 27 Advantages
2261 2792 74 22 which
2342 2793 75 22 would
2426 2801 81 15 accrue

1915 2823 23 19 to
1948 2820 94 27 English
2053 2819 126 27 Capitalists
2188 2820 58 21 from
2256 2819 39 22 the
2306 2820 169 22 establishment
2483 2821 27 21 of

1916 2855 13 15 a
1938 2848 59 20 Loan
2009 2847 103 26 Company,
2121 2846 35 22 for
2164 2847 55 20 New
2228 2847 99 27 Zealand,
2340 2847 86 21 similar
2437 2850 23 19 to
2469 2847 39 22 the

1915 2874 129 22 Australian
2054 2873 68 22 Trust

1944 2901 44 23 No.
1998 2901 47 21 111.
2048 2911 29 4 —
2099 2900 39 22 An
2150 2900 97 22 Address
2258 2903 23 19 to
2291 2900 38 22 the
2339 2900 58 22 New
2406 2900 102 22 Zealand

1917 2928 65 22 Land
1992 2928 139 27 Proprietor's
2141 2927 98 21 resident
2253 2927 24 21 in
2287 2927 38 22 the
2336 2927 85 22 United
2436 2928 73 26 King-

1916 2955 60 26 dom,
1986 2961 31 16 on
2032 2954 87 22 several
2133 2957 94 19 matters
2237 2954 24 22 of
2268 2954 140 27 importance
2418 2957 23 19 to
2450 2955 59 21 their

1943 3008 43 22 No.
2004 3008 41 21 IV.
2046 3018 30 5 —
2104 3008 36 21 On
2160 3006 38 23 the
2219 3007 115 22 Financial
2353 3007 115 22 condition
2485 3008 27 22 of

1916 3035 58 21 New
2117 3034 32 27 by
2159 3034 92 22 Charles
2259 3034 77 27 Terry>
2348 3034 61 28 Esq.,
2419 3034 90 26 F.R.S.,

1917 3061 81 23 F.S.A.

1943 3088 43 22 No.
2002 3087 30 22 V.
2033 3098 28 5 —
2063 3089 21 20 1.
2134 3087 161 23 Observations
2319 3095 31 15 on
2373 3087 135 28 facilitating

1916 3115 141 27 Emigration
2082 3117 23 19 to
2128 3114 57 22 New
2209 3114 109 28 Zealand,
2336 3114 31 28 by
2387 3122 78 15 means
2484 3115 27 21 of

1917 3142 116 22 Moderate
2054 3140 99 28 Charges
2167 3141 35 22 for
2223 3141 66 22 Chief
2305 3142 46 21 and
2367 3142 140 22 Fore-Cabin

2079 3168 28 21 In
2117 3175 14 15 a
2141 3168 77 22 Letter
2228 3171 23 19 to
2261 3168 85 28 Joseph
2357 3169 86 27 Somes,
2454 3169 54 27 EBq.

1917 3196 40 22 &c.
1969 3196 40 22 &c.
2038 3195 36 27 By
2084 3195 31 21 H.
2127 3195 23 21 S:
2162 3195 124 27 Chapman.

1945 3230 20 19 2.
2007 3227 22 22 A
2039 3227 77 22 Letter
2125 3234 30 14 on
2165 3227 107 27 Banking
2282 3227 24 22 in
2317 3227 57 22 New

1918 3255 34 27 By
1962 3254 88 22 Arthur
2059 3254 26 21 T.
2098 3253 109 28 Holroyd,
2220 3254 53 28 Esq.

1945 3281 45 22 No.
2006 3281 42 22 VI.
2049 3291 30 5 —
2101 3280 161 23 Observations
2277 3288 29 14 on
2316 3280 39 22 the
2364 3281 147 27 Advantages

1918 3308 27 22 of
1957 3315 14 15 a
1987 3307 187 28 Representative
2189 3307 123 28 Assembly
2326 3307 37 22 for
2381 3308 58 21 New
2453 3308 59 21 Zea-

1946 3361 101 23 General
2057 3361 49 22 title
2116 3361 47 22 and
2170 3361 154 23 introduction
2334 3363 24 20 to
2367 3360 38 23 the
2416 3361 82 22 Series.

2110 3396 69 15 PRICE
2198 3395 121 16 SIXPENCE.

2090 3437 79 21 Meat
2189 3437 150 25 Company.

1920 3469 93 51 THE
2033 3469 237 26 UNDERSIGNED,
2289 3467 88 28 having
2392 3469 57 22 been
2470 3476 40 21 ap-

1993 3497 93 29 pointed
2100 3497 110 26 Manager
2220 3495 25 22 of
2258 3494 38 22 the
2310 3495 69 22 Meat
2383 3496 125 27 Company,

1919 3525 55 27 begs
1983 3528 22 19 to
2015 3530 119 17 announce
2143 3523 54 21 that-
2206 3528 14 15 a
2228 3521 90 28 regular
2326 3521 79 29 supply
2414 3523 26 20 of
2449 3523 59 26 beef,

1919 3554 95 24 mutton,
2034 3550 46 23 and
2096 3550 57 28 pork
2169 3556 53 20 may
2241 3549 82 27 always
2341 3548 28 22 be
2390 3549 121 27 depended

1920 3585 62 21 upon
1992 3582 24 19 at
2025 3578 45 22 this
2079 3575 173 24 establishment.

1948 3606 33 21 As
2004 3604 43 22 this
2071 3604 118 26 Company-
2206 3608 108 22 purposes
2332 3601 81 28 selling
2432 3605 23 19 at
2473 3601 38 23 the

1920 3632 78 21 lowest
2005 3630 73 28 prices
2088 3634 25 17 at
2124 3629 75 22 which
2207 3630 20 20 it
2240 3629 19 21 is
2267 3628 72 23 found
2348 3629 43 22 tlte
2396 3632 60 19 meat
2468 3636 45 15 can

1920 3659 28 22 be
1959 3657 107 27 afforded,
2077 3656 38 22 the
2125 3654 151 29 undersigned
2285 3655 21 22 to
2319 3655 53 28 only
2382 3655 130 22 authorised

1921 3689 23 18 to
1953 3685 51 27 give
2010 3691 55 20 very
2070 3682 87 23 limited
2167 3683 77 26 credit,
2251 3682 47 21 and
2305 3682 41 22 has
2350 3683 58 21 been
2418 3683 96 22 ordered

1920 3715 24 18 to
1960 3716 48 22 stop
2023 3710 31 22 all
2067 3711 105 21 accounts
2187 3709 75 23 which
2275 3716 38 15 are
2329 3712 41 19 not
2384 3709 54 28 paid
2449 3715 64 22 upon

1921 3737 102 23 demand.
2134 3750 4 4 ■
2162 3749 3 4 •
2176 3750 3 3 •

1948 3770 47 22 The
2005 3770 103 22 business
2118 3769 25 22 of
2151 3769 37 22 the
2199 3769 115 27 Company
2322 3769 21 21 is
2353 3769 87 23 carried
2449 3777 30 16 on
2488 3770 27 22 in

1922 3797 57 23 their
1994 3804 50 15 new
2058 3796 112 27 building,
2179 3796 90 22 erected
2286 3796 103 22 between
2407 3796 108 24 France's

1922 3823 69 23 Hotel
2010 3823 44 22 and
2073 3822 39 23 the
2130 3822 59 22 head
2206 3822 26 22 of
2246 3822 38 22 the
2299 3822 57 29 Bay,
2375 3822 46 23 and
2435 3823 81 28 nearly

1922 3851 99 28 opposite
2032 3853 22 19 to
2065 3850 46 22 Mr.
2121 3850 84 27 Lyon's
2216 3850 70 21 Store.

2197 3876 43 22 W.
2248 3876 104 28 Flyoer,
2369 3877 118 27 Manager.

1951 3904 174 27 NovBmber23,
2138 3904 61 22 lB42.

126 679 57 20 The
193 679 61 20 first
261 679 89 21 vessel
361 678 42 21 for
412 678 125 21 London.

207 715 91 28 npHE
313 715 45 21 fine
367 715 43 21 fast
421 714 82 25 sailing
518 713 109 22 schooner

69 735 111 39 Jg/Ks^v
212 735 31 28 X
313 743 103 19 LADY
435 741 130 24 LEIGH,

66 762 131 36 XjPSsR'
219 767 44 22 will
285 768 42 22 sail
349 767 119 28 positively
485 767 26 21 in
530 767 96 26 August.

45 791 158 37 JjgjggjEl^
219 793 44 22 For
276 793 83 28 freight
375 794 27 21 of
417 794 59 26 light
487 793 76 27 goods,
581 791 46 23 and

45 815 158 31 55SSw9
217 826 92 21 passage
318 820 68 27 apply
396 823 23 18 to

355 847 81 21 Waitt
454 845 144 24 anDuTyser.

68 872 146 29 Wellington,
227 873 52 27 July
289 875 20 24 2,
322 874 61 20 1844.

116 919 152 27 Positively
296 920 45 21 the
367 920 59 21 first
454 921 90 20 vessel

155 951 64 22 FOR
233 952 133 22 LONDON
381 952 125 22 DIRECT.

52 980 103 46 'O'^gb
193 988 92 38 npHE
297 988 28 22 A.
336 990 28 25 1.,
375 988 34 21 for
419 990 27 19 12
461 995 73 20 years,
548 988 80 26 frigate

45 1023 146 52 /dllhfj^k
254 1042 130 20 BELLA
404 1042 163 26 MARINA,

45 1061 146 40 raaß&9gg
209 1068 97 21 Thomas
317 1068 132 26 Ashbridge,
468 1067 158 28 Commander,

209 1094 94 22 burthen
313 1101 24 14 as
351 1101 40 20 per
405 1094 93 27 register
514 1094 41 21 564
569 1098 56 23 tons,

45 1127 75 21 copper
134 1121 102 21 fastened
254 1121 42 21 and
315 1121 73 26 newly
407 1120 115 28 coppered,
534 1120 52 27 only
596 1127 30 15 on

45 1148 36 21 her
92 1147 56 21 third
160 1154 94 20 voyage,
265 1147 44 22 and
320 1148 19 21 is
349 1154 43 15 one
403 1148 24 21 of
440 1147 40 21 the
489 1147 78 22 fastest
576 1147 52 21 sail-

45 1174 33 26 ing
92 1173 61 27 ships
169 1174 72 21 afloat.
278 1174 53 22 Two
345 1173 70 22 thirds
424 1173 27 22 of
461 1174 41 21 her
512 1181 65 19 cargo
589 1181 38 14 are

47 1200 92 24 actually
149 1200 102 27 engaged
261 1201 44 21 and
315 1207 48 15 now
372 1200 69 27 going
451 1207 29 14 on
490 1200 75 27 board,
581 1200 46 21 and

45 1226 35 22 the
91 1221 43 27 will
144 1230 61 19 meet
213 1226 53 23 with
275 1227 67 27 quick
352 1226 114 28 despatch.
508 1226 43 23 She
566 1227 40 22 has
613 1235 14 14 a

45 1253 36 22 full
92 1260 64 20 poop,
169 1253 52 22 with
231 1258 58 17 most
299 1254 112 21 excellent
421 1254 206 21 accommodations

45 1280 30 21 for
84 1287 13 14 a
106 1279 87 22 limited
207 1280 96 21 number
318 1280 26 21 of
541 1280 87 22 Carries

45 1314 24 13 an
79 1306 145 27 experienced
236 1306 103 27 Surgeon.

68 1333 40 21 For
122 1332 84 28 freight
225 1339 25 15 or
266 1340 92 20 passage
379 1333 64 27 early
459 1333 131 27 application
608 1333 20 21 is

45 1359 113 27 requested
172 1363 22 18 to
210 1360 28 21 be
253 1360 67 21 made
337 1363 21 18 to
378 1360 93 28 Captain
491 1359 134 27 Ashbridge,

45 1393 21 14 or
75 1390 22 17 to

358 1413 127 21 RIDGWAYS
499 1419 47 15 AND
560 1412 40 21 Co.

71 1438 141 27 Wellington,
224 1438 54 28 July
289 1440 33 25 16,
334 1440 61 21 1844.

162 1488 42 20 On
218 1488 70 25 Sale,
304 1493 36 15 ex
355 1489 15 11 •'

45 1521 169 51 MWELL
226 1521 83 22 BRED
325 1521 137 22 HEIFERS
478 1529 46 14 and
544 1521 84 22 COWS

138 1555 25 14 in
179 1548 88 26 CALF,

330 1582 61 19 ALSO,

68 1604 12 19 4
95 1604 77 24 strong
180 1600 76 23 horses
265 1600 25 23 fit
299 1601 37 22 for
344 1601 78 22 saddle
433 1601 46 22 and
489 1601 97 27 harness,

69 1630 13 21 2
96 1628 75 21 Baddle
181 1627 84 22 horses.

341 1654 28 22 R.
385 1654 127 28 Wallace,

433 1681 75 22 Willis
523 1681 77 22 Street.

69 1708 56 21 June
138 1708 36 26 25,
185 1709 61 20 1844.

214 1759 45 20 TO
272 1758 183 21 WHALERS.

64 1795 57 26 Boyd
132 1796 70 23 Town,
216 1795 96 25 Tivofold
320 1795 54 26 Bay,
386 1795 54 20 New
451 1795 69 21 South
532 1796 76 22 Wales.

50 1826 101 49 SHIPS
170 1833 41 14 can
228 1826 85 22 refiesh
328 1833 24 15 or
363 1826 51 22 refit
431 1830 23 19 at
464 1826 44 23 this
523 1826 108 22 Harbour

106 1853 46 22 free
169 1853 26 21 of
212 1853 29 22 all
257 1853 54 22 Port
332 1853 99 27 charges,
447 1854 108 26 pilotage,
578 1854 50 26 &c,

49 1880 36 21 and
103 1887 40 14 can
162 1880 77 21 obtain
258 1880 70 26 wood,
347 1882 76 24 water,
442 1880 62 22 fresh
523 1880 46 22 and
586 1880 45 21 salt

49 1907 120 26 provisions,
185 1906 135 27 vegetables,
341 1906 49 27 ship
404 1906 130 27 chandlery,
551 1910 77 23 stores,

50 1934 34 20 fui<i
97 1933 58 27 slops
165 1933 26 22 of
203 1940 67 19 every
285 1933 56 20 kind
357 1933 44 21 and
413 1933 145 27 descrrpt'on;

49 1960 15 20 if
78 1959 100 27 required
195 1959 39 21 the
250 1959 96 21 services
362 1959 26 21 of
402 1959 151 26 experienced
568 1958 62 27 ship-

49 1986 81 27 Avrights
140 1985 45 22 and
194 1985 55 22 boat
264 1985 105 27 builders,
380 1992 60 21 upon
456 1985 39 22 the
505 1988 59 19 most
577 1992 53 14 rea-

49 2012 81 22 sonable
140 2015 77 18 terms.

96 2044 55 22 N.B.
153 2056 27 4 —
182 2044 37 21 Oil
229 2051 26 14 or
263 2044 57 21 bone
337 2044 66 21 taken
413 2044 23 21 in
447 2044 125 26 exchange.

72 2075 142 28 Wellington,
226 2075 65 27 April
301 2076 20 25 9,
334 2076 61 20 1844.

146 2128 53 20 For
219 2127 70 25 Sale,
299 2133 37 14 ex

55 2158 53 45 10
130 2171 109 32 HPONS
249 2171 59 22 table
318 2170 49 27 salt,

80 2193 26 14 v
136 2193 30 27 X
204 2199 27 21 10
242 2200 48 19 tons
300 2197 121 28 Liverpool
430 2196 52 27 salt,

72 2226 35 21 100
116 2232 61 15 cases
190 2225 100 26 Geneva,

73 2253 22 20 12
104 2259 30 20 qr.
146 2251 63 23 casks
219 2251 117 26 Teneriffe,

73 2280 34 20 100
116 2278 71 22 dozen
195 2277 86 23 bottled
291 2280 67 24 stout,

73 2306 23 21 50
106 2305 75 22 tierces
191 2305 71 26 prime
271 2304 57 22 Irish
339 2304 55 22 beef

73 2333 23 20 30
106 2331 61 22 casks
177 2326 117 27 Williams'
305 2331 100 27 superior
414 2331 73 28 liquid
494 2330 111 27 blacking,

72 2360 23 20 20
104 2362 70 18 crates
184 2357 97 23 assorted
293 2357 116 28 crockery,

73 2387 12 19 4
109 2385 26 21 do
172 2389 64 17 stone
247 2385 86 26 bottles,

73 2414 23 19 30
105 2414 46 20 tons
160 2411 100 22 assorted
269 2411 57 26 iron,

76 2440 33 20 100
118 2446 61 14 cases
189 2438 109 22 Oilman's
308 2442 78 23 stores,

75 2467 10 19 6
93 2465 61 22 hhds.
165 2465 84 22 refined
257 2472 73 20 sugar,

75 2494 22 19 30
106 2491 70 23 dozen
185 2492 81 26 chairs,

76 2520 10 20 6
95 2518 74 28 dining
179 2519 78 25 tables,

76 2547 21 19 12
106 2545 71 22 chests
187 2545 101 24 drawers,

76 2573 22 20 12
107 2572 130 22 wash-hand
247 2571 84 27 stands,

78 2600 21 20 12
107 2598 52 23 beds
170 2599 44 21 and
224 2598 99 27 bedding
332 2597 118 29 complete,

76 2626 23 20 35
106 2625 83 22 barrels
198 2625 124 22 Stockholm
332 2627 43 25 tar,

78 2653 21 20 25
125 2652 33 22 do.
186 2652 70 27 pitch,

78 2679 21 20 25
124 2679 34 22 do.
186 2678 86 23 refined
281 2679 50 21 coal
340 2681 43 26 tar,

78 2705 68 22 Dutch
156 2705 87 28 cheese,
254 2706 77 27 coffee,
343 2708 109 24 currants,
464 2705 45 23 and
520 2705 46 22 fine
576 2708 55 20 teas.

365 2739 85 23 Waitt
461 2747 48 14 and
518 2739 86 23 Tyser.

78 2765 136 29 Wellington,
226 2767 59 22 June
294 2768 22 26 5,
328 2768 62 21 1844.

151 2818 42 20 On
203 2818 58 21 sale
275 2818 37 26 by
327 2818 57 21 late
395 2817 126 22 arrivals.

62 2841 120 49 FLOUR,
198 2851 12 14 a
219 2851 54 20 very
283 2844 102 28 superior
394 2844 86 27 article,

121 2870 150 28 Champagne,
280 2871 24 22 in
315 2878 43 15 one
369 2871 48 22 doz.
429 2878 70 20 cases,

102 2896 86 28 Cheese,
200 2898 63 22 West
272 2898 67 22 India
348 2905 57 20 rum,
416 2898 97 27 brandy,

104 2922 49 23 Port
160 2925 54 21 wine
224 2924 25 23 in
259 2924 66 23 hhds.
336 2925 45 22 and
391 2933 34 19 qr.
436 2924 74 28 casks,

104 2950 44 21 Tea
156 2951 24 22 in
190 2951 81 27 chests,
282 2952 51 21 half
343 2952 45 22 and
398 2954 98 25 quarter,

102 2978 25 19 20
139 2977 89 23 bushels
236 2978 129 28 Wanganui
382 2986 41 19 rye
431 2985 63 21 grass
504 2978 61 23 seed.

136 3004 75 28 Apply
221 3008 25 19 at
255 3005 37 22 the
303 3008 69 19 stores
382 3005 26 22 of
419 3005 38 22 the
467 3005 166 27 Undersigned,

297 3032 38 22 W.
350 3032 27 23 B.
393 3032 98 23 Rhodes
506 3040 46 15 and
567 3034 38 21 Co.

83 3059 130 31 Wellington,
226 3063 58 22 June
294 3063 47 27 sth,
353 3064 62 22 1844.

278 3112 42 21 On
334 3112 71 21 Sale.

66 3137 96 50 FIRST
176 3142 111 27 FLOUR,
302 3150 78 20 grown
391 3143 45 22 and
450 3142 90 28 ground
559 3143 24 22 in
596 3142 40 22 the

122 3168 93 29 Colony.

220 3197 142 26 Rrdcways,
379 3196 111 27 Gu*ton,
506 3204 48 14 and
569 3197 39 21 Co.

153 3247 53 21 For
221 3248 71 25 Sale,
309 3253 37 15 ex

66 3272 30 28 t)
103 3277 187 25 UTHERFORD
299 3279 122 28 DRURY,
430 3287 48 15 and
485 3279 69 28 Cos.,
562 3280 75 22 brand

66 3309 37 14 **'
127 3305 52 23 Port
188 3306 84 27 sherry,
283 3306 47 22 and
340 3306 112 27 Maderia,
470 3306 26 22 in
509 3307 72 27 wood,

83 3328 51 30 Port,
145 3332 83 29 sherry,
232 3333 159 25 andMaderia,
400 3333 25 22 in
437 3340 71 16 cases.

83 3380 23 8 ,_.
367 3355 87 27 Waitt
464 3368 49 14 and
522 3360 85 23 Tyser.
636 3380 4 3 .

67 3380 149 40 Wellington,
228 3387 61 23 June
298 3387 22 28 5,
332 3387 62 22 1844.

156 3437 53 21 For
223 3439 70 25 Sale,
308 3444 38 16 ex

68 3462 174 42 CjUPERFINE
256 3469 74 23 Broad
340 3470 79 27 Cloths
431 3469 75 28 black,
517 3469 62 28 blue,
591 3470 46 22 and

87 3517 9 13 a
102 3518 6 7 ,
114 3495 42 21 lnv^
158 3495 18 21 s^
178 3495 20 21 D^
200 3503 12 14 e
220 3503 15 20 S
236 3503 53 15 reen
296 3513 7 11 >
316 3497 101 27 superior
425 3496 57 28 pilot
489 3496 80 28 cloths,
576 3496 59 28 blue,

68 3519 31 19 wd
102 3519 70 24 brown
292 3531 57 19 yarn
356 3531 6 20 ;
369 3524 83 27 hosery
457 3531 6 18 ;
472 3523 151 23 table-coTers
629 3531 7 19 j

68 3545 66 27 Single
143 3548 63 27 nails,
223 3549 55 22 slate
291 3550 71 22 nails:
377 3551 51 22 best
443 3550 102 23 Flemish
560 3550 75 23 tacks:

68 3573 108 28 •aucepans,
187 3575 41 22 &c.

68 3618 15 15 v
101 3624 5 7 ,
358 3603 36 22 W.
410 3604 107 23 Waring
530 3603 107 24 Taylor.

68 3624 158 31 Herbert-street,
238 3629 60 22 June
308 3630 21 27 5,
338 3631 62 21 1844.

69 3682 225 65 PMeat
308 3682 150 27 Company.

101 3702 71 26 RESH
195 3707 94 28 PORK,
308 3709 73 27 prime
397 3709 79 28 joints,
512 3709 62 23 from
597 3710 38 23 4d.

123 3733 20 19 to
152 3733 36 21 sd.
198 3741 40 20 per
247 3734 31 22 lb.

86 3778 13 7 .
110 3781 6 10 ,
316 3761 37 24 W.
367 3761 104 29 Flycer,
488 3764 119 27 Manag«r.

196 3786 36 28 87,
243 3789 64 21 1844.

83 3844 4 4 .
255 3827 164 22 Almanack.

78 3848 45 23 AN
140 3850 177 26 ALMANACK
336 3853 34 23 for
389 3854 139 28 Wellington
547 3856 20 22 ii
585 3863 52 16 now

69 3876 36 19 •**.
120 3876 124 31 publishing
254 3883 22 18 at
285 3879 44 23 this
340 3881 79 24 Office,

273 3913 77 22 price,
364 3909 32 21 Is.

1282 673 4 10 '
1505 679 42 19 On
1562 679 69 24 Sale,

1279 710 116 49 VERY
1412 710 99 28 superior
1526 710 64 22 clean
1609 710 52 22 seed
1681 710 80 26 wheat,

1357 736 83 27 Barley
1451 736 45 21 and
1505 743 40 20 rye
1554 743 62 20 grass
1627 736 59 27 seed,

1361 763 78 22 Flour.

1562 794 35 22 W.
1613 794 26 22 B.
1653 794 97 22 Rhodes
1764 794 20 22 &
1799 793 38 22 Co.

1305 820 58 22 June
1373 822 34 25 24,
1420 822 62 21 1844.

1358 871 53 20 For
1428 870 70 25 Sale,
1508 876 36 15 ex
1587 871 74 26 Lady

1264 907 37 26 !]
1315 906 32 17 A
1374 903 44 30 rp
1423 902 58 22 ONS
1492 903 48 21 best
1550 903 96 21 colonial
1656 902 63 27 flour,
1732 903 61 21 fresh
1808 903 57 21 from

1283 924 65 30 1U
1381 924 28 26 J-
1435 928 37 22 the
1484 928 53 28 mill,
1549 930 24 20 in
1584 931 61 21 1001b
1656 930 63 26 bags.

1602 971 84 23 Waitt
1696 979 47 14 and
1752 971 85 22 Tyser.

1304 997 144 28 Wellington.
1458 998 68 26 June,
1536 999 22 26 5,
1571 999 61 21 1844.

1517 1049 104 20 Books.

1279 1081 71 49 ON
1366 1081 86 27 SALE,
1471 1081 39 21 AT
1524 1081 74 21 THIS
1614 1080 143 22 OFFICE—

1342 1108 48 22 The
1409 1108 98 27 poetical
1527 1108 72 21 works
1617 1107 26 21 of
1663 1107 92 27 Milton,
1776 1106 56 23 with
1852 1114 14 14 a

1272 1135 98 21 ■memoir
1380 1135 45 21 and
1436 1134 200 27 embellishments,

1305 1166 50 22 Life
1369 1166 26 22 of
1406 1166 39 22 the
1460 1166 67 22 Duke
1545 1166 26 22 of
1588 1165 147 27 Wellington,
1754 1164 113 29 compiled

1273 1193 61 22 from
1345 1193 35 22 his
1392 1193 94 22 Grace's
1496 1192 138 28 despatches,

1305 1224 48 22 The
1364 1224 63 27 Holy
1437 1224 71 27 Bible,
1519 1224 129 27 containing
1656 1223 37 21 the
1702 1223 46 22 Old
1757 1223 45 22 and
1812 1223 56 21 New-

1277 1251 148 26 Testaments,
1433 1250 53 22 with
1494 1253 71 23 notes,
1575 1251 31 25 by
1610 1250 38 22 the
1658 1250 57 21 Rev.
1724 1250 61 21 John
1793 1250 75 21 Caun-

1267 1281 50 23 fter,
1329 1278 61 26 8.C.,
1401 1278 52 21 four
1461 1284 63 20 maps
1535 1277 45 21 and
1588 1278 42 20 144
1637 1276 79 28 plates,

1267 1307 2 9 '
1305 1311 132 22 Montacute
1445 1318 5 13 :
1467 1318 24 13 or
1502 1318 13 14 a
1524 1310 58 21 New
1592 1310 65 21 horne
1659 1320 27 4 —
1687 1309 77 22 who'll
1778 1309 91 22 follow?

1277 1338 31 27 by
1323 1338 56 21 Mrs.
1392 1338 67 26 Mary
1469 1337 100 27 Clavers,

1267 1383 5 14 i
1305 1365 111 26 Scripture
1432 1363 134 29 Biography,
1577 1363 34 22 for
1627 1363 38 22 the
1682 1363 90 27 Young,
1783 1363 85 22 embel-

1279 1391 73 22 lished
1364 1391 51 22 with
1425 1391 80 27 plates,

1305 1418 104 27 Voyages
1419 1418 26 21 of
1456 1417 94 28 Captain
1560 1416 99 23 Richard
1670 1417 118 26 Falconer,

1307 1445 95 21 Fisher's
1413 1445 106 20 Juvenile
1530 1445 69 25 Scrap
1607 1443 67 26 Book,

1308 1470 49 23 Life
1367 1471 46 21 and
1423 1472 136 26 Campaigns
1569 1471 25 21 of
1602 1471 37 21 the
1649 1470 67 22 Duke
1727 1470 26 21 of
1761 1469 108 28 Welling-

1282 1502 44 22 ton,

1308 1525 50 21 Life
1367 1524 46 23 and
1422 1524 63 27 reign
1496 1524 26 21 of
1533 1524 100 21 William
1642 1523 39 22 the
1693 1523 91 27 Fourth,

1268 1551 6 21 i
1308 1551 159 27 Shakspeare's
1477 1551 116 21 Dramatic
1603 1550 88 27 Works,
1702 1550 55 22 with
1765 1551 79 26 plates,

1268 1587 6 10 i
1308 1578 145 22 Buchanan's
1461 1577 86 28 history
1558 1578 27 21 of
1597 1577 112 27 Scotland,

1269 1622 3 11 :
1308 1605 81 27 Tegg's
1398 1604 180 27 washing-book,

1269 1629 3 31 \
1308 1631 122 23 Johnson's
1440 1631 132 26 dictionary,

1308 1658 127 28 Campion's
1465 1657 143 22 ornamental
1634 1656 158 29 penmanship,
1823 1657 44 21 five

1282 1688 67 24 parts,

1310 1711 44 22 Art
1363 1711 26 22 of
1399 1712 70 26 being
1478 1711 83 27 happy,

1310 1738 118 22 Robinson
1439 1739 90 25 Crusoe,

1310 1765 99 22 Punell's
1420 1772 69 14 seven
1498 1770 110 21 sermons,

1309 1791 66 22 Tales
1384 1792 22 21 of
1420 1791 40 22 the
1470 1791 83 22 fairies.

1310 1818 89 28 Family
1407 1817 115 28 Worship,

1310 1845 74 22 Hall's
1395 1845 68 22 Vows
1472 1845 46 21 and
1529 1843 157 26 Meditations,

1309 1872 67 22 Tales
1384 1872 25 21 in
1420 1871 81 27 Verse,
1511 1871 31 28 by
1552 1871 67 27 Mary
1629 1871 100 26 Howett,

1309 1899 67 22 Tales
1385 1899 24 21 in
1419 1899 77 26 Prose,
1507 1898 31 26 by
1548 1897 65 26 ditto,

1271 1930 4 3 '
1426 1925 23 26 it}
1461 1924 94 22 Nati'.ra)
1568 1925 99 25 History,
1679 1924 31 26 by
1721 1923 62 27 ditto,

1310 1951 138 22 Jamieson's
1458 1950 104 22 Mothers
1572 1951 142 26 Dictionary,

1310 1977 106 28 Memory
1426 1977 46 22 and
1482 1977 65 21 other
1557 1977 89 26 Poems,

1310 2004 94 28 Phillips
1416 2011 29 15 on
1457 2003 66 22 effect
1532 2003 46 22 and
1588 2003 82 26 colour,

1310 2031 68 22 Lives
1388 2031 26 21 of
1427 2030 174 27 Highwaymen,

1309 2058 75 22 Burke
1395 2065 30 14 on
1435 2058 39 22 the
1483 2057 91 23 French
1584 2057 142 26 Revolution,

1309 2084 50 23 The
1368 2083 144 29 Equestrian,
1523 2091 13 15 a
1544 2084 64 22 hand
1621 2083 65 23 Book
1697 2084 25 22 of
1735 2083 142 23 Horseman-

1284 2111 57 28 ship,

1310 2139 47 21 The
1367 2139 138 26 Evergreen,

1312 2165 104 26 Draper's
1428 2165 115 26 Miracles,

1310 2193 97 21 Modern
1419 2191 102 28 History,

1310 2219 65 22 Bible
1390 2219 76 25 Lives,

1310 2246 49 22 The
1369 2245 113 22 Christian
1493 2245 149 28 Companion,

1311 2272 48 22 The
1371 2272 107 26 Diadem,

1309 2299 153 26 Doddridge's
1477 2299 96 26 Hymns,

1309 2326 105 21 Barton's
1427 2325 85 26 Gospel
1521 2325 88 28 history
1620 2325 26 22 of
1657 2324 83 27 Christ,

1308 2353 49 22 The
1367 2353 79 21 Easter
1462 2352 55 26 Gift,
1528 2352 31 27 by
1571 2353 28 21 L.
1609 2352 27 22 E.
1648 2352 34 25 L.,

1308 2379 48 22 The
1380 2379 102 21 Parents'
1506 2379 93 27 Friend,
1618 2379 30 26 by
1668 2378 61 22 John
1755 2377 122 27 Morrison,

1280 2407 30 21 D.
1322 2405 38 28 D.,

1309 2433 112 27 Scripture
1432 2432 85 26 history
1525 2431 37 23 for
1572 2431 83 28 Youth,
1667 2431 54 22 with
1731 2431 82 27 plates,

1310 2461 103 20 Summer
1422 2458 46 22 and
1481 2459 86 22 Winter
1576 2459 25 22 in
1613 2459 38 21 the
1665 2458 123 27 Pyrenees,
1800 2458 30 27 by
1841 2457 38 23 the

1308 2494 62 15 same
1381 2485 87 26 author,

1312 2512 149 23 Goldsmith's
1470 2511 88 28 history
1568 2512 27 22 of
1607 2511 37 23 the
1654 2511 79 28 Earth,

1312 2539 103 23 Burder's
1426 2539 91 27 Village
1528 2539 114 26 Sermons,

1312 2567 93 21 Wood's
1414 2566 133 26 Dictionary
1555 2566 26 22 of
1594 2565 38 23 the
1642 2564 73 29 Bible,

1314 2593 93 22 Smith's
1418 2591 130 28 Mechanic,

1314 2621 92 25 History
1420 2619 27 22 of
1465 2619 113 28 England,
1602 2622 22 18 to
1646 2618 38 23 the
1705 2618 137 23 coronation
1859 2618 26 22 of

1291 2648 80 24 Queen
1381 2646 110 27 Victoria,

1315 2674 110 27 Wesley's
1436 2680 108 18 sermons,
1556 2672 55 22 with
1621 2680 13 14 a
1643 2672 104 27 memoir,

1315 2701 98 22 Memoir
1424 2701 25 20 of
1463 2700 55 21 Rev.
1528 2699 112 22 Rowland
1655 2699 56 26 Hill,

1315 2728 49 22 The
1373 2727 64 22 Book
1448 2727 25 21 of
1485 2727 111 21 Common
1607 2726 89 28 Prayer,
1706 2725 137 28 illustrated,

1316 2754 150 23 Fleetwood's
1473 2753 40 22 life
1523 2753 25 21 of
1559 2753 83 26 Christ,

1317 2781 69 23 Fox's
1396 2781 113 22 Christian
1526 2779 162 29 Martyrology,

1313 2808 49 23 The
1373 2808 71 21 whole
1455 2807 55 27 duty
1520 2807 25 21 of
1557 2807 64 27 Man,
1630 2807 31 27 by
1670 2807 38 21 the
1720 2806 58 22 Rev.
1791 2805 81 23 Charle

1288 2836 101 25 Atmore,

1315 2861 118 28 Bunyan's
1449 2860 113 27 Pilgrim's
1578 2861 114 26 Progress,
1702 2859 136 28 beautifully
1855 2859 17 23 il

1287 2888 119 27 lustrated,

1317 2915 134 23 Morrison's
1462 2914 88 27 Family
1559 2914 103 27 Prayers,

1317 2943 105 22 Sermons
1432 2941 30 27 by
1474 2941 60 22 Blair
1544 2941 47 22 and
1600 2941 138 26 Whitefield,
1768 2941 6 26 j

1318 2968 114 23 Buchan's
1442 2967 119 22 Domestic
1571 2967 123 27 Medicine,

1317 2995 110 22 Walker's
1439 2994 161 27 Pronouncing
1609 2994 141 27 Dictionary,

1317 3022 138 23 Jamieson's
1461 3021 136 27 Dictionary
1603 3021 24 21 of
1632 3020 144 23 Mechanical
1782 3020 98 23 Science

1290 3050 62 25 Arts,
1369 3049 178 24 Manufactures,
1559 3047 50 27 &c,

1317 3074 176 28 Encyclopaedia
1507 3074 127 27 Edinensis,

1317 3102 113 23 Matthew
1439 3101 75 27 Wald,

1318 3129 84 22 Close's
1412 3127 89 28 Family
1511 3128 93 26 Prayer,

1318 3156 93 23 Parlour
1419 3155 74 26 Book,
1502 3155 30 27 by
1543 3154 100 22 William
1653 3154 97 27 Martin,

1318 3182 126 27 Perennial,

1326 3210 87 28 Popery
1421 3209 25 21 in
1458 3207 100 27 Ireland,

1317 3236 49 23 The
1376 3235 75 22 Monk
1460 3235 26 21 of
1497 3235 91 26 Cimies,
1597 3234 32 28 by
1639 3234 56 23 Mrs.
1708 3233 133 28 Sherwood,

1319 3263 66 22 Prose
1395 3262 193 27 Forget-me-not,

1319 3289 109 23 Counsels
1436 3288 46 23 and
1493 3288 86 27 advice,
1590 3288 31 32 by
1631 3288 35 22 Sir
1675 3287 112 23 Matthew
1797 3287 65 28 Hall,

1319 3316 85 23 Pocket
1413 3316 85 26 Lacon,
1511 3315 137 28 comprising
1663 3322 44 15 one
1722 3314 115 23 thousand
1847 3321 39 15 ex-

1290 3346 76 24 tracts,

1320 3369 119 28 Thoughts
1448 3369 36 22 for
1493 3368 38 22 the
1542 3376 46 19 sea,

1320 3397 69 22 Hand
1399 3396 60 21 book
1470 3395 26 22 of
1507 3395 62 22 trade
1580 3394 46 23 and
1635 3401 135 20 commerce,

1320 3423 49 24 The
1379 3423 86 22 heart's
1475 3430 59 19 ease,

1295 3480 72 50 ON
1382 3478 81 23 SALE
1477 3481 23 19 at
1519 3478 39 22 the
1577 3477 72 22 Office
1669 3477 24 21 of
1712 3477 45 22 this
1775 3484 112 20 paper:—

1373 3506 63 26 Keys
1447 3505 25 22 of
1480 3504 39 23 the
1527 3504 71 23 Town
1609 3504 25 22 of
1639 3504 59 22 New
1706 3503 130 28 Plymouth,

1322 3533 67 22 Plans
1399 3532 26 21 of
1433 3532 101 28 Country
1545 3531 67 23 Laud
1621 3530 72 23 round
1707 3530 144 28 Wellington,
1862 3530 24 22 in

1293 3567 60 19 case,

1322 3586 69 23 Planß
1401 3584 27 23 of
1434 3584 94 28 Nelson,
1539 3584 24 23 in
1573 3591 59 20 case,

1322 3612 79 27 Copies
1418 3612 28 21 of
1457 3611 39 22 the
1514 3612 55 21 New
1590 3610 100 23 Zealand
1705 3610 101 27 Journal,
1824 3611 62 26 1842,

1294 3639 119 26 complete,
1422 3638 86 27 bound-,

1322 3665 136 28 Chapman's
1468 3664 116 28 Portfolio,
1595 3664 85 27 bound,

1322 3692 74 23 Prints
1402 3692 26 21 of
1434 3692 95 27 Nelson,

1287 3732 2 6 ■
1322 3718 75 24 Prints
1407 3718 27 22 of
1437 3718 147 28 Wellington,

1322 3746 68 23 Plans
1400 3746 26 21 of
1433 3744 88 23 Nelson
1529 3746 25 21 in
1563 3744 86 28 Sheets,

1323 3773 68 22 Plans
1402 3772 25 22 of
1434 3772 101 28 Country
1545 3772 68 21 Land
1623 3775 23 19 at
1658 3771 147 27 Wellington,

1322 3799 68 23 Plans
1400 3799 25 22 of
1432 3799 40 22 the
1481 3798 70 23 Town
1562 3798 27 23 of
1596 3798 57 23 New
1662 3798 130 27 Plymouth.

1286 3827 4 29 I
1321 3830 133 28 September
1463 3831 35 27 19,
1509 3831 64 21 1843.
1611 3834 4 7 v
1622 3826 5 7 '

1286 3882 4 21 !
1296 3881 178 24 /CHARTER
1482 3880 178 29 PARTIES,for
1669 3878 47 25 sals
1727 3883 24 19 at
1756 3882 39 21 the
1804 3880 87 21 Gasette

1286 3903 52 33 l\J
1354 3908 80 23 Offiae.

660 676 66 21 Port
743 676 155 21 Nicholson
918 675 164 22 Mechanics'
1105 675 139 21 Institute.

675 710 18 20 A
711 708 171 22 GREEABLY
898 711 23 19 to
939 716 13 13 a
972 708 130 28 requisition
1122 708 123 22 forwarded

661 740 49 17 XJu
737 738 23 18 to
771 743 36 13 me
817 735 24 21 in
851 735 135 26 conformity
995 735 54 21 with
1058 734 38 22 the
1106 735 52 21 13th
1171 735 74 21 clause

660 762 26 21 of
703 761 37 22 the
758 760 145 23 constitution
922 761 25 21 of
962 761 38 22 the
1015 761 71 21 above
1103 760 112 28 Institute,
1234 761 11 22 I

659 787 82 27 hereby
757 788 52 26 gire
825 787 74 22 notice
917 787 48 21 that
983 794 12 14 a
1011 787 82 27 special
1110 788 98 26 meeting
1225 787 22 22 of

660 814 114 21 Members
790 814 44 21 will
849 814 29 21 be
895 814 84 21 holden
993 814 23 20 in
1026 814 39 20 the
1085 814 120 26 Exchange
1216 821 28 14 on

659 840 124 27 Thursday,
794 840 39 22 the
844 837 51 25 18th
904 840 61 26 inst.,
977 843 21 18 at
1007 840 12 21 7
1033 840 86 22 o'clock
1129 840 114 27 precisely,

659 870 22 20 t,o
701 866 50 22 take
772 868 47 20 into
844 866 162 22 consideration
1012 872 10 10 f
1028 866 40 21 the
1091 867 112 27 propriety
1222 866 25 22 of

659 893 106 27 adopting
780 889 215 30 certain*-bye-laws,
1006 892 44 22 and
1060 892 46 22 also
1116 892 27 23 of
1153 893 92 22 amend-
1263 906 3 13 v

659 920 38 27 ing
708 919 45 22 and
762 919 84 27 adding
858 922 20 19 to
891 919 38 22 the
938 919 89 27 general
1037 920 60 21 laws.

875 953 65 21 John
958 953 120 26 Knowles,
1096 954 120 25 Secretary.

689 979 52 28 July
753 981 32 25 10,
798 980 63 21 1944.

845 1029 36 21 W.
898 1028 34 22 M.
948 1028 106 27 SMITH,

659 1073 57 15 LATE
727 1073 239 15 SURVEYOR-GENERAL
977 1073 27 14 TO
1015 1073 45 15 THE
1077 1074 49 15 NEW
1143 1073 103 16 ZEALAND

896 1099 114 20 COMPANY,

686 1131 144 26 Surveyor,
844 1131 211 26 Draughtsman,
1071 1131 55 20 and
1141 1131 77 21 Land

904 1158 100 25 Agent.

658 1188 179 27 Tinakori-road,
848 1188 102 26 January
962 1189 21 25 4,
995 1189 61 21 1843.

859 1238 78 21 Land
947 1240 30 19 to
990 1239 57 20 Let.

662 1270 168 49 SECTIONS
845 1270 65 21 No's.
927 1271 28 20 24
964 1270 43 21 and
1016 1271 26 20 25
1058 1270 24 22 in
1094 1270 77 28 Ohiro,
1188 1278 59 14 com-
1257 1271 9 21 V

725 1296 77 26 monly
814 1296 73 22 called
898 1296 83 28 Happy
996 1296 88 28 Valley.
1264 1294 2 8 *

687 1324 89 21 Section
785 1323 45 22 No.
840 1324 26 21 23
875 1323 25 22 in
911 1322 38 22 the
960 1323 94 22 Makara
1066 1324 87 27 Valley.

686 1349 73 22 These
770 1350 101 21 Sections
880 1349 50 22 will
938 1350 29 21 be
977 1353 36 18 cut
1021 1357 31 21 up
1059 1350 49 22 into
1120 1351 44 21 lots
1174 1353 22 19 to
1206 1350 43 22 suit

663 1376 93 22 settlers.
785 1376 43 21 For
837 1376 64 27 plans
911 1376 46 21 and
965 1376 129 28 particulars
1105 1378 66 26 apply
1181 1381 21 17 to
1265 1383 1 14 j

986 1408 34 22 W.
1037 1409 34 21 M.
1087 1409 84 26 Smith,

1103 1436 117 27 Surveyor.

662 1466 83 21 Offices
756 1466 23 21 in
791 1468 86 24 cottage
888 1466 70 27 lately
967 1466 107 28 occupied
1083 1467 30 27 by
1123 1467 46 22 Mr.
1180 1466 70 22 Waitt

859 1492 109 23 Tinakori
982 1493 70 22 Road.

689 1518 146 28 Wellington,
847 1519 55 27 July
913 1520 32 26 15,
958 1521 60 20 1844.
1261 1522 4 21 j

1260 1549 6 10 *

901 1570 40 20 To
957 1571 55 19 Let.
1263 1563 3 25 I

662 1603 51 48 A
725 1602 95 23 TOWN
835 1602 92 26 ACRE,
939 1602 44 22 No.
993 1604 47 26 644,
1052 1610 29 15 on
1096 1602 38 23 the
1145 1602 105 23 Tinakori
1261 1595 5 38 {

741 1629 73 23 Road,
825 1629 102 22 between
936 1629 37 22 the
985 1637 48 14 acre
1049 1637 60 20 upon
1120 1629 72 22 which
1211 1636 38 20 my
1263 1636 3 22 j.

661 1655 68 22 house
739 1656 19 21 is
774 1655 97 22 situated
881 1655 48 22 and
944 1656 45 22 Mr.
1002 1656 92 22 Levin's
1109 1656 77 27 house,
1205 1654 46 23 and
1265 1652 2 8 '

662 1689 29 15 on
700 1682 39 23 the
748 1689 60 16 same
819 1682 48 22 side
876 1683 27 21 of
915 1682 38 22 the
972 1682 61 23 road.

1008 1713 36 23 W.
1062 1714 33 22 M.
1113 1714 84 22 Smith.

1042 1741 118 26 Surveyor,

1028 1767 108 22 Tinakori
1150 1766 73 22 Road.

689 1793 144 28 Wellington,
845 1793 55 28 July
910 1793 33 27 15,
956 1795 60 21 1844.

902 1844 41 20 To
958 1844 56 20 Let.
1249 1833 17 35 ff

663 1875 71 49 ON
748 1875 40 22 the
802 1875 133 21 Manawatu
950 1875 73 26 River,
1042 1878 95 23 country
1153 1873 97 23 sections
1258 1869 8 32 <|

727 1901 62 23 No's.
805 1903 27 21 13
849 1901 45 22 and
905 1903 33 24 16,
953 1901 82 22 known
1046 1901 31 27 by
1091 1901 38 22 the
1145 1908 66 15 name
1228 1902 35 32 oij

661 1928 31 21 Te
704 1928 61 29 Kwfe
778 1927 69 23 Kare.
877 1928 45 21 For
932 1927 128 27 particulars
1071 1927 67 27 «p-ily
1146 1931 24 18 to
1207 1947 2 6 ,
1240 1924 20 24 *!

1014 1958 37 22 W.
1065 1951 40 29 M.*
1112 1958 83 22 Smith.

1049 1985 118 26 Surveyor,

1031 2011 108 22 Tinakori
1150 2010 72 23 Road.

688 2038 147 27 Wellington,
847 2038 55 27 July
912 2038 34 27 15,
957 2039 61 21 1844.

661 2088 118 49 LAND
793 2091 23 19 to
825 2088 29 22 be
865 2088 43 22 Let
927 2095 30 14 on
968 2087 103 27 Building
1082 2088 89 27 Leases,
1182 2087 22 22 in
1220 2087 31 22 all

736 2117 61 25 parts
808 2115 26 21 of
842 2115 36 21 the
887 2115 70 21 Town
968 2115 25 21 of
1003 2114 143 27 Wellington.

687 2142 44 22 For
740 2141 137 28 particulars,
889 2141 68 27 apply
968 2144 22 19 at
1000 2141 36 22 the
1047 2141 75 21 offices
1133 2141 27 21 of

852 2175 99 21 George
967 2176 92 21 Samuel
1075 2174 78 22 Evans
1168 2174 46 22 and

852 2201 64 22 Joau
931 2201 74 22 Bates
1022 2201 150 27 Wakefield,

967 2229 115 25 Solicitors,

1027 2255 111 22 Lambton
1148 2256 73 26 Quay.

687 2282 55 28 July
753 2284 33 26 10,
797 2283 62 21 1844.

837 2338 78 20 Land
930 2338 29 20 to
976 2338 92 20 Lease.

662 2368 121 50 TOWN
798 2376 47 16 and
860 2368 148 22 COUNTRY
1022 2368 106 22 LANDS
1139 2369 40 21 TO
1189 2368 60 23 LET

736 2403 30 15 on
776 2395 169 28 advantageous
954 2399 67 19 terms
1030 2395 24 21 in
1065 2395 31 22 all
1105 2399 62 24 parts
1178 2396 26 20 of
1211 2395 37 22 the

661 2422 136 28 Company's
805 2423 148 22 settlements.

896 2450 115 22 Clifford
1025 2456 46 15 and
1086 2448 135 23 Vavasour.

688 2476 145 28 Wellington,
845 2476 66 28 April
918 2477 36 26 24,
967 2477 59 21 1844.

884 2523 55 20 For
957 2522 68 21 Sale.

663 2554 102 49 FIVE
789 2553 98 23 ACRES
909 2553 27 22 of
952 2554 100 26 superior
1068 2553 90 23 LAND
1175 2555 23 20 at
1213 2553 39 22 the

734 2588 73 21 upper
821 2583 52 25 part
887 2580 27 22 of
926 2580 39 22 the
981 2580 83 22 section
1080 2581 25 21 of
1113 2580 138 27 Richmond,

663 2615 30 15 on
703 2608 37 22 the
751 2608 85 22 second
845 2608 66 22 river.
941 2608 78 21 Terms
1028 2607 87 22 liberal.
1145 2607 45 21 For
1202 2614 52 20 par-

664 2635 91 22 ticulars
766 2635 67 28 apply
844 2638 22 18 to

1026 2661 28 21 R.
1069 2661 31 22 D.
1116 2660 109 22 Hanson.

691 2688 114 22 Lambton
814 2689 73 26 Quay,
899 2688 55 27 July
964 2689 21 26 2,
1001 2689 61 21 1844.

814 2745 41 20 To
870 2745 34 20 be
919 2745 52 20 Let
985 2750 29 16 or
1029 2744 75 25 Sold,

664 2779 51 48 A
727 2778 88 22 GOOD
825 2778 133 22 substantial
965 2777 209 23 weather-boarded
1183 2777 73 27 Store,

731 2805 97 22 situated
837 2805 24 22 in
871 2805 38 21 the
920 2812 70 20 upper
999 2809 50 22 part
1061 2804 25 22 of
1096 2804 160 22 Willis-street.

664 2832 49 23 The
724 2839 62 15 same
795 2839 52 20 may
858 2832 28 21 be
896 2839 57 19 very
964 2831 69 27 easily
1041 2831 123 22 converted
1179 2832 49 21 into
1244 2839 14 14 a

666 2858 196 28 dwelling-house.
890 2858 46 22 For
951 2858 137 27 particulars,
1105 2858 67 28 apply
1181 2861 24 18 at
1218 2858 39 22 the

665 2887 74 22 Stores
750 2886 27 22 of
783 2885 76 22 Levin
874 2886 20 21 &
910 2885 47 27 Co.,
970 2885 110 22 Lambton
1091 2886 74 26 Quay.

666 2940 41 20 On
715 2939 57 21 sale
779 2940 30 20 at
814 2938 47 23 the
869 2939 90 20 stores
968 2936 30 23 of
1006 2938 44 20 the
1059 2937 197 27 undersigned,

687 2966 44 21 Ex
924 2965 57 20 and

668 2998 196 50 BLANKETS
881 2999 53 21 10-4
943 2997 44 22 and
1000 2998 56 26 11-4,
1067 2997 101 22 assorted
1178 2996 78 28 colors,
1265 2992 2 33 j

743 3025 76 27 white,
830 3025 89 27 yellow,
929 3024 62 27 blue,
998 3030 75 21 green,
1084 3023 48 23 and
1141 3023 88 28 scarlet,
1265 3025 2 29 j

694 3053 119 26 Druggett,
824 3051 113 26 damasks,
948 3050 103 28 flannels,

694 3079 82 28 Plaids,
788 3079 47 21 and
847 3078 91 26 checks,

694 3106 77 27 Fancy
780 3105 79 28 prints,
870 3105 128 26 domestics,
1009 3104 49 27 &c,

695 3133 75 22 Broad
781 3132 69 27 cloth,

695 3160 88 27 Europe
793 3159 45 22 and
848 3157 98 23 Manilla
954 3165 60 21 rope,

696 3187 67 21 Paint
773 3186 38 27 oil,
820 3185 130 28 turpentine
960 3185 46 22 and
1014 3185 69 27 paint,

696 3213 59 22 Pork
764 3213 25 23 in
798 3212 86 23 barrels
892 3211 47 23 and
948 3211 52 23 half
1011 3211 90 28 barrels,

696 3240 81 27 Hams,
787 3240 84 26 butter,
882 3239 88 27 cheese,

696 3267 98 23 Refined
803 3273 75 20 sugar,

696 3295 108 26 Canvass,
814 3293 66 23 No.'s
889 3294 21 25 3,
922 3293 21 27 4,
954 3293 22 27 5,
985 3293 45 22 and
1044 3295 21 25 6,
1075 3293 85 28 sewing
1170 3293 74 27 twine,

697 3321 145 26 Glass-ware,

696 3348 45 22 Bar
749 3348 57 27 iron,
816 3347 169 27 ironmongery,
995 3346 43 22 and
1049 3346 112 27 tin-ware,

695 3375 65 28 Teas,
779 3374 146 28 gunpowder,
951 3374 98 27 Congou,
1070 3374 126 27 Pouchong
1216 3373 46 23 and

669 3402 82 26 Pekoe,

697 3429 83 27 Coffee,

696 3456 23 22 A
728 3455 63 28 large
801 3455 65 22 stock
874 3455 25 22 of
911 3454 79 23 choice
1002 3454 73 27 wines,

697 3483 92 27 Brandy
796 3481 49 23 and
854 3489 59 19 rum,

697 3509 81 22 Scotch
786 3508 109 28 whiskey,
906 3509 25 22 in
942 3516 34 20 qr.
987 3508 71 27 casks,

697 3536 55 27 Gin,
760 3536 28 22 in
795 3535 67 22 hhds.
873 3535 46 23 and
929 3542 70 19 cases,
1076 3542 12 11 *

929 3561 82 27 Also,,
1025 3575 2 7 .

697 3589 80 22 About
786 3589 28 21 50
823 3591 52 19 tons
884 3588 29 23 V.
924 3587 31 23 D.
965 3589 28 21 L.
1002 3587 65 28 flour,
1078 3590 40 22 Ist.
1130 3589 94 27 quality,

696 3616 27 22 25
732 3615 67 22 hhds.
809 3615 47 22 and
864 3616 27 21 25
899 3615 90 22 barrels
998 3615 62 23 Bass'
1070 3617 88 20 Burton
1166 3617 43 21 ale.

867 3649 137 26 RIDGWAYS,
1016 3649 108 28 GUYTON,
1136 3657 47 15 AND
1193 3650 41 22 Co.

697 3682 146 28 Wellington,
855 3682 60 23 June
926 3684 34 25 18,
972 3683 54 22 1844

920 3735 91 22 Coals.

669 3766 106 51 BEST
790 3766 165 23 COLONIAL
969 3766 99 23 COALS
1082 3769 25 20 at
1126 3766 35 24 £2
1171 3768 31 21 2s.
1221 3773 44 21 per.

746 3796 49 24 ton,
816 3799 26 16 or
868 3792 118 24 delivered
1003 3796 23 19 to
1044 3800 47 20 any
1109 3796 52 24 part
1179 3792 27 23 of
1224 3793 39 22 the

668 3822 71 22 Town
748 3820 36 23 £2
793 3820 33 21 ss.

1017 3850 111 23 Richard
1142 3851 91 26 Baker,

994 3877 26 23 T.
1036 3878 34 22 M.
1084 3878 149 23 Partridge.

697 3910 171 28 Farish-Street,
878 3909 34 24 Te
921 3909 57 28 Aro,
990 3909 53 28 July
1054 3909 20 28 1,
1087 3911 63 22 1844.
