2569 3989
53 1744 92 59 New
176 1744 215 59 Zealand
422 1744 216 59 Gazette

91 1803 69 20 AND
174 1803 219 20 WELLINGTON
413 1803 182 20 SPECTATOR

163 1858 156 24 Wedneiday,
336 1858 61 21 July
413 1857 34 26 17,
465 1858 58 21 1814.

707 1037 47 25 For
766 1045 62 17 some
840 1037 90 23 months
942 1045 13 15 a
968 1037 73 23 native
1051 1036 26 22 of
1086 1035 57 23 New
1156 1034 102 24 Zealand

674 1071 41 23 has
726 1071 57 24 been
795 1070 118 32 acquiring
924 1070 23 23 in
957 1077 40 16 our
1007 1068 73 29 office,
1093 1076 26 15 as
1132 1075 27 16 an
1169 1075 91 15 amuse-

673 1109 71 24 ment,
762 1104 39 23 the
820 1109 33 17 art
874 1103 26 23 of
915 1103 84 30 setting
1017 1107 52 25 type
1087 1101 45 23 and
1149 1100 111 31 printing.

675 1137 50 23 The
739 1136 63 23 other
824 1136 42 30 day
877 1136 29 22 he
924 1135 120 31 presented
1064 1142 27 15 us
1103 1133 54 23 with
1176 1140 14 15 a
1202 1138 61 18 most

674 1169 121 24 creditable
813 1169 142 30 production,
968 1166 93 24 entitled
1079 1167 39 23 the
1131 1165 57 24 New
1199 1165 61 24 Zea-

674 1202 55 23 land
745 1200 143 31 Messenger,
907 1201 43 23 and
971 1200 120 30 composed
1110 1199 44 23 and
1173 1198 90 31 printed

675 1234 96 31 entirely
784 1235 29 30 by
832 1234 98 29 himself,
952 1233 43 24 and
1015 1232 94 24 without
1129 1232 133 30 suggestion

675 1269 59 22 from
754 1276 45 22 any
811 1276 41 14 one
864 1267 50 23 that
926 1275 32 14 we
976 1274 38 15 are
1035 1273 72 16 aware
1121 1265 30 23 of.
1188 1264 76 31 Being

675 1302 104 23 desirous
791 1305 22 19 to
826 1300 68 23 know
905 1300 38 23 the
955 1298 54 24 kind
1023 1298 26 23 of
1063 1298 137 23 instruction
1211 1298 51 22 fur-

676 1334 80 24 nished
775 1338 23 19 to
818 1334 37 22 the
874 1334 87 22 natives
979 1332 30 30 by
1022 1331 38 23 the
1079 1330 60 24 Near
1158 1329 106 24 Zealand

676 1365 142 32 Messenger,
840 1373 33 16 we
891 1370 40 26 got
951 1366 18 22 it
988 1364 133 28 translated,
1143 1363 65 22 when
1229 1370 34 16 we

677 1399 70 23 found
759 1399 49 23 that
819 1399 17 23 it
847 1397 178 25 communicated
1039 1401 21 18 to
1074 1397 61 23 them
1147 1395 49 23 that
1209 1396 53 23 Col.

677 1431 129 24 Wakefield
816 1439 46 16 was
881 1439 14 15 a
911 1432 73 22 better
1004 1434 129 26 paymaster
1145 1429 54 22 than
1211 1429 51 23 Mr.

677 1465 80 30 Spain.
794 1464 42 24 We
848 1472 59 15 were
918 1464 47 23 also
977 1462 111 24 informed
1100 1462 50 23 that
1159 1462 38 22 the
1209 1461 53 23 lan-

676 1505 74 23 guage
762 1498 56 22 used
830 1505 45 14 was
887 1504 54 23 very
953 1500 95 19 correct.

710 1531 25 23 A
752 1538 69 23 paper
840 1530 24 22 in
883 1530 39 22 the
940 1530 75 22 native
1034 1528 113 31 language
1166 1527 42 23 has
1225 1527 38 23 for

677 1571 62 16 some
761 1564 54 22 time
837 1563 58 22 been
917 1561 89 32 printed
1029 1561 45 23 and
1098 1559 120 24 circulated
1241 1564 24 19 at

676 1596 132 24 Auckland.
843 1595 50 23 But
903 1596 19 22 it
934 1602 45 16 was
994 1594 78 23 issued
1084 1598 22 19 at
1119 1593 37 23 the
1168 1601 96 22 sugges-

677 1630 48 22 tion
745 1629 23 23 of
785 1629 142 30 Europeans,
948 1627 44 23 and
1009 1634 34 16 we
1060 1627 96 28 believe,
1169 1627 20 21 is
1209 1626 55 23 both

676 1662 110 31 prepared
796 1662 42 22 and
851 1661 91 32 printed
951 1660 31 30 by
992 1660 69 23 them.
1098 1659 44 23 We
1152 1658 66 23 think
1225 1659 39 23 the

676 1694 59 24 New
745 1694 103 23 Zealand
860 1692 142 31 Messenger,
1016 1693 18 23 is
1054 1693 37 23 the
1103 1693 51 22 first
1171 1697 94 26 attempt

676 1733 38 26 yet
727 1728 65 22 made
804 1728 23 22 in
840 1727 65 22 these
916 1726 84 23 islands
1013 1726 31 30 by
1056 1733 13 16 a
1080 1726 75 22 native
1169 1730 21 17 to
1202 1732 62 15 com-

676 1761 114 23 municate
803 1759 99 30 through
919 1759 38 23 the
976 1766 72 24 press,
1060 1759 24 23 in
1103 1759 35 22 his
1151 1765 48 15 own
1215 1759 48 22 lan-

676 1801 82 23 guage,
771 1792 54 24 with
835 1792 37 24 his
884 1792 73 24 fellow
969 1798 159 24 countrymen.

710 1827 52 23 The
773 1827 37 23 lad
823 1827 18 22 is
851 1825 87 30 willing
950 1830 23 18 to
986 1832 104 23 compose
1098 1824 44 24 and
1154 1824 61 31 print
1226 1824 39 23 the

677 1857 134 33 Messenger
823 1858 120 31 regularly,
956 1858 43 23 and
1009 1865 33 16 we
1054 1857 57 24 have
1124 1858 23 22 in
1159 1861 103 19 contem-

676 1893 86 31 plation
774 1892 84 31 having
868 1891 48 23 him
928 1891 29 23 do
975 1898 33 16 so.
1053 1890 44 24 We
1109 1890 57 23 have
1177 1889 88 31 spoken

676 1931 22 18 to
711 1926 36 23 his
760 1926 81 23 Honor
853 1924 40 23 the
913 1923 192 32 Superintendent
1117 1931 29 15 on
1159 1923 38 22 the
1209 1923 55 23 sub-

673 1958 56 31 ject,
742 1958 45 23 and
798 1958 29 23 he
838 1959 20 21 is
869 1957 57 31 fully
938 1957 56 23 alive
1006 1961 23 18 Co
1042 1956 38 22 the
1091 1956 76 22 useful
1175 1956 88 22 instru-

676 1995 63 19 ment
750 1991 56 23 such
819 1998 27 15 an
858 1989 125 24 individual
995 1996 52 22 may
1054 1988 28 23 be
1093 1988 75 27 made,
1180 1987 35 23 for
1226 1987 39 23 the

677 2024 163 22 advancement
851 2022 61 24 alike
924 2022 26 22 of
965 2021 37 23 the
1015 2020 103 24 material
1135 2020 96 23 interest
1243 2020 24 23 of

677 2057 37 22 the
728 2057 74 22 native
816 2055 44 24 and
880 2056 131 29 immigrant
1028 2057 124 27 occupants
1165 2052 25 24 of
1206 2053 57 23 New

676 2089 110 23 Zealand.
818 2088 53 24 And
881 2088 29 23 he
922 2088 40 23 has
971 2087 122 31 expressed
1103 2086 35 23 his
1149 2086 115 23 readiness

676 2127 22 18 to
710 2122 92 30 provide
815 2130 28 15 an
855 2122 134 30 interpreter
1007 2125 22 17 to
1042 2119 166 23 communicate
1226 2119 38 23 the

676 2155 102 30 subjects
787 2162 59 24 upon
856 2154 73 23 which
937 2155 18 22 it
962 2154 20 22 is
991 2152 50 23 well
1052 2152 37 23 the
1099 2152 76 23 native
1183 2151 81 24 should

676 2188 93 23 address
787 2188 36 22 his
841 2187 74 23 fellow
926 2190 148 26 countrymen
1086 2185 60 23 from
1164 2184 64 24 week
1241 2189 22 18 to

675 2220 72 29 week,
760 2221 42 23 and
816 2225 21 19 to
851 2227 95 23 arrange
958 2219 48 23 that
1018 2219 75 30 copies
1106 2217 25 24 of
1147 2217 38 23 the
1197 2215 66 25 Mes-

674 2260 81 25 senger
766 2253 60 24 shall
835 2253 30 23 be
876 2253 41 23 left
929 2253 30 29 by
971 2252 38 23 the
1021 2252 54 22 mail
1088 2251 35 23 for
1142 2250 37 24 the
1192 2250 72 23 chiefs

675 2291 23 19 at
727 2286 105 29 Porirua,
855 2286 131 27 Waikanai,
1011 2285 81 27 Otaki,
1122 2283 141 29 Manawatu,

675 2320 139 29 Wanganui,
827 2319 43 23 and
879 2319 65 23 other
955 2318 75 31 places
1041 2325 29 15 on
1078 2317 39 23 the
1128 2320 69 19 coast.
1236 2316 27 23 In

675 2352 100 23 addition
796 2358 24 18 to
832 2352 38 23 the
882 2352 36 23 aid
938 2352 23 23 in
974 2351 111 31 question,
1098 2350 123 30 important
1240 2357 25 15 as

674 2386 19 23 it
703 2386 30 29 is,
743 2385 128 31 something
877 2392 63 16 more
948 2385 20 22 is
978 2383 94 24 needed.
1109 2379 50 27 The
1167 2383 98 22 services

675 2419 44 22 and
732 2419 37 23 the
781 2417 106 26 material
905 2418 56 23 used
980 2417 29 30 by
1023 2417 38 22 the
1074 2416 75 23 native
1162 2420 59 18 must
1234 2415 28 23 be

674 2452 52 31 paid
737 2452 43 23 for.
817 2452 23 22 It
851 2459 52 22 may
913 2451 29 23 be
952 2450 48 24 that
1007 2450 113 22 hereafter
1131 2448 37 23 the
1178 2448 87 23 natives

675 2485 45 23 will
733 2485 127 23 contribute
877 2483 111 31 willingly
1000 2482 96 24 towards
1115 2481 37 23 the
1171 2485 94 27 support

674 2517 26 23 of
708 2525 14 15 a
733 2525 69 24 paper
823 2518 23 22 in
859 2517 58 23 their
929 2524 49 16 own
996 2516 122 30 language,
1132 2515 133 29 containing

674 2551 76 23 useful
762 2551 44 23 and
815 2551 135 29 interesting
960 2549 145 23 information
1115 2556 6 21 ;
1135 2548 41 22 but
1184 2552 22 18 at
1213 2547 52 23 first

675 2584 38 22 the
733 2591 70 24 paper
822 2587 60 19 must
900 2582 28 24 be
940 2582 117 24 furnished
1075 2586 22 19 to
1110 2580 63 25 them
1185 2580 78 30 gratis,

675 2617 44 23 and
729 2624 33 16 we
775 2616 81 24 should
868 2616 28 22 be
907 2615 83 30 willing
1002 2620 23 18 to
1035 2619 96 27 support
1138 2613 38 23 the
1189 2614 76 23 native

675 2650 44 23 and
733 2649 93 30 provide
837 2649 39 24 the
895 2648 113 24 materials
1020 2647 54 24 with
1095 2647 47 23 this
1154 2646 82 31 object,
1249 2646 20 23 if

676 2683 38 23 the
726 2683 89 23 income
827 2682 59 24 from
905 2689 40 15 our
957 2688 49 16 own
1018 2680 174 24 establishment
1204 2687 59 15 war-

675 2715 81 24 ranted
768 2723 27 16 us
816 2716 23 22 in
851 2723 25 14 so
890 2714 77 30 doing.
1002 2713 63 24 Such
1077 2714 21 23 is
1110 2718 40 18 not
1163 2713 38 22 the
1212 2720 54 15 case

677 2748 44 23 and
734 2747 110 25 therefore
855 2747 19 23 if
883 2747 46 24 this
940 2746 38 24 lad
989 2747 20 23 is
1022 2751 22 19 to
1056 2746 28 24 be
1094 2745 109 25 rendered
1212 2753 53 15 use-

675 2780 35 24 ful
722 2788 63 17 some
804 2785 158 25 arrangement
980 2784 62 19 must
1058 2780 29 23 he
1100 2779 66 23 made
1178 2779 33 22 for
1229 2779 37 22 his

676 2819 103 26 support,
792 2813 44 24 and
846 2813 38 23 for
903 2813 38 23 the
954 2820 111 23 expences
1076 2812 27 24 of
1117 2812 102 31 printing
1230 2811 36 23 his

675 2847 157 31 productions.

710 2880 25 23 A
757 2887 55 24 very
834 2879 58 23 little
912 2879 116 23 reflection
1047 2878 44 24 will
1112 2878 68 30 bring
1192 2881 23 20 to
1228 2876 38 24 the

677 2913 63 23 mind
762 2913 40 23 the
821 2912 59 31 good
903 2913 49 22 that
972 2911 73 24 would
1069 2911 71 23 result
1162 2911 58 23 from
1253 2918 14 15 a

677 2946 123 31 periodical
821 2945 140 31 publication
981 2945 93 23 devoted
1095 2950 22 17 to
1137 2943 38 24 the
1196 2943 71 24 social

677 2979 163 23 advancement
851 2979 26 22 of
893 2978 37 23 the
950 2979 73 22 native
1042 2977 143 31 population.
1233 2976 34 24 At

676 3012 52 23 first
739 3012 18 22 it
770 3011 72 23 would
853 3012 91 22 contain
956 3019 28 15 on
996 3010 55 24 each
1064 3011 105 23 occasion
1189 3017 13 16 a
1222 3010 44 23 few

677 3045 141 31 paragraphs
839 3044 107 31 pointing
968 3048 40 19 out
1027 3048 24 18 to
1072 3043 63 23 them
1150 3043 50 24 how
1213 3043 54 30 they

677 3077 66 24 could
756 3076 156 33 permanently
925 3084 79 17 secure
1015 3076 137 24 themselves
1165 3076 102 31 supplies

677 3111 26 23 of
727 3110 103 31 clothing
848 3110 45 24 and
917 3110 64 24 other
999 3109 78 31 things
1097 3116 123 23 necessary
1244 3113 23 19 to

677 3144 60 23 their
748 3143 103 31 physical
863 3142 51 25 well
925 3144 76 29 being.
1043 3142 40 24 On
1095 3142 55 23 each
1163 3142 103 23 occasion

677 3176 55 30 they
743 3175 75 32 might
828 3177 28 22 he
867 3175 48 24 told
926 3176 38 23 the
976 3175 97 23 demand
1084 3175 64 23 there
1168 3182 45 16 was
1233 3174 34 23 for

677 3210 73 30 grain,
773 3209 55 29 flax,
851 3209 60 30 pigs,
935 3208 81 28 tallow,
1041 3208 72 29 wood,
1136 3208 46 23 and
1203 3208 64 23 other

677 3241 109 32 products
798 3242 34 23 for
844 3241 39 23 the
895 3241 82 31 supply
997 3241 25 23 of
1038 3241 75 23 which
1133 3241 53 31 they
1206 3248 60 23 may,

677 3274 56 24 with
755 3282 60 20 care,
834 3274 28 23 be
880 3274 66 23 made
967 3278 59 19 most
1044 3274 105 23 valuable
1168 3278 81 27 agents
1259 3282 6 20 ;

678 3307 44 23 and
735 3315 24 15 as
771 3307 59 24 their
841 3308 108 22 interests
962 3314 45 16 was
1019 3307 89 23 excited
1121 3307 38 23 the
1166 3307 101 32 subjects

677 3340 76 31 might
764 3341 28 22 he
804 3339 55 24 both
867 3339 112 24 extended
986 3339 43 23 and
1040 3340 25 23 of
1074 3348 15 15 a
1093 3348 63 15 more
1166 3339 103 24 elevated

679 3377 88 19 nature.
813 3372 104 24 Humble
929 3380 26 15 as
968 3372 37 23 the
1015 3370 58 25 New
1085 3372 105 24 Zealand
1199 3370 68 25 Mes-

677 3412 82 24 senger
771 3406 72 30 might
856 3405 28 23 be
896 3410 23 19 at
936 3405 58 28 first,
1016 3412 33 16 we
1070 3405 58 24 have
1149 3413 29 15 no
1197 3405 72 23 doubt

678 3438 49 23 that
739 3438 38 23 the
789 3438 109 23 colonists
909 3438 24 23 in
945 3445 14 16 a
970 3437 79 31 couple
1069 3438 24 23 of
1109 3445 66 23 years
1193 3438 74 23 would

679 3471 27 23 be
719 3470 130 25 astonished
862 3471 53 23 with
927 3470 39 24 the
976 3477 105 24 progress
1091 3471 26 23 cf
1132 3471 60 30 good
1209 3471 58 23 feel-

679 3504 59 30 ings,
752 3504 43 24 and
807 3504 101 23 increase
919 3504 24 23 in
955 3502 101 32 supplies
1068 3503 25 24 of
1109 3504 29 23 all
1155 3503 77 30 kinds,
1246 3504 24 23 of

679 3537 73 23 which
765 3538 18 22 it
801 3537 73 23 would
896 3536 28 24 be
945 3535 69 24 found
1034 3540 22 19 to
1076 3535 59 25 have
1152 3537 58 23 been
1229 3536 39 24 the

679 3577 76 16 cause.
1272 3581 2 8 '

928 3621 89 23 OIL.

714 3675 37 29 By
762 3675 39 23 the
813 3674 69 30 Kate,
896 3675 73 23 which
986 3676 89 23 arrived
1087 3676 58 24 from
1158 3676 38 24 the
1208 3676 60 25 East

681 3707 70 23 Coast
771 3715 29 15 on
820 3708 102 31 Monday
940 3708 52 29 last,
1017 3715 32 17 we
1070 3709 65 24 learn
1157 3709 49 24 that
1230 3709 38 24 the

678 3740 104 23 fisheries
794 3748 37 16 are
844 3741 65 23 there
925 3741 48 23 also
993 3743 149 29 progressing
1162 3742 105 25 satisfac-

679 3773 76 30 torily.

204 1906 84 23 OIL
325 1907 164 22 CASKS.

87 1946 39 24 On
150 1945 146 31 Wednesday
326 1947 45 23 last
399 1947 88 23 several
516 1946 130 31 gentlemen

53 1978 123 24 interested
188 1979 23 22 iv
224 1978 37 23 the
282 1986 127 16 commerce
430 1979 46 23 and
495 1979 120 22 otherwise
625 1978 24 23 of

54 2011 46 23 this
123 2011 131 23 settlement
275 2015 49 19 met
342 2016 24 18 at
388 2011 101 24 Messrs.
513 2011 72 23 Gunn
604 2011 43 23 and

55 2044 118 30 Murray's
184 2051 132 24 cooperage,
331 2048 22 19 to
365 2044 93 23 witness
471 2044 38 23 the
527 2044 86 30 testing
625 2044 24 22 of

55 2085 29 15 an
102 2077 31 22 oil
153 2076 55 24 cask
228 2077 65 23 made
309 2078 26 22 of
355 2078 58 23 New
437 2076 101 24 Zealand
561 2081 85 19 staves.

55 2111 29 22 In
103 2117 139 23 appearance
262 2109 40 24 the
322 2110 68 23 casks
411 2118 46 15 was
470 2118 25 15 as
516 2110 58 30 good
593 2117 25 15 as
631 2109 18 23 if

54 2143 66 23 made
141 2142 59 24 from
225 2142 36 23 the
284 2142 52 24 best
359 2143 76 23 Baltic
464 2148 84 18 staves.
596 2142 52 24 The

55 2180 76 19 staves
141 2175 45 24 bad
207 2175 58 24 been
283 2175 88 31 hastily
382 2176 119 28 seasoned,
515 2175 30 31 by
556 2175 92 31 putting

54 2208 62 24 them
127 2208 23 23 in
161 2216 30 15 an
213 2215 56 16 oven
280 2217 7 19 ;
308 2216 34 16 we
355 2208 44 24 will
413 2208 52 24 take
489 2208 37 24 the
538 2213 109 26 opportu-

55 2242 74 29 tunity
143 2241 24 24 of
186 2241 93 30 stating,
293 2241 50 24 that
362 2242 19 22 it
400 2241 43 23 has
454 2242 58 22 been
524 2241 123 31 suggested

55 2279 23 18 to
90 2281 29 16 us
137 2274 48 23 that
204 2278 75 19 staves
299 2274 44 24 and
355 2274 83 23 timber
456 2282 52 23 may
519 2274 29 23 be
559 2274 88 31 rapidly

56 2307 106 23 seasoned
183 2307 31 30 by
233 2307 70 30 being
321 2307 109 28 steamed,
454 2307 53 24 with
529 2307 35 23 far
585 2314 62 16 more

56 2339 126 32 advantage
203 2339 54 24 than
277 2340 30 30 by
320 2348 14 15 a
354 2348 62 16 more
429 2340 71 24 direct
512 2340 136 31 application

56 2373 23 23 of
96 2373 61 23 heat.
193 2372 35 24 To
240 2372 31 23 all
291 2377 93 26 present
395 2373 40 23 the
454 2373 51 23 trial
524 2381 45 15 was
588 2377 59 19 most

54 2405 152 31 {satisfactory,
220 2405 43 24 and
276 2405 37 24 the
327 2406 112 30 difficulty
449 2406 69 24 about
529 2406 118 30 obtaining

56 2446 13 15 a
80 2439 82 30 supply
174 2439 25 23 of
217 2438 30 24 oil
259 2438 69 23 casks
340 2439 36 23 for
397 2439 76 23 future
490 2446 92 16 seasons
594 2446 52 23 may

56 2479 49 15 now
117 2472 28 22 be
157 2471 72 23 stated
242 2476 23 18 to
286 2472 27 22 be
334 2472 115 23 removed.
485 2472 67 30 They
564 2480 42 15 can
618 2472 28 23 be

56 2504 65 23 made
140 2504 21 23 in
184 2504 134 26 abundance
340 2512 28 16 on
390 2504 38 24 the
447 2509 59 27 spot,
526 2506 42 22 and
590 2511 24 17 at
633 2512 15 15 a

56 2537 115 23 moderate
183 2537 70 31 price.
289 2537 45 24 We
346 2537 59 31 hope
427 2545 67 23 every
507 2545 138 23 encourage-

56 2573 63 20 ment
141 2569 46 24 will
210 2570 27 23 be
260 2570 71 30 given
348 2574 24 19 to
393 2570 100 24 Messrs.
514 2571 72 23 Gunn
602 2570 44 24 and

58 2602 97 30 Murray
169 2602 37 24 for
225 2602 38 24 the
282 2603 87 23 service
387 2603 54 30 they
458 2603 57 24 have
535 2603 113 24 rendered

58 2634 106 31 whaling,
178 2635 29 30 by
220 2634 152 31 establishing
381 2635 39 24 the
433 2637 71 28 point.

90 2667 44 23 We
146 2667 57 24 have
224 2667 91 31 already
328 2669 130 30 repeatedly
470 2669 73 24 stated
563 2677 25 16 as
607 2676 41 16 our

58 2700 99 31 opinion,
171 2700 49 24 that
237 2700 65 23 there
323 2701 46 24 will
384 2701 29 24 be
432 2709 14 16 a
463 2700 96 26 demand
571 2703 24 22 in
609 2702 37 23 the

57 2733 168 31 neighbouring
242 2733 101 24 colonies
361 2734 35 23 for
419 2733 31 25 all
471 2735 39 23 the
533 2735 69 23 kinds
626 2735 23 23 of

57 2766 63 23 wood
132 2766 44 23 and
186 2766 69 23 kinds
268 2766 26 23 of
303 2772 75 18 staves
390 2774 33 16 we
437 2774 41 17 can
487 2773 81 26 export
576 2777 7 19 ;
603 2767 45 24 and

59 2799 26 23 in
97 2798 110 31 England
218 2800 35 22 for
265 2806 42 16 our
313 2800 115 23 furniture
437 2800 72 24 wood.
545 2800 50 24 The
606 2800 43 24 fol-

61 2831 84 31 lowing
166 2832 47 23 will
234 2833 53 29 give
308 2840 63 17 some
388 2833 52 23 idea
462 2834 26 23 of
505 2833 38 24 the
565 2833 84 24 annual

61 2864 98 24 demand
171 2866 24 22 in
211 2864 111 30 England
333 2866 36 23 for
380 2870 84 20 staves.

91 2897 82 23 Staves
194 2898 92 23 entered
307 2899 48 22 into
367 2898 37 24 the
418 2899 89 24 United
526 2899 118 31 Kingdom

58 2930 23 23 in
94 2937 42 16 one
145 2937 62 21 year,
222 2931 108 27 108,507
341 2936 66 26 great
422 2931 116 25 hundreds
574 2932 75 28 value,

58 2963 139 28 759,000.
233 2962 52 24 The
307 2964 71 23 whole
399 2964 65 24 value
481 2965 26 23 of
523 2965 63 23 wood
603 2965 44 24 im-

58 2995 80 31 ported
160 2996 21 23 is
204 2996 183 30 14,000,000,
411 2997 28 23 of
458 2998 73 22 which
554 3003 95 18 amount

59 3029 131 28 600,000
202 3036 45 16 was
259 3029 54 30 paid
324 3029 36 23 for
369 3030 129 31 mahogany
507 3031 73 24 alone.

93 3060 45 24 We
159 3061 87 24 believe
267 3062 49 23 that
337 3070 14 15 a
370 3062 60 32 good
449 3063 63 24 trade
531 3064 35 23 for
586 3068 63 19 stave

57 3094 102 31 splitters
171 3094 46 23 will
235 3102 56 15 soon
309 3096 68 29 arise,
390 3103 33 15 we
443 3096 73 24 would
536 3097 113 24 therefore

58 3131 95 25 suggest
159 3126 38 24 the
205 3128 116 30 propriety
329 3128 25 23 of
364 3136 63 16 some
434 3130 25 22 of
468 3137 42 15 our
519 3130 130 24 woodsmen

58 3158 95 31 making
164 3159 139 23 themselves
313 3160 82 24 skilful
407 3162 25 22 in
444 3162 37 23 the
494 3167 43 19 art.

91 3196 68 23 Since
173 3198 90 30 writing
282 3197 39 24 the
333 3198 127 32 foregoing,
473 3200 39 24 the
524 3200 124 32 subjoined

58 3229 42 23 has
111 3229 58 23 been
181 3229 87 23 handed
280 3234 24 19 to
317 3238 35 21 us,
366 3239 28 16 on
407 3232 39 23 the
457 3233 90 31 subject
557 3241 6 16 :

85 3266 49 22 The
143 3266 142 28 importation
296 3268 26 20 of
328 3271 73 18 staves
411 3268 47 22 into
470 3270 70 22 Great
550 3271 98 26 Britian,

61 3301 47 13 was
117 3294 23 20 in
147 3294 64 26 1831,
221 3293 23 21 in
254 3294 74 21 round
335 3295 107 21 numbers

487 3323 56 16 Great
548 3323 96 18 hundreds

86 3340 65 22 From
161 3340 39 21 the
210 3340 72 21 Baltic
543 3344 79 25 25,000

84 3366 69 23 From
164 3367 28 22 B.
201 3367 31 21 N.
244 3367 108 22 America
546 3371 78 26 50,000

113 3420 70 22 Great
193 3419 114 23 hundreds
547 3423 77 28 75,000

59 3452 81 21 Which
159 3455 24 18 at
202 3459 28 14 an
246 3459 97 20 average
361 3452 60 28 price
440 3454 25 21 of
481 3454 33 23 9
531 3462 40 19 per
587 3458 64 24 great

59 3477 110 28 hundred,
181 3485 25 15 or
216 3480 47 25 120,
273 3479 66 27 gives
541 3481 111 28 675,000

60 3509 63 22 Price
134 3510 24 20 of
166 3513 74 19 staves
248 3510 24 21 in
284 3509 97 23 London
388 3510 24 22 in
424 3511 60 26 1843,
496 3511 54 27 duty
557 3513 51 26 paid
617 3520 5 14 ::

86 3536 92 24 Quebec
186 3536 51 27 pipe
251 3542 40 21 per
301 3538 63 25 1,200
577 3539 47 24 95

87 3563 46 22 Do.
144 3562 53 27 hhd,
216 3567 43 17 two
276 3562 72 22 thirds
366 3563 83 27 barrel,-
460 3572 44 14 one
519 3564 51 22 half

115 3588 39 22 the
168 3588 60 28 price
238 3589 27 21 of
271 3588 52 28 pipe

86 3615 94 25 Quebec
190 3615 58 27 pipe,
263 3617 9 19 1
276 3617 15 24 J
299 3616 51 22 inch
597 3618 28 22 45

86 3642 62 22 Hhd.
158 3642 47 22 and
213 3642 74 22 barrel
298 3642 23 31 jo
330 3643 137 30 proportion.

86 3668 97 26 Dan&sic
192 3668 80 23 Crown
281 3668 53 28 pipe
581 3672 40 22 150

87 3695 45 22 Do.
143 3695 54 27 long
206 3694 105 28 heading,
323 3702 43 15 one
380 3695 69 28 third,

87 3722 45 22 Do.
142 3722 62 21 abort
213 3721 43 27 do.,
267 3721 128 28 half-price.

86 3748 86 22 Meinel
181 3755 73 15 crown
265 3748 53 27 pipe
584 3751 40 22 150

93 3781 45 23 We
149 3781 94 29 believe,
256 3781 51 23 that
328 3784 48 21 100
387 3787 85 25 staves,
485 3784 37 23 six
533 3784 47 24 feet
597 3784 55 32 long

60 3814 38 23 six
117 3814 80 23 inches
218 3813 70 24 broad
308 3814 47 23 and
367 3822 43 16 one
430 3816 45 23 and
486 3824 15 16 a
512 3817 50 23 half
578 3817 72 30 thick,

60 3854 104 16 measure
175 3846 70 23 about
256 3854 45 16 one
312 3852 47 19 ton.
397 3847 26 24 If
438 3849 56 23 such
507 3854 75 19 staves
594 3858 57 17 were

61 3880 70 23 taken
151 3887 25 17 as
197 3878 88 25 broken
296 3884 101 27 stowage
418 3884 23 20 to
453 3881 108 32 England
579 3888 23 19 at
614 3884 37 24 2

61 3920 40 24 per
114 3916 46 25 ton,
173 3912 39 23 the
223 3911 85 32 freight
319 3913 74 24 would
406 3919 95 19 amount
512 3919 23 19 to
544 3916 56 23 20
611 3923 40 24 per

878 3829 192 25 NELSON.

714 3881 45 25 We
772 3882 57 24 have
848 3883 105 23 received
971 3883 89 24 Nelson
1077 3883 148 31 Examiners,
1247 3885 24 23 of

680 3914 37 23 the
729 3915 61 24 29th
803 3915 59 23 June
874 3915 45 23 and
931 3915 41 24 6th
984 3916 55 30 July
1048 3923 6 21 ;
1066 3917 44 22 and
1120 3917 30 29 by
1158 3913 113 28 thelatteii

1319 1705 26 21 In
1358 1705 36 21 the
1404 1709 89 23 present
1504 1705 115 26 Secretary
1629 1705 35 21 for
1675 1705 35 21 the
1723 1705 109 26 Colonies,
1844 1712 32 14 we

1291 1731 56 22 have
1364 1739 23 15 as
1405 1736 47 17 true
1470 1731 91 22 hearted
1579 1739 27 13 an
1623 1731 147 26 Englishman
1786 1738 24 14 as
1827 1738 52 14 ever

1291 1758 65 26 lived,
1368 1765 42 15 one
1421 1758 48 21 who
1481 1758 42 21 will
1542 1763 38 17 not
1590 1762 50 18 turn
1657 1765 12 14 a
1679 1757 56 22 deaf
1746 1764 39 15 ear
1801 1761 21 18 to
1838 1764 41 15 our

1291 1785 195 26 repiesentations.
1514 1785 49 22 The
1580 1787 39 19 tax
1634 1791 59 20 upon
1704 1784 38 21 the
1759 1787 118 24 squatters,

1291 1811 17 22 it
1323 1812 73 21 would
1411 1812 25 20 be
1446 1818 59 14 seen,
1523 1818 44 15 was
1584 1814 22 18 to
1615 1811 28 21 be
1661 1810 116 22 increased
1792 1811 33 21 for
1841 1811 38 21 the

1291 1845 94 20 purpose
1406 1837 25 22 of
1450 1837 98 28 keeping
1566 1845 30 20 up
1615 1837 39 22 the
1672 1838 61 26 price
1753 1837 25 21 of
1800 1837 78 22 Crown

1292 1865 64 21 Land
1366 1869 23 17 to
1405 1864 37 22 the
1451 1868 126 18 monstrous
1594 1868 47 18 rate
1651 1865 26 21 of
1688 1864 34 24 1
1740 1871 40 19 per
1792 1871 56 19 acre,
1866 1872 13 13 a

1291 1891 59 32 price
1361 1891 71 23 which
1443 1891 73 21 would
1525 1891 52 22 take
1587 1891 57 21 from
1660 1891 38 21 the
1708 1890 73 27 newly
1791 1891 88 21 arrived

1292 1918 130 27 immigrant
1436 1917 50 22 that
1495 1918 80 27 capital
1591 1917 73 22 which
1675 1917 70 27 ought
1762 1920 22 18 to
1795 1917 27 21 be
1839 1924 39 14 ex-

1289 1945 89 29 jteaded
1397 1951 59 19 upon
1476 1944 37 20 the
1532 1945 165 26 improvement
1715 1944 25 20 of
1763 1943 39 22 the
1824 1944 55 21 land

1291 1970 67 21 ttself.
1389 1970 36 21 He
1436 1977 43 14 was
1489 1977 72 14 aware
1572 1970 47 21 that
1635 1970 29 21 he
1673 1970 45 21 had
1728 1969 53 27 high
1800 1970 78 21 autho-

1292 1997 44 26 rity
1352 1996 86 27 against
1451 1996 49 21 him
1517 2003 29 14 on
1563 1996 47 21 that
1624 1996 62 26 point
1694 2003 5 14 :
1725 1996 48 20 that
1789 1996 29 20 he
1834 1996 45 21 had

1294 2024 35 20 Sir
1343 2022 89 27 George
1447 2022 77 27 Gipps,
1542 2022 43 21 and
1603 2029 42 14 one
1662 2022 64 21 other
1740 2022 101 21 member
1857 2022 26 21 of

1293 2048 37 22 the
1347 2049 122 22 Executive
1488 2049 98 25 Council,
1605 2049 95 26 opposed
1717 2050 23 19 to
1757 2048 46 21 him
1811 2055 5 18 ;
1838 2048 41 22 but

1293 2075 27 22 he
1328 2075 43 22 still
1382 2075 137 22 maintained
1527 2075 48 22 that
1585 2074 37 23 the
1629 2075 78 27 people
1719 2075 26 21 of
1751 2074 38 21 the
1797 2074 79 28 colony

1292 2109 37 14 are
1345 2102 59 27 right
1419 2109 28 14 on
1465 2102 43 21 this
1525 2102 68 27 point,
1613 2102 45 21 and
1674 2102 37 21 the
1730 2105 148 23 government

1293 2135 82 20 wrong.
1404 2128 62 27 They
1482 2135 57 15 were
1548 2128 105 27 practical
1669 2135 59 19 men,
1747 2128 52 26 they
1815 2128 63 22 knew

1293 2155 57 21 what
1361 2156 16 21 it
1388 2163 43 14 was
1443 2159 20 17 to
1472 2162 30 20 go
1512 2155 58 22 forth
1581 2155 47 21 into
1638 2154 38 22 the
1686 2154 128 22 wilderness
1833 2155 45 23 and

1293 2182 84 22 subdue
1387 2182 17 21 it
1411 2189 5 19 ;
1433 2181 43 22 and
1486 2181 54 29 they
1549 2182 55 26 said,
1620 2181 48 22 that
1677 2181 71 26 fixing
1759 2181 37 21 the
1812 2182 67 21 mini-

1292 2215 62 15 mum
1364 2209 59 27 price
1432 2208 25 22 of
1467 2208 53 21 land
1538 2212 23 17 at
1570 2208 33 24 1
1613 2215 41 20 per
1669 2215 52 14 acre
1731 2215 44 14 was
1785 2214 14 15 a
1814 2215 65 14 mon-

1291 2239 72 18 strous
1380 2235 43 22 and
1442 2242 12 14 a
1469 2234 81 23 foolish
1567 2238 43 19 act.
1639 2234 44 23 But
1698 2235 29 21 he
1744 2233 73 23 would
1831 2235 47 21 also

1292 2262 60 21 show
1362 2262 49 23 that
1420 2261 101 23 theorists
1532 2269 24 14 as
1566 2262 49 21 well
1626 2269 24 13 as
1662 2260 107 28 practical
1778 2268 53 15 men
1841 2269 37 14 are

1293 2288 87 26 against
1398 2288 37 22 the
1451 2288 54 26 high
1523 2288 117 22 minimum
1658 2288 60 26 price
1726 2295 5 14 :
1756 2287 29 22 he
1806 2288 73 22 would

1293 2318 66 24 quote
1370 2314 38 23 the
1418 2315 89 27 opinion
1518 2315 26 21 of
1556 2322 41 14 one
1610 2314 24 22 of
1646 2314 37 22 the
1692 2317 99 24 greatest
1801 2315 77 21 autho-

1293 2342 61 21 rities
1369 2342 26 21 of
1408 2341 37 22 the
1461 2344 90 24 present
1568 2342 49 26 day,
1638 2345 40 18 not
1693 2348 25 14 as
1736 2340 105 28 applying
1857 2345 22 18 to

1293 2368 43 21 this
1352 2368 81 27 colony
1446 2368 58 27 only,
1523 2368 38 21 but
1578 2368 28 21 ail
1624 2367 37 22 the
1676 2368 99 21 colonies
1806 2368 71 21 which

1293 2401 36 14 are
1348 2394 140 27 repudiating
1512 2394 37 22 the
1570 2394 161 22 Wakefieldian
1752 2398 91 23 system,
1866 2402 13 15 a

1292 2423 82 24 system
1389 2420 72 23 which
1470 2420 30 22 he
1515 2421 102 22 believed
1632 2428 44 14 was
1694 2420 133 22 established
1844 2421 35 22 for
1885 2425 2 17 !

1293 2447 36 22 the
1338 2455 95 18 purpose
1444 2448 26 21 of
1482 2448 88 26 putting
1580 2455 82 19 money
1676 2448 47 21 into
1734 2448 37 21 the
1787 2448 92 26 pockets

1293 2474 25 21 of
1330 2474 37 21 the
1377 2474 114 22 founders.
1521 2475 21 20 It
1552 2475 18 21 is
1580 2481 13 15 a
1603 2474 165 25 cold-blooded,
1782 2481 12 14 a
1806 2474 73 22 heart-

1292 2500 44 22 less
1345 2504 83 24 system
1435 2509 5 13 :
1455 2501 35 21 for
1499 2500 38 23 the
1547 2504 123 24 promoters
1681 2501 26 21 of
1718 2501 19 21 it
1746 2500 29 22 sit
1783 2501 23 21 in
1824 2500 55 23 their

1292 2527 79 22 closets
1387 2527 45 22 and
1445 2528 92 26 provide
1552 2535 76 14 means
1643 2528 34 21 for
1692 2527 109 27 throwing
1815 2528 63 21 thou-

1292 2554 66 21 sands
1368 2556 27 20 of
1406 2554 57 21 their
1472 2554 195 22 fellow-creatures
1679 2561 62 20 upon
1751 2554 38 21 the
1799 2554 78 22 barren

1292 2580 76 23 shores
1379 2581 26 22 of
1416 2581 56 22 New
1482 2580 106 26 Zealand,
1600 2580 89 27 leaving
1705 2580 62 22 them
1779 2580 61 23 there
1857 2585 22 17 to

1293 2607 36 21 the
1342 2607 79 22 tender
1429 2608 93 21 mercies
1533 2608 25 21 of
1570 2608 38 21 the
1622 2614 100 20 savages.
1752 2608 38 21 He
1805 2608 75 22 would

1293 2634 59 21 show
1366 2634 38 21 the
1420 2634 110 27 visionary
1545 2633 134 22 enthusiasts
1695 2634 50 22 who
1760 2634 120 27 supported

1293 2660 37 22 the
1347 2665 90 23 system,
1450 2660 48 21 that
1513 2661 53 27 they
1582 2668 36 14 are
1634 2667 76 21 wrong
1719 2661 24 21 in
1760 2660 79 28 theory
1856 2668 24 15 as

1293 2687 50 21 well
1354 2695 22 14 as
1386 2688 24 21 in
1420 2687 108 27 practice;
1550 2688 49 21 that
1613 2686 57 22 their
1680 2690 83 24 system
1778 2688 102 22 marches

1293 2713 96 28 through
1401 2714 38 21 the
1448 2714 54 21 land
1512 2714 44 21 like
1566 2721 14 14 a
1589 2713 128 27 pestilence,
1728 2714 45 21 and
1782 2714 18 21 is
1808 2721 13 15 a
1830 2722 47 20 per-

1294 2740 88 22 version
1394 2740 25 21 of
1430 2740 28 21 all
1469 2740 171 27 statesmanship
1657 2740 42 22 and
1710 2740 72 22 sound
1797 2742 82 26 policy.

1294 2767 37 21 He
1349 2767 71 22 would
1439 2766 51 22 read
1509 2774 30 15 an
1556 2770 85 19 extract
1658 2767 58 22 from
1733 2767 148 23 Maculloch's

1294 2794 70 21 Notes
1377 2797 23 18 to
1415 2793 90 22 Smith's
1520 2794 90 21 Wealth
1626 2794 27 21 of
1668 2794 108 22 Nations:
1797 2795 84 22 edition

1295 2822 25 19 18
1327 2822 27 25 !9,
1364 2827 57 21 page
1430 2821 47 21 602.

1348 2854 44 22 But
1411 2857 38 18 not
1463 2853 99 23 satisfied
1576 2854 53 23 with
1650 2855 132 28 attempting
1800 2858 22 19 to
1840 2859 42 29 put

1293 2880 65 22 down
1368 2881 78 21 abuses
1456 2881 27 21 of
1490 2881 43 22 this
1542 2885 52 24 sort,
1604 2888 32 16 ws
1652 2889 37 15 are
1704 2889 50 15 now
1771 2882 47 22 told
1833 2881 49 23 that

1293 2907 31 21 all
1333 2907 38 22 the
1382 2907 125 22 difficulties
1516 2908 99 22 incident
1625 2912 22 18 to
1662 2908 151 22 colonization
1822 2909 59 22 have

1293 2934 126 27 originated
1437 2933 24 23 in
1481 2933 37 23 the
1534 2937 36 19 too
1585 2938 64 23 great
1662 2935 123 28 dispersion
1802 2936 25 21 of
1843 2936 38 22 the

1294 2960 110 27 colonists,
1415 2961 45 21 and
1470 2960 47 22 that
1523 2964 22 19 to
1552 2961 87 22 obviate
1650 2961 61 23 them
1719 2962 46 21 and
1771 2965 23 18 to
1802 2969 79 15 ensure

1294 2991 22 17 to
1326 2986 30 22 all
1366 2994 50 14 new
1431 2987 98 23 colonies
1544 2988 38 22 the
1592 2995 64 15 acme
1667 2988 27 22 of
1705 2992 131 25 prosperity,
1848 2996 34 15 we

1293 3014 58 20 have
1370 3014 85 27 merely
1465 3017 23 18 to
1506 3015 86 27 compel
1609 3014 39 22 the
1663 3014 105 22 Colonists
1786 3019 22 17 to
1823 3016 59 27 keep

1294 3040 60 21 close
1364 3041 106 26 together,
1483 3041 29 26 by
1523 3041 104 27 exacting
1637 3048 13 14 a
1660 3040 54 27 high
1729 3041 61 27 price
1799 3041 35 23 for
1844 3042 38 22 the

1295 3067 149 27 surrounding
1454 3070 67 19 waste
1531 3075 25 14 or
1565 3067 139 27 unoccupied
1714 3067 59 27 land,
1785 3068 24 22 in
1818 3069 65 22 other

1295 3093 77 26 words,
1390 3094 29 27 by
1430 3094 92 27 making
1541 3094 38 22 the
1599 3094 78 27 colony
1692 3102 25 14 as
1735 3094 47 22 like
1801 3102 28 15 an
1845 3096 38 22 old

1293 3120 82 21 settled
1390 3125 93 22 country
1498 3128 24 14 as
1538 3121 95 27 possible
1642 3120 6 22 .'
1677 3121 98 27 Perhaps
1793 3121 56 23 such
1868 3130 15 14 a

1294 3146 67 22 crude
1371 3147 84 27 project
1464 3154 45 15 was
1517 3147 80 28 hardly
1608 3147 84 28 worthy
1702 3148 28 21 of
1741 3148 80 22 notice.
1852 3149 28 26 If,

1294 3180 30 14 on
1335 3173 36 22 the
1383 3181 42 14 one
1435 3174 68 26 hand,
1512 3174 38 22 the
1555 3182 59 24 price
1625 3177 33 19 set
1663 3182 28 14 on
1702 3174 39 22 the
1751 3179 67 19 waste
1827 3175 55 23 land

1293 3206 45 16 was
1356 3200 186 28 inconsiderable,
1555 3205 18 17 it
1591 3201 73 21 would
1677 3205 42 18 not
1734 3206 94 23 prevent
1843 3203 39 21 the

1293 3226 110 28 purchase
1413 3227 24 21 of
1448 3227 62 27 large
1519 3231 68 18 tracts
1598 3228 25 21 of
1629 3228 53 22 land
1697 3235 28 15 on
1735 3229 146 28 speculation,

1294 3252 45 22 and
1357 3253 38 21 the
1412 3254 109 27 entaling
1537 3261 29 15 on
1577 3254 37 22 the
1630 3254 81 27 colony
1721 3255 30 21 all
1761 3255 38 21 the
1809 3255 74 23 disad-

1293 3284 108 22 vantages
1411 3280 48 21 that
1468 3280 57 22 have
1535 3281 97 21 resulted
1642 3281 57 21 from
1709 3281 38 21 the
1757 3281 92 28 making
1859 3284 27 20 of

1293 3306 134 28 injudicious
1441 3310 89 24 grants;
1546 3307 44 21 and
1604 3307 25 25 if,
1641 3314 28 14 on
1679 3308 38 20 the
1734 3307 64 23 other
1812 3309 68 27 hand,

1295 3333 37 21 the
1342 3333 61 27 price
1418 3333 125 22 demanded
1561 3334 35 21 for
1610 3334 40 21 the
1664 3334 55 21 land
1734 3341 57 15 were
1808 3339 74 24 pretty

1294 3359 62 27 high,
1365 3360 20 21 it
1394 3359 73 23 would
1476 3367 29 19 go
1521 3360 35 22 far
1570 3363 23 18 to
1603 3367 81 19 oppose
1701 3367 30 15 an
1741 3360 141 28 insuperable

1295 3386 97 22 obstacle
1402 3390 23 17 to
1441 3386 39 21 the
1498 3393 101 21 progress
1609 3387 26 20 of
1651 3387 36 21 the
1705 3387 89 27 colony.
1823 3389 60 22 Rich

1294 3419 53 16 men
1357 3413 28 22 do
1396 3415 40 19 not
1443 3412 64 22 leave
1515 3412 57 22 their
1581 3413 75 21 native
1666 3417 95 24 country
1767 3417 23 19 to
1800 3422 83 22 expose

1294 3439 135 22 themselves
1438 3441 23 19 to
1470 3438 39 22 the
1516 3439 186 22 inconveniences
1709 3441 45 21 and
1764 3440 118 30 hardships

1294 3466 117 26 attending
1420 3464 37 23 the
1467 3465 169 22 establishment
1647 3466 24 21 of
1682 3473 49 15 new
1742 3468 141 23 settlements

1294 3493 25 22 in
1328 3493 38 22 the
1378 3492 142 23 willderness.
1548 3492 61 27 This,
1619 3492 21 22 if
1651 3492 18 22 it
1684 3493 30 22 be
1730 3494 59 22 done
1803 3499 24 18 at
1843 3496 38 27 all,

1296 3523 59 18 must
1363 3520 29 22 be
1403 3519 55 22 done
1469 3519 23 22 in
1503 3520 53 21 time
1571 3522 23 19 to
1610 3526 65 15 come
1688 3527 26 14 as
1722 3520 23 22 in
1757 3522 53 20 time
1824 3526 57 23 past,

1293 3546 32 27 by
1344 3545 135 23 individuals
1495 3545 25 22 in
1538 3546 152 26 traightened
1700 3547 181 29 circumstances,

1289 3572 52 22 :and
1351 3572 92 23 anxious
1453 3575 24 18 to
1491 3572 99 28 improve
1601 3572 58 22 their
1668 3573 109 23 fortunes.
1804 3575 46 22 But
1860 3581 23 17 to

1296 3602 66 19 exact
1371 3606 14 15 a
1394 3598 54 28 high
1458 3605 26 15 or
1493 3599 152 22 considerable
1655 3600 60 26 price
1722 3600 35 22 for
1765 3601 53 23 land
1825 3603 58 22 from

1295 3626 55 21 such
1368 3631 92 22 persons
1477 3625 81 27 would,
1578 3626 30 27 by
1627 3627 113 27 sweeping
1763 3635 62 21 away
1844 3629 39 22 the

1295 3652 79 27 whole,
1383 3659 25 15 or
1417 3658 13 15 a
1439 3651 150 23 considerable
1598 3652 88 27 portion
1693 3653 27 22 of
1725 3654 60 22 their
1794 3655 88 27 capital,

1296 3679 91 26 deprive
1406 3678 60 21 them
1486 3678 24 21 of
1526 3678 39 23 the
1584 3685 77 15 means
1679 3680 27 21 of
1723 3680 98 29 clearing
1837 3683 47 21 and

1296 3705 132 26 cultivating
1437 3704 38 22 the
1484 3704 61 27 land,
1557 3705 46 22 and
1617 3707 182 32 proportionably
1809 3709 75 22 retard

1295 3732 59 21 their
1360 3738 102 22 progress
1471 3731 46 22 and
1526 3732 49 21 that
1580 3731 26 22 of
1612 3731 38 22 the
1657 3732 88 28 colony.
1774 3734 47 23 The
1829 3736 54 27 plan

1296 3759 27 22 of
1338 3759 82 27 letting
1437 3757 64 22 lands
1516 3758 31 27 by
1556 3758 52 27 fine,
1618 3758 20 22 is
1654 3759 109 23 admitted
1778 3762 29 26 by
1817 3769 66 20 every

1296 3792 44 15 one
1355 3785 49 23 who
1418 3784 77 22 knows
1511 3785 110 27 anything
1635 3786 25 21 of
1670 3787 143 28 agriculture,
1824 3792 22 18 to
1856 3789 28 21 be

1296 3819 43 15 one
1350 3812 26 23 of
1381 3812 39 21 the
1429 3814 66 19 worst
1505 3811 48 22 that
1562 3819 41 14 can
1622 3812 29 21 be
1661 3812 90 23 devised
1760 3821 5 14 :
1781 3815 43 21 and
1841 3815 43 21 this

1287 3845 2 24 ;
1296 3838 148 23 colonization
1459 3838 86 34 project
1560 3839 19 21 is
1594 3838 115 23 bottomed
1725 3847 29 15 on
1770 3840 38 23 the
1822 3849 62 14 same

1296 3866 117 27 principle,
1423 3871 46 16 ana
1480 3865 50 27 will,
1541 3872 29 15 no
1580 3865 78 27 doubt,'
1664 3866 28 21 be
1702 3873 25 15 as
1737 3868 132 26 pernicious.

1325 3897 23 21 It
1357 3897 19 21 is
1385 3896 54 22 said,
1448 3896 50 21 that
1506 3896 25 22 in
1541 3903 152 16 consequence
1700 3897 28 21 of
1733 3897 38 22 the
1782 3900 102 21 exaction

1298 3923 25 21 of
1331 3929 14 15 a
1353 3923 61 26 price
1423 3922 35 21 for
1467 3922 37 20 the
1511 3922 61 25 land,
1583 3922 46 21 and
1639 3922 36 21 the
1686 3925 167 21 concentration
1862 3927 24 20 of

1935 2591 37 22 On
1980 2593 131 26 September
2118 2595 31 25 19,
2159 2594 60 25 1843,
2228 2600 14 14 a
2250 2593 67 22 letter
2326 2600 44 15 was
2380 2592 115 23 addressed

1907 2622 24 17 to
1940 2626 58 19 your
2008 2620 98 27 lordship
2121 2620 58 21 from
2194 2627 42 14 our
2251 2619 95 22 District
2360 2620 135 25 Committee,

1907 2645 55 22 then
1968 2646 125 22 assembled
2101 2650 21 18 at
2130 2647 85 27 Waipa,
2224 2646 153 28 complaining
2386 2646 26 21 of
2416 2646 79 22 certain

1909 2672 158 23 ecclesiastical
2076 2673 160 27 irregularities
2252 2673 47 22 and
2314 2676 48 19 acts
2377 2673 26 21 of
2416 2673 79 27 impru-

1909 2699 56 21 dent
1983 2700 150 22 interference
2149 2707 29 14 on
2193 2700 38 21 the
2248 2704 49 22 part
2315 2700 27 21 of
2357 2699 37 22 the
2412 2699 83 22 Church

1910 2725 134 29 Missionary
2054 2726 105 23 brethren
2176 2727 98 27 residing
2289 2730 24 18 at
2323 2726 125 27 Wanganui
2457 2725 38 22 and

1911 2752 132 23 Waikanae.
2072 2753 63 22 Your
2144 2754 101 26 lordship
2253 2753 113 27 promised
2375 2756 21 18 to
2404 2753 91 22 institute

1909 2779 96 27 inquiry,
2016 2787 60 20 upon
2093 2780 83 22 arrival
2186 2784 23 18 at
2227 2780 63 22 those
2306 2780 82 28 places,
2399 2780 39 21 but
2448 2779 47 22 with

1909 2805 61 22 what
1985 2813 87 16 success
2083 2814 25 14 or
2123 2807 138 22 satisfaction
2272 2814 33 15 we
2316 2807 57 22 have
2382 2809 40 19 not
2430 2813 24 14 as
2462 2808 33 25 yet

1908 2833 60 21 been
1984 2833 65 22 made
2065 2834 140 26 acquainted.
2236 2833 41 22 We
2297 2833 46 22 had
2361 2832 134 28 complained

1908 2859 51 21 that
1975 2867 43 14 one
2036 2860 24 21 of
2074 2860 64 22 those
2153 2860 107 21 brethren
2274 2860 47 21 had
2335 2860 99 25 marked,
2446 2859 47 22 with

1909 2885 39 22 the
1981 2887 49 25 sign
2040 2887 27 21 of
2077 2887 39 21 the
2225 2887 89 22 natives
2330 2887 49 22 who
2389 2887 43 21 had
2441 2887 53 20 been

1909 2912 106 23 baptized
2024 2913 29 27 by
2063 2921 33 19 us,
2107 2914 43 21 and
2160 2913 50 22 who
2219 2913 45 22 had
2276 2914 135 21 themselves
2420 2913 75 22 admit-

1910 2935 39 25 ted
1968 2940 70 25 them,
2059 2944 22 17 to
2100 2940 91 27 partake
2211 2940 27 21 of
2252 2940 39 23 the
2312 2940 79 22 Lord's
2406 2940 87 27 Supper,

1933 2967 78 27 seeing
2022 2967 47 22 that
2079 2974 51 15 now
2140 2967 58 22 their
2206 2967 98 27 baptism
2313 2975 45 14 was

1911 2993 45 21 But
1974 2993 50 22 that
2040 3001 58 20 your
2116 2994 100 27 lordship
2234 2994 110 27 provided
2362 3001 30 14 no
2408 2992 85 27 remedy

1910 3020 88 26 against
2014 3028 14 13 a
2041 3020 119 27 repetition
2179 3022 26 21 of
2218 3020 56 23 such
2292 3020 66 23 novel
2372 3020 94 22 conduct
2478 3020 16 20 is

1911 3046 98 27 evident,
2025 3047 58 22 from
2102 3047 37 22 the
2154 3047 46 22 fact
2216 3047 50 22 that
2281 3055 58 20 your
2347 3047 98 27 lordship
2454 3045 39 22 had

1909 3073 43 21 but
1968 3076 48 25 just
2034 3075 106 21 returned
2159 3074 58 21 from
2237 3081 57 20 your
2316 3074 104 21 southern
2441 3076 51 21 tour,

1911 3099 65 22 when
1987 3101 38 21 the
2035 3107 60 16 same
2105 3101 125 22 individual
2241 3101 63 22 takes
2314 3108 14 14 a
2334 3102 96 30 journey
2439 3100 53 21 from

1910 3126 127 28 Wanganui
2047 3132 22 17 to
2079 3127 56 22 New
2147 3127 128 28 Plymouth,
2286 3128 105 26 marking
2401 3126 51 22 with
2461 3125 32 21 the

1931 3153 51 27 sign
1998 3154 26 21 of
2036 3154 38 22 the
2088 3161 59 16 cross
2187 3154 38 22 the
2240 3154 121 23 foreheads
2374 3154 25 21 of
2411 3153 28 22 all
2450 3152 42 22 who

1910 3187 58 14 were
1984 3181 105 27 ignorant
2105 3189 25 14 or
2144 3181 82 22 foolish
2243 3181 91 27 enough
2349 3184 23 18 to
2386 3179 79 22 submit
2474 3181 19 19 to

1911 3206 38 22 the
1960 3208 123 26 operation,
2094 3208 47 23 and
2151 3208 144 28 straightway
2302 3207 117 26 admitting
2429 3206 61 24 them,

1910 3233 102 22 whether
2029 3235 110 27 prepared
2162 3242 26 15 or
2206 3235 119 22 otherwise
2346 3234 53 27 (Mr.
2419 3231 73 29 Taylor

1911 3259 47 22 also
1976 3261 105 27 knowing
2100 3262 39 22 but
2157 3261 57 23 little
2234 3261 27 22 of
2276 3262 39 21 the
2330 3260 125 27 language),
2471 3264 22 15 a

1910 3287 86 27 worthy
2002 3288 112 22 members
2120 3288 25 22 of
2151 3296 58 20 your
2217 3288 123 28 lordship's
2348 3286 142 23 communion,

1910 3316 23 18 to
1943 3314 93 27 partake
2046 3315 26 21 of
2079 3315 37 22 the
2127 3316 133 21 Sacrament
2269 3316 26 21 of
2307 3315 38 22 the
2356 3313 76 23 Lord's
2443 3313 49 25 Sup-

1910 3348 48 19 per.
1987 3341 11 21 I
2015 3341 75 22 allude
2106 3346 39 18 not
2161 3342 54 22 here
2232 3346 23 18 to
2271 3342 38 21 the
2328 3341 164 26 impropriety-

1909 3374 52 19 nay,
1973 3375 54 20 may
2043 3368 12 21 I
2072 3372 40 18 not
2121 3377 39 19 say
2171 3372 22 19 to
2204 3368 39 22 the
2253 3369 113 27 profanity
2373 3369 12 19 ?
2413 3367 23 21 of
2443 3364 48 24 such

1911 3394 105 22 conduct,
2031 3395 40 22 but
2088 3400 22 17 to
2127 3396 37 21 the
2182 3396 78 27 simple
2276 3396 47 21 fact
2333 3395 48 22 that
2394 3393 52 22 such
2455 3391 37 22 cir-

1910 3425 140 18 cumstances
2062 3422 56 22 have
2128 3422 71 27 really
2205 3426 41 17 not
2255 3422 101 26 recently
2362 3418 117 29 transpired
2485 3424 5 14 :

1910 3447 47 22 and
1967 3448 73 22 would
2050 3455 55 21 urge
2114 3449 19 22 it
2142 3456 25 15 as
2177 3457 13 14 a
2200 3452 50 24 part
2260 3448 25 22 of
2300 3455 40 21 my
2352 3448 58 28 plea,
2420 3443 72 25 should

1909 3473 18 22 it
1937 3474 27 21 be
1975 3475 110 27 required,
2094 3475 34 22 for
2136 3476 51 21 thus
2192 3475 132 27 presuming
2335 3479 21 17 to
2365 3475 50 26 give
2422 3470 69 30 public

1911 3502 113 26 notoriety
2038 3506 23 17 to
2077 3502 63 21 these
2153 3501 108 23 remarks.
2291 3502 112 21 However
2412 3496 78 31 painful

1910 3527 27 21 it.
1946 3535 52 25 may
2010 3529 26 21 be
2052 3532 23 17 to
2091 3528 37 21 the
2144 3528 102 27 feelings,
2264 3528 18 22 it
2299 3535 73 15 seems
2390 3523 100 25 desirable

1911 3553 50 22 that
1977 3553 38 24 the
2029 3555 76 27 public
2115 3555 63 22 mind
2193 3555 82 22 should
2289 3559 25 18 at
2327 3553 75 28 length
2412 3552 26 23 be
2447 3549 45 24 well

1909 3580 115 23 informed
2032 3589 25 14 as
2067 3585 23 17 to
2100 3581 37 22 the
2147 3581 128 28 dangerous
2283 3582 111 25 tendency
2399 3579 25 22 of
2429 3582 62 20 many

1911 3607 27 21 of
1941 3607 64 23 those
2012 3607 120 29 principles
2137 3608 47 22 and
2188 3608 112 28 practices
2307 3607 72 23 which
2385 3607 18 21 it
2408 3608 84 25 appears

1911 3636 24 19 to
1944 3633 28 22 be
1983 3634 38 22 the
2031 3634 100 22 studious
2140 3642 51 14 care
2201 3635 27 21 of
2233 3642 58 20 your
2300 3634 104 27 lordship,
2414 3632 20 22 in
2443 3636 49 16 con-

1910 3661 91 21 nection
2013 3661 52 21 with
2075 3668 62 15 some
2147 3661 26 21 of
2184 3668 57 21 your
2257 3662 82 27 clergy,
2350 3664 22 18 to
2384 3657 106 24 introduce

1912 3690 103 23 amongst
2031 3694 40 14 our
2086 3687 126 28 aboriginal
2227 3689 130 27 population
2365 3695 6 18 ;
2387 3685 42 23 and
2441 3683 51 22 like-

1912 3713 52 21 wise
1975 3720 24 15 as
2010 3716 22 19 to
2042 3714 38 21 the
2095 3715 121 26 particular
2232 3715 115 22 character
2360 3713 26 21 of
2396 3711 46 22 that
2453 3715 39 15 un-

1911 3740 86 27 seemly
2016 3741 124 26 opposition
2160 3741 54 22 with
2234 3741 74 22 which
2327 3741 37 21 the
2381 3737 109 26 Wesleyan

1912 3765 91 23 Church
2021 3767 24 22 iv
2064 3766 45 22 this
2128 3767 95 26 district,
2233 3768 41 21 has
2292 3770 24 19 to
2335 3764 99 24 contend,
2452 3763 37 19 and

1912 3792 73 22 which
2001 3793 19 22 it
2034 3793 19 21 is
2069 3795 119 27 presumed
2203 3795 19 21 is
2231 3795 41 21 but
2281 3802 14 14 a
2305 3792 91 29 prelude
2406 3793 20 19 to
2436 3793 53 17 more

1912 3819 114 23 extended
2036 3818 44 24 and
2090 3821 112 27 energetic
2208 3821 127 27 operations
2342 3820 22 21 in
2371 3817 59 23 other
2438 3816 52 27 parts

1912 3846 26 21 of
1954 3846 37 22 the
2008 3847 81 21 island.
2118 3847 48 22 The
2183 3847 83 28 public,
2283 3854 40 19 my
2337 3845 55 26 lord,
2410 3843 52 24 have
2478 3845 12 15 a

1912 3872 60 27 right
1983 3877 22 19 to
2015 3873 52 22 look
2078 3876 23 19 to
2109 3880 28 16 us
2151 3881 25 15 as
2191 3873 38 22 the
2245 3872 121 34 appointed
2382 3868 108 29 guardian!

1912 3900 26 20 of
1944 3906 70 19 peace
2029 3900 45 22 and
2091 3901 104 27 security,
2207 3908 30 14 on
2248 3900 30 22 all
2294 3899 74 28 points
2378 3895 112 24 connected

1912 3923 54 24 with
1977 3927 39 21 the
2026 3927 125 25 aboriginal
2161 3927 110 25 intret,
2283 3925 45 23 and
2338 3925 17 22 it
2363 3924 19 22 is
2391 3922 47 27 only
2447 3924 41 24 pw

563 58 97 46 Eiyt
684 56 118 41 Ntto
828 53 209 41 Zt&lmto
1064 52 190 46 &wttt
1278 51 91 40 mtt
1395 49 303 45 mtUUxqton
1722 43 260 51 &tctztot.

1283 146 31 16 ire
1336 144 39 17 are
1397 136 112 24 informed
1529 136 50 24 that
1601 136 39 23 the
1660 143 74 23 paper
1754 135 21 23 is
1792 135 24 23 in
1831 135 37 24 the

1283 170 73 24 hands
1368 170 25 23 of
1409 168 94 25 another
1514 168 90 25 Editor.

1433 233 278 24 AUCKLAND.

114 550 172 24 SHIPPING
305 547 274 26 INTELLIGENCE.

670 145 82 27 1,000.
787 141 59 25 Now
858 142 117 30 questions
988 140 23 24 of
1021 141 140 30 importance
1173 146 45 21 are,
1230 143 25 19 at

669 176 59 23 what
738 176 62 30 price
811 174 66 23 could
897 173 64 24 these
972 178 75 18 staves
1057 172 29 24 be
1106 171 114 24 delivered
1230 176 24 18 to

669 209 107 30 shipping
786 207 61 28 here,
860 205 45 25 and
915 206 60 23 what
987 204 75 24 would
1075 205 28 23 be
1116 204 39 23 the
1165 202 90 24 market

669 240 64 24 value
745 240 24 22 of
787 239 61 24 them
859 239 23 22 in
896 237 96 24 London
999 238 10 23 ?
1046 237 26 23 If
1080 244 34 16 we
1126 235 129 25 remember

669 272 110 30 correctly
790 272 38 23 the
841 270 128 30 Indemnity
981 270 53 24 took
1049 272 47 21 100
1108 268 70 25 black
1189 268 64 23 birch

669 310 74 18 staves
755 304 66 23 home
833 312 24 15 as
869 312 13 15 a
895 303 94 30 sample,
998 303 44 23 and
1054 302 39 23 the
1105 305 77 27 report
1193 308 60 23 upon

670 338 61 22 them
749 344 52 23 may
812 337 28 23 be
857 335 109 31 expected
984 336 22 22 in
1024 335 69 22 about
1109 334 37 23 six
1164 333 92 23 months

670 370 57 23 from
741 369 46 23 this
799 369 57 23 date.
894 367 88 25 Should
1000 368 21 22 it
1037 367 30 23 be
1079 366 130 24 favourable
1227 373 29 15 an

670 403 122 29 important
803 401 90 32 pursuit
914 402 23 21 in
955 400 38 23 the
1013 400 145 31 preparation
1169 398 25 23 of
1211 397 46 23 this

670 435 78 23 article
760 434 34 24 for
805 433 92 25 market
908 433 45 23 will
964 437 23 19 at
999 439 55 17 once
1067 432 59 23 arise
1137 439 6 21 ;
1157 430 35 23 for
1204 430 53 30 they
1262 453 2 4 .

671 475 36 16 are
720 474 49 16 now
789 465 106 32 required
905 465 35 24 for
957 465 59 24 local
1033 463 168 31 consumption,
1213 463 45 23 and

672 500 45 23 will
728 500 53 22 then
792 500 29 23 be
834 498 47 24 also
891 499 24 22 in
928 498 95 24 demand
1034 497 36 23 for
1081 496 142 31 exportation
1236 501 27 18 to*

672 533 37 23 the
722 532 166 30 neighbouring
901 531 97 24 colonies
1010 530 45 24 and
1067 534 22 19 to
1101 527 117 32 England.
1262 535 2 8 '

705 565 24 23 It
740 564 42 24 has
794 565 55 23 been
862 564 123 31 suggested
1002 567 23 19 to
1035 570 38 21 us,
1085 562 50 23 that
1147 561 62 23 there
1220 568 39 16 are

672 597 87 24 several
770 597 64 24 other
846 597 68 23 kinds
926 597 25 23 of
966 595 62 25 wood
1040 595 73 23 which
1127 594 45 22 will
1183 593 28 23 do
1223 594 37 22 for

672 636 82 22 staves,
768 630 94 23 suitable
875 629 19 23 if
909 634 39 19 not
959 630 35 23 for
1005 628 30 23 oil
1048 627 77 28 casks,
1137 627 36 22 for
1185 625 74 24 tallow

673 663 43 24 and
728 663 52 23 beef
798 662 67 24 casks
878 662 43 23 and
931 663 59 22 flour
1006 661 96 23 barrels.
1139 658 43 24 We
1197 658 59 31 hope

673 705 13 15 a
696 696 43 23 few
751 696 25 23 of
785 695 55 24 each
851 694 136 32 description
999 693 46 24 will
1056 693 28 24 be
1096 691 106 25 obtained
1213 692 45 23 and

674 729 82 22 tested.

707 761 51 24 The
770 761 78 24 Scotia
868 761 42 23 has
929 760 68 23 taken
1019 759 38 23 the
1077 758 69 23 casks
1166 757 91 31 already

674 795 65 23 made
752 793 35 32 [by
798 794 99 23 Messrs.
912 794 70 23 Gunn
994 792 45 24 and
1060 792 105 29 Murray,
1187 794 38 19 out
1238 790 23 23 of

675 827 56 24 New
743 827 100 24 Zealand
855 831 83 24 staves,
951 830 23 19 to
986 825 98 31 whaling
1102 825 103 26 stations,
1218 823 43 23 and

674 867 32 15 we
717 860 58 23 have
793 859 69 23 heard
882 860 20 22 it
920 858 81 28 sterted,
1015 858 49 23 that
1084 865 29 16 an
1135 856 65 23 order
1218 856 42 22 has

673 893 57 22 been
741 892 68 29 given
821 892 96 23 Messrs.
931 891 56 23 Gun
1004 889 45 24 and
1061 890 103 29 Murray,
1177 888 35 22 for
1223 890 33 22 30

674 929 51 17 tons
738 924 24 22 of
773 924 86 22 similar
872 924 76 22 casks.

753 983 132 24 NATIVE
904 981 272 25 INTELLIGENCE.

1316 302 36 30 By
1364 301 39 24 the
1422 299 108 30 Hannah,
1544 301 73 23 which
1638 299 88 24 arrived
1747 298 122 31 yesterday

1275 329 1 6 '
1283 335 57 23 from
1351 333 130 28 Auckland,
1495 341 32 15 we
1547 334 54 22 have
1622 332 102 23 received
1745 339 83 23 papers
1847 335 22 19 to

1283 367 38 24 the
1333 366 40 24 6-b
1386 366 62 30 July.
1483 365 101 31 Though
1601 365 64 23 these
1676 372 83 24 papers
1778 371 38 16 are
1827 363 43 23 full

1283 400 24 23 of
1317 399 134 29 interesting
1458 402 102 25 matters,
1573 398 52 30 they
1636 398 56 23 have
1705 405 63 16 come
1782 401 36 18 too
1825 396 46 23 late

1284 437 21 19 to
1317 431 59 24 hand
1390 436 22 18 to
1424 431 78 23 enable
1515 438 27 16 us
1555 436 22 18 to
1594 430 89 24 furnish
1695 438 13 15 a
1721 436 115 24 summary
1849 428 25 24 of

1283 465 60 23 their
1355 468 111 19 contents.

1317 501 51 24 The
1390 501 120 24 Governor
1526 501 42 24 has
1586 501 131 24 withdrawn
1735 500 36 23 his
1792 499 80 24 House

1286 535 43 24 and
1342 534 68 24 Land
1427 534 51 22 Tax
1495 534 66 27 Bills,
1575 534 43 23 and
1636 533 139 24 substituted
1787 541 13 14 a
1813 532 59 24 Cus-

1285 573 58 18 toms
1354 566 155 24 Amendment
1520 567 56 28 Bill,
1589 566 72 23 which
1674 574 46 15 was
1732 565 82 31 passed
1826 565 45 23 and

1284 607 54 24 goes
1362 599 115 23 forthwith
1505 601 48 21 into
1577 599 123 30 operation.
1747 598 125 30 Subjoined

1284 641 33 16 we
1326 632 89 23 furnish
1427 632 36 22 the
1475 638 48 16 new
1532 631 60 23 table
1601 631 24 23 of
1636 631 95 23 Custom
1744 631 74 23 duties
1831 639 5 15 ::

1324 678 103 23 TABLE
1442 676 38 22 OF
1495 676 113 22 DUTIES
1624 676 40 22 OF
1677 676 150 23 CUSTOMS.

1813 718 11 14 a
1851 712 22 21 d.

1287 744 77 30 Spirits
1382 752 25 14 or
1426 748 76 23 strong
1519 746 86 24 waters,
1626 742 34 23 for
1683 750 68 20 every

1312 771 76 27 gallon
1416 771 25 22 of
1467 770 54 23 such
1542 770 73 28 spirits
1634 777 24 14 or
1677 773 76 23 strong

1313 801 85 23 waters,
1410 797 25 22 of
1441 804 45 20 any
1495 796 101 27 strength
1606 799 38 18 not
1654 796 96 22 exceed-

1314 824 40 26 ing
1363 824 38 21 the
1413 824 99 26 strength
1523 824 26 20 of
1554 824 66 26 proof
1627 823 30 26 by
1665 822 88 28 Sykes's

1314 850 158 26 Hydrometer,
1493 850 44 21 and
1548 857 24 13 so
1581 849 23 21 in
1621 850 128 26 proportion

1316 877 32 21 for
1357 883 46 20 any
1412 879 88 23 greater
1510 883 25 14 or
1539 875 44 22 less
1590 876 99 25 strength
1695 876 56 22 than

1314 903 38 22 the
1363 902 99 27 strength
1472 902 26 21 of
1509 901 69 28 proof,
1596 901 45 22 and
1658 901 33 22 for
1707 909 46 20 any

1289 938 3 6 '
1314 933 89 23 greater
1422 936 24 14 or
1463 929 45 21 less
1533 928 102 27 quantity
1660 927 54 22 than
1740 936 14 13 a

1314 956 75 27 gallon
1780 956 14 20 0
1821 955 12 21 5
1864 957 13 19 0

1289 983 83 26 Wines,
1392 982 35 21 for
1451 988 66 20 every
1540 980 103 22 hundred
1667 981 87 27 pounds

1314 1009 66 21 ralue
1768 1009 28 20 20
1822 1010 14 19 0
1863 1009 14 20 0

1288 1036 50 25 Ale,
1357 1035 61 27 beer,
1438 1038 81 24 porter,
1544 1033 44 22 and
1612 1033 63 22 other
1697 1035 57 21 malt

1316 1062 90 27 liquors,
1422 1061 33 21 for
1472 1068 66 19 every
1552 1060 101 22 hundred
1667 1061 87 26 pounds

1314 1088 66 22 value
1768 1088 27 21 15
1823 1089 13 19 0
1864 1089 14 19 0

1287 1115 110 26 Tobacco,
1408 1113 210 26 unmanufactured,
1630 1120 40 19 per
1679 1115 30 21 ft.
1729 1128 6 6 .
1742 1128 7 6 .
1780 1116 14 19 0
1821 1116 13 20 0
1863 1116 13 19 9

1288 1142 71 24 Ditto,
1370 1141 177 25 manufactured,
1564 1140 92 26 (except
1673 1140 82 27 cirgars

1314 1167 45 22 and
1369 1167 70 27 snuff)
1451 1174 40 19 per
1500 1169 23 21 ft
1782 1169 14 19 0
1824 1168 54 20 10

1289 1195 75 26 Cigars
1373 1194 45 21 and
1429 1193 63 26 snuff,
1503 1201 40 20 per
1551 1195 24 22 ft
1782 1195 14 19 0
1823 1195 13 20 2
1864 1195 14 19 0

1290 1221 36 22 On
1354 1221 30 21 all
1408 1228 57 23 guns
1493 1227 25 14 or
1538 1227 102 20 weapons
1666 1220 25 21 of
1712 1227 44 20 any

1316 1247 142 31 description,
1470 1254 25 14 or
1509 1246 143 28 gunpowder,
1670 1254 23 13 or
1709 1254 45 19 any

1315 1273 110 22 munition
1435 1273 25 21 of
1467 1280 51 19 war,
1530 1273 35 21 for
1576 1280 65 19 every
1648 1273 103 21 hundred

1284 1307 11 16 ;
1316 1300 88 27 pounds
1422 1299 64 22 value
1764 1301 30 21 30
1821 1301 13 21 0
1864 1301 13 19 0

1289 1328 35 21 On
1335 1326 30 22 all
1375 1326 64 22 other
1448 1326 76 27 goods,
1543 1334 74 21 wares,
1634 1326 120 22 merchan-

1316 1353 52 27 dise,
1385 1352 44 22 and
1439 1357 110 22 property,
1561 1355 80 24 except
1650 1353 102 26 personal

1316 1380 108 27 baggage,
1436 1379 69 26 living
1511 1379 100 26 animals,
1620 1381 45 19 and
1672 1379 80 28 specie,

1286 1417 6 3 -
1316 1407 34 21 for
1360 1412 67 21 every
1437 1405 102 23 hundred
1549 1406 83 27 pounds
1643 1407 65 20 value
1728 1406 104 22 ..50
1865 1408 13 20 0

1435 1469 105 24 PRICE
1559 1470 45 23 OF
1623 1469 104 24 LAND.

1324 1535 43 24 We
1384 1535 105 23 obtained
1507 1535 37 23 the
1555 1535 116 30 following
1688 1535 60 22 from
1760 1542 13 15 a
1794 1535 81 30 speech

1287 1567 116 25 delivered
1416 1568 28 30 by
1459 1567 48 23 Mr.
1520 1568 23 23 J.
1563 1568 146 28 M'Cartbur,
1723 1568 116 22 delivered
1851 1573 24 17 tit

1288 1607 15 16 *
1325 1602 101 28 meeting
1446 1601 53 24 held
1528 1609 55 15 near
1612 1601 100 30 Sydney,
1745 1605 23 18 to
1791 1605 84 27 protest

1288 1634 92 30 against
1401 1634 37 23 the
1459 1641 48 16 new
1528 1634 138 31 regulations
1687 1634 79 23 issued
1788 1634 30 30 by
1840 1634 35 23 Sir

1290 1667 93 30 George
1406 1667 82 30 Gipps,
1505 1668 129 29 respecting
1646 1671 115 26 squatters
1772 1667 103 23 licenses.

276 599 144 21 ARRIVED.

82 634 52 26 July
148 635 33 23 10,
199 635 139 25 government
347 633 45 25 brig
412 633 103 24 Victoria,
526 632 41 20 200
586 634 57 20 tons,

54 661 111 25 Richards,
175 662 57 20 from
245 661 89 19 Nelson.

84 689 61 19 Same
161 689 47 25 day,
219 687 121 26 brigantine
359 687 80 23 Scotia,
452 686 33 24 68,
499 686 72 25 Ward,
589 686 56 21 from

54 715 77 26 Otago.

81 742 54 26 July
144 743 33 23 15,
188 742 103 20 schooner
300 742 64 24 Kate,
375 742 34 24 62,
428 740 94 25 Salmon,
533 740 55 21 from
608 740 37 21 the

53 773 67 17 coast.

80 797 61 19 Same
156 797 47 25 day,
221 796 121 26 brigantine
360 796 81 23 Scotia,
461 795 35 25 68,
514 795 73 25 Ward,
606 795 41 26 put

51 823 62 20 back.

80 850 61 20 Same
157 851 47 25 day,
220 851 104 19 schooner
340 851 111 19 Susannah
465 850 56 24 Ann,
541 849 26 21 79
583 851 61 21 tons,

54 876 102 27 Hensley,
166 879 39 24 put
221 877 60 20 back.

79 904 49 25 July
140 904 33 23 16,
184 904 118 25 brigantine
312 904 101 24 Hannah,
425 904 35 25 90,
476 903 98 26 Clayton,
585 901 59 21 from

60 930 118 20 Auckland.

296 976 120 19 SAILED.

53 1008 11 5 '
79 1008 51 24 July
146 1008 20 24 9,
184 1008 105 20 ichooner
306 1008 63 24 Ladg
383 1007 76 25 Leigh,
470 1008 50 23 109,
538 1006 63 24 Reid,
612 1004 34 22 for

55 1035 43 20 Kai
109 1034 65 21 Kora.

80 1062 53 25 July
150 1063 33 23 10,
202 1062 106 20 schooner
324 1061 111 25 Industry,
454 1062 26 19 24
497 1063 57 21 tons,
570 1060 75 25 Joyce,

49 1089 38 20 for
98 1089 115 26 Wyderop.

84 1115 52 27 July
147 1116 33 23 11,
199 1117 68 18 cutter
287 1115 146 24 Moon-raker,
451 1115 34 24 12,
507 1114 95 24 Sinclair,
613 1112 34 22 for

56 1143 35 21 for
105 1143 90 20 Nelson.

80 1170 52 25 July
152 1170 33 23 13,
205 1169 121 26 brigantine
347 1170 79 20 Sisters
428 1183 6 9 ,
456 1168 39 21 130
520 1168 73 24 Clark,
613 1166 34 21 for

54 1197 86 21 Hobart
155 1197 74 20 Town.

79 1224 52 25 July
150 1224 33 24 14,
204 1223 107 21 schooner
333 1223 112 21 Susannah
463 1223 58 25 Ann,
542 1223 26 20 79
589 1224 57 22 tons,

52 1252 35 20 for
97 1251 89 20 Nelson.

83 1279 61 19 Same
160 1278 47 26 day,
223 1277 123 26 brigantine
365 1277 80 26 Scotia,
465 1277 35 25 68,
517 1276 73 27 Ward,
614 1275 35 20 for

60 1306 76 25 Otago.

281 1347 35 20 IN
333 1347 88 21 PORT.

80 1375 53 27 Ship
151 1375 61 21 Bella
229 1375 89 20 Marina
341 1375 41 20 600
401 1376 59 23 tons,
479 1374 28 20 T.
529 1373 114 26 Aibridg^

55 1403 119 25 Ridgways,
186 1402 96 25 Guyton,
294 1403 42 19 and
347 1402 47 25 Co.,
406 1402 90 25 Agents.

83 1430 109 19 Schooner
208 1429 126 25 Richmond,
345 1430 28 19 30
388 1431 60 20 tons,
458 1429 83 19 Brown.
571 1427 77 26 Agent,

56 1457 99 26 Captain.

87 1484 145 20 Government
240 1483 48 25 brig
301 1483 101 24 Victoria,
414 1483 42 19 200
467 1484 56 22 tons,
538 1481 110 21 Richards.

88 1511 109 20 Schooner
215 1510 57 20 Kate
291 1510 25 20 62
338 1512 55 22 tons,
411 1509 94 21 Salmon.
534 1509 27 19 R.
572 1509 76 26 Eagar,

59 1539 78 25 Agent.

86 1565 123 25 Brigantine
228 1564 79 26 Scotia,
322 1564 28 21 68
360 1566 57 23 torn,
431 1563 74 21 Ward.
534 1563 27 20 R.
572 1563 76 26 Eagar,

59 1592 79 26 Agent.

82 1619 111 20 Schooner
213 1618 112 20 Susannah
344 1619 56 24 Ann,
423 1618 26 21 79
469 1620 57 22 tons,
545 1617 103 25 Hensley.

53 1646 85 21 Samuel
147 1646 41 19 and
199 1646 90 25 Joseph,
308 1646 90 25 Agents.

80 1673 122 25 Brigantine
211 1672 101 26 Hannah,
320 1674 27 19 90
356 1674 57 23 tons,
425 1672 100 26 Clayton.
553 1672 95 25 Agents,

52 1700 96 20 Bethune
159 1700 40 20 and
211 1699 95 20 Hunter.

1898 133 37 22 the
1951 131 113 26 colonists,
2083 130 58 22 their
2157 131 164 27 employments
2339 131 69 26 being
2426 138 61 15 more

1897 158 118 23 combined
2025 160 45 19 and
2086 157 97 26 divided,
2195 157 44 22 will
2255 157 29 22 be
2293 157 133 28 prosecutq}
2434 157 54 22 with

1898 192 12 15 a
1920 188 64 24 great
1994 184 51 22 deal
2053 190 63 16 more
2126 190 87 16 success
2224 183 54 22 than
2288 187 24 18 at
2321 186 98 25 present.
2446 184 40 21 All

1898 211 51 24 this,
1959 211 110 26 however,
2085 209 106 28 proceeds
2206 216 30 15 on
2256 209 37 22 the
2311 209 55 22 false
2386 209 44 22 and
2448 216 41 15 ex-

1898 237 81 28 ploded
1996 237 135 32 assumption
2148 236 48 21 that
2211 236 38 21 the
2265 236 107 22 colonists
2389 242 37 14 are
2439 239 49 23 not,

1897 258 46 36 [ike
1961 263 64 21 other
2041 262 144 26 individuals,
2196 261 38 23 the
2245 262 48 22 best
2303 261 84 28 judges
2397 261 26 21 of
2431 261 58 22 what

1898 289 18 21 is
1931 289 36 21 for
1981 289 57 23 their
2053 296 51 14 own
2120 291 133 24 advantage.
2283 289 40 21 Dr.
2341 287 72 22 Smith
2430 295 56 19 says,

1898 315 70 26 truly,-
1976 315 18 22 it
2003 316 18 20 is
2038 315 38 21 the
2091 315 90 26 highest
2195 315 168 26 importenance
2373 314 35 21 for
2423 313 65 28 kings

1899 347 44 15 ana
1937 341 3 6 1
1954 341 110 23 ministers
2074 345 23 17 to
2108 343 94 24 attempt
2208 343 23 19 to
2238 340 72 22 direct
2319 341 85 26 private
2411 341 77 26 people

1899 369 45 19 how
1959 367 54 28 they
2024 367 78 22 should
2119 367 89 27 employ
2217 366 59 22 their
2291 366 99 27 capitals.
2420 366 44 22 But
2471 367 19 21 it

1900 395 24 23 is,
1935 394 21 21 if
1968 394 103 27 possible,
2091 401 14 13 a
2123 395 45 20 still
2186 397 89 24 greater
2292 393 160 26 impertinence
2467 397 22 17 to

1900 421 71 21 direct
1980 421 62 21 them
2051 421 68 19 where
2128 421 55 29 they
2192 420 58 21 shall
2270 423 88 22 employ
2369 420 67 20 them.
2467 420 21 21 A

1899 446 81 27 regard
1996 450 22 18 to
2038 446 57 22 their
2112 453 48 14 own
2176 446 95 21 interest
2280 446 45 21 will
2337 446 59 21 draw
2412 446 77 26 people

1900 473 133 27 sufficiently
2044 472 108 27 together.
2183 472 53 21 And
2247 475 22 18 to
2280 475 67 18 enact
2355 471 135 27 regulations

1900 500 23 21 in
1934 500 38 20 the
1983 500 56 20 view
2049 500 25 20 of
2081 498 167 26 concentrating
2259 498 60 21 them
2337 498 45 21 still
2391 505 69 19 more,
2471 499 19 21 is

1901 526 22 21 in
1935 533 67 23 every
2011 529 88 24 respect
2109 532 23 14 as
2142 524 167 27 contradictory
2319 524 44 21 and
2373 524 80 21 absurd
2466 531 24 14 as

1901 553 18 21 it
1935 551 75 23 would
2025 552 27 21 be
2068 555 23 18 to
2101 555 34 17 set
2145 551 68 21 about
2227 551 128 25 increasing
2369 550 37 21 the
2416 550 74 26 public

1902 578 81 22 wealth
1993 579 29 26 by
2032 578 125 26 regulating
2168 576 36 22 the
2212 580 47 18 sort
2269 578 25 20 of
2299 576 161 28 employments
2469 581 21 18 to

1902 606 26 21 be
1939 605 86 22 carried
2043 611 36 19 on,
2096 604 43 21 and
2159 604 38 21 the
2217 604 113 21 countries
2349 602 52 22 with
2412 603 78 27 which,

1902 632 45 21 and
1958 631 38 22 the
2006 630 154 23 commodities
2170 630 24 21 in
2204 629 79 27 which,
2296 634 22 17 to
2330 629 56 22 deal.

1999 656 491 15 ***

1954 684 23 21 It
1992 684 19 22 is
2027 691 14 14 a
2056 686 51 24 part
2123 683 26 21 of
2166 682 43 22 this
2228 689 50 14 new
2295 682 93 28 project,
2406 689 28 14 on
2453 682 39 22 the

1902 711 109 26 supposed
2029 710 127 22 excellence
2172 709 27 21 of
2217 708 74 22 which
2309 708 67 22 much
2393 712 66 18 stress
2473 709 19 21 is

1903 737 53 26 laid,
1968 738 49 21 that
2028 737 37 22 the
2076 743 61 15 sums
2154 739 39 23 got
2201 735 31 27 by
2243 735 38 21 the
2298 735 47 22 sale
2356 735 25 20 of
2392 734 63 22 lands
2469 735 23 22 in

1903 764 37 21 the
1951 764 88 26 colony,
2050 770 39 14 are
2099 766 22 18 to
2132 762 26 21 be
2169 761 118 27 expended
2295 762 23 21 in
2327 761 118 27 defraying
2455 761 37 22 the

1904 797 111 21 expences
2030 789 115 27 attending
2159 788 38 22 the
2213 795 144 20 conveyance
2373 787 83 22 thither
2470 788 25 21 of

1902 817 123 21 labourers.
2052 816 55 21 This
2116 816 19 21 is
2146 823 13 14 a
2169 815 84 27 species
2264 815 24 21 of
2301 814 48 22 bait
2357 813 54 22 held
2424 817 38 18 out
2471 817 22 18 to

1904 846 73 23 tempt
1987 842 119 27 capitalists
2116 845 22 18 to
2147 842 45 26 buy
2201 841 62 26 land,
2281 842 31 26 by
2323 841 97 26 making-
2432 841 61 21 them

1902 870 89 21 believe
2008 870 47 21 that
2072 868 86 27 though
2174 868 54 21 land
2245 868 27 21 be
2292 867 126 26 artificially
2432 867 60 26 dear,

1904 896 78 21 labour
1994 895 46 22 will
2053 896 30 21 be
2098 895 125 26 artificially
2239 895 77 26 cheap,
2334 893 46 22 and
2394 894 55 25 that,
2466 900 27 15 on

1904 922 38 21 the
1964 922 77 25 whole,
2058 921 56 27 they
2129 921 45 22 will
2189 921 28 20 be
2234 928 53 19 very
2305 920 50 21 well
2370 920 42 21 off!
2432 920 61 27 This,

1904 948 112 26 however,
2027 948 19 21 is
2055 947 84 27 merely
2151 947 134 26 attempting
2296 949 23 18 to
2335 947 73 26 repair
2419 952 26 16 an
2460 946 35 21 in-

1902 975 54 26 jury
1976 975 59 20 done
2053 974 38 21 the
2107 973 121 28 capitalists
2248 973 30 26 by
2297 972 111 27 inflicting
2424 980 12 14 a
2450 973 45 21 still

1904 1008 64 15 more
1987 1001 84 21 serious
2088 1000 75 27 injury
2180 1007 28 14 on
2228 999 37 21 the
2283 999 123 21 labourers.
2435 999 28 21 In
2482 1006 14 14 a

1904 1028 82 27 colony
1996 1027 75 22 where
2081 1034 13 14 a
2103 1027 60 26 large
2181 1026 86 27 portion
2284 1026 27 21 of
2325 1025 37 22 the
2379 1025 81 27 capital
2475 1026 18 21 is

1905 1054 127 21 swallowed
2042 1062 30 19 up
2081 1053 23 22 in
2115 1053 37 22 the
2169 1053 109 26 purchase
2295 1053 26 21 of
2337 1051 59 27 land,
2409 1051 36 22 the
2459 1052 37 22 de-

1905 1080 71 22 mand
1984 1081 36 21 for
2029 1081 78 21 labour
2116 1083 59 19 must
2180 1080 27 21 be
2215 1078 174 27 comparatively
2397 1078 97 27 limited;

1905 1108 46 21 and
1971 1107 44 22 this
2033 1107 86 22 limited
2140 1107 86 21 market
2241 1106 19 21 is
2278 1110 22 17 to
2316 1105 29 22 be
2359 1101 88 30 glutted
2466 1105 29 27 by

1905 1134 113 26 throwing
2027 1141 59 20 upon
2096 1134 18 21 it
2123 1133 85 22 crowds
2218 1132 27 22 of
2250 1139 101 20 paupers,
2358 1132 139 26 transported

1904 1161 71 26 gratis
1998 1162 57 20 from
2081 1159 116 28 England!
2238 1161 39 19 We
2300 1166 41 19 say
2363 1158 87 21 crowds
2474 1159 25 21 of

1905 1194 103 20 paupers,
2020 1187 33 21 for
2062 1187 43 21 few
2115 1186 114 22 labourers
2240 1192 72 14 aware
2323 1185 26 21 of
2359 1185 39 22 the
2408 1184 56 22 facts
2475 1185 24 21 of

1906 1214 39 21 the
1955 1221 58 19 case,
2024 1213 50 23 who
2085 1220 40 14 can
2136 1212 70 23 afford
2216 1216 23 18 to
2248 1218 43 21 pay
2301 1211 36 21 for
2350 1218 13 14 a
2372 1218 93 19 passage
2475 1215 22 18 to

1906 1240 39 21 the
1956 1239 85 23 United
2051 1241 78 24 States,
2138 1239 44 21 will
2190 1238 137 26 voluntarily
2333 1241 56 23 goto
2398 1244 13 14 a
2418 1238 77 27 colony

1907 1266 73 22 where
1991 1267 53 21 land
2058 1267 20 21 is
2095 1269 22 18 to
2132 1266 27 21 be
2176 1265 126 26 artificially
2316 1263 105 23 reduced.
2448 1264 48 22 The

1906 1293 72 21 whole
1999 1293 89 21 scheme
2107 1300 80 18 seems,
2203 1292 24 21 in
2243 1292 51 25 fact,
2307 1295 22 17 to
2346 1291 27 21 be
2384 1290 56 22 little
2451 1291 44 21 else

1907 1319 55 22 than
1972 1328 14 13 a
2003 1320 67 22 tissue
2086 1319 26 21 of
2126 1318 113 24 delusions
2256 1318 46 22 and
2317 1317 179 25 contradictions,

1906 1346 46 22 and
1971 1347 19 21 it
2008 1354 49 19 says
2077 1345 56 22 little
2152 1346 35 20 for
2202 1345 38 21 the
2257 1345 151 21 discernment
2418 1344 25 21 of
2460 1343 35 22 the

1905 1373 84 28 public,
2002 1373 47 21 that
2057 1372 19 22 it
2086 1372 80 22 should
2175 1372 58 21 have
2245 1371 109 21 attracted
2365 1377 44 19 any
2415 1370 80 22 notice.

1936 1400 16 13 ''
1966 1399 20 23 It
1996 1400 18 21 is
2025 1404 48 17 true
2085 1399 48 21 that
2143 1399 37 21 the
2192 1397 134 23 Americans
2337 1397 42 21 will
2391 1396 39 22 sell
2440 1396 57 22 their

1906 1427 142 26 unoccupied
2067 1425 77 28 lands;
2167 1425 41 21 but
2228 1425 53 25 they
2300 1423 42 22 sell
2360 1423 38 21 the
2417 1423 81 21 richest

1906 1453 46 22 and
1963 1453 66 21 finest
2039 1452 65 22 lands
2113 1452 24 21 in
2149 1452 37 21 the
2196 1451 73 26 valley
2279 1451 27 21 of
2319 1450 36 22 the
2368 1450 129 27 Mississippi

1906 1483 24 18 at
1939 1481 43 20 less
1992 1480 54 21 than
2064 1486 13 14 a
2087 1479 71 21 dollar
2175 1485 28 14 an
2220 1484 58 20 acre,
2293 1477 100 21 whereas
2410 1483 31 15 we
2460 1483 37 15 ex-

1907 1510 52 23 pect
1968 1507 31 20 ss.
2012 1513 27 14 an
2050 1512 52 16 acre
2112 1505 35 21 for
2163 1505 36 21 the
2217 1508 66 17 worst
2301 1503 51 21 land
2363 1503 24 21 in
2399 1503 98 26 Canada,

1907 1533 45 21 and
1972 1540 31 14 no
2020 1533 43 21 less
2080 1531 55 23 than
2154 1533 45 22 12s.
2212 1538 24 14 or
2252 1532 45 21 20s.
2309 1537 29 13 an
2351 1536 51 15 acre
2413 1530 34 21 for
2461 1530 36 21 the

1907 1563 67 18 worst
1983 1559 55 21 land
2048 1562 23 18 at
2090 1557 38 22 the
2144 1557 133 27 Antipodes,
2295 1563 26 15 or
2333 1556 23 22 in
2373 1556 49 21 that
2439 1558 57 19 terra

1906 1587 107 25 incognita
2030 1584 72 22 called
2118 1584 71 22 South
2203 1583 122 24 Australia.
2356 1583 24 21 If
2392 1582 61 22 these
2464 1590 33 14 re-

1905 1613 113 26 gulations
2027 1612 28 22 be
2071 1611 107 22 intended
2194 1614 23 18 to
2235 1610 72 22 divert
2323 1611 36 22 the
2371 1613 89 18 current
2474 1610 23 21 of

1907 1640 118 26 voluntary
2036 1638 132 27 emigration
2180 1637 57 21 from
2250 1644 39 14 our
2300 1644 50 15 own
2367 1637 97 21 colonies
2474 1640 21 18 to

1907 1666 38 22 the
1966 1665 84 22 United
2067 1665 80 26 States,
2165 1664 54 26 they
2238 1663 27 21 do
2281 1664 87 22 honour
2379 1667 22 17 to
2413 1663 35 21 the
2464 1671 32 13 sa-

1905 1693 75 26 gacity
1992 1692 26 22 of
2032 1691 63 21 those
2112 1691 28 27 by
2151 1691 73 21 whom
2243 1691 51 26 they
2308 1698 55 14 were
2376 1690 118 26 contrived,

1907 1719 45 21 and
1963 1719 62 21 there
2034 1719 18 21 is
2062 1721 40 18 not
2112 1725 13 14 a
2135 1718 59 21 word
2204 1721 21 17 to
2238 1718 26 20 be
2276 1717 47 21 said
2335 1717 86 27 against
2429 1717 65 21 them.

1907 1746 45 21 But
1966 1745 25 22 in
2009 1745 30 21 all
2054 1745 64 21 other
2133 1749 104 22 respects,
2255 1744 54 26 they
2320 1751 60 14 seem
2399 1750 23 14 to
2432 1744 28 22 be
2474 1750 23 14 as

1905 1772 110 27 impolitic
2025 1771 45 22 and
2079 1771 82 22 absurd
2172 1778 24 14 as
2206 1778 43 14 can
2260 1771 50 21 well
2319 1771 28 21 be
2356 1770 119 27 imagined.

2145 1823 77 23 Letter
2242 1824 19 19 1.

1907 1862 40 21 TO
1990 1862 64 21 THE
2097 1860 102 23 RIGHT
2243 1860 173 23 REVEREND
2452 1861 43 22 Dr.

1964 1888 138 26 SELWYN,
2123 1887 234 23 EPISCOPALIAN
2383 1887 114 23 BISHOP

1963 1916 40 21 OF
2018 1915 73 22 NEW
2106 1914 161 22 ZEALAND.

1895 1949 2 20 !
1935 1949 43 22 Mx
1994 1948 150 26 LoRD,-r-The
2154 1955 78 15 reason
2242 1948 35 20 for
2286 1955 39 19 my
2335 1948 160 21 communic&is

1906 1975 39 26 ing
1966 1975 52 21 with
2038 1982 42 19 you
2098 1981 28 14 on
2141 1975 38 21 the
2193 1978 92 23 present
2300 1974 112 25 occasion,
2428 1974 67 22 arise-

1905 2001 59 21 from
1975 2001 38 21 the
2020 2001 127 26 deplorable
2154 2004 56 18 state
2216 2000 26 21 of
2248 2000 104 27 religious
2359 2000 134 22 excitement

1906 2027 46 21 and
1967 2027 94 21 division
2081 2027 70 21 which
2170 2027 19 21 is
2207 2026 71 22 found
2289 2031 22 17 to
2323 2027 57 21 exist
2396 2032 101 21 amongst

1907 2053 37 22 the
1955 2055 86 21 natives
2056 2054 137 26 throughout
2202 2053 38 21 the
2252 2053 72 23 whole
2340 2053 75 26 length
2427 2054 25 22 of
2460 2054 35 21 the

1905 2081 117 26 Ngamotu
2031 2081 44 21 and
2085 2080 111 22 Taranaki
2207 2079 104 27 districts,
2321 2079 44 22 and
2377 2080 71 22 which
2458 2088 37 14 ex-

1906 2107 109 21 citement
2024 2107 18 22 is
2050 2107 137 26 universally
2193 2106 131 26 attributed,
2332 2107 29 26 by
2372 2106 37 22 the
2417 2107 77 26 parties

1906 2133 141 27 themselves,
2060 2137 23 17 to
2093 2134 49 21 that
2152 2133 100 28 peculiar
2263 2133 57 27 style
2331 2133 25 21 of
2365 2133 76 23 advice
2453 2134 42 21 and

1907 2159 90 23 caution
2007 2160 72 21 which
2095 2168 54 19 your
2159 2159 100 28 lordship
2272 2167 46 14 was
2327 2159 90 28 pleased
2427 2164 21 18 to
2458 2161 37 21 ad-

1907 2187 101 21 minister
2027 2187 82 26 during
2126 2194 56 20 your
2201 2190 42 18 two
2263 2186 109 22 overland
2391 2187 104 27 journeys

1906 2213 58 22 from
1976 2214 127 26 Wanganui
2112 2217 23 18 to
2145 2213 56 22 New
2218 2213 129 27 Plymouth.
2377 2214 54 21 And
2441 2222 22 13 as
2474 2218 21 18 to

1907 2247 40 19 my
1964 2243 41 19 not
2028 2241 191 26 communicating
2244 2240 53 22 with
2321 2246 56 21 your
2400 2240 93 27 lordship

1906 2267 118 27 privately,
2034 2267 42 22 but
2083 2267 76 22 rather
2175 2266 97 27 through
2287 2267 38 21 the
2340 2267 96 22 medium
2448 2267 23 21 of
2483 2274 12 14 a

1907 2294 138 26 respectable
2055 2294 76 27 public
2144 2294 99 27 journal,
2254 2293 12 21 I
2276 2300 39 15 am
2326 2297 39 18 not
2375 2294 120 26 apprehen-

1907 2320 49 21 sive
1966 2321 49 21 that
2025 2328 44 21 any
2078 2328 81 15 excuse
2170 2321 45 21 will
2224 2321 29 21 be
2263 2320 112 27 required,
2384 2321 111 21 otherwise

1910 2346 9 21 I
1931 2346 80 22 should
2022 2354 54 20 urge
2087 2347 38 23 the
2135 2347 101 22 absolute
2248 2347 111 27 necessity
2367 2347 27 21 of
2400 2347 36 21 the
2448 2355 47 14 case

1907 2380 26 14 as
1949 2380 14 14 a
1978 2374 112 22 sufficient
2104 2375 51 27 plea
2170 2375 34 21 for
2221 2380 45 21 any
2281 2377 108 24 apparent
2405 2377 56 19 want
2475 2374 25 21 of

1907 2404 106 24 courtesy
2032 2401 73 21 which
2125 2400 73 27 might
2216 2401 29 21 be
2265 2401 117 26 suspected
2411 2400 34 22 for
2460 2401 35 21 the

1906 2427 48 21 fact
1963 2427 25 26 is,
2000 2435 24 14 as
2038 2434 44 20 you
2097 2434 36 16 are
2145 2435 79 20 aware,
2238 2427 48 22 that
2296 2434 32 15 we
2342 2427 57 23 have
2410 2427 85 26 already

1907 2454 181 22 communicated
2106 2455 110 26 privately
2227 2455 52 21 with
2293 2461 58 20 your
2361 2454 97 27 lordship
2467 2462 26 13 on

1907 2480 64 21 these
1982 2481 103 26 subjects,
2097 2482 45 20 and
2153 2481 19 21 it
2180 2481 18 21 is
2209 2481 96 21 because
2317 2480 48 22 that
2375 2481 120 21 communi-

1908 2506 74 22 cation
1991 2507 41 22 has
2042 2507 68 22 failed
2126 2511 23 18 to
2164 2507 100 32 produce
2278 2507 40 22 the
2334 2507 87 22 desired
2434 2507 62 22 effect

1907 2532 51 22 that
1972 2533 39 22 the
2027 2534 110 27 necessity
2147 2537 26 19 of
2180 2542 13 14 a
2203 2541 62 15 more
2283 2534 76 27 public
2374 2535 121 26 expostula-

1906 2559 48 22 tion
1965 2560 20 22 is
1996 2561 120 21 indicated.

210 150 81 21 Good
305 148 179 21 Investment.

57 177 160 49 MESSRS.
232 174 151 25 BETHUNE
393 180 48 15 and
456 171 137 25 HUNTER,
602 177 38 15 are

146 201 122 25 instructed
279 206 22 17 to
312 201 41 22 sell
361 200 31 27 by
402 199 98 26 auction,
510 199 89 20 without
608 203 33 15 re-

54 237 63 19 term,
129 237 28 14 on
166 228 144 23 Wednesday
318 230 63 23 next,
392 225 37 22 the
439 225 53 22 24th
501 225 61 26 July.

85 256 36 22 All
131 256 62 21 those
204 254 153 23 commodious
364 251 106 28 premise*
477 251 82 22 known
569 258 25 15 as
603 250 38 22 the

56 281 142 24 SUFFOLK
228 280 113 26 HOTEL,
367 277 200 28 Thorndon-quay,
588 275 53 24 with

54 309 114 25 furniture,
180 307 133 27 impliments
327 305 44 22 and
387 304 64 22 stock
462 305 24 21 in
500 304 69 26 trade,
580 306 62 24 toge-

56 335 49 21 ther
116 334 51 21 with
180 334 36 21 the
226 332 110 27 goodwill
347 331 26 22 of
378 331 38 21 the
427 331 107 21 business.

84 362 100 25 Also,
186 361 37 20 An
240 358 111 23 excellent
366 356 192 23 BAKEHOUSE
573 354 68 23 AND

56 387 82 22 SHOP
152 385 111 25 attached,
280 385 31 21 all
327 392 26 14 as
367 390 62 16 more
444 381 142 28 particularly
603 381 39 21 de-

55 413 88 22 scribed
152 413 22 21 in
185 420 14 13 a
207 412 104 27 previous
320 410 180 22 advertisement.

69 440 50 21 Salt
127 441 21 19 to
159 440 47 20 take
212 439 61 26 place
282 444 28 14 on
319 436 142 27 thepremitet
471 437 23 19 at
505 436 26 20 12
541 434 87 22 o'clock.

123 466 57 21 N.B.
211 467 21 20 A.
242 472 97 15 LICENSE
350 470 44 15 CAM
411 470 29 14 BE
451 468 122 16 OBTAINED.

82 492 145 27 Wellington,
237 491 56 27 July
305 491 34 26 15,
351 490 61 22 1844.
