2569 3989
800 1384 167 27 POLICE
1003 1390 148 26 COURT,

854 1444 261 27 DEPOSITION.

687 1495 85 25 Before
782 1498 33 24 A.
828 1499 31 24 E.
873 1500 145 33 M'Donogh,
1028 1504 69 31 Esq.,
1112 1506 68 25 Chief
1196 1509 77 23 Police

909 1534 145 32 Magistrate.

805 1589 125 33 Thursday,
947 1594 58 30 July
1027 1596 39 29 11,
1082 1598 72 24 1844.

718 1648 124 26 William
865 1652 48 24 Ed.
938 1653 129 32 Vincent,
1092 1658 69 31 being
1187 1667 82 23 sworn,

683 1682 73 23 stated
766 1690 40 16 :—
809 1683 11 23 I
834 1692 37 16 am
891 1694 13 15 a
924 1687 77 24 settler
1019 1689 24 23 in
1062 1690 38 24 the
1113 1691 99 25 Makara
1223 1694 46 24 dis-

683 1715 68 29 trict;
784 1724 28 15 on
832 1716 145 35 Wednesday
996 1724 114 30 morning,
1134 1725 53 31 July
1208 1728 23 27 3,
1256 1728 13 23 I

681 1748 86 24 missed
780 1751 13 21 1
806 1751 66 23 small
893 1753 133 30 tomahawk,
1040 1763 14 16 a
1066 1756 121 31 bill-hook,
1201 1759 68 25 about

681 1780 164 32 half-a-pound
864 1785 26 23 of
903 1788 145 29 gunpowder,
1069 1798 14 14 a
1101 1791 92 31 tin-pot,
1213 1800 54 17 con-

681 1815 88 30 taining
788 1823 64 17 some
873 1819 66 23 moist
965 1827 76 24 sugar,
1064 1827 43 19 two
1128 1824 140 33 sharpening

679 1852 87 25 stones,
786 1856 13 15 a
817 1850 61 23 table
896 1850 71 31 knife,
989 1861 14 15 a
1021 1855 88 30 gimlet,
1123 1865 13 14 a
1156 1857 70 25 bottle
1244 1860 25 23 of

678 1880 50 29 ink,
740 1881 46 23 and
796 1882 69 24 about
876 1888 83 27 twenty
970 1886 47 24 feet
1027 1888 26 23 of
1068 1896 42 17 one
1127 1890 52 23 inch
1191 1899 54 24 rope
1257 1902 6 20 ;

678 1914 74 23 which
765 1915 90 24 articles
867 1924 58 16 were
936 1918 41 24 left
994 1920 25 22 in
1030 1928 14 16 a
1062 1921 42 24 hut
1123 1928 23 18 at
1158 1923 116 27 Makara,

678 1946 38 23 the
728 1953 107 24 property
847 1949 24 21 of
888 1949 90 32 George
991 1952 144 31 Feliingham
1158 1957 43 22 and
1211 1965 50 22 my-
1271 1965 3 21 3

676 1978 52 23 self.
765 1979 43 24 We
820 1980 45 23 had
883 1981 68 24 heard
970 1984 65 23 shots
1054 1986 58 24 fired
1132 1989 72 23 round
1223 1997 41 17 our

676 2010 54 24 land
741 2011 83 32 during
836 2013 37 23 the
885 2015 111 32 morning,
1010 2019 44 22 and
1073 2020 76 24 whilst
1161 2029 32 16 we
1205 2030 57 18 were

675 2049 24 18 at
722 2044 88 31 dinner,
824 2054 14 15 a
858 2047 74 24 Maori
951 2050 81 23 named
1051 2052 86 31 Ingara
1158 2062 62 17 came
1238 2057 33 23 in'

674 2081 24 20 to
711 2077 73 25 whom
796 2087 33 15 we
848 2087 56 23 gave
916 2081 59 25 food.
1013 2084 80 30 Mark,
1105 2095 14 14 a
1136 2088 74 24 native
1222 2090 39 23 be-

674 2111 98 31 longing
783 2116 22 19 to
819 2113 34 23 Te
866 2113 56 30 Aro,
935 2116 49 23 who
996 2124 46 16 was
1064 2120 104 32 working
1179 2121 34 23 for
1226 2130 33 21 us,
1267 2119 3 8 '

674 2144 112 24 informed
795 2145 85 31 Ingara
891 2147 48 23 that
948 2149 38 23 the
999 2150 76 32 things
1085 2160 59 17 were
1154 2156 98 30 missing

673 2177 146 31 Feliingham
831 2179 43 22 and
888 2181 87 29 myself,
988 2184 53 22 with
1056 2185 78 30 Mark,
1155 2188 53 24 then
1221 2196 38 16 ac-

673 2211 132 30 companied
819 2212 85 30 Ingara
915 2218 22 18 to
949 2222 13 16 a
980 2223 71 17 warre
1064 2219 69 24 about
1146 2229 12 15 a
1170 2226 89 26 quarter
1270 2227 2 11 '■

672 2245 25 22 of
713 2253 12 15 a
737 2245 53 22 mile
802 2245 34 22 off
852 2246 22 22 in
895 2246 38 23 the
946 2247 66 30 bush,
1026 2257 57 17 were
1102 2260 34 16 we
1156 2261 45 17 met
1215 2261 43 18 two
1270 2260 2 27 j

671 2278 64 23 other
748 2278 95 29 natives,
857 2279 48 23 who
926 2287 27 16 on
967 2280 68 34 being
1046 2285 65 24 made
1123 2290 134 28 acquainted
1270 2287 1 23 i

671 2311 53 23 wkh
735 2319 42 15 our
789 2311 53 28 loss,
856 2313 152 33 immediately
1020 2316 47 24 told
1078 2326 28 15 us
1118 2320 50 24 that
1179 2321 76 30 Ratia,
1267 2313 4 32 j

668 2343 60 24 alias
740 2344 47 24 Kai
799 2343 99 31 Karoro,
911 2344 102 33 (against
1032 2350 73 25 whom
1127 2361 13 15 a
1161 2361 96 18 warrant

669 2377 33 23 for
716 2377 71 24 wilful
799 2379 91 22 murder
902 2379 43 24 had
958 2381 56 23 been
1026 2383 77 25 issued
1117 2386 29 31 by
1160 2387 37 23 the
1210 2388 45 24 Co-

667 2417 75 22 roner,
766 2411 33 24 for
819 2410 107 33 shooting
945 2420 42 16 one
1011 2415 25 23 of
1051 2417 36 24 his
1107 2425 148 27 countrymen

666 2451 63 16 some
752 2443 91 25 months
872 2444 79 32 back,)
975 2448 44 23 and
1048 2452 96 23 another
1172 2455 81 29 native,

666 2476 81 30 Erino,
761 2484 58 17 were
830 2477 38 24 the
887 2480 83 29 parties
992 2481 49 25 who
1059 2483 44 25 had
1115 2486 86 24 robbed
1213 2495 41 16 our

665 2509 42 24 hut
719 2511 24 22 of
759 2511 37 23 the
808 2511 98 30 articles,
920 2512 64 24 when
1003 2522 32 17 we
1057 2525 59 16 were
1135 2519 80 25 absent
1227 2527 23 17 at

667 2542 137 32 Wellington
815 2551 6 20 ;
841 2545 45 24 and
899 2545 48 23 that
958 2545 75 27 Ratea
1053 2551 43 23 and
1116 2551 73 25 Erino
1208 2554 44 24 had

664 2576 156 26 endeavoured
841 2583 23 19 to
884 2579 110 31 persuade
1016 2582 37 25 the
1067 2584 64 23 other
1151 2586 101 25 Maories

663 2612 23 20 at
700 2609 119 33 Oturanga
831 2617 22 18 to
863 2613 50 30 join
925 2612 52 24 with
997 2615 62 25 them
1071 2617 45 23 and
1129 2619 48 23 rifle
1189 2628 28 15 us
1229 2622 25 22 of

663 2649 67 24 every
743 2645 77 23 article
831 2652 31 16 we
874 2646 45 24 had
932 2648 22 20 at
968 2646 106 27 Makara.
1112 2651 13 23 I
1135 2653 65 23 value
1212 2654 38 24 the

663 2675 77 31 things
753 2677 73 24 stolen
838 2683 23 18 at
872 2680 46 24 £1.

697 2708 71 32 Upon
787 2710 46 23 this
853 2712 150 32 information,
1017 2723 13 15 a
1052 2717 80 24 search
1153 2726 94 17 warrant

661 2748 46 16 was
718 2745 95 27 granted
826 2744 30 31 by
867 2745 38 24 the
918 2747 78 24 Police
1008 2749 148 31 Magistrate,
1165 2753 42 23 and
1221 2754 26 23 he

660 2775 75 23 stated
748 2775 49 24 that
809 2785 13 14 a
843 2783 66 26 party
920 2782 24 22 of
959 2783 129 23 constables
1106 2784 83 24 should
1210 2794 37 15 ac-

660 2815 112 24 company
786 2809 46 25 Mr.
846 2811 106 31 Vincent,
966 2822 28 15 on
1017 2815 110 33 Monday,
1141 2822 22 19 to
1186 2819 61 25 Otu-

659 2848 80 23 ranga.

775 2902 123 34 Saturday,
918 2906 55 33 July
995 2910 37 28 13,
1054 2910 73 25 1844.

691 2935 52 24 The
757 2936 78 25 Police
851 2938 142 33 Magistrate,
1001 2942 85 32 having
1097 2950 52 19 sent
1160 2946 35 23 for
1207 2947 36 24 the

656 2968 163 32 complainant,
839 2971 110 26 informed
968 2974 50 25 him
1037 2976 50 24 that
1106 2977 28 24 he
1152 2976 46 27 had
1210 2980 33 24 al-

655 2999 64 26 tered
732 3003 38 23 the
781 3003 53 31 plan
848 3006 25 22 of
888 3008 136 31 proceeding
1032 3017 8 20 ;
1059 3009 49 25 that
1120 3018 29 16 no
1162 3014 81 23 search

655 3040 98 19 warrant
765 3037 73 24 would
851 3038 27 24 be
897 3041 103 29 granted,
1012 3043 45 23 and
1074 3050 29 17 no
1116 3046 127 24 constables

654 3075 26 15 or
700 3069 65 23 other
784 3070 60 24 force
866 3072 92 24 allowed
979 3079 23 18 to
1021 3083 29 22 go
1062 3084 7 19 ;
1088 3076 42 24 but
1149 3078 49 24 that
1214 3079 29 24 he

653 3098 62 33 (Mr.
737 3102 160 39 M^Douogh,)
910 3106 71 24 would
994 3107 48 24 ride
1062 3110 72 23 round
1147 3115 23 19 to
1182 3111 60 25 Otu-

653 3142 79 22 ranga,
745 3136 54 23 with
812 3144 13 15 a
835 3138 130 30 gentleman
984 3140 125 33 belonging
1121 3147 22 19 to
1165 3152 42 16 one
1219 3146 24 23 of

652 3166 39 24 the
703 3168 115 29 missions,
831 3171 50 23 who
899 3172 44 24 had
955 3173 81 31 kindly
1049 3175 144 26 volunteered
1206 3178 36 24 his

652 3201 108 29 services,
772 3203 44 22 and
828 3203 54 24 take
895 3204 37 24 the
944 3205 140 32 depositions
1097 3209 26 23 of
1137 3210 39 24 the
1186 3219 55 24 par-

651 3234 52 28 ties,
716 3234 46 24 and
775 3235 49 24 that
841 3236 26 31 if
882 3238 37 24 the
936 3241 88 22 natives
1046 3243 98 23 accused
1167 3244 73 25 them-

650 3267 84 30 selves,
747 3268 29 23 he
789 3270 74 23 would
882 3270 52 25 take
956 3279 51 18 care
1021 3274 44 24 and
1085 3281 73 19 arrest
1171 3277 69 31 them,

649 3300 21 23 if
685 3300 29 24 he
726 3302 103 30 possibly
842 3304 74 24 could.

730 3354 239 30 LEGISLATIVE
996 3361 162 26 COUNCIL.

109 114 38 21 per
157 106 47 22 that
221 107 55 27 they
285 108 80 23 should
377 111 29 21 be
416 111 65 23 made
495 113 134 28 acquainted
639 115 51 22 with

110 141 42 19 any
169 134 171 23 circumstances
356 136 71 23 which
442 138 56 22 have
513 146 14 14 a
537 141 87 21 natural
643 144 47 19 ten-

107 160 71 26 dency
192 162 24 19 to
232 160 106 28 interrupt
346 162 50 22 that
412 171 74 20 peace,
502 172 24 15 or
543 168 23 20 to
576 166 114 28 endanger

107 186 46 22 that
172 186 102 27 security,
286 187 73 22 which
375 189 39 22 the
429 191 78 26 colony
521 194 25 19 at
561 197 89 22 present
665 202 24 14 so

105 212 123 27 materially
239 213 84 27 enjoys.
352 215 32 21 At
399 215 37 22 the
453 224 61 15 same
528 218 61 27 time,
605 219 12 21 I
630 224 59 18 must

105 240 26 20 be
145 240 94 20 allowed
254 242 22 19 to
290 246 47 21 say,
352 241 49 22 that
415 249 29 15 no
458 243 63 22 other
536 251 81 20 person
633 246 55 23 than

104 265 81 26 myself
191 271 19 14 is
219 271 24 15 in
253 265 37 22 the
300 266 56 22 least
362 268 81 27 degree
452 271 142 22 accountable
602 271 35 23 for
643 280 45 19 any

104 291 24 22 of
136 290 37 22 the
180 292 176 28 accompanying
364 294 158 24 observations.

130 318 42 26 My
180 316 56 27 lord,
248 320 11 19 I
271 319 57 22 need
342 321 98 26 scarcely
449 328 40 20 say
503 322 50 22 that
566 323 44 23 this
619 325 20 22 is
648 326 38 22 the

102 344 47 21 first
158 344 90 21 avowed
258 344 93 23 diviiion
361 346 26 21 of
394 346 83 23 feelin^
486 348 72 23 which
567 349 41 23 has
617 351 67 23 taken

101 369 65 36 plack
174 370 100 22 between
285 371 37 22 the
333 376 76 22 agents
419 374 25 21 of
452 374 36 22 the
496 379 44 18 two
551 377 99 23 societies
660 379 23 21 in

101 396 55 22 New
166 396 106 26 Zealand,
285 397 80 27 during
374 406 13 14 a
397 406 77 16 course
486 402 24 20 of
516 403 167 27 uninterrupted

100 429 131 24 missionary
239 422 96 28 labours,
345 424 36 23 for
396 426 38 21 the
450 427 42 22 last
508 432 85 24 twenty
605 437 76 21 years;

100 449 43 20 and
158 449 48 20 that
220 452 19 18 it
253 450 18 21 is
286 450 81 27 chiefly
381 451 23 22 in
420 459 153 23 consequence
590 457 26 21 of
626 464 57 18 your

97 475 96 27 lordship
202 483 11 14 s
227 476 145 27 proceedings
386 478 50 23 that
450 480 48 23 that
514 482 95 22 division
620 483 61 22 takes

97 503 62 26 place
174 508 57 15 now.
259 503 62 21 Your
337 503 98 29 lordship
445 508 68 21 needs
523 511 40 19 not
577 512 23 18 to
610 509 28 21 be
646 517 33 14 re-

96 529 91 20 minded
198 529 26 20 of
231 529 36 21 the
275 536 69 20 many
350 531 44 21 and
402 533 85 22 serious
493 535 108 21 obstacles
608 536 72 22 which

95 555 96 25 opposed
201 555 134 23 themselves
349 561 23 17 to
384 558 37 22 the
431 558 48 23 first
492 560 153 28 implantation
657 563 26 21 of

94 581 38 21 the
144 581 81 24 Gospel
235 584 46 19 into
292 583 43 21 this
344 583 80 28 island,
436 593 25 14 or
471 587 26 21 of
509 587 38 22 the
558 588 120 22 honorable

93 608 151 26 self-denying
260 609 45 21 and
320 612 142 27 persevering
481 613 78 22 labour
575 615 26 20 of
616 614 62 23 those

92 635 43 19 few
143 635 131 21 undaunted
284 635 72 28 spirits
371 637 48 22 who
434 642 24 18 at
472 639 78 27 length
563 648 56 15 were
629 649 49 15 suc-

92 660 80 21 cessful
190 667 24 15 in
234 662 176 28 accomplishing
427 665 45 21 it—
473 666 40 22 but
532 666 37 22 the
591 668 87 28 victory

92 692 42 14 was
148 689 39 19 not
202 694 48 14 won
266 687 24 22 in
306 696 13 14 a
329 689 48 28 day.
408 692 23 21 It
445 699 44 15 was
499 696 40 18 not
554 694 56 21 until
620 695 57 22 after

92 718 68 20 many
169 720 13 14 a
191 720 55 19 year
255 715 26 20 of
287 714 56 23 hard
352 718 133 23 continuous
492 720 37 21 toil
540 727 28 14 on
580 720 37 21 the
627 725 49 23 part

91 740 25 19 of
128 740 37 20 the
175 740 47 21 first
231 741 147 23 missionaries
394 744 49 22 that
452 745 37 22 the
499 746 52 22 field
561 747 67 22 could
646 747 29 22 be

90 765 66 26 fairly
165 766 46 20 said
228 769 24 19 to
266 767 29 21 be
310 775 40 15 our
369 776 57 21 own,
443 772 45 21 and
504 772 38 21 the
563 773 111 23 Saviour's

90 793 102 20 standard
199 794 87 21 erected
293 794 24 21 in
324 802 13 13 a
344 795 63 27 place
413 798 26 20 of
444 805 69 19 peace
519 799 46 22 and
570 801 102 26 security.

91 820 44 18 Ine
145 820 56 20 New
217 820 125 22 Zealander
358 829 43 15 was
412 824 69 22 found
622 827 51 22 God

87 845 45 20 and
142 845 91 22 without
352 855 13 14 a
378 856 75 21 supers
457 850 96 28 titioußly
563 852 110 26 depraved

87 873 43 19 and
141 871 149 26 degenerated
300 875 103 22 cannibal
412 884 5 19 ;
452 877 61 22 filled
524 878 53 22 with
587 879 30 22 all
631 887 38 15 un-

86 897 171 27 righteousness,
276 900 139 29 fornication,
436 904 143 28 wickedness,
596 911 73 18 covet-

87 930 95 20 ousness,
200 925 179 30 maliciousness;
394 929 42 22 full
452 930 26 21 of
489 938 66 19 envy,
572 933 97 27 murder,

86 952 86 24 debate,
184 952 79 26 deceit,
274 953 129 29 malignity;
419 956 74 23 haters
505 958 27 21 of
539 958 58 27 God,
606 960 63 21 with-

86 979 37 18 out
132 977 182 29 understanding,
333 986 108 18 covenant
455 983 111 28 breakers,
577 986 89 22 without

84 1005 87 19 natural
194 1005 112 28 affection,
330 1007 139 28 implacable,
499 1012 134 21 unmerciful

110 1031 57 20 their
177 1031 88 22 mouths
276 1039 56 16 were
349 1034 41 22 full
401 1036 25 20 of
440 1037 89 26 cursing
539 1037 43 22 and
592 1038 74 23 bitter-

42 1070 4 6 .
83 1062 49 15 ness
138 1063 6 18 ;
159 1056 58 22 their
233 1057 45 22 feet
295 1066 56 15 were
366 1061 58 21 swift
434 1064 23 19 to
467 1062 54 22 shed
536 1063 74 28 blood,
622 1066 44 21 and

81 1083 61 20 there
152 1089 44 15 was
206 1091 30 13 no
252 1085 47 21 fear
314 1086 25 20 of
356 1087 51 21 God
421 1088 76 22 before
513 1089 58 22 their

83 1109 41 21 But
138 1109 29 26 by
184 1110 37 21 the
237 1111 156 28 transforming
408 1115 44 21 and
467 1116 155 28 ameliorating
633 1118 33 22 in-

81 1136 84 21 fluence
175 1136 26 21 of
206 1136 39 22 the
256 1137 90 28 Gospel,
362 1140 65 27 what,
439 1148 39 21 my
486 1142 56 25 lord,
553 1143 40 21 has
608 1144 56 23 been

81 1164 92 19 effected
181 1164 8 19 I
217 1164 66 26 Why,
295 1164 38 22 the
339 1167 151 26 superstitions
498 1169 45 21 ond
553 1169 113 24 idolatries

81 1190 25 19 of
112 1190 37 19 the
165 1190 73 21 island
252 1190 57 22 have
325 1192 55 22 been
389 1194 103 27 replaced
507 1196 31 27 by
547 1203 13 15 a
572 1197 94 23 rational

80 1216 42 20 and
133 1216 107 29 _spmtual
243 1242 5 5 #
251 1218 100 27 worship,
363 1220 45 21 and
423 1221 28 22 its
469 1225 82 24 system
568 1224 27 20 of
610 1225 55 22 false

80 1243 42 20 and
132 1246 144 21 imaginative
292 1244 103 29 theology
404 1247 31 27 by
445 1248 37 22 the
496 1249 88 22 written
596 1252 67 21 word.

83 1270 42 19 The
135 1270 52 19 land
201 1276 19 15 is
231 1277 50 14 now
292 1274 172 27 comparatively
474 1278 23 18 at
508 1279 53 24 rest,
572 1277 38 21 the
620 1278 44 21 dis-

79 1296 42 19 mal
133 1296 57 20 howl
207 1296 26 21 of
246 1303 46 15 war
305 1298 18 21 is
339 1305 50 16 now
404 1308 29 14 no
443 1301 78 28 longer
530 1303 76 26 heard,
619 1305 45 21 and

79 1323 36 19 the
125 1323 83 20 branch
219 1323 27 20 of
257 1331 69 19 peace
340 1325 19 21 is
374 1333 69 21 every
452 1327 73 23 where
539 1329 121 27 displayed.

79 1348 46 21 Hie
135 1348 128 28 wandering
272 1350 63 22 habit
345 1352 25 20 of
379 1352 36 22 the
427 1355 78 26 people
514 1355 20 21 is
544 1356 22 21 in
577 1363 14 14 a
600 1361 63 22 great

78 1381 100 14 measure
188 1375 107 28 subdued,
307 1378 45 21 and
361 1378 37 22 the
404 1381 85 21 mutual
495 1382 114 22 existence
617 1384 44 21 and

76 1404 136 18 intercourse
232 1402 26 21 of
274 1409 99 21 separate
388 1406 45 21 and
450 1407 99 23 inimical
565 1409 68 22 tribes
642 1411 19 21 is

76 1433 49 14 now
142 1428 134 22 established
291 1437 27 14 on
334 1431 111 23 Christian
457 1434 43 21 and
510 1434 83 28 lasting
602 1437 58 26 prin-

76 1454 132 26 ciples—the
217 1454 47 23 lion
275 1456 40 21 has
324 1456 43 23 lost
376 1458 36 22 his
420 1460 75 21 native
506 1461 99 28 ferocity,
613 1463 47 21 and

74 1480 90 21 become
174 1481 106 22 tractable
291 1490 24 14 as
325 1490 13 14 a
352 1484 72 28 lamb;
440 1486 46 22 and
501 1487 49 22 that
561 1492 99 19 monster

74 1508 73 19 whose
157 1508 82 21 former
255 1508 38 22 life
309 1517 44 14 was
363 1516 64 22 spent
437 1512 23 22 in
470 1513 156 28 depredations
637 1517 25 21 of

73 1534 91 26 cruelty,
184 1534 46 21 and
248 1534 73 23 whose
341 1538 144 23 carnivorous
502 1541 98 26 appetite
619 1542 38 22 has

72 1559 55 21 been
144 1560 87 26 glutted
248 1562 52 21 with
319 1562 37 23 the
375 1564 57 22 flesh
448 1566 26 21 of
485 1566 33 22 his
534 1568 94 27 victims,
640 1569 17 22 is

72 1588 21 18 at
102 1588 77 24 length
189 1588 146 23 transformed
346 1591 48 21 into
405 1599 13 14 a
434 1599 58 20 man,
503 1594 46 21 and
565 1595 90 22 become

73 1614 36 19 the
132 1614 74 25 object
223 1614 26 21 of
262 1615 104 27 religious
381 1618 163 24 instruction—
544 1621 35 22 his
594 1623 63 21 mind

71 1640 38 19 has
123 1640 55 20 been
189 1641 116 26 prepared,
316 1642 33 22 his
367 1644 79 22 doubts
456 1646 56 22 have
522 1647 56 22 been
590 1649 63 21 satis-

71 1667 47 24 fied,
129 1667 34 20 his
173 1673 108 19 inquiries
291 1668 55 23 have
357 1670 57 22 been
430 1674 122 26 answered,
565 1675 43 21 and
619 1675 34 22 his

69 1699 118 20 suspicions
207 1694 57 21 have
283 1694 55 23 been
362 1697 122 27 allayed—
485 1699 36 23 the

69 1720 71 23 things
151 1720 25 20 of
317 1722 56 23 have
383 1724 58 22 been
451 1726 96 27 brought
558 1731 22 18 to
589 1728 63 27 light,

68 1747 35 19 the
114 1747 78 26 deeply
201 1747 79 22 rooted
295 1748 45 23 and
351 1750 81 28 widely
442 1753 122 28 extending
577 1755 75 26 preju-

67 1774 56 19 dices
147 1774 25 19 of
192 1774 84 21 former
299 1776 64 22 times
384 1777 57 23 have
466 1779 56 22 been
546 1782 105 26 partially

66 1800 129 25 eradicated,
207 1800 37 21 the
256 1801 145 25 obstructions
408 1806 120 24 presented
537 1807 30 27 by
574 1808 78 27 ignor-

65 1832 60 19 ance,
145 1826 44 21 and
205 1826 85 28 hatred,
311 1830 43 22 and
370 1831 102 29 jealousy
489 1833 58 22 have
566 1835 86 25 mostly

65 1851 53 22 been
126 1853 112 27 removed,
251 1854 37 22 the
297 1856 53 23 seed
366 1857 26 21 of
399 1858 75 22 divine
489 1860 38 21 life
537 1860 40 22 has
588 1861 58 23 been

64 1885 64 18 sown,
149 1881 37 19 the
206 1880 70 22 truths
295 1882 26 21 of
340 1882 39 23 the
403 1885 83 28 Gospel
509 1887 57 22 have
591 1888 57 22 been

64 1906 113 26 preached,
185 1906 44 23 and
239 1906 38 23 the
283 1908 56 22 New
346 1910 126 24 Zealander
478 1913 25 21 of
510 1913 39 22 the
559 1919 89 21 present

64 1933 36 24 d.ij.
112 1939 19 13 is
142 1940 12 12 a
165 1933 62 25 saint,
239 1934 88 27 indeed,
339 1940 22 17 to
372 1938 60 21 what
440 1938 29 22 he
479 1946 43 14 vas
532 1940 41 22 but
580 1940 68 28 thirty

63 1964 60 19 years
143 1965 48 20 ago.
222 1960 33 20 Of
271 1968 83 20 course,
370 1962 29 22 he
416 1964 19 21 is
451 1972 14 14 a
473 1972 55 20 poor
544 1966 105 26 ignorant

63 1991 72 14 sinner
152 1988 45 23 yet,
213 1986 41 21 but
272 1987 34 21 his
326 1990 150 25 comparative
495 1992 115 22 condition
627 1993 19 23 is

62 2011 63 21 about
137 2011 57 21 what
205 2012 11 21 I
227 2012 56 23 have
295 2015 71 22 stated
376 2016 24 22 it.

86 2037 62 26 Now,
161 2046 37 19 my
208 2039 54 26 lord,
274 2040 18 21 it
300 2040 18 21 is
328 2042 118 28 onlyright
454 2048 23 17 to
488 2045 98 28 observe,
597 2046 48 22 that

63 2065 39 20 this
112 2068 62 23 great
184 2065 83 26 though
278 2074 54 20 very
341 2068 119 28 imperfect
475 2071 86 28 change
572 2073 22 21 in
605 2073 40 22 the

62 2091 113 27 principles
185 2091 45 23 and
241 2093 72 22 habits
332 2096 42 22 and
391 2096 95 28 feelings
502 2099 26 21 of
540 2100 37 21 the
588 2100 56 22 New

62 2118 137 25 Zealanders,
210 2119 18 21 is
240 2122 21 18 to
271 2120 28 21 be
318 2122 120 23 attributed
456 2127 39 19 not
512 2129 22 18 to
550 2126 38 22 the
598 2127 46 21 sole

62 2145 69 21 efforts
141 2145 26 21 of
178 2145 71 22 either
259 2147 26 20 of
297 2147 36 22 the
344 2149 102 22 societies
462 2153 132 27 separately,
606 2153 39 22 but

62 2174 19 17 to
95 2171 37 21 the
149 2171 78 22 united
241 2173 45 22 and
300 2176 144 27 persevering
460 2177 88 23 labours
565 2180 26 20 of
606 2180 37 22 the

61 2201 73 22 agents
151 2198 26 21 of
187 2198 53 22 both
257 2200 108 23 churches
379 2204 131 28 conjointly.
541 2206 12 21 I
563 2213 46 19 say,
621 2209 22 19 to

61 2225 53 20 their
123 2226 73 20 united
210 2225 118 23 labours—
330 2228 43 22 and
391 2229 11 22 I
419 2230 53 22 wish
490 2235 22 18 to
530 2232 43 22 c-all
587 2241 56 18 your

60 2251 112 27 lordship's
190 2253 110 22 attention
321 2258 21 18 to
362 2256 49 21 that
429 2257 54 22 fact.
523 2259 119 28 Although

60 2278 47 26 they
116 2278 57 22 have
183 2279 107 22 laboured
302 2283 131 27 separately,
445 2284 54 22 each
509 2284 25 22 in
546 2286 33 21 his
591 2294 49 14 own

59 2310 145 21 communion,
217 2306 43 21 and
270 2307 23 21 in
311 2309 135 22 accordance
462 2311 51 22 with
524 2312 63 22 those
597 2313 34 21 dis

58 2333 98 20 tmctions
176 2333 25 21 of
221 2332 98 23 internal
339 2341 158 22 arrangement
513 2338 72 23 which
603 2347 37 15 are

58 2358 80 21 therein
154 2361 22 19 to
191 2359 27 22 be
236 2361 140 28 recognized,
392 2366 40 24 yet
448 2364 40 21 has
504 2365 17 21 it
540 2365 99 22 hitherto

57 2385 50 20 been
118 2392 14 14 a
141 2386 126 25 sepaiation
278 2388 27 20 of
315 2388 71 21 love—
386 2395 101 21 separate
497 2392 23 21 in
530 2393 58 21 form
599 2393 39 21 but

57 2411 71 21 united
151 2412 23 21 in
194 2412 80 28 object,
293 2414 23 23 in
337 2416 109 26 affection,
466 2417 24 22 in
509 2420 129 26 sympathy.

59 2438 39 20 Ihe
107 2438 56 22 head
173 2443 101 22 quarters
283 2441 27 20 of
321 2441 37 23 the
368 2442 85 23 church
463 2444 105 23 brethren
580 2446 58 21 have

57 2465 51 20 been
124 2468 24 18 at
163 2465 36 21 the
217 2465 47 26 Bay
275 2467 26 21 of
314 2467 94 28 Islands,
420 2470 46 21 and
481 2472 62 21 those
558 2472 26 21 of
596 2472 38 22 the

60 2491 120 27 vVesleyans
196 2495 23 18 at
234 2493 129 29 Hokianga,
380 2496 55 21 with
452 2497 52 27 only
519 2505 14 14 a
549 2505 87 16 narrow

56 2519 48 24 strip
120 2518 26 21 of
168 2518 52 22 land
236 2519 100 23 between
358 2522 74 27 them;
455 2528 38 22 yet
508 2524 58 23 have
583 2526 53 27 they

55 2545 89 20 hitherto
163 2545 57 22 been
236 2547 96 22 enabled
349 2549 112 27 amicably
479 2554 22 18 to
518 2556 118 21 prosecute

54 2571 32 19 the
97 2573 61 24 great
168 2571 73 26 object
256 2573 26 21 of
293 2574 58 22 their
366 2576 94 23 mission
476 2577 23 22 in
509 2578 63 21 those
582 2586 53 15 con-

53 2599 80 24 tiguous
142 2597 115 29 localities,
269 2600 92 24 without
377 2609 45 18 any
438 2611 150 19 unnecessary
598 2606 36 21 in-

53 2623 122 28 terference,
191 2625 38 22 the
245 2633 41 15 one
303 2628 53 21 with
370 2628 39 22 the
426 2630 71 22 other.
526 2631 53 22 And
596 2632 38 21 the

53 2656 55 15 same
118 2651 62 27 spirit
189 2652 27 21 of
222 2652 106 23 Christian
339 2655 49 22 love
399 2655 40 23 has
450 2656 57 23 been
518 2658 116 23 exercised

52 2682 20 15 in
89 2677 37 21 the
144 2681 118 19 extension
278 2680 27 21 of
323 2681 57 22 their
400 2684 87 21 several
503 2684 91 28 spheres
610 2686 25 21 of

52 2704 107 24 operation
167 2712 5 14 :
188 2705 37 22 the
236 2713 43 15 one
289 2708 124 28 stretching
421 2710 135 23 themselves
566 2712 69 27 along

52 2730 32 21 the
99 2734 86 19 eastern
202 2736 69 23 coast,
290 2741 24 14 as
330 2735 34 22 far
380 2743 25 14 as
420 2736 38 23 the
474 2738 98 22 Thames
589 2740 44 21 and

52 2758 89 27 Poverty
151 2758 56 27 Bay,
219 2759 46 23 and
276 2759 37 23 the
329 2762 65 22 other
410 2762 69 29 along
488 2764 37 23 the
535 2768 97 19 western

51 2787 53 18 coast
120 2785 46 21 and
184 2785 87 23 Middle
288 2787 84 28 Island,
393 2797 24 14 as
436 2791 35 21 far
486 2798 23 15 as
528 2792 102 28 Kawhia,

50 2810 110 28 Taranaki,
172 2811 53 23 Port
234 2813 132 29 Nicholson,
377 2816 92 28 Nelson,
479 2818 86 28 Cloudy
573 2820 49 26 Bay

51 2838 35 20 and
103 2837 79 28 Otago.
211 2839 89 23 Indeed
314 2841 56 23 such
386 2850 45 15 was
445 2844 40 22 the
499 2845 81 22 formal
596 2853 35 15 ar-

51 2865 125 24 rahgement
191 2867 83 26 agreed
289 2874 67 21 upon,
368 2877 62 15 some
445 2871 44 22 few
504 2879 65 20 years
580 2880 48 19 a»o,

51 2891 23 24 by
82 2891 36 21 the
128 2895 44 19 two
182 2897 80 22 parent
271 2896 101 21 societies
382 2900 23 18 at
414 2896 74 29 home,
499 2898 45 23 and
556 2899 72 22 which

50 2922 148 22 arrangement
206 2920 70 23 exists
290 2921 23 22 in
323 2922 28 22 its
365 2923 41 22 full
421 2924 62 23 force
497 2929 24 18 at
530 2925 39 22 the
579 2934 48 20 pre-

50 2947 42 17 sent
100 2945 59 26 time,
167 2945 104 24 however
278 2948 19 21 it
304 2956 51 20 may
361 2950 58 22 have
424 2951 59 22 been
490 2952 139 28 disaregard-

74 2996 9 11 j
101 2978 24 29 ?,
129 2979 48 28 ino^
178 2980 11 14 c
201 2977 79 19 recent
295 2980 53 17 acts.
384 2977 50 23 The
443 2978 69 23 rivers
523 2976 104 27 Waikato

49 2998 37 19 and
100 2998 116 24 Manukau
233 3007 57 16 were
307 3004 107 27 excepted
431 3005 24 22 in
470 3006 47 22 that
535 3008 92 24 general

50 3027 162 24 arrangement:
235 3027 42 22 but
295 3036 24 14 as
338 3033 22 18 to
385 3030 37 23 the
446 3034 134 26 occupation
604 3034 27 22 of

53 3051 113 25 Wanganui
176 3053 45 21 and
238 3053 123 25 Waikanae
370 3057 31 27 by
411 3059 110 22 members
532 3060 26 21 of
568 3067 58 20 your

33 3087 5 11 *
49 3079 88 26 lordship
145 3085 11 15 s
165 3080 90 27 society,
265 3088 35 15 we
315 3089 70 16 never
400 3091 42 16 can
457 3086 104 22 consider
574 3087 20 21 it
603 3088 23 21 in

48 3107 36 22 any
93 3105 63 21 other
164 3105 57 28 light
231 3107 54 23 than
294 3116 24 14 as
329 3117 12 14 a
351 3114 57 18 most
418 3112 129 27 unfriendly
556 3113 70 22 inter-

48 3131 75 35 ference
133 3132 52 22 with
191 3133 38 21 the
236 3134 174 30 acknowledged
415 3138 77 22 claims
498 3139 25 22 of
530 3140 95 22 another

49 3158 49 25 body
107 3158 24 21 of
142 3158 123 24 Christians.
296 3162 52 22 Had
359 3171 13 14 a
382 3163 56 22 little
448 3172 62 15 more
519 3166 105 23 mission-

48 3187 32 21 ary
87 3185 111 25 prudence
209 3187 46 21 and
271 3193 114 24 courtesy,-
391 3190 46 23 and
452 3192 76 22 rather
537 3192 43 23 less
589 3194 34 21 in-

47 3211 109 25 temperate
166 3212 150 27 high-church
332 3217 48 21 zeal
389 3217 59 22 been
460 3218 75 23 shewn
546 3220 29 26 by
585 3220 37 23 the

46 3239 68 21 agents
123 3239 49 21 who
181 3246 57 16 were
255 3244 23 18 at
295 3241 47 23 first
358 3243 88 23 located
464 3249 24 17 at
503 3246 63 22 those
577 3250 46 19 sta-

47 3263 54 26 tions,
112 3264 53 23 then
177 3266 73 27 might
264 3267 38 23 the
318 3269 45 22 evil
372 3270 58 22 have
445 3271 58 22 been
513 3272 53 28 less,
577 3274 45 22 and

46 3293 33 17 our
86 3293 90 24 rightful
185 3293 79 23 claims
279 3295 72 27 might
365 3297 59 22 have
434 3298 57 22 been
502 3300 105 26 foregone
614 3309 5 18 ;

48 3319 31 17 out
86 3323 23 15 as
118 3321 18 18 it
149 3326 26 20 is,
187 3320 12 22 I
214 3327 43 15 can
272 3321 53 28 only
335 3330 75 15 assure
420 3331 56 19 your
486 3325 98 29 lordship
597 3328 26 21 of

45 3346 29 16 me
83 3347 122 21 conviction
216 3347 27 21 of
254 3355 76 21 many,
342 3350 48 21 that
406 3350 39 23 the
453 3356 91 23 present
554 3360 66 16 occu-

45 3373 22 34 S!
80 3395 11 12 a
98 3377 29 30 °VV
128 3373 12 19 A
140 3386 18 18 \
157 3373 95 23 aikanae
261 3376 74 21 would
345 3377 58 22 have
413 3377 58 22 done
481 3379 68 22 much
558 3387 61 16 more

45 3399 55 23 g«od,
116 3399 43 21 had
173 3399 28 23 he
216 3401 69 23 been,
292 3403 118 28 originally
428 3404 80 27 placed
526 3413 61 19 upon
606 3415 13 14 a

177 3427 68 22 Whe
262 3429 66 22 COuld
342 3431 58 21 have
417 3430 59 23 done
490 3439 52 15 muc
575 3433 44 23 less

44 3473 36 33 J1?J
79 3475 9 21 1
89 3483 13 22 ?
116 3477 7 21 l
125 3484 24 15 or
150 3478 22 27 d»
186 3479 22 22 if
227 3481 56 23 such
299 3483 28 22 be
344 3483 39 22 the
398 3484 117 23 beneficial
530 3486 89 26 change

44 3504 61 20 wnch
114 3504 38 22 has
163 3506 56 22 been
228 3509 100 28 wrought
336 3517 60 20 upon
404 3511 38 22 the
452 3511 55 23 New
514 3512 103 24 Zealand

44 3531 58 24 mind,
112 3531 44 22 and
166 3533 53 21 such
288 3537 78 22 united
380 3545 88 21 agency
478 3538 29 28 by
516 3538 74 23 which
599 3540 18 22 it

43 3557 31 18 oas
85 3557 53 21 been
148 3559 100 28 effected,
259 3561 19 22 is
287 3562 18 22 it
313 3566 39 19 not
359 3565 144 28 remarkably
513 3566 46 22 odd
568 3566 49 23 that

43 3601 10 21 h
62 3606 19 16 ,1,
123 3591 28 15 en
145 3585 22 37 £
184 3587 28 21 of
203 3613 10 9 i
227 3590 69 20 twent
296 3597 16 25 y
329 3598 70 20 years,
412 3599 29 14 an
459 3592 156 28 Episcopalian

44 3606 64 30 bishop
117 3617 19 15 is
145 3611 69 23 found
225 3611 116 32 travelling
351 3617 38 22 the
405 3622 68 22 coast,
485 3619 45 22 and
540 3623 75 18 aston-

48 3637 56 24 smng
119 3637 37 22 the
172 3639 74 23 minds
262 3641 26 21 of
300 3642 37 22 the
353 3644 87 22 natives
457 3646 52 21 with
525 3645 38 22 the
581 3646 34 27 (to

43 3665 57 22 'nem;
111 3665 100 23 unheard
222 3667 26 21 of
259 3669 107 22 assertion
377 3670 49 22 that
436 3671 38 22 the
485 3672 130 27 Wesleyans

42 3691 50 37 tlJ
88 3718 7 10 t
97 3688 13 40 l
118 3697 12 14 C
130 3697 37 31 T
168 3691 43 23 ked
220 3693 68 23 branc
290 3694 59 27 V'a
380 3697 70 22 fallen

43 3717 38 16 <nat
88 3717 50 27 they
148 3717 56 23 have
213 3726 31 15 no
254 3721 116 27 scriptural
380 3723 118 29 ministers,
509 3726 50 28 &c,
571 3726 40 23 &c

77 3744 6 16 1
93 3747 49 35 !?!,
150 3744 42 22 thls
192 3761 7 11 »
217 3753 40 20 ™y
270 3747 58 28 lorii
344 3750 72 21 sound
432 3755 87 23 strange
535 3755 23 20 to
573 3753 40 22 the

41 3787 29 23 the
83 3794 46 16 pvJ-i
152 3777 67 17 OUSan
225 3799 11 11 r8)r
238 3780 17 19 8)
265 3781 20 29 J?
285 3773 31 23 ho
331 3775 29 22 ha
356 3801 5 5 .
361 3782 27 15 ve
390 3792 6 11 '
412 3778 57 21 until
485 3785 50 15 now
536 3795 6 10 »
552 3786 16 15 u
569 3787 27 19 P°
598 3787 14 14 n

39 3793 74 43 SLnn
142 3822 3 5 •
145 3803 41 16 DCc
210 3799 26 21 Of
252 3799 31 23 aII
304 3808 15 28 P
321 3801 65 23 arties
386 3818 7 11 >
410 3810 15 20 S
426 3803 61 24 ladlv
507 3806 106 22 received

182 3830 103 23 amongst
295 3825 68 30 them,
375 3836 24 14 ns
408 3832 50 20 true
467 3831 112 23 ministers
589 3833 26 21 of

40 3852 138 38 «ttbmß'*£
180 3851 30 21 nd
246 3853 28 21 ho
291 3853 30 23 ha
322 3861 33 29 Yl
366 3855 63 22 there
431 3857 47 21 fore
493 3858 119 28 implicitly

39 3876 90 36 nwlLj
305 3881 94 23 without
411 3883 117 28 suspicion,
540 3888 23 17 to
573 3885 39 22 the

89 3900 41 21 end
139 3902 132 26 ordinances
280 3905 27 23 of
318 3906 38 23 the
365 3908 92 28 ohutcb,
469 3916 23 16 at
502 3910 108 31 adnyms.

761 3409 150 32 Saturday,,
924 3413 63 24 May
1006 3417 41 27 25,
1062 3418 74 23 1844.

646 3444 151 27 Present:—
797 3448 37 23 his
861 3449 139 34 Excellency
1024 3453 90 24 Robert
1134 3455 104 33 Fitzroy,

682 3477 121 27 Governor
814 3490 6 20 ;
841 3481 37 24 the
891 3483 54 26 hon,
951 3484 107 26 Aoirew
1071 3487 108 30 Sinclair,
1192 3490 46 23 Co-

678 3510 73 25 lonial
763 3512 122 33 Secretary
893 3524 6 18 ;
916 3516 44 25 the
968 3512 181 38 farafWilliam
1163 3522 75 32 Shep*

678 3544 65 29 herd,
758 3545 106 27 Colonial
885 3549 127 36 Treatd^nr
1022 3561 5 19 ;
1048 3552 40 23 the
1109 3553 53 25 hon.
1178 3555 60 25 Wil-

677 3576 57 25 liam
753 3578 128 31 Swainson,
894 3580 231 34 Attorney-General
1137 3596 7 20 ;
1165 3587 71 26 Cbas.

681 3610 104 29 Clifford,
808 3612 77 32 Esq.;
917 3615 102 25 William
1040 3617 94 31 Brown,
1158 3617 59 31 Esqi
1226 3631 9 17 ;

678 3643 45 22 and
735 3643 26 24 S.
775 3644 37 24 M.
825 3645 34 24 D.
872 3646 96 32 Martin,
981 3649 60 32 Esq.
1191 3657 5 12 :

678 3675 106 25 Minutes
797 3678 25 23 of
838 3679 38 23 the
889 3679 44 25 last
943 3683 102 31 meeting
1055 3684 55 23 read
1123 3686 45 23 and
1180 3693 55 17 con-

643 3707 90 24 firmed.
831 3711 7 3 '

678 3740 51 24 The
740 3742 117 33 following
869 3745 136 26 resolutions
1016 3749 46 24 laid
1084 3758 28 15 on
1125 3751 39 24 the
1175 3752 59 23 table

641 3773 31 32 by
683 3774 46 24 Dr.
744 3775 88 25 Martin
852 3785 29 16 on
900 3779 114 32 Saturday
1024 3782 47 23 last
1088 3784 35 22 for
1143 3784 38 23 the
1193 3792 41 24 ap-

641 3807 80 31 proval
743 3808 26 23 of
784 3808 38 24 the
843 3810 127 31 Governor,
982 3821 59 17 were
1059 3816 63 28 read,
1142 3817 44 22 and
1205 3825 29 16 on

641 3841 39 23 the
699 3841 86 23 motion
804 3842 25 23 of
853 3843 39 24 the
911 3844 119 26 Governor
1051 3848 95 24 ordered
1165 3854 22 19 to
1205 3850 29 24 be

640 3873 71 24 taken
723 3870 48 27 into
784 3876 165 33 consideration
961 3886 30 16 on
1003 3879 123 33 Saturday,
1140 3881 39 24 the
1192 3883 41 24 Bth

640 3905 26 25 of
681 3905 60 25 June
751 3915 8 15 :
817 3922 6 8 ,

1368 131 22 22 1.
1409 130 62 24 That
1482 132 18 23 it
1511 133 20 22 is
1543 133 27 22 of
1584 133 38 24 the
1642 139 85 20 utmost
1745 136 138 32 importance
1896 144 21 18 to

1332 160 38 23 the
1382 162 103 25 interests
1505 165 27 23 of
1547 165 45 24 this
1613 167 87 31 colony,
1719 169 50 23 that
1789 178 14 14 a
1814 175 98 19 constam

1330 194 81 31 supply
1423 195 26 23 of
1464 197 83 30 capital
1563 199 45 23 and
1618 199 80 24 labour
1709 201 81 24 should
1803 202 28 25 be
1844 204 68 23 main-

1329 227 76 22 tained
1425 227 30 31 by
1474 236 79 17 means
1573 231 25 22 of
1613 233 132 29 emigration
1766 235 57 23 from
1845 236 67 24 Greal

1328 256 97 32 Britain,
1439 261 44 23 and
1505 262 49 24 that
1565 263 24 23 in
1611 264 64 23 order
1696 269 21 19 to
1730 267 76 23 obtain
1820 268 38 23 the
1870 269 42 23 ful-

1327 289 46 25 lest
1390 292 145 25 information
1555 296 122 31 regarding
1689 298 37 23 the
1747 299 57 23 class
1817 300 26 23 of
1858 302 54 22 emi-

1326 328 80 24 grants
1425 325 73 24 whom
1516 327 19 23 it
1554 328 74 24 would
1647 329 28 23 be
1696 336 60 19 most
1768 332 111 24 desirable
1892 338 20 19 to

1327 355 115 25 introduce
1455 358 46 24 into
1514 360 45 23 this
1573 361 85 31 colony,
1672 363 18 22 it
1707 364 21 21 is
1751 364 101 24 resolved
1865 366 47 23 that

1326 387 45 24 this
1385 389 94 24 Council
1491 392 59 23 shall
1568 394 64 23 order
1644 401 127 24 competent
1783 404 94 23 persons
1891 404 21 18 to

1325 420 27 23 be
1362 423 119 23 examined
1493 423 78 25 before
1583 427 18 22 it
1612 428 22 21 in
1646 428 106 23 evidence
1766 437 27 15 on
1806 430 38 23 the
1856 432 54 22 sub-

1321 452 48 31 ject
1389 454 25 23 of
1428 456 134 30 emigration
1582 460 122 31 generally,
1719 462 53 22 with
1794 470 13 15 a
1826 465 84 28 special

1323 486 113 24 reference
1449 492 22 18 to
1482 488 37 24 the
1531 491 153 32 applicability
1697 494 26 22 of
1732 495 37 22 the
1782 495 128 25 Wakefield

1322 525 25 15 or
1359 525 92 24 present
1463 526 86 26 system
1569 524 26 23 of
1610 525 149 25 colonization
1778 532 22 18 to
1813 529 38 22 the
1864 530 44 22 cir-

1321 557 141 19 cumstances
1475 554 25 22 of
1516 556 45 22 this
1583 556 79 31 colony
1672 567 5 19 ;
1699 566 28 16 on
1747 560 36 23 the
1796 561 78 23 effects
1886 564 22 21 oi

1321 582 37 24 the
1369 590 92 25 present
1481 592 86 25 system
1589 589 24 22 of
1627 593 153 29 pre-emption
1799 601 54 15 over
1871 594 37 24 the

1319 615 66 25 lands
1397 618 26 23 of
1438 618 37 23 the
1487 620 136 31 aborigines,
1635 623 44 23 and
1697 623 50 24 how
1759 625 33 23 far
1804 627 18 21 it
1834 627 74 30 might

1319 649 99 25 conduce
1437 655 23 19 to
1479 652 38 23 the
1536 655 127 30 prosperity
1682 657 25 22 of
1723 657 39 24 the
1783 658 82 32 colony
1883 665 23 18 to

1319 682 84 32 modify
1415 691 25 16 or
1461 689 21 18 to
1502 685 104 25 abandon
1627 688 37 23 the
1685 697 63 15 same
1769 691 135 30 altogether.

1317 713 55 25 And
1384 716 53 29 that,
1452 717 56 23 after
1521 719 56 23 such
1590 721 105 24 evidence
1706 723 59 22 shall
1778 723 56 24 have
1848 725 56 23 been

1316 747 75 31 given,
1405 749 36 24 the
1462 750 97 24 Council
1576 752 58 24 shall
1646 755 97 32 embody
1756 756 36 23 the
1805 764 62 16 same
1880 758 24 23 in

1315 788 13 15 a
1340 786 76 25 report
1428 783 35 22 for
1475 783 37 23 the
1530 792 99 23 purpose
1642 787 24 22 of
1681 787 71 31 being
1772 796 24 15 as
1809 797 56 16 soon
1878 798 25 16 as

1315 814 100 29 possible
1436 815 126 24 forwarded
1588 818 27 31 by
1639 818 35 24 his
1703 820 136 32 Excellency
1863 824 39 23 the

1315 846 119 24 Governor
1445 853 22 18 to
1486 849 38 23 the
1546 850 119 32 Secretary
1686 853 24 23 of
1726 853 65 24 State
1809 855 37 23 for
1864 856 38 24 the

1314 879 107 24 colonies.

1347 913 24 22 2.
1392 912 61 24 With
1467 914 36 23 the
1526 916 56 22 view
1594 916 25 22 of
1635 916 118 33 obtaining
1773 920 38 24 the
1822 921 78 24 fullest

1312 945 99 28 possible
1433 946 144 25 information
1597 951 120 30 regarding
1738 952 38 23 the
1796 954 104 31 working

1312 977 24 22 of
1353 977 38 23 the
1409 984 93 24 present
1523 980 114 24 Customs'
1651 984 192 31 establishments,
1855 988 45 22 and

1312 1009 36 23 the
1361 1011 113 31 necessity
1484 1012 36 23 for
1542 1022 12 14 a
1576 1014 85 32 change
1679 1017 60 24 from
1758 1018 36 23 the
1806 1025 94 25 present

1310 1047 85 25 system
1408 1044 25 22 of
1448 1044 121 33 collecting
1589 1047 37 23 the
1647 1049 95 23 colonial
1763 1058 104 23 revenue,
1882 1054 17 22 it

1310 1074 18 23 is
1342 1075 38 23 the
1392 1077 89 30 opinion
1495 1079 25 22 of
1535 1079 45 23 this
1594 1079 96 26 Council
1709 1083 49 22 that
1769 1090 129 25 competent

1308 1114 95 23 persons
1415 1110 81 23 should
1517 1111 28 24 be
1559 1114 119 23 examined
1699 1115 24 23 in
1736 1117 108 23 evidence
1856 1119 40 23 be-

1308 1140 47 24 fore
1368 1142 19 22 it
1399 1150 26 15 on
1447 1144 37 22 the
1504 1144 90 32 subject
1616 1147 26 22 of
1657 1147 38 24 the
1713 1150 109 23 customs'
1835 1156 61 19 esta-

1307 1173 142 32 blishments,
1463 1177 38 22 the
1522 1179 115 30 propriety
1655 1180 24 23 of
1695 1181 129 32 abolishing
1843 1192 53 18 cus-

1307 1210 59 19 toms
1378 1208 132 31 altogether,
1524 1211 44 22 and
1581 1212 37 23 the
1638 1220 92 18 sources
1751 1215 58 24 from
1822 1217 73 24 which

1307 1246 13 16 a
1330 1247 98 17 revenue
1441 1250 40 15 can
1504 1245 27 21 be
1552 1244 90 25 derived
1661 1247 54 23 with
1736 1247 38 24 the
1793 1254 103 25 greatest

1305 1272 125 33 advantage
1447 1279 22 19 to
1482 1276 38 22 the
1533 1276 158 26 Government
1702 1281 44 22 and
1760 1281 36 23 the
1807 1283 86 29 public,

1305 1306 44 22 and
1362 1306 38 24 the
1411 1307 58 24 least
1479 1309 100 29 possible
1598 1311 105 30 injustice
1723 1318 22 18 to
1758 1314 87 30 private
1856 1317 37 23 in-

1305 1337 118 32 dividuals,
1436 1341 43 23 and
1499 1342 50 23 that
1568 1351 14 14 a
1599 1349 76 25 report
1693 1345 99 25 founded
1813 1356 29 15 on
1855 1350 38 23 the

1304 1378 62 17 same
1385 1373 27 23 be
1432 1374 124 24 forwarded
1584 1377 53 22 with
1658 1377 38 24 the
1712 1378 61 25 least
1792 1382 100 28 possible

1303 1403 65 33 delay
1382 1410 21 19 to
1424 1406 38 24 the
1481 1407 120 32 Secretary
1613 1410 25 22 of
1653 1411 64 23 State
1736 1412 36 24 for
1792 1413 40 25 the
1853 1423 38 16 co-

1302 1437 83 25 lonies.

1336 1480 23 21 3.
1381 1479 60 23 That
1460 1479 37 25 ths
1518 1483 128 31 prosperity
1658 1484 26 23 of
1699 1485 46 24 this
1757 1486 81 32 colony
1850 1487 39 24 de-

1301 1511 72 30 pends
1394 1513 66 23 much
1481 1521 61 24 upon
1564 1516 38 23 the
1625 1518 165 30 improvement
1809 1521 26 22 of
1851 1520 38 24 the

1301 1543 124 32 aboriginal
1443 1546 148 31 inhabitants,
1605 1549 43 24 and
1660 1558 24 15 as
1704 1552 20 22 it
1742 1552 21 23 is
1777 1552 112 25 desirable

1301 1576 47 24 that
1370 1577 38 24 the
1426 1586 62 17 same
1510 1580 80 25 should
1604 1582 26 24 be
1651 1585 117 28 promoted
1783 1586 24 22 in
1820 1594 68 23 every

1299 1610 100 29 possible
1417 1619 101 23 manner,
1540 1615 18 22 it
1582 1616 19 22 is
1624 1616 36 23 the
1684 1618 92 30 opinion
1799 1622 27 20 of
1841 1619 45 24 this

1300 1642 95 25 Council
1414 1644 48 24 that
1482 1652 129 25 competent
1630 1650 117 24 witnesses
1760 1651 82 23 should
1858 1653 28 23 be

1298 1677 118 23 examined
1436 1678 78 24 before
1526 1681 18 21 it
1555 1688 29 16 on
1606 1681 36 24 the
1663 1683 72 24 above
1747 1685 96 30 subject,
1857 1693 29 16 on

1297 1708 38 24 the
1347 1710 116 31 efficiency
1480 1713 44 22 and
1547 1714 127 25 usefulness
1695 1716 24 23 of
1738 1717 37 23 the
1793 1723 93 25 present

1296 1742 173 25 establishment
1491 1746 26 22 of
1538 1746 131 26 Protectors
1691 1749 25 23 of
1736 1749 148 32 Aborigines,

1295 1775 43 23 and
1352 1775 50 24 how
1413 1777 35 23 far
1460 1778 17 23 it
1487 1786 55 24 may
1552 1779 28 24 be
1597 1782 100 29 possible
1712 1786 24 19 to
1749 1784 84 30 modify
1848 1785 37 23 the

1295 1815 70 21 same,
1379 1817 24 16 so
1415 1818 25 15 as
1460 1815 21 19 to
1503 1812 69 23 make
1590 1814 19 22 it
1628 1814 54 24 bear
1702 1823 62 23 upon
1782 1817 38 23 the
1839 1819 45 22 im-

1294 1848 132 23 provement
1447 1843 25 23 of
1492 1845 39 23 the
1552 1845 103 31 physical
1677 1856 25 15 as
1723 1849 52 24 well
1796 1858 26 15 as
1847 1850 37 24 the

1293 1875 71 22 moral
1378 1876 112 24 condition
1503 1878 25 23 of
1548 1878 37 24 the
1601 1880 128 31 aborigines
1749 1882 29 31 by
1791 1883 38 23 the
1841 1892 42 15 ex-

1293 1907 86 24 clusive
1400 1911 156 29 appointment
1585 1913 26 22 of
1630 1921 95 23 persons
1749 1917 134 30 acquainted

1293 1940 55 23 vrth
1361 1941 38 24 the
1409 1944 93 28 general
1521 1947 100 27 practice
1642 1947 25 22 of
1686 1948 110 24 medicine
1808 1954 24 18 to
1844 1949 38 24 the

1292 1972 77 24 offices
1382 1973 25 23 of
1415 1974 127 31 Protector,
1555 1977 45 23 and
1613 1978 29 30 by
1656 1979 37 23 the
1705 1980 176 25 establishment

1291 2005 26 22 of
1335 2005 110 32 hospitals
1464 2008 34 23 for
1513 2008 37 24 the
1561 2009 85 25 benefit
1657 2012 25 22 of
1700 2012 38 24 the
1750 2013 131 32 aborigines

1290 2038 24 22 in
1326 2047 68 23 every
1405 2040 88 24 district
1506 2046 22 19 to
1540 2042 74 24 which
1627 2052 12 15 a
1651 2045 120 24 Protector
1781 2047 59 24 shall
1853 2048 28 23 be

1289 2073 131 28 appointed.

1307 2978 48 24 Mr.
1368 2979 84 24 Brown
1465 2982 126 29 suggested
1608 2983 48 24 that
1673 2992 14 15 a
1698 2984 44 24 few
1755 2987 76 29 copies
1843 2987 25 23 of

1272 3011 53 23 each
1339 3012 82 26 should
1438 3013 28 23 be
1484 3015 91 29 printed
1588 3015 48 24 that
1649 3016 38 24 the
1699 3018 77 30 public
1789 3020 77 30 might

1269 3044 114 30 -purchase
1395 3045 69 24 them.

1323 2111 51 24 The
1388 2112 118 26 Governor
1526 2116 24 22 in
1572 2116 113 25 reference
1698 2122 22 19 to
1740 2127 13 15 a
1772 2121 105 30 question

1289 2143 73 24 which
1375 2145 42 24 had
1430 2147 74 24 arisen
1517 2156 25 15 as
1554 2153 23 19 to
1594 2150 98 24 whether
1704 2152 39 23 the
1760 2154 117 31 non-pub-

1286 2176 93 25 lication
1389 2179 25 23 of
1423 2180 37 23 the
1473 2181 154 25 Commission
1636 2184 25 22 of
1671 2185 37 23 the
1718 2185 75 24 Peace
1804 2187 25 22 in
1838 2187 39 24 the

1289 2209 149 26 Government
1452 2213 95 24 Gazette
1557 2216 74 23 would
1649 2217 66 24 affect
1733 2218 39 24 the
1783 2219 93 33 legality

1287 2243 24 22 of
1321 2243 39 24 the
1374 2245 115 25 Council's
1499 2249 156 31 proceedings,
1664 2251 54 23 read
1731 2251 60 24 third
1798 2254 78 23 clause

1286 2276 25 23 of
1327 2277 38 23 the
1379 2278 75 30 Royal
1473 2280 162 32 Instructions,
1648 2284 103 31 shewing
1770 2285 48 24 that
1836 2287 39 23 the

1285 2311 142 23 non-official
1439 2314 113 23 members
1565 2315 81 25 should
1654 2317 28 23 be
1690 2317 98 24 Justices
1802 2319 26 24 of
1836 2319 39 24 the

1284 2341 83 31 Peace,
1383 2344 72 24 whose
1468 2353 78 17 names
1563 2348 64 24 stood
1639 2349 51 24 first
1708 2351 24 23 in
1744 2351 72 30 order,
1829 2353 45 24 and

1284 2376 76 23 whose
1373 2379 156 24 commissions
1542 2388 58 16 were
1613 2383 116 24 revocable
1743 2392 24 15 or
1784 2393 88 16 renew-

1283 2408 49 24 able
1346 2414 22 18 at
1382 2410 35 24 the
1431 2411 139 26 Governor's
1581 2414 106 31 pleasure
1697 2425 5 20 ;
1723 2417 28 23 he
1764 2419 48 22 said
1824 2419 49 23 that

1282 2441 23 23 in
1318 2444 123 30 appoining
1462 2444 37 24 the
1511 2453 49 16 new
1574 2449 111 23 members
1699 2450 25 22 of
1735 2450 96 25 Council
1844 2453 28 24 he

1281 2474 43 24 had
1343 2475 102 25 followed
1466 2479 38 22 the
1516 2479 148 26 instructions
1675 2491 6 20 ;
1702 2483 64 23 there
1777 2493 46 15 was
1842 2493 29 16 no

1281 2508 114 32 authority
1413 2512 116 30 requiring
1549 2512 49 24 that
1618 2514 38 24 the
1675 2516 154 25 Commission
1847 2519 26 23 of

1281 2540 37 24 the
1330 2541 75 25 Peace
1417 2543 81 25 should
1520 2546 28 22 be
1559 2547 130 30 published.
1727 2550 40 23 He
1784 2551 46 23 laid
1841 2560 29 15 on

1280 2574 38 24 the
1340 2576 59 23 table
1421 2576 38 24 the
1479 2578 154 26 Commission
1645 2582 25 22 of
1690 2582 37 24 the
1749 2583 74 24 Peace
1845 2593 25 15 as

1278 2608 65 23 made
1355 2616 31 24 up
1398 2609 30 31 by
1439 2610 46 24 him
1499 2611 69 24 about
1581 2617 42 20 two
1635 2615 92 23 months
1740 2616 72 30 since,
1825 2618 44 23 and

1278 2642 56 28 said,
1344 2649 25 16 as
1381 2642 35 23 the
1424 2644 141 29 publication
1574 2654 43 15 was
1628 2647 71 24 asked
1708 2649 43 28 for,
1760 2650 17 22 it
1786 2650 82 24 should

1278 2682 84 23 appear
1381 2676 22 22 in
1415 2676 38 23 the
1471 2682 56 18 next
1541 2678 101 26 Gazette.
1681 2681 39 24 He
1733 2683 72 23 would
1819 2684 49 23 also

1278 2709 75 22 notice
1365 2709 94 23 another
1469 2711 106 30 question
1584 2713 72 23 which
1664 2714 45 24 had
1721 2715 58 24 been
1787 2717 80 29 asked,

1278 2741 49 31 why
1341 2741 38 23 the
1392 2742 57 23 Biils
1469 2744 110 24 intended
1600 2750 21 19 to
1635 2747 26 23 be
1680 2748 99 31 brought
1790 2750 78 24 before

1276 2773 39 24 the
1323 2775 96 23 Council
1430 2775 43 24 had
1483 2781 39 18 not
1534 2777 57 24 been
1604 2780 121 29 published
1734 2790 6 20 ;
1776 2782 42 24 All
1829 2783 39 24 the

1276 2807 58 23 Bills
1356 2816 49 15 now
1424 2809 71 23 under
1518 2810 37 24 the
1576 2813 74 23 notice
1668 2814 27 23 of
1711 2815 40 23 the
1769 2816 99 24 Council

1275 2848 59 16 were
1347 2849 29 15 on
1389 2841 36 24 the
1436 2842 59 23 table
1505 2851 7 20 ;
1526 2843 29 24 he
1566 2844 102 25 believed
1680 2847 64 23 there
1753 2856 57 16 were
1823 2849 44 24 five

1275 2881 61 16 more
1349 2878 22 19 to
1389 2874 28 24 be
1435 2876 140 29 introduced,
1589 2878 81 29 which,
1683 2881 20 22 if
1718 2881 39 23 the
1770 2882 97 24 Council

1275 2907 97 30 thought
1390 2908 32 28 fit,
1436 2909 28 22 he
1476 2910 74 23 would
1561 2910 56 24 have
1639 2912 46 24 laid
1697 2921 28 15 on
1744 2915 38 23 the
1803 2916 63 23 table

1273 2940 54 24 with
1342 2940 39 24 the
1393 2941 85 23 others.

1304 3083 52 23 The
1367 3083 118 24 Governor
1503 3085 57 29 said,
1574 3093 14 16 a
1599 3086 42 23 few
1652 3088 77 30 copies
1748 3096 57 16 were
1824 3090 36 24 al-

1271 3116 67 30 ready
1350 3117 97 30 printed,
1461 3117 42 23 and
1517 3118 65 23 could
1603 3119 28 23 be
1651 3119 45 24 had
1708 3121 31 31 by
1751 3130 44 22 any
1807 3131 53 23 per-

1270 3156 40 16 son
1328 3149 108 31 applying
1448 3150 35 23 for
1503 3150 71 30 them,
1594 3160 28 16 no
1635 3152 82 32 charge
1738 3156 75 22 would
1833 3156 27 23 be

1270 3182 75 23 made.

1302 3220 51 24 The
1366 3220 117 28 Governor
1495 3222 47 24 laid
1555 3231 28 15 on
1597 3223 38 25 the
1646 3225 60 24 table
1719 3226 105 24 Returns
1838 3227 25 24 of

1269 3253 37 24 the
1318 3253 103 31 Exports
1433 3255 44 23 and
1490 3255 103 31 Imports
1607 3257 24 24 of
1645 3258 38 23 the
1697 3259 96 31 Colony,
1807 3261 53 23 with

1268 3286 38 24 the
1322 3291 95 19 amount
1435 3288 25 22 of
1479 3296 100 17 revenue
1600 3291 52 28 &c,
1671 3292 35 23 for
1728 3295 63 22 1843
1816 3294 43 23 and

1271 3321 71 26 1844,
1355 3327 26 16 as
1400 3320 71 24 asked
1482 3321 36 24 for
1535 3327 23 19 at
1577 3323 39 24 the
1628 3324 43 23 last
1693 3326 108 30 meeting,
1815 3327 45 23 and

1264 3352 84 24 *noved
1360 3352 37 24 the
1409 3355 84 22 second
1511 3356 97 31 reading
1619 3357 25 23 of
1662 3357 39 25 the
1713 3358 146 32 Appropria-

1269 3386 46 23 tion
1327 3385 25 24 of
1362 3386 111 24 Revenue
1484 3387 58 24 Bill.

1300 3423 44 24 Dr.
1359 3424 86 23 Martin
1458 3433 44 15 was
1516 3426 102 25 desirous
1631 3429 25 22 of
1671 3429 98 31 offering
1783 3438 12 15 a
1814 3430 43 23 few

1266 3456 91 32 general
1382 3458 101 23 remarks
1506 3467 62 23 upon
1592 3461 37 23 the
1651 3462 47 24 Bill
1717 3468 24 18 at
1765 3470 92 24 present

1267 3489 70 24 under
1360 3491 175 30 consideration,
1560 3493 77 24 before
1661 3495 38 22 the
1730 3497 128 23 individual

1263 3523 69 24 items
1344 3523 27 22 of
1386 3524 148 30 expenditure
1548 3533 57 16 were
1618 3526 117 26 discussed
1748 3537 5 20 ;
1773 3529 29 24 he
1815 3530 43 24 had

1261 3563 34 20 <gn
1306 3563 14 15 a
1330 3555 85 24 former
1427 3558 106 24 occasion
1545 3559 68 31 given
1625 3561 76 23 notice
1722 3562 26 22 of
1763 3563 93 23 amend-

1259 3587 82 26 farients
1353 3592 22 19 to
1388 3588 38 23 the
1437 3590 66 23 effect
1512 3592 25 22 of
1545 3592 109 31 reducing
1661 3593 39 24 the
1708 3596 149 29 expenditure

1258 3621 31 29 (of
1304 3620 39 23 the
1356 3621 80 30 colony
1449 3627 21 19 to
1490 3625 125 27 £20,000.
1664 3627 39 23 He
1727 3628 61 23 fixed
1809 3630 48 22 that

1258 3655 58 22 •etam
1326 3653 98 25 because
1436 3655 28 24 he
1478 3664 44 15 was
1535 3658 86 23 certain
1635 3659 17 23 it
1669 3667 46 16 was
1734 3668 25 15 as
1779 3662 77 28 much,

1259 3686 25 30 ,if
1293 3690 46 24 .not
1350 3693 62 17 more
1424 3688 54 24 than
1490 3690 40 23 the
1542 3691 81 30 colony
1636 3693 65 23 could
1713 3693 80 25 afford.
1817 3695 39 23 He

1259 3718 62 36 iplly
1332 3721 144 30 appreciated
1488 3723 40 23 the
1541 3724 112 31 difficulty
1670 3726 26 23 of
1710 3726 37 23 his
1768 3727 88 24 Excel-

1258 3748 92 34 i&ncy's
1362 3753 97 30 position
1468 3763 7 19 ;
1498 3758 86 22 certain
1607 3758 184 25 establishments
1811 3761 44 23 had

1258 3785 62 33 ..ijien
1332 3784 87 24 formed
1431 3787 24 22 in
1466 3787 38 24 the
1518 3789 88 31 colony,
1619 3791 45 23 and
1676 3792 37 22 the
1726 3792 93 24 salaries
1833 3794 24 23 of

1261 3824 70 23 qiany
1344 3818 26 22 of
1386 3818 37 24 the
1435 3820 90 24 officers
1537 3822 44 23 had
1596 3824 56 22 been
1664 3825 114 30 approved
1791 3825 25 23 of
1832 3831 22 18 at

1262 3849 79 33 Jpiome
1351 3858 6 21 ;
1372 3850 37 24 the
1421 3853 117 26 reduction
1552 3855 26 23 of
1593 3855 64 23 whicl
1657 3863 4 9 1
1677 3857 28 22 he
1725 3857 67 23 knew
1816 3859 38 23 the

1261 3882 22 85 ?
1283 3884 4 12 :
1286 3885 100 22 overn6r'
1389 3882 7 14 v:
1396 3890 32 18 wa
1426 3888 3 7 J
1429 3892 11 15 s
1452 3886 104 31 required
1570 3893 39 18 not
1620 3893 23 18 to
1656 3895 95 18 consent
1764 3895 30 24 to,
1808 3892 45 22 and

1283 3915 56 25 iiicb?
1344 3916 101 34 perhaps
1457 3919 19 23 it
1486 3919 75 32 might
1573 3921 29 24 be
1621 3921 93 25 deemed
1734 3923 119 26 invidious

1946 147 28 16 on
1987 141 36 23 his
2033 148 59 24 part,
2106 144 44 23 and
2162 144 49 23 thdt
2223 144 23 24 of
2253 153 44 23 any
2304 147 26 22 of
2338 147 38 23 the
2388 150 140 24 non-official

1945 174 112 23 members
2070 181 21 17 to
2104 176 106 24 interfere
2219 177 60 24 with.
2315 179 40 23 He
2364 179 44 24 had
2418 189 29 16 no
2456 182 72 25 desire

1946 209 21 18 to
1980 205 28 23 do
2020 214 32 21 so,
2064 208 43 23 and
2119 208 29 24 he
2158 209 45 24 had
2216 214 37 19 not
2264 210 38 23 the
2314 219 77 16 means
2404 214 26 22 of
2438 215 90 31 exactly-

1944 238 81 30 saying
2037 239 48 23 how
2097 242 68 22 much
2177 242 80 24 should
2268 243 29 23 be
2315 243 95 25 devoted
2431 251 21 18 to
2471 249 56 22 each

1943 270 122 29 particular
2077 272 147 32 department,
2235 276 96 23 because
2343 284 30 16 no
2381 278 146 26 information

1943 302 43 23 had
1998 303 58 23 been
2065 306 103 30 supplied
2183 315 28 15 on
2223 309 36 23 the
2271 309 96 30 subject,
2380 310 41 23 but
2433 311 28 23 he
2481 313 44 23 had

1943 342 13 14 a
1967 335 61 29 right
2037 340 22 18 to
2071 344 40 23 say
2124 337 48 23 how
2181 341 64 22 much
2259 341 28 23 he
2296 342 95 30 thought
2398 343 38 23 the
2446 344 81 32 colony

1943 367 66 23 could
2022 368 78 30 afford,
2111 370 43 23 and
2167 371 28 22 he
2205 373 72 23 would
2292 374 28 22 be
2341 382 53 23 very
2415 377 67 23 much
2501 382 23 19 to

1941 400 82 28 blame,
2034 401 29 23 be
2077 402 36 23 the
2125 405 129 23 necessities
2263 406 23 22 of
2297 407 155 24 Government
2464 409 60 24 what

1942 432 51 31 they
2007 433 80 30 would,
2103 438 22 19 to
2137 442 93 17 consent
2242 442 21 18 to
2276 438 36 23 the
2322 442 167 29 appropriation
2501 443 26 23 of

1939 472 45 22 any
1997 473 51 16 sum
2061 466 71 24 which
2145 468 29 22 he
2186 468 37 24 did
2233 469 104 31 honestly
2350 473 42 23 and
2405 476 117 23 conscien-

1939 497 84 32 tiously
2046 499 84 24 believe
2155 501 66 23 could
2241 506 39 19 not
2300 503 28 23 be
2348 505 74 24 raised
2442 508 23 22 in
2486 508 36 23 the

1939 529 89 32 colony.
2049 532 81 24 Under
2143 534 62 22 these
2217 536 181 31 circumstances,
2411 539 29 23 he
2450 541 73 22 would

1939 562 68 24 raher
2019 569 38 18 not
2070 565 54 23 take
2134 574 31 22 up
2177 567 39 23 the
2227 569 115 23 estimates
2352 571 53 23 item
2415 571 30 30 by
2454 572 63 24 item.

1937 594 26 23 If
1978 595 38 24 the
2037 597 119 24 Governor
2172 601 114 29 expected,
2304 609 25 15 as
2341 607 60 19 most
2412 603 71 32 likely
2493 605 29 23 he

1936 626 45 30 did,
1994 630 125 24 assistance
2130 631 59 23 from
2203 632 36 24 the
2262 633 75 24 Home
2357 635 163 31 Government,

1936 659 27 23 he
1976 661 66 23 could
2054 663 68 23 make
2142 671 29 23 up
2191 665 37 22 the
2247 666 42 23 full
2308 673 93 19 amount
2417 671 105 29 required

1934 693 64 23 when
2020 694 48 24 that
2080 697 123 23 assistance
2215 699 93 28 arrived,
2329 701 44 22 and
2393 701 38 23 the
2449 703 73 24 better

1934 725 52 30 plan
2003 726 36 24 for
2060 728 37 23 the
2111 729 96 24 Council
2219 731 71 23 would
2300 732 27 23 be
2339 737 23 18 at
2374 741 56 16 once
2442 739 22 19 to
2477 744 41 22 say

1932 758 51 23 how
1995 760 68 23 much
2077 761 36 23 the
2125 762 80 31 colony
2217 764 65 23 could
2294 765 70 23 afford
2378 770 22 19 to
2411 775 52 23 pay,
2476 769 43 22 and

1931 790 63 24 leave
2010 793 19 23 it
2049 798 22 18 to
2090 793 39 24 the
2149 795 117 24 Governor
2285 802 21 17 to
2328 801 119 28 apportion
2471 801 49 23 that

1931 831 52 16 sum
1995 833 83 23 among
2087 824 46 33 (the
2152 829 89 23 various
2261 830 192 31 establishments,
2475 834 43 23 and

1930 857 91 23 various
2032 859 97 29 officers,
2143 868 24 15 as
2179 861 49 23 best
2244 862 28 23 he
2285 863 73 29 could,
2378 872 62 16 more
2452 874 65 23 espe-

1930 889 67 32 cially
2021 899 25 15 as
2070 892 37 23 the
2126 894 140 24 non-official
2287 896 112 24 members
2418 897 45 25 had
2478 904 40 19 not

1929 922 57 24 been
2007 924 103 31 supplied
2130 927 53 23 with
2201 928 144 23 information
2360 931 114 24 sufficient
2494 936 23 19 to

1929 955 80 24 enable
2022 957 61 23 them
2095 959 162 31 satisfactorily
2280 966 22 17 to
2314 962 77 24 decide
2404 963 48 23 that
2462 965 55 23 sub-

1929 987 52 30 ject.
2027 988 40 24 He
2080 991 71 23 would
2164 997 39 17 not
2215 993 89 23 conceal
2317 994 48 23 that
2374 995 24 23 in
2409 1002 106 19 consent-

1927 1020 40 31 ing
1979 1024 22 20 to
2014 1029 14 15 a
2039 1030 50 15 sum
2098 1024 26 22 of
2130 1024 112 28 £20,000
2252 1026 28 23 he
2294 1026 39 23 felt
2343 1027 28 24 he
2383 1035 45 16 was
2437 1031 79 30 taxing

1927 1052 38 24 the
1972 1053 89 32 Colony
2066 1056 67 23 much
2145 1056 81 32 higher
2237 1058 54 24 than
2303 1059 29 23 its
2341 1060 175 26 circumstances

1925 1088 134 23 warranted.
2096 1089 95 24 Neither
2205 1091 72 23 would
2289 1092 26 22 ha
2329 1094 93 23 conceal
2437 1095 47 23 that
2494 1097 19 21 it

1925 1125 45 17 was
1984 1120 34 23 his
2030 1120 81 24 honest
2123 1123 124 23 conviction
2261 1124 47 24 that
2320 1125 38 24 the
2379 1127 92 24 salaries
2492 1129 26 23 of

1925 1153 86 23 several
2033 1155 89 23 officers
2137 1156 25 23 of
2186 1156 44 23 this
2260 1158 80 30 colony
2362 1167 56 16 were
2443 1162 70 23 much

1924 1184 81 32 higher
2016 1186 54 23 than
2083 1188 37 23 the
2132 1190 113 22 condition
2253 1191 26 22 of
2294 1191 37 23 the
2344 1192 81 31 colony
2439 1194 72 31 justi-

1923 1218 53 24 fied.
2014 1219 39 24 He
2066 1221 137 24 maintained
2214 1223 47 23 that
2271 1224 89 24 £1000
2374 1233 12 15 a
2397 1234 55 22 year
2465 1235 45 16 was

1923 1250 30 30 by
1974 1252 34 22 far
2031 1256 37 19 too
2091 1254 67 23 much
2182 1255 35 23 for
2237 1263 44 24 any
2312 1258 78 23 officer
2418 1259 26 23 of
2464 1260 47 24 this

1923 1283 164 31 Government,
2101 1286 53 24 with
2166 1287 38 23 the
2224 1290 118 30 exception
2362 1291 24 22 of
2401 1291 37 24 his
2459 1293 52 24 Ex-

1923 1316 107 32 cellency.
2080 1318 39 24 He
2141 1321 73 23 would
2237 1321 46 24 like
2306 1327 23 19 to
2358 1324 67 24 know
2449 1326 60 24 what

1922 1350 86 29 private
2020 1352 123 24 individual
2155 1353 23 23 in
2191 1353 44 24 this
2247 1355 81 31 colony
2343 1357 66 24 could
2428 1358 82 26 realise

1921 1389 42 16 yen
1975 1383 72 24 £500
2059 1393 14 14 a
2083 1393 53 22 year
2149 1386 57 24 from
2226 1380 36 30 ffis
2280 1389 82 30 capital
2379 1390 45 24 and
2443 1399 65 16 exer-

1921 1416 59 22 tions
1991 1425 6 19 ;
2019 1418 43 22 and
2075 1418 50 31 why
2142 1418 81 24 should
2243 1420 156 26 Government
2419 1425 89 23 officers

1918 1449 89 23 receive
2029 1450 58 23 their
2110 1451 123 24 thousands
2256 1453 35 23 for
2312 1462 65 17 mere
2397 1458 98 23 services

1920 1481 64 24 when
2007 1483 88 30 private
2115 1484 134 25 individuals
2269 1487 53 23 with
2342 1488 58 24 their
2424 1491 82 30 capital

1918 1514 44 23 and
1974 1515 106 31 industry
2090 1517 110 30 together,
2215 1519 64 23 could
2291 1524 40 19 not
2341 1521 68 24 make
2420 1522 51 24 half
2480 1531 25 17 so

1918 1547 76 24 much.
2043 1549 50 23 The
2104 1550 93 24 salaries
2209 1552 23 22 of
2249 1552 156 26 Government
2416 1556 89 25 officers

1918 1580 71 30 ought
2001 1585 22 19 to
2035 1582 28 23 be
2081 1583 22 22 in
2125 1585 129 29 proportion
2275 1590 21 18 to
2313 1586 39 23 the
2371 1588 68 30 profit
2459 1590 46 23 and

1916 1620 78 17 means
2007 1615 24 22 of
2047 1616 85 30 private
2145 1617 97 23 settlers.
2285 1618 40 24 He
2344 1619 35 25 for
2398 1629 50 22 one,
2461 1622 44 24 had

1916 1652 28 16 no
1955 1647 55 23 wish
2023 1652 22 18 to
2059 1656 37 16 see
2108 1656 28 16 an
2149 1650 80 24 official
2238 1651 136 33 aristocracy
2383 1655 121 31 springing

1915 1686 31 23 up
1965 1684 24 19 at
2009 1680 38 23 the
2066 1689 106 23 expence,
2194 1684 43 22 and
2257 1691 29 16 on
2296 1684 38 24 the
2346 1687 65 23 ruins
2426 1687 25 24 of
2466 1689 38 24 the

1914 1712 86 29 private
2013 1714 90 24 settlers
2115 1724 5 19 ;
2140 1715 43 24 and
2196 1716 28 23 he
2244 1717 73 24 would
2337 1726 41 17 not
2395 1721 53 30 give
2468 1722 35 23 his

1914 1750 94 19 consent
2021 1751 22 18 to
2054 1747 56 23 such
2124 1755 27 16 an
2162 1746 128 33 Junnatural
2310 1756 59 19 state
2385 1753 26 23 of
2426 1754 79 32 things

1914 1777 39 23 He
1966 1779 84 23 wished
2063 1785 22 18 to
2097 1780 58 31 keep
2167 1781 35 23 his
2216 1783 100 24 remarks
2329 1792 26 15 as
2366 1788 94 28 general
2476 1795 25 16 a3

1912 1811 108 30 possible,
2033 1813 40 23 but
2085 1813 28 23 he
2125 1814 65 23 could
2204 1820 37 19 not
2251 1816 51 31 help
2313 1818 90 32 saying,
2412 1819 49 25 that
2473 1821 27 24 he

1913 1843 97 32 thought
2022 1846 38 23 the
2077 1846 74 31 salary
2163 1848 25 22 of
2204 1848 36 24 the
2252 1849 74 31 Judge
2340 1858 44 16 was
2401 1857 22 18 to
2437 1854 62 31 high,

1912 1877 17 22 it
1941 1877 53 23 bore
2007 1886 28 15 no
2047 1881 132 29 proportion
2191 1886 22 18 to
2225 1882 38 23 the
2283 1883 101 25 incomes
2405 1886 26 23 of
2448 1875 54 42 pro-

1910 1909 109 25 fessional
2030 1920 53 15 men
2095 1914 23 22 in
2130 1912 39 24 the
2181 1915 88 31 colony.
2315 1916 68 24 None
2395 1919 26 23 of
2439 1920 60 25 them

1911 1943 66 23 could
1990 1944 29 30 by
2029 1945 61 23 -their
2103 1948 98 28 practice
2218 1948 67 23 make
2304 1949 51 24 half
2377 1951 39 23 the
2439 1960 60 17 sura.

1910 1974 24 24 A
1946 1976 114 24 thousand
2073 1986 12 14 a
2098 1986 53 21 year
2163 1980 73 29 might
2247 1985 40 19 not
2298 1980 28 24 be
2339 1987 37 19 too
2384 1985 68 22 much
2464 1986 35 23 for

1910 2014 13 16 a
1934 2015 84 24 person
2030 2010 25 23 of
2070 2010 74 31 Judge
2162 2012 108 24 Martin's
2291 2014 106 31 abilities,
2417 2018 42 23 but
2480 2020 19 22 it

1909 2047 46 17 was
1977 2042 35 23 far
2036 2047 22 19 to
2082 2044 68 23 much
2172 2045 36 23 for
2228 2045 38 24 the
2289 2047 82 32 colony
2393 2054 23 19 to
2438 2052 60 30 give.

1908 2073 87 32 Judges
2008 2083 57 17 were
2079 2077 48 24 well
2147 2078 52 30 paid
2219 2079 23 23 in
2261 2079 109 32 England
2390 2083 46 24 and
2458 2086 40 22 the

1908 2107 167 33 neighbouring
2087 2110 106 30 colonies,
2206 2112 40 23 but
2258 2112 65 25 while
2336 2122 14 16 a
2362 2115 75 33 Judge
2454 2117 44 25 had

1908 2139 36 24 his
1962 2141 51 23 four
2037 2150 26 15 or
2083 2144 43 22 five
2148 2143 111 26 thousand
2276 2154 13 15 a
2307 2155 55 22 year
2374 2153 22 19 at
2410 2150 88 30 Home,

1906 2173 92 31 leading
2007 2175 121 24 barristers
2135 2178 66 22 made
2212 2178 58 24 their
2280 2181 30 22 10
2319 2181 45 23 and
2372 2169 126 43 £15,000.'

1906 2205 67 25 E/en
1987 2208 23 22 in
2028 2208 57 24 New
2108 2210 73 24 South
2202 2211 78 24 Walea
2301 2213 37 23 the
2356 2214 100 26 incomes
2473 2218 26 23 of

1905 2246 63 17 some
1981 2241 111 24 members
2106 2243 25 23 of
2146 2242 38 25 the
2195 2244 41 24 bar
2256 2253 57 16 were
2332 2248 68 23 much
2421 2249 75 32 larger

1906 2272 53 23 than
1984 2273 38 23 the
2042 2275 92 25 salaries
2156 2277 26 23 of
2202 2277 36 24 the
2259 2278 95 32 Judges,
2378 2282 45 23 and
2445 2284 51 30 why

1904 2305 82 24 should
2009 2307 54 31 they
2085 2308 28 24 be
2136 2309 106 25 different
2264 2312 24 22 in
2311 2313 46 23 this
2385 2315 108 32 Colony?

1905 2338 72 24 Could
2000 2348 32 15 we
2045 2341 73 24 better
2140 2342 72 24 affoid
2234 2348 23 19 to
2278 2346 52 29 give
2350 2346 63 32 large
2434 2350 60 23 sala-

1903 2372 44 22 ries
1957 2372 10 24 1
2028 2373 64 24 With
2115 2380 90 27 respect
2231 2381 23 19 to
2283 2378 37 24 the
2350 2380 94 25 salaries
2471 2383 26 24 of

1904 2404 190 27 Commissioners
2112 2409 25 23 of
2157 2408 67 24 Land
2243 2411 94 29 Claims,
2360 2413 54 31 they
2435 2423 57 16 were

1901 2437 48 24 also
1991 2443 37 20 too
2057 2440 56 32 high
2125 2450 5 20 ;
2165 2450 42 15 one
2230 2444 26 22 of
2271 2444 64 24 these
2362 2447 130 29 gentlemen

1901 2472 101 23 received
2026 2481 14 15 a
2067 2474 112 24 thousand
2207 2484 14 14 a
2256 2484 67 23 year;
2364 2479 29 23 he
2425 2481 67 24 knew

1899 2503 30 23 he
1956 2505 45 23 had
2030 2506 35 23 for
2094 2512 42 19 two
2174 2516 65 22 years
2263 2510 66 23 been'
2350 2516 51 20 sent
2430 2514 59 24 from

1899 2536 110 31 England
2036 2539 54 23 with
2118 2540 49 24 that
2192 2541 81 32 salary,
2297 2543 42 24 but
2357 2545 37 23 the
2412 2548 79 30 period

1899 2569 44 24 had
1981 2572 102 30 expired,
2123 2574 43 23 and
2205 2575 28 23 he
2271 2583 45 16 was
2351 2578 48 23 still
2436 2588 54 16 con-

1899 2603 78 24 tinued
1998 2609 23 19 at
2048 2605 37 23 the
2097 2614 63 16 same
2177 2607 55 32 high
2251 2614 56 24 rate,
2320 2610 44 24 and
2390 2620 25 15 so
2436 2612 55 33 long

1899 2643 24 15 as
1943 2637 38 23 the
1995 2637 191 26 Commissioners
2204 2648 57 17 were
2273 2650 25 15 so
2316 2644 52 24 well
2387 2646 62 30 paid,
2470 2648 19 22 it

1899 2677 45 15 was
1956 2678 14 15 a
1983 2672 104 30 question
2101 2672 65 24 when
2184 2674 38 23 the
2232 2674 68 24 Land
2316 2677 88 25 Claims
2416 2680 75 24 would

1899 2702 26 23 be
1939 2704 89 24 settled.
2066 2705 66 24 More
2146 2706 44 24 had
2209 2708 55 23 been
2277 2709 57 24 done
2346 2710 31 30 by
2388 2712 36 23 his
2437 2712 52 24 Ex-

1899 2735 100 33 cellency
2011 2738 45 23 and
2068 2746 43 16 one
2124 2739 178 26 Commissioner
2313 2743 63 24 since
2393 2744 37 24 his
2449 2754 36 15 ar-

1897 2768 56 24 rival
1966 2770 23 23 in
2002 2770 38 24 the
2054 2771 95 32 Colony,
2162 2773 55 24 than
2235 2774 28 30 by
2277 2775 29 24 all
2318 2775 39 24 the
2375 2782 47 19 rest
2435 2778 53 24 dur-

1897 2801 40 31 ing
1950 2802 38 24 the
2009 2804 63 23 three
2089 2804 45 25 last
2155 2813 73 23 years.
2264 2807 50 25 The
2336 2814 151 25 protectorate

1897 2835 26 22 of
1941 2835 140 32 Aborigines
2104 2838 44 23 and
2164 2839 39 23 the
2222 2840 88 31 Survey
2320 2841 169 33 Depaartment

1897 2875 56 16 were
1967 2869 94 24 ordered
2073 2876 22 17 to
2104 2870 28 25 be
2146 2872 51 30 paid
2209 2877 37 19 out
2257 2874 27 23 of.
2292 2874 92 31 Special
2394 2876 90 26 Funds.

1897 2900 75 25 These
1984 2902 68 24 funds
2064 2911 58 16 were
2133 2909 40 19 not
2191 2906 25 23 in
2233 2907 124 30 existence,
2369 2910 52 23 and
2434 2910 53 32 they

1896 2935 66 22 could
1974 2940 40 18 not
2033 2936 111 25 therefore
2164 2938 53 24 look
2238 2943 23 20 to
2273 2940 38 24 the
2331 2942 107 32 ordinary
2449 2952 36 15 re-

1895 2974 72 18 venue
1974 2976 7 21 ;
1995 2969 54 31 they
2057 2969 46 25 had
2115 2978 28 16 no
2154 2971 66 24 clam
2231 2980 60 24 upon
2303 2975 26 22 it.
2363 2975 37 24 He
2411 2977 75 24 would

1895 3004 39 18 not
1946 3006 24 17 at
1981 3007 93 25 present
2085 3008 63 19 enter
2166 3004 48 24 into
2226 3013 43 23 any
2282 3006 88 25 further
2386 3008 82 25 details
2477 3019 6 20 ;

1894 3032 40 24 but
1946 3034 27 22 he
1987 3034 98 31 thought
2104 3037 18 22 it
2134 3037 74 23 would
2228 3038 28 24 be
2270 3039 88 31 .highly
2369 3041 115 33 improper

1892 3065 38 23 for
1941 3066 38 24 the
1993 3067 96 25 Council
2110 3074 22 19 to
2145 3076 93 17 consent
2250 3076 22 18 to
2285 3080 25 15 so
2331 3072 63 33 large
2407 3083 14 15 a
2432 3083 52 17 sum

1892 3105 25 16 as
1929 3100 124 29 £36,000.
2089 3102 25 23 It
2133 3102 75 31 might
2227 3103 27 24 be
2273 3112 30 16 an
2320 3106 127 33 advantage
2459 3113 23 20 to

1891 3130 58 24 have
1961 3140 13 15 a
1985 3133 63 31 large
2062 3134 157 25 Government
2227 3138 156 30 expenditure,
2396 3142 44 22 and
2452 3142 30 23 he

1891 3163 45 24 had
1948 3173 29 15 no
1991 3167 122 29 particular
2125 3168 73 23 desire
2211 3173 20 19 to
2244 3177 38 16 see
2294 3173 187 25 establishments

1890 3197 106 30 reduced,
2006 3201 107 29 provided
2124 3201 36 23 the
2171 3201 75 25 Home
2257 3203 157 27 Government
2427 3209 52 29 paid

1890 3230 35 23 for
1937 3230 63 25 them
2009 3241 6 20 ;
2030 3233 41 23 but
2082 3233 28 24 he
2120 3234 65 24 could
2198 3241 38 18 not
2248 3243 95 18 consent
2355 3244 24 18 to
2392 3244 40 19 tax
2444 3242 37 22 the

1890 3264 91 24 settlers
1993 3265 26 23 of
2029 3265 57 25 New
2099 3267 103 24 Zealand
2214 3274 21 18 at
2247 3278 14 15 a
2271 3270 82 31 higher
2364 3277 48 19 rate
2425 3274 54 23 than

1890 3297 28 22 he
1937 3298 44 23 had
1998 3300 113 30 proposed
2122 3309 5 14 :
2153 3301 70 32 thirty
2240 3303 106 32 shillings
2364 3313 40 24 per
2423 3307 57 23 head

1890 3337 45 15 was
1955 3339 63 16 more
2031 3333 54 23 than
2108 3333 53 32 they
2173 3335 65 23 could
2251 3336 80 25 afford.
2368 3338 109 33 Looking

1889 3368 23 17 at
1931 3364 38 23 the
1990 3365 65 24 other
2075 3368 47 22 free
2143 3368 98 24 colonies
2261 3370 24 22 of
2303 3366 115 35 Eiiglaud,
2440 3373 38 22 the

1890 3396 63 31 Cape
1965 3397 25 23 of
2009 3399 66 23 Good
2090 3399 68 33 Hope
2181 3403 139 29 approached
2339 3404 37 23 the
2389 3411 90 18 nearest

1889 3434 22 17 to
1924 3430 69 29 them,
2003 3432 45 23 and
2056 3440 57 16 even
2125 3434 63 24 there
2197 3435 90 23 settlers
2296 3436 53 30 only
2360 3437 51 29 paid
2422 3439 54 24 20s.

1889 3470 40 22 per
1946 3463 66 25 head.
2050 3465 29 23 In
2092 3465 82 32 Upper
2196 3467 91 24 Canada
2306 3469 39 22 the
2363 3475 49 18 rate
2430 3478 48 17 was

1889 3497 27 22 5s
1934 3498 9 22 1
1951 3497 40 29 Od,
2002 3498 23 23 in
2038 3497 83 26 Lower
2129 3500 93 23 Canada
2231 3501 18 22 it
2257 3507 46 16 was
2312 3502 54 30 only
2376 3504 29 22 4s
2418 3505 11 22 1
2437 3504 40 24 Id.

1889 3529 37 23 the
1937 3530 79 32 yearly
2024 3532 131 31 increasing
2164 3532 80 31 capital
2254 3533 26 23 of
2290 3533 83 32 Upper
2382 3536 95 25 Canada

1888 3570 45 16 was
1945 3564 71 23 about
2028 3566 32 23 13
2072 3564 99 24 millions
2180 3573 7 19 ;
2200 3565 26 23 of
2233 3565 82 25 Lower
2328 3568 95 24 Canada
2436 3570 38 26 17.

1887 3595 29 23 In
1930 3596 58 23 New
2008 3597 100 23 Zealand
2129 3598 17 22 it
2164 3604 45 16 was
2228 3598 45 23 less
2292 3599 56 25 than
2369 3603 104 31 nothing.

1887 3624 85 28 JPrince
1985 3629 118 24 Edward's
2125 3629 79 25 Island
2217 3630 53 25 wikh
2282 3640 13 15 a
2305 3634 133 31 population
2451 3637 24 22 of

1887 3662 105 30 upwards
2005 3662 25 23 of
2049 3664 99 27 80,000,
2169 3671 46 15 was
2226 3667 114 28 governed
2352 3667 34 24 for
2405 3669 69 22 about

1885 3696 115 27 £13,000
2012 3703 41 22 per
2064 3702 84 16 annum
2159 3704 6 21 ;
2180 3696 41 23 but
2232 3697 37 24 the
2282 3699 93 24 salaries
2387 3700 25 23 of
2423 3702 51 23 offi-

1886 3734 49 15 cers
1955 3735 57 15 were
2033 3728 133 23 reasonable
2187 3730 23 22 in
2230 3730 48 24 that
2296 3732 88 31 colony.
2424 3733 50 25 The

1885 3760 115 29 Surveyor
2013 3760 100 24 General
2133 3762 43 23 had
2190 3763 71 24 £200
2273 3771 13 16 a
2304 3772 61 22 year,
2382 3766 44 23 and
2445 3767 28 24 he

1885 3800 44 15 was
1943 3800 53 22 very
2009 3794 85 22 certain
2113 3794 36 23 his
2170 3794 91 25 labours
2273 3804 58 16 were
2344 3805 61 17 more
2419 3799 56 25 than

1884 3825 64 23 those
1961 3826 26 22 of
2002 3826 38 22 the
2053 3826 116 32 Surveyor
2188 3828 98 24 General
2298 3830 25 23 of
2339 3831 62 26 New
2413 3832 60 25 Zea-

1883 3857 60 24 land.
1981 3858 51 24 The
2043 3859 115 31 Attorney
2172 3860 100 25 General
2284 3862 44 24 had
2339 3864 49 24 also
2400 3866 72 24 £200

1882 3898 14 16 a
1908 3898 63 24 year,.
2008 3892 52 23 The
2073 3892 103 24 Colonial
2192 3894 119 32 Secretary
2323 3897 46 23 and-

1882 3928 47 19 trar
1940 3923 47 26 had
1998 3925 73 25 £150
2083 3934 6 21 ;
2106 3926 40 24 the
2157 3926 74 33 Judge
2243 3935 46 17 was
2299 3930 111 31 certainly
2419 3932 54 29 paid

610 27 100 48 ffftc
733 31 119 43 mm
875 33 212 45 gwtont
1111 37 192 50 HBwttU
1323 42 97 41 att&
1443 43 303 50 CSlflimgfc.ii
1772 46 254 50 Bf»tttatot.

720 117 63 23 tered
800 120 30 26 by
850 120 37 22 the
909 121 115 32 Wesleyan
1045 123 86 23 section
1151 125 26 22 of
1192 125 32 22 it?
1252 126 52 22 Will

720 145 53 26 they
783 149 40 18 not
832 146 29 22 be
871 147 69 27 ready
949 151 22 18 to
985 149 95 27 inquire,
1092 157 24 15 as
1125 158 69 20 many
1207 152 27 21 of
1243 153 60 22 them

720 173 56 20 have
791 173 92 27 already
898 174 101 27 inquired
1017 175 43 26 (for
1082 176 61 22 there
1162 184 37 15 are
1218 179 86 22 shrewd

718 204 59 20 men,
789 205 38 21 my
843 200 54 26 lord,
918 203 102 24 amongst
1033 201 38 22 the
1087 203 57 21 New
1160 203 141 29 Zealanders,

718 224 49 21 who
777 232 39 15 are
831 229 40 18 not
886 233 23 14 so
919 226 68 27 easily
997 230 22 18 to
1035 227 28 21 be
1077 227 101 28 imposed
1194 238 61 20 upon
1272 232 30 27 by

717 257 61 15 mere
798 252 139 26 declaration,
958 260 58 14 even
1034 253 85 28 though
1137 255 20 21 it
1175 256 79 23 should
1274 258 27 21 be

715 277 67 25 given
793 284 28 15 ex
836 278 121 28 cathedra,)
992 279 50 27 why
1052 280 57 22 have
1124 288 34 15 we
1175 286 39 18 not
1231 284 70 22 heard

716 303 26 21 of
752 303 44 22 this
811 304 147 23 schismatical
973 305 84 23 church
1077 307 76 22 before
1159 309 10 21 T
1181 310 50 26 why
1242 311 57 21 have

715 328 36 23 the
762 330 83 22 church
855 330 45 22 and
910 330 116 30 Wesleyan
1037 333 147 23 missionaries
1191 336 108 23 laboured

715 356 100 26 together
824 361 101 23 amongst
934 365 26 15 us
970 358 53 22 with
1039 360 55 20 such
1108 361 78 22 united
1197 363 47 22 zeal
1254 363 45 22 and

713 382 118 28 cordiality
840 384 43 21 and
892 384 57 26 good
965 385 51 25 will,
1028 385 21 22 if
1061 386 37 21 the
1114 394 43 14 one
1174 395 56 15 were
1240 391 59 26 right

713 408 45 22 and
777 409 38 22 the
835 410 64 21 other
918 417 57 15 were
999 412 119 27 wrong?—
1119 414 17 20 is
1157 414 42 22 this
1219 423 14 15 a
1254 424 44 14 new

712 434 84 23 church
812 436 25 21 of
849 436 102 27 England
969 437 57 22 that,
1035 438 41 22 has
1089 440 71 26 lately
1170 448 81 21 sprung
1260 451 36 20 up,

711 467 25 14 or
746 461 50 27 why
806 462 54 23 does
870 463 17 21 it
897 463 76 22 evince
990 464 55 23 such
1063 469 177 21 unaccountable
1247 471 51 24 jea-

710 488 64 26 lousy
784 488 43 22 and
838 493 59 18 want
906 489 26 22 of
943 490 49 21 love
1002 492 96 21 towards
1110 492 37 22 the
1160 494 127 29 Wesleyans

709 513 64 22 when
784 521 32 15 we
824 516 58 21 have
890 523 68 15 never
969 524 52 15 seen
1029 518 56 21 such
1094 520 138 24 unchristian
1243 530 53 15 con-

709 540 54 21 duct
778 541 117 23 before?—
898 543 44 22 and
964 544 59 21 what
1037 544 40 22 has
1093 545 43 22 this
1154 554 47 14 new
1218 549 76 26 bishop

708 567 57 21 been
781 567 68 28 doing
864 569 34 21 for
915 568 35 23 the
967 569 43 23 last
1026 574 84 24 twenty
1119 579 70 21 years,
1201 574 48 22 that
1266 576 28 22 he

708 593 65 22 could
784 598 39 18 not
832 595 78 22 hasten
927 596 72 22 hither
1008 598 77 21 before
1096 605 58 19 now,
1166 603 22 18 to
1198 608 58 16 warn
1268 610 25 14 us

708 620 26 20 of
744 627 41 15 our
795 621 88 27 danger,
896 626 22 18 to
934 623 61 22 drive
1012 623 62 23 these
1093 624 130 29 Wesleyans
1234 629 58 22 from

707 647 37 21 the
762 647 59 27 land,
837 648 44 22 and
898 652 22 19 to
937 650 130 22 administer
1089 654 22 19 to
1130 659 41 15 our
1184 654 107 23 deceased

706 672 84 23 fathers
798 675 44 22 and
853 675 97 22 children
961 676 63 22 those
1034 677 137 28 ordinances,
1179 680 72 22 which
1261 681 28 23 he

705 706 50 20 says
771 708 36 14 are
826 709 25 14 so
867 702 77 26 nearly
953 704 85 21 related
1056 707 23 18 to
1095 704 108 24 salvation
1210 708 37 20 ?—
1247 709 43 21 and

704 725 70 22 above
786 727 35 26 all,
833 728 51 27 why
894 735 36 14 are
946 734 38 17 not
1000 730 62 22 these
1071 737 45 14 new
1125 733 71 25 things
1205 735 85 22 written

711 758 15 14 n
736 752 38 22 the
784 754 116 31 scriptures
910 762 23 14 a3
948 756 50 21 well
1014 763 23 14 as
1054 757 23 22 in
1089 758 36 21 the
1136 766 78 20 prayer
1224 761 56 23 book

703 779 49 21 that
762 786 32 15 we
804 781 71 26 might
885 781 63 22 know
958 782 72 22 better
1040 790 29 15 on
1081 784 57 22 what
1149 787 106 23 evidence
1266 792 22 18 to

703 811 87 16 receive
809 806 61 23 them
877 808 34 21 ?—
914 808 69 27 really
993 809 16 21 it
1024 809 19 22 is
1061 817 54 20 very
1131 819 74 21 queer,
1218 821 32 15 we
1260 815 27 22 do

703 835 39 17 not
753 833 133 22 understand
897 835 37 20 it—
934 835 74 22 -ekore
1019 843 11 14 c
1041 836 107 24 mohiotia
1156 839 5 21 !
1211 840 48 22 Nor
1268 842 19 21 is

701 860 17 18 it
727 861 23 18 at
760 859 30 21 all
800 859 68 28 likely
877 861 48 21 that
939 861 53 27 they
1002 862 43 22 will
1056 870 52 15 ever
1118 865 27 21 be
1155 866 50 21 able
1215 869 22 19 to
1245 875 42 14 un-

701 884 102 23 derstand
814 886 24 21 it.
869 887 33 26 By
910 887 53 23 such
974 889 147 23 declarations
1129 898 24 15 as
1165 892 35 22 the
1207 894 70 22 above

699 917 57 27 your
765 911 99 30 lordship
870 913 40 23 has
918 915 77 26 placed
1005 916 37 21 the
1053 916 82 23 church
1144 920 90 21 mission
1241 922 44 20 and

701 939 39 19 her
749 942 48 22 past
807 941 123 25 operations
937 946 101 22 amongst
1044 942 38 22 the
1089 944 55 21 New
1152 945 133 24 Zealanders

699 970 23 14 in
733 970 13 15 a
762 969 57 17 most
833 966 109 23 awkward
956 969 124 26 position—
1082 970 38 22 she
1137 976 60 17 must
1216 974 69 21 either
1295 989 2 9 ,

698 991 159 27 acknowledge
875 993 83 22 herself
970 997 22 18 to
1007 994 57 23 have
1079 996 55 22 been
1147 1000 137 26 egregiously

698 1022 82 21 wrong,
800 1024 24 14 m
842 1018 91 27 holding
952 1020 38 22 the
1009 1021 57 22 least
1089 1025 118 27 sympathy
1231 1027 51 21 with

720 1045 144 26 schismatics,
892 1053 24 14 or
931 1045 39 23 she
986 1051 59 18 must
1061 1049 83 22 defend
1160 1051 37 22 the
1207 1060 75 15 course

696 1071 73 19 which
779 1071 38 21 she
828 1071 39 22 has
878 1072 65 22 taken
954 1073 36 21 for
1005 1074 38 22 the
1059 1079 49 22 past
1125 1080 82 25 twenty
1217 1087 64 18 years

696 1102 24 14 in
736 1097 38 20 the
789 1099 98 21 exercise
903 1099 25 21 of
968 1100 113 29 brotherly
1096 1102 50 23 love
1188 1106 94 21 towards

696 1124 37 18 the
746 1124 134 27 Wesleyans,
889 1125 43 22 and
943 1125 29 28 by
983 1127 46 21 that
1040 1136 76 14 means
1127 1131 88 22 convict
1224 1140 57 18 your

695 1149 98 28 lordship
803 1151 25 21 of
839 1151 94 28 feelings
945 1153 71 22 which
1033 1155 17 21 it
1064 1155 20 21 is
1095 1156 70 22 easier
1176 1161 21 18 to
1210 1159 65 25 desig-

695 1177 52 19 nate
758 1176 53 22 than
821 1180 22 18 to
854 1178 90 23 admire.

804 1203 13 21 I
826 1205 94 27 remain,

860 1231 62 23 Your
931 1232 118 29 lordship's
1060 1235 105 23 obedient

946 1260 45 22 and
1002 1260 90 23 humble
1102 1267 96 19 servant.

692 1308 23 13 xr
760 1309 25 12 Hi
865 1311 12 10 i_
904 1311 9 10 a
946 1311 14 10 -,
1012 1287 23 22 H
1060 1289 100 22 Hanson
1175 1292 102 23 Turton.
1289 1297 2 17 :

692 1308 57 22 New
760 1309 126 29 Plymouth,
899 1311 62 28 April
970 1314 35 26 30,

815 1338 60 20 1844.
