2569 3989
35 154 73 24 £700
120 159 14 15 a
145 158 60 23 year,
217 147 74 25 which
301 147 30 23 he
343 145 92 25 deemed
445 145 61 30 quite
518 142 98 31 enough.

33 185 108 29 Viewing
151 182 119 27 therefore,
283 180 38 23 the
332 179 75 24 actual
419 177 114 24 condition
545 175 26 23 of
579 175 39 23 the

33 217 89 30 colony,
134 215 43 23 and
196 214 131 31 comparing
347 212 19 22 it
376 210 55 24 with
449 209 64 24 other
531 208 88 23 British

34 250 116 26 Colonies,
161 247 27 23 he
197 254 45 15 was
252 244 101 25 satisfied
365 243 47 23 that
421 243 114 28 £20,000
543 248 14 16 a
565 248 54 23 year

35 290 44 15 was
97 288 62 16 more
176 280 53 22 than
242 277 89 31 enough
343 276 33 23 for
395 276 30 22 its
437 274 59 32 good
514 274 105 23 Govern-

35 318 71 19 ment.

68 346 48 22 Mr.
130 345 82 23 Brown
224 342 56 28 said,
295 342 37 23 the
345 341 106 31 question
469 339 78 24 before
559 337 62 23 them

35 386 45 15 was
99 386 14 15 a
131 384 53 23 very
197 375 80 31 simple
297 381 42 16 one
350 382 5 20 ;
378 374 18 22 it
414 381 46 15 was
473 380 14 15 a
505 375 83 19 matter
600 369 24 23 of

35 410 97 32 pounds,
155 408 105 30 shillings
280 407 45 23 and
344 414 79 23 pence,
444 405 43 23 and
509 402 67 24 could
594 402 29 22 be

38 444 70 29 easily
120 440 135 26 understood
272 440 31 30 by
314 447 67 22 every
393 445 51 16 one.
479 436 34 24 At
529 436 38 23 the
579 434 44 23 end

38 477 25 22 of
73 475 92 24 another
176 481 52 23 year
235 473 39 23 the
285 473 157 22 Government
450 469 45 24 had
503 475 49 16 now
561 474 63 16 come

36 509 77 23 before
124 508 37 22 the
174 506 78 31 people
263 506 55 22 with
330 513 13 14 a
355 506 122 21 statement
488 501 25 23 of
522 501 38 22 the
572 504 53 26 past

38 549 66 22 years
116 539 158 27 transactions,
285 537 101 30 shewing
395 542 60 24 upon
465 534 64 23 these
541 540 30 15 an
581 540 43 14 un-

38 573 130 23 favourable
188 571 92 24 balance
293 570 24 23 of
335 568 104 32 upwards
457 567 25 22 of
501 567 124 27 £14,000,

38 607 44 22 and
95 606 82 29 asking
189 612 13 15 a
214 608 51 18 vote
276 603 25 23 of
312 602 116 27 £36,000
437 600 33 22 for
482 598 105 31 carrying
597 605 30 16 on

39 640 38 22 the
87 639 155 22 Government
249 636 35 22 for
292 635 39 22 the
341 637 92 20 current
445 640 61 23 year.
543 631 84 23 Before

40 672 100 29 forming
151 678 27 15 an
191 669 93 30 opinion
294 675 29 15 on
336 666 51 28 this,
398 666 62 22 there
468 672 46 15 was
524 664 104 23 however

41 712 28 15 an
82 704 122 29 important
212 701 103 31 question
324 703 22 19 to
358 699 28 23 be
395 697 101 24 decided.
532 695 97 25 Besides

43 737 38 22 the
101 735 101 32 question
216 734 23 22 of
258 732 148 31 expenditure
425 738 25 15 as
468 730 103 23 between
591 728 39 23 the

43 769 156 23 Government
211 766 43 23 and
266 765 37 23 the
322 764 87 31 people,
423 763 62 23 there
506 763 21 22 is
539 762 49 23 also
601 768 29 16 an

43 803 122 29 important
183 800 104 30 question
299 797 73 24 which
390 797 40 22 the
441 795 79 31 people
538 795 57 22 have
608 798 23 19 to

44 834 66 23 settle
124 841 25 15 as
170 835 105 27 amongst
293 829 144 28 themselves,
450 829 45 23 viz.
506 836 6 15 :
531 827 101 23 whether

45 867 60 22 their
118 873 47 16 own
179 864 75 25 affairs
266 871 38 16 are
315 864 25 22 in
352 862 57 23 such
421 869 14 15 a
446 861 114 23 condition
572 867 25 15 as
609 863 23 19 to

45 899 80 23 enable
145 898 60 22 them
217 902 22 18 to
258 903 44 24 pay
315 895 57 23 such
383 902 15 15 a
409 902 52 15 sum
473 894 25 22 of
513 900 83 22 money
608 899 25 15 as

45 939 50 16 now
108 930 70 24 asked
190 930 43 23 for.
270 928 25 23 If
304 928 39 22 the
354 926 81 32 people
445 933 37 16 are
494 925 49 23 able
557 929 22 18 to
589 930 44 24 pay

46 965 49 23 that
107 970 51 16 sum
169 963 26 22 of
212 968 89 22 money,
314 960 53 30 they
379 966 54 23 may
445 965 65 24 agree
523 961 22 19 to
558 956 28 23 do
600 963 33 21 so,

51 998 56 22 after
120 1004 12 15 a
145 995 64 24 strict
219 995 94 29 enquiry
325 993 48 23 into
385 991 39 24 the
436 990 114 33 propriety
562 989 26 23 of
597 988 38 24 the

50 1029 147 31 expenditure
205 1036 7 14 :
213 1040 32 3 —
247 1026 31 28 If,
287 1034 29 15 on
324 1025 38 23 the
370 1024 64 23 other
445 1022 68 29 hand,
522 1022 113 28 however,

51 1062 37 23 the
101 1061 78 32 people
191 1068 37 15 are
240 1057 101 25 satisfied
358 1057 49 23 that
418 1057 53 30 they
484 1063 38 16 are
532 1059 42 20 not
585 1054 51 24 able

49 1101 22 17 to
84 1103 43 22 pay
141 1094 36 23 the
189 1092 104 31 required
310 1098 59 20 sum,
383 1090 61 30 they,
457 1096 25 16 as
494 1096 14 15 a
520 1092 82 19 matter
614 1087 24 22 of

49 1135 87 20 course,
150 1126 69 30 ought
232 1130 38 18 not
280 1129 21 17 to
310 1123 100 31 promise
423 1127 22 18 to
455 1122 27 22 do
496 1129 33 15 so.
565 1120 72 23 From

50 1161 38 22 the
101 1164 89 19 returns
203 1158 24 23 of
237 1157 102 30 Exports
351 1155 44 24 and
408 1155 101 30 Imports
522 1154 34 22 for
571 1154 66 22 1843

51 1193 44 23 and
110 1193 64 23 1844
190 1191 49 31 just
251 1189 45 24 laid
308 1196 29 16 on
357 1188 38 23 the
408 1188 67 28 table,
489 1186 37 24 the
538 1186 66 23 value
616 1185 24 23 of

52 1226 91 23 articles
166 1223 111 31 imported
306 1222 35 23 for
371 1221 64 23 1843
463 1219 124 24 amounted
616 1222 22 19 to

50 1259 138 27 £159,214,
202 1256 43 23 and
258 1255 38 23 the
308 1254 104 31 Exports
423 1252 42 24 nil.

54 1301 47 22 The
118 1301 92 26 imports
228 1299 34 21 for
280 1297 45 22 this
342 1303 53 21 year
414 1295 91 27 already

80 1329 125 21 amountto
528 1319 113 27 £175,073

53 1354 90 25 Which,
165 1353 56 21 after
245 1350 122 26 deducting
386 1349 69 21 value
480 1349 28 20 of

80 1381 96 26 Exports
340 1391 19 16 #
565 1374 79 26 55,536

56 1434 86 21 Leaves
148 1440 11 14 a
164 1432 92 21 balance
264 1430 87 27 against
357 1429 37 21 the
400 1429 79 27 colony
486 1428 25 22 of
554 1426 90 27 119,437

149 1457 71 23 added
230 1461 22 17 to
262 1456 48 22 that
321 1456 26 21 of
360 1457 59 25 1844,
554 1454 91 25 159,214

59 1513 70 22 Make
139 1519 28 15 no
177 1511 43 22 less
230 1518 14 14 a
252 1518 50 14 sum
313 1509 54 22 than
554 1508 77 25 278,65

59 1553 85 23 Which
155 1556 61 20 must
224 1551 30 23 be
266 1550 109 31 regarded
388 1550 20 22 ci
420 1548 40 24 her
473 1557 25 14 as
510 1547 47 23 still
571 1548 76 29 owing

60 1591 22 18 to
95 1593 41 16 our
148 1585 114 27 creditors,
284 1591 24 15 or
320 1591 25 14 as
358 1590 23 15 so
395 1581 69 24 much
476 1581 60 23 sunk
548 1580 96 31 capital;

61 1619 43 23 and
117 1619 17 23 it
147 1619 18 22 is
176 1617 68 24 much
256 1621 23 19 to
292 1616 27 22 be
332 1615 77 23 feared
420 1614 48 24 that
480 1614 38 23 the
532 1613 80 30 colony
626 1613 20 22 is

61 1654 23 21 in
92 1660 14 15 a
114 1656 58 19 state
181 1651 24 23 of
214 1649 132 29 insolvency
355 1647 43 24 and
406 1652 40 19 not
458 1647 49 23 able
518 1651 21 19 to
549 1654 44 23 pay
602 1653 44 23 any

61 1692 51 16 sum
124 1684 25 23 of
164 1684 109 22 taxation.
322 1682 92 22 Certain
434 1681 18 22 it
470 1680 28 28 is,
521 1679 48 23 that
586 1679 62 23 there

59 1718 58 23 have
130 1725 24 15 as
165 1720 38 26 yet
214 1716 57 23 been
282 1722 29 16 no
332 1718 91 20 returns
444 1713 34 23 for
497 1720 43 23 any
562 1711 86 32 capital

62 1750 123 31 expended,
198 1748 44 24 and
253 1748 114 23 whatever
378 1754 52 15 sum
443 1753 32 16 we
487 1753 66 23 agree
567 1749 23 19 to
604 1753 44 23 pay

60 1785 24 22 in
97 1788 72 23 taxes,
181 1786 61 19 roust
254 1781 28 23 be
293 1780 51 32 paid
357 1784 38 18 out
409 1779 26 23 of
444 1786 41 16 our
498 1778 82 31 capital
592 1786 5 20 ;
612 1778 37 22 for

63 1816 50 24 that
125 1823 79 16 reason
217 1814 37 23 the
271 1813 148 31 expenditure
442 1812 24 23 of
481 1819 42 16 our
544 1811 105 23 Govern-

63 1853 64 20 ment
150 1848 69 30 ought
232 1852 29 18 -to
280 1847 28 23 be
328 1845 98 24 reduced
445 1850 23 18 to
491 1845 38 22 the
549 1844 100 23 smallest

63 1882 99 31 possible
176 1888 57 17 sum.
282 1879 40 24 He
332 1878 36 24 for
380 1886 51 20 one,
445 1878 73 23 would
531 1881 40 19 not
582 1884 69 23 agree

62 1921 23 18 to
95 1923 46 23 pay
151 1922 14 15 a
175 1914 74 31 larger
268 1920 51 16 sum
340 1912 54 23 than
416 1912 123 27 £20,000,
559 1910 44 22 and
626 1909 27 23 he

62 1948 75 23 would
157 1947 57 23 wish
232 1950 22 19 to
275 1953 37 15 see
334 1945 45 22 this
391 1948 54 27 part
456 1944 24 23 of
497 1943 37 23 the
546 1943 107 30 question

64 1980 93 24 decided
176 1979 75 23 before
271 1977 138 31 proceeding
430 1981 21 18 to
468 1976 52 22 deal
538 1976 56 22 with
615 1974 39 24 the

68 2012 80 25 details
160 2012 24 23 of
199 2011 38 23 the
248 2010 157 31 expenditure.

101 2045 51 25 The
165 2044 103 24 Colonial
281 2044 121 29 Secretary
421 2042 56 28 said,
490 2041 49 24 that
551 2040 54 23 with
617 2040 39 23 the

68 2078 136 32 probability
216 2077 23 23 of
255 2077 124 22 assistance
392 2076 59 22 from
466 2075 39 23 the
518 2074 78 24 Home
607 2073 49 24 Go-

70 2115 119 20 vernment
200 2111 19 23 it
230 2109 73 24 would
309 2109 29 23 be
348 2108 136 31 injudicious
494 2112 23 19 to
528 2107 82 24 reduce
619 2106 39 23 the

68 2144 184 24 establishments
264 2146 23 19 to
299 2150 26 15 so
336 2142 43 23 low
391 2149 29 15 an
433 2141 43 23 ebb
497 2148 25 16 as
542 2139 61 24 what
620 2139 38 24 the

70 2178 81 29 colony
164 2176 65 24 could
241 2183 53 24 pay.
331 2174 40 24 He
383 2174 122 31 compared
517 2173 46 23 this
578 2172 81 31 colony

72 2211 55 23 with
147 2209 72 24 South
237 2207 121 25 Australia
379 2207 45 23 and
445 2207 75 23 North
542 2206 116 29 America,

71 2244 44 23 and
129 2242 103 31 thought,
245 2240 203 31 notwithstanding
459 2240 38 23 the
508 2239 71 24 faults
592 2239 68 23 found

72 2277 55 23 with
141 2275 36 24 the
190 2275 163 27 Government,
372 2273 50 23 that
442 2273 37 23 the
501 2273 159 23 Government

72 2310 46 23 had
129 2310 57 22 been
198 2307 86 24 carried
296 2315 29 15 on
336 2306 69 24 much
418 2306 96 30 cheaper
531 2306 54 23 here
606 2305 55 24 than

72 2344 24 22 in
110 2342 64 24 those
186 2341 99 23 colonies
294 2348 6 20 ;
320 2348 33 15 we
371 2339 45 23 had
438 2339 37 23 the
487 2339 139 30 Aborigines
638 2343 23 19 to

74 2383 84 23 govern
170 2378 23 19 at
205 2382 13 15 a
226 2373 153 24 considerable
390 2376 56 25 cost,
457 2372 94 23 without
559 2371 104 31 deriving

76 2416 44 23 any
132 2414 96 17 revenue
240 2407 57 23 from
311 2406 61 23 them
381 2414 6 19 ;
414 2406 28 22 he
454 2405 97 30 thought
571 2405 18 23 it
609 2406 54 22 time

75 2440 93 32 enough
178 2444 22 19 to
212 2440 81 22 reduce
305 2439 38 23 the
356 2439 185 22 establishments
553 2438 21 23 if
583 2439 80 22 assist-

76 2482 56 15 ance
146 2473 35 23 did
194 2477 39 19 not
245 2473 72 22 arrive
329 2472 58 22 from
400 2471 38 23 the
459 2471 76 23 Home
558 2470 105 24 Govern-

78 2512 72 23 ment,
162 2510 22 19 at
195 2510 93 27 present
299 2504 56 23 such
367 2512 13 15 a
392 2512 79 15 course
484 2504 74 23 would
571 2503 94 24 weaken

78 2540 39 23 the
130 2540 162 22 Government.

112 2573 44 22 Dr.
169 2571 90 24 Martin,
268 2570 97 30 thought
376 2569 38 24 the
428 2570 104 23 Colonial
543 2570 122 30 Secretary

78 2606 46 22 had
136 2604 68 24 fallen
216 2611 59 23 upon
288 2611 13 15 a
319 2607 60 19 most
397 2603 108 30 unhappy
524 2604 142 29 comparison

79 2640 24 21 in
113 2641 94 27 support
218 2637 26 23 of
257 2636 39 24 the
308 2636 21 23 dt
339 2636 70 23 ctrine
431 2635 49 24 that
500 2644 13 15 a
533 2636 63 31 large
616 2635 50 24 Go-

80 2674 118 20 vernmpnt
210 2668 147 32 expenditure
376 2676 47 15 was
445 2668 119 24 beneficial
585 2672 22 19 to
629 2669 39 22 the

82 2704 88 30 colony.
207 2701 50 25 The
270 2701 148 31 expenditure
430 2701 25 23 of
465 2701 74 23 South
548 2701 121 23 Australia

82 2745 46 15 was
140 2741 22 18 at
174 2743 42 16 one
227 2736 55 23 time
293 2734 104 32 upwards
407 2734 26 23 of
441 2735 131 27 £160,000
585 2742 13 15 a
607 2741 62 24 year,

83 2771 42 22 but
137 2769 59 23 what
207 2776 45 15 was
265 2767 38 24 the
316 2771 58 19 state
386 2767 26 23 of
427 2767 38 23 the
485 2767 81 31 colony
586 2767 86 30 during

83 2803 49 23 that
144 2801 77 33 period
228 2801 10 23 ?
283 2800 51 24 The
352 2800 140 23 inhabitants
503 2807 57 16 were
572 2800 31 23 all
615 2807 56 16 con-

84 2835 108 32 gregated
212 2834 100 31 together
331 2834 23 22 in
374 2841 44 15 one
435 2833 63 30 large
520 2837 59 19 town
588 2842 7 20 ;
617 2834 55 30 they

84 2868 47 23 had
151 2867 108 31 certainly
279 2867 59 22 their
358 2866 99 23 theatres
469 2866 42 23 anJ
525 2866 59 23 their
595 2866 78 31 public

84 2901 93 28 houses,
189 2900 44 24 and
251 2899 118 30 gambling
389 2899 153 30 speculations
564 2900 26 22 of
605 2907 68 23 every

84 2934 59 23 kind
153 2940 59 16 were
222 2933 70 31 going
303 2940 37 21 on,
352 2933 42 22 but
406 2932 39 23 the
457 2932 80 30 colony
550 2940 47 15 was
615 2937 25 18 at
660 2941 14 15 a

86 2967 67 23 stand
163 2966 55 23 still.
263 2965 38 23 On
313 2965 39 23 the
365 2964 80 24 arrival
458 2965 25 23 of
499 2965 98 31 Captain
609 2965 64 31 Grey

84 3001 31 22 he
128 2999 92 24 ordered
230 2998 38 23 the
280 2997 149 31 expenditure
442 3002 22 18 to
485 2998 27 22 be
532 2998 99 23 reduced
651 3002 22 19 to

87 3032 129 30 something
233 3030 70 24 above
324 3034 83 27 twenty
422 3030 112 24 thousand
552 3031 90 31 pounds
661 3040 13 14 a

86 3074 55 22 year
150 3075 5 20 ;
174 3065 35 23 for
221 3072 24 15 so
257 3064 70 31 doing
338 3063 28 23 he
378 3071 46 15 was
437 3063 67 23 much
516 3064 94 29 abused,
629 3065 45 23 and

85 3100 37 22 ior
134 3107 14 15 a
157 3099 54 22 time
223 3096 105 24 obtained
339 3105 14 14 a
365 3096 43 24 bad
416 3104 73 21 name,
503 3096 41 24 but
553 3096 39 24 the
602 3098 73 23 result

87 3132 43 23 has
142 3131 64 28 been,
226 3129 51 24 that
287 3129 30 23 all
328 3130 95 23 ruinous
435 3129 44 23 and
491 3130 118 31 gambling
621 3138 53 23 spe-

88 3165 99 23 culation
199 3163 57 23 have
268 3162 79 24 ceased
359 3163 23 23 in
395 3162 73 24 South
489 3163 128 29 Australia,
637 3164 38 23 the

89 3197 63 23 work
165 3195 24 25 of
205 3195 148 23 colonization
364 3195 74 30 began
451 3200 21 19 to
484 3195 29 24 be
529 3197 146 23 commenced

87 3232 26 22 in
125 3232 96 25 earnest,
235 3228 73 23 South
320 3227 120 24 Australia
449 3229 20 22 is
481 3236 50 16 now
543 3236 30 16 an
582 3234 93 26 export-

89 3265 42 28 ing
150 3266 101 25 country,
270 3260 44 24 and
326 3268 42 15 one
379 3261 26 23 of
420 3261 38 23 the
468 3265 62 19 most
539 3262 138 31 flourishing

92 3296 101 25 cdonies
204 3295 24 22 in
240 3294 38 23 the
297 3293 108 23 southern
424 3294 152 31 hemisphere.
636 3295 40 24 He

91 3329 74 24 would
176 3328 28 24 be
216 3326 97 32 rejoiced
325 3330 23 19 to
360 3326 54 23 hear
426 3326 38 23 the
477 3327 104 24 Colonial
593 3328 82 24 Secre-

90 3368 51 25 tary
153 3368 94 25 propose
259 3359 38 24 the
308 3359 106 30 adoption
428 3359 24 23 of
467 3367 14 15 a
493 3360 86 23 similar
596 3369 81 16 course

90 3404 26 15 as
128 3393 107 32 regarded
247 3392 47 24 this
305 3392 88 30 colony.
431 3392 51 23 The
494 3393 148 30 expenditure
654 3394 25 24 of

91 3437 14 14 a
118 3429 155 22 Government
285 3424 111 32 appeared
409 3429 23 19 to
445 3424 47 24 him
513 3429 21 19 to
551 3426 29 23 be
602 3434 75 16 some-

92 3462 66 30 thing
179 3460 47 24 like
247 3458 49 24 that
319 3458 25 23 of
366 3465 13 16 a
402 3457 118 24 merchant
539 3466 26 15 or
588 3467 14 15 a
624 3467 53 15 man

90 3495 106 30 carrying
204 3500 27 16 on
242 3492 114 23 business.
392 3490 26 24 If
428 3490 37 23 the
478 3490 104 24 Colonial
595 3491 82 26 Secre-

89 3533 53 25 tary
163 3525 65 25 could
248 3532 69 24 prove
338 3528 24 19 to
379 3522 49 25 him
450 3523 49 24 that
519 3523 38 24 the
578 3532 63 16 more
665 3533 13 16 a

89 3560 120 24 merchant
225 3562 68 27 spent
313 3564 61 24 upon
395 3556 37 24 his
451 3556 173 24 establishment
641 3557 37 24 his

90 3594 110 29 counting
221 3590 71 25 house
314 3590 46 23 and
381 3589 85 29 clerks,
490 3589 39 24 the
545 3589 76 31 larger
642 3590 36 23 his

88 3626 81 32 profits
181 3624 45 24 and
237 3623 39 24 the
286 3623 74 23 better
378 3622 35 24 for
434 3622 36 24 his
488 3622 115 29 business,
623 3622 54 24 then

89 3658 75 25 would
175 3658 30 24 he
215 3661 51 20 vote
278 3656 35 23 for
325 3663 13 16 a
348 3655 63 31 large
423 3655 158 24 Government
592 3663 86 23 expen-

92 3693 73 23 diture
166 3703 33 6 —
200 3691 42 23 but
259 3690 25 22 in
301 3689 37 23 his
358 3688 93 31 opinion
471 3688 39 24 the
532 3688 97 31 cheaper
640 3689 38 23 the

92 3726 156 24 Government
260 3722 26 23 of
300 3730 14 15 a
325 3721 88 31 colony,
433 3721 38 24 the
492 3721 73 24 better
585 3721 36 24 for
640 3722 38 23 the

89 3758 89 32 people.
215 3756 25 24 If
250 3755 46 24 this
308 3755 81 30 colony
401 3754 66 23 could
478 3754 28 24 be
518 3755 115 30 governed
643 3755 36 23 for

90 3792 124 28 £10,000,
230 3797 25 16 or
273 3795 58 17 even
351 3787 98 29 £1,000
469 3795 15 15 a
499 3795 61 23 year,
574 3796 25 15 so
611 3787 67 24 much

92 3825 39 23 the
144 3823 72 23 better
226 3822 36 23 for
274 3829 68 22 every
353 3827 54 17 man
418 3820 25 23 in
454 3820 26 23 it.

126 3857 51 23 The
190 3854 104 25 Colonial
305 3853 123 31 Secretary
439 3853 121 24 remarked
573 3853 50 24 that
642 3853 38 24 the

91 3888 149 33 expenditure
252 3887 26 23 of
294 3886 74 24 South
378 3886 123 25 Australia
520 3886 35 24 for
577 3886 39 24 the
635 3886 45 24 last

90 3930 57 24 year
157 3929 45 18 was
216 3921 123 29 £29,000.

678 139 45 25 Dr.
738 138 87 24 Martin
836 135 105 25 assented
953 135 44 23 and
1007 133 119 24 remarked
1135 132 50 24 that
1193 132 39 23 the

647 173 156 23 Government
815 168 147 32 expenditure
979 167 24 23 of
1019 166 74 24 South
1114 164 119 24 Australia

647 205 71 31 ought
728 202 138 30 necessarily
879 201 29 23 be
919 204 90 27 greater
1019 199 56 23 than
1087 198 50 23 that
1148 196 26 24 of
1186 196 47 23 this

648 241 103 25 country,
774 234 38 23 the
833 241 43 16 one
896 233 68 30 being
984 240 13 15 a
1017 230 101 32 pastoral
1138 229 45 23 and
1195 228 39 24 the

649 270 64 23 other
724 275 29 16 an
767 265 146 32 agricultural
925 269 103 26 country.
1075 262 74 25 South
1169 261 65 24 Aus-

649 301 66 24 tralia
725 300 46 23 had
789 307 13 16 a
823 306 54 22 very
901 297 111 24 scattered
1032 295 139 32 population,
1191 294 44 23 and

649 332 106 32 required
766 340 14 15 a
790 332 63 31 large
864 330 73 31 police
953 328 174 25 establishment
1143 327 36 22 for
1197 326 38 23 the

649 373 99 24 purpose
771 365 25 22 of
821 363 128 32 protecting
969 362 38 23 the
1031 361 91 23 settlers
1144 360 24 22 in
1199 358 38 24 the

651 398 101 28 interior,
765 398 49 22 who
827 404 29 16 on
868 398 95 21 account
975 394 24 23 of
1015 393 59 24 their
1096 392 140 30 occupation,

651 431 95 30 tending
757 430 69 30 sheep
837 428 46 24 and
894 427 73 28 cattle,
980 430 63 20 must
1055 424 135 30 necessarily
1209 424 28 23 be

652 464 33 23 far
698 462 98 24 asunder
807 461 45 24 and
863 461 35 22 far
908 459 106 24 removed
1026 459 58 22 from
1096 457 38 23 the
1145 456 92 31 capital.

686 495 53 24 The
752 494 105 24 Colonial
871 493 120 29 Secretary
1010 491 49 23 said
1079 490 39 24 the
1139 496 100 24 expense

654 528 25 24 of
693 528 60 23 their
776 527 88 23 Border
889 525 78 24 Police
988 524 39 24 did
1049 528 41 19 not
1112 522 68 31 equal
1202 521 38 23 the

654 561 148 31 expenditure
814 560 23 22 of
854 566 42 16 our
908 558 117 23 Customs.

688 593 50 24 Mr.
753 591 95 25 Clifford
865 591 71 23 called
948 590 39 24 the
1005 589 111 24 attention
1128 588 25 23 of
1168 595 73 15 mem-

656 627 51 23 bers
727 630 22 18 to
769 625 37 23 the
826 624 167 23 consideration
1005 622 26 23 of
1046 621 38 23 the
1106 620 136 28 Estimates,

658 658 71 23 which
743 657 111 32 appeared
866 661 23 18 to
900 656 57 23 have
969 655 58 23 been
1042 654 112 29 forgotten
1166 653 25 22 in
1206 652 37 23 the

658 699 80 16 course
750 691 24 23 of
790 690 38 23 the
844 689 88 23 debate.
969 687 48 24 His
1035 685 141 31 Excellency
1195 685 49 23 said

658 725 49 22 that
719 724 28 23 he
758 722 72 24 would
841 726 41 19 not
893 720 126 24 undertake
1030 724 23 18 to
1064 718 71 24 break
1145 718 100 29 through

659 758 38 23 the
708 760 143 27 agreements
862 754 44 24 and
919 758 113 19 contracts
1044 752 73 23 which
1129 751 37 23 the
1178 750 68 23 home

659 793 149 28 government
825 788 45 23 had
888 787 65 23 made
973 786 45 24 and
1037 784 75 24 would
1126 783 24 24 of
1166 791 80 15 course

659 823 44 24 feel
723 821 142 32 responsible
888 821 41 28 for,
951 819 44 23 and
1016 819 24 23 in
1061 818 45 22 this
1126 816 29 23 he
1184 814 61 31 (Mr.

661 854 108 31 Clifford)
782 854 60 31 quite
855 852 116 24 coincided
983 852 54 23 with
1048 850 37 23 his
1096 849 150 29 Excellency.

662 888 50 23 The
733 891 60 19 most
809 887 105 29 pressing
932 885 105 30 question
1055 887 24 18 at
1097 882 37 23 the
1155 885 94 26 present

661 924 101 19 moment
774 926 53 20 was,
839 918 100 23 whether
951 924 34 15 we
997 915 81 24 should
1091 915 102 22 sanction
1211 913 38 23 the

662 952 131 31 imposition
811 950 24 24 of
851 949 71 24 direct
939 953 65 19 taxes
1023 955 61 24 upon
1105 955 12 15 a
1133 946 117 31 bankrupt

663 985 81 29 colony
755 984 48 23 like
824 982 46 24 this
870 995 33 3 —
905 982 27 23 he
944 981 98 30 thought
1059 979 57 24 such
1127 987 14 15 a
1159 979 91 23 scheme

664 1017 125 30 extremely
802 1016 94 28 unwise,
907 1015 78 23 before
1003 1014 54 29 they
1070 1012 65 24 could
1147 1012 69 30 adopt
1234 1012 18 22 it

664 1051 18 22 it
699 1050 75 23 would
785 1050 27 22 be
831 1056 119 22 necessary
969 1048 33 22 for
1021 1047 62 22 them
1096 1044 111 30 seriously
1229 1048 22 19 to

665 1082 104 24 consider
790 1082 37 22 the
849 1081 65 23 effect
935 1080 24 23 of
974 1080 26 23 it.
1037 1078 51 24 The
1108 1078 80 29 colony
1208 1076 45 23 had

665 1116 45 23 had
722 1115 113 24 sufficient
855 1113 132 24 drawbacks
998 1111 77 31 lately,
1094 1111 41 23 but
1145 1114 22 19 to
1183 1109 71 31 adopt

666 1149 46 22 this
723 1148 90 23 scheme
826 1146 74 24 would
911 1146 27 24 be
951 1150 22 19 to
993 1145 80 30 totally
1084 1147 114 27 prostrate
1216 1143 38 22 the

667 1181 81 30 colony
748 1193 33 4 —
783 1181 17 22 it
812 1179 74 23 would
897 1180 27 22 be
936 1179 85 23 known
1032 1178 31 30 by
1075 1177 38 23 the
1123 1176 133 30 soubriquet

668 1214 23 23 of
736 1213 37 23 the
785 1212 67 24 taxed
1004 1210 27 23 It
1041 1217 53 23 may
1106 1209 28 23 be
1145 1209 51 22 said
1208 1209 49 22 that

669 1247 45 23 this
727 1250 85 26 system
825 1245 25 23 of
866 1246 100 22 taxation
978 1244 20 23 is
1011 1243 52 30 only
1081 1241 115 32 .pioposed
1207 1249 25 15 as
1245 1249 13 15 a

670 1285 129 26 temporary
816 1285 111 21 measure,
945 1278 43 22 but
1004 1276 30 23 he
1052 1275 73 24 would
1137 1275 45 30 beg
1202 1273 54 24 hon.

669 1313 114 23 members
803 1316 23 18 to
849 1311 101 23 consider
962 1310 50 23 that
1033 1314 63 18 taxes
1108 1308 45 22 had
1173 1308 85 29 always

670 1346 59 23 been
746 1344 70 24 found
835 1348 22 19 to
870 1344 28 23 be
916 1351 62 16 more
997 1342 69 30 easily
1086 1341 46 23 laid
1153 1348 30 15 on
1204 1340 54 22 than

672 1379 69 23 taken
750 1378 37 28 off,
800 1377 44 23 and
856 1384 56 16 even
921 1376 19 23 if
950 1376 53 30 they
1016 1382 58 16 were
1086 1379 22 18 to
1119 1374 28 23 be
1156 1372 104 31 imposed

673 1419 28 16 on
720 1411 39 22 the
772 1409 184 31 -understanding
973 1409 51 22 that
1042 1407 53 31 they
1113 1414 57 16 were
1189 1410 22 18 to
1232 1405 28 23 be

674 1444 69 23 taken
757 1443 33 23 off
798 1443 66 30 again
877 1450 28 16 on
918 1442 37 23 the
967 1440 101 24 removal
1080 1440 25 23 of
1120 1440 38 23 the
1168 1442 93 28 present

673 1476 108 23 financial
798 1475 129 24 difficulties
945 1475 25 22 of
986 1474 37 23 the
1042 1477 157 27 government,
1217 1471 44 23 and

675 1517 57 15 were
745 1517 24 15 so
783 1508 69 23 taken
864 1508 34 22 off
912 1507 153 30 accordingly,
1084 1506 38 23 the
1133 1513 67 15 name
1216 1504 47 23 and

675 1543 38 22 the
734 1541 44 24 bad
801 1541 79 23 effects
901 1541 25 23 of
950 1541 39 22 the
1012 1544 86 26 system
1120 1538 76 24 would
1215 1537 48 23 still

676 1576 95 22 remain.
807 1573 40 24 On
858 1573 95 31 looking
966 1581 53 15 over
1039 1572 38 23 the
1090 1572 126 23 Estimates
1233 1570 30 23 he

675 1607 119 31 perceived
805 1606 38 24 the
856 1607 96 30 receipts
964 1605 26 24 of
1005 1605 39 23 the
1057 1605 79 30 colony
1145 1602 120 24 estimated

677 1645 22 19 at
710 1641 123 28 £22,000,
855 1640 45 22 and
910 1639 37 23 his
967 1638 141 30 Excellency
1127 1637 44 22 had
1191 1636 74 23 stated

678 1674 47 23 that
745 1673 29 23 he
786 1672 108 31 expected
915 1680 13 16 a
939 1671 89 24 further
1047 1678 51 16 sum
1110 1670 24 23 of
1149 1670 116 27 £10,000

677 1707 58 23 from
757 1706 38 23 the
814 1706 68 23 home
900 1708 156 28 government,
1078 1704 25 22 in
1119 1703 74 23 which
1214 1710 52 15 case

678 1739 53 31 only
748 1740 97 28 £4,000
857 1738 74 24 would
951 1738 28 23 be
991 1736 105 32 required
1115 1741 22 19 to
1150 1736 69 23 make
1236 1743 30 22 up

679 1773 38 22 the
730 1780 51 15 sum
793 1771 72 24 called
877 1772 34 22 for
922 1772 30 30 by
964 1771 38 23 the
1014 1773 157 28 government.
1209 1769 57 23 Now

679 1806 29 22 he
727 1805 39 23 did
785 1804 67 24 think
871 1805 56 28 that,
950 1804 90 23 instead
1061 1804 25 22 of
1110 1803 78 30 laying
1206 1801 60 23 fresh

681 1843 72 24 taxes,
766 1842 23 19 at
800 1846 13 15 a
832 1838 55 23 time
900 1842 35 19 too
953 1837 74 28 when,
1040 1836 58 23 from
1118 1842 92 16 various
1223 1842 45 15 cir-

681 1876 151 23 cumstances,
849 1871 39 23 the
901 1871 108 23 colonists
1026 1877 58 15 were
1096 1868 103 31 scarcely
1218 1867 50 24 able

682 1910 21 18 to
723 1909 60 18 meet
795 1904 38 23 the
853 1908 90 26 present
962 1903 75 23 duties
1054 1902 44 23 and
1116 1901 152 31 impositions,

681 1939 18 22 it
712 1938 73 22 would
797 1938 28 22 be
836 1945 64 15 more
912 1938 52 22 wise
983 1936 45 23 and
1039 1943 62 15 more
1119 1935 48 30 just
1181 1942 28 15 on
1232 1934 38 23 the

682 1974 52 27 part
746 1971 25 21 of
786 1970 38 22 the
833 1973 150 27 government
991 1974 21 18 to
1026 1972 36 18 act
1070 1975 24 15 as
1107 1975 27 15 an
1146 1966 124 23 honorable

682 2002 126 24 individual
826 2002 74 23 would
921 2002 28 22 do
969 2001 73 22 under
1063 2000 85 23 similar
1172 2000 98 21 circum-

684 2040 101 23 stances,
797 2035 44 23 and
852 2033 105 25 retrench
967 2033 78 24 rather
1053 2033 54 23 than
1116 2039 68 24 grasp
1198 2035 22 19 at
1228 2038 44 23 any

685 2076 87 20 means,
781 2075 28 16 no
819 2072 82 19 matter
908 2067 51 23 how
970 2067 103 27 ruinous,
1082 2066 34 23 for
1128 2065 38 22 the
1173 2071 99 24 purpose

685 2101 26 24 of
735 2101 104 31 carrying
862 2108 29 16 on
913 2108 13 15 a
949 2100 120 23 luxurious
1091 2098 181 24 establishment.

687 2134 40 24 He
740 2134 96 30 thought
849 2138 44 24 too,
912 2134 49 22 that
973 2133 38 23 the
1030 2132 110 32 principle
1152 2139 30 15 on
1202 2130 72 23 which

687 2167 38 23 the
738 2167 111 31 proposed
861 2172 63 18 taxes
936 2174 57 15 were
1004 2170 23 18 to
1040 2166 27 22 be
1079 2165 72 23 levied
1164 2171 46 16 was
1219 2163 56 23 both

687 2200 112 31 impolitic
819 2200 44 23 and
875 2199 78 32 unjust
953 2212 34 3 —
988 2207 14 16 a
1022 2199 67 23 Land
1101 2203 39 18 tax
1159 2199 24 22 in
1195 2205 14 15 a
1227 2203 48 16 new

689 2237 96 26 country
796 2233 112 32 appeared
925 2237 22 19 to
959 2232 49 23 him
1026 2237 23 18 to
1061 2233 28 22 be
1106 2235 169 27 preposterous,

689 2266 54 30 they
760 2267 72 29 might
849 2272 22 17 at
881 2266 59 23 least
956 2266 53 22 wait
1032 2265 59 24 until
1107 2265 38 22 the
1158 2263 53 24 land
1232 2262 44 24 hal

689 2299 90 31 yielded
790 2306 14 16 a
812 2299 68 31 profit
891 2299 76 23 before
978 2299 54 30 they
1044 2296 144 25 commenced
1199 2296 79 30 taxing

689 2334 28 22 it.
753 2332 51 23 The
817 2332 82 24 House
910 2336 40 19 tax
957 2339 45 16 was
1015 2332 48 23 also
1075 2339 29 15 an
1114 2328 164 33 objectionable

691 2371 49 22 tax,
753 2366 18 22 it
782 2373 45 16 was
839 2373 43 15 one
895 2365 24 23 of
934 2366 65 22 those
1011 2364 110 24 burthens
1135 2363 74 23 which
1221 2362 58 23 emi-

691 2402 80 27 grants
792 2399 97 31 rejoiced
909 2399 23 22 in
954 2399 117 29 believing
1090 2397 50 23 that
1161 2397 54 29 they
1235 2394 44 24 had

692 2432 88 23 thrown
800 2433 59 22 from
878 2432 58 22 their
955 2431 120 23 shoulders
1096 2430 35 24 for
1143 2437 54 16 ever
1215 2428 65 23 when

692 2465 54 31 they
759 2465 85 30 quitted
857 2464 108 30 England
974 2473 6 20 ;
1006 2464 45 23 and
1063 2472 56 15 even
1131 2463 38 23 the
1181 2461 66 25 mode
1260 2461 20 23 of

692 2498 93 31 levying
802 2499 26 28 it,
840 2505 26 15 as
884 2498 120 31 proposed,
1023 2497 112 32 appeared
1157 2501 22 18 to
1191 2496 49 23 him
1259 2500 22 18 to

692 2531 70 23 make
772 2532 18 21 it
802 2540 12 15 a
826 2536 40 19 tax
877 2538 61 23 upon
950 2531 101 31 decency
1062 2530 44 23 and
1118 2530 124 31 propriety,
1254 2528 28 23 he

694 2564 103 31 objected
818 2569 22 18 to
859 2564 39 23 the
917 2564 113 31 proposed
1051 2568 72 24 taxes,
1146 2562 96 31 looking
1261 2566 21 19 at

694 2597 63 23 them
776 2598 23 22 in
811 2604 68 23 every
900 2597 64 30 point
983 2597 25 23 of
1023 2597 65 28 view,
1110 2596 43 23 and
1174 2595 30 23 he
1221 2600 61 18 must

696 2631 67 29 again
785 2637 94 24 express
891 2630 35 23 his
945 2630 93 30 opinion
1059 2630 48 23 that
1125 2629 119 24 reduction
1261 2630 23 21 in

698 2663 38 23 the
744 2663 148 31 expenditure
903 2663 73 23 would
983 2663 28 23 be
1023 2663 39 23 the
1072 2663 50 23 best
1133 2662 45 24 and
1188 2661 96 24 readiest

697 2696 67 23 mode
776 2696 25 23 of
815 2696 102 30 meeting
929 2696 38 23 the
987 2696 119 30 difficulty.
1143 2695 40 24 He
1204 2694 82 32 agreed

698 2729 55 23 with
779 2729 38 23 the
839 2728 55 24 hon.
924 2729 115 23 members
1061 2729 45 23 Dr.
1131 2729 89 23 Martin
1243 2728 43 23 and

699 2762 49 23 Mr.
768 2762 84 23 Brown
870 2762 49 23 that
929 2762 19 23 it
964 2761 76 24 would
1051 2762 28 23 be
1098 2762 75 23 better
1193 2766 23 19 to
1236 2766 51 19 vote

700 2795 57 22 such
769 2802 13 16 a
795 2802 50 16 sum
858 2802 25 15 as
895 2795 37 23 the
945 2795 80 30 colony
1039 2795 66 23 could
1117 2794 71 24 afford
1202 2799 21 19 to
1235 2802 52 23 pay,

700 2828 45 22 and
756 2827 32 24 let
800 2828 37 23 the
851 2827 118 24 Governor
991 2828 118 23 distribute
1122 2829 17 22 it
1165 2827 68 32 (with
1251 2835 36 16 re-

700 2861 90 23 ference
809 2865 22 19 to
852 2861 39 22 the
911 2861 126 23 assistance
1058 2861 73 23 which
1150 2861 30 23 he
1200 2861 46 23 had
1267 2865 21 19 to

701 2898 82 26 expect
801 2894 58 23 from
879 2893 37 24 the
934 2894 67 23 home
1019 2894 170 32 government),
1212 2894 77 23 rather

701 2926 56 24 than
767 2927 36 23 for
814 2927 39 23 the
866 2926 97 24 Council
974 2931 23 19 to
1009 2934 30 23 go
1051 2928 47 22 into
1111 2927 37 23 the
1159 2928 76 22 items.

737 2959 50 24 The
800 2960 119 23 Governor
930 2961 24 22 in
966 2960 106 31 replying
1079 2964 23 19 to
1110 2961 37 22 the
1158 2964 132 26 arguments

702 2993 123 28 advanced,
844 2992 57 29 said,
922 2993 39 23 the
979 2993 125 23 honorable
1123 2994 114 22 members
1249 3001 40 22 ap-

701 3026 84 30 peared
797 3030 22 19 to
830 3026 68 23 think
910 3026 48 23 that
969 3026 19 23 it
997 3034 46 15 was
1063 3034 13 15 a
1095 3027 120 29 voluntary
1236 3027 55 22 offer

703 3059 26 23 of
753 3067 13 15 a
786 3059 42 23 few
849 3067 94 22 persons
966 3063 24 19 to
1013 3059 110 23 establish
1142 3059 46 23 this
1201 3059 88 30 colony.

703 3091 67 31 They
781 3092 84 23 looked
876 3096 23 19 at
910 3096 92 27 present
1014 3092 139 29 difficulties,
1169 3093 43 22 but
1223 3100 68 15 never

702 3125 83 23 looked
797 3125 92 23 behind.
936 3125 68 31 They
1024 3126 39 22 did
1075 3129 40 20 not
1126 3133 62 15 seem
1201 3129 22 19 to
1235 3125 56 23 have

703 3166 43 15 one
758 3158 70 30 spark
839 3158 27 23 of
880 3158 113 31 gratitude
1005 3162 24 19 to
1040 3159 39 22 the
1093 3158 75 23 Home
1186 3158 105 23 Govern-

703 3195 64 20 ment
790 3191 34 23 for
844 3191 39 23 the
903 3199 63 15 sums
988 3196 75 26 spent,
1082 3192 42 23 but
1144 3191 113 32 appeared
1270 3195 22 20 to

703 3223 69 24 think
785 3223 37 24 the
834 3223 80 31 colony
926 3223 44 24 had
981 3224 54 31 paid
1047 3224 39 24 all.
1134 3224 51 24 The
1206 3232 85 24 expen-

704 3256 74 24 diture
789 3256 45 24 had
844 3256 60 24 been
915 3256 71 30 large,
1007 3256 46 24 and
1072 3256 40 25 the
1129 3257 163 24 advancement

704 3289 27 24 of
757 3289 38 24 the
815 3289 82 31 colony
919 3296 45 16 was
988 3289 96 32 entirely
1106 3291 75 30 owing
1203 3295 22 19 to
1254 3290 39 24 the

705 3322 158 24 Government
872 3330 7 17 :
897 3322 29 24 he
937 3322 126 24 contended
1075 3323 50 23 that
1137 3323 37 24 the
1186 3323 106 24 Govern-

705 3360 64 19 ment
791 3355 148 31 expenditure
960 3355 46 23 had
1030 3356 57 22 been
1110 3355 38 24 the
1180 3364 68 16 cause
1271 3356 22 24 of

705 3389 135 30 emigration
863 3388 59 23 from
938 3388 39 23 the
998 3389 169 31 neighbouring
1183 3389 108 24 colonies.

706 3421 51 24 The
781 3421 78 23 Home
881 3420 158 24 Government
1061 3421 42 23 has
1125 3422 134 24 sanctioned
1280 3430 14 15 a

705 3455 64 30 large
781 3453 148 32 expenditure
936 3453 75 24 under
1032 3454 38 23 the
1088 3455 137 30 impression
1246 3455 47 23 that

704 3488 41 22 the
757 3487 79 31 colony
848 3486 67 23 could
925 3491 96 28 support
1041 3487 65 24 itself
1120 3487 46 23 and
1186 3488 41 23 the
1242 3495 52 16 sum

706 3520 68 23 voted
792 3519 45 24 last
856 3526 55 24 year
929 3519 37 23 for
983 3519 47 24 this
1046 3519 80 31 colony
1138 3528 46 16 was
1196 3522 97 28 £7,500

706 3553 62 30 only,
792 3556 22 19 to
834 3559 45 24 pay
899 3552 87 23 certain
1007 3552 103 24 salaries.
1156 3553 77 24 When
1256 3554 37 23 the

707 3586 78 25 Home
802 3585 157 23 Government
969 3586 114 22 ascertain
1094 3585 38 24 the
1152 3587 99 29 position
1272 3587 24 23 of

706 3618 39 24 the
757 3618 87 30 colony,
856 3618 20 23 it
887 3617 44 24 will
943 3617 72 24 either
1022 3618 99 24 advance
1128 3618 38 24 the
1173 3627 120 24 necessary

707 3651 133 28 assistance,
861 3658 26 15 or
906 3649 64 25 leave
992 3650 40 25 the
1054 3651 81 31 colony
1157 3660 14 15 a
1192 3660 57 23 prey
1271 3656 22 20 to

707 3683 107 31 anarchy,
827 3683 126 28 confusion,
964 3683 45 23 and
1019 3683 132 26 bloodshed.
1197 3685 40 24 He
1249 3693 45 16 was

706 3716 103 25 satisfied
819 3715 39 25 the
870 3715 88 25 British
969 3716 158 24 Government
1146 3718 75 24 would
1239 3726 55 24 sup-

708 3755 52 27 port
770 3749 38 24 the
820 3749 81 30 colony
911 3749 25 23 in
955 3749 132 31 preference
1107 3754 22 19 to
1150 3751 145 31 abandoning

708 3785 26 23 it.
782 3783 69 23 Some
863 3781 73 32 might
946 3781 68 24 think
1026 3782 38 24 the
1077 3782 80 31 colony
1174 3784 75 24 would
1267 3784 27 24 do

708 3818 75 23 better
793 3815 32 31 by
836 3815 86 31 having
932 3822 30 16 no
976 3814 164 30 Government,
1153 3816 46 24 and
1218 3817 76 24 others

708 3850 51 24 that
769 3850 89 23 £1000
870 3855 14 15 a
894 3855 54 23 year
959 3848 75 23 would
1046 3848 28 23 be
1085 3849 115 24 sufficient
1211 3850 35 24 for
1258 3851 38 23 the

709 3886 96 29 support
817 3881 24 24 of
857 3888 14 16 a
883 3880 166 25 Government.
1097 3881 39 24 He
1155 3883 94 30 pointed
1261 3891 28 16 ou

710 3916 38 24 the
760 3915 102 23 distance
875 3913 37 24 the
920 3914 91 23 various
1021 3914 141 25 settlements
1169 3923 60 17 were
1237 3916 59 24 from

528 55 99 45 aryc
652 52 121 43 Ncto
799 48 207 42 ZicaianiJ
1033 46 190 46 <Sa*cttr
1248 43 90 41 ana
1365 38 295 46 S»eUutgto»
1686 33 260 48 £ptctatm.

1260 130 53 25 each
1334 129 68 28 other,
1428 128 38 23 the
1485 128 136 23 intercouise
1641 125 107 31 required
1769 128 23 19 to
1808 125 31 22 be

1260 162 85 25 carried
1364 169 42 21 on;
1434 160 50 24 that
1505 160 97 23 efficient
1621 165 98 24 persons
1737 161 64 19 must
1810 157 29 22 be

1260 194 120 33 appointed
1391 198 22 19 to
1425 200 65 23 carry
1501 200 27 15 on
1548 191 56 24 such
1625 191 83 27 duties,
1729 189 44 23 and
1792 189 49 23 that

1261 229 52 29 they
1324 231 61 19 must
1401 226 29 23 be
1447 225 61 31 paid.
1553 224 25 24 It
1592 231 46 16 was
1661 227 39 18 not
1723 221 83 31 simply
1828 229 14 16 a

1261 262 153 23 Government
1432 259 25 22 of
1474 259 88 27 14,000
1572 266 6 20 ;
1604 264 35 16 we
1658 255 55 24 take
1735 254 38 23 the
1792 254 49 22 Go-

1262 296 116 21 vernment
1388 291 23 23 of
1428 292 104 27 100,000
1545 290 95 26 natives,
1663 288 45 23 and
1729 287 30 30 by
1780 294 63 15 some

1262 332 78 17 means
1352 331 24 16 or
1387 323 70 29 other,
1478 330 34 16 we
1528 327 63 19 must
1606 321 28 23 do
1655 328 27 15 so
1691 330 7 19 ;
1724 320 28 22 he
1777 318 65 24 coald

1264 365 77 17 assure
1354 356 37 23 the
1402 355 98 24 Conncil
1513 354 42 27 Ma.
1566 358 60 20 most
1649 354 96 23 anxions
1769 351 74 23 duties

1265 391 43 24 had
1315 389 113 24 reference
1440 393 23 18 to
1472 387 38 24 the
1521 387 86 23 natives
1617 395 6 20 ;
1638 387 65 22 those
1716 385 48 23 who
1777 384 67 23 think

1267 424 34 23 the
1313 422 128 24 Protectors
1451 421 96 27 useless,
1564 419 82 24 should
1654 420 32 22 sit
1698 419 23 22 in
1733 418 35 22 his
1781 417 65 23 office

1267 457 31 23 for
1310 462 42 16 one
1364 454 49 30 day,
1426 454 54 30 they
1492 452 70 24 would
1574 460 37 16 see
1630 451 50 24 how
1701 450 68 24 much
1788 449 59 23 their

1267 489 95 24 services
1380 494 57 15 were
1455 485 111 31 required.
1614 484 68 24 More
1701 483 26 24 of
1740 483 37 23 his
1796 480 52 33 (the

1268 518 126 30 Governor)
1406 520 54 22 time
1471 527 46 15 was
1525 517 109 31 occupied
1653 517 31 31 by
1701 517 39 22 the
1760 516 88 23 natives

1269 555 51 22 than
1333 553 27 29 by
1371 552 35 22 his
1418 559 49 16 own
1488 555 154 25 countrymen.
1691 549 57 23 This
1768 548 81 30 colony

1269 595 43 15 was
1324 584 102 24 different
1435 584 61 23 from
1507 591 42 23 any
1561 582 64 23 other
1638 582 82 30 colony
1729 590 6 19 ;
1748 582 25 21 in
1785 581 64 22 other

1270 619 95 24 colonies
1388 617 52 30 they
1464 617 69 23 either
1550 615 45 23 had
1613 615 43 22 few
1677 621 26 16 or
1721 621 30 15 no
1775 614 75 22 native

1270 650 134 34 population,
1429 657 25 16 or
1475 656 56 15 were
1562 647 124 31 supported
1708 647 30 29 by
1762 647 90 22 convict

1272 683 194 28 establishments;
1486 682 24 22 in
1529 680 47 23 this
1596 680 81 29 colony
1697 687 33 15 we
1747 678 59 23 have
1822 685 30 16 no

1272 718 60 30 large
1344 715 146 31 expenditure
1502 722 25 15 on
1538 716 95 20 account
1646 713 24 22 of
1688 712 164 27 Government,

1272 751 40 23 but
1320 758 14 14 a
1345 756 51 22 very
1406 748 63 30 large
1479 748 75 22 native
1564 746 142 31 population,
1719 744 45 24 and
1776 753 13 14 a
1806 744 47 23 dis-

1273 788 63 19 tance
1348 781 57 23 from
1418 781 77 23 Home
1507 779 47 24 that
1565 779 101 31 requires
1679 782 39 19 ten
1731 786 23 15 or
1774 777 81 23 twelve

1275 814 87 26 months
1374 818 21 18 to
1407 814 87 22 receive
1507 819 95 17 answers
1623 815 22 20 to
1666 811 89 23 letters.
1804 810 51 23 The

1277 849 73 24 Home
1363 847 154 22 Government
1526 844 132 24 considered
1676 843 31 23 all
1728 843 64 23 these
1811 844 45 22 cir-

1276 884 138 21 cumstances
1432 879 27 22 in
1482 878 107 29 selecting
1608 883 97 24 persons
1726 880 21 19 to
1764 876 35 23 fill
1818 876 38 22 the

1278 917 56 20 most
1346 913 122 29 important
1486 910 125 27 situations,
1632 908 123 31 especially
1775 909 24 21 in
1820 908 38 22 the

1277 945 96 25 Judicial
1385 944 145 31 department.
1577 942 37 23 He
1638 941 96 23 differed
1752 940 56 23 with
1820 941 39 22 the

1277 977 118 25 hanorable
1405 976 100 24 member
1517 974 55 32 (Dr.
1586 972 100 33 Martin)
1698 973 50 23 who
1769 973 91 23 seemed

1279 1017 21 18 to
1322 1010 67 23 think
1408 1009 48 23 that
1475 1009 38 22 the
1531 1008 75 30 salary
1623 1007 25 23 of
1672 1007 75 30 Judge
1771 1007 89 22 Martin

1280 1043 77 25 should
1370 1043 26 23 be
1407 1042 116 23 measured
1533 1041 32 30 by
1578 1040 37 23 the
1634 1040 91 22 income
1738 1039 24 23 of
1771 1039 89 30 profes-

1280 1076 71 25 sional
1360 1083 58 15 men.
1463 1074 47 23 His
1521 1073 71 23 honor
1604 1073 38 23 the
1654 1073 75 30 Judge
1738 1072 45 23 had
1793 1073 70 23 saved

1282 1110 42 24 this
1345 1108 78 30 colony
1439 1107 60 23 from
1516 1106 79 30 falling
1618 1106 48 23 into
1690 1113 69 22 many
1775 1106 87 23 serious

1282 1149 79 18 errors.
1408 1140 34 24 Of
1458 1140 31 23 all
1501 1140 35 23 the
1549 1139 88 23 officers
1648 1137 123 32 appointed
1783 1138 30 30 by
1826 1138 37 23 the

1284 1176 73 24 Home
1370 1173 152 24 Government
1533 1179 59 16 none
1604 1170 107 32 occupied
1724 1170 57 23 their
1789 1176 74 18 atten-

1284 1210 46 22 tion
1341 1216 24 15 so
1376 1206 75 29 much,
1465 1214 42 16 nor
1518 1205 36 23 did
1566 1205 54 30 they
1630 1204 47 23 feel
1689 1211 62 16 more
1768 1205 97 21 anxious

1284 1242 67 23 about
1369 1240 54 23 than
1442 1239 40 24 the
1501 1239 153 31 appointment
1673 1237 25 23 of
1721 1236 38 23 the
1783 1236 82 31 Judge,

1284 1273 38 32 (he
1334 1274 53 22 here
1397 1272 82 31 passed
1489 1280 14 15 a
1513 1279 53 23 very
1578 1271 54 30 high
1643 1270 116 30 eulogium
1780 1277 28 15 on
1830 1270 37 22 his

1285 1308 69 22 honor
1371 1305 73 31 Judge
1467 1304 97 31 Martin)
1587 1304 19 23 it
1623 1311 45 15 was
1691 1307 40 19 not
1742 1303 83 30 salary,
1837 1303 30 22 he

1286 1340 42 24 had
1340 1339 83 31 objects
1434 1339 24 22 in
1470 1338 60 27 view,
1544 1337 26 23 of
1585 1344 13 16 a
1609 1344 62 16 more
1689 1336 102 23 elevated
1812 1336 55 22 cha-

1286 1378 78 23 racter,
1387 1372 24 23 in
1431 1371 89 30 leaving
1535 1370 37 23 his
1590 1369 67 24 home
1680 1369 56 22 than
1755 1369 39 23 the
1806 1376 62 15 mere

1287 1406 82 30 receipt
1390 1405 23 23 of
1440 1403 74 31 salary
1523 1412 5 19 ;
1559 1403 19 23 it
1601 1402 73 23 would
1697 1402 29 22 be
1746 1402 81 31 unjust
1844 1406 24 18 to

1289 1438 102 24 interfere
1400 1437 53 24 with
1466 1437 38 23 the
1515 1436 74 30 salary
1601 1435 37 23 the
1651 1435 82 30 colony
1745 1435 44 23 had
1802 1442 68 16 never

1289 1472 58 31 paid,
1359 1478 40 16 nor
1411 1478 45 16 was
1468 1471 19 21 it
1494 1469 70 30 likely
1577 1473 22 19 to
1611 1468 28 22 do
1652 1476 25 14 so
1690 1468 46 22 this
1748 1476 62 23 year.
1848 1468 26 22 If

1289 1513 31 15 we
1333 1511 56 16 were
1399 1508 23 19 to
1434 1503 69 30 adopt
1519 1502 37 23 the
1577 1501 106 31 proposal
1703 1501 26 23 of
1750 1501 38 23 the
1808 1501 64 23 three

1290 1536 140 25 non-official
1441 1536 120 28 members,
1569 1542 32 16 we
1612 1534 83 23 should
1703 1534 106 23 interfere
1817 1534 56 23 with

1291 1570 92 24 salaries
1402 1569 53 31 paid
1486 1569 29 29 by
1541 1568 40 23 the
1604 1567 78 23 Home
1706 1567 166 23 Government.

1293 1602 53 24 Had
1357 1602 37 23 the
1406 1602 80 29 colony
1497 1601 96 23 hitherto
1614 1600 68 23 made
1688 1624 3 4 .
1703 1600 31 23 all
1752 1607 122 24 expences,

1291 1637 18 23 ifc
1320 1635 72 24 would
1400 1635 28 22 be
1440 1634 60 31 good
1511 1641 79 16 reason
1608 1633 52 31 why
1682 1640 33 16 we
1735 1633 82 23 should
1837 1640 38 16 see

1293 1669 58 23 what
1360 1669 37 23 the
1409 1668 81 29 colony
1508 1666 65 24 could
1593 1666 28 23 do
1632 1675 7 19 ;
1665 1666 40 23 the
1728 1666 81 30 colony
1831 1666 46 23 had

1294 1703 55 22 been
1360 1701 112 31 governed
1485 1701 29 29 by
1525 1700 37 23 the
1576 1700 125 22 assistance
1714 1699 24 23 of
1747 1699 40 23 the
1799 1699 78 23 Home

1295 1735 159 27 Government,
1477 1733 43 23 and
1540 1732 75 23 would
1637 1732 28 23 be
1689 1740 26 15 so
1735 1732 54 23 still.
1827 1732 51 23 The

1294 1767 119 24 honorable
1436 1766 98 24 member
1559 1765 44 24 Dr.
1628 1765 98 28 Martin,
1747 1765 47 23 had
1810 1765 70 30 given

1295 1802 71 22 notice
1380 1801 22 22 of
1418 1808 14 15 a
1443 1800 84 23 motion
1538 1803 23 19 to
1573 1798 82 23 reduce
1667 1798 40 23 the
1719 1798 87 30 Survej
1829 1798 50 23 De-

1295 1838 118 27 partment.
1453 1833 40 23 He
1506 1831 63 24 could
1581 1838 78 16 assure
1671 1831 39 23 the
1723 1831 97 24 Council
1831 1830 50 24 that

1298 1868 35 23 the
1344 1871 91 27 present
1447 1865 170 24 establishment
1630 1872 45 15 was
1689 1869 38 18 too
1738 1864 89 24 limited
1836 1873 7 20 ;
1856 1865 26 22 in

1298 1901 104 29 reducing
1414 1901 18 21 it
1445 1906 43 16 one
1501 1898 46 24 half
1558 1899 29 23 he
1597 1898 41 22 felt
1649 1898 30 22 he
1697 1897 46 23 had
1765 1898 59 22 done
1842 1897 39 23 the

1298 1934 78 34 cglony
1386 1941 26 14 an
1422 1932 76 31 injury
1507 1940 5 20 ;
1525 1932 37 23 the
1574 1935 60 19 want
1647 1931 25 22 of
1682 1938 28 15 an
1721 1931 99 22 efficient
1830 1938 52 15 sur-

1298 1974 41 22 vey
1351 1965 43 24 had
1412 1964 94 30 delayed
1517 1964 36 22 the
1565 1963 133 23 settlement
1715 1964 25 21 of
1754 1963 40 23 the
1815 1962 68 24 Land

1300 1995 114 28 Claims.-"'
1439 1997 41 22 He
1498 1997 72 29 agaifr
1683 1995 25 23 of
1735 1995 38 23 the
1796 1995 87 23 service

1300 2031 24 23 of
1339 2030 37 23 the
1398 2030 150 28 Proctectors,
1573 2028 43 23 and
1639 2028 31 30 by
1694 2035 49 23 way
1768 2028 26 23 of
1815 2028 68 23 illus-

1300 2064 83 30 trating
1399 2063 57 22 their
1468 2062 123 30 efficiency,
1604 2061 131 23 mentioned
1746 2069 14 15 a
1772 2068 51 16 case
1834 2061 56 27 that,

1301 2104 61 16 came
1380 2096 69 23 under
1467 2096 37 22 his
1522 2096 82 22 notice.
1640 2094 25 23 A
1682 2094 98 31 robbery
1799 2094 87 31 having

1301 2130 56 23 been
1369 2128 129 24 committed
1515 2129 28 30 by
1555 2136 14 15 a
1585 2127 97 23 number
1695 2127 24 23 of
1736 2128 88 22 natives
1844 2127 42 23 be-

1304 2163 90 30 longing
1413 2167 22 18 to
1449 2161 73 24 Matta
1538 2160 83 30 Matta,
1634 2167 29 16 on
1686 2160 38 23 the
1745 2164 106 27 property
1865 2160 24 23 of

1304 2195 85 24 several
1395 2202 94 24 persons
1496 2193 99 31 residing
1600 2200 23 17 at
1629 2193 66 31 Papa
1703 2193 75 29 Kura,
1785 2193 56 23 with
1849 2193 39 23 the

1304 2230 121 24 assistance
1434 2228 24 23 of
1467 2227 39 24 the
1517 2228 131 23 Protectors
1659 2226 29 23 he
1701 2234 46 15 was
1759 2226 97 24 enabled
1865 2230 23 19 to

1305 2261 65 25 make
1380 2266 166 26 arrangements
1556 2260 53 23 with
1618 2260 37 23 the
1664 2259 72 23 chiefs
1747 2259 48 24 that
1808 2259 30 23 all
1850 2259 39 23 the

1307 2299 102 28 property
1419 2294 82 23 should
1512 2294 24 23 be
1549 2292 101 24 restored
1660 2292 46 23 and
1718 2293 172 31 compensation

1307 2329 70 23 made.
1411 2327 66 24 With
1495 2331 88 28 respect
1599 2331 22 18 to
1634 2326 39 23 the
1693 2326 68 24 Land
1772 2327 117 23 Commis-

1307 2362 85 23 sioners
1397 2360 45 25 Dr.
1456 2360 86 23 Martin
1553 2360 45 23 had
1607 2359 101 24 referred
1718 2364 22 19 to
1750 2360 39 23 the
1797 2359 94 24 salaries

1307 2402 25 16 as
1343 2402 14 15 a
1367 2402 79 15 reason
1459 2393 51 30 why
1521 2393 38 24 the
1578 2393 130 23 settlement
1721 2393 25 23 of
1761 2393 38 23 the
1812 2393 79 23 claims

1308 2427 72 24 Would
1392 2427 26 23 be
1431 2426 98 31 delayed,
1542 2434 26 15 as
1581 2426 17 22 if
1608 2433 29 16 no
1650 2432 68 17 sense
1731 2426 24 23 of
1764 2426 73 23 honor
1850 2433 41 15 ex-

1308 2461 57 23 isted
1385 2460 23 23 in
1430 2459 155 24 Government
1602 2459 100 23 officers.
1745 2459 54 23 One
1818 2458 74 24 would

1311 2494 85 23 wonder
1405 2493 55 24 with
1469 2493 71 23 whom
1552 2493 38 23 the
1601 2492 125 23 honorable
1736 2492 101 23 member
1849 2491 43 23 had

1310 2527 59 23 lived
1390 2531 21 19 to
1430 2527 97 30 imagine
1545 2526 54 31 they
1610 2525 76 23 would
1698 2524 35 24 for
1752 2525 40 23 the
1803 2524 57 24 sake
1872 2524 20 24 ol

1311 2560 56 24 their
1388 2559 92 24 salaries
1500 2564 98 26 protract
1618 2558 60 23 their
1699 2558 83 24 duties.
1818 2558 77 30 Delay

1310 2593 44 24 had
1374 2593 57 23 been
1449 2592 132 24 occasioned
1601 2592 29 30 by
1640 2591 162 30 impediments
1813 2595 41 19 not
1872 2592 24 22 in

1312 2627 57 22 their
1381 2633 73 23 power
1466 2631 22 18 to
1498 2629 99 27 prevent,
1606 2623 42 32 (he
1660 2624 55 23 here
1727 2625 82 31 passed
1817 2632 14 15 a
1841 2623 55 31 long

1313 2659 110 31 eulogium
1436 2667 29 15 on
1477 2659 46 23 Mr.
1537 2657 84 32 Spain)
1630 2665 27 17 so
1670 2658 35 22 far
1714 2658 59 23 from
1785 2658 36 22 his
1834 2656 61 31 (Mr.

1312 2691 83 34 Spain)
1407 2693 98 29 wishing
1523 2696 22 19 to
1564 2696 108 26 protract,
1684 2691 30 24 he
1735 2691 109 24 tendered
1862 2691 36 23 his

1314 2726 137 31 resignation
1463 2729 23 19 to
1498 2725 45 23 him
1555 2723 51 32 (the
1618 2724 133 33 Governor)
1759 2726 25 22 in
1796 2725 102 29 January

1315 2760 49 28 last,
1378 2766 27 16 on
1417 2763 95 19 account
1521 2758 24 23 of
1554 2759 38 22 the
1604 2757 131 26 difficulties
1743 2759 25 24 of
1777 2759 37 22 his
1827 2758 71 23 situa-

1317 2794 52 22 tion.

1348 2827 43 22 Dr.
1400 2825 89 23 Martin
1501 2825 138 31 interrupted
1652 2825 38 24 the
1706 2826 129 27 Governor,
1856 2824 45 23 and

1315 2858 85 31 begged
1411 2863 22 18 to
1446 2862 59 20 state
1516 2857 49 25 that
1576 2858 28 23 he
1623 2859 45 24 had
1688 2868 29 15 no
1737 2860 74 22 desire
1831 2862 23 19 to
1874 2858 28 24 be

1317 2891 96 32 dragged
1435 2893 49 22 into
1507 2900 12 15 a
1543 2893 106 29 personal
1668 2893 93 30 quarrel
1781 2893 54 22 with
1853 2891 48 26 Mr.

1317 2926 77 31 Spain,
1407 2925 36 23 his
1455 2926 100 24 remarks
1568 2933 58 16 were
1635 2926 120 31 generally
1768 2926 92 31 applied
1880 2930 23 19 to

1317 2959 38 23 the
1367 2959 185 23 Commissioners
1566 2959 25 24 of
1606 2959 68 24 Land
1694 2960 95 28 Claims,
1809 2959 46 23 and
1865 2963 40 19 not

1318 2997 22 17 to
1350 2992 45 22 Mr.
1409 2992 72 30 Spain
1493 2992 113 31 specially,
1620 2992 45 23 and
1676 2992 31 23 he
1719 3001 45 15 was
1786 2997 41 18 not
1848 2999 55 24 pre-

1318 3025 67 31 pared
1396 3029 22 19 to
1431 3025 84 23 submit
1525 3030 22 18 to
1557 3025 57 24 such
1623 3033 29 15 an
1661 3025 156 31 unjustifiable
1827 3024 78 24 attack

1318 3065 25 16 as
1354 3057 36 23 his
1399 3057 139 32 Excellency
1551 3058 93 23 deemed
1656 3059 19 22 it
1687 3066 83 23 proper
1782 3063 23 19 to
1827 3058 77 23 make.

1351 3090 48 24 The
1413 3090 116 25 Governor
1542 3091 57 29 said,
1610 3091 39 23 the
1666 3091 126 24 honorable
1804 3091 103 23 member

1319 3123 71 24 would
1399 3123 55 24 have
1472 3131 30 16 an
1514 3125 145 31 opportunity
1671 3125 26 23 of
1715 3124 106 32 replying
1840 3124 68 24 when

1318 3157 29 23 he
1359 3164 43 16 was
1415 3157 66 23 done.

1352 3189 42 24 Dr.
1407 3190 89 23 Martin
1515 3190 80 30 stated,
1608 3191 51 24 that
1675 3191 30 24 he
1717 3191 75 24 would
1808 3192 54 23 wait
1872 3190 37 24 his

1319 3223 161 31 Excellency's
1491 3223 110 32 pleasure,
1613 3224 30 24 he
1654 3232 49 16 was
1716 3225 64 30 quite
1797 3223 113 32 prepared

1319 3261 22 18 to
1354 3263 93 22 answer,
1461 3256 46 23 and
1517 3257 65 23 could
1598 3257 56 24 bear
1666 3257 32 24 all
1715 3258 37 23 his
1764 3258 143 23 animadver-

1319 3289 62 24 sions
1392 3289 59 23 until
1463 3289 29 23 he
1504 3296 43 17 was
1560 3289 67 25 done.

1421 3326 44 24 (To
1478 3326 26 24 be
1515 3326 117 25 continued
1642 3326 26 24 in
1679 3335 43 15 our
1733 3328 75 23 next.)

2096 3852 79 17 Printed
2189 3852 38 17 and
2239 3850 103 23 published
2359 3853 56 16 every
2430 3843 104 21 Wednesday

1969 3874 92 19 morning,
2074 3874 24 20 by
2117 3873 87 17 Samum
2219 3874 91 17 Rjctaxs,
2328 3872 21 16 at
2363 3871 33 17 the
2411 3869 55 17 Office
2481 3867 20 16 of
2510 3867 24 13 tne

1971 3895 49 17 N«W
2034 3895 100 17 ZSALAJfD
2144 3895 95 16 OAZBTTB
2251 3898 44 12 AND
2307 3893 139 17 WELLINGTON
2462 3889 72 16 BtMCtt-

1940 3928 6 7 r
1970 3919 46 15 tor,
2026 3915 160 21 UuMp-ftrMt,
2194 3915 118 20 Wellington,
2327 3914 44 17 Port
2385 3910 103 20 Nicholson,
2501 3909 33 14 «**

1955 3941 11 11 v,
1971 3936 87 20 Zealand.

1418 3442 131 15 CORRECTED
1564 3443 30 14 UP
1608 3443 29 15 TO
1652 3431 59 40 &Jb«
1728 3443 82 15 NIQHT.

1322 3492 49 22 Ale
1378 3499 6 14 :
1397 3498 40 21 per
1446 3490 50 22 hhd
1516 3505 5 6 .
1526 3504 5 7 .
1542 3481 136 43 .j.i^o^O
1706 3493 15 20 0
1748 3493 14 20 0
1781 3506 6 6 .
1794 3507 5 5 .
1818 3494 15 20 0
1861 3493 15 21 0
1902 3494 14 20 0

1496 3514 180 34 pepbw:rel%i^t)
1705 3520 14 20 0
1747 3521 14 19 0
1780 3533 19 6 ..
1818 3521 15 20 0
1861 3521 15 19 0
1903 3521 14 20 0

1497 3540 153 37 per'dtog^
1665 3545 55 22 011
1750 3547 14 21 0
1783 3560 18 6 ..
1820 3549 15 19 0
1850 3548 26 20 13
1904 3548 12 20 0

1400 3572 31 22 N.
1441 3571 27 22 Z.
1481 3578 38 20 per
1527 3567 118 31 gallmßfi
1664 3574 15 20 0
1707 3573 14 21 2
1749 3575 14 19 0
1784 3587 5 7 .
1796 3587 6 7 .
1820 3576 14 19 0
1864 3575 13 20 0
1905 3575 12 19 0

1322 3601 98 21 Arrack
1430 3606 5 14 :
1450 3599 45 21 Per
1503 3599 42 26 gal.
1556 3598 26 22 in
1590 3598 63 22 bond
1667 3601 16 19 0
1711 3601 12 19 1
1751 3601 14 21 6
1784 3614 5 6 .
1796 3614 7 6 .
1821 3603 14 19 0
1864 3603 13 20 2
1905 3601 14 20 6

1322 3628 91 21 Bread:
1430 3625 44 23 Per
1483 3625 43 23 2lb.
1537 3625 53 22 loaf
1668 3628 15 20 0
1709 3627 17 21 4
1752 3629 14 20 0
1784 3641 20 7 ..
1822 3629 14 21 0
1864 3630 14 20 0
1905 3629 14 19 0

1312 3655 83 25 ,Beef:
1411 3652 79 27 Fresh,
1509 3659 90 15 carcase
1614 3659 42 20 per

1312 3692 12 14 %
1437 3679 24 22 lb
1663 3682 14 20 0
1707 3681 12 19 0
1749 3683 13 19 8
1782 3695 19 7 ..
1820 3684 16 20 0
1864 3684 13 20 0
1893 3683 24 21 11

1312 3707 4 7 '
1429 3705 55 28 Salt,
1494 3712 38 21 per
1545 3706 71 22 tierce
1630 3720 6 6 .
1643 3720 6 6 .
1669 3709 10 19 1
1698 3709 27 21 10
1752 3711 14 19 0
1784 3723 6 6 .
1797 3723 6 6 .
1821 3711 15 20 3
1864 3711 14 20 0
1905 3711 13 19 0

1323 3735 106 23 Butter:
1446 3733 66 28 Irish,
1521 3740 41 21 per
1571 3733 31 22 lb.
1627 3736 53 20 ..'0
1709 3736 15 20 0
1750 3737 14 19 9
1784 3750 18 6 ..
1821 3739 14 19 0
1867 3738 8 20 1
1907 3737 13 21 0

1311 3763 8 27 \
1443 3760 71 22 Fresh
1669 3763 15 20 0
1713 3763 10 19 1
1753 3764 14 20 6
1785 3777 19 6 ..
1824 3765 13 19 0
1866 3765 14 19 0
1907 3764 14 20 0

1311 3795 5 17 \
1321 3789 83 23 Brand
1409 3796 12 14 if
1429 3795 5 15 :
1450 3787 60 23 First
1516 3787 93 34 quality,
1617 3794 41 21 per

1313 3824 8 12 \
1471 3814 75 28 gallon
1556 3814 26 22 in
1589 3813 64 23 bond
1667 3817 15 19 0
1700 3815 40 23 '.6,m
1752 3818 15 20 0
1785 3831 19 6 ..
1822 3819 15 20 0
1866 3817 14 22 7
1907 3819 14 19 6

1324 3843 85 22 Brown
1430 3842 87 22 Stout:
1539 3848 43 21 per
1593 3840 57 22 hhd.
1665 3842 14 20 5
1709 3844 14 20 0
1750 3844 14 21 0
1783 3858 19 6 ..
1824 3845 55 21 610
1908 3846 12 20 0

1324 3871 101 21 Cigarb:
1437 3869 103 27 Manilla,
1548 3874 42 21 per
1594 3869 64 26 1000,
1725 3883 8 9 r

1471 3895 26 22 in
1506 3895 144 22 b0nd......
1668 3892 137 25 2^Mfckt..
1824 3899 14 19 3
1867 3899 14 20 0
1908 3900 13 19 0

1432 3921 171 26 Chinsurahptr
1609 3922 41 20 100
1671 3923 12 18 1
1701 3918 106 38 'fw^S..
1825 3924 14 20 0
1867 3926 15 19 0
1909 3926 20 20 0-

1867 120 90 22 Coffee
1965 125 6 15 :
1983 117 66 24 Java,
2059 122 41 19 per
2108 114 24 22 lb
2219 114 14 19 0
2263 112 13 20 0
2304 112 14 19 6
2337 123 19 7 ..
2374 110 14 19 0
2417 110 13 19 0
2458 109 14 19 0

1869 148 105 20 Cheese:
1989 143 109 21 Chestoe
2165 140 69 21 ...0
2263 139 93 18 14..
2374 137 14 19 0
2417 136 14 46 J
2459 134 13 47 J

1989 191 116 27 Dutch.:.
2220 192 14 20 0
2263 192 13 19 0
2305 190 14 20 8
2337 202 19 7 ..
2375 188 14 20 0
2418 189 13 19 0
2447 188 27 20 10

1979 222 31 22 N.
2022 220 110 27 Z.perlb
2218 219 13 20 0
2262 218 10 19 1
2302 216 14 20 6
2337 228 19 7 ..
2375 215 14 20 0
2417 215 15 20 0
2460 216 14 19 0

1872 251 120 21 Candle,:
1999 247 98 27 English
2104 252 58 20 wax,
2169 251 41 21 per
2220 272 14 19 q
2263 270 13 20 2
2305 269 14 20 3
2377 268 13 20 Q
2419 268 15 20 3
2462 268 13 20 g

1982 286 150 40 Sperm....!
2221 298 14 19 0
2265 296 9 20 1
2293 296 28 20 10
2338 307 20 8 ..
2377 295 14 19 0
2420 294 14 20 3
2463 295 13 19 0

1982 322 82 28 Mould
2220 324 14 19 0
2264 323 13 20 0
2307 322 13 19 6
2338 334 20 7 ..
2377 321 14 20 0
2420 321 15 19 0
2463 321 13 19 8

1984 354 57 27 Dips
2220 350 15 21 0
2264 350 13 19 0
2306 348 13 20 i
2338 361 20 7 ..
2377 348 14 19 0
2420 347 14 18 0
2462 348 14 18 0

1875 382 93 22 Flour:
1978 382 35 19 Ist
2018 379 94 28 quality,
2123 385 42 21 per
2169 380 40 18 ton

1998 406 26 22 of
2035 407 54 20 2000
2098 405 35 20 lbs
2205 402 26 22 15
2261 403 13 19 0
2304 402 13 19 0
2337 401 54 20 ..16
2422 401 14 19 0
2464 402 12 18 0

1976 433 46 22 2nd
2033 432 54 21 ditto
2223 430 13 19 0
2267 430 12 19 0
2309 428 14 20 0
2341 440 18 6 ..
2380 427 14 19 0
2422 427 14 19 0
2464 428 13 19 0

1877 461 76 23 Flax:
1970 460 28 21 N.
2010 460 26 21 Z.
2047 465 39 20 per
2095 460 38 18 ton
2158 455 78 22 ....15
2267 456 13 19 0
2308 455 15 20 0
2342 467 19 7 ..
2379 453 13 20 0
2421 453 15 20 0
2464 454 12 19 0

1904 488 74 21 Do.—
1980 484 133 23 onboard—
2114 482 120 28 pressedl7
2265 482 13 19 0
2307 481 14 20 0
2340 493 19 9 
2378 479 14 20 0
2421 480 13 20 0
2464 481 12 19 C

1879 515 61 21 Gin:
1961 513 54 22 Pale
2033 512 24 21 in
2067 510 60 22 bond
2226 509 13 19 0
2269 508 14 20 3
2312 508 13 20 6
2344 519 18 7 ..
2381 506 14 20 0
2423 505 14 20 5
2465 507 13 19 6

1929 541 62 25 Case,
1999 540 16 20 4
2022 538 36 28 gal
2067 537 38 21 4-5
2113 536 25 21 in
2147 534 63 23 bond
2225 535 11 19 1
2268 535 13 19 0
2311 535 50 19 0..
2382 533 11 18 I
2423 533 14 18 5
2466 534 12 18 0

1881 567 81 21 Hams:
1978 564 131 25 Yorkshire,
2123 569 42 21 per
2173 561 23 21 lb
2206 576 5 6 .
2227 562 14 20 0
2271 561 14 19 0
2314 559 12 21 5
2345 573 19 6 ..
2384 560 13 19 0
2425 559 14 19 0
2465 559 12 20 7

1963 592 21 23 N
2004 592 27 22 Z.
2042 597 40 19 per
2092 590 23 21 lb
2228 589 14 20 0
2271 588 14 19 0
2314 587 14 19 0
2346 599 19 6 ..
2385 586 13 20 0
2426 585 15 19 0
2467 585 12 20 5

1881 620 129 22 Mustard:
2026 618 43 21 Per
2079 616 71 22 dozen
2165 628 45 7 ....
2229 616 14 19 0
2260 614 27 20 16
2315 614 14 19 0
2347 625 18 7 ..
2385 613 14 19 0
2415 611 26 20 18
2469 614 12 18 0

1881 647 103 22 Mutton
1992 654 5 13 :
2020 645 94 20 Carcase
2123 648 42 21 per
2173 641 24 21 lb
2208 656 6 6 .
2230 642 13 20 0
2272 641 14 19 0
2315 640 14 20 7
2347 653 5 5 .
2359 652 6 6 .
2385 639 14 19 0
2427 639 14 19 0
2468 639 12 19 9

1882 674 124 21 Muskets:
2022 669 95 22 Walnut
2123 667 94 22 stocked
2231 669 14 19 0
2262 667 24 21 15
2316 667 14 20 0
2347 679 19 7 ..
2387 665 11 21 1
2428 665 14 20 0
2471 667 12 19 0

1883 700 78 21 Milk:
1978 697 100 27 Perpint
2231 695 14 19 0
2272 695 15 19 0
2315 693 14 20 2
2347 705 19 7 ..
2386 693 14 19 0
2428 692 14 19 0
2469 692 12 20 3

1883 727 94 21 Maize:
1992 731 41 21 per
2043 722 80 23 bushel
2138 734 73 9 ......
2232 722 13 19 0
2273 721 15 20 3
2316 720 14 20 0
2349 732 19 7 ..
2387 719 14 19 0
2428 718 15 20 3
2470 719 13 19 6

1884 754 44 21 Oil
1936 761 5 14 :
1957 750 107 25 Linseed,
2074 755 40 21 per
2123 747 78 28 gallon
2211 749 36 19 .0
2274 748 14 19 6
2316 747 15 19 6
2349 759 5 7 .
2361 759 7 7 .
2387 745 14 20 0
2428 745 14 19 7
2470 745 13 19 6

1959 778 79 25 Black,
2042 776 25 22 in
2072 775 176 26 cask,pertonlB
2276 774 15 20 0
2319 773 14 19 0
2350 772 52 20 ..20
2430 771 14 19 0
2471 772 12 19 0

1994 806 81 25 Sperm
2215 801 28 21 50
2271 800 14 19 0
2314 799 13 19 0
2346 798 52 22 ..75
2427 797 14 19 0
2469 798 11 18 0

1886 834 65 21 Pork
1958 839 5 14 :
1978 830 79 27 Fresh,
2076 834 90 16 carcase
2181 834 41 21 per
2457 836 9 3 -

2003 858 31 21 lb.
2233 855 14 19 0
2274 855 16 19 0
2317 854 15 20 0
2349 864 19 8 ..
2387 853 14 19 0
2430 852 14 19 0
2471 851 13 21 4

1888 886 76 21 Pork:
1982 884 66 26 Irish,
2058 889 41 20 per
2109 880 76 22 barrel
2197 894 18 6 ..
2235 881 14 19 0
2276 881 15 19 0
2319 881 14 18 0
2351 891 19 7 ..
2389 878 15 20 4
2419 877 25 21 10
2472 879 12 19 0

1970 911 29 21 N.
2011 910 26 22 Z.
2233 907 15 20 2
2264 907 26 20 10
2317 907 14 19 0
2348 917 20 8 ..
2387 905 14 20 8
2429 905 14 19 0
2471 905 12 19 0

1889 938 132 21 Potatoes:
2042 935 56 22 New
2114 933 111 26 Zoaland,

2067 968 41 20 per
2117 963 39 18 ton
2171 973 46 7 ....
2236 959 15 20 4
2279 959 14 20 0
2322 959 13 20 0
2352 971 6 7 .
2366 971 6 7 .
2391 958 14 20 6
2432 958 14 20 0
2474 959 11 19 0

1890 992 95 21 Porter
1993 997 6 14 :
2030 988 103 25 Dunbar,
2144 987 26 21 in
2177 986 48 21 hot.

2059 1022 40 20 per
2110 1013 42 22 doz
2238 1013 14 20 0
2280 1012 15 20 9
2322 1013 83 19 0..0
2432 1011 14 20 0
2473 1012 13 19 0

1999 1043 87 26 Bryant
2097 1039 46 23 and
2153 1039 72 22 Davis
2239 1040 14 19 0
2280 1039 15 19 9
2323 1039 13 20 0
2354 1051 18 6 ..
2392 1039 14 19 0
2434 1038 14 20 0
2474 1039 12 18 0

1892 1071 115 22 Pickles:
2039 1066 119 27 Assorted,
2189 1072 40 21 per

2065 1095 58 25 doz.,
2149 1095 78 25 quarts
2241 1093 14 20 0
2270 1091 27 21 15
2325 1093 13 19 0
2356 1104 19 7 ..
2394 1092 14 19 0
2422 1090 26 22 17
2476 1091 10 19 6

1892 1124 75 22 Pitch
1980 1130 5 14 :
2019 1120 140 27 Stockholm,
2189 1126 42 20 per

2042 1147 74 23 barrel
2242 1146 13 20 2
2285 1146 13 20 0
2326 1145 13 20 0
2358 1157 18 7 ..
2394 1145 15 19 0
2436 1145 13 19 0
2476 1145 12 19 0

1895 1177 94 22 Plank:
2018 1175 54 22 Port
2095 1173 136 26 Nicholson,

2044 1208 40 21 per
2094 1202 41 20 100
2144 1200 48 21 feet
2206 1213 5 7 .
2219 1213 5 6 .
2244 1199 13 21 0
2286 1199 14 21 6
2328 1199 13 19 0
2359 1211 6 6 .
2372 1211 6 6 .
2396 1197 54 21 010
2477 1199 11 19 0

1895 1230 59 21 Rice
1960 1237 5 14 :
1978 1229 111 21 Common
2098 1234 41 20 per
2145 1229 51 19 cwt.
2207 1239 18 7 ..
2246 1227 14 19 0
2274 1226 28 20 10
2330 1225 13 20 0
2361 1237 18 7 ..
2398 1225 14 19 0
2439 1225 13 19 0
2478 1227 12 17 0

1979 1255 67 22 Good
2245 1254 13 19 0
2273 1252 27 20 15
2330 1252 49 19 0..
2398 1252 14 19 0
2439 1251 13 19 0
2479 1253 11 18 0

1897 1283 55 21 Rum
1959 1290 5 14 :
1982 1283 25 21 P.
2018 1282 26 21 B.
2057 1281 33 25 P.,
2105 1287 40 22 per
2155 1279 79 27 gallon

2020 1309 23 21 in
2058 1307 62 22 bond
2247 1307 15 19 0
2288 1305 15 21 4
2330 1305 14 19 3
2362 1317 18 6 ..
2399 1305 14 19 0
2440 1305 13 19 0
2479 1305 13 19 0

1897 1337 90 21 Sugar:
2005 1335 120 22 Mauritius
2136 1340 41 20 per
2185 1336 50 18 cwt.
2251 1334 14 19 0
2293 1333 13 19 0
2334 1332 50 20 0..
2417 1337 57 14 none

2007 1363 83 21 Brown
2104 1360 57 22 ditto
2245 1361 13 19 0
2288 1360 14 19 0
2330 1357 82 21 0..0
2441 1358 12 20 0
2480 1360 12 18 0

2008 1387 98 24 Refined
2122 1387 55 26 loaf,
2196 1393 40 20 per

2036 1415 22 22 lb
2249 1414 14 18 0
2292 1413 13 19 0
2333 1411 12 20 5
2365 1424 18 7 ..
2402 1412 13 19 0
2443 1412 13 19 0
2482 1413 12 19 6

2011 1441 98 23 Manilla
2127 1448 41 19 per
2182 1443 49 19 cwt.
2249 1440 11 20 1
2290 1441 14 18 0
2332 1439 13 19 0
2363 1450 19 7 ..
2402 1438 10 19 1
2446 1438 9 20 1
2483 1440 11 18 6

1900 1471 74 20 Salt:
1991 1468 127 27 Liverpool,
2128 1474 42 21 per
2180 1470 40 18 ton
2229 1467 35 20 .15
2293 1467 13 19 0
2334 1466 13 19 0
2366 1464 51 20 ..18
2445 1465 12 19 0
2483 1467 12 19 0

1901 1498 60 21 Soap
1970 1504 6 14 :
2004 1495 103 22 Hawes's
2130 1494 106 25 London,

2029 1529 40 18 per
2077 1524 39 19 ton
2236 1520 29 20 40
2293 1519 14 20 0
2335 1519 14 19 0
2367 1531 18 6 ..
2405 1519 13 19 0
2446 1519 13 19 0
2486 1521 11 17 0

2022 1547 122 27 Liverpool
2237 1546 28 21 35
2295 1547 13 19 0
2337 1546 13 19 0
2367 1558 19 6 ..
2405 1545 13 19 0
2445 1545 13 19 0
2486 1547 11 18 0

1904 1577 104 22 Starch:
2025 1575 75 22 Perlb
2253 1574 14 20 0
2297 1573 12 19 0
2337 1571 13 20 5
2369 1584 18 7 ..
2406 1572 13 20 0
2446 1573 13 19 0
2486 1573 12 19 0

1904 1604 145 21 Scantling:
2065 1601 44 22 Per
2116 1601 40 21 100
2166 1600 68 22 feet-.
2254 1601 14 19 0
2298 1599 13 20 6
2338 1599 14 19 0
2370 1611 19 6 ..
2408 1599 13 19 0
2448 1599 14 19 8
2488 1601 11 17 0

1905 1631 129 21 Shingles:
2050 1628 43 22 Per
2100 1629 64 24 1000,
2173 1627 30 21 N.
2211 1626 27 22 Z.
2254 1627 14 20 0
2297 1627 14 19 6
2338 1626 14 19 0
2370 1638 19 6 ..
2408 1626 12 19 0
2436 1625 26 20 10
2488 1627 11 19 0

2036 1655 72 26 Ditto,
2130 1654 29 21 V.
2171 1653 30 22 D.
2212 1653 27 21 L.
2254 1654 14 19 0
2298 1654 13 19 0
2339 1653 13 19 0
2370 1665 5 6 .
2383 1665 5 6 .
2408 1652 13 19 0
2438 1652 23 20 12
2486 1653 13 19 0

1905 1685 63 21 Tar:
1985 1683 55 22 Coal
2255 1680 12 19 1
2298 1681 13 19 0
2339 1679 13 19 0
2371 1691 18 7 ..
2411 1679 10 18 1
2450 1679 12 19 5
2488 1681 12 18 0

1989 1708 131 23 Stockholm
2257 1707 14 21 2
2300 1707 13 19 0
2341 1706 13 20 0
2372 1719 19 6 ..
2410 1707 13 19 0
2451 1706 13 19 0
2490 1707 11 18 0

1907 1738 63 21 Tea:
1980 1737 82 25 Hyson
2067 1735 56 26 skin,
2129 1742 41 20 per
2180 1734 64 22 chest
2257 1734 14 20 4
2300 1734 14 20 0
2341 1733 14 19 0
2373 1744 19 8 ..
2411 1733 12 19 6
2451 1733 13 19 6
2491 1734 11 18 0

1984 1764 95 25 Congou
2257 1761 14 20 8
2300 1761 14 20 0
2342 1761 13 19 0
2372 1759 51 20 ..13
2451 1761 13 18 0
2490 1761 12 18 0

1908 1791 121 22 Tobacco:
2043 1788 144 27 Negrohead,
2204 1794 42 19 per

2069 1816 31 21 lb.
2114 1815 24 21 in
2154 1814 61 22 bond
2259 1815 13 19 0
2302 1814 11 20 1
2344 1814 50 20 6..
2413 1814 12 19 0
2454 1813 11 19 1
2492 1813 13 19 9

1909 1845 166 21 Turpentine:
2091 1842 43 22 Per
2139 1841 100 27 gallon..
2260 1842 13 19 0
2303 1839 13 23 7
2345 1841 13 19 6
2377 1853 17 6 ..
2415 1841 12 19 0
2455 1840 12 20 8
2493 1841 13 18 0

1911 1871 163 22 Whalebone:
2091 1869 43 21 Per
2144 1872 40 18 ton
2248 1868 42 20 100
2305 1869 13 19 0
2346 1868 13 19 0
2377 1867 65 19 ..120
2456 1867 13 19 0
2495 1868 12 18 0

1911 1898 83 21 Wine:
2010 1897 90 26 Sherry,
2111 1902 41 21 per
2161 1894 80 28 pipe..
2248 1896 26 20 20
2304 1896 14 20 0
2347 1895 13 19 0
2378 1894 50 20 ..40
2455 1895 14 18 0
2497 1894 10 18 0

2022 1924 71 26 Ditto,
2110 1929 41 20 per
2166 1921 80 22 dozen.
2265 1922 8 20 1
2305 1923 13 19 0
2347 1921 14 20 0
2378 1933 19 7 ..
2415 1920 13 20 2
2457 1921 13 19 0
2497 1921 10 18 0

2022 1951 61 26 Port,
2093 1956 41 20 per
2145 1948 51 27 pipe
2222 1948 51 20 ..25
2304 1949 13 19 0
2345 1949 14 18 0
2376 1947 52 19 ..40
2455 1947 13 19 0
2494 1947 13 18 0

1901 1988 82 17 .-**•
2048 1982 19 18 *
2090 1966 101 39 pee^pz-
2222 1987 19 7 ..
2263 1975 9 20 1
2304 1974 91 20 00..
2415 1973 14 19 2
2455 1973 14 19 0
2495 1973 12 19 0

1901 1993 93 30 4F*^-
2022 1999 154 30 Champagnb,
2191 2000 57 22 ditto
2264 2002 12 20 0
2305 2001 14 20 0
2347 2001 14 19 0
2378 2012 20 7 ..
2416 1999 13 20 0
2457 1999 13 20 C
2496 2000 12 19 0

1994 2048 12 5 
2024 2029 74 23 Claret
2265 2029 12 19 0
2295 2028 26 20 10
2349 2027 14 19 0
2381 2039 18 6 ..
2419 2026 13 19 0
2460 2027 12 19 0
2498 2027 11 18 0

1902 2050 43 35 ■\|>Q
1945 2073 4 8 !
1949 2064 76 21 jit,TRY
2032 2064 5 14 :
2052 2056 81 26 Fowls,
2140 2062 42 20 per
2188 2055 50 26 pair
2244 2070 6 6 .
2266 2056 13 20 0
2308 2055 14 20 3
2350 2053 14 20 6
2382 2066 19 6 ..
2420 2053 14 19 0
2460 2052 12 20 5
2499 2054 11 18 0

1903 2076 84 26 +5--v^4
2009 2081 4 3 '
2051 2083 86 26 Ducks,
2148 2081 58 22 ditto
2227 2083 52 19 ..0
2309 2080 13 20 5
2350 2081 51 19 0..
2420 2080 13 19 0
2461 2080 12 19 8
2499 2081 12 18 0

2053 2109 80 26 Geese,
2145 2107 58 23 each
2227 2122 18 6 ..
2265 2109 13 19 0
2295 2109 26 19 10
2349 2107 14 20 0
2382 2119 18 6 ..
2419 2107 14 19 0
2448 2106 24 20 12
2500 2107 10 18 0

2052 2135 111 27 Turkeys,
2175 2134 57 22 each
2269 2135 10 20 1
2311 2135 14 19 0
2352 2134 14 20 0
2385 2146 6 6 .
2398 2146 5 6 .
2424 2133 11 20 1
2462 2132 12 20 5
2501 2134 11 18 0

2055 2162 105 27 Pigeons,
2171 2161 82 27 (wild,)

2081 2196 40 20 per
2130 2188 52 27 pair
2269 2189 14 19 0
2311 2188 14 19 0
2353 2187 84 21 0..0
2463 2187 13 20 0
2501 2188 11 18 0

2055 2216 86 26 Ducks,
2151 2215 37 21 do.
2199 2215 52 21 do..
2271 2216 14 19 0
2312 2215 14 19 5
2355 2215 13 19 0
2386 2227 19 6 ..
2423 2215 15 19 0
2464 2215 12 19 0
2502 2215 10 18 0

1918 2246 74 21 Eggs:
2010 2245 45 22 Per
2065 2243 73 21 dozen
2272 2243 14 19 0
2316 2242 10 20 1
2356 2241 13 19 6
2387 2253 19 7 ..
2425 2241 13 19 0
2465 2241 11 19 0
2502 2241 11 18 0

1919 2274 78 21 Cows:
2013 2270 73 23 Milch
2258 2270 27 20 10
2313 2270 14 19 0
2355 2269 13 19 0
2387 2267 49 21 ..15
2464 2269 12 18 0
2502 2269 11 17 0

1919 2300 99 21 Mares:
2034 2297 77 23 Brood
2256 2297 29 20 20
2313 2297 13 19 0
2354 2296 14 19 0
2387 2293 51 23 ..70
2464 2295 12 19 0
2501 2295 11 18 0

1920 2327 118 21 Working
2056 2325 122 22 Bullocks
2186 2330 6 14 :
2215 2323 45 21 Per

1947 2353 50 27 pair
2259 2350 29 21 30
2315 2350 14 20 0
2356 2349 14 20 0
2387 2361 19 7 ..
2424 2349 14 19 0
2465 2348 13 20 0
2502 2347 12 19 0

1921 2380 65 22 Hire
1997 2387 28 14 of
2036 2386 68 14 ditto
2112 2385 5 13 :
2133 2377 45 22 Per
2185 2377 53 26 day,
2247 2383 14 15 a

1948 2410 62 19 team
2020 2405 47 22 and
2074 2404 75 23 driver
2274 2405 14 19 0
2304 2403 25 20 15
2358 2403 12 19 0
2389 2415 18 7 ..
2425 2403 14 19 0
2467 2402 12 18 0
2504 2402 11 18 0

1923 2434 88 22 Sheep:
2029 2431 62 23 Each
2273 2431 15 20 0
2303 2430 25 20 15
2357 2431 13 19 0
2388 2441 19 7 ..
2427 2429 9 19 1
2465 2427 12 21 5
2504 2429 11 18 0

1923 2462 64 21 Boat
1998 2460 76 21 Hire:
2089 2459 44 21 Per
2139 2457 51 29 day,
2196 2457 66 22 with-

2118 2488 40 18 out
2168 2483 73 23 hands
2251 2499 6 6 .
2273 2485 15 19 0
2304 2484 26 20 10
2358 2483 14 21 0
2389 2496 6 6 .
2403 2495 5 7 .
2427 2483 10 19 1
2468 2483 12 19 0
2505 2482 11 18 0

1924 2514 100 23 Wages:
2054 2511 142 26 Mechanics,
2223 2518 41 20 per
2280 2530 11 5 ,

2088 2539 43 26 day
2154 2531 186 30 ...;...t't)'*a
2361 2537 13 20 0
2392 2536 126 21 ..080

2064 2566 128 21 Labourers
2210 2578 47 7 ....
2318 2557 55 27 3*o
2392 2576 18 6 ..
2429 2564 14 19 0
2470 2562 11 20 5
2507 2563 12 19 0

1925 2596 69 21 Bark
2003 2603 5 13 :
2024 2594 31 22 N.
2065 2593 26 22 Z.
2102 2600 42 20 per
2153 2595 39 19 ton
2207 2605 46 7 ....
2272 2592 14 20 3
2315 2592 14 20 0
2357 2591 13 19 0
2390 2603 5 7 .
2403 2603 5 7 .
2425 2590 16 20 4
2467 2590 12 19 0
2505 2590 11 19 0

1926 2623 80 21 Black
2017 2622 52 21 Dye
2079 2627 4 14 :
2097 2620 29 21 N.
2136 2619 26 21 Z.
2171 2626 41 20 per
2220 2621 40 19 ton
2273 2618 14 20 5
2316 2619 14 19 0
2357 2618 14 20 0
2389 2630 19 6 ..
2427 2617 14 20 6
2468 2617 12 19 0
2507 2616 11 19 0

1927 2650 88 21 Wool:
2032 2648 30 22 N.
2072 2647 26 22 Z.
2110 2654 40 20 per
2160 2647 23 20 lb
2274 2647 14 19 0
2316 2646 14 19 0
2358 2645 13 19 9
2391 2657 18 6 ..
2427 2645 14 19 0
2469 2643 9 19 1
2506 2643 12 19 0

1926 2677 96 22 Timber
2030 2683 5 14 :
2060 2674 30 22 N.
2112 2674 26 21 Z.
2149 2673 116 22 furniture

1955 2710 40 20 per
2005 2704 42 20 100
2057 2702 46 21 feet
2278 2700 15 20 2
2321 2700 14 19 0
2362 2699 14 20 0
2395 2711 19 7 ..
2431 2697 14 21 2
2459 2697 25 21 10
2509 2697 12 19 0

1930 2731 125 21 Cordage:
2065 2727 96 27 English
2167 2734 40 22 per
2214 2729 51 19 cwt.
2279 2727 14 20 3
2321 2725 13 21 5
2363 2726 14 20 0
2396 2738 18 6 ..
2434 2725 12 20 0
2474 2725 11 19 0
2510 2724 12 19 0

2057 2756 63 21 N.Z.
2125 2754 99 22 without
2230 2756 37 19 tar
2279 2754 14 20 2
2321 2751 14 22 5
2363 2753 14 20 0
2396 2765 18 7 ..
2432 2752 14 20 3
2460 2751 25 20 10
2510 2751 11 19 0

1930 2785 120 21 Canvass:
2065 2789 42 21 per
2120 2781 50 22 bolt
2281 2781 12 20 1
2310 2779 26 22 15
2365 2780 13 20 0
2398 2791 19 8 ..
2436 2779 12 20 2
2475 2777 11 20 5
2512 2777 12 20 0

1931 2812 106 21 Copper:
2053 2808 106 27 sheeting
2178 2814 42 20 per
2233 2807 32 21 lb.
2281 2808 15 20 0
2325 2807 11 20 1
2366 2807 13 20 6
2398 2818 19 7 ..
2436 2807 12 19 0
2476 2806 12 19 0
2512 2805 12 19 0

2051 2836 65 22 Bolts
2282 2835 14 20 0
2325 2834 11 20 1
2366 2834 13 20 9
2398 2845 19 7 ..
2436 2833 12 20 0
2476 2833 11 19 0
2512 2831 12 19 0

2050 2862 66 23 Nails
2282 2862 15 19 0
2324 2860 13 20 5
2366 2861 51 19 0..
2436 2860 12 19 0
2477 2859 11 19 6
2513 2857 12 20 0

1932 2892 81 21 Lead:
2030 2890 63 22 sheet
2102 2896 42 20 per
2154 2892 41 18 ton
2215 2888 80 21 ....30
2323 2888 13 20 0
2365 2887 13 20 0
2398 2885 49 22 ..35
2476 2886 12 20 0
2513 2885 11 19 0

1933 2919 61 21 Iron
2003 2925 5 14 :
2020 2916 96 27 English
2124 2916 44 21 bar
2177 2922 43 20 per
2229 2915 71 21 tonl4
2327 2915 13 20 0
2368 2915 14 19 0
2401 2927 19 7 ..
2438 2914 13 20 0
2478 2913 12 19 0
2514 2911 11 20 0

2015 2944 166 27 Hoopperton
2267 2941 28 21 25
2324 2942 14 19 0
2366 2942 13 19 0
2399 2954 18 7 ..
2436 2941 13 20 0
2476 2939 12 20 0
2513 2938 12 20 0

1935 2972 44 22 Oil
1991 2971 80 22 Butts
2080 2977 5 14 :
2110 2968 118 23 Gordon's
2249 2975 25 14 or

2082 2996 71 23 Mills'
2162 3003 41 20 per
2212 2996 57 26 imp.

2081 3027 43 18 tun
2286 3022 15 21 3
2328 3022 14 20 0
2370 3022 15 20 0
2402 3033 18 8 ..
2439 3021 13 20 3
2467 3018 24 22 15
2515 3018 11 19 0

2175 3055 126 22 DUTIES.

1936 3087 101 21 British
2048 3086 93 21 Spirits
2361 3082 33 21 4s.
2404 3087 40 21 per
2451 3079 74 28 gallon.

1936 3114 108 22 Foreign
2056 3112 57 21 ditto
2362 3108 32 21 ss.
2405 3114 39 21 per
2451 3107 75 26 gallon.

1936 3141 107 21 Tobacco
2053 3136 182 27 manufactured,
2366 3136 30 21 Is.
2405 3141 39 20 per
2452 3133 30 22 lb.

2053 3163 213 24 Unmanufactured
2363 3161 37 22 9d.
2411 3168 38 20 per
2456 3160 30 21 lb.

1938 3195 77 22 Snuff
2364 3186 117 29 2s.perlb.

1938 3222 91 22 Cigars
2366 3213 117 29 2s.perlb.

1940 3249 83 21 Wines
2356 3242 27 22 15
2396 3241 111 28 percent..

1939 3275 58 26 Tea,
2012 3275 86 25 Sugar,
2116 3274 88 24 Flour,

1959 3301 47 22 and
2015 3301 65 21 other
2091 3300 89 26 Grain,
2191 3300 13 21 5
2214 3306 41 20 per
2266 3301 59 19 cent.
2338 3296 5 23 I
2369 3317 20 16 a(
2389 3310 7 13 i
2409 3317 27 14 va
2436 3308 8 22 l
2446 3316 11 14 O
2458 3314 51 16 rem.

1942 3329 40 22 All
1990 3328 65 22 other
2065 3328 107 22 Foreign
2180 3326 146 28 productions
2338 3326 11 21 f

1955 3355 45 23 and
2005 3355 173 21 manufactures
2185 3354 26 21 10
2218 3360 41 20 per
2267 3355 58 19 cent.
2333 3349 11 29 J

2149 3379 191 24 EXCHANGE.

1944 3423 17 10 «
2021 3422 39 11 !•«
2122 3423 13 10 t
2175 3421 12 12 j
2260 3406 76 23 f3O&
2347 3408 29 21 60
2389 3406 54 26 days
2452 3403 60 27 sight,
2521 3402 11 20 2

1944 3423 69 23 Bank
2022 3423 50 22 bills
2083 3430 29 16 on
2122 3423 98 21 London
2252 3423 18 37 |
2304 3440 41 20 per
2356 3436 53 19 cent
2426 3437 59 21 prem
2486 3430 47 21 ium.

1945 3464 35 22 On
1990 3463 91 30 Sydney
2374 3460 73 21 Ditto.

1945 3490 152 23 Privatehills
2350 3486 114 23 Nominal.

1966 3540 40 17 The
2018 3540 49 17 New
2077 3539 101 17 Zealand
2189 3536 96 18 Gazetie
2292 3536 38 17 and
2341 3536 136 17 Wellington
2491 3532 43 16 Spxc

1946 3564 66 14 tator
2019 3560 16 18 is
2041 3559 101 22 published
2152 3561 56 17 every
2215 3557 125 21 Wednesday.
2362 3555 98 22 Subjoined
2470 3557 28 12 are
2509 3554 25 14 tn»

2294 3584 2 5 '

1968 3603 65 17 Price
2039 3605 25 13 o*
2070 3604 42 14 the
2118 3598 156 22 Paper.—Forty
2279 3599 89 20 shillings
2373 3602 33 17 per
2416 3599 73 16 annum,
2499 3597 35 17 pay-

1947 3624 41 19 able
1993 3623 21 16 in
2021 3622 82 17 advance
2108 3626 4 15 j
2122 3625 21 12 or
2150 3624 35 13 one
2192 3620 78 21 shilling
2274 3620 31 17 for
2310 3620 62 21 single
2378 3618 95 18 numbers.

1968 3644 32 17 All
2005 3644 69 18 orders,
2083 3641 165 19 advertisements,
2256 3641 40 16 and
2306 3639 164 18 communications
2481 3637 18 16 to
2509 3637 25 14 tn»

1948 3665 71 19 Editor,
2024 3667 32 13 are
2061 3662 100 21 requested
2166 3663 21 15 to
2192 3662 24 16 be
2222 3662 102 17 addressed
2329 3662 20 16 to
2354 3661 40 16 this
2400 3660 63 16 Office.

1969 3684 159 18 Advertisements
2134 3682 40 18 will
2179 3684 35 15 not
2219 3687 70 16 appear
2296 3683 21 17 in
2328 3683 34 16 the
2371 3681 80 19 ensuing
2460 3678 72 17 numD«

1948 3707 17 16 if
1973 3705 85 18 received
2063 3705 49 16 later
2117 3704 47 17 than
2175 3704 21 17 10
2202 3703 77 21 o'clock,
2287 3708 50 15 a.m.,
2344 3707 24 13 on
2375 3702 32 17 the
2414 3700 90 19 mornings
2510 3700 24 13 Be-

1948 3728 39 16 fore
1999 3725 122 22 publication.
2142 3725 165 17 Advertisements
2319 3724 40 17 -will
2368 3724 23 16 be
2402 3720 96 19 continued
2505 3720 29 15 ana

1948 3747 79 21 oharged
2037 3746 52 17 until
2096 3746 166 17 counter-ordered
2265 3750 4 16 j
2280 3745 48 17 such
2334 3745 54 17 order
2393 3743 51 18 must
2449 3742 22 17 be
2478 3742 38 15 sent
2522 3742 12 11 w

1948 3769 33 16 the
1989 3768 57 17 Office
2057 3768 37 16 two
2113 3767 45 20 daya
2177 3766 64 17 before
2250 3765 123 22 publication,
2385 3764 37 17 and
2431 3762 50 18 must
2490 3763 20 26 pc
2519 3762 15 12 w

1948 3789 82 21 writing.
2052 3788 162 17 Advertisements
2227 3787 86 17 received
2330 3786 55 24 after
2401 3785 22 18 10
2439 3782 64 19 o'clock
2517 3782 17 12 on

1949 3810 67 17 Friday
2028 3809 96 18 mornings
2135 3809 41 17 will
2185 3810 24 16 be
2221 3808 82 19 charged
2314 3807 54 18 twice
2378 3804 154 23 thensualratct.^

1321 3395 221 25 WHOLESALE
1567 3396 128 24 PRICES
1731 3397 170 23 CURRENT
