2520 4010
1272 1992 92 64 New
1394 1992 214 64 Zealand
1638 1992 214 64 Gazette

1317 2056 68 21 AND
1397 2056 216 23 WELLINGTON
1627 2056 182 24 SPECTATOR.

1399 2110 132 27 Saturday,
1547 2112 75 21 April
1637 2114 20 23 9,
1673 2113 59 20 1842.

720 2467 170 23 SHIPPING
908 2466 273 24 INTELLIGENCE.

1880 129 60 25 from
1952 129 47 24 this
2010 129 54 24 evil:
2099 129 82 33 Itfjwas
2198 137 74 24 proper
2290 128 29 34 to|
2325 130 88 34 rjeipaind
2425 132 39 23 the
2475 127 5 15 f

1882 163 107 30 meeting.
1996 153 72 33 ofihe
2080 160 336 39 circurostances^nde'r^which
2425 165 39 23 the

1883 188 210 38 Corporation/Act
2103 203 47 16 was
2161 195 133 30 introduced,
2307 197 94 28 framed,
2418 197 46 24 and

1881 236 48 16 was
1939 235 51 16 now
2009 228 83 24 offered
2109 233 23 19 to
2150 228 58 24 their
2225 233 134 27 acceptance.
2395 230 69 24 Mor«

1881 261 58 23 than
1963 268 14 16 a
2004 261 159 24 twelvemonth
2191 270 48 22 ago,
2257 262 29 24 he
2309 262 45 23 had
2370 262 97 25 himself

1882 293 106 31 presided
2009 298 25 19 at
2053 303 14 14 a
2086 296 100 29 meeting
2204 295 47 23 held
2267 299 24 20 to
2312 295 92 23 address
2423 296 39 24 the
2481 306 4 4 -

1884 327 84 24 Queen
1979 334 29 16 on
2025 327 40 23 the
2076 327 62 24 birth
2150 327 26 24 of
2192 328 40 23 her
2242 328 46 23 first
2299 329 68 28 child,
2380 329 45 22 and
2436 337 26 15 so

1882 359 113 24 desirable
2006 367 46 16 was
2072 361 18 22 it
2109 360 54 24 then
2326 365 24 19 to
2367 362 58 22 have
2448 370 15 15 a

1878 391 137 32 .Municipal
2026 392 169 31 Government,;
2202 393 46 24 that
2255 394 18 23 it
2284 402 46 16 was
2342 402 55 16 even
2408 402 56 23 pro-

1882 425 72 31 posed
1957 429 31 19 to
2000 424 43 25 acid
2054 433 15 16 a
2079 431 47 19 sort
2176 427 89 31 petition
2274 426 36 24 for
2322 435 13 15 a
2348 426 114 32 Corpora-

1882 459 50 22 tion
1939 462 23 19 to
1969 458 37 23 the
2014 458 92 24 address
2115 460 26 22 of
2145 459 180 32 congratulation.
2349 459 71 25 What
2425 461 39 23 the
2476 458 10 11 *

1877 491 97 23 .settlers
1993 499 60 16 were
2073 491 54 24 then
2147 500 24 15 so
2193 500 60 23 eager
2270 497 23 19 to
2316 492 84 30 obtain,
2424 493 40 24 the

1883 524 58 24 New
1959 524 102 24 Zealand
2074 524 117 32 Company
2201 525 108 31 prevailed
2325 533 62 24 upon
2397 525 66 25 Lord

1873 557 71 23 -John
2067 562 24 19 to
2102 562 74 26 grant,
2188 558 49 23 'and
2247 558 13 23 it
2272 565 45 17 was
2338 563 60 20 most
2415 559 50 24 for-

1882 594 80 19 tunate
1973 590 49 23 that
2039 590 39 24 the
2092 591 62 23 boon
2164 598 46 16 was
2221 592 99 29 acquired
2336 592 77 24 before
2425 592 40 24 the

1882 623 87 31 change
1984 623 25 24 of
2018 623 118 31 Ministry,
2146 623 35 24 for
2191 623 29 23 he
2233 631 47 23 very
2287 619 67 28 mucb'
2358 622 6 16 ;
2364 625 101 24 doubted

1882 656 102 24 whether
2003 656 69 28 Lord.
2088 656 172 31 Stanleyjyould
2279 656 65 28 have,
2354 658 113 24 conceded

1882 698 14 15 a
1916 697 104 16 measure
2031 691 27 22 of
2072 694 38 19 the
2128 689 64 24 kind.
2227 690 79 30 Again,
2325 690 63 24 Lord
2403 691 63 24 John

1882 722 105 24 Russell-
1999 723 45 23 had
2063 722 98 24 selected
2171 722 36 24 for
2225 722 32 24 the
2267 724 105 31 carrying
2391 729 40 18 out
2442 724 27 24 of

1882 756 40 23 the
1933 756 90 31 >design
2038 761 52 18 .two
2111 755 161 32 accomplished
2293 752 106 34 lawyers,'
2420 757 46 24 and

1883 793 69 18 most,
1957 788 86 25 liberal
2060 789 93 24 minded
2168 796 70 23 men;,
2259 788 53 24 God
2330 789 56 30 only,
2397 790 69 23 knew

1882 821 75 23 where
1971 830 24 15 or
2006 823 51 23 how
2069 823 28 23 he
2109 821 118 33 happened
2244 826 23 20 to.
2273 821 49 25 find
2339 822 70 29 them,
2427 823 38 23 for

1883 854 55 30 they
1961 861 58 17 were
2045 859 41 20 not
2114 855 139 24 clamourous
2276 855 125 31 applicants
2428 856 37 24 for

1875 887 74 23 'office
1958 896 7 19 ;
1976 887 89 24 neither
2072 895 58 16 were
2139 888 54 31 they
2201 888 132 24 Ministerial
2339 889 125 31 partisans,

1884 920 39 23 the
1935 920 59 23 class
2007 921 24 22 of
2048 928 97 24 persons
2163 921 107 31 generally
2288 921 88 24 chosen'
2391 927 23 18 to
2431 922 37 24 fill

1882 951 40 33 up'
1945 953 105 24 Colonial
2079 954 181 31 appointments;
2295 954 43 23 but
2369 962 98 24 persons

1884 986 125 32 eminently
2041 986 109 32 qualified
2178 986 37 24 for
2244 986 32 24 tlie
2303 987 89 23 'duties-
2401 987 65 31 -they

1883 1019 46 23 had
1949 1024 24 19 to
1990 1021 108 31 perform.
2114 1019 3 4 '
2133 1019 70 30 Well,
2291 1020 137 30 gentlemen,
2441 1022 26 22 in

1884 1059 151 18 concurrence
2059 1053 59 24 with'
2136 1048 39 29 tlie
2190 1075 3 4 ,
2199 1053 113 23 Governor
2319 1072 7 9 ,
2334 1052 50 26 arid,
2392 1053 76 32 fother

1884 1086 84 23 official
1985 1094 103 25 persons,
2101 1086 46 24 had
2167 1086 137 24 introduced-,
2311 1086 39 23 the
2361 1094 105 16 measure

1883 1126 52 16 now
1948 1119 83 25 offered
2046 1120 37 23 for
2101 1120 211 30 theirj.acceptance,
2325 1120 45 23 and
2381 1120 30 23 lie
2427 1120 40 23 did

1883 1152 68 23 think
1962 1153 20 22 it
1992 1153 87 23 unwise
2090 1157 23 19 to
2130 1153 109 23 refu'seif
2244 1152 54 24 from
2310 1160 44 23 any
2363 1150 67 33 spirit
2442 1153 27 23 of

1884 1186 129 30 opposition
2032 1190 24 19 to
2069 1186 38 23 the
2126 1185 157 24 Government.
2306 1185 39 26 .It
2364 1193 46 16 was
2417 1190 50 20 .not

1884 1218 38 23 the
1929 1219 56 23 time
1996 1223 23 19 to
2028 1218 207 31 remark,upon!the
2242 1219 109 30 propriety
2359 1218 25 24 of
2392 1220 75 30 fixing

1883 1249 39 25 tKe
1931 1256 51 18 seat
1993 1252 25 23 of
2027 1251 158 24 Government
2196 1256 23 18 at
2230 1251 124 29 Auckland,
2368 1260 24 15 or
2401 1252 64 24 other

1883 1284 149 31 proceedings
2051 1293 31 15 on
2098 1284 75 23 which
2190 1284 37 23 his
2246 1285 86 30 opinion
2352 1293 44 15 was
2414 1286 53 23 well

1883 1317 95 24 known.
2013 1317 52 24 The
2074 1318 163 31 'que,stionwas
2248 1317 95 24 whether
2354 1318 39 23 the
2406 1318 60 24 Cor-

1882 1351 107 29 poration
1995 1350 47 24 Act
2053 1359 47 15 was
2109 1359 14 15 a
2204 1358 96 16 measure
2312 1359 26 15 or
2349 1355 40 19 not
2397 1360 7 20 ;
2421 1352 47 24 and

1883 1383 29 23 he
1924 1390 47 17 was
1986 1384 135 31 persuaded,
2134 1384 118 23 whatever'
2259 1384 69 30 might
2339 1384 57 24 have
2406 1384 60 25 been

1884 1415 38 24 the
1947 1418 97 23 conduct
2067 1417 24 23 of
2112 1416 40 24 the
2175 1425 24 15 so
2223 1416 65 24 called
2306 1417 159 32 Independent

1884 1449 119 25 Members
2015 1451 22 23 in
2049 1451 40 23 the
2102 1450 103 29 Council,
2211 1446 3 7 '
2222 1450 45 24 that
2281 1450 43 30 the.
2337 1450 90 24 settlers
2438 1452 27 23 in

1884 1482 59 24 Port
1960 1483 128 24 Nicholson
2105 1483 76 24 would
2198 1482 71 25 decide
2284 1484 26 23 in
2327 1484 30 23 its
2373 1484 89 24 favour.

1885 1515 24 23 It
1921 1517 74 23 would
2009 1517 28 23 be
2049 1517 86 23 absurd
2152 1521 23 19 to
2194 1517 71 23 refuse
2276 1517 21 23 it
2307 1515 157 26 J>ecanW,ohe

1886 1557 24 14 or
1931 1557 64 16 more
2018 1550 25 23 of
2063 1550 48 23 the'
2125 1549 151 31 Independent
2295 1543 126 36 Members,
2439 1555 25 19 to

1884 1583 84 31 gratify
1980 1583 106 30 personal
2096 1584 77 30 pique,
2186 1591 26 15 or
2222 1583 24 23 in
2257 1591 90 23 revenge
2356 1583 34 24 for
2402 1592 63 16 some

1885 1620 60 19 want
1964 1616 26 23 of
2010 1616 125 24 deference,
2147 1621 25 18 to
2176 1616 74 23 ..their
2265 1616 200 32 self-importance,

1884 1648 45 24 had
1950 1650 100 30 opposed
2079 1649 39 24 the
2140 1649 47 24 Act
2213 1649 24 23 in
2263 1649 33 24 tlie
2324 1649 141 32 Legislative

2027 1682 23 24 It
2057 1690 46 16 was
2116 1691 14 15 a
2140 1690 103 16 measure
2250 1682 67 25 whicri
2325 1683 39 24 the
2375 1684 92 23 settlers

1884 1715 45 23 had
1943 1715 136 25 themselves
2091 1716 72 23 asked
2182 1715 43 30 for,
2237 1715 66 25 which
2323 1716 40 24 the
2381 1716 84 25 Crown

1886 1747 43 24 had
1947 1749 102 31 granted,
2073 1750 44 23 and
2138 1749 73 24 which
2230 1749 35 24 the
2270 1757 2 7 1
2279 1749 118 24 Governor
2414 1757 53 16 now

1886 1781 83 24 offered
1980 1786 24 19 to
2016 1782 62 24 them
2088 1792 6 19 ;
2114 1782 45 24 and
2168 1782 38 23 the
2217 1782 49 24 best
2273 1783 77 23 advice
2359 1783 34 27 he,
2398 1783 67 25 could

1885 1815 59 29 give,
1951 1838 4 4 ,
1962 1815 45 23 and
2022 1816 28 23 he
2064 1823 45 16 was
2121 1823 55 23 very
2187 1816 35 23 far
2232 1815 75 24 indeed
2317 1816 60 23 from
2378 1820 6 12 ;
2387 1817 80 31 giving

1886 1848 17 22 it
1920 1849 25 22 in
1957 1848 39 24 the
2008 1849 66 31 spirit
2091 1849 24 23 of
2131 1849 116 28 dictation,
2259 1856 39 16 was
2309 1854 24 19 to
2345 1849 51 24 call-
2403 1858 62 23 upon

1886 1881 37 23 the
1940 1881 120 24 Governor
2077 1886 23 19 to
2117 1882 68 30 bring
2204 1881 37 24 the
2256 1881 41 25 Act
2313 1884 49 21 into
2380 1883 85 31 speedy

1886 1915 124 30 operation.
2022 1929 3 4 •
2047 1915 96 23 Colonel
2160 1915 121 24 Wakefield
2293 1915 124 25 concluded
2433 1917 32 31 by

1885 1948 93 31 moving
1990 1957 13 14 a
2014 1948 123 24 resolution
2142 1952 30 20 -to
2183 1948 39 25 the
2229 1948 62 25 .effect
2291 1961 35 5 —

1881 1998 10 10 
1949 1982 62 23 That
2021 1982 39 23 the
2073 1982 70 23 Chief
2154 1982 79 23 Police
2245 1982 130 31 Magistrate
2385 1982 78 25 bere.

1886 2014 94 29 quested
1992 2018 22 19 to
2033 2015 73 29 apply
2114 2018 22 18 to
2156 2014 36 21 his
2211 2005 185 39 ExceljeTcfcyihTe
2410 2010 63 28 'Go-*

1885 2053 89 22 vernor,
1997 2050 25 19 to
2049 2046 86 23 extend
2162 2046 39 23 the
2219 2048 4 27 \
2228 2047 122 30 provisions
2377 2047 30 23 of-
2427 2048 40 24 the

1887 2079 149 30 Corporation
2059 2079 131 24 Ordinance
2213 2082 23 20 to
2258 2079 32 24 the
2314 2079 99 25 District
2441 2081 27 24 of

1887 2112 58 24 Port

1919 2145 52 24 The
1983 2146 86 23 motion
2078 2154 45 15 was
2135 2145 112 24 seconded
2257 2146 24 32 by
2290 2147 48 24 Mr.
2347 2147 116 32 Moreing.

1917 2178 70 24 After
1996 2187 13 15 a
2020 2185 82 25 pause,'
2112 2180 82 30 during
2206 2179 69 23 which
2281 2180 92 31 nobody,
2379 2180 83 24 offered

1886 2215 23 20 to
1921 2211 94 25 address
2027 2213 38 23 the
2076 2213 111 31 meeting,'
2192 2213 44 23 the
2248 2212 116 25 Chairman
2375 2218 41 26 put
2428 2215 39 23 the

1886 2246 114 30 question.
2036 2245 108 31 Another,
2157 2253 73 24 pause
2248 2246 85 30 ensued,
2347 2246 51 27 and,
2410 2246 57 25 then

1882 2286 16 17 ,a
1911 2277 69 27 ,show
1999 2279 26 23 of
2040 2279 74 23 hands
2130 2279 137 23 was:called
2278 2279 41 30 for,
2331 2279 66 24 when
2411 2280 56 32 only

1884 2318 65 16 seven
1961 2319 58 16 were
2032 2312 51 23 held
2094 2320 31 23 up
2143 2312 90 31 against
2247 2312 34 24 the
2299 2313 101 30 motion,;
2419 2314 46 24 and

1888 2344 95 24 Colonel
2003 2345 158 24 WakefieldV
2171 2345 117 25 resolution
2304 2353 48 17 was
2363 2347 105 24 declared

1886 2381 31 20 to'
1931 2377 31 27 be,
1968 2378 90 25 .carried
2071 2379 83 24 amidst
2164 2378 63 24 loud'
2230 2378 80 25 cheers.
2405 2392 13 19 ;,

1919 2410 99 25 Thanks
2029 2420 59 15 were
2103 2412 54 24 then
2170 2411 67 24 voted
2253 2416 22 19 to
2283 2413 38 23 the
2333 2413 132 30 Chairman,

1885 2443 58 29 who,
1986 2444 3 12 !
1998 2446 121 30 returning
2133 2444 37 25 his
2182 2444 91 30 thanks,
2284 2446 56 23 took
2359 2447 106 24 occasion

1885 2481 22 19 to
1919 2486 96 23 express
2034 2479 40 23 the
2093 2478 57 32 high
2169 2479 143 31 gratification
2329 2480 20 22 it
2364 2479 101 27 afforded

1885 2510 47 24 him
1943 2515 25 20 to
1978 2512 91 30 preside
2081 2516 25 19 at
2115 2521 14 14 a
2139 2512 102 30 meeting
2251 2512 47 24 held
2309 2512 36 24 for
2357 2513 39 24 the
2407 2521 58 24 pur-

1876 2544 229 32 .pose.of.securing
2121 2550 22 18 to
2161 2545 51 24 this,
2227 2547 133 30 community
2373 2546 38 24 the
2427 2547 39 24 in-

1886 2578 120 24 estimable
2019 2578 86 24 benefit
2115 2578 25 24 of
2148 2578 60 25 local
2222 2578 205 29 self-government.

880 2517 143 22 ARRIVED.

686 2554 61 26 April
757 2554 19 25 7,
787 2554 119 26 brigantine
915 2554 56 24 Ann,
986 2554 33 24 62,
1029 2552 99 28 Higgins,
1145 2554 55 21 from
1210 2554 34 21 the

659 2580 129 20 Manewatu.

896 2625 116 20 SAILED.'

686 2661 62 25 April
757 2661 20 23 6,
788 2663 68 18 cutter
865 2660 116 24 Pickwick,
990 2661 35 23 38,
1037 2660 77 26 Styles,
1123 2660 34 21 for
1165 2660 80 22 Nelson

659 2688 81 21 Haven.
769 2688 125 26 Passengers
895 2700 26 4 —
922 2687 54 20 Mrs.
993 2688 54 20 Ross
1065 2688 42 20 and
1122 2688 65 25 child,
1205 2690 42 20 and

660 2716 26 20 G.
698 2716 24 20 C.
734 2716 85 24 Forbes,
830 2716 53 26 Esq.

687 2744 60 19 Same
757 2744 49 26 day,
814 2744 46 25 brig
869 2742 73 22 Maria
951 2743 95 25 Theresa,
1058 2744 40 19 229
1108 2745 57 23 tons,
1174 2743 70 28 Clark,

658 2771 33 20 for
701 2771 104 20 Chatham
816 2770 82 21 Islands
908 2770 40 21 aad
960 2770 91 26 Sydney.
1172 2773 2 5 '
1223 2778 5 18 ;

672 2806 1 7 1
687 2798 60 20 Same
757 2799 47 26 day,
816 2798 103 21 schooner
927 2798 99 26 Look-in,
1037 2799 28 19 82
1073 2800 58 23 tons,
1148 2798 97 27 Cannon,

658 2826 33 20 for
700 2826 81 20 Nelson
793 2825 82 21 Haven.

687 2853 59 20 Same
756 2853 47 26 day,
814 2850 105 24 schooner
927 2853 54 19 New
990 2853 122 25 Zealander,
1120 2853 35 25 27,
1167 2853 78 26 Guard,

658 2881 42 25 for
700 2881 85 25 Cloudy
795 2881 51 26 Bay.
875 2881 114 24 Passenger
990 2891 26 4 —
1017 2881 44 20 Mr.
1072 2881 63 20 Cave.

686 2908 60 26 April
755 2909 19 24 7,
783 2909 63 25 yacht
852 2908 116 26 Albatross,
978 2908 33 24 70,
1020 2908 94 25 Dowdle,
1121 2908 35 20 for
1162 2908 85 22 Hobart

659 2936 72 20 Town.

687 2962 60 20 Same
764 2963 47 26 day,
828 2963 78 26 barque
923 2962 102 24 London,-
1036 2963 47 24 600,
1105 2963 88 25 Gibson,
1213 2964 34 21 for

660 2989 63 21 Port'
723 2989 77 21 Nelson
809 2997 6 17 ;
830 2991 50 19 with
891 2989 112 26 emigrants
1012 2990 43 20 and
1063 2991 90 26 original
1162 2997 69 21 cargo.
1249 3010 1 4 .

884 3042 35 19 IN
933 3041 83 20 PORT.

713 3078 85 26 Barque
810 3077 112 25 Clydeside,
929 3076 134 21 ~Mathieson.

712 3105 109 20 Schooner
833 3105 105 20 Governor
946 3104 93 24 Hobson,
1049 3104 99 22 Skolton.

822 3133 3 14 '■
830 3132 64 26 .Lady
902 3132 74 24 Leigh,
988 3132 79 20 Rocho.

713 3159 84 27 Barque
806 3160 52 20 New
868 3160 58 22 York
936 3159 86 26 Packet,
1034 3159 100 27 Gregory.

715 3187 108 21 Schooner
834 3187 71 21 Sarah
915 3186 112 25 Maxwell,'
1033 3187 96 21 Lowder.

825 3215 82 25 Henry,
919 3213 119 27 Paymond.
1046 3234 3 4 ,

714 3242 123 26 Brigantine
849 3238 104 29 Cheerful]
966 3241 91 21 Patrick.

713 3269 84 28 Barque
806 3271 132 24 Brougham,'
945 3268 118 21 Robinson.

713 3297 84 27 Barque
806 3298 79 25 Bright
894 3297 82 24 Planet,
992 3296 115 22 Morrison.

714 3325 108 20 Schooner
834 3326 154 23 Perseverance,
999 3323 87 27 Bishop.

713 3351 190 27 Brigaatine.^lnn,
915 3351 99 26 Higgins.

832 3408 122 21 CUSTOM
969 3408 107 21 HOUSE.

864 3466 2 5 '
898 3469 111 16 imports.
1143 3470 3 8 >

687 3491 29 20 In
726 3497 47 15 thb
1037 3497 66 15 from
1112 3492 132 22 Adblatde.

659 3529 27 4 —
686 3519 77 26 Agent,
776 3519 22 20 C.
807 3519 34 20 M.
851 3519 109 25 Penny.;—
973 3519 2 25 2
985 3525 64 18 cases,
1058 3519 10 20 1
1080 3519 60 21 chest
1148 3520 96 26 drawers,

661 3547 10 19 1
682 3547 75 24 barrel,
772 3547 13 19 2
796 3546 74 20 tierces
881 3547 11 19 1
906 3546 52 20 hud.
969 3546 12 19 5
995 3546 77 20 barrels
1082 3549 40 22 tar,
1137 3548 13 19 5
1167 3548 77 21 barrels

658 3574 66 26 pitch,
732 3575 13 19 4
756 3574 86 24 barrels,
851 3575 12 18 2
874 3573 57 26 bags,
943 3573 13 20 2
964 3573 57 26 kegs,
1032 3574 12 19 4
1053 3573 96 27 bundles,
1160 3575 26 21 10
1194 3576 50 26 kegs

657 3601 62 24 nails,
729 3602 28 20 29
766 3601 74 21 Dutch
849 3606 71 19 ovens,
931 3601 13 19 2
955 3606 63 19 cases,
1032 3601 75 21 Order.

808 3660 142 16 inwards—
951 3660 140 18 coastwtse.
1114 3664 4 3 •
1138 3663 3 3 '

686 3688 29 21 In
724 3695 47 14 thb
782 3690 15 11 '*
930 3695 65 14 from
1005 3695 46 15 the
1060 3686 183 28 ManewatuJ—-

658 3716 86 26 Agents,
759 3717 90 20 Wallace
858 3717 43 20 and
912 3718 33 21 Co.
946 3727 28 5 —
975 3718 13 19 8
999 3720 47 18 tons
1056 3721 104 21 potatoes.

803 3777 117 16 OUTWARD
923 3779 4 8 I
927 3776 18 18 ?,'
954 3777 140 16 COASTWISE.

686 3803 29 21 In
731 3811 47 15 thb
786 3817 2 5 •
817 3806 60 20 New
1084 3813 47 14 for
1147 3807 95 22 Cloudy

659 3831 58 21 Bay.
718 3843 27 4 —
745 3833 87 25 Agents,
851 3834 68 20 Waitt
927 3834 44 20 and
987 3834 111 25 Tyser.—i
1110 3834 61 21 hhds.
1188 3836 54 25 beefj

658 3859 12 20 3
682 3859 47 26 bags
739 3866 70 20 sugar,
822 3861 10 20 1
844 3861 39 26 bag
893 3862 48 23 rice,
952 3862 13 19 3
976 3867 57 15 cases
1043 3862 39 24 ale,
1093 3865 12 17 4
1117 3862 52 21 coils
1184 3869 57 21 rope,

659 3887 10 19 1
682 3887 49 20 cask
746 3887 65 26 slops,
825 3888 9 19 1
853 3886 39 28 bag
901 3890 47 23 salt,
969 3888 11 20 1
993 3888 42 26 bag
1050 3890 61 23 nails,
1124 3890 10 20 1
1152 3891 98 29 package/

656 3913 74 27 lamps,
739 3914 14 21 4
764 3921 58 17 cases
828 3916 94 28 apparel,
930 3915 81 22 Coce.—
1011 3916 20 22 >l
1041 3917 50 22 cask
1100 3918 12 20 I
1122 3923 48 16 case
1177 3918 73 26 glags,\

654 3941 19 21 /
681 3941 81 21 Gmrd.

1892 2643 3 9 1
1900 2643 22 31 ;;
1922 2643 45 31 We'
1980 2644 142 33 hayelitttle,
2135 2641 128 35 rodm/for/
2270 2646 91 30 original
2370 2646 97 24 'article's

1878 2672 232 37 .in't'o^day'Sipaper,
2123 2672 122 32 anil-Xnust.
2257 2678 53 24 refer
2317 2693 4 9 ,
2324 2686 42 16 our
2376 2679 91 25 reader*

1888 2714 22 19 to
1921 2710 39 23 the
1973 2710 100 31 English
2082 2717 61 17 news
2156 2711 44 22 and
2211 2711 110 24 domestic.
2324 2712 144 32 intelligence

1888 2744 52 23 with
1945 2742 81 24 'which
2038 2751 41 16 our
2091 2744 103 23 columns
2204 2751 39 16 are
2255 2744 102 23 crowded.

1918 2776 99 24 London
2027 2776 83 32 paper's
2121 2782 23 18 to
2157 2777 39 23 the
2206 2777 60 24 l'sth
2283 2777 132 31 December,
2427 2779 37 24 in-

1881 2810 62 24 form
1956 2817 26 16 us
1994 2810 57 26 that;
2055 2810 143 26 Parliament
2207 2811 262 28 wasytO\ineet..f.ot^thfe

1886 2843 108 31 despatch
2006 2843 24 23 of
2045 2843 106 24 business
2156 2853 3 5 ■
2163 2848 34 18 on'
2203 2843 89 35 the^3rd;
2298 2844 26 23 of
2326 2851 4 7 1
2340 2844 126 33 Febrifatfy.

1886 2876 50 24 The
1958 2876 81 31 Whigs
2056 2884 60 16 were
2133 2877 138 31 organizing-
2283 2884 25 16 an
2322 2878 146 31 Opposition,

1886 2909 43 24 and
1942 2909 70 24 Lord.
2023 2909 62 24 John
2094 2925 2 5 .
2105 2909 96 24 Russell
2216 2909 51 24 had'
2281 2910 64 25 taken
2351 2919 34 23 >a/
2389 2911 78 25 bolder

1886 2942 43 24 and
1940 2950 64 16 more
2021 2942 81 24 liberal
2121 2947 54 19 tone
2193 2951 26 15 as
2239 2944 40 23 the.
2284 2944 80 24 leader,
2379 2944 25 24 of
2418 2944 51 25 that

1887 2975 145 32 Opposition,
2049 2975 56 24 than
2123 2976 35 24 he-
2168 2976 45 24 had
2219 2977 63 26 ,'be.en
2290 2977 142 25 accustomed
2442 2982 25 20 to

1887 3009 92 30 indulge
1990 3010 25 22 in
2027 3017 24 15 as
2063 3008 40 25 the
2113 3009 138 30 late.yirjtual
2267 3010 71 24 Prime
2350 3010 119 26 Minister.

1884 3041 63 25 Lord
1960 3043 148 23 Palmerston
2117 3043 46 24 had
2174 3043 111 31 evidently
2293 3043 77 26 taken;
2378 3043 36 24 his
2426 3051 43 18 cue

1882 3075 67 25 from,.
1954 3075 66 25 Lord
2030 3075 71 25 John.
2129 3093 2 5 .
2135 3076 43 24 All
2181 3087 6 6 *
2196 3076 45 24 this
2250 3083 43 17 was
2301 3079 24 21 to
2333 3087 3 12 :
2342 3076 29 24 be
2375 3084 90 25 -expec-
2470 3084 5 3 '

1887 3104 98 32 ted.-,/:*
2025 3128 2 6 ,
2158 3116 108 21 "',/.'

1919 3142 52 24 The
1983 3142 68 25 death
2062 3144 27 23 of
2103 3142 39 26 the
2161 3144 113 24 Countess
2289 3142 21 25 of
2323 3142 107 25 Durham
2446 3144 21 24 is

1886 3178 134 22 mentioned
2029 3184 25 16 in
2065 3178 168 31 these^papers.
2244 3192 12 14 ,,
2275 3191 5 15 r
2326 3191 16 11 •
2356 3191 4 6 .
2390 3190 6 4 -
2434 3192 4 9 »

1884 3206 20 37 ['
1919 3209 76 25 Lord,
2008 3209 71 25 Hill's
2092 3208 218 32 ..re'tiijem^ntfrfroia
2328 3208 41 25 the
2390 3209 78 30 Hprge

1888 3241 92 25 Guards
1990 3251 47 16 was
2049 3252 14 15 a
2073 3250 95 17 rumour
2180 3242 25 24 of
2210 3241 103 33 :th'e"''day;.
2358 3251 3 4 •
2390 3247 7 4 *

1919 3276 78 24 There
2006 3299 4 3 .
2020 3276 45 24 had
2070 3274 21 12 Kt
2092 3271 58 29 bieen
2155 3280 6 4 '
2174 3269 77 35 somef,
2253 3273 59 38 ver^
2319 3274 100 34 violent',
2424 3276 46 28 and

1887 3305 197 40 stormy^we^ther-
2093 3304 146 38 in'.Londcinj
2244 3302 46 30 and'
2300 3307 39 26 the
2351 3302 3 7 '
2359 3309 74 24 South
2433 3299 39 46 J)f

1887 3334 147 41 Englan^l',
2038 3342 66 24 With
2109 3342 61 26 ..few,
2174 3363 3 5 ,
2182 3341 106 24 intervals
2295 3355 2 5 .
2302 3342 24 23 of
2330 3338 7 27 '■
2342 3361 1 7 ,
2349 3343 118 30 sunshine,

1886 3377 49 22 rain
1948 3375 43 24 had
1997 3374 128 30 [continued
2139 3374 36 24 for
2196 3374 76 31 nearly
2276 3374 74 28 'jliree.
2359 3376 92 24 months
2459 3386 8 20 ;

1886 3409 44 23 and
1941 3409 24 23 in
2353 3408 46 26 had
2404 3410 64 24 'been

1886 3442 17 24 fl
1904 3441 78 25 6bded.
1983 3464 7 14 ;
1999 3434 10 17 '
2020 3441 55 30 The,
2079 3434 186 38 'manufacturing
2279 3439 39 26 add
2335 3439 134 28 mercantile
2464 3438 5 13 1

1887 3475 102 29 distress;
2002 3472 47 26 and'
2056 3473 45 24 'the
2113 3473 356 38 cqnsjequent^suSering-jof'the

1886 3508 104 31 working
2001 3507 93 30 classes,
2161 3506 91 26 fearful.
2269 3502 42 12 ''"
2323 3504 2 5 '
2390 3501 10 24 -'
2410 3502 3 6 '
2462 3521 3 4 •

1919 3541 52 24 The
1983 3533 112 31 ZV^ffiof
2098 3539 140 26 *I)e'dfemhM
2242 3535 13 14 o
2255 3532 153 48 i^coAtaius
2425 3542 42 24 ad-

1886 3575 158 23 vertisements
2063 3568 29 33 jbf
2104 3598 3 5 ,
2114 3568 229 42 ttireeyiajrge^jsliips
2355 3576 46 27 :for,
2415 3575 57 30 ,this,

1886 3607 63 32 place
1961 3606 45 25 and
2018 3605 160 31 Nelspn-r-the
2183 3606 147 30 iLondott^nd.
2338 3607 130 33 Indemnity
2485 3608 3 6 '

1886 3641 58 23 from
1956 3640 106 28 Londonj
2074 3640 46 23 and
2137 3640 39 24 the
2178 3643 4 14 :
2196 3640 99 25 Orfcnna
2307 3641 59 24 from
2371 3644 8 20 /
2385 3641 84 27 Liver:-

1886 3673 59 32 pool.
2035 3678 2 9 1
2047 3667 99 36 Clifford
2156 3680 54 25 may
2218 3674 30 23 be
2256 3674 56 31 'daily
2324 3667 145 38 expected.'-

1892 3716 4 4 •
1919 3702 155 41 Emigration'
2087 3711 25 19 to
2141 3706 60 27 New.
2226 3707 94 25 Zealand
2325 3725 1 5 ,
2341 3723 3 17 ;
2348 3714 46 16 was
2399 3707 68 32 /-be-

1887 3740 90 30 coming
1996 3746 64 17 more
2067 3737 5 5 '
2078 3739 105 31 popular,
2203 3739 45 25 arid
2267 3740 35 25 the
2310 3765 3 5 ,
2317 3740 117 32 necessity,
2444 3742 27 24 of

1887 3773 112 29 resorting
2016 3777 23 19 to
2056 3773 138 30 emigration
2211 3773 107 32 generally
2323 3792 4 5 ,
2328 3781 34 17 as;
2373 3781 24 17 a;
2403 3773 68 25 relisf

1888 3810 22 19 to
1928 3806 39 23 the
1984 3805 112 31 suffering
2115 3806 108 30 millions,
2236 3814 44 16 was
2298 3805 176 33 acknowledged'

1887 3840 37 22 in'
2064 3839 139 33 previously.
2211 3838 93 26 'adverse
2370 3845 38 28 try

2056 3878 3 5 '
2083 3869 23 8 '"
2124 3870 4 3 '
2157 3888 3 4 ■
2196 3872 5 6 '
2237 3873 41 32 .i</<
2289 3869 50 35 J{'.\
2352 3866 21 32 .''
2394 3892 25 14 ,-r,
2432 3867 45 38 •'':>

1921 3905 48 25 Mr.
1982 3905 130 25 Beaumont
2128 3906 87 30 Smithy
2224 3906 109 24 convicted
2344 3906 26 24 of
2378 3906 92 32 forging

1886 3939 139 32 Exchequer
2036 3939 69 31 Bill*,
2110 3939 47 26 had
2165 3934 65 39 bW,
2232 3934 119 43 it)»t«n«f<|
2357 3942 25 22 to
2391 3937 85 35 tr«n»4

1408 2168 130 25 PUBLIC
1557 2169 170 24 MEETING.

1307 2211 50 24 The
1368 2213 101 29 meeting
1479 2220 29 16 on
1515 2212 40 24 the
1562 2212 151 32 Corporation
1721 2213 136 30 Ordinance,

1274 2244 125 25 advertised
1411 2253 29 16 on
1448 2245 153 32 Wednesday,
1614 2254 45 15 was
1667 2246 52 24 held
1732 2255 29 15 on
1769 2246 89 24 Thurs-

1273 2277 43 32 day
1327 2280 98 29 evening
1442 2279 23 23 in
1481 2279 37 23 the
1537 2279 133 31 Exchange.
1707 2280 25 23 It
1742 2288 43 15 was
1797 2284 61 19 most

1273 2312 145 30 numerously
1442 2312 46 24 and
1514 2313 143 30 respectably
1670 2313 118 29 -attended,
1818 2319 40 17 not

1274 2345 52 30 only
1337 2345 30 30 by
1379 2345 39 23 the
1430 2345 140 24 inhabitants
1583 2346 25 23 of
1616 2345 150 31 Wellington,'
1776 2347 40 23 but
1827 2347 31 31 by

1272 2385 94 24 persons
1377 2378 74 31 living
1462 2386 29 16 on
1503 2378 38 24 the
1554 2379 62 24 Hutt
1627 2379 44 23 and
1682 2379 65 24 other
1759 2380 98 23 districts

1273 2411 104 32 adjacent
1390 2416 24 19 to
1427 2411 38 24 the
1477 2416 69 19 town.

1307 2444 37 23 On
1373 2445 40 23 the
1441 2446 85 22 motion
1556 2445 27 24 of
1608 2445 96 24 Colonel
1731 2445 127 25 Wakefield

1274 2477 112 25 seconded
1400 2478 31 31 by
1442 2478 49 24 Mr.
1510 2477 157 30 Molesworth,
1686 2479 38 23 the
1736 2479 59 23 chair
1811 2487 46 16 was

1274 2511 67 24 taken
1359 2511 29 31 by
1401 2512 48 23 Mr.
1470 2511 111 31 Murphy,
1595 2512 69 24 Chief
1678 2512 78 24 Police
1768 2512 89 31 Magis-

1274 2549 55 18 trate
1341 2545 24 22 in
1376 2545 58 22 Port
1446 2544 135 23 Nicholson.

1307 2578 48 23 Mr.
1374 2577 104 32 Murphy
1490 2578 82 32 briefly
1589 2579 120 31 explained
1728 2579 38 24 the
1783 2580 75 31 object

1273 2611 25 23 of
1316 2611 39 23 the
1370 2612 116 31 •meeting.
1527 2611 31 24 In
1581 2612 138 31 compliance
1742 2611 63 26 with'
1819 2613 39 24 the

1273 2644 120 24 directions
1406 2644 26 23 of
1440 2645 36 23 his
1486 2645 148 31 Excellency,
1646 2645 39 24 the
1693 2646 125 30 Governor,
1827 2647 30 23 he

1272 2678 45 23 had
1334 2677 65 24 made
1419 2678 20 22 it
1456 2677 37 25 his
1514 2679 108 23 business
1640 2683 28 22 to.
1675 2702 4 6 ,
1688 2680 109 24 ascertain
1819 2681 40 23 the

1274 2712 102 30 opinions
1399 2711 26 23 of
1448 2711 38 24 the
1493 2731 3 3 .
1508 2711 140 24 inhabitants
1670 2715 127 29 respecting
1820 2714 38 23 the

1275 2744 148 31 Corporation
1431 2744 140 30 Ordinance,
1583 2745 45 23 and
1639 2753 45 16 was
1693 2746 97 25 satisfied
1797 2747 59 23 from

1274 2778 35 23 his
1328 2778 108 30 personal
1453 2778 115 31 enquiries
1586 2778 49 24 that
1650 2778 39 24 the
1709 2780 115 23 extension
1836 2780 26 23 of

1273 2811 38 23 the
1322 2811 127 31 provisions
1462 2811 26 23 of
1505 2811 49 23 that
1565 2811 41 24 law
1619 2816 22 19 to
1661 2812 58 24 Port
1737 2813 122 24 Nicholson

1272 2852 50 15 was-
1329 2844 117 31 generally
1455 2844 89 24 desired
1552 2854 6 20 ;
1572 2845 41 24 but
1623 2846 24 23 in
1655 2846 66 23 order
1730 2850 22 19 to
1764 2851 92 27 prevent
1862 2864 2 7 ,

1274 2878 41 23 the'
1326 2878 129 31 possibility
1467 2878 26 23 of
1501 2878 77 24 future
1590 2879 63 28 cavil,;
1674 2879 29 23 he
1713 2879 44 24 had
1768 2879 92 24 deemed

1273 2911 18 23 it
1302 2919 81 23 proper
1388 2916 24 18 to
1423 2911 43 24 call
1475 2919 14 15 a
1500 2911 78 31 public
1589 2913 114 31 meeting,'
1708 2912 73 24 where
1789 2920 67 24 every

1273 2944 58 31 body
1343 2944 70 24 could
1428 2944 72 31 freely
1512 2952 94 24 express
1616 2945 44 28 .his
1672 2946 91 31 opinion
1776 2954 27 15 on

1274 2978 95 31 •übject.
1385 2999 2 5 ,
1405 2977 25 24 A
1441 2985 54 24 very
1508 2978 66 31 hasty
1587 2978 43 24 and
1638 2996 2 5 ,
1646 2980 118 30 imperfect,
1777 2986 80 17 census

1273 3018 55 23 gave
1340 3019 13 15 a
1361 3011 134 31 population
1504 3012 25 22 of
1538 3011 103 32 upwards
1653 3012 26 23 of
1688 3014 74 27 2600,
1775 3020 22 15 so
1809 3011 50 25 that

1274 3044 62 23 there
1347 3051 45 16 was
1410 3051 31 17 no
1453 3046 113 29 question'
1576 3053 26 15 as
1611 3048 40 21 •to'
1656 3048 4 12 s
1663 3045 109 24 the't6wn
1776 3046 5 12 ;
1783 3045 81 31 'being'

1268 3077 100 23 •entitled
1385 3082 23 18 to
1427 3078 45 23 the'
1478 3076 102 25 benefits'
1587 3078 25 24 of
1627 3078 38 23 the
1675 3078 65 33 law/j
1763 3078 38 24 He
1811 3086 47 16 was

1272 3111 94 23 himself
1382 3111 60 31 fully
1457 3111 130 31 persuaded
1606 3111 49 24 that
1665 3108 5 10 '
1677 3111 66 24 those
1763 3111 95 24 benefits

1273 3144 74 23 would
1357 3144 28 23 be
1393 3149 67 19 most,
1465 3145 125 28 extensive,
1602 3144 40 24 but
1653 3145 19 23 it
1680 3144 113 24 remained
1804 3145 55 23 with

1273 3177 190 24 the'inhabitants
1483 3176 136 25 themselves
1671 3177 78 24 decide
1759 3177 99 25 whether

1274 3210 53 31 they
1339 3210 73 24 would
1519 3218 26 16 or
1556 3210 75 24 refuse
1642 3210 216 33 the,proffered,ad-

1272 3248 116 26 vantages.
1402 3243 6 5 '
1427 3243 30 24 In
1481 3243 131 24 conclusion
1634 3243 29 24 he
1674 3241 81 27 'would
1773 3243 86 26 remind

1274 3277 72 23 those,
1349 3276 136 31 who;might
1497 3276 93 24 address
1602 3276 38 24 the
1651 3278 112 30 meeting,'
1775 3278 57 24 that'
1840 3279 19 23 it

1273 3318 46 15 was
1331 3309 72 24 called
1408 3309 47 24 -dor
1467 3318 14 15 a
1498 3310 92 31 specific
1602 3310 81 32 object,
1684 3314 4 9 1
1695 3311 29 23 of-
1729 3311 70 24 which
1815 3311 44 25 due

1273 3344 74 22 notice
1363 3343 45 23 had
1419 3342 58 24 been
1489 3344 75 29 given,
1583 3344 45 23 and
1639 3344 49 24 that
1694 3345 35 23 'ho
1740 3344 120 25 irrelevant

1273 3381 81 19 matter
1366 3375 106 33 ought.to
1485 3376 28 23 be
1524 3375 141 26 introduced.
1682 3374 28 33 /:\
1741 3373 10 30 ',
1770 3399 3 7 ,
1809 3387 3 2 ■

1306 3409 68 24 After
1385 3418 15 14 a
1411 3417 78 24 pause,
1504 3410 97 24 Colonel
1610 3410 127 25 Wakefield
1747 3419 56 17 rose.
1835 3411 25 24 It

1274 3442 117 32 appeared,
1411 3443 30 23 he
1459 3442 57 30 said,
1536 3443 50 24 that
1598 3452 28 15 no
1635 3452 84 24 person
1736 3445 44 24 had
1795 3452 69 17 come,

1272 3476 111 31 prepared
1400 3476 56 23 with
1467 3484 14 16 a
1500 3477 125 24 resolution
1644 3482 21 18 to
1683 3478 86 24 submit
1787 3481 20 21 to
1819 3478 39 24 the

1272 3511 108 29 meeting,
1401 3509 46 24 and
1465 3509 28 24 he
1511 3510 83 24 should
1611 3510 113 28 therefore
1731 3511 47 24 -feel
1788 3511 29 32 it,
1822 3511 36 24 his

1274 3542 53 31 duty
1347 3547 22 19 to
1388 3550 72 18 move.
1474 3551 51 16 one.
1563 3543 40 25 He
1622 3536 108 39 entirely,
1738 3545 122 26 concurred

1274 3576 53 24 with
1339 3575 64 25 those
1413 3576 50 24 who
1472 3577 138 30 anticipated
1620 3580 64 28 great
1696 3577 94 24 benefits
1798 3578 59 23 from

1274 3609 38 24 the
1321 3609 151 31 Corporation
1479 3609 139 30 Ordinance,
1632 3618 24 16 or
1665 3610 29 23 he
1704 3610 73 24 would
1785 3610 74 24 rather

1275 3642 42 24 call
1327 3643 19 23 it
1357 3642 38 23 the
1408 3641 151 32 Corporation
1569 3643 59 30 Act,,
1637 3651 25 15 as
1672 3643 30 23 he
1714 3643 101 24 disliked'
1820 3643 39 24 the

1273 3675 61 25 word
1345 3674 122 25 ordinance
1484 3674 64 25 when
1566 3676 90 31 applied
1674 3680 22 20 to
1714 3676 53 24 laws
1779 3676 80 31 passed

1274 3707 34 26 for
1317 3709 38 23 the
1372 3708 126 31 advantage
1510 3708 26 24 of
1550 3716 15 16 a
1575 3709 48 23 free
1640 3709 97 31 people.'
1764 3709 38 24 He
1813 3717 47 17 was

1274 3749 71 17 aware
1363 3741 55 24 that'
1425 3749 63 16 some
1501 3748 96 24 persons
1608 3749 58 16 were
1677 3742 100 31 opposed
1788 3747 20 19 to
1820 3742 39 25 the

1273 3774 152 25 introduction
1437 3774 26 24 of
1480 3773 39 25 the
1539 3782 112 21 measure,
1671 3774 46 24 and
1729 3775 87 31 chiefly,
1829 3775 29 24 he

1274 3808 108 29 believed,
1393 3808 61 23 from
1465 3807 167 32 apprehension
1645 3807 52 24 that'
1704 3808 20 23 it
1735 3808 71 24 would
1817 3815 41 18 en-

1274 3841 39 25 tail
1330 3841 74 32 heavy
1422 3848 101 25 expense
1541 3840 45 24 and
1606 3841 61 31 large
1688 3845 65 19 taxes
1771 3848 28 17 on
1820 3841 38 24 the

1273 3874 137 32 community
1417 3883 8 21 ;
1439 3874 40 24 but
1486 3874 29 24 he
1526 3873 69 25 relied
1604 3882 61 23 upon
1675 3874 39 23 the
1726 3874 58 33 good
1794 3882 64 17 sense

1272 3909 45 24 and
1327 3908 115 32 prudence
1448 3907 76 25 which
1533 3907 46 25 had
1588 3907 94 25 mark«d
1689 3907 39 25 the
1735 3907 94 25 conduct
1836 3908 25 24 of

1271 3942 138 26 thg-Mtttars
1416 3942 64 29 lisps
1488 3940 60 27 their
1552 3940 94 32 trrival,
1655 3946 24 21 to
1685 3942 106 31 prttfem
1796 3941 62 26 tbtm

555 39 99 48 W&*
662 74 17 15 r
676 40 119 42 W*to
819 39 211 43 JBratottJr
1053 38 189 47 4Era?ctte
1266 39 92 41 anti
1380 39 304 47 jm^Uington
1704 36 258 51 gtptttatov.

1301 125 30 21 In
1346 132 48 14 the
1435 127 143 25 Bi'ossom,"-
1588 132 46 15 for
1764 127 92 21 Bay.—

1272 153 87 26 Agents,
1373 154 69 20 Willis
1451 155 42 19 and
1505 152 16 18 c
1521 160 48 14 o.—
1569 155 25 19 18
1604 157 39 17 tun
1656 155 65 25 butts;
1726 155 33 24 oil,
1771 156 26 19 2-
1802 155 54 21 coils

1272 186 58 21 rope,
1342 181 11 19 1
1364 181 43 20 coil
1416 184 56 23 spuri
1479 187 60 20 yarn,
1550 181 12 19 5
1566 181 111 26 -packages
1686 181 69 26 paint,.
1761 182 13 20 6
1790 182 66 20 boxes

1272 213 59 20 soap,
1342 207 13 21 6
1369 210 50 18 tons
1432 209 61 24 flour,
1510 209 19 24 1,
1536 208 50 20 cask
1599 214 77 20 sugar,.
1687 209 24 20 10
1726 208 57 21 casks
1792 209 63 27 pork,

1274 234 12 20 1
1296 240 45 14 case
1357 233 65 28 slop's,
1441 237 11 19 1
1464 235 50 21 cask
1530 235 93 24 tobacco,
1642 236 12 19 1
1665 238 87 24 try-pot,
1764 236 12 20 1
1796 237 60 19 chest

1273 264 39 20 tea,
1324 262 63 24 2,000
1398 263 77 26 bricks,
1488 263 40 20 110
1538 263 100 26 packages
1649 263 101 20 sundries.

1300 288 30 20 In
1338 295 47 14 the
1426 289 146 26 Pickwick,'!
1583 296 45 14 for
1637 289 96 21 Nelson
1733 289 3 7 1
1735 304 5 6 .
1741 299 26 5 —
1767 289 87 26 Agents,

1275 315 33 21 W.
1320 316 27 20 JB.
1357 317 83 20 Rhodes
1448 317 43 20 and
1501 318 34 20 Co.
1536 328 26 4 —
1564 318 13 19 4
1587 317 69 20 chests
1669 317 88 26 apparel,
1768 317 14 19 3
1792 317 63 19 hhds.

1271 342 62 26 .pork,
1349 343 26 20 10
1385 344 79 20 barrels
1477 344 40 24 ale,
1529 344 13 20 6
1557 344 50 27 bags
1620 344 92 25 biscuit,.
1717 343 16 24 £
1741 344 59 20 chest
1814 346 41 21 tea,

1273 370 12 18 2
1296 370 78 20 barrels
1385 371 11 19 1
1408 378 47 13 case
1465 371 114 21 sundries.'
1637 371 4 6 '
1743 365 4 8 '
1806 365 19 26 .-*'

1359 430 291 23 METEOROLOGICAL
1663 430 106 22 TABLE.

1284 463 40 21 For
1333 464 35 20 the
1377 464 56 20 week
1442 464 73 26 ending
1528 465 114 26 Thursday,
1653 465 76 20 March
1738 465 33 23 31,
1784 465 62 19 1842.

1289 549 48 17 1842.
1354 537 1 30 j

1376 528 51 17 Time
1434 528 23 16 of.

1370 549 89 16 Observa-

1376 575 4 3 •
1391 569 44 17 tion.
1462 574 3 5 -

1488 539 56 16 Baro-

1482 561 64 16 meter.

1564 541 83 16 Thermo-

1573 562 64 16 meter.

1673 586 58 22 0*325

1771 550 92 21 Wind.,.,

1270 626 82 21 Friday...

1270 688 29 16 Sat

1355 730 2 11 i

1270 749 82 21 Sunday..

1270 811 83 22 Monday.

1393 628 11 15 8

1392 648 53 20 Ip.m.

1392 669 10 15 5

1393 690 11 14 8

1392 710 52 20 lp.m<

1393 732 10 14 s
1423 734 5 1 -

1392 751 10 16 8

1392 772 54 20 Ip.m.

1393 807 19 22 8'

1393 835 7 15 I
1403 838 42 16 p.m.

1393 856 9 14 5
1455 860 2 4 '

1392 876 11 15 8

1392 897 7 15 I
1402 901 44 16 p.m.

1392 918 10 14 5

1393 938 9 15 8

1393 959 54 20 Ip.m.

1393 979 9 16 5

1393 1000 10 15 8

1393 1021 53 20 Ip.m.

1393 1042 9 14 5

1486 628 60 15 29.800

1486 648 59 16 29.802

1486 668 59 17 29.808

1487 689 59 17 30.204

1486 709 59 17 30.300

1487 730 58 16 31.288

1486 751 59 16 30.260

1487 772 59 16 30.240

1487 792 58 17 30.220

1487 812 59 18 30.190

1486 833 60 17 30.1-10

1480 854 66 18 ■30.120

1487 875 60 18 30.144

1487 896 59 17 30.134

1486 916 59 19 30.130

1486 938 59 17 30.120

1485 960 60 16 30.126

1487 981 58 16 30.130

1487 1001 58 17 30.180

1486 1022 58 16 30.182

1485 1043 58 16 30.186

1587 629 26 16 60.

1586 650 27 16 65.

1588 670 26 17 62.

1588 691 26 16 62.

1587 711 26 16 65.
1622 711 6 4 *

1587 732 26 16 64.

1586 753 27 16 59.

1587 773 27 16 64.

1587 793 27 16 62:

1588 814 36 16 58.5

1588 834 26 16 70.

1589 855 25 16 70.

1587 876 27 16 69.

1588 896 36 17 70.5

1588 917 26 17 71.

1588 939 37 16 62.5

1588 959 26 17 70.

1588 980 26 17 70.
1624 984 2 6 '

1587 1002 27 16 67.

1588 1022 26 16 70.
1635 1019 3 4 '

1587 1043 37 16 70.5

1658 638 4 2 .
1679 629 1 6 ■

1658 638 4 3 -

1673 652 57 16 None.

1673 709 57 21 None.'

1673 774 58 17 None.

1673 836 58 17 None.
1738 834 3 5 '

1749 629 63 18 North.

1749 650 63 18 North.

1749 671 65 17 North.
1839 682 5 3 -
1858 681 3 3 •

1749 692 15 16 N
1771 692 84 20 ortherly.

1750 712 105 21 Northerly.

1750 733 104 20 Northerly.

1749 754 63 16 North.

1750 774 88 17 Variable.

1750 795 88 17 Variable.
1858 802 3 3 •

1750 816 63 17 North.

1750 836 89 21 N.byW.
1857 842 4 3 -

1750 857 22 16 N.
1779 857 60 21 byW.
1859 862 2 5 ■

1750 876 106 22 Northeirly.

1750 897 106 21 Northerly.

1751 920 106 19 Northerly.

1751 940 63 16 North.

1751 961 63 16 North.

1751 981 63 16 North.

1751 1002 63 16 North.
1823 1008 2 4 ■

1751 1023 63 16 North.
1823 1019 2 5 '

1751 1043 62 17 North.
1823 1054 3 5 ,
1832 1047 3 3 •
1861 1049 3 5 ■

1270 873 82 22 Tuesday

1673 897 58 18 None.

1270 935 43 17 Wed

1355 960 2 10 i

1355 962 2 11 i

1355 976 2 10 i

1271 986 86 29 Thu'Ti.J

1678 960 57 17 None.

1673 1023 57 17 None.

1273 1080 85 31 Friday...!

1394 1093 10 15 8
1427 1101 2 3 .
1450 1101 4 3 .

1474 1094 92 17 Moderate
1573 1095 61 17 breeze
1642 1097 37 16 and
1686 1096 32 17 but
1724 1096 39 17 fine.

1393 1135 53 20 Ip.m.

1517 1136 34 17 Do.
1593 1136 34 17 Do.
1669 1137 35 17 Do.

1394 1176 9 16 I

1516 1177 35 18 Do.
1594 1178 33 17 Do.
1670 1178 35 17 Do.

1273 1216 47 21 Sat...

1394 1217 9 16 8

1474 1217 54 21 Light
1535 1219 27 16 air
1569 1219 36 17 and
1610 1219 43 17 fins.

1393 1259 54 19 Ip.m.

1516 1259 42 21 Do..
1671 1261 34 17 Do.
1819 1273 4 11 ;

1393 1301 10 16 f

1516 1301 34 17 Do.
1591 1302 34 16 Do.
1640 1309 3 4 -
1669 1303 34 17 Do.

1328 1318 5 4 •

1273 1339 81 21 Sunday..

1394 1342 10 16 S

1518 1343 36 17 Do.
1597 1343 33 17 Do.
1673 1346 79 15 overcast
1758 1345 31 17 but
1796 1344 42 17 fine.

1394 1383 54 20 Ip.m.

1518 1384 33 18 Do.
1594 1385 36 19 Do.
1672 1386 58 21 foggy.

1394 1425 10 16 <

1517 1426 35 18 Do.
1594 1426 33 18 Do.
1670 1428 34 16 Do.

1273 1464 82 20 Monday.

1394 1467 10 15 3

1474 1468 54 21 Light
1536 1468 28 17 air
1573 1468 35 17 and
1615 1469 41 16 fine.

1394 1508 54 20 Ip.m.

1517 1509 34 17 Do.
1594 1510 32 17 D.o
1669 1511 34 16 Be.

1394 1550 9 15 i

1517 1551 34 18 Do.
1593 1551 33 18 Do.
1668 1552 38 17 So.

1394 1591 10 16 8

1720 1577 4 3 •

1274 1588 82 21 Tuesday

1516 1593 35 16 Do.
1593 1593 33 17 Do.
1670 1594 29 16 Do

1394 1633 54 19 Ip.m.

1516 1634 35 17 Do.
1593 1635 33 16 Do.
1669 1635 35 17 Do.

1394 1674 11 15 5

1517 1676 34 16 Do.
1593 1676 33 17 Do.
1670 1677 34 16 Do.

1395 1715 10 16 8

1541 1708 4 2 -

1274 1713 43 17 W«d

1516 1717 35 16 Do.
1593 1717 34 17 Do.
1669 1718 80 17 overcast
1756 1718 30 16 but
1794 1718 42 16 fine.

1395 1757 53 20 Ip.m.

1517 1758 34 17 Do.
1593 1758 33 18 Do.
1669 1759 35 17 Do.

1395 1798 10 16 (

1518 1799 35 17 Do.
1594 1800 33 17 Do.
1669 1800 35 17 Do.

1274 1838 50 18 Tfaur
1337 1851 19 5 ...

1394 1840 11 16 t

1476 1840 53 21 Light
1537 1841 27 16 air
1571 1842 36 15 and
1613 1845 43 17 very
1662 1842 43 16 fine.

1394 1882 54 20 Ip.m.

1517 1882 34 17 Do.
1593 1883 33 17 Do.
1668 1884 36 17 Do.

1394 1924 11 15 5

1471 1915 3 26 I
1518 1925 33 16 Do.
1594 1924 34 18 Do.
1671 1925 35 17 Do.

146 132 242 26 GOVERNMENT
405 130 137 26 NOTICE.

53 170 146 50 NOTICE
218 171 27 21 IS
266 170 126 22 HEREBY
407 167 106 26 GIVEN,
531 167 47 22 that
595 166 38 21 the

127 198 69 21 Court
211 197 26 21 of
251 197 93 24 Quarter
360 197 98 21 Sessions
475 192 120 30 appointed
610 197 23 17 to

53 224 27 21 be
97 223 81 22 holden
193 227 24 18 at
232 223 139 28 Wellington,
390 230 29 14 on
436 223 38 21 the
496 221 38 21 sth
551 219 44 26 day
609 219 27 21 of

53 251 66 26 April
129 254 59 22 next,
196 250 44 21 will
249 254 40 17 not
296 250 29 21 be
336 257 22 13 so
369 249 87 26 holden,
464 247 45 23 and
515 247 43 25 the,
560 246 73 26 jurors

52 276 134 21 summoned
193 277 85 21 thereto
288 276 44 21 will
341 280 38 17 not
388 275 88 27 require
485 277 22 17 to
517 273 50 27 give
576 272 57 21 their

52 303 132 21 attendance
194 303 61 21 there
271 310 27 14 on
314 303 48 21 that
377 301 50 27 day,
442 301 40 22 but
498 299 29 21 all
542 305 91 21 persons

52 329 72 21 under
138 331 156 25 recognizance
310 332 22 18 to
351 335 81 20 appear
447 335 24 14 as
489 329 143 24 prosecutors,

51 357 121 26 witnesses,
183 364 24 13 or
217 355 128 23 defendants
353 355 75 21 before
439 352 55 24 such
509 353 74 25 Court,
595 358 37 14 are

52 386 41 18 not
103 382 129 27 discharged
249 382 25 22 of
284 381 57 22 their
354 381 168 26 recognizancs;
539 379 40 21 but
589 377 44 21 will

51 409 29 21 be
90 409 101 27 required
201 412 22 18 to
231 409 54 26 give,
293 407 57 22 their
367 407 131 22 attendance
508 409 23 17 at
539 404 37 22 the
586 404 48 21 first

52 435 70 22 Court
131 435 26 22 of
167 435 104 22 Criminal
285 434 130 21 Judicature
430 438 23 16 to
468 432 28 22 be
511 430 82 23 holden
611 433 22 19 at

51 461 145 28 Wellington,
208 468 28 14 on
246 461 36 21 the
293 459 57 22 third
360 459 103 27 Tuesday
473 458 26 21 of
505 457 64 28 April
579 461 54 17 next

52 488 79 27 (being
146 489 35 20 the
198 487 51 22 19th
266 487 117 26 proximo,)
400 491 24 17 at
440 486 54 21 nine
510 492 13 14 o
533 483 60 23 clock
609 484 23 21 in

51 514 39 22 the
106 515 112 25 forenoon,
230 515 45 20 and
287 513 38 21 the
335 513 77 21 Jurors
428 512 45 22 will
489 511 85 21 receive
590 510 42 21 due

52 542 73 20 notice
134 541 35 21 for
178 540 56 22 their
244 539 135 23 attendance.

216 574 94 21 Robert
325 574 27 21 R.
368 574 100 24 Strang,

359 600 66 21 Clerk
438 600 27 21 of
475 598 37 21 the
526 598 79 21 Peace.

52 628 71 21 Court
132 627 82 25 House,
225 626 139 27 Wellington,
376 626 80 23 March
466 626 34 25 28,
512 625 59 21 1842.

144 672 241 24 GOVERNMENT
402 670 140 26 NOTICE.

287 710 73 22 Police
371 710 78 26 Office,
461 708 143 27 Wellington,

348 738 78 20 March
437 738 32 25 15,
481 736 59 21 1842.

134 771 110 21 Annual
258 770 144 27 Licensing
419 769 132 26 Meeting.

50 804 147 49 NOTICE
223 804 26 22 IS
273 803 127 22 HEREBY
425 801 107 27 GIVEN,
552 800 49 23 that
619 807 14 14 a

143 831 95 21 General
256 831 99 25 Meeting
372 830 26 21 of
414 830 95 21 Justices
527 828 25 21 of
568 827 65 27 Petty

51 857 106 26 Sessions,
168 858 74 26 acting
251 858 22 21 in
289 857 45 21 and
346 856 34 22 for
397 856 36 21 the
451 854 84 23 district
545 853 24 23 of
581 853 53 22 Port

50 884 129 26 Nicholson,
195 884 42 21 will
247 884 28 21 be
285 883 51 21 held
346 886 23 18 at
378 883 43 22 this
436 882 70 22 Office
522 888 30 15 on
564 880 69 21 Tues-

50 910 50 27 day,
117 911 36 21 the
171 910 48 22 19th
235 910 43 27 day
288 910 24 21 of
320 910 70 27 April,
405 911 60 25 1842,
483 911 23 18 to
522 907 50 22 take
585 906 47 21 into

50 937 160 22 consideration
225 937 53 21 such
289 936 141 27 applications
438 936 37 21 for
491 934 103 22 Licenses
610 939 23 14 as

48 970 48 19 may
106 965 51 19 have
171 965 46 18 been
228 964 71 25 lodged
307 964 51 19 with
368 969 32 14 me
417 969 25 14 on
452 969 25 14 or
491 961 76 25 before
567 961 65 25 Tue-

49 991 47 25 sday,
110 990 36 22 the
155 990 38 21 sth
207 990 43 27 day
256 991 25 21 of
294 990 62 27 April
363 993 61 23 next,
435 990 69 21 under
510 986 122 29 provisions

49 1018 25 20 of
88 1020 38 18 the
141 1018 44 21 Act
199 1017 24 21 of
240 1018 96 26 Council,
353 1019 13 20 2
383 1016 107 26 Victoria,
507 1015 43 22 No.
562 1016 33 24 18,
611 1013 26 22 of

51 1046 59 19 1838.

213 1070 93 22 Robert
321 1068 28 23 R.
364 1071 101 25 Strano,

318 1096 65 23 Clerk
395 1097 24 20 of
426 1096 65 27 Petty
501 1095 103 21 Sessions.

216 1141 88 21 Beach
321 1142 145 25 Frontage.

51 1175 67 48 TO
133 1174 39 22 BE
187 1174 64 27 LET,
266 1174 70 21 beach
346 1174 100 26 frontage
461 1174 43 21 lots
514 1173 24 21 in
549 1171 83 23 section

124 1202 40 21 490
174 1208 28 15 on
219 1200 37 22 the
266 1201 54 21 Plan
331 1200 26 22 of
364 1201 38 21 the
411 1200 69 21 Town
495 1199 25 21 of
528 1199 104 25 Welling-

48 1232 46 23 ton,
107 1228 114 27 adjoining
231 1228 42 21 Mr.
283 1227 86 22 Taine's
378 1231 66 22 store;
462 1226 44 22 and
515 1226 23 21 in
548 1225 83 22 section

48 1256 48 26 616,
104 1255 100 21 between
213 1254 74 27 Major
294 1254 91 22 Baker's
395 1254 44 21 and
447 1254 45 21 Mr.
501 1252 131 22 Swainson's

49 1281 89 22 houses.

77 1308 57 21 Also
144 1307 35 22 the
189 1307 111 27 following
310 1307 95 22 sections
414 1314 29 14 on
454 1307 37 21 the
499 1305 55 22 Plan
563 1305 26 21 of
596 1304 36 22 the

49 1334 79 27 Town,
138 1334 35 21 viz
179 1342 5 13 :
186 1345 28 5 —

153 1362 26 19 55
313 1362 42 20 319
504 1360 39 20 922

141 1388 41 21 240
314 1388 41 21 718
491 1387 53 21 1079

75 1414 76 27 Apply
166 1418 24 18 to

226 1441 26 21 E.
267 1440 22 22 J.
303 1440 149 27 Wakefield,
469 1447 25 14 or

224 1467 36 20 W.
275 1467 26 22 V.
317 1468 108 26 Brewer,
440 1468 190 21 Manners-street.

50 1514 122 24 Country
186 1513 121 20 Sections
327 1513 42 20 for
389 1513 60 20 Sale
471 1517 36 15 on
525 1510 107 21 Liberal

292 1540 100 20 Terms.

51 1566 163 48 SEVERAL
249 1566 99 21 Sections
375 1566 27 21 of
433 1566 99 24 Country
559 1562 71 27 Land,

116 1592 89 28 already
215 1592 81 22 chosen
305 1593 23 21 in
339 1592 37 22 the
390 1592 93 22 Porirua
497 1590 91 26 district,
599 1589 34 21 for

50 1619 58 28 Sale,
119 1627 74 14 terms
203 1627 103 14 liberal.
336 1619 75 27 Apply
419 1623 24 18 to

146 1652 24 22 F.
184 1653 29 21 A.
228 1653 168 26 Molesworth,
414 1652 183 27 Murphy-street,
608 1656 24 14 or

144 1679 36 22 W.
197 1679 26 22 V.
238 1680 105 26 Brewer,
356 1680 192 21 Manners-street.

49 1724 144 49 LAND
216 1724 256 22 AGENCIES.—
472 1723 40 22 TO
534 1721 98 22 LAND-

127 1751 178 22 HOLDERS.—
305 1750 48 23 The
371 1749 155 28 Undersigned
544 1750 44 25 beg
610 1751 22 18 to

49 1778 55 22 offer
113 1778 133 21 themselves
255 1781 23 18 to
287 1778 57 21 their
352 1777 85 22 friends
447 1777 45 22 and
505 1776 38 21 the
559 1774 73 28 public

49 1811 24 15 as
83 1805 87 25 Agents
179 1804 34 22 for
223 1804 36 22 the
270 1804 93 28 disposal
371 1804 26 21 of
402 1804 70 22 Town
482 1802 44 23 and
534 1802 98 26 Country

49 1831 84 27 Lands,
144 1831 44 22 and
197 1835 57 18 trust
263 1831 55 22 their
328 1830 95 23 colonial
435 1830 131 28 experience
581 1835 51 20 may

48 1857 80 23 entitle
138 1857 60 22 them
207 1861 23 18 to
240 1865 14 14 a
265 1858 62 21 share
338 1858 26 21 of
372 1858 39 21 the
419 1858 77 26 public
503 1859 128 24 patronage.

75 1884 66 27 They
150 1884 44 22 will
203 1885 27 23 be
238 1884 74 28 happy
321 1888 24 18 to
353 1891 93 20 arrange
459 1886 35 19 for
503 1883 44 21 and
557 1888 75 21 super-

48 1911 81 22 intend
138 1911 37 22 the
184 1919 91 19 surveys
282 1911 43 22 and
331 1911 160 22 sub-divisions
498 1909 26 22 of
529 1910 36 21 the
571 1908 61 23 land.

50 1938 91 23 Liberal
150 1938 109 22 advances
268 1938 43 22 will
324 1938 28 22 be
367 1938 65 22 made
442 1945 30 14 on
480 1936 65 24 lands
554 1936 78 28 placed

48 1964 24 23 in
82 1964 59 23 their
150 1964 69 22 hands
226 1964 35 23 for
268 1965 51 22 sale.
348 1965 63 27 They
418 1965 43 21 will
470 1965 46 21 also
522 1963 28 22 be
559 1963 71 27 happy

49 1994 23 19 to
82 1992 66 21 assist
156 1992 133 27 proprietors
297 1992 23 21 in
328 1992 88 26 leasing
425 1992 59 21 their
492 1990 71 23 lands.

326 2025 64 23 John
400 2025 45 21 and
456 2025 58 22 Geo.
524 2024 80 22 Wapb.

260 2070 162 26 Wanganui.

50 2101 89 49 FOR
153 2101 83 21 SALE.
237 2113 28 3 —
265 2101 64 21 Land
346 2102 101 21 between
465 2109 43 14 one
527 2100 45 22 and
588 2102 43 19 two

122 2128 64 21 miles
202 2128 25 21 of
238 2128 37 21 the
289 2128 109 28 township
415 2132 23 18 at
457 2126 127 28 Wanganui
598 2126 34 21 for

49 2154 52 27 sale,
112 2154 25 21 in
147 2154 76 22 blocks
231 2156 27 20 of
268 2154 42 22 five
319 2162 60 14 acres
393 2155 44 21 and
452 2154 107 29 upwards,
571 2160 25 15 or
609 2156 23 18 to

47 2181 33 21 let
89 2188 31 14 on
132 2188 54 20 very
197 2181 76 21 liberal
284 2185 73 23 terms,
367 2182 54 22 with
429 2182 39 22 the
482 2180 59 28 right
550 2181 24 21 of
581 2187 51 21 pur-

49 2208 74 22 chase.
152 2208 74 27 Apply
236 2212 22 17 to
268 2208 26 22 R.
306 2208 65 28 Park,
380 2209 62 27 Esq.,
451 2216 26 14 or
486 2212 22 18 to

383 2243 22 21 J.
421 2243 45 20 and
482 2243 27 20 G.
525 2241 80 22 Wade.

50 2286 155 26 Wanganui
228 2287 75 21 Land
325 2288 93 26 Agent
438 2288 54 19 and
516 2284 115 23 General

168 2314 180 21 Commission
364 2314 149 21 Merchant.

51 2340 92 22 riIHE
161 2340 149 27 undersigned
327 2341 53 27 begs
397 2344 23 18 to
435 2341 54 21 offer
506 2338 92 23 himself
608 2340 22 19 to

57 2362 30 27 JL
125 2367 37 21 the
178 2366 74 27 public
267 2374 24 15 as
307 2367 63 22 Land
382 2368 77 26 Agent
475 2366 45 23 and
535 2364 97 23 General

51 2394 146 21 Commission
220 2394 116 22 Merchant
363 2395 34 21 for
425 2394 37 21 the
491 2394 85 22 district
611 2392 24 21 of

49 2420 135 26 Wanganui.
213 2420 36 22 He
259 2421 39 22 has
308 2422 57 21 been
375 2422 34 21 for
419 2421 37 21 the
465 2422 44 21 last
517 2421 13 20 9
543 2418 89 23 months

50 2455 29 14 on
96 2448 38 21 the
151 2445 53 23 staff
217 2448 117 27 surveying
351 2448 48 21 that
418 2448 91 26 district,
529 2446 43 22 and
592 2445 39 22 has

50 2474 161 27 consequently
220 2475 57 20 been
288 2475 92 22 enabled
391 2478 22 18 to
430 2474 90 26 acquire
531 2476 101 19 accurate

48 2500 143 23 information
209 2502 122 26 respecting
345 2501 36 22 the
398 2501 62 22 land.
488 2500 61 25 This,
559 2498 73 23 added

50 2531 23 18 to
84 2528 37 21 the
132 2527 129 27 experience
271 2528 28 21 he
309 2528 38 22 has
358 2528 42 21 had
410 2528 22 21 in
444 2527 106 23 Scotland
560 2527 23 20 in
594 2525 38 22 the

49 2557 159 23 management
224 2555 25 21 of
263 2555 52 22 land
332 2554 44 23 and
392 2554 69 28 stock,
473 2554 28 22 he
512 2557 65 18 trusts
588 2552 44 21 will

50 2581 81 22 enable
140 2580 47 22 him
197 2584 22 18 to
229 2580 27 23 do
267 2588 65 20 every
338 2582 81 26 justice
430 2585 22 18 to
463 2582 34 21 his
507 2580 124 27 employers

49 2608 24 21 in
92 2608 39 21 the
150 2608 104 21 selection
278 2615 24 14 or
320 2608 108 27 purchase
452 2608 27 21 of
498 2608 59 21 land.
595 2606 36 21 He

50 2634 86 23 flatters
158 2634 94 27 himself,
273 2634 46 22 that
341 2635 35 21 his
394 2636 160 27 acquaintance
577 2632 53 23 with

49 2661 92 27 general
157 2661 97 22 business
265 2662 44 21 will
324 2662 80 21 enable
419 2662 47 22 him
477 2665 22 18 to
509 2660 49 28 give
568 2660 63 22 satis-

49 2688 84 22 faction
151 2691 21 18 to
183 2688 61 22 those
256 2688 47 22 who
316 2695 52 21 may
378 2689 90 26 consign
485 2688 69 28 goods
565 2691 21 18 to
597 2686 35 22 his,

51 2715 81 27 charge
141 2715 36 21 for
185 2715 52 22 sale.
264 2714 61 23 With
338 2723 13 14 a
361 2716 54 21 view
425 2720 22 17 to
464 2715 82 26 adding
560 2717 23 18 to
596 2712 36 22 his

48 2742 105 23 facilities
160 2741 22 22 in
193 2741 111 28 disposing
313 2742 25 21 of
343 2742 62 21 stock
412 2742 46 21 and
466 2740 164 26 merchandize,

50 2768 29 23 he
89 2768 40 22 has
139 2768 66 23 taken
216 2772 38 18 out
263 2775 28 16 an
301 2769 155 22 Auctioneer's
466 2769 102 22 Licence.

407 2802 61 22 John
485 2803 119 21 Cameron.

78 2828 45 23 Kai
132 2836 70 14 warra
209 2836 76 20 warra,
294 2829 124 22 December
426 2831 35 24 31,
469 2830 62 20 1841.

152 2874 104 21 Nelson
269 2874 75 21 Land
360 2874 143 26 Agencies.

51 2907 92 49 THE
158 2907 149 27 undersigned
320 2907 42 27 beg
371 2911 22 17 to
404 2907 54 22 offer
468 2906 132 23 themselves
610 2908 21 18 to

125 2934 39 22 the
173 2933 74 28 public
257 2942 23 14 as
289 2938 77 23 agents
376 2934 35 22 for
419 2934 38 22 the
467 2933 106 23 selection
588 2932 44 22 and

51 2961 97 26 disposal
158 2961 25 21 of
190 2965 57 17 town
257 2961 44 21 and
311 2963 92 24 country
419 2961 65 22 lands
494 2961 23 21 in
529 2959 36 22 the
583 2966 49 15 new

50 2988 128 22 settlement
204 2988 26 20 of
254 2987 90 22 Nelson.
383 2988 75 27 Apply
480 2991 24 19 to
526 2986 105 26 Wallace,

51 3013 81 28 White,
143 3014 45 22 and
198 3013 103 28 Wallace,
315 3014 142 27 Wellington.

172 3048 120 22 Patchett
304 3048 44 22 and
364 3048 88 27 White,
465 3046 65 25 Land
538 3047 101 27 Agents,,

345 3074 93 23 Nelson.

77 3101 131 27 December,
221 3102 60 21 1841.

129 3161 7 5 .
163 3146 75 20 Land
252 3146 113 26 Agency
374 3148 28 19 at
416 3147 112 20 Nelson.

58 3178 99 22 TOHN
180 3178 34 21 W.
233 3178 186 28 BARNICOAT,
444 3180 122 21 Surveyor
585 3185 47 16 and

51 3210 27 17 V
115 3206 64 21 Civil
195 3206 127 26 Engineer,
338 3206 92 27 Nelson,
447 3206 45 22 will
511 3206 28 22 be
557 3206 75 27 happy

51 3234 22 19 to
85 3238 84 21 engage
183 3232 90 22 himself
285 3232 24 21 in
320 3232 35 22 the
366 3233 70 22 above
448 3232 83 23 named
546 3232 86 28 capaci-

51 3259 48 26 ties,
111 3265 23 14 as
144 3265 28 15 an
188 3263 66 23 agent
261 3259 36 22 for
306 3259 36 22 the
351 3259 106 22 selection
468 3260 26 21 of
503 3259 65 27 land,'
574 3267 25 14 or
607 3258 24 21 in

51 3292 45 19 any
108 3285 63 21 other
179 3293 48 19 way
237 3286 121 21 connected
369 3286 51 21 with
429 3286 34 22 his
477 3286 141 27 professions.

193 3330 84 21 Town
292 3332 84 20 Acres
390 3333 28 19 to
433 3332 58 20 Let.

240 3363 30 16 on
278 3357 39 22 the
324 3357 237 27 Surveyor-General's
571 3364 59 20 map,

51 3373 44 33 JM
239 3384 39 21 510
438 3384 41 22 263
505 3385 3 4 '

78 3410 45 22 For
129 3409 136 29 particulars,
275 3410 65 28 apply
347 3413 24 19 to
380 3410 105 29 Wallace,
500 3411 79 25 White,
587 3410 45 24 and

51 3437 109 22 Wallace.

127 3481 131 26 Building
271 3481 167 23 Allotments
452 3485 29 19 to
497 3484 58 21 Let,

51 3514 93 50 THE
162 3514 196 23 ADVERTISER
372 3516 65 22 offers
449 3523 63 20 upon
527 3516 106 26 Building

127 3542 87 26 Leases,
226 3549 14 14 a
248 3540 95 23 number
351 3542 27 21 of
387 3542 67 23 Town
463 3543 135 22 Allotments
608 3542 23 23 in

51 3568 38 23 the
98 3572 60 18 most
163 3568 110 25 .desirable
282 3571 59 24 parts
350 3568 27 21 of
387 3568 42 22 this
439 3570 138 21 Settlement.

77 3594 48 23 The
144 3595 108 22 attention
270 3594 26 23 of
311 3593 38 23 the
365 3595 75 27 public
454 3596 20 22 is
489 3594 142 30 particularly

51 3621 72 23 called
141 3625 24 18 to
183 3621 38 22 the
238 3621 122 27 advantage
379 3621 26 22 of
421 3622 106 28 Building
543 3622 87 27 Leases,

51 3648 73 22 which
133 3648 39 21 the
180 3647 149 28 undersigned
336 3648 18 21 is
366 3647 94 23 enabled
469 3653 22 18 to
501 3653 71 24 grant,
581 3650 50 26 viz.,

50 3675 58 22 from
117 3681 70 15 seven
197 3677 22 18 to
235 3678 136 24 twenty-one
386 3681 73 21 years,
475 3676 118 27 according
610 3678 21 19 to

50 3701 39 22 the
106 3701 68 22 value
191 3700 26 22 of
237 3700 36 23 the
296 3701 110 27 buildings
428 3702 110 27 proposed
559 3706 22 18 to
604 3701 28 23 be

52 3728 97 22 erected.
178 3727 74 29 Apply
261 3731 23 18 to

214 3754 22 21 J.
250 3754 25 23 T.
291 3754 143 26 Wicksteed,
446 3756 32 20 or'

213 3780 35 23 W.
263 3781 28 21 V.
305 3781 106 27 Brewer,
427 3781 185 22 Manners-street

52 3825 68 48 TO
136 3824 39 22 BE
188 3824 66 23 LET.
270 3826 37 21 the
324 3828 58 19 town
400 3832 50 16 acre
467 3826 44 22 No.
522 3826 49 26 210,

125 3850 102 28 building
236 3852 65 26 lease,
310 3852 34 21 for
352 3853 101 25 fourteen
465 3859 71 21 years.

77 3877 34 22 To
120 3877 28 23 be
158 3877 31 23 let
197 3885 23 15 or
229 3878 55 28 sold,
294 3878 38 22 the
341 3882 58 18 town
407 3886 50 16 acre
467 3880 44 22 No.
522 3880 47 21 642.

318 3911 22 23 J.
354 3911 28 23 T.
397 3911 144 28 Wicksteep,

379 3938 222 25 Hawkstone-starot.

754 127 245 26 GOVERNMENT
1016 127 139 24 NOTICE.

726 165 5 3 ■
774 156 5 7 '
868 156 4 4 '
902 158 142 27 Wellington,
1056 158 64 28 April
1129 160 20 25 8,
1157 159 63 21 1842.

658 193 148 50 NOTICE
825 192 29 22 IS
873 191 129 23 HEREBY
1025 191 116 26 GIVEN,;
1158 191 49 21 that
1233 198 14 14 a

732 219 69 22 Court
813 219 26 21 of
857 217 57 23 Civil
930 217 43 22 and
990 217 117 24 Criminal.
1116 217 134 24 Judicature,

659 246 35 22 for
703 245 36 22 the
751 246 109 21 Southern
872 244 93 22 District
974 244 26 21 of
1010 244 57 21 New
1073 244 81 26 Ulster,
1165 244 42 22 will
1218 244 27 21 be

659 272 82 22 holden
757 272 76 22 within
849 271 37 22 the
902 271 68 21 Court
985 270 84 27 House,
1080 273 24 18 at
1114 270 132 27 Wellington

659 298 115 27 aforesaid,
792 306 28 14 on
836 296 110 28 Tuesday,
969 296 38 22 the
1023 297 52 21 19th
1088 296 90 27 instant,
1194 299 23 19 at
1232 297 14 21 9

660 325 84 21 o'clock
753 325 24 21 in
786 324 38 22 the
833 325 106 21 forenoon
946 331 6 19 ;
963 322 64 22 when
1036 323 31 21 all
1075 330 91 20 persons
1176 322 70 22 under

658 351 158 27 recognizance
828 355 21 17 to
860 356 80 22 appear
944 357 23 14 as
974 351 145 25 prosecutors^
1127 350 117 26 witnesses,

659 384 25 15 or
697 378 137 26 defendants,
846 376 75 22 before
938 373 55 24 such
1007 376 75 26 Court,
1093 383 37 14 are
1143 376 102 28 required

654 408 28 18 •to
696 404 50 27 give
762 404 57 22 their
833 402 131 23 attendance
1047 402 44 22 and
1107 402 62 22 there
1175 411 6 19 ;
1201 402 44 22 and

659 430 30 22 all
704 437 89 21 perspns
808 430 122 24 who^have
949 428 88 28 appeals
1055 432 22 17 to
1097 428 108 28 interpose
1220 435 26 15 or

659 457 63 21 other
740 457 100 21 business
854 461 23 17 to
891 458 96 19 transact
1002 462 36 15 are
1055 455 86 22 desired
1157 459 22 17 to
1194 454 50 28 give

658 483 59 22 their
726 483 141 27 attendance,
878 482 53 21 time
942 482 45 21 and
995 482 63 26 place
1068 481 117 22 aforesaid.
1204 487 4 4 '

969 515 95 22 Robert
1080 514 28 22 R.
1118 515 99 26 Strano,

1007 541 65 22 Clerk
1082 541 26 21 of
1118 540 37 22 the
1165 541 78 21 Peace.

827 587 90 21 Beach
931 586 144 26 Frontage.

659 621 68 49 TO
737 621 40 21 BE
792 620 85 26 SOLD,
886 619 23 21 in
919 619 43 21 lots
971 618 26 22 of
1004 621 39 19 not
1051 618 45 22 less
1103 618 54 22 than
1165 619 27 21 20
1199 618 45 21 feet

735 648 37 20 'in
790 647 100 25 breadth,
911 645 37 22 the
967 645 71 21 whole
1058 645 25 21 of
1103 644 38 22 the
1160 645 83 21 section

659 674 44 22 No.
710 675 41 21 485
762 681 29 14 on
802 673 36 22 the
846 673 55 21 Plan
912 673 26 20 of
941 672 38 21 the
988 672 70 20 Town
1067 671 26 21 of
1099 670 143 28 Wellington,

659 700 83 27 having
752 700 113 27 frontages
873 706 60 19 upon
945 698 229 27 Lambton-quayand
1184 705 59 20 upon

659 727 242 26 Wellington-terrace.
930 724 109 22 One-half
1051 727 24 19 ot
1090 724 37 21 the
1137 724 107 28 purchase

659 760 82 20 money
748 753 45 21 will
802 753 27 22 be
835 751 95 23 allowed
940 755 21 17 to
966 751 86 22 remain
1061 758 59 19 upon
1130 755 113 23 mortgage

659 781 35 21 for
703 780 43 21 five
756 786 71 21 years,
843 784 24 17 at
883 780 26 20 10
924 785 39 20 per
976 781 58 19 cent.
1063 778 78 21 Terms
1150 785 53 20 may
1216 778 28 21 be

658 806 92 22 learned
761 814 30 14 on
800 805 134 29 application
946 808 21 18 to

929 831 98 21 Hanson
1041 830 46 22 and
1101 830 115 22 Alzdorf.
1249 834 2 27 j

796 879 86 19 Town
896 877 77 19 Land
984 875 43 21 for
1040 875 69 21 Sale.

660 910 102 49 THE-
767 910 70 22 whole
856 910 26 21 of
894 912 59 18 town
964 909 96 22 sections
1074 908 54 22 Nos.
1138 909 47 26 285,
1195 909 46 25 106,

735 937 44 22 and
796 938 54 25 878,.
854 936 45 23 and
913 939 50 23 part
971 936 26 21 of
1011 939 59 18 town
1085 935 97 22 sections
1194 936 47 24 204,

659 965 47 25 248,
719 964 43 21 and
778 965 40 20 528
834 971 38 14 are
885 962 82 22 offered
975 962 36 21 for
1020 962 53 21 sale.
1103 961 57 22 Half
1171 961 24 22 of
1207 961 36 22 the

659 990 108 28 purchase
783 998 82 19 money
875 993 21 18 to
907 988 85 22 remain
1002 996 29 14 on
1047 992 121 23 mortgage,
1180 991 23 19 at
1217 989 26 21 10

660 1025 39 19 per
708 1021 59 18 cent.
796 1017 44 22 For
849 1016 136 28 particulars,
997 1014 66 29 apply
1072 1019 23 17 to

931 1048 98 22 Hanson
1042 1048 47 22 and
1103 1047 114 23 Alzdorf.

775 1096 122 25 Country
913 1094 76 21 Land
1004 1094 42 21 for
1060 1094 68 21 Sale.

661 1129 67 48 TO
743 1128 40 22 BE
797 1128 78 22 SOLD
893 1127 35 21 IN
945 1127 80 27 LOTS,
1040 1130 24 18 to
1080 1127 44 22 suit
1138 1127 38 22 the
1193 1134 51 14 con-

734 1155 108 21 venience
854 1155 26 21 of
886 1154 136 28 purchasers,
1032 1153 43 23 No.
1083 1155 13 20 3
1106 1154 23 21 in
1140 1154 36 21 the
1187 1158 57 18 town

661 1182 89 27 district,
763 1182 43 21 No.
816 1183 28 20 44
853 1183 22 20 in
887 1181 37 21 the
939 1180 59 22 Hutt
1007 1181 93 21 district,
1112 1181 43 21 and
1166 1181 42 21 No.
1218 1182 26 20 68

659 1209 23 20 in
699 1209 38 21 the
756 1209 93 21 Porirua
868 1208 86 21 district
960 1215 6 13 :
981 1207 51 21 half
1042 1207 26 21 of
1084 1202 37 26 the
1138 1207 106 27 purchase

661 1242 81 20 money
750 1235 46 21 will
810 1235 32 21 be'
847 1233 94 23 allowed
957 1237 21 18 to
987 1234 85 21 remain
1084 1241 29 14 on
1122 1237 120 24 mortgage,

661 1267 22 16 at
693 1264 26 19 10
727 1269 40 20 per
777 1265 58 19 cent.
865 1261 45 22 For
918 1260 136 27 particulars,
1067 1260 66 28 apply
1143 1263 23 19 to

932 1294 98 22 Hanson
1043 1294 45 21 and
1103 1294 115 22 Alzdorf.
1248 1310 2 2 -

679 1341 87 19 Town
781 1340 54 20 and
850 1340 123 24 Country
987 1340 77 19 Land
1079 1340 29 19 to
1123 1340 33 19 be
1173 1340 55 19 Let.
1249 1341 2 4 '

663 1373 166 48 SECTIONS
846 1373 46 21 and
906 1371 101 28 portions
1023 1371 25 23 of
1061 1371 102 23 Sections
1178 1372 23 21 in
1216 1371 34 22 all.

730 1404 61 23 parts
808 1400 25 21 of
847 1400 39 21 the
907 1398 67 22 Xown
993 1398 27 22 of
1035 1398 145 27 Wellington,
1199 1399 45 21 also

661 1427 99 27 Country
770 1427 100 21 Sections
885 1427 23 20 in
920 1425 37 21 the
974 1425 95 21 districts
1086 1425 26 21 of
1125 1425 37 22 the
1179 1425 65 27 Hutt,

660 1453 37 21 the
711 1453 86 26 Kaiori,
808 1453 38 21 the
856 1452 77 27 Ohiro,
946 1452 44 21 and
1003 1451 37 23 the
1054 1452 100 21 Porirua.
1183 1451 63 28 Long

660 1480 69 21 leases
740 1479 26 22 of
773 1480 37 21 the
827 1483 95 21 country
933 1478 52 22 land
1002 1478 44 22 will
1062 1479 28 21 be
1105 1479 94 26 granted
1217 1486 28 14 on

660 1507 130 21 reasonable
802 1510 73 17 terms.
904 1503 45 23 For
959 1505 130 27 particulars
1098 1505 66 28 apply
1175 1508 22 18 to

686 1538 99 21 Hanson
796 1537 45 22 and
854 1538 118 25 Alzdorf,
980 1536 199 27 Thorndon-quay.
1191 1543 24 14 or
1224 1540 22 18 to

686 1564 95 23 Robert
792 1564 95 27 Stokes,
898 1562 65 23 Land
977 1564 111 26 Surveyor
1105 1563 45 22 and
1163 1563 82 27 Agent,

844 1590 217 22 Woolcomb-street.

660 1636 80 22 PORT
761 1634 182 23 NICHOLSON
973 1634 67 22 AND
1063 1634 183 22 WANGANUI.

773 1670 92 20 Lands
875 1671 28 18 to
913 1668 35 21 be
958 1668 49 21 Let
1018 1674 29 15 or
1057 1668 72 21 Sold.

661 1703 164 49 SEVERAL
845 1703 70 21 Town
933 1701 45 22 and
992 1701 100 27 Country
1111 1701 94 22 sections
1223 1702 23 22 in

725 1729 37 22 the
777 1730 51 21 Port
839 1728 124 22 Nicholson
979 1728 90 27 district,
1086 1728 45 22 and
1148 1729 98 27 Country

659 1757 96 21 sections
762 1757 23 21 in
796 1756 37 22 the
843 1755 127 27 Wanganui
979 1755 91 26 district,
1081 1755 52 21 with
1143 1755 37 21 the
1188 1755 59 26 right

661 1783 24 21 of
705 1784 62 26 early
785 1783 88 22 choices
893 1781 81 28 (under
989 1782 36 26 14)
1043 1782 25 21 of
1088 1781 38 22 the
1141 1781 106 23 intended

660 1810 109 27 township
776 1810 68 27 there,
853 1813 23 18 to
882 1810 27 21 be
915 1808 50 22 sold
971 1816 24 14 or
1002 1808 38 22 let.
1068 1808 44 22 For
1119 1809 128 26 particulars

660 1837 45 21 and
713 1839 75 25 terms,
800 1837 66 27 apply
877 1841 22 17 to

844 1864 96 21 Robert
953 1862 28 22 R.
997 1862 99 27 Strano,
1112 1862 107 22 Solicitor.
1238 1870 4 2 •

686 1890 146 27 Wellington,
842 1890 59 22 Nov.
910 1890 36 25 25,
957 1890 51 20 1841
1021 1892 6 3 '

729 1937 44 20 Eac
953 1935 54 20 and

661 1970 116 49 CORD,
788 1971 56 25 lace,
853 1969 96 29 quilting
959 1972 45 23 net,
1015 1968 69 27 gimp,

731 1997 98 27 Figured
838 1997 56 27 lace,
905 1996 66 26 fancy
982 1995 45 22 and
1034 1995 62 27 plain
1106 1997 44 25 net,

686 2024 67 22 Wool
762 2025 86 25 shawls,
860 2025 41 21 &c.
912 2023 48 26 &c,
1005 2036 5 3 -

685 2051 67 21 Duck
760 2054 111 22 trowsers,
881 2048 82 27 frocks,
974 2049 48 25 &c,

685 2077 115 26 Blankets,
812 2084 58 19 rugs,
881 2075 78 28 prints,
971 2075 48 26 &c,

686 2104 77 25 Shirts,
773 2103 94 27 jackets,
878 2107 108 21 trowsers,
999 2102 48 26 &c,

686 2130 98 27 Ploughs
794 2130 43 22 and
847 2128 143 29 agricultural
999 2128 149 28 implement!,

685 2158 39 20 An
736 2157 113 21 extensive
860 2157 33 21 lot
903 2156 26 20 of
938 2155 62 27 nails,

686 2184 163 27 Ironmongery
860 2183 26 22 of
893 2182 30 22 all
932 2182 72 22 kinds.
1220 2197 3 4 .
1248 2186 2 9 J

795 2216 124 26 Wallace,
936 2215 91 27 White,
1038 2215 46 22 and
1096 2215 122 22 Wallace.

900 2261 105 25 Bricks,

661 2296 87 49 FOR
764 2296 84 25 SALE,
860 2299 24 18 at
899 2296 46 22 60s.
962 2302 40 19 per
1018 2295 118 22 thousand.
1170 2295 76 33 Apply

719 2328 23 17 to
759 2323 22 22 J.
800 2323 93 27 Pitnble-,
905 2326 22 19 at
941 2321 37 22 the
995 2322 169 27 Sydney-street
1180 2317 66 27 Brick

661 2350 43 22 and
712 2350 49 22 Tile
778 2350 88 26 Works,
878 2354 23 17 at
910 2349 38 22 the
964 2356 49 14 rear
1023 2349 26 21 of
1060 2349 92 22 Colonel
1166 2349 80 22 Wake-

849 2377 71 22 field's
934 2376 122 21 residence.

725 2404 79 21 Terms
806 2415 25 4 —
833 2404 52 21 cash
896 2410 27 15 on
936 2403 99 26 delivery
1045 2407 23 18 at
1079 2403 37 22 the
1126 2403 55 22 kiln.
