2510 3999
593 471 219 37 PUBLISHED
857 473 133 37 EVERY
1033 473 258 37 WEDNESDAY
1334 473 89 37 AND
1467 475 227 38 SATURDAY
1739 479 204 37 MORNING.

576 586 128 32 PORT
727 586 286 40 NICHOLSON,
1036 588 260 32 SATURDAY
1319 588 238 40 MORNING,
1579 593 173 32 MARCH
1776 599 50 32 11,
1849 600 87 28 1843.

61 588 60 32 No.
137 587 86 39 227.]

1229 31 100 31 THE

71 79 454 130 NEW
630 84 873 132 ZEALAND
1610 89 231 137 GA
1869 94 592 132 ZETTE

1242 247 101 31 AND

67 278 961 155 WELLINGTON
1124 278 288 155 AND
1508 278 960 155 SPECTATOR.

2256 602 99 39 [Vol.
2377 602 68 35 111.

75 680 133 21 Valuable
222 679 135 21 Premises
377 678 56 21 and
446 679 52 20 Fat
512 678 93 25 Sheep.

49 714 90 49 MR.
154 712 84 22 JOHN
253 712 96 22 WADE
364 711 44 22 will
425 710 41 23 sell
480 710 31 27 by
525 710 99 27 Auction,

125 743 23 19 at
162 740 35 20 his
210 742 70 18 stores
294 738 33 22 Te
342 739 56 24 Aro,
409 745 29 14 on
452 736 104 27 Tuesday
571 740 53 23 next,

49 770 22 19 at
80 769 10 19 1
101 766 87 22 o'clock
197 765 106 28 precisely
314 773 6 14 :

181 797 64 23 THE

50 825 56 22 That
112 825 100 26 superior
219 823 156 26 substantially
381 823 59 21 built
444 821 102 22 Wooden
555 821 69 21 House

49 852 78 21 situate
142 859 23 14 in
175 851 157 26 Willis-street,
342 849 70 27 lately
427 847 106 28 occupied
547 847 30 27 by
588 848 36 21 Mr.

50 879 85 26 George
145 877 81 27 Young
236 884 25 14 as
277 884 11 14 a
302 876 97 26 Tavern,
410 875 74 22 under
498 874 37 22 the
551 875 49 26 sign
610 875 14 21 oi

180 910 64 21 THE

47 937 52 22 This
113 936 70 22 house
198 936 120 26 comprises
334 935 54 22 nine
402 934 59 28 good
477 933 147 23 well-finished

48 971 79 19 rooms,
139 963 61 25 (four
208 970 28 14 on
247 962 38 22 the
294 962 90 27 ground
392 962 45 21 and
445 962 44 21 five
499 961 77 21 on'the
585 961 39 20 first

48 990 70 27 floor,)
131 990 30 21 all
169 990 24 21 in
207 989 60 27 good
282 988 66 23 order
364 988 46 22 and
425 988 68 28 ready
503 988 35 21 for
551 987 73 21 imme-

47 1017 56 21 diate
127 1017 139 27 occupation.
303 1015 48 22 The
371 1016 102 26 frontage
492 1015 19 21 is
532 1015 28 20 36
579 1013 45 22 feet.

47 1043 45 22 The
101 1042 52 23 land
164 1043 18 21 is
191 1042 51 22 held
254 1042 73 21 under
336 1042 68 26 lease,
416 1043 24 20 11
450 1048 65 20 years
525 1040 45 21 and
578 1040 46 21 nine

46 1070 86 21 months
143 1068 26 22 of
179 1068 73 22 which
261 1068 19 21 is
290 1068 133 26 unexpired,
434 1068 43 21 and
486 1068 41 21 has
539 1074 12 14 a
561 1067 63 21 front-

45 1104 39 20 age
99 1100 21 17 to
136 1096 151 21 Willis-street
301 1095 26 22 of
338 1096 28 20 36
383 1094 51 27 feet,
451 1094 54 22 with
520 1101 14 13 a
550 1093 74 22 second

46 1124 98 26 frontage
161 1126 22 18 to
199 1122 101 22 Dickson
315 1122 74 21 Street
404 1121 25 22 of
450 1123 27 20 80
494 1121 52 21 feet.
583 1120 41 21 The

45 1150 66 21 house
120 1148 45 23 and
174 1148 59 22 lease
244 1148 45 22 will
297 1148 29 22 be
343 1148 50 21 sold
406 1147 36 22 for
456 1148 38 21 the
507 1147 117 27 unexpired

47 1176 85 27 portion
144 1175 26 22 of
181 1175 36 22 the
227 1175 68 26 lease,
306 1174 88 28 subject
410 1177 23 19 to
449 1181 15 14 a
479 1173 87 28 ground
581 1176 43 18 rent

47 1202 24 22 of
77 1203 32 22 £5
119 1209 40 21 per
168 1209 60 19 year.
258 1202 22 21 It
289 1202 18 21 is
314 1201 76 27 hoped
398 1201 49 22 that
456 1201 38 21 the
505 1200 119 26 excellency

46 1230 25 21 of
80 1229 38 22 the
127 1228 103 27 building
240 1228 46 22 and
301 1228 38 21 the
349 1227 132 27 flourishing
491 1230 55 18 state
557 1227 25 21 of
593 1226 31 22 the

46 1255 182 28 neighbourhood
237 1255 24 22 in
271 1255 73 22 which
353 1255 19 20 it
377 1254 84 27 stands,
470 1253 99 28 together
578 1253 46 22 with

45 1283 36 21 the
90 1290 53 20 very
153 1282 64 21 small
226 1282 86 26 ground
320 1284 59 24 rent,
390 1281 45 22 will
444 1283 79 20 attract
534 1280 90 21 discern-

246 1309 39 26 ing
293 1308 139 27 purchasers.

252 1349 75 15 AFTER
336 1348 86 20 WHICH,

126 1376 84 23 FOUR
224 1375 159 22 HUNDRED
398 1374 151 22 WETHERS

49 1411 26 22 In
92 1409 110 23 excellent
216 1408 118 27 condition,
351 1407 44 22 and
410 1406 134 27 thoroughly
554 1405 70 22 clima-

47 1437 63 27 tized,
126 1437 83 26 having
222 1436 60 21 been
297 1435 25 22 in
337 1434 38 22 the
391 1434 85 27 Colony
491 1432 102 29 upwards
608 1433 16 21 of

259 1462 43 22 five
315 1461 96 22 months.

170 1504 75 14 TERMS
257 1495 127 27 (LIBERAL,)
395 1502 29 14 AT
435 1502 63 14 SALE.

46 1531 77 23 March
133 1530 20 27 7,
165 1531 59 21 1843.

47 1575 157 23 /GEORGE
227 1574 117 22 BRIGGS
366 1574 55 27 begs
444 1576 23 19 to
489 1573 84 21 inform
592 1572 32 21 the

47 1601 50 24 \JT
124 1604 78 25 gentry
221 1601 43 21 and
280 1601 139 21 inhabitants
439 1600 26 21 of
481 1599 143 27 Wellington,

45 1630 45 21 that
96 1629 29 22 he
136 1629 40 20 has
186 1628 68 21 taken
268 1627 36 21 the
320 1627 72 22 Hotel
404 1626 69 27 lately
484 1625 106 27 occupied
598 1625 26 27 by

45 1656 42 22 Mr.
103 1655 84 27 Lodge,
204 1658 23 18 at
245 1654 46 22 Kai
306 1653 88 26 Warra,
405 1653 74 22 which
496 1653 29 21 he
541 1651 83 23 intends

45 1682 94 28 opening
148 1689 29 14 on
188 1681 101 26 Monday
304 1683 61 24 next,
377 1680 81 22 March
467 1679 38 22 the
515 1679 57 26 13th,
583 1679 41 21 and

45 1712 64 19 trusts
118 1709 30 26 by
157 1708 118 26 attention,
285 1707 44 22 and
338 1707 86 26 having
438 1707 81 26 always
529 1713 29 14 on
569 1705 55 22 hand

46 1736 74 21 Wines
130 1735 45 21 and
186 1735 77 26 Spirits
281 1734 24 21 of
320 1734 38 21 the
373 1740 55 20 very
438 1733 49 22 best
496 1733 93 27 quality,
604 1735 20 18 to

45 1763 62 21 merit
117 1769 13 14 a
139 1761 64 22 share
212 1761 26 21 of
245 1761 57 21 their
311 1763 98 24 support.

70 1789 26 22 G.
106 1789 78 26 Briggs
202 1787 89 22 intends
307 1787 108 26 finishing
431 1786 38 22 the
486 1786 78 25 house,
581 1785 43 21 and

43 1815 122 26 furnishing
179 1815 18 21 it
210 1815 23 21 in
244 1814 106 21 first-rate
360 1813 63 27 style,
433 1813 23 21 in
466 1812 37 22 the
517 1819 77 15 course
605 1812 19 21 of

45 1850 12 13 a
72 1843 41 20 few
128 1841 79 27 weeks,
223 1841 53 26 and,
291 1840 24 21 in
332 1839 39 22 the
384 1846 67 15 mean
467 1839 72 27 while,
560 1846 64 19 every

43 1868 100 28 requisite
160 1869 109 20 attention
284 1866 45 23 will
343 1867 28 21 be
387 1866 52 27 paid
449 1869 23 18 to
482 1865 36 22 the
531 1865 93 22 comfort

43 1896 24 21 of
73 1896 35 21 the
118 1895 82 27 public.

68 1928 76 22 March
156 1928 105 26 11,1843.

261 1973 53 20 For
329 1971 69 22 Sale.

42 2009 47 47 A
117 2005 290 23 DWELLING-HOUSE
435 2011 30 14 on
487 2003 137 27 Wellington

117 2034 100 25 Terrace,
229 2031 97 28 adapted
334 2032 38 21 for
379 2039 14 14 a
402 2031 66 22 small
477 2030 85 27 family.

68 2061 40 21 For
117 2060 139 28 particulars,
264 2059 93 27 enquire
367 2062 24 17 at
400 2058 38 22 the
449 2058 62 21 Store
520 2058 27 21 of

185 2093 31 21 H.
232 2093 97 22 Taylor
343 2093 22 21 &
379 2092 48 27 Co.,
437 2091 160 22 Willis-street.

67 2128 110 26 February
186 2129 19 25 3,
217 2128 62 21 1843.

262 2173 53 20 For
329 2172 71 24 Sale,

42 2207 87 22 mHE
143 2206 144 23 COTTAGE
301 2205 97 22 situated
408 2204 24 22 in
449 2204 101 22 Oriental
567 2204 54 27 Bay,

47 2227 28 29 JL
111 2233 44 22 and
169 2233 68 27 lately
247 2232 108 28 occupied
368 2232 31 27 by
409 2232 38 21 the
464 2231 157 27 undersigned.

40 2260 20 22 A
73 2260 52 27 long
141 2260 60 21 lease
219 2260 26 21 of
262 2259 37 22 the
314 2258 86 23 section
414 2265 60 21 upon
492 2257 74 22 which
585 2257 37 22 the

39 2287 65 22 house
113 2286 76 22 stands
199 2286 43 22 will
254 2286 26 21 be
289 2285 104 27 granted.

64 2314 66 22 Town
139 2313 56 22 land
203 2313 44 22 will
256 2313 28 21 be
292 2312 70 21 taken
371 2312 25 21 in
405 2311 122 27 exchange.

64 2341 40 22 For
113 2340 85 22 further
205 2338 137 29 particulars,
353 2338 70 28 apply
430 2341 24 18 to

355 2375 98 22 George
468 2375 89 26 Duppa,
572 2381 25 15 or

354 2401 37 22 W.
407 2401 30 22 V.
451 2402 103 21 Brewer

134 2448 181 25 Preliminary
330 2447 79 21 Land
425 2447 91 20 Order.

38 2481 62 48 TO
116 2481 38 21 BE
170 2480 87 26 SOLD,
277 2486 27 15 an
324 2478 74 23 Order
413 2478 34 22 for
465 2478 38 22 the
522 2479 100 26 Country

107 2507 70 27 Land,
189 2510 37 24 yet
234 2505 131 23 unselected
367 2516 27 5 —
395 2509 68 18 terms
471 2505 86 22 liberal.
579 2505 44 22 For

37 2534 133 27 particulars,
184 2533 67 28 apply
261 2536 23 18 to

151 2566 92 22 Messrs.
259 2565 103 22 Brewer
376 2564 48 23 and
437 2565 156 21 Blathwayt.

63 2599 97 28 January
170 2601 33 24 11,
215 2600 62 21 1843.
562 2592 6 6 '

38 2646 62 47 TO
119 2645 39 22 BE
179 2645 86 26 SOLD,
280 2645 24 20 in
319 2643 45 23 lots
377 2646 24 19 to
421 2644 45 21 suit
483 2643 138 28 purchasers

98 2671 38 22 the
151 2671 70 22 whole
239 2671 27 22 of
276 2674 60 19 town
351 2678 51 15 acre
419 2671 45 22 No.
475 2672 46 25 134,
539 2678 29 14 on
583 2669 37 23 the

36 2699 48 26 plan
94 2699 26 21 of
122 2699 38 21 the
164 2699 67 21 Town
239 2698 25 21 of
267 2698 145 27 Wellington,
418 2698 85 27 having
508 2697 113 28 frontages

37 2728 19 18 to
66 2725 188 22 Taranaki-street
263 2725 45 22 and
318 2725 198 27 Ingestrie-street.
544 2725 77 22 Terms

35 2751 80 23 liberal.
144 2752 75 28 Apply
228 2755 24 18 to

369 2779 36 21 W.
416 2778 29 21 V.
456 2778 109 27 Brewer,

428 2805 192 22 Manners-street.

61 2833 56 22 June
125 2832 34 27 17,
170 2834 61 21 1842.

221 2878 28 21 J.
263 2878 38 20 M.
317 2878 111 25 Taylor,

48 2911 149 23 LICENSED
221 2911 244 22 CUSTOM-HOUSE
487 2911 117 28 AGENT,

278 2946 27 13 TE
320 2945 53 14 ARO.

36 2984 83 48 FOR
133 2984 84 26 SALE,
234 2990 29 16 ex
275 2984 118 26 Margaret,
405 2982 49 27 &c,

101 3012 28 21 25
142 3011 79 22 tierces
231 3010 59 28 beef,

59 3038 13 21 3
85 3040 51 20 tons
144 3037 96 23 colonial
249 3037 52 28 hay,

58 3065 13 20 3
84 3066 50 19 tons
143 3064 61 22 Siam
213 3071 73 20 sugar,

57 3092 27 21 30
96 3090 84 22 barrels
188 3090 86 22 bottled
284 3090 42 24 ale,

57 3118 27 21 50
96 3116 69 23 boxes
174 3120 43 24 tea,

56 3144 27 22 50
95 3143 41 22 ash
144 3151 58 19 oars,

56 3172 28 20 30
95 3173 49 19 tons
153 3170 66 27 coals,

57 3196 58 27 Port,
127 3196 83 28 sherry,
220 3196 46 23 and
277 3196 105 23 Madeira
397 3196 24 22 in
430 3196 78 26 bottle,
518 3196 98 22 Ruther-

31 3222 49 22 ford
89 3222 45 23 and
143 3223 96 22 Drurv's
249 3224 78 26 brand,

58 3248 99 28 Liquers,
167 3250 26 21 in
202 3252 73 19 dozen
282 3257 71 20 cases,

57 3274 148 28 Champagne,

57 3302 96 27 Brandy,
164 3309 55 20 rum,
230 3303 47 22 and
284 3303 38 28 gin
332 3303 25 22 in
367 3302 74 28 hhds.,

56 3330 28 21 30
96 3332 50 18 tons
155 3328 50 23 best
213 3329 91 28 Sydney
312 3330 64 26 flour,

56 3356 26 21 50
94 3358 50 19 tons
155 3355 86 23 Chilian
250 3356 63 28 flour,
325 3363 30 16 ex
366 3357 105 25 Cheerful.

341 3389 86 23 Waitt
441 3389 46 23 and
501 3390 85 22 Tyser.

56 3415 111 28 February
179 3417 33 26 10,
223 3417 62 21 1843.

147 3462 41 20 To
203 3462 87 20 Cover
304 3461 56 21 this
375 3462 112 20 Season.

31 3495 87 48 THE
132 3494 110 29 imported
261 3494 254 28 thorough-bredjhorse
525 3495 86 28 iEther,

86 3523 31 27 by
127 3523 31 21 St.
170 3521 96 26 Patrick,
280 3525 38 19 out
327 3523 26 20 of
365 3521 92 23 Pastille
466 3522 31 27 by
506 3523 105 27 Rubens;

31 3547 68 23 foaled
115 3549 24 22 in
148 3551 61 20 1836.
244 3548 44 22 For
300 3549 168 27 performances
478 3549 135 28 seeJßacing

31 3574 103 24 Calander
146 3577 37 21 for
202 3577 61 26 1839,
281 3574 46 23 and
335 3576 62 22 1840.
440 3576 48 22 Ten
497 3577 93 26 guineas
599 3584 13 14 a

30 3607 64 17 mare.
193 3603 7 11 s

54 3634 44 23 The
114 3635 110 29 imported
240 3635 179 29 thorough-bred
428 3636 65 22 horse
509 3636 103 23 Riddles-

30 3662 71 27 worth,
111 3662 31 27 by
151 3663 101 27 JEmilius,
270 3666 38 19 out
324 3662 27 23 of
362 3662 79 23 Be-in-
443 3670 22 15 a-
468 3663 96 27 Bonnet,
581 3664 30 27 by

30 3685 117 26 Blacklock
165 3692 39 19 out
221 3691 28 21 of
274 3690 92 23 Maniac
374 3697 6 20 ;
390 3691 12 26 '^
405 3689 77 23 foaled
505 3690 26 22 in
550 3690 60 23 1837.

30 3712 42 24 Ten
81 3716 91 27 guineas
181 3723 14 14 a
204 3723 68 16 mare.

104 3742 74 28 Apply
188 3746 22 19 to

191 3776 64 22 Hon.
269 3777 50 22 Mr.
335 3777 48 23 Pet
387 3784 37 20 re,
435 3776 146 28 Wellington.

54 3803 109 32 February
177 3808 33 27 16,
221 3803 75 26 1843.*

30 3855 167 25 /CHARTER
205 3857 176 29 PARTIES,for
391 3859 46 24 sale
447 3858 68 25 atthe
523 3861 87 21 Qaatttt

198 3911 79 28 Office,
287 3912 61 23 Nov.
360 3915 33 26 19,
405 3915 62 22 1842.

813 677 87 21 Town
915 677 30 21 of
963 678 136 20 Moreton.

665 710 87 48 FOR
766 710 86 26 SALE,
868 710 36 21 the
920 710 53 22 land
988 710 94 21 situated
1098 713 23 18 at
1136 710 37 22 the
1184 711 65 27 point

745 736 87 21 formed
850 736 31 27 by
899 736 38 21 the
957 736 129 22 confluence
1103 737 25 21 of
1143 737 37 22 the
1198 738 51 21 four

663 763 70 22 rivers
743 771 5 13 :
757 774 29 4 —
797 762 64 27 Hutt,
887 762 113 27 Oukoutu,
1025 763 55 22 Awa
1105 764 72 26 Motu,
1202 764 45 21 and

750 789 111 22 Waiwatu
870 789 54 22 with
933 789 38 22 the
981 797 43 19 sea,
1035 789 45 22 laid
1091 792 38 19 out
1138 796 23 15 as

664 823 22 21 A
714 822 100 26 TOWN,
845 821 35 23 IN
915 822 209 22 ALLOTMENTS
1158 823 39 22 OF
1225 823 23 21 A

719 849 147 24 QUARTER
886 849 40 21 OF
940 849 46 21 AN
1000 849 82 22 ACRE
1100 849 92 28 EACH,

847 880 53 22 with
910 880 151 23 commodious

665 914 138 26 STREETS,
840 914 113 21 PUBLIC
986 914 93 25 QUAY,
1113 914 135 22 MARKET

691 940 107 27 PLACE,
814 940 137 26 CHURCH,
967 940 155 27 CEMETRY,
1133 941 85 22 &c.&c.

663 973 54 22 This
726 976 48 25 spot
782 973 19 21 is
812 973 49 22 well
871 973 82 22 known
964 981 23 14 as
997 973 38 22 the
1044 974 54 27 only
1105 974 63 28 place
1177 975 23 21 in
1209 975 39 22 the

664 1001 69 20 River
749 1000 60 21 Hutt
824 999 73 22 where
907 1007 14 14 a
929 1000 73 22 vessel
1018 1000 25 22 of
1054 1008 62 14 more
1131 1001 53 22 than
1198 1002 51 21 four

662 1030 50 18 tons
727 1026 45 21 and
786 1026 103 27 upwards
905 1029 22 19 to
938 1027 76 27 eighty
1024 1034 42 14 can
1080 1027 68 22 reach
1157 1028 43 21 and
1209 1028 38 27 lay

662 1054 23 21 in
705 1053 71 27 safety
784 1053 25 21 in
828 1060 43 19 any
887 1053 105 28 weather,
1008 1053 44 22 and
1066 1054 24 21 in
1108 1054 54 28 deep
1180 1058 69 18 water

663 1081 58 20 close
731 1083 22 18 to
763 1079 38 21 the
811 1079 71 22 shore.
912 1080 22 21 It
943 1080 20 21 is
971 1080 90 27 pointed
1076 1083 38 19 out
1127 1081 30 27 by
1167 1084 80 19 nature

921 1114 24 14 as
955 1107 38 21 the

663 1141 102 21 DEPOT
785 1140 63 22 FOR
867 1141 64 22 THE
955 1141 146 22 PRODUCE
1120 1142 39 22 OF
1182 1140 65 24 THE

829 1168 85 21 HUTT
928 1168 152 22 DISTRICT.

661 1201 48 22 The
719 1200 121 22 advertiser
849 1201 75 21 leaves
933 1201 19 21 it
961 1204 22 18 to
992 1201 38 22 the
1039 1201 59 26 good
1108 1209 63 14 sense
1181 1201 25 22 of
1213 1202 35 21 his

663 1227 72 22 fellow
745 1227 103 22 colonists
863 1231 23 18 to
899 1227 72 28 judge
987 1228 26 21 of
1024 1228 37 21 the
1071 1228 100 21 ultimate
1181 1228 66 22 value

662 1254 25 21 of
694 1261 13 14 a
718 1257 87 24 quarter
821 1254 27 21 of
859 1261 29 14 an
904 1261 58 20 acre,
978 1254 72 22 which
1065 1258 23 17 at
1103 1255 38 21 the
1157 1258 91 23 present

661 1283 99 19 moment
768 1281 19 20 is
798 1281 82 21 offered
891 1283 23 19 at
924 1281 37 21 the
970 1281 43 22 low
1021 1281 59 27 price
1092 1281 26 21 of
1128 1281 53 27 £10,
1192 1281 55 22 with

662 1315 13 14 a
684 1307 59 26 right
758 1307 26 21 of
795 1307 92 26 priority
903 1307 26 22 of
941 1307 83 26 choice,
1041 1308 114 26 regulated
1165 1308 29 27 by
1207 1308 40 21 the

661 1334 91 27 priority
771 1334 27 20 of
812 1333 117 27 purchase.
958 1333 48 22 The
1024 1338 44 17 rest
1086 1334 27 21 of
1128 1335 37 20 the
1184 1335 61 26 land,

661 1360 106 26 reaching
776 1360 58 21 from
844 1360 41 22 Dr.
896 1360 94 27 Healy's
1000 1360 37 21 old
1046 1368 69 14 warre
1124 1364 24 18 to
1165 1361 48 21 that
1222 1362 27 20 of

662 1387 37 21 the
722 1386 146 26 advertiser's,
887 1387 70 26 being
974 1387 46 21 laid
1039 1389 38 19 out
1094 1387 25 21 in
1136 1387 111 22 suburban

663 1413 127 22 allotments
805 1413 25 21 of
843 1416 44 18 two
906 1420 61 15 acres
986 1413 61 22 each.
1077 1413 132 22 Purchasers
1223 1415 27 20 of

663 1444 59 18 town
731 1439 54 22 land
795 1439 57 22 have
863 1447 13 14 a
886 1439 82 22 chance
979 1440 25 21 of
1017 1439 103 28 securing
1129 1448 14 14 a
1150 1441 62 26 piece
1223 1441 26 21 of

663 1467 83 26 garden
771 1466 54 22 land
849 1466 24 22 in
896 1466 38 22 the
957 1466 129 22 immediate
1109 1467 91 28 vicinity
1223 1467 27 22 of

661 1494 113 21 Moreton.

689 1528 81 27 Apply,
786 1535 29 14 on
832 1528 110 27 Tuesday,
955 1528 148 27 Wednesday,
1121 1528 123 27 Thursday,

662 1554 89 28 Friday,
762 1554 44 22 and
819 1554 110 28 Saturday
944 1555 119 27 mornings,
1075 1559 24 17 at
1113 1554 37 22 the
1167 1554 79 22 adver-

661 1581 71 21 tiser's
755 1581 71 27 office,
851 1584 55 18 next
929 1581 54 21 door
1006 1583 21 19 to
1050 1581 38 21 the
1107 1581 137 27 Wellington

659 1608 96 26 Tavern,
767 1608 73 21 where
850 1607 37 22 the
896 1608 54 26 plan
966 1608 48 26 lays
1024 1608 34 21 for
1066 1608 123 27 inspection
1197 1616 5 19 ;
1220 1615 26 14 or

659 1639 24 16 at
692 1641 46 21 any
750 1634 61 27 time,
823 1634 57 21 from
898 1634 109 27 Saturday
1016 1634 32 21 till
1066 1634 100 28 Monday
1177 1642 74 14 even-

658 1661 45 27 ing,
716 1664 22 18 at
747 1660 34 22 his
791 1660 122 27 residence,
928 1668 29 14 on
967 1660 37 22 the
1016 1661 64 21 Hutt.

868 1695 108 21 Charles
990 1694 27 22 E.
1033 1694 51 22 Yon
1100 1695 115 21 Alzdorf.

686 1728 113 28 February
810 1729 35 25 24,
858 1729 61 20 1843.

869 1773 157 21 Harmonic.

658 1806 92 49 THE
765 1806 94 22 Friends
873 1806 26 21 of
915 1806 119 27 Harmony
1047 1813 36 14 are
1103 1806 141 28 respectfully

732 1833 110 22 informed
851 1833 48 21 that
908 1840 14 14 a
929 1833 98 25 meeting
1035 1833 45 21 will
1087 1833 52 22 take
1147 1833 62 27 place
1220 1837 25 17 at

657 1859 21 22 J.
695 1860 121 26 Fuller's,
828 1860 38 21 the
883 1859 53 28 Ship
952 1859 77 27 Hotel,
1044 1867 67 20 every
1125 1860 119 27 Thursday

657 1887 103 26 evening,
769 1890 24 17 at
802 1888 13 20 8
825 1886 93 22 o'clock.

683 1917 114 27 February
811 1919 33 25 14,
856 1919 61 21 1843.

841 1964 116 19 Gazette
971 1964 87 20 Office.

656 1997 200 23 STATIONERY
870 1997 196 21 WHOLESALE
1081 1997 21 21 &
1117 1997 124 23 RETAIL.

654 2031 89 49 WE
765 2031 45 26 beg
832 2034 22 18 to
878 2038 116 15 announce
1013 2030 37 22 the
1072 2030 87 28 arrival,
1183 2031 59 22 from

750 2058 111 26 England,
873 2058 26 21 of
906 2057 38 22 the
960 2058 47 21 first
1016 2062 49 22 part
1073 2058 27 21 of
1109 2065 40 14 our
1164 2062 79 17 exten-

654 2084 46 22 sive
710 2085 75 22 orders
793 2084 25 22 in
828 2085 45 22 this
882 2084 143 28 department
1034 2084 24 22 of
1065 2084 108 23 business.
1195 2085 48 22 Our

654 2111 64 22 stock
727 2111 91 27 already
828 2112 92 22 consists
936 2112 26 21 of
974 2118 65 20 every
1049 2111 75 22 article
1140 2112 102 27 required

654 2138 35 21 for
703 2138 97 26 Schools,
818 2138 81 28 Banks,
917 2139 85 26 Courts,
1021 2138 53 21 Law
1090 2138 88 25 Offices,
1197 2138 45 22 and

654 2164 90 28 Artists,
750 2166 46 21 -&c.
804 2173 6 19 ;
826 2165 74 22 whilst
909 2165 37 22 the
963 2164 138 23 ornamental
1112 2165 43 22 and
1171 2166 71 21 draw-

654 2193 38 26 ing
705 2199 63 15 room
783 2192 122 28 stationery
920 2192 42 21 has
975 2196 41 17 not
1028 2192 57 21 been
1101 2192 140 22 overlooked.

654 2220 47 23 The
713 2219 126 22 difficulties
850 2219 116 27 attending
974 2218 38 21 the
1021 2218 48 21 first
1076 2218 167 23 establishment

654 2246 82 28 having
745 2247 58 21 been
819 2253 122 21 overcome,
953 2245 46 22 and
1009 2253 66 20 every
1090 2246 80 22 arrival
1184 2246 58 21 from

655 2273 105 27 England
777 2273 84 27 adding
877 2273 59 22 fresh
953 2272 110 23 additions
1077 2276 24 18 to
1116 2279 39 15 our
1171 2272 69 27 stock,

654 2301 44 23 will
717 2300 77 23 enable
809 2307 26 15 us
845 2303 23 18 to
884 2300 82 22 reduce
983 2307 40 14 our
1037 2299 92 27 charges
1139 2307 29 14 on
1183 2303 59 18 most

654 2328 88 22 articles
750 2331 25 18 at
782 2328 58 21 least
849 2328 27 21 50
884 2334 41 20 per
934 2330 58 19 cent.

681 2361 156 28 Storekeepers
855 2360 44 22 and
917 2360 118 22 wholesale
1053 2360 85 22 dealers
1157 2368 41 14 can
1212 2359 29 23 be

654 2388 101 29 supplied
770 2392 23 18 to
808 2396 44 19 any
863 2390 83 24 extent,
966 2387 43 22 and
1025 2394 28 14 on
1070 2391 67 18 terms
1153 2387 89 28 equally

654 2416 165 26 advantageous
827 2418 24 18 to
861 2422 44 20 any
913 2414 106 22 obtained
1027 2414 24 22 in
1061 2414 96 27 Sydney,

680 2441 96 28 Writing
784 2449 75 20 paper,

680 2468 114 29 Imperial,

681 2495 79 28 Royal,

680 2523 115 26 Foolscap,
806 2522 89 22 various
904 2521 109 28 qualities,

680 2549 72 27 Large
760 2549 61 21 thick
830 2552 57 29 post,
898 2556 63 15 wove
971 2549 45 21 and
1026 2549 52 26 laid,

678 2576 60 22 Thin
746 2578 58 25 post,
814 2575 64 28 ditto,

680 2603 57 22 Fine
745 2602 55 22 bath
809 2606 57 24 post,
877 2602 48 28 gilt.

679 2629 89 23 Double
784 2629 112 28 elephant,
912 2629 147 28 antiquarian,
1075 2629 107 29 imperial,
1193 2629 47 22 and

652 2657 65 26 royal
725 2656 98 27 drawing
831 2663 75 21 paper,

680 2683 91 28 Oblong
781 2683 91 27 clasped
880 2683 169 21 memorandum
1058 2683 78 26 books,

678 2710 87 22 French
775 2710 86 26 tracing
870 2716 74 21 paper,

678 2737 89 22 Ladies'
778 2737 45 22 and
832 2736 148 27 gentlemen's
989 2736 53 21 card
1051 2743 68 20 cases,

679 2763 65 22 Ditto
813 2763 35 21 do.
904 2763 74 21 tinted
986 2762 47 22 and
1042 2763 117 22 embossed
1165 2763 72 27 cards,

679 2791 95 26 Sponge,
785 2789 78 23 wafers
873 2789 23 22 in
905 2791 14 19 2
929 2796 34 15 oz.
972 2789 75 26 boxes,

678 2817 70 22 Black
764 2817 55 26 edge
839 2816 46 22 and
902 2816 117 27 bordered,
1038 2816 65 22 letter
1121 2816 46 22 and
1184 2820 53 18 note

651 2851 75 20 paper.

678 2871 91 22 Invoice
779 2870 76 27 books,
866 2869 54 23 with
929 2869 100 28 indexes,
1039 2870 88 22 various
1137 2870 63 27 sizes,

678 2897 59 22 Cash
742 2897 78 27 books,
830 2897 66 22 ruled
904 2896 88 27 double,
1004 2896 87 22 various
1101 2897 61 27 sizes,

677 2924 132 32 Envelopes,

677 2951 86 22 Pewter
768 2950 124 27 inkstands,

676 2978 81 26 Ebony
765 2976 124 28 inkstands,
899 2976 54 23 with
963 2977 100 26 drawers,

675 3005 75 21 Broad
760 3004 45 22 and
814 3011 86 15 narrow
909 3010 69 21 green
986 3003 42 23 silk
1040 3003 85 28 ribbon,

676 3031 65 22 Brief
748 3031 45 22 and
804 3031 57 21 deed
870 3038 74 21 paper,

675 3058 74 22 Ruled
758 3065 69 20 paper
835 3058 35 21 for
879 3057 40 22 bill
928 3057 76 26 heads,

675 3085 73 27 Royal
764 3085 68 26 nand,
845 3084 80 22 double
943 3083 61 23 hand
1018 3083 85 28 brown,
1119 3083 45 23 and
1172 3084 61 28 royal

647 3111 77 22 brown
733 3111 116 27 wrapping
856 3118 75 21 paper,

675 3137 99 28 Ledgers
784 3137 45 22 and
838 3140 96 20 account
1031 3137 87 22 various
1128 3137 62 28 sizes,

673 3165 85 21 Pocket
765 3163 89 28 ledgers
864 3164 44 22 and
916 3163 170 23 memorandum
1094 3165 77 27 books,

673 3191 124 27 Engraved
804 3198 57 20 copy
868 3191 53 27 slips
930 3191 46 21 and
985 3191 76 26 books,

674 3218 54 22 Best
736 3217 80 23 Welch
825 3212 67 28 slates
907 3217 63 27 large
977 3217 44 22 and
1030 3217 71 28 small,

673 3244 75 22 Blank
757 3244 71 22 music
837 3244 58 23 book

673 3271 105 27 Message
787 3271 72 28 cards,

673 3297 111 26 Coloured
795 3305 80 20 papers

673 3325 72 26 Sugar
752 3332 88 20 papers,

674 3351 60 21 ISote
743 3358 86 21 papers,

672 3378 93 27 Playing
775 3377 71 28 cards,
856 3378 106 23 coloured
971 3378 43 22 and
1021 3377 52 29 gold
1082 3379 74 28 backs,

673 3405 61 27 Copy
743 3405 76 27 books,

672 3431 71 23 Black
751 3431 51 22 lead
810 3431 91 28 pencils,

672 3458 66 22 India
745 3458 89 27 rubber,
846 3458 71 22 bottle
926 3459 45 21 and
983 3462 85 25 patent,

672 3485 68 28 Ivory
748 3484 82 22 folders
840 3485 47 21 and
895 3485 86 28 knives,

672 3512 48 22 Pen
731 3511 84 26 knives,

671 3538 87 27 Rulers,
768 3538 83 32 pocket
859 3538 77 27 books,

671 3565 74 23 Blank
752 3565 53 22 bills
815 3565 25 21 of
847 3565 124 28 exchange,
1029 3581 4 8 ,

670 3592 78 22 Letter
756 3591 46 22 and
810 3591 42 23 bill
863 3592 55 27 files,

628 3621 2 31 |
670 3618 45 22 Ink
724 3618 43 23 and
775 3618 42 22 ink
824 3619 107 28 powders,

628 3647 1 24 I
669 3645 77 23 Bibles
754 3645 45 22 and
808 3648 136 25 testaments,

628 3672 1 18 !
670 3672 98 27 Spelling
776 3672 77 27 books,
864 3672 95 27 various,

628 3699 2 27 |
670 3699 101 26 Primers,

670 3725 125 23 Children's
803 3725 72 22 books
883 3725 24 22 in
917 3728 63 25 great
988 3726 93 28 variety,

669 3752 115 22 Seamen's
794 3751 88 23 articles
891 3752 26 22 of
924 3756 135 23 agreement.

668 3779 74 22 Blank
752 3779 171 22 Custom-house
936 3780 77 26 forms,
1030 3779 35 22 for
1080 3780 145 28 auctioneers,

641 3807 46 21 and
696 3805 29 23 all
735 3805 38 23 the
790 3805 64 23 other
863 3806 171 22 Custom-house
1042 3806 69 23 forms
1120 3807 34 23 for
1163 3808 62 22 Mer-

640 3833 86 23 chants.

668 3859 114 24 Seamen's
791 3859 100 23 advance
901 3862 73 20 notes.

659 3886 147 28 .Log-books.

668 3913 73 23 Blank
751 3913 67 27 writs,

1305 678 38 17 The
1353 678 79 18 FIRST
1440 679 189 19 PRODUCTIONS
1638 681 20 17 in
1672 681 31 18 the
1712 682 93 18 WORLD
1812 684 36 21 for

1279 707 57 20 The
1346 707 103 22 HAIR!
1465 708 57 21 The
1533 708 102 22 SKIN!!
1650 710 57 21 The
1717 711 148 23 TEETH!!!

1447 758 249 23 ROWLAND'S

1366 789 288 23 MACASSAR
1691 792 94 25 OIL,

1410 830 15 14 A
1439 830 131 15 VEGETABLE
1585 830 151 17 PRODUCTION.

1281 855 93 29 rpHE
1385 856 54 27 only
1448 856 78 22 article
1540 857 48 21 that
1597 858 109 26 produces
1715 858 44 22 and
1773 862 92 19 restores

1287 875 31 28 A
1329 881 95 27 HAIR;
1432 882 46 22 also
1484 883 380 29 WHISKERS.MUSTACHIOS,

1279 907 45 22 and
1334 908 193 28 EYE-BROWS;
1542 914 104 23 prevents
1652 912 60 19 -Hair
1718 912 58 22 from
1786 912 79 28 falling

1279 934 34 21 off
1319 941 24 14 or
1352 934 90 28 turning
1458 943 54 19 grey
1522 939 23 18 to
1560 936 37 22 the
1613 937 66 22 latest
1686 938 78 28 period
1781 939 25 21 of
1811 939 52 27 life;

1279 960 97 28 changes
1385 968 54 20 grey
1449 961 50 22 hair
1509 966 22 17 to
1541 962 28 22 its
1579 963 94 27 original
1689 973 90 14 colour
1780 976 26 5 —
1807 966 58 21 frees

1278 987 19 20 it
1312 987 57 22 from
1379 988 65 26 scurf,
1456 988 44 22 and
1517 989 77 22 makes
1608 990 17 21 it
1639 990 132 26 beautifully
1782 992 81 24 SOFT,

1279 1013 111 28 CURLY,
1409 1014 44 22 and
1471 1015 124 22 GLOSSY.
1624 1017 27 21 In
1663 1018 99 27 dressing
1773 1018 89 27 HAIR,

1278 1040 19 21 it
1310 1040 68 28 keeps
1388 1042 18 21 it
1415 1041 49 22 firm
1479 1041 24 22 in
1514 1042 37 21 the
1567 1044 52 24 curl,
1630 1044 117 27 uninjured
1763 1045 32 27 by
1805 1046 59 25 damp

1277 1068 98 26 weather,
1394 1068 95 21 crowded
1502 1075 73 19 rooms,
1592 1070 38 21 the
1644 1071 70 23 dance,
1736 1078 25 15 or
1780 1074 24 19 in
1825 1072 36 21 the

1279 1094 97 22 exercise
1385 1095 26 21 of
1417 1096 76 25 riding.
1522 1096 32 22 To
1562 1098 103 26 Children,
1672 1098 19 21 it
1700 1098 18 21 is
1722 1098 139 28 invaluable,

1279 1128 24 13 as
1322 1121 18 20 it
1353 1121 48 27 lays
1421 1129 13 14 a
1448 1122 132 23 foundation
1599 1124 34 21 for
1651 1131 14 15 a
1684 1124 179 23 BEAUTIFUL

1279 1147 90 22 HEAD
1385 1148 40 21 OF
1440 1148 91 22 HAIR.

1307 1181 43 21 ON
1364 1181 210 28 PURCHASING,
1591 1185 119 26 (Beware
1729 1185 30 21 of
1773 1187 90 19 Coun-

1278 1208 105 21 terfeits
1394 1209 6 21 !
1409 1209 16 26 !)
1444 1209 40 22 ask
1501 1210 35 21 for
1580 1211 137 23 Rowland's
1737 1212 127 22 Macassar

1279 1234 44 22 Oil
1345 1246 28 4 —
1375 1235 45 22 and
1437 1243 37 15 see
1494 1236 49 22 that
1558 1237 63 22 those
1640 1238 72 22 words
1726 1246 36 14 are
1782 1246 27 14 on
1827 1239 36 21 the

1279 1261 113 28 envelope,
1402 1262 52 22 with
1464 1263 38 21 the
1513 1263 116 27 Signature
1639 1265 42 21 and
1689 1265 106 27 Address,
1805 1265 56 27 thus,

1306 1295 29 22 A.
1347 1295 160 23 ROWLAND
1519 1298 20 20 &
1549 1298 65 26 SON,
1625 1299 33 26 20,
1666 1298 87 23 Hatton
1763 1299 99 27 Garden,

1544 1324 101 22 London.

1378 1355 193 28 Counter-signed,
1581 1357 95 23 ALEX.
1692 1359 170 23 ROWLAND.

1305 1388 33 22 To
1355 1395 79 16 ensure
1448 1389 38 22 the
1504 1390 93 27 genuine
1613 1391 83 27 article,
1712 1399 35 14 see
1762 1392 49 22 that
1826 1395 37 20 the

1277 1415 70 22 world
1357 1416 139 21 "Rowland's
1511 1418 108 20 Macassar
1701 1426 36 14 are
1748 1427 113 19 engraven

1277 1449 29 14 on
1317 1442 37 21 the
1362 1442 59 23 back
1432 1444 26 21 of
1465 1444 38 21 the
1514 1444 106 28 envelope
1637 1445 78 27 nearly
1725 1446 54 21 1500
1788 1446 71 27 times,

1277 1469 129 27 containing
1416 1471 76 25 29,028
1501 1470 102 23 letters—
1606 1479 105 14 without
1728 1479 54 14 this
1801 1480 59 15 none

1277 1503 21 13 IS
1313 1503 112 14 GENUINE.

1277 1527 63 22 Price
1350 1529 31 20 3s.
1392 1528 36 21 6d.
1436 1536 4 18 ;
1454 1528 32 22 75.
1493 1537 5 18 ;
1515 1529 86 27 Family
1617 1530 91 27 Bottles,
1721 1530 138 28 (containing

1303 1554 50 21 four
1361 1554 81 27 small,)
1450 1556 44 21 10s.
1505 1555 42 28 6d.,
1559 1556 43 22 and
1613 1556 81 22 double
1705 1557 48 21 that
1762 1557 45 22 size
1813 1559 46 21 21s.

1303 1588 40 20 per
1350 1581 78 21 bottle.

1318 1625 249 23 ROWLAND'S
1602 1628 216 25 KALYDOR,

1293 1656 18 22 A
1342 1656 225 23 PREPARATION
1576 1658 58 23 from
1643 1660 93 21 Oriental
1740 1661 94 26 Exotics,
1841 1660 18 21 is

1276 1685 102 20 JLA-now
1387 1684 135 27 universally
1529 1684 81 23 known
1620 1693 22 14 as
1653 1686 37 22 the
1700 1688 47 25 only
1757 1688 47 21 safe
1814 1687 44 22 and

1275 1709 99 22 efficient
1378 1712 110 24 protector
1497 1711 44 22 and
1552 1712 106 27 beautifier
1667 1714 27 21 of
1700 1714 36 21 the
1747 1714 57 22 Skin
1815 1714 43 21 and

1276 1736 158 23 Complexion.
1463 1738 32 21 Its
1514 1738 82 23 virtues
1614 1747 37 15 are
1670 1740 128 28 commonly
1814 1741 33 22 dis
1852 1750 6 7 j

1274 1763 82 26 played
1374 1763 23 22 in
1416 1764 134 28 thoroughly
1566 1766 135 28 eradicating
1719 1767 31 22 all
1761 1769 95 25 pimples,

1274 1792 63 24 spots,
1348 1791 87 26 redness,
1447 1793 44 22 tan,
1501 1792 102 26 freckles,
1614 1794 45 21 and
1668 1794 63 21 other
1741 1795 115 27 unsightly

1275 1819 110 19 cutaneous
1401 1818 85 27 defects,
1506 1818 23 22 in
1547 1820 89 27 healing
1654 1822 115 26 chilblains,
1787 1823 68 27 chaps,

1275 1844 45 22 and
1335 1844 24 22 in
1374 1846 120 26 rendering
1508 1846 39 21 the
1557 1850 57 18 most
1627 1848 71 26 rough
1708 1848 45 21 and
1767 1856 89 15 uneven

1274 1871 56 27 skin,
1341 1872 123 27 pleasantly
1474 1872 45 22 soft
1527 1872 42 23 and
1588 1874 96 22 smooth.
1712 1875 33 21 To
1755 1875 39 21 the
1804 1883 53 13 com-

1270 1899 92 26 plexion,
1373 1898 18 21 it
1400 1899 91 27 imparts
1506 1907 14 14 a
1531 1900 99 26 juvenile
1644 1904 87 19 roseate
1748 1901 53 27 hue,
1811 1903 46 21 and

1275 1929 22 17 to
1308 1925 37 22 the
1355 1927 56 25 neck,
1423 1926 63 27 hand,
1497 1926 45 22 and
1552 1933 51 21 arm,
1616 1935 14 14 a
1641 1927 100 28 delicacy
1751 1929 44 21 and
1805 1930 52 21 fair-

1273 1959 51 14 ness
1334 1952 129 23 unrivalled.

1302 1985 22 22 It
1333 1986 19 21 is
1360 1986 127 22 invaluable
1493 1994 24 15 as
1524 1994 13 14 a
1542 1988 132 27 renovating
1681 1988 45 22 and
1733 1989 125 28 refreshing

1274 2012 76 27 Wash,
1369 2013 80 26 during
1468 2014 124 27 travelling,
1613 2022 25 14 or
1656 2022 108 21 exposure
1784 2019 22 18 to
1820 2017 37 21 the

1273 2046 49 19 sun,
1334 2039 57 26 dust,
1402 2047 25 14 or
1440 2040 153 27 harsh-winds,
1605 2041 43 22 and
1659 2042 56 21 after
1724 2042 38 21 the
1775 2042 81 23 heated

1274 2066 139 27 atmosphere
1430 2067 25 21 of
1468 2067 101 22 crowded
1586 2068 133 22 assemblies.
1721 2079 27 4 —
1750 2069 108 22 Gentle-

1274 2100 55 18 men,
1338 2093 44 21 will
1391 2092 46 22 find
1445 2093 18 21 it
1472 2094 120 27 peculiarly
1598 2095 96 26 grateful
1705 2095 54 22 after
1766 2096 92 27 shaving

1273 2119 24 21 in
1308 2119 98 27 allaying
1416 2119 36 22 the
1461 2119 117 23 irritation.

1274 2150 63 22 Price
1342 2152 31 20 4s.
1380 2150 36 22 6d.
1425 2151 43 21 and
1475 2152 31 20 Bs.
1514 2151 34 22 6d.
1554 2159 40 17 per
1601 2152 76 24 bottle,
1683 2153 54 23 duty
1742 2153 113 23 included.

1524 2197 89 20 Seeds.

1275 2230 72 48 ON
1358 2231 85 26 SALE,
1454 2233 23 19 at
1487 2231 37 21 the
1534 2231 84 21 Gazette
1624 2232 77 27 Office,
1710 2232 23 22 in
1738 2234 120 26 quantities

1353 2260 22 18 to
1382 2257 45 22 suit
1435 2257 137 28 purchasers,
1583 2258 37 22 the
1624 2255 118 31 'following
1751 2260 64 22 seeds
1824 2268 4 14 :—:
1831 2272 27 4 —

1301 2284 77 21 Sword
1386 2283 109 28 long-pod
1503 2284 65 28 bean,

1303 2310 119 28 Lorg-pod
1432 2311 64 26 bean,

1301 2337 110 26 Speckled
1420 2337 73 22 dwarf
1501 2337 83 29 kidney
1592 2338 65 27 bean,

1300 2363 75 22 Broad
1384 2364 65 27 bean,

1301 2390 73 22 Horse
1383 2391 65 27 bean,

1301 2417 86 22 Scarlet
1395 2425 91 19 runner,

1301 2443 67 28 Early
1378 2444 109 23 Warwick
1496 2452 47 20 pea,

1300 2471 69 27 Early
1378 2471 116 22 Mazarine
1503 2479 49 20 pea,

1300 2497 104 22 Prussian
1415 2497 51 22 blue
1475 2505 49 21 pea,

1300 2524 107 21 Nonsuch
1418 2531 48 21 pea.

1300 2551 55 21 Blue
1365 2551 101 27 imperial
1475 2559 50 20 pea,

1300 2577 95 28 Spanish
1405 2577 72 22 dwarf
1482 2585 49 20 pea,

1299 2604 72 27 Large
1381 2605 98 26 cabbage
1489 2605 87 27 lettuce,

1298 2630 132 23 Drumhead
1440 2632 99 26 cabbage
1547 2632 90 28 lettuce,

1299 2657 115 22 Battersea
1423 2658 106 27 cabbage,

1298 2684 131 22 Drumhead
1438 2685 105 27 cabbage,

1298 2711 51 22 Red
1357 2711 76 22 Dutch
1443 2712 105 27 cabbage,

1298 2737 94 22 Puller's
1402 2738 59 27 early
1473 2739 105 27 cabbage,

1299 2764 104 22 Prussian
1413 2765 66 21 white
1489 2766 80 27 turnip,

1298 2791 85 22 Yellow
1395 2791 77 22 Swede
1483 2792 81 28 turnip,

1298 2817 80 28 Purple
1388 2822 37 23 top
1435 2819 79 21 Swede
1523 2820 80 27 turnip,

1296 2845 75 21 White
1381 2848 64 18 stone
1457 2846 82 27 turnip,

1297 2871 75 22 White
1381 2871 56 22 horn
1447 2872 82 28 turnip,

1297 2898 71 22 Silver
1376 2899 80 21 leaved
1465 2899 58 26 beet,

1296 2925 50 22 Red
1354 2925 58 27 beet,

1295 2951 111 28 Mangold
1418 2952 94 27 wurtsel,

1295 2978 142 27 Altringham
1447 2983 80 23 carrot,

1294 3005 68 27 Early
1371 3005 57 21 horn
1438 3009 81 24 carrot,

1294 3032 66 27 Long
1369 3039 82 20 orange
1462 3035 79 24 carrot,

1293 3058 75 22 White
1379 3059 107 26 mustard,

1294 3085 82 22 Curled
1384 3092 65 20 cress,

1293 3112 64 27 Long
1367 3111 79 23 scarlet
1455 3112 81 27 radish,

1292 3138 75 23 White
1376 3139 73 27 turnip
1459 3139 82 27 radish,

1292 3165 49 22 Red
1350 3165 75 25 turnip
1434 3165 83 28 radish,

1292 3192 133 27 Strasburgh
1434 3192 76 28 onion,

1291 3219 81 22 Brown
1383 3219 96 28 Spanish
1489 3219 73 28 onion,

1291 3245 99 29 Parsnip,

1291 3273 82 21 Curled
1383 3272 94 28 parsley,

1292 3299 74 22 Green
1378 3299 75 22 curled
1467 3299 79 23 endive

1288 3326 111 22 Batavian
1409 3325 88 29 endive,

1291 3352 68 28 Leek,

1290 3380 136 27 Asparagus,

1290 3406 44 21 Sea
1343 3406 53 27 kail,

1291 3433 72 21 Globe
1374 3439 86 22 savoys.

1291 3459 82 22 Curled
1381 3460 93 27 brocoli,

1289 3486 51 21 Red
1348 3486 57 22 solid
1415 3487 74 27 celery
1498 3487 45 22 and
1553 3487 65 22 white
1629 3487 81 29 celery,

1289 3513 104 27 Cabbage
1405 3513 90 28 lettuce,

1289 3540 105 21 Summer
1402 3546 88 21 savory,

1288 3566 89 22 Winter
1386 3573 86 20 savory,

1289 3593 64 27 Sage,

1287 3619 75 22 White
1373 3619 57 28 beet,

1286 3646 95 27 Thyme,

1287 3673 100 22 Brussels
1397 3676 95 25 sprouts,

1286 3699 95 28 Borage,

1286 3727 118 27 Angelica,

1286 3753 76 22 White
1372 3754 79 22 selesia
1459 3753 89 28 lettuce,

1286 3779 83 23 Brown
1378 3781 47 22 and
1432 3780 67 23 white
1508 3788 51 20 gois
1567 3780 91 28 lettuce,

1286 3807 94 28 Salsafy,
1495 3812 3 8 '

1286 3833 73 22 Vanal
1369 3834 104 28 cabbage,

1285 3860 79 28 Sorell,

1285 3887 93 26 Fennel,

1285 3914 124 27 Lavender,

2124 689 116 23 Observe
2246 691 6 22 !

1898 718 73 48 ON
1986 718 83 29 SALE,
2081 724 22 18 at
2111 720 38 23 the
2160 722 74 23 Stores
2241 724 25 22 of
2272 726 38 22 the
2319 727 156 28 undersigned,

1975 747 92 26 Raisins,
2076 747 108 28 almonds,
2196 750 43 22 and
2246 752 92 23 walnuts
2349 755 25 21 of
2380 757 97 24 superior

1896 774 92 25 quality,
1998 774 53 19 with
2067 781 13 13 a
2095 774 76 22 choice
2187 776 105 24 selection
2308 780 26 21 of
2340 781 69 23 cigars
2432 783 45 21 and

1896 804 110 19 groceries
2017 799 25 21 of
2048 806 66 21 every
2125 800 137 29 description.
2409 799 6 10 '

2111 830 34 23 M.
2162 832 87 29 Asher,
2262 835 188 32 Lambton-quay.

1940 872 271 31 ROWLAND'.S
2239 879 191 29 ODONTO,

2169 915 37 20 OR,

2023 938 102 23 PEARL
2149 940 196 33 DENTIFRICE,

1879 972 51 48 A
1962 973 101 21 WHITE
2080 974 133 28 POWDER,
2226 977 27 25 of
2265 979 95 21 Oriental
2366 981 71 21 Herbs
2453 983 24 21 of

1973 1000 38 21 the
2031 1004 57 17 most
2098 1002 111 26 delightful
2211 1004 153 26 fragrance.—
2366 1007 23 22 lt
2407 1009 70 22 eradi-

1895 1027 59 19 cates
1965 1027 77 20 Tartar
2051 1027 44 21 and
2107 1028 98 28 decayed
2215 1031 64 27 Spots
2288 1033 57 21 from
2355 1034 38 22 the
2404 1037 70 24 Teeth,

1893 1058 113 19 preserves
2016 1053 36 22 the
2062 1054 94 28 Enamel,
2167 1056 42 21 and
2219 1057 56 22 fixes
2285 1058 37 23 the
2331 1061 64 20 Teeth
2404 1062 73 27 firmly

1893 1084 24 14 m
1924 1079 58 21 their
1990 1080 91 27 sockets,
2088 1082 121 27 rendering
2216 1083 61 23 them
2284 1086 108 28 delicately
2400 1089 76 21 White.

1894 1105 73 27 Being
1989 1113 28 15 an
2041 1107 188 29 Anti-Scorbutic,
2253 1111 19 21 it
2294 1114 121 23 eradicates
2439 1116 38 22 the

1894 1133 85 26 bcurvy
1989 1136 55 18 trom
2062 1133 37 22 the
2110 1136 70 25 Gums,
2194 1138 135 28 strengthens,
2343 1141 76 25 bracts,
2430 1143 47 21 and

1893 1159 90 21 renders
1993 1159 60 22 them
2069 1161 26 20 of
2105 1168 14 14 a
2128 1162 90 28 healthy
2227 1166 51 22 red;
2292 1167 18 20 it
2317 1174 101 16 removes
2432 1176 42 15 un-

1893 1187 101 22 pleasant
2011 1188 66 20 tastes
2090 1188 58 22 from
2166 1189 37 22 the
2219 1192 85 28 mouth,
2321 1194 73 22 which
2413 1195 62 22 often

1892 1216 86 17 remain
1989 1212 55 22 after
2060 1213 78 28 fevers,
2151 1216 76 27 taking
2243 1219 117 27 medicine,
2372 1221 47 25 &c,
2431 1222 46 22 and

1892 1241 91 23 imparts
1994 1246 12 14 a
2016 1239 111 27 delightful
2133 1242 118 26 fragrance
2261 1248 22 18 to
2293 1246 37 21 the
2339 1246 86 24 breath.

1961 1272 63 22 Price
2034 1275 30 20 2s.
2074 1275 36 21 9d.
2121 1282 40 20 per
2169 1277 51 27 box,
2233 1278 55 27 duty
2296 1279 114 24 included.

1961 1306 125 22 Notice—
2086 1308 48 22 The
2150 1310 72 23 Name
2232 1312 45 22 and
2292 1313 100 23 Address
2402 1315 25 21 of
2437 1315 39 23 the

2112 1335 142 30 Proprietors,

1892 1363 28 20 A.
1940 1364 151 23 ROWLAND
2107 1367 19 27 8f
2142 1369 64 25 SON,
2221 1371 34 25 20,
2276 1372 81 21 Hatton
2383 1374 88 27 Garden,

2138 1395 92 22 London.

1891 1428 38 14 are
1940 1424 111 25 engraved
2062 1432 27 14 on
2098 1425 38 21 the
2148 1427 150 24 Government
2308 1430 83 27 Stamp,
2401 1432 73 22 which

1891 1454 19 15 is
1919 1449 77 26 pasted
2008 1457 28 15 on
2046 1451 38 22 the
2116 1452 115 23 Kalydor
2262 1456 45 22 and
2346 1458 96 22 Odonto

1891 1475 46 21 also
1944 1477 91 26 printed,
2049 1477 23 22 in
2088 1479 44 26 red,
2143 1487 28 14 on
2188 1480 36 22 the
2239 1482 108 28 Wrapper
2361 1484 24 22 in
2402 1485 72 22 which

1891 1504 38 18 the
1940 1504 100 25 Kalydor
2049 1512 18 14 is
2077 1506 110 22 enclosed.

1917 1535 110 22 Beware
2046 1538 29 21 of
2088 1540 211 23 Counterfeits!!
2315 1545 117 26 composed
2448 1546 29 21 of

1890 1562 38 20 the
1938 1568 57 16 most
2004 1564 124 27 pernicious
2137 1566 45 22 and
2193 1568 74 28 trashy
2276 1569 141 29 ingredients,
2429 1573 44 21 and

1890 1590 72 20 which
1973 1597 38 14 are
2025 1591 125 28 frequently
2159 1595 89 25 pressed
2263 1602 61 21 upon
2334 1597 37 21 the
2381 1605 92 18 unwary

1889 1617 72 20 under
1971 1617 37 20 the
2018 1617 47 22 lure
2075 1618 27 22 of
2107 1620 59 26 being
2176 1622 70 25 cheap.

1911 1648 32 22 Be
1954 1656 48 15 sure
2014 1654 21 18 to
2046 1651 38 23 ask
2159 1655 157 23 Rowland's
2350 1658 103 23 Articles.

1890 1682 52 22 Sold
1950 1683 28 28 by
1985 1692 66 20 exery
2060 1686 126 24 Perfumer
2193 1689 44 22 and
2246 1690 120 24 Medicine
2373 1693 99 23 Vender

1993 1711 133 28 throughout
2135 1714 37 22 the
2182 1716 102 22 civilized
2293 1719 77 21 world.

1888 1754 301 27 HOLLOWAVS
2216 1762 247 26 OINTMENT

1994 1792 233 27 HOLLOWAY'S
2249 1797 113 26 PILLS.

1889 1846 312 25 EXTRAORDINARY
2211 1851 92 22 CURE
2319 1853 30 21 of
2357 1859 16 16 a
2383 1855 87 22 CASE

2063 1875 226 28 ABANDONED,

1888 1905 34 21 By
1933 1906 97 35 9RT£>
2042 1915 44 14 the
2097 1909 255 30 METROPOLITAN,
2364 1913 107 25 KING'S

1938 1933 149 28 COLLEGE,
2103 1943 47 14 and
2165 1936 146 24 CHARING
2326 1940 92 23 CROSS

2090 1962 179 25 HOSPITALS.

1888 1992 53 21 This
1956 1992 55 23 Fact
2026 2001 44 14 was
2085 1995 111 23 SWORN
2215 1997 40 21 TO
2270 1999 44 21 this
2332 1999 38 22 Bth
2390 2001 42 25 day
2448 2002 26 21 of

1915 2019 87 27 March,
2011 2021 59 24 1842,
2080 2021 78 22 before
2168 2023 36 21 the
2215 2023 69 28 Right
2293 2025 132 24 Honorable
2432 2029 38 21 the

1916 2046 61 21 Lord
1987 2046 85 28 Mayor,
2084 2051 23 18 at
2116 2048 38 22 the
2168 2050 193 24 Mansion-house.

2006 2080 141 27 Summary
2168 2083 31 19 of
2215 2084 137 22 Affidavit.

1888 2110 102 37 -\J[TM.
2006 2111 134 28 BROOKE,
2157 2113 137 29 Messenger,
2314 2116 26 22 of
2349 2119 20 25 2,
2386 2118 84 24 Union-

1922 2140 18 33 7
1970 2164 5 4 •
1984 2145 10 25 ?
1996 2140 31 19 tre
2029 2145 17 28 t
2042 2141 9 18 fc
2051 2154 5 10 »
2065 2138 136 28 Southwark,
2209 2141 101 27 London,
2321 2144 89 22 maketh
2417 2147 53 21 oath

1889 2164 44 21 and
1944 2164 64 26 saith,
2025 2164 47 21 that
2086 2165 28 22 he
2126 2166 53 26 (this
2189 2164 120 32 deponent)
2321 2177 43 15 was
2374 2171 96 24 afflicted

1889 2190 51 21 vrith
1945 2191 77 26 fifteen
2031 2193 90 25 running
2129 2194 68 20 ulcers
2210 2202 29 14 on
2256 2195 34 22 his
2305 2196 40 22 left
2360 2204 53 21 arm,
2425 2200 45 22 and

1888 2217 114 22 ulcerated
2016 2225 58 15 sores
2089 2220 46 21 and
2151 2221 90 22 wounds
2260 2229 28 14 on
2305 2223 52 22 both
2371 2224 53 28 legs,
2436 2226 35 22 for

1889 2243 73 22 which
1983 2244 109 28 deponent
2114 2253 45 16 was
2182 2248 107 23 admitted
2312 2256 29 15 an
2364 2252 106 23 out-door

1888 2271 87 26 patient
1985 2274 23 19 at
2016 2271 37 22 the
2068 2272 157 29 Metropolitan
2242 2274 109 30 Hospital,
2362 2277 23 22 in
2396 2279 64 26 April

1890 2298 60 25 1841,
1961 2297 71 23 which
2042 2298 28 22 he
2080 2299 117 24 continued
2204 2302 33 20 for
2246 2303 77 27 nearly
2331 2303 50 22 four
2389 2297 80 31 weeks!

1889 2323 89 22 Unable
1994 2328 22 18 to
2030 2326 86 21 receive
2133 2334 13 14 a
2161 2334 49 15 cure
2225 2328 69 28 there,
2306 2329 37 22 the
2358 2331 112 28 deponent

1888 2351 81 26 sought
1977 2351 65 22 relief
2049 2356 22 17 at
2080 2352 37 23 the
2128 2353 62 22 three
2200 2354 112 28 following
2321 2356 104 28 hospitals
2433 2367 36 14 :—

1889 2377 80 27 King's
1980 2378 87 27 College
2077 2379 104 27 Hospital
2190 2382 23 20 in
2221 2382 62 27 May,
2293 2384 35 20 fox
2328 2385 45 25 five
2383 2386 83 22 weeks:

1890 2404 52 27 Guy
1952 2412 9 13 s
1971 2404 102 28 Hospital
2088 2406 24 21 in
2123 2406 61 28 July,
2195 2408 34 21 for
2243 2410 34 19 six
2292 2410 84 28 weeks;
2391 2413 45 21 and
2445 2417 24 18 at

1889 2431 98 27 Charing
1997 2432 63 21 Cross
2074 2432 102 28 Hospital
2192 2438 22 18 at
2227 2435 38 22 the
2276 2436 43 22 end
2333 2438 26 21 of
2371 2438 96 29 August,

1888 2458 34 21 for
1938 2465 61 15 some
2016 2458 70 23 weeks
2102 2467 74 21 morej
2199 2461 71 23 which
2289 2462 113 28 deponent
2418 2466 49 27 left,

1964 2485 24 21 in
1997 2493 14 14 a
2020 2486 33 21 far
2061 2493 68 15 worse
2136 2488 112 22 condition
2253 2489 53 22 than
2314 2490 65 22 when
2387 2491 28 22 he
2424 2493 47 23 had

1889 2511 86 27 quitted
1987 2512 75 27 Guy's,
2072 2512 75 23 where
2162 2514 35 22 Sir
2211 2515 101 28 Bransby
2323 2517 90 28 Cooper,
2425 2520 45 22 and

1888 2538 64 21 other
1960 2538 95 23 medical
2069 2539 87 23 officers
2166 2541 26 21 of
2201 2541 36 22 the
2248 2543 167 23 establishment
2424 2546 45 23 had

1887 2564 46 21 told
1945 2565 110 27 deponent
2063 2566 47 21 that
2120 2566 38 22 the
2168 2568 52 26 only
2229 2568 85 23 chance
2326 2571 25 21 of
2356 2573 71 26 saving
2435 2574 34 20 his

1887 2592 39 24 life
1938 2598 43 14 was
1995 2594 21 19 to
2025 2593 40 20 lose
2079 2594 33 19 his
2121 2600 45 14 arm
2173 2596 9 19 !
2209 2595 49 22 The
2274 2596 112 28 deponent
2395 2599 73 23 there-

1887 2625 59 20 upon
1955 2618 71 23 called
2035 2627 60 20 upon
2105 2620 136 28 Dr.Jßright,
2253 2622 61 23 chief
2319 2624 115 28 physician
2444 2627 28 22 of

1888 2646 78 26 Guy's,
1983 2645 54 27 who,
2049 2653 30 14 on
2095 2647 95 27 viewing
2204 2648 129 27 deponent's
2346 2652 120 27 condition,

1886 2671 78 28 kindly
1974 2673 44 21 and
2027 2673 101 27 liberally
2137 2674 54 27 said,
2286 2679 79 25 utterly
2375 2681 23 19 at
2406 2686 13 14 a
2425 2683 42 19 loss

1886 2700 56 19 what
1952 2701 21 18 to
1983 2700 25 19 do
2015 2700 40 25 for
2063 2707 40 19 you
2109 2703 10 18 /
2133 2702 36 20 but
2178 2702 47 21 here
2237 2704 19 19 is
2266 2704 184 29 hatf-a-sovereign
2457 2718 8 11 :

1884 2733 26 19 go
1921 2728 21 19 to
1952 2728 43 19 Mr.
2005 2728 115 27 Holloway,
2132 2730 42 19 and
2179 2731 35 25 try
2223 2731 57 20 what
2294 2732 60 25 effect
2368 2734 33 20 his
2408 2724 57 33 Pilie

1886 2754 42 20 and
1939 2755 103 20 Ointment
2057 2756 45 19 will
2109 2756 57 26 have,
2178 2763 23 14 as
2208 2758 16 19 I
2230 2758 51 21 have
2283 2759 123 28 frequently
2417 2764 49 20 wit-

1886 2782 70 19 nessed
1964 2782 35 20 the
2006 2783 116 25 wonderful
2129 2784 72 24 effects
2211 2785 48 26 they
2268 2787 51 20 have
2328 2794 22 14 m
2359 2788 106 27 desperate

1886 2815 62 14 cases.
1978 2810 45 20 You
2032 2816 37 15 can
2080 2811 28 20 let
2117 2817 33 14 me
2157 2818 33 14 see
2197 2819 41 19 you
2361 2815 53 23 This
2423 2824 44 15 un-

1885 2836 130 27 prejudiced
2021 2836 77 23 advice
2106 2845 44 14 was
2157 2838 103 24 followed
2267 2840 29 27 by
2303 2841 38 23 the
2347 2841 117 30 deponent,

1884 2864 46 20 and
1940 2870 14 14 a
1961 2863 85 27 perfect
2061 2871 52 14 cure
2124 2865 91 22 effected
2229 2866 24 22 in
2268 2867 62 23 three
2340 2869 80 26 weeks,
2435 2871 31 25 by

1885 2889 37 22 the
1931 2896 39 15 use
1978 2890 63 21 alone
2051 2891 26 20 of
2083 2890 137 29 Holloway's
2226 2893 54 22 Pills
2289 2895 45 21 and
2340 2895 116 23 Ointment

1885 2916 56 21 after
1950 2916 49 22 four
2015 2916 111 28 Hospitals
2141 2918 44 21 had
2201 2919 66 22 failed
2279 2921 5 21 !
2291 2920 6 22 !
2306 2921 6 21 !
2341 2921 72 23 When
2423 2923 40 23 Dr.

1884 2942 79 27 Bright
1973 2950 43 14 was
2030 2942 74 23 shown
2118 2944 32 27 by
2160 2944 37 22 the
2213 2946 118 28 deponent,
2342 2948 39 22 the
2395 2950 69 22 result

1884 2969 26 21 of
1916 2969 34 22 his
1959 2969 78 22 advice
2051 2970 45 21 and
2105 2970 92 28 charity,
2208 2972 29 22 he
2251 2973 54 27 said,
2413 2977 49 21 both,

1882 2997 113 20 astounded
2009 2997 42 20 and
2062 2997 104 27 delighted
2172 3000 10 19 f
2188 2999 47 25 for-
2239 3000 16 20 J
2265 3001 87 26 thought
2362 3004 47 20 that
2417 3005 24 24 if
2447 3006 16 19 I

1882 3030 46 14 ever
1935 3031 43 13 saw
1986 3030 40 19 you
2034 3026 68 24 again,
2109 3026 59 24 alive,
2176 3027 20 19 it
2203 3028 71 20 would
2281 3029 24 19 be
2312 3031 89 20 without
2406 3038 55 19 your

1882 3057 52 14 arm.
1953 3052 16 19 I
1974 3057 39 14 can
2021 3053 47 25 only
2074 3058 94 20 compare
2175 3053 41 21 this
2223 3060 49 15 cure
2281 3057 21 19 to
2311 3062 13 14 a
2333 3057 72 21 charm
2415 3059 45 21 "//.'

1909 3086 77 21 Sworn
1995 3085 65 22 atthe
2069 3085 100 23 Mansion
2175 3086 87 23 -housed

1936 3112 27 21 of
1969 3111 37 22 the
2015 3112 43 27 city
2066 3113 25 20 of
2098 3113 101 27 London,
2206 3114 43 23 this
2256 3107 64 30 IWm
2336 3118 120 23 BROOKE

1936 3138 40 22 Bth
1986 3138 41 28 day
2037 3139 26 21 of
2069 3139 87 29 March,
2167 3142 58 21 1842.
2250 3135 12 37 J

1936 3175 78 25 Before
2020 3182 36 20 me,
2114 3176 85 23 JOHN
2213 3179 95 29 PIRIE;
2323 3181 93 24 Mayor.

1883 3212 36 21 IN
1932 3212 63 21 ALL
2009 3212 101 22 Diseases
2120 3212 26 21 of
2157 3212 37 22 the
2209 3213 61 28 Skin,
2282 3215 49 22 Bad
2341 3216 65 29 Legs,
2418 3218 45 22 Old

1882 3238 109 27 Wounds,
1999 3239 43 21 and
2051 3239 84 27 Ulcers,
2143 3240 48 22 Bad
2197 3240 96 29 Breasts,
2302 3243 53 22 Sore
2362 3243 100 29 Nipples,

1882 3265 135 27 Stoneyand
2025 3266 120 21 Ulcerated
2152 3266 100 27 Cancers,
2261 3269 115 28 Tumours,
2385 3271 76 22 Swell-

1881 3291 56 28 ings,
1956 3292 67 26 Gout,
2030 3292 13 28 '
2043 3292 154 28 Rheumatism,
2213 3294 44 22 and
2272 3295 121 28 Lumbago,
2405 3297 57 23 like-

1882 3319 50 21 wise
1942 3318 24 22 in
1975 3325 60 15 cases
2046 3318 25 22 of
2077 3319 59 21 Piles
2142 3327 6 19 ;
2160 3319 36 21 the
2207 3320 59 26 Pills,
2274 3321 25 21 in
2309 3322 29 21 all
2346 3322 37 22 the
2390 3323 70 23 above

1881 3352 68 19 cases,
1959 3345 69 27 ought
2042 3349 22 18 to
2079 3345 28 22 be
2117 3346 54 21 used
2185 3346 53 22 with
2253 3347 37 21 the
2303 3348 122 29 Ointment,
2436 3358 25 15 as

1881 3371 27 28 by
1928 3372 44 24 this
1991 3379 77 15 means
2086 3379 64 14 cures
2168 3372 43 22 will
2230 3373 27 21 be
2272 3374 94 22 effected
2380 3376 53 22 with
2447 3385 14 14 a

1881 3394 67 26 much
1961 3400 86 25 greater
2062 3398 115 28 certainty,
2194 3398 45 22 and
2253 3400 24 22 in
2292 3400 50 22 half
2353 3401 39 23 the
2406 3403 55 23 time

1880 3424 48 22 that
1943 3425 18 21 it
1978 3423 71 24 would
2065 3424 87 28 require
2166 3426 30 27 by
2208 3426 66 26 using
2288 3427 38 22 the
2342 3428 118 24 Ointment

1880 3451 70 22 alone.
1979 3451 46 22 The
2035 3451 117 22 Ointment
2160 3452 18 21 is
2188 3452 82 27 proved
2281 3456 22 19 to
2313 3454 27 22 be
2350 3462 14 14 a
2374 3456 85 22 certain

1879 3477 92 28 remedy
1979 3478 35 21 for
2022 3477 37 22 the
2069 3478 45 21 bite
2124 3479 28 20 of
2157 3478 153 24 moschettoes.

1905 3504 79 27 Burns,
2005 3504 82 27 Scalds,
2105 3504 129 28 Chilblains,
2254 3506 105 31 Chapped
2378 3508 80 24 Hands

1879 3530 45 23 and
1933 3530 61 33 Lips,
2004 3531 46 22 also
2060 3531 99 22 Bunions
2173 3532 45 21 and
2233 3532 48 22 Soft
2291 3534 74 26 Corns,
2376 3535 45 23 will
2430 3536 28 22 be

1877 3557 152 28 immediately
2038 3558 67 21 cured
2114 3558 30 27 by
2154 3557 37 22 the
2201 3565 39 16 use
2250 3560 27 21 of
2286 3560 37 22 the
2334 3561 123 24 Ointment.

1904 3591 71 21 THE
1990 3591 96 21 PILLS
2095 3599 38 15 are
2143 3595 39 19 not
2191 3592 53 27 only
2250 3593 37 22 the
2294 3594 65 22 finest
2365 3596 94 28 remedy

1877 3618 81 22 known
1966 3617 66 23 when
2039 3617 56 23 used
2104 3618 54 22 with
2169 3618 39 22 the
2224 3619 123 29 Ointment,
2357 3621 41 22 but
2407 3629 23 16 as
2444 3630 15 15 a

1878 3645 98 21 General
1995 3644 113 23 Medicine
2126 3645 62 22 there
2202 3645 20 22 is
2240 3646 94 27 nothing
2351 3648 65 27 equal
2432 3653 23 18 to

1877 3671 68 22 them.
1975 3671 28 22 In
2009 3678 97 16 nervous
2112 3672 115 22 affections
2237 3673 52 26 they
2297 3673 43 22 will
2349 3674 30 22 be
2388 3675 71 23 found

1877 3699 26 20 of
1908 3697 39 23 the
1955 3701 96 24 greatest
2060 3698 90 22 service.
2176 3699 75 22 These
2265 3699 56 22 Pills
2333 3707 45 20 are,
2395 3702 64 23 with-

1877 3728 38 18 out
1924 3725 124 28 exception,
2059 3724 37 23 the
2112 3725 67 22 finest
2188 3725 93 23 Purifier
2295 3726 26 22 of
2332 3727 38 22 the
2385 3728 73 23 Blood

1875 3758 53 15 ever
1936 3751 136 26 discovered,
2083 3751 45 22 and
2145 3751 110 23 OUGHT
2267 3752 41 22 TO
2322 3753 39 22 BE
2376 3755 80 23 USED

1875 3777 42 23 BY
1930 3778 64 22 ALL
2008 3778 152 22 FEMALES.

1895 3811 81 24 Orders
1983 3811 102 23 received
2093 3814 23 19 at
2126 3811 38 22 the
2198 3812 109 23 Gazette
2343 3815 93 23 Office.

1903 3843 80 22 Maroh
1994 3844 32 25 10,
2037 3843 61 21 1843.

1875 3887 93 48 JUST
1981 3887 130 22 OPENED,
2119 3887 45 22 and
2173 3894 29 15 on
2212 3888 50 22 Sale
2272 3892 24 19 at
2305 3889 37 22 the
2352 3889 70 24 Office
2435 3892 28 21 of

1937 3913 45 24 this
1991 3913 76 29 Paper,
2077 3913 39 22 ink
2127 3914 75 23 stands
2212 3915 27 23 of
2244 3916 88 24 various
2342 3916 63 23 sizes.
