2550 4020
1289 51 100 31 THE

109 92 465 134 NEW
675 97 882 145 ZEALAND
1636 115 877 144 GAZETTE

1264 265 102 36 AND

24 301 1185 166 WELLINGTON
1328 301 1185 166 SPECTATOR.

635 478 221 41 PUBLISHED
903 484 132 38 EVERY
1079 486 257 40 WEDNESDAY
1379 491 89 38 AND
1514 494 228 39 SATURDAY
1787 499 205 38 MORNING.

611 592 130 33 PORT
769 595 287 45 NICHOLSON,
1078 603 260 32 SATURDAY
1359 606 239 42 MORNING,
1620 613 261 35 FEBRUARY
1904 621 49 33 12,
1978 622 90 29 1842.

122 594 65 32 No.
212 594 86 41 115.]

2324 625 99 40 [Vol.
2445 627 49 31 11.

731 686 56 20 The
802 687 172 28 Wellington
989 691 77 21 Land
1080 692 186 23 Association.

704 718 91 23 T^HE
804 719 50 22 first
870 721 155 29 Anniversary
1035 724 87 22 Dinner
1137 726 26 20 of
1175 726 37 22 the
1223 727 70 23 above

710 746 29 20 -L
764 746 144 23 Association
922 748 46 23 will
983 750 51 22 take
1050 751 62 27 place
1130 759 29 14 on
1176 752 117 28 Thursday

702 774 61 25 next,
781 773 39 22 the
837 774 53 22 17th
903 775 94 28 instant,
1014 780 23 18 at
1053 778 37 21 the
1112 778 83 22 Bolton
1215 780 76 27 Arms,

892 801 113 24 Lambton
1016 804 63 27 Quay
1089 812 4 13 :

795 833 42 15 MR.
847 835 27 14 TV.
884 836 23 13 A.
919 836 94 20 COOPER,
1024 838 25 13 IN
1060 838 44 15 THE
1115 839 79 15 CHAIR.

700 852 89 23 Dinner
797 861 30 14 on
843 854 38 21 the
892 855 59 22 table
968 860 24 17 at
1001 856 106 28 half-past
1116 866 69 14 seven
1195 859 93 23 o'clock.

696 879 92 22 Tickets
798 883 23 18 to
837 880 28 22 be
875 880 46 23 had
938 882 26 21 of
973 882 38 22 the
1026 883 110 28 Trustees,
1148 886 45 21 and
1206 887 26 21 of
1243 887 46 22 Mr.

806 907 116 28 Zillwood,
932 912 22 18 at
964 909 37 22 the
1011 909 80 23 Bolton
1103 911 76 23 Arms.

700 931 141 29 Wellington,
854 934 52 21 10th
915 935 120 29 February,
1048 938 60 21 1842.
1140 955 3 4 ,

777 983 3 4 •
790 977 94 22 House
900 980 54 20 and
970 981 109 21 Garden
1093 983 28 20 to
1136 983 59 21 Let.

696 1009 52 47 A
762 1009 213 25 SUBSTANTIAL
993 1013 58 22 built
1068 1022 77 20 warra,
1164 1017 124 27 consisting

785 1037 26 21 of
818 1039 10 19 1
840 1039 158 28 sitting-room,
1015 1042 13 20 2
1043 1041 137 29 bed-rooms,
1195 1044 92 22 kitchen

696 1063 45 21 and
755 1065 109 21 servants'
879 1069 144 25 apartments,
1040 1068 53 22 with
1107 1070 89 22 several
1205 1070 82 23 closets

698 1089 46 21 and
771 1089 65 23 other
870 1093 171 29 conveniences,
1074 1096 96 22 situated
1195 1097 26 22 in
1249 1098 37 22 the

695 1116 181 29 Tinakori-road,
894 1119 78 22 within
991 1121 62 22 three
1065 1122 106 23 minutes'
1187 1123 58 22 walk
1263 1125 28 21 of

696 1144 37 20 the
752 1144 72 22 beach
842 1148 25 18 at
884 1145 96 23 Jakiwai
994 1147 54 27 Pah,
1067 1149 45 22 and
1124 1150 45 21 five
1187 1151 99 22 minutes

694 1171 60 20 from
764 1171 186 24 Barrett's-hotel.
980 1174 88 23 Twelve
1087 1176 99 23 month's
1203 1178 81 26 supply

694 1196 26 21 of
727 1197 63 22 wood
800 1201 23 18 at
832 1198 38 22 the
880 1199 62 22 door.
971 1201 77 27 Apply
1054 1204 23 19 to
1100 1211 3 3 ■

1053 1236 45 22 Mr.
1112 1236 143 24 M'Donald.

708 1260 56 19 Also
774 1265 13 14 a
795 1260 72 21 house
874 1260 46 22 and
928 1261 85 27 garden
1021 1264 23 19 at
1053 1262 214 26 Kai-warra-warra.

764 1303 40 20 On
819 1304 68 27 Sale,
905 1311 36 15 ex
954 1307 46 19 the

693 1335 74 48 AN
780 1337 114 24 extensive
905 1341 133 21 assortment
1048 1340 26 22 of
1079 1341 54 21 mud
1142 1341 71 29 boots,

773 1363 62 22 Stuff
841 1364 97 23 channel
947 1366 99 28 slippers,
1127 1368 14 19 '.

720 1388 47 22 Kid
776 1389 99 29 slippers,

719 1415 73 28 Pump
799 1416 72 28 boots,

720 1442 100 22 Channel
832 1444 71 27 boots,

718 1468 106 28 Dancing
832 1477 89 22 pumps,

719 1496 10 20 1
742 1503 50 14 case
799 1497 83 28 gloves,

719 1523 26 20 15
755 1523 69 22 boxes
835 1525 81 21 starch.

823 1550 123 30 Wallace,
962 1554 89 28 White,
1068 1555 45 22 and
1126 1556 124 24 Wallace.

717 1576 134 28 December,
863 1580 60 21 1841.

931 1632 104 26 Bricks,

689 1661 89 48 FOR
794 1663 85 27 SALE,
891 1668 24 18 at
930 1667 44 21 60s.
993 1674 39 19 per
1048 1667 119 24 thousand.
1196 1670 81 28 .Apply

710 1715 3 4 .
748 1693 23 27 *?
788 1691 21 20 J-
828 1691 95 28 JPimble,
936 1696 22 18 at
971 1693 37 22 the
1026 1695 169 27 Sydney-street
1209 1697 68 22 Brick

688 1715 45 21 and
742 1715 49 22 Tile
807 1716 88 29 Works,
908 1721 23 19 at
940 1719 37 22 the
994 1727 49 16 rear
1053 1722 25 21 of
1089 1723 93 22 Colonel
1195 1723 81 23 Wake-

878 1745 72 23 field's
963 1747 123 23 residence.

755 1776 106 23 Terms—
863 1779 53 22 cash
927 1787 27 14 on
967 1780 99 29 delivery
1077 1785 22 19 at
1108 1783 38 22 the
1154 1783 55 23 kiln.

926 1825 104 22 Bricks.

686 1855 142 48 BRICKS
839 1864 29 15 on
881 1858 52 21 Sale
942 1858 30 28 by
982 1858 38 23 the
1029 1860 150 28 undersigned
1192 1866 23 18 at
1228 1865 45 21 60s.

749 1890 39 19 per
799 1885 61 20 1000.
887 1887 11 17 i
903 1885 12 20 f
922 1884 67 23 taken
997 1886 24 21 in
1031 1888 119 26 quantities
1158 1889 26 21 of
1191 1891 82 25 15,000,

686 1916 13 13 a
708 1909 117 22 reduction
835 1910 26 21 of
868 1912 43 20 10s.
922 1919 39 19 per
971 1914 54 20 1000
1034 1914 44 21 will
1088 1914 27 21 be
1123 1916 73 22 made.

697 1937 4 3 '
712 1935 78 22 Terms
790 1947 28 4 —
820 1937 53 22 cash
882 1945 31 14 on
922 1938 99 28 delivery
1029 1943 24 18 at
1061 1940 38 23 the
1108 1941 56 23 kiln.

710 1987 61 10 ,„.„.
884 1990 13 3 _
927 1973 7 3 '
1093 1968 30 22 A.
1138 1968 108 24 Ludlam.

710 1987 162 29 Willis-street,
881 1990 54 21 Jan.
946 1993 105 23 12,-1842.

915 2036 40 19 On
972 2035 69 25 Sale,

680 2065 52 47 A
752 2065 89 23 WELL
860 2068 99 22 assorted
978 2069 62 21 stock
1060 2070 26 21 of
1100 2077 55 21 very
1173 2074 100 26 superior

760 2099 60 20 rope,
832 2093 72 22 whale
913 2094 53 27 line,
978 2095 44 22 and
1031 2103 57 20 spun
1097 2105 63 20 yarn,

708 2119 105 26 Superior
821 2119 85 23 British
916 2121 69 28 pitch,

708 2145 130 23 Stockholm
849 2149 40 25 tar,

708 2171 75 23 White
792 2172 59 28 lead,

709 2199 178 23 Anti-corrosive
897 2201 71 28 paint,

707 2225 94 23 Cabinet
809 2227 119 28 furniture,

706 2251 60 23 Well
774 2254 109 22 seasoned
892 2255 104 28 feathers,

706 2278 171 30 Ironmongery,
887 2288 63 21 saws,
961 2283 56 27 files,
1028 2284 40 22 &c.

705 2305 43 22 Tin
758 2314 58 14 ware
825 2307 46 22 and
881 2308 100 29 brushes,

705 2332 59 23 Hats
774 2334 44 21 and
828 2334 113 23 thrashers
950 2337 73 21 suited
1032 2340 23 19 to
1065 2338 38 22 the
1112 2347 86 21 season,

705 2359 88 23 Pickles
801 2361 25 21 in
837 2361 60 27 pints
907 2362 44 22 and
962 2367 82 24 quarts,

705 2386 100 28 Herring
815 2388 46 22 and
870 2389 103 29 anchovy
982 2394 69 24 paste,

704 2413 82 23 Sauces
795 2415 107 27 assorted,

704 2441 77 21 Salted
790 2441 87 23 salmon
887 2442 47 22 and
943 2443 108 29 herrings,

704 2467 145 28 Gunpowder
858 2469 45 22 and
914 2469 57 29 shot,

703 2494 38 22 An
752 2495 112 22 excellent
874 2500 134 19 assortment
1017 2498 26 22 of
1053 2500 150 24 earthenware

703 2521 75 22 Prime
788 2523 69 21 cured
865 2523 64 28 pork.

909 2551 35 21 W.
959 2551 170 31 Fitzherbert,
1140 2555 33 22 Te
1183 2556 56 23 Aro.

677 2592 165 28 QTORAGE
858 2594 39 23 TO
912 2595 40 22 BE
967 2596 78 28 HAD,
1061 2599 67 28 apply
1137 2603 23 18 to

675 2620 45 38 H^
752 2647 5 5 .
800 2648 18 10 t,
861 2648 7 3 .
1039 2625 71 23 T.M.
1121 2627 137 25 Partridge;

700 2646 32 22 Te
742 2647 48 22 Aro
800 2648 83 23 Beach.

674 2691 41 37 p
720 2691 89 23 HATH
811 2693 50 21 AM
878 2693 135 25 ISLANDS
1028 2697 165 29 POTATOES,
1208 2700 55 22 both

675 2720 40 19 VV
745 2725 50 15 new
809 2720 46 21 and
872 2721 44 28 old,
933 2723 48 26 just
997 2724 110 27 imported
1122 2725 25 22 in
1162 2726 37 22 the
1213 2728 50 26 brig

673 2745 102 26 Caroline,
790 2747 45 21 and
853 2747 34 22 for
904 2749 57 27 sale;
978 2750 46 22 also
1039 2758 14 14 a
1068 2753 102 27 quantity
1185 2754 26 21 of
1221 2755 42 21 salt

671 2772 63 27 pork.
763 2774 78 26 Apply
852 2778 22 17 to

813 2800 124 29 Wallace,
948 2802 92 27 White,
1051 2805 44 21 and
1110 2805 124 25 Wallace.

933 2847 76 25 Urui,

672 2877 43 20 One
722 2878 50 19 mile
781 2883 26 15 on
818 2879 36 20 the
863 2880 57 20 Port
929 2881 114 21 Nicholson
1051 2883 44 21 side
1104 2885 27 24 of
1142 2886 118 22 WaiJcanai.

779 2911 136 24 JENKINS
932 2914 54 27 begs
1001 2918 22 19 to
1037 2923 124 22 announce,
1173 2919 50 23 that
1231 2921 29 22 he

670 2939 62 20 -Lt_L
761 2939 40 20 has
812 2939 89 27 opened
911 2947 13 15 a
934 2940 78 23 House
1019 2942 35 22 for
1063 2944 37 21 the
1108 2947 152 23 convenience

670 2970 23 15 or
709 2965 39 21 the
764 2965 82 27 public,
865 2966 45 22 and
926 2970 68 20 trusts
1011 2969 48 22 that
1074 2970 38 22 the
1128 2971 69 23 board
1214 2975 46 21 and

667 2992 93 27 lodging
781 2992 29 22 he
831 2994 105 26 provides
955 2995 46 22 will
1019 3003 76 16 secure
1114 2998 48 22 him
1180 2999 78 25 liberal

668 3022 99 23 support.
776 3039 3 4 .

694 3040 45 27 Mr.
751 3045 96 23 Jenkins
863 3054 42 15 can
915 3050 24 19 at
952 3048 29 22 all
992 3049 64 23 times
1065 3052 91 26 provide
1171 3055 87 26 gentle-

665 3078 54 15 men
729 3072 53 22 with
792 3073 38 22 the
839 3081 79 15 means
926 3075 26 21 of
958 3077 100 27 crossing
1064 3081 23 18 to
1096 3079 87 27 Kapiti.

693 3099 64 27 Urui,
769 3099 108 29 January,
889 3102 61 22 1842.

915 3147 89 22 Otaki.
1129 3166 4 3 .

665 3175 93 50 MR.
781 3178 130 23 TAYLOR
933 3180 55 28 begs
1011 3185 23 19 to
1057 3183 102 25 intimate
1178 3189 23 19 to
1220 3186 35 23 his

741 3206 86 21 Inends
837 3206 44 22 and
892 3208 39 21 the
941 3208 75 27 public
1022 3210 49 22 that
1079 3211 28 22 he
1117 3212 40 22 has
1168 3214 87 26 opened

663 3236 14 14 a
687 3232 78 20 House
775 3232 25 21 of
814 3233 184 24 Entertainment
1006 3240 24 17 at
1047 3238 72 28 Otaki,
1131 3240 45 21 and
1185 3240 70 26 hopes

663 3259 50 18 that
719 3259 39 19 the
766 3259 134 22 cleanliness
908 3262 45 21 and
963 3263 95 22 comfort
1065 3265 26 21 of
1096 3266 35 21 his
1138 3267 117 22 establish-

662 3286 64 18 ment
745 3285 45 21 will
805 3293 77 14 secure
901 3287 47 22 him
965 3296 13 14 a
995 3289 79 24 liberal
1091 3292 64 22 share
1174 3294 26 21 of
1215 3294 38 22 the

660 3312 77 24 public
747 3314 131 25 patronage.

690 3336 74 28 Otaki,
776 3338 102 29 January
886 3341 36 26 21,
934 3342 60 21 1842.

875 3385 167 23 Manewatu.

660 3414 94 49 MR.
769 3416 86 23 BURR
864 3418 63 23 takes
934 3419 42 22 this
985 3428 78 17 means
1074 3424 26 21 of
1105 3427 146 26 announcing

753 3445 50 19 that
816 3445 29 21 he
861 3452 19 14 is
894 3445 103 29 building
1007 3455 13 14 a
1034 3448 68 24 house
1111 3452 36 21 for
1160 3453 38 21 the
1213 3461 36 15 ac-

659 3469 166 23 commodation
837 3471 26 21 of
869 3471 38 23 the
917 3473 81 27 public,
1007 3481 54 16 near
1070 3477 38 22 the
1117 3478 52 28 pah,
1180 3483 24 19 at
1211 3480 38 22 the

658 3497 78 20 mouth
745 3497 26 21 of
778 3497 36 22 the
825 3498 137 29 Manewatu,
971 3501 72 22 which
1051 3503 28 22 he
1089 3510 91 22 expects
1190 3510 22 18 to
1220 3507 28 22 be

658 3523 97 21 enabled
764 3527 22 18 to
795 3532 57 19 open
862 3525 24 21 in
897 3533 14 14 a
920 3527 42 21 few
976 3528 80 28 weeks,
1068 3530 63 23 when
1141 3532 29 22 he
1180 3536 68 20 trusts

656 3552 51 18 that
723 3552 29 25 by
762 3552 92 27 civility,
865 3553 45 22 and
925 3554 100 28 meeting
1041 3557 36 22 the
1093 3562 71 19 wants
1175 3560 25 22 of
1211 3561 37 21 his

656 3580 134 24 supporters,
802 3582 23 18 to
835 3579 87 22 receive
933 3580 78 23 liberal
1022 3589 188 21 encouragement

684 3603 54 21 Man
743 3608 77 23 ewatu,
832 3605 102 29 January
943 3608 33 26 22,
989 3610 59 21 1842.
1072 3627 3 2 .

654 3647 69 27 \W~
762 3648 94 29 NEAL,
878 3651 88 23 Watch
988 3654 44 21 and
1054 3655 77 23 Clock
1147 3657 96 28 Maker,

670 3678 36 17 TF
726 3685 11 11 •
783 3678 54 25 begs
855 3679 144 28 respectfully
1017 3684 22 18 to
1058 3681 83 24 inform
1156 3685 38 21 the
1208 3685 36 22 in-

652 3699 115 24 habitants
785 3704 22 20 of
827 3703 54 22 Port
887 3705 132 29 Nicholson,
1037 3707 49 29 &c,
1102 3709 50 23 that
1159 3711 29 22 he
1202 3711 41 23 has

652 3730 112 21 removed,
771 3730 35 21 his
820 3730 103 23 business
940 3733 50 21 S.E.
1001 3734 26 21 of
1037 3734 91 24 Messrs.
1138 3737 104 24 Bethune

652 3756 46 19 and
709 3756 116 27 Hunter's,
837 3758 45 21 and
891 3758 77 29 hopes,
979 3760 30 26 by
1019 3765 62 18 strict
1090 3765 116 26 attention,
1218 3768 24 20 to

651 3785 68 17 merit
733 3789 14 14 a
764 3784 150 23 continuance
931 3786 25 21 of
971 3787 57 21 their
1044 3788 96 28 favours,
1157 3790 84 26 having

651 3808 45 21 had
705 3809 26 20 20
743 3810 71 26 years'
825 3812 133 26 experience
968 3813 23 21 in
1001 3814 102 22 London.

678 3834 40 22 All
736 3834 66 23 kinds
818 3836 26 21 of
856 3838 94 27 foreign,
969 3840 89 28 British,
1074 3842 100 28 musical,
1194 3845 45 21 and

649 3864 117 25 repeating
771 3863 99 22 watches
875 3866 46 20 and
931 3866 81 28 clocks,
1020 3868 45 21 and
1072 3868 166 26 chronometers

649 3890 94 20 cleaned
753 3890 44 21 and
806 3890 110 27 repaired.

816 3935 29 5 —
846 3924 97 24 Musical
954 3926 68 23 boxes

140 687 173 26 Wellington
328 685 53 21 and
395 683 104 22 Nelson
513 684 110 21 Packet.

243 721 91 24 fTIHE
355 719 138 26 Wellington
519 719 46 22 and
587 719 85 23 Nelson

124 741 88 39 ftfsjjJL
249 741 30 30 X
322 746 80 29 packet
418 746 116 26 Pickwick,
554 746 60 28 daily
633 755 39 14 ex-

112 767 121 37 ■JMbJjck
254 776 85 25 pected,
348 773 45 22 will
408 776 60 19 meet
477 773 52 22 with
543 773 128 23 immediate

70 814 3 4 •
91 795 150 38 2umJk
254 799 101 28 dispatch
370 800 37 21 for
421 799 94 23 Nelson.
545 800 75 23 Goods
635 800 35 22 in-

90 822 151 38 M^^^SB
254 826 82 23 tended
357 829 24 18 to
404 826 29 21 be
460 826 93 28 shipped
580 828 31 27 by
632 828 38 22 the

248 854 107 21 Pickwick
363 853 46 22 will
423 853 30 22 be
460 854 76 21 stored
544 854 55 23 free.
625 854 45 23 For

68 887 3 5 1
84 882 85 28 freight
178 889 25 16 or
211 888 99 22 passage,
318 879 67 29 apply
393 882 24 19 to

341 913 35 22 W.
392 913 26 21 B.
434 913 94 23 Rhodes
543 915 45 21 and
602 915 38 22 Co.

113 942 143 27 Wellington,
266 940 113 27 February
386 941 23 25 4,
418 941 61 21 1842.

228 987 52 20 For
294 985 105 20 Nelson
415 985 104 21 Haven.

255 1020 91 24 'T^HE
355 1020 47 22 fine
411 1021 45 22 fast
464 1022 81 27 sailing
558 1024 110 22 schooner

115 1044 113 38 •jigjgSS^v
261 1044 30 24 -t
328 1048 62 26 Kate,
411 1048 92 28 Captain
514 1050 150 29 Macfarlane;

112 1072 132 36 ■JOR^aL
275 1080 32 15 ias
324 1081 55 15 very
393 1082 25 14 su
419 1082 15 20 P
436 1083 24 14 er
459 1076 23 21 i°
482 1083 12 15 r
512 1079 155 21 accommoda-

88 1099 157 30 JEeUsSXvH
266 1101 31 21 ti°
299 1108 14 14 n
324 1101 22 21 *°
348 1108 11 14 r
368 1108 138 21 passengers.
534 1104 46 22 For
585 1105 82 28 freight

88 1123 159 33 Efr^ySwy
266 1134 25 14 or
300 1134 100 21 passage,
412 1129 67 27 apply
489 1133 23 19 to

357 1155 56 21 Hay
428 1157 45 21 and
488 1157 149 23 Machattie.

225 1199 53 21 For
292 1200 105 21 Nelson
412 1201 107 26 Haven,

79 1233 106 26 Expected
192 1234 48 20 here
250 1233 22 20 in
285 1239 13 14 a
306 1234 47 24 -few
364 1234 56 26 days,
432 1235 42 20 and
489 1237 21 19 to
524 1237 42 19 sail
567 1237 42 26 for
618 1239 47 20 tJiat

186 1261 58 21 Port
254 1260 23 20 in
286 1262 45 25 Jive
340 1261 51 27 days
400 1263 58 25 after
467 1264 87 25 arrival,

86 1297 105 35 ■^j3^i
235 1303 9 15 r
252 1303 9 28 I
345 1301 51 23 well
414 1302 83 22 known
519 1304 43 22 fast
585 1305 80 28 sailing

240 1324 30 23 JL
308 1328 111 22 schooner
429 1331 57 26 Gem,
497 1331 63 27 Capt.
569 1332 81 23 Pearce
655 1341 6 19 ;

78 1354 148 36 /MQ^^
246 1354 40 21 has
296 1358 22 17 a*
326 1355 61 27 large
398 1357 89 26 portion
502 1357 26 21 of
542 1357 41 23 her
597 1366 64 20 cargo

73 1378 154 37 agPHa
245 1380 93 29 already
348 1383 109 27 engaged,
468 1384 46 22 and
528 1385 46 22 will
588 1385 61 23 there
652 1399 11 4 -

244 1407 48 22 fore
301 1408 58 22 have
371 1409 115 28 despatch.

272 1434 54 23 This
337 1436 65 22 offers
419 1444 14 14 a
441 1437 59 27 good
519 1439 142 28 opportunity

72 1461 35 20 for
115 1461 101 27 shippers
225 1461 27 22 of
265 1461 69 28 stock,
345 1463 50 21 who
406 1463 43 23 will
460 1464 57 22 have
527 1466 39 21 the
578 1466 82 22 benefit

73 1486 26 21 of
110 1486 36 22 the
164 1488 114 27 Captain's
287 1490 132 26 experience
434 1491 24 22 in
476 1491 48 22 that
540 1493 83 22 branch
637 1493 28 22 of

68 1513 72 22 trade.
168 1514 46 23 For
223 1515 84 28 freight
317 1523 24 15 or
350 1524 100 21 passage,
463 1519 68 27 apply
541 1522 22 19 to

430 1551 89 23 Willis
533 1553 46 21 and
593 1554 38 21 Co.

68 1591 54 22 For
141 1593 106 21 Nelson
266 1594 96 21 Haven
376 1596 21 20 &
416 1596 75 26 New,
501 1597 156 26 Plymouth,

70 1626 29 20 To
113 1627 42 19 sail
171 1627 23 20 in
212 1634 14 14 a
239 1628 48 25 few
306 1629 51 26 days
373 1630 58 25 after
449 1631 38 20 her
505 1632 81 21 arrival
596 1632 62 26 from

304 1657 117 25 Auckland,

74 1691 108 33 'jm&ti
223 1689 90 35 npHE
330 1689 45 23 fine
383 1691 45 21 fast
438 1692 81 28 sailing
531 1693 77 27 brigan
613 1694 43 22 tine

89 1715 118 34 »jjKjS^
228 1715 30 22 X
282 1717 153 26 Abercrombie,
447 1719 63 27 Capt.
520 1721 31 21 A.
565 1721 89 28 Devlin,

66 1740 152 38 <^MgEs»-
234 1743 45 22 will
294 1743 28 22 be
336 1744 46 22 laid
392 1752 29 15 on
431 1745 34 22 for
475 1746 85 23 Nelson
571 1748 21 21 &
600 1748 56 22 New

65 1767 152 34 fiEJEBSIi
234 1769 121 28 Plymouth
379 1779 30 14 on
434 1773 41 21 her
498 1776 77 20 return
597 1775 58 22 from

233 1797 127 22 Auckland.
390 1799 45 21 She
444 1799 41 23 has
494 1807 54 21 very
558 1802 99 26 superior

230 1825 193 22 accommodation
453 1827 35 21 for
518 1834 135 22 passengers,

65 1848 45 22 and
117 1849 45 22 will
170 1849 60 23 have
239 1850 129 23 immediate
380 1852 113 28 despatch.
521 1854 44 22 For
574 1855 80 28 freight

65 1882 25 14 or
104 1883 100 21 passage,
216 1877 67 28 apply
292 1881 23 18 to

297 1904 84 28 ,Hort,
392 1905 122 28 Mocatta,
531 1908 45 21 and
587 1909 38 22 Co.

91 1931 109 25 January,
206 1931 34 26 14,
252 1931 61 21 1842.

88 1973 54 20 For
150 1974 113 21 -Nelson
278 1975 104 24 Haven,
387 1977 56 20 and
458 1978 165 26 Wanganui,

216 2008 92 22 HPHE
317 2010 59 26 Rory
387 2012 94 21 O'More.
510 2013 25 21 If
541 2013 110 24 sufficient

78 2034 117 38 JjjaSi&L
222 2046 31 10 -*-
289 2036 147 24 inducement
456 2039 71 26 offers,
548 2040 44 22 this
605 2041 45 22 fine

239 2069 22 15 as
263 2064 9 19 *
282 2070 24 14 sa
307 2063 23 22 '^
333 2070 12 14 n
347 2072 16 19 ff
372 2065 110 23 schooner
494 2066 44 22 will
555 2069 94 25 proceed

58 2087 151 37 fgßWgaSiil
228 2088 24 22 in
262 2096 14 14 a
285 2090 44 21 few
336 2090 54 28 days
400 2091 35 23 for
444 2092 38 22 the
492 2093 70 23 above
567 2094 81 27 places.

228 2116 45 21 For
281 2116 83 29 freight
374 2126 25 14 or
408 2126 98 21 passage,
519 2121 66 27 apply
595 2124 23 19 to

193 2150 126 28 Wallace,
331 2152 90 28 White,
439 2155 46 22 and
497 2155 123 23 Wallace.

103 2196 54 19 For
171 2196 160 27 Auckland,
346 2198 46 21 via
406 2199 118 28 Poverty
538 2201 66 27 Bay,

178 2230 31 20 To
217 2230 41 20 sail
268 2236 26 14 on
305 2232 35 20 the
350 2233 52 20 16th
411 2234 115 26 February,

209 2267 11 11 r
223 2266 77 38 jPHE
319 2268 46 22 fine
382 2277 51 14 new
453 2270 109 24 schooner
578 2274 69 22 Sarah

79 2300 119 28 JBm£Esy
220 2297 24 18 •*•
280 2295 109 28 Maxwell,
402 2304 30 14 on
440 2297 42 22 her
493 2298 47 23 first
553 2307 91 21 voyage,

253 2322 27 20 50
292 2325 51 19 tons
353 2323 105 28 burthen,
468 2325 46 22 will
524 2326 28 22 be
560 2326 47 23 laid
618 2336 27 14 on

52 2346 156 36 araggg^fg
223 2354 24 15 as
279 2356 15 14 a
320 2350 90 27 regular
436 2352 82 26 packet
545 2354 100 23 between

225 2375 131 24 Auckland,
365 2381 28 18 ail
396 2377 15 22 d
428 2378 153 30 Wellington;
605 2382 41 22 has

227 2403 112 22 excellent
369 2406 205 23 accommodations
610 2410 35 21 for

54 2432 140 24 passengers,
204 2428 87 29 having
299 2430 56 22 been
366 2431 64 22 fitted
443 2439 31 20 up
485 2435 112 27 expressly
611 2436 35 22 for

55 2453 39 21 the
111 2454 71 23 above
199 2462 104 22 purpose.
339 2457 44 22 For
400 2458 84 28 freight
501 2468 25 14 or
545 2469 90 17 passage

53 2480 69 28 apply
129 2484 23 19 to
609 2478 12 12 b
636 2480 7 11 '

317 2511 36 22 W.
368 2512 27 22 B.
410 2512 94 24 Rhodes
519 2515 45 22 and
578 2516 39 23 Co.

206 2556 54 19 For
275 2556 109 27 Sydney
399 2558 95 27 direct,

72 2587 30 20 To
110 2588 41 20 sail
160 2594 25 14 on
197 2589 95 27 Tuesday
301 2593 58 24 next,
371 2592 36 20 the
419 2593 51 20 15th
480 2594 28 26 of
516 2596 111 28 February,

93 2623 80 44 \§fi|L
220 2631 114 24 TPHAT
362 2634 143 24 well-known
529 2638 45 22 fine
600 2639 44 23 fast

83 2658 114 36 i*Ms|^v
231 2658 23 20 •*-
299 2660 87 28 sailing,
407 2662 58 28 Al,
486 2664 82 27 clipper,
587 2665 57 23 built

71 2686 143 36 jUMfig&gL
267 2693 12 14 °
280 2693 18 14 n
299 2693 16 20 S
327 2688 99 26 Caroline,
440 2689 98 24 Richard
548 2693 94 22 Coombs

56 2712 158 37 rrpjff^Si™~
234 2714 146 23 commander
386 2723 6 19 ;
409 2712 44 25 this
462 2718 71 21 vessel
550 2719 39 22 has
604 2728 38 14 ex-

234 2738 82 23 cellent
322 2743 206 23 accommodations
535 2745 36 22 for
577 2747 64 22 cabin

233 2765 45 22 and
306 2771 100 24 steerage
429 2777 138 21 passengers,
597 2775 44 21 and

49 2795 65 15 room
120 2789 36 22 for
165 2797 74 20 cargo.
268 2792 45 23 For
318 2794 82 28 freight
409 2803 24 14 or
439 2804 99 21 passage,
548 2801 65 26 apply
618 2805 22 17 to

186 2824 124 29 Wallace,
326 2828 92 27 White,
430 2831 45 21 and
489 2831 124 25 Wallace.

273 2871 54 22 For
342 2873 71 22 Sale.

67 2895 72 43 J2|ji
162 2900 92 22 rriHE
268 2902 45 22 fine
331 2904 45 22 fast
390 2905 84 28 sailing
491 2908 69 25 yacht
582 2911 56 23 built

61 2930 98 30 ftN%
174 2933 23 14 *■
209 2955 9 8 A
235 2930 110 22 schooner
357 2932 106 22 Governor
468 2935 92 28 Hobson,
571 2938 67 23 about

30 2982 8 9 ,
49 2954 112 37 jPg
252 2957 50 20 tons
316 2956 103 31 bur^en,
431 2961 51 22 well
498 2963 78 28 found,
593 2966 44 22 and

30 2981 130 35 \^BSm
174 2987 43 15 can
228 2981 27 22 be
266 2986 51 18 sent
329 2987 21 18 to
361 2992 38 14 sea
409 2989 23 19 at
447 2994 14 15 a
477 2988 63 29 day's
556 2992 85 27 notice/

174 3009 96 22 without
279 3010 88 22 further
378 3019 106 21 expence.
575 3015 3 4 '

50 3066 17 2 -
302 3044 41 24 ,W.
358 3045 27 22 B.
400 3046 95 25 Rhodes
510 3050 45 22 and
570 3052 37 22 Co.

272 3089 55 21 For
341 3086 72 30 Sale,'

65 3116 81 42 tt^zK
170 3121 30 37 A
242 3121 56 23 INE
308 3122 43 23 fast
357 3123 82 28 soling
444 3125 115 30 schooner,
567 3130 68 25 about

58 3149 153 34 JHf*||*»«*-*-
240 3150 28 21 70
284 3153 50 19 tons
350 3151 105 28 burthen,
475 3156 112 25 coppered
599 3158 35 22 for

48 3174 107 37 gSWi
171 3174 47 22 five
226 3183 15 20 y
243 3183 38 15 ear
281 3184 18 20 s>
313 3175 46 24 and
369 3185 82 21 copper
459 3179 103 24 fastened
569 3191 6 19 ;
590 3184 43 22 this

171 3203 75 21 vessel
254 3210 21 14 is
284 3204 81 28 nearly
374 3212 57 21 new,
440 3206 106 25 and'vvell
555 3209 76 24 found.

168 3229 46 21 For
223 3229 88 23 further
319 3232 140 28 particulars,
470 3234 68 28 apply
547 3239 23 18 to

72 3283 62 16 w„.
168 3291 7 8 L
226 3290 13 2 _
366 3266 82 22 Waitt
462 3267 45 23 and
521 3269 83 24 Tyser.

223 3290 103 29 January
336 3293 33 26 13,
380 3294 61 21 1842.
500 3304 10 4 -

200 3334 40 21 To
251 3336 34 21 be
296 3337 50 21 Let
362 3344 30 15 or
402 3339 74 26 Sold,
486 3324 11 4 ~
602 3328 28 4 ~

66 3361 79 42 jg^
207 3372 23 26 A
266 3368 188 29 BEAUTIFUL'
462 3379 73 21 cutter
554 3378 76 28 rigged

64 3399 93 32 flEEry
191 3399 53 37 -^»-
258 3399 55 22 boat
329 3401 28 25 .of
371 3401 69 23 about
454 3403 36 24 six
506 3407 58 26 tons,
584 3406 49 22 half

49 3431 110 28 gggfj^l
168 3439 5 14 \
206 3426 93 27 decked,
308 3434 82 21 copper
394 3429 108 30 fastened,
510 3431 52 22 with
570 3433 57 29 sails,

106 3452 46 19 MBr
312 3452 45 24 and
368 3457 133 28 everything
512 3459 115 28 complete.

44 3495 52 19 bm,v
143 3502 12 12 j
167 3503 4 5 •
204 3480 45 20 She
251 3506 5 8 ,
258 3487 20 14 ls
296 3488 33 15 we
355 3482 44 22 ada
399 3490 14 20 P
415 3487 20 17 te
437 3483 15 22 <*
466 3484 36 22 for
519 3485 43 22 this
578 3486 49 22 har-

44 3515 62 26 enini
113 3508 59 33 t,}
174 3511 10 14 8
193 3509 58 23 wor^
251 3506 14 21 h
266 3514 16 20 y
291 3507 38 22 tlle
339 3510 110 22 attention
462 3511 27 21 of
498 3513 129 26 gentlemen
633 3517 4 6 '

44 3529 62 24 going
119 3531 22 18 to
155 3530 37 23 the
209 3539 51 15 new
275 3534 130 24 settlement
420 3538 27 21 of
461 3538 94 25 Nelson.
583 3540 44 23 For

45 3556 127 28 particulars,
183 3559 69 28 apply
261 3563 23 19 to

207 3619 12 15 C
221 3628 5 6 .
236 3614 13 20 2
251 3614 40 26 0,1
294 3615 12 21 8
308 3606 34 31 4i.
414 3591 16 21 J
432 3607 5 6 -
453 3591 26 21 M
480 3608 5 6 -
496 3592 100 25 Tavloh.

213 3658 27 20 A
254 3658 72 22 Boat
339 3661 29 20 to
383 3662 59 26 Let,

65 3683 78 45 llij'L
169 3690 83 35 ~RX,.
257 3692 38 22 the
312 3693 29 22 da
341 3701 14 19 y
373 3702 25 14 or
418 3702 31 15 we
452 3697 35 27 ek,
500 3698 53 22 with
573 3699 50 22 sails

37 3720 103 33 .ijffilS
167 3723 49 16 -*-*
226 3728 23 19 .«
266 3720 111 28 required,
401 3729 55 20 very
478 3725 95 22 suitable
588 3727 35 21 for

181 3746 95 27 landing
286 3753 73 21 cargo.
388 3749 78 28 Apply
476 3754 22 18 to

35 3797 6 4 .
145 3806 3 1 .
344 3781 146 25 Alexander
505 3785 87 23 Perry.

34 3821 156 47 BARLEY,
207 3831 47 23 and
266 3833 79 28 barley
354 3834 46 22 and
416 3835 74 23 wheat
505 3840 66 21 straw
585 3839 35 22 for

107 3856 51 20 sale.
190 3868 5 2 -

60 3901 54 17 p.,.!,
216 3911 18 7 „
418 3888 76 24 James
510 3890 79 24 Watt.

59 3910 145 26 •oernampore
216 3911 73 30 Farm,
303 3914 49 23 Oct.
364 3916 33 27 28,
411 3917 60 22 1841.

1924 724 2 19 ,
2029 709 244 29 GOVERNMENT
2291 714 138 29 NOTICE.

2170 743 74 23 Police
2260 746 76 28 Office,
2350 748 144 30 Wellington,

2223 771 112 30 February
2345 776 33 26 11,
2391 778 60 20 1842.

2095 803 116 22 Rations
2227 806 42 20 for
2283 807 79 21 Gaol.
2437 811 4 3 '
2480 806 4 6 '

1934 832 146 47 NOTICE
2095 835 27 22 IS
2142 837 125 23 HEREBY
2283 840 106 28 GIVEN,
2401 842 52 23 that
2471 847 48 20 ten-
2528 857 2 6 ,

2015 862 50 20 ders
2076 862 42 21 will
2131 865 27 19 be
2170 865 101 22 received
2288 870 23 17 at
2320 868 44 21 this
2380 870 68 21 Office
2461 872 57 22 until

1933 886 98 26 Monday,
2043 889 34 19 the
2086 890 47 19 2lst
2144 891 40 25 <%
2201 892 26 25 of
2236 893 106 27 February
2352 896 56 25 inst.,
2422 899 23 18 at
2453 901 60 22 nobn,

1933 915 34 18 tor
1975 915 132 27 furnishing,
2119 916 34 22 for
2168 917 38 23 the
2214 920 125 23 remainder
2349 923 25 20 of
2382 923 36 22 the
2429 929 90 18 current

1936 945 61 21 year,
2018 945 85 19 rations
2117 943 35 21 for
2166 944 38 22 the
2220 945 56 23 Gaol
2295 948 44 21 and
2355 949 166 25 Watch-house.

1933 967 94 37 £urther
2045 969 128 25 particulars
2191 978 52 21 may
2260 973 28 22 be
2307 975 108 23 obtained
2434 981 23 18 at
2474 978 44 22 this

1934 995 75 19 Office.
2039 995 121 26 Payments
2170 999 109 27 monthly.

2120 1030 111 23 Michael
2248 1033 111 28 Murphy,
2396 1051 2 3 .
2481 1042 4 11 <

2044 1077 4 4 ■
2186 1058 67 22 Chief
2265 1060 73 23 Police
2350 1062 138 28 Magistrate.

2026 1100 244 29 GOVERNMENT
2288 1107 138 26 NOTICE.
2469 1096 45 4 ~

2168 1134 74 24 Police
2253 1137 74 29 Office,
2339 1140 147 29 Wellington,

2215 1162 100 30 January
2324 1167 34 25 31,
2370 1167 61 22 1842.

1983 1191 114 22 Powder
2110 1194 155 28 Magazine,
2279 1199 179 28 Wellington.

1928 1227 168 48 TENDERS
2119 1230 44 22 will
2179 1232 28 21 be
2225 1234 103 22 received
2347 1239 24 17 at
2388 1235 38 23 the
2446 1239 68 22 Office

1999 1256 58 20 until
2067 1257 70 20 twelve
2146 1260 79 20 o'clock
2233 1261 27 25 of
2264 1261 100 27 Monday,
2376 1264 34 20 the
2422 1266 52 20 28th
2490 1268 27 22 of

1970 1282 107 26 February
2086 1286 57 24 next,
2154 1285 58 23 from
2229 1294 91 20 persons
2337 1289 85 28 willing
2438 1295 22 19 to
2471 1301 42 14 un-

1928 1308 89 21 dertake
2032 1308 38 22 the
2081 1311 97 22 erection
2189 1314 26 20 of
2222 1321 12 14 a
2244 1314 93 22 Powder
2354 1316 119 27 Magazine
2490 1324 24 18 at

1928 1334 143 27 Wellington.

1954 1361 71 22 Offers
2035 1366 23 17 to
2068 1363 26 21 be
2105 1364 116 30 endorsed,
2264 1369 89 21 Tenders
2363 1370 42 25 for
2420 1373 90 21 Powder

1925 1389 117 24 Magazine,
2207 1394 44 22 and
2260 1399 23 17 to
2290 1397 90 21 contain
2387 1397 38 23 the
2434 1406 79 17 names

1927 1416 21 19 of
1958 1418 43 18 two
2015 1418 136 25 responsible
2168 1427 97 21 persons,
2284 1423 84 27 willing
2382 1427 21 19 to
2418 1425 94 24 become

1926 1444 90 19 sureties
2023 1444 35 20 for
2069 1444 35 21 the
2115 1444 42 23 due
2168 1447 152 25 performance
2331 1451 27 20 of
2365 1450 36 22 the
2412 1456 100 20 contract

1926 1467 75 22 within
2010 1476 13 13 a
2032 1469 86 23 limited
2128 1473 83 25 period.

1953 1495 65 21 Plans
2033 1497 45 20 and
2092 1498 161 26 specifications
2271 1509 52 20 may
2339 1503 29 23 be
2385 1512 60 19 seen,
2465 1507 46 22 and

1924 1522 85 21 further
2015 1524 130 25 particulars
2156 1526 111 29 obtained,
2278 1533 23 17 at
2309 1529 43 22 this
2363 1533 69 20 office.

2073 1557 33 28 By
2116 1558 35 22 his
2161 1559 155 29 Excellency's
2328 1566 125 28 command,

2135 1586 111 23 Michael
2260 1589 111 29 Murphy,

2211 1615 67 22 Chief
2285 1616 73 23 Police
2368 1619 141 26 Magistrate,

2013 1655 245 29 GOVERNMENT
2277 1662 138 27 NOTICE.

2159 1696 73 24 Police
2243 1699 74 29 Office,
2330 1702 145 30 Wellington,

2208 1725 99 29 January
2317 1729 34 27 31,
2365 1731 60 21 1542.

2077 1756 79 26 Goal,
2171 1758 178 29 Wellington.

1920 1791 166 24 HPENDERS
2101 1795 44 22 will
2159 1797 28 21 be
2204 1799 101 22 received
2323 1804 24 18 at
2367 1801 43 22 this
2434 1804 70 23 Office

1929 1821 24 17 M.
1991 1821 57 20 until
2058 1823 68 19 twelve
2136 1823 77 21 o'clock
2225 1826 26 25 of
2259 1827 100 28 Monday,
2371 1830 35 19 the
2415 1832 52 19 28tA
2481 1834 28 21 of

1962 1846 107 28 February
2083 1851 57 24 next,
2151 1851 59 22 from
2226 1860 90 19 persons
2334 1856 83 27 willing
2431 1862 22 17 to
2462 1866 42 15 un-

1920 1874 90 21 dertake
2020 1874 37 22 the
2065 1877 98 22 erection
2173 1879 27 20 of
2206 1886 13 14 a
2229 1879 57 22 Gaol
2295 1884 23 18 at
2327 1881 136 29 Wellington

1946 1902 71 19 Utters
2037 1905 23 18 to
2074 1902 27 22 be
2118 1904 109 23 endorsed
2274 1909 89 20 Tenders
2378 1910 43 25 for
2444 1913 59 23 Gaol,

2084 1930 44 21 and
2144 1934 22 18 to
2182 1933 89 22 contain
2283 1935 37 22 the
2334 1943 77 16 names
2423 1939 25 21 of
2459 1943 43 19 two

1917 1956 136 24 responsible
2063 1963 97 22 persons,
2175 1959 82 28 willing
2271 1964 22 18 to
2309 1962 91 23 become
2410 1967 99 22 sureties,

1917 1981 34 20 for
1961 1981 36 20 the
2008 1981 43 23 due
2060 1983 153 27 performance
2225 1988 25 20 of
2263 1988 38 22 the
2315 1994 100 19 contract
2425 1992 82 24 within-

1917 2012 14 13 a
1938 2010 87 19 limted
2034 2010 85 25 period.
2146 2026 4 3 .
2164 2026 6 3 .
2197 2027 13 9 ,
2212 2026 17 11 w

1943 2032 67 22 Plans
2029 2035 43 20 and
2091 2036 164 26 specifications
2265 2046 54 21 may.
2333 2041 29 22 be
2378 2050 61 19 seen,
2455 2046 46 23 and

1917 2060 84 20 further
2010 2062 129 24 particulars
2149 2063 115 30 obtained,
2271 2070 24 17 at
2304 2067 43 23 this
2358 2069 76 24 Office.

2067 2095 34 28 By
2111 2095 34 23 his
2154 2096 155 30 Excellency's
2319 2105 127 26 command,

2127 2123 110 24 Michael
2253 2127 112 29 Murphy,

2203 2152 66 22 Chief
2277 2154 73 23 Police
2360 2156 140 27 Magistrate.

2166 2196 65 22 Land
2241 2198 79 29 Office,.
2327 2201 144 30 Wellington,
2496 2197 2 7 '

2202 2223 112 31 February
2323 2228 28 27 5,.
2356 2230 61 21 1842.

2097 2255 107 22 Second
2217 2258 99 23 Series-

1913 2284 145 49 NOTICE
2072 2288 27 22 IS
2114 2288 128 24 HEREBY
2259 2292 107 30 GIVEN,
2383 2295 48 23 that
2445 2298 53 22 Cer-

2000 2314 92 22 tificates
2111 2316 26 21 of
2150 2316 110 24 Selection
2279 2320 35 22 for
2331 2322 71 23 Land,
2415 2324 24 22 in
2460 2326 38 21 the

1913 2342 86 19 Second
2015 2342 78 26 Series,
2105 2343 82 22 chosen
2203 2345 128 27 September
2345 2350 33 25 23,
2390 2349 49 24 and'
2449 2352 49 21 No-

1912 2366 90 22 vember
2019 2369 14 19 4
2061 2370 58 25 1841,
2138 2377 37 15 are
2190 2373 67 26 ready
2274 2373 35 22 for
2324 2375 65 28 issue,
2408 2381 24 18 at
2450 2378 47 23 this

1912 2394 73 26 Office,
1997 2397 21 18 to
2029 2394 30 21 all
2069 2399 80 23 parties
2159 2398 92 23 entitled
2261 2403 22 19 to
2293 2401 69 23 them.

2073 2429 21 21 J.
2112 2429 83 29 Lewis,

1912 2490 66 7 ___^
2113 2457 67 22 Chief
2187 2459 65 22 Clerk
2261 2460 23 22 in
2295 2461 36 22 the
2342 2462 68 23 Land-
2417 2465 68 23 Office
2493 2487 6 7 .

2018 2506 56 22 New
2088 2507 100 24 Zealand
2206 2511 132 29 Company's
2356 2514 113 30 Principal

2161 2537 96 26 Agent's
2272 2540 77 28 Oftice,

2073 2568 143 30 Wellington,
2229 2571 95 24 October
2333 2577 21 24 8,
2366 2577 63 23 1841,

1910 2600 123 48 BILLS,
2048 2605 22 17 at
2086 2603 68 28 thirty
2164 2605 63 27 days'
2242 2607 64 27 sight,
2324 2608 75 24 drawn
2417 2611 30 27 by
2458 2612 39 23 the

1986 2627 111 28 Pnucipal
2112 2630 77 27 Agent
2204 2639 28 15 on
2243 2633 37 22 the
2291 2636 115 28 Secretary
2420 2639 26 21 of
2458 2639 39 23 the

1910 2653 55 23 New
1980 2654 101 22 Zealand
2097 2656 122 30 Company,
2237 2660 103 29 London,
2352 2671 41 14 can
2410 2665 28 22 be
2450 2666 47 24 had

1910 2687 27 15 on
1947 2682 134 26 application
2091 2687 23 17 at
2123 2684 36 21 the
2170 2685 69 23 above
2251 2688 70 22 office.

2151 2718 29 22 D.
2195 2719 81 28 Lewis,

2105 2751 66 22 Clerk
2181 2756 23 18 to
2214 2754 37 21 the
2262 2755 111 29 Principal
2384 2758 81 26 Agent.

1911 2793 72 48 ON
1999 2794 84 28 SALE,
2097 2799 22 18 at
2128 2797 38 21 the
2177 2798 70 22 Office
2258 2800 26 21 of
2292 2801 43 21 this
2345 2802 71 28 Paper
2423 2812 35 13 :—

1989 2822 89 21 Double
2096 2823 112 29 elephant,
2222 2827 149 29 antiquarian,
2382 2830 102 26 imperial

1910 2846 44 22 and
1964 2848 63 26 royal
2039 2848 99 29 drawing
2147 2859 75 20 paper,
2485 2849 7 10 '

1936 2873 89 28 Oblong
2036 2876 88 26 clasped
2134 2879 170 23 memorandum
2316 2881 76 29 books,

1935 2900 88 23 trench
2033 2904 86 26 tracing
2128 2912 69 20 paper
2208 2906 73 26 (black
2290 2908 45 22 and
2345 2909 83 27 white),

1934 2928 89 21 Ladies'
2033 2929 45 21 and
2086 2931 148 25 gentlemen's
2244 2934 53 22 card
2311 2942 69 21 cases,
2389 2941 3 3 •

1933 2954 64 22 Ditto
2063 2956 34 21 do.
2153 2958 74 22 tinted
2236 2960 44 22 and
2290 2962 116 23 embossed
2417 2965 65 22 cards

1932 2983 108 34 foolscap
2050 2983 44 21 and
2104 2984 88 28 writing
2200 2992 74 25 paper,
2281 2987 91 24 'various
2378 2991 102 26 qualities

1932 3010 94 25 bpohge,
2038 3010 77 21 wafers
2124 3010 23 22 in
2156 3013 15 19 2
2181 3019 34 15 oz.
2231 3013 74 29 boxes,
2321 3015 66 23 India
2398 3019 89 25 rubber,

1931 3036 70 20 Black
2020 3036 56 26 edge
2092 3037 46 22 and
2152 3038 113 24 bordered'
2281 3041 75 24 letter-
2370 3045 46 21 and
2434 3050 53 17 note

1903 3067 75 21 paper,

1931 3088 93 21 Invoice
2032 3088 77 29 books,
2121 3091 54 22 with
2184 3092 104 30 indexes,'
2295 3096 90 23 various
2395 3098 65 26 sizes,

1931 3116 58 20 Cash
1998 3116 76 27 books,
2085 3117 64 22 ruled
2159 3118 89 29 double,
2258 3122 90 23 various
2358 3125 64 26 sizes,

1930 3143 127 26 Envelopes
2068 3144 70 27 (note,
2150 3145 74 29 letter,
2236 3149 45 20 and
2291 3149 83 23 official
2384 3152 65 25 sizes)

1930 3170 76 25 Large]
2011 3174 84 22 pewter
2104 3171 125 30 inkstands,
2241 3175 52 22 with
2302 3177 72 26 plates
2385 3182 3 4 '
2452 3170 6 9 '

1931 3195 80 27 Lbony
2020 3196 125 30 inkstands,
2157 3200 54 22 with
2222 3201 101 28 drawers,

1896 3243 4 3 .
1929 3221 73 23 Broad
2012 3224 46 21 and
2067 3231 86 16 narrow
2162 3233 70 20 green
2241 3227 43 23 silk
2295 3230 88 26 ribbon,

1928 3248 64 22 Ditto
2048 3250 55 23 ditto
2158 3253 41 22 red
2209 3257 58 25 tape,

1928 3275 64 22 Brief
1999 3276 45 21 and
2055 3277 55 22 deed
2120 3286 76 21 paper,

1927 3301 74 23 Ruled
2010 3311 69 20 paper
2088 3307 36 19 for
2134 3307 39 21 bill
2185 3308 75 27 heads,

1928 3328 71 28 Royal
2010 3328 71 30 Tiand,
2099 3332 81 23 double
2197 3334 60 22 hand
2271 3336 94 28 browns
2369 3337 44 23 and
2423 3339 63 25 royal

1898 3358 61 19 hand
1970 3358 75 21 brown
2056 3361 114 26 wrapping
2178 3368 76 21 paper,
2337 3374 5 3 -
2366 3361 4 14 ;
2389 3366 8 14 \

1926 3382 97 28 Ledgers
2033 3385 46 22 and
2085 3391 97 17 account
2190 3388 74 28 books,
2276 3389 88 22 various
2373 3391 63 28 sizes,

1925 3410 12 21 1
1943 3410 67 21 ocket
2017 3410 87 28 ledgers
2114 3413 45 22 and
2168 3416 169 22 memorandum
2352 3418 74 27 books,

1923 3436 121 27 Lngraved
2053 3446 57 20 copy
2119 3440 52 27 slips
2182 3441 45 22 and
2236 3442 75 27 books,
2341 3452 3 3 •
2451 3450 2 8 '

1924 3463 53 22 Best
1988 3464 77 23 Welch
2076 3467 72 27 slates,
2159 3467 61 28 large
2231 3469 43 21 and
2284 3469 73 28 small,

2036 3506 136 16 WHOLESALE
2194 3509 40 14 VND
2249 3509 89 16 RETAIL.

1925 3531 85 20 Gazette
2025 3532 77 26 Office,
2112 3534 59 22 Nov.
2181 3536 34 25 26,
2227 3537 59 20 1841.

2065 3578 39 20 To
2125 3579 181 26 Trespassers.

1892 3608 147 50 NOTICE
2054 3610 27 22 IS
2096 3611 126 22 HEREBY
2236 3612 106 29 GIVEN,
2363 3615 48 22 that
2429 3624 51 20 per-

1984 3644 51 15 sons
2054 3638 97 28 walking
2170 3646 52 15 over
2240 3640 38 21 the
2298 3641 72 28 newfy
2387 3643 94 26 planted

1893 3666 88 24 potatoe
1997 3664 89 26 ground
2104 3669 20 18 at
2142 3665 82 22 Evans'
2234 3666 54 27 Bay,
2302 3668 42 21 will
2363 3669 25 21 be
2404 3677 77 20 prose-

1893 3689 66 22 cuted
1970 3690 52 21 with
2030 3690 38 24 the
2079 3694 82 19 utmost
2171 3693 74 26 rigour
2255 3697 21 17 of
2286 3694 37 21 the
2337 3695 50 22 law.

2255 3724 42 24 'W.
2312 3727 30 22 K.
2358 3728 93 25 Hulke.

1914 3750 167 27 -Cowpastures,
2090 3751 111 28 Tuesday,
2213 3752 99 29 January
2322 3756 21 27 4,
2356 3757 61 21 1842.

1937 3794 121 21 Suitable
2074 3796 42 20 for
2130 3797 45 20 the
2190 3797 110 26 present
2314 3800 111 22 Season.
2447 3794 4 25 »'

2006 3826 115 28 improved
2132 3838 3 4 ■
2145 3828 87 22 seidlitz
2256 3828 111 30 powder^
2379 3829 32 25 Tn
2435 3839 43 16 one

1962 3852 75 27 bottle,
2050 3854 52 21 with
2109 3860 82 21 proper
2201 3855 125 24 directions.
2374 3862 31 17 '.-
2422 3862 3 5 '

1934 3878 47 21 The
1989 3880 143 26 effervescing
2141 3881 116 23 lemonade
2265 3884 107 28 powders,
2380 3885 99 28 forming

1889 3913 28 15 an
1928 3906 115 26 agreeable
2054 3907 44 22 and
2109 3908 124 22 efficacious
2243 3911 88 27 cooling
2340 3911 117 30 beverage.

2178 3943 10 21 J
2196 3950 87 16 ohkson
2299 3945 44 22 and
2358 3946 92 22 Moore.

1310 702 2 27 ;
1546 699 30 21 H.
1592 699 93 28 READ,

1335 744 4 8 ■>
1460 734 117 22 Tinman
1589 733 58 24 and'
1651 737 119 27 Brazier,

1326 792 17 2 _
1399 766 63 22 Near
1470 767 39 21 the
1519 768 153 27 Court-house,
1684 770 145 28 Wellington.

1322 810 50 48 A
1399 811 131 28 HEWITT,
1543 813 158 27 Fishmonger,
1712 815 112 23 Lambton
1832 819 71 25 Quay,

1376 847 11 11 •
1403 837 145 29 Wellington,
1554 842 88 19 returns
1651 840 34 22 his
1695 842 85 22 sincere
1791 843 81 22 thanks
1883 849 22 17 to

1321 863 37 21 the
1375 863 139 24 inhabitants
1531 867 26 20 of
1578 866 43 22 this
1639 867 87 28 Colony
1742 869 34 21 for
1794 870 37 21 the
1851 878 53 20 very

1319 887 78 25 liberal
1415 895 92 23 support
1522 891 28 22 he
1564 892 41 22 has
1620 893 98 23 hitherto
1732 896 109 28 received,
1859 898 45 21 and

1319 915 53 27 begs
1382 919 22 19 to
1413 917 82 23 inform
1505 918 61 22 them
1576 919 53 22 that'
1637 920 28 22 he
1675 920 41 22 has
1724 922 65 21 made
1799 930 104 21 arrange-

1319 946 73 18 ments
1406 944 36 22 for
1460 952 14 14 a
1488 949 103 18 constant
1606 947 79 27 supply
1703 948 27 21 of
1749 948 38 23 the
1806 950 98 23 choicest

1319 970 101 22 varieties
1429 971 85 28 offish,
1531 973 73 21 which
1620 974 27 21 he
1665 974 137 29 confidently
1818 984 84 15 recom-

1318 996 78 22 mends
1405 1000 22 18 to
1438 997 38 22 the
1484 999 74 26 public
1568 1007 24 14 as
1598 1000 68 27 being
1673 1001 25 21 of
1709 1001 38 22 the
1754 1002 50 22 best
1809 1004 91 27 quality.

1345 1028 81 25 Order*
1435 1030 35 22 for
1479 1031 104 28 shipping
1591 1034 108 27 received,
1715 1035 46 22 and
1770 1037 131 24 punctually

1317 1056 106 22 attended,
1432 1060 31 19 to.

1470 1091 98 16 OYSTERS
1583 1093 71 14 FRESH
1669 1094 78 16 DAILY.

1342 1115 63 29 Also,
1417 1124 13 14 a
1439 1117 81 28 supply
1529 1119 25 21 of
1569 1120 127 26 vegetables
1711 1121 60 22 fresh
1786 1122 58 23 from
1861 1124 38 22 the

1315 1143 84 25 garden
1409 1143 68 28 daily.

1316 1186 38 21 To
1376 1188 44 21 the
1441 1189 168 25 Merchants,
1630 1191 195 28 Ship-owners,
1844 1195 53 25 &c,

1467 1215 30 20 of
1509 1216 66 21 Port
1589 1217 159 22 Nicholson.
1772 1221 6 7 '

1314 1243 104 48 TD.
1442 1246 103 22 PRATT
1567 1247 53 27 begs
1636 1252 59 18 most
1711 1251 145 28 respectfully
1876 1255 21 19 to

1360 1281 11 10 •
1401 1275 78 19 return
1494 1274 34 21 his
1540 1274 81 22 thanks
1636 1275 35 21 for
1688 1276 39 22 the
1740 1278 89 21 favours
1845 1286 52 14 con-

1374 1298 74 23 ferred
1464 1307 29 15 on
1509 1300 53 27 him,
1574 1301 64 21 while
1654 1302 24 21 in
1695 1305 139 27 partnership
1844 1307 53 21 with

1312 1324 43 21 Mr.
1366 1325 26 22 T.
1403 1326 85 28 Bevan,
1499 1327 46 21 and
1553 1328 55 26 begs
1617 1331 22 19 to
1648 1329 83 22 inform
1741 1330 61 22 them
1812 1333 47 20 that
1869 1333 27 22 he

1311 1357 19 15 is
1339 1358 52 15 now
1400 1354 180 27 manufacturing
1589 1362 71 20 ropes,
1669 1355 65 28 lines,
1745 1358 73 27 twine,
1829 1359 26 21 of
1867 1360 29 21 all

1313 1378 144 28 descriptions
1465 1388 6 20 ;
1487 1383 58 19 mats
1557 1381 28 21 of
1597 1381 30 21 all
1643 1383 62 26 sizes,
1726 1384 40 21 &c.
1804 1385 93 28 Fishing

1312 1408 49 18 nets
1378 1406 66 22 made
1462 1407 45 21 and
1524 1408 108 27 repaired,
1650 1409 45 21 and
1714 1416 67 21 every
1799 1411 56 22 kind
1874 1415 25 19 of

1311 1431 76 22 article
1401 1432 24 23 in
1442 1433 38 23 the
1495 1434 70 22 above
1582 1434 52 27 line,
1651 1436 30 21 all
1696 1436 58 22 from
1770 1437 57 23 New
1839 1439 56 22 Zea-

1310 1458 54 22 land
1378 1458 53 28 flax,
1442 1460 46 21 and
1502 1468 29 14 on
1542 1461 37 21 the
1589 1465 57 18 most
1655 1463 130 23 reasonable
1795 1465 98 27 charges.

1312 1491 42 23 No.
1371 1493 19 26 1,
1414 1493 230 29 Molesworth-street,
1672 1496 145 29 Wellington,
1842 1500 53 22 Port

1309 1548 78 5 __^
1536 1521 131 23 Nicholson.

1450 1564 143 24 CHARLES
1608 1568 139 29 HARVEY,

1515 1601 101 26 Tailor,
1630 1603 54 25 &c,

1434 1633 114 27 Adjoining
1561 1635 71 21 Kumu
1648 1637 50 20 Toto
1713 1639 55 26 Pah,

1522 1675 156 23 WELLINGTON,

1307 1698 106 48 BEGS
1429 1702 22 19 to
1469 1704 75 19 return
1560 1703 81 23 thanks
1659 1709 22 17 to
1698 1706 38 22 the
1752 1710 80 24 gentry
1847 1709 44 21 and

1382 1727 76 27 public
1469 1728 22 21 of
1499 1729 57 23 New
1566 1730 99 24 Zealand
1675 1733 34 21 for
1717 1734 37 22 the
1763 1739 91 22 support
1862 1735 28 22 he

1307 1755 39 18 has
1361 1755 103 21 received
1478 1756 58 21 from
1552 1756 61 23 them
1628 1759 60 22 since
1703 1760 28 22 he
1747 1763 144 20 commenced

1307 1780 105 27 business,
1430 1781 46 21 and
1494 1782 28 21 he
1540 1790 85 16 assures
1641 1785 61 23 them
1720 1787 48 21 that
1783 1789 18 20 it
1820 1788 18 21 is
1857 1789 34 22 his

1305 1809 110 19 intention
1426 1811 22 18 to
1459 1809 104 22 continue
1573 1811 34 21 his
1623 1816 58 18 most
1696 1816 117 20 strenuous
1828 1822 62 15 exer-

1305 1836 58 18 tions
1373 1837 22 18 to
1406 1835 66 21 merit
1481 1842 13 14 a
1504 1837 147 24 continuance
1662 1839 25 22 of
1695 1841 55 21 their
1760 1846 128 23 patronage.

1332 1866 24 21 C.
1366 1867 29 21 H.
1406 1867 63 22 takes
1485 1869 43 22 this
1549 1873 142 27 opportunity
1706 1874 26 21 of
1742 1875 83 27 stating
1843 1876 47 22 that

1305 1899 33 14 nis
1348 1896 61 20 stock
1420 1899 93 18 consists
1524 1896 25 21 of
1559 1905 15 13 a
1582 1899 58 25 good
1649 1900 86 28 variety
1746 1902 25 21 of
1777 1903 111 26 superfine

1296 1921 84 26 .cloths,
1392 1921 110 28 doeskins,
1519 1926 89 25 tweeds,
1623 1926 128 28 moleskins,
1763 1928 123 28 velveteen,

1304 1948 54 24 pilot
1373 1948 66 27 cloth,
1451 1949 40 21 &c.
1502 1950 47 27 &c,
1565 1952 45 21 and
1625 1952 33 22 his
1676 1954 92 26 charges
1779 1956 46 24 (for
1839 1958 48 19 cash

1305 1973 56 26 only)
1372 1974 121 22 moderate.

1292 2018 2 2 .
1341 2004 6 8 1
1463 2005 66 13 TT-—
1581 2008 8 9 =
1625 2009 64 12 rr-^rr

1292 2018 2 10 '
1509 2019 29 21 E.
1552 2022 125 25 Stafford,

1387 2051 78 25 Tailor,
1479 2052 172 28 Lambton-quay,
1670 2057 132 26 Wellington,

1302 2083 51 48 IN
1366 2084 117 27 returning
1492 2086 81 22 thanks
1583 2091 22 18 to
1616 2088 61 22 those
1692 2091 128 26 gentlemen
1836 2093 50 22 who

1357 2112 57 21 have
1424 2112 92 22 favored
1526 2113 46 22 him
1582 2115 52 21 with
1644 2116 58 22 their
1709 2118 81 27 orders,
1800 2127 85 15 assures

1301 2138 60 21 them
1371 2138 48 21 that
1427 2139 59 21 from
1495 2140 34 21 his
1540 2142 63 21 stock
1612 2149 29 14 on
1651 2143 67 27 hand,
1730 2146 44 20 and
1783 2146 58 22 from
1850 2154 34 15 re-

1300 2168 51 17 cent
1360 2165 91 22 arrivals
1462 2166 57 22 from
1528 2167 109 29 England,
1649 2170 28 22 he
1688 2171 45 21 will
1746 2172 27 21 be
1790 2174 95 22 enabled

1300 2193 22 18 to
1331 2192 66 21 make
1406 2199 31 20 up
1446 2193 88 22 articles
1543 2194 24 21 in
1575 2194 37 23 the
1622 2196 48 22 first
1679 2198 56 26 style
1745 2199 26 21 of
1781 2199 88 23 fashion
1877 2210 5 5 •

1300 2218 71 21 which
1380 2218 45 22 will
1434 2220 80 22 render
1523 2221 18 20 it
1549 2229 149 22 unnecessary
1707 2225 35 21 for
1755 2225 37 22 the
1810 2228 73 26 public

1299 2246 22 19 to
1329 2244 57 22 send
1400 2248 23 19 to
1439 2246 38 22 the
1493 2248 163 29 neighbouring
1666 2251 102 23 Colonies
1777 2253 36 21 for
1827 2254 57 22 their

1298 2277 97 21 wearing
1404 2273 98 27 apparel.

1323 2298 88 22 N.B.—
1411 2300 75 27 Every
1500 2301 76 23 article
1592 2305 124 21 warranted
1735 2305 25 22 of
1780 2306 38 22 the
1834 2307 50 23 best

1298 2326 91 27 quality,
1401 2330 43 24 cut,
1456 2327 44 22 and
1511 2329 170 29 workmanship,
1692 2332 45 22 and
1751 2340 29 14 on
1792 2342 91 15 reason-

1296 2352 50 21 able
1355 2355 75 20 terms.

1297 2397 38 20 To
1346 2397 46 21 the
1402 2398 162 22 Mercantile
1575 2402 54 20 and
1644 2403 133 28 Shipping
1792 2406 89 21 Inter-

1418 2427 57 19 ests
1486 2426 30 21 of
1527 2427 67 21 Port
1602 2429 160 23 Nicholson.

1297 2457 157 49 THOMAS
1470 2459 107 24 BEVAN
1594 2462 45 22 and
1655 2464 82 27 SONS,
1749 2465 56 22 New
1822 2467 58 22 Zea-

1355 2492 61 15 land
1436 2493 58 15 ROPE
1512 2495 45 14 AND
1579 2495 73 16 TWINE
1676 2498 203 23 MANUFACTURERS,

1296 2512 41 26 beg
1352 2514 23 19 to
1384 2512 83 22 inform
1477 2513 57 22 their
1543 2515 84 22 friends
1638 2517 46 22 and
1693 2518 37 21 the
1739 2519 82 28 public,
1832 2522 49 21 that

1295 2538 52 27 they
1355 2538 58 23 have
1429 2541 106 22 removed
1551 2545 24 18 to
1590 2543 56 21 their
1663 2552 49 14 new
1728 2547 105 25 premises
1851 2556 26 14 on

1295 2565 187 30 Lambton-quay,
1498 2575 79 16 corner
1593 2570 25 21 of
1636 2571 153 29 WilJis-street,
1806 2575 73 22 where

1295 2599 66 21 every
1371 2594 76 21 article
1456 2595 24 20 in
1489 2594 36 22 the
1535 2596 71 22 above
1616 2598 72 22 trades
1697 2607 52 19 may
1759 2600 27 22 be
1796 2601 45 23 had
1850 2610 29 14 on

1294 2618 35 23 the
1340 2619 96 23 shortest
1445 2622 83 21 notice.

1320 2646 93 28 Fishing
1422 2653 57 22 nets,
1489 2652 63 24 mats,
1564 2650 49 27 &c.,
1624 2651 64 23 made
1698 2653 45 21 and
1752 2655 108 26 repaired.

1322 2674 23 21 1.
1354 2674 26 21 B.
1392 2675 46 22 and
1448 2676 57 21 Sons
1515 2683 36 14 are
1559 2678 68 27 ready
1638 2682 22 18 to
1669 2680 123 22 undertake
1801 2686 79 23 export

1294 2700 74 22 orders
1378 2704 23 18 to
1410 2709 45 20 any
1466 2706 83 24 extent,
1560 2711 29 14 on
1599 2707 129 21 reasonable
1740 2711 74 19 terms.

1319 2726 129 24 November
1456 2730 33 26 30,
1503 2731 58 20 1841.

1463 2775 66 20 Port
1545 2775 29 21 of
1590 2777 124 22 London.

1294 2822 2 6 ,
1453 2814 28 14 to
1501 2815 45 14 the
1566 2808 123 24 Public—
1689 2812 125 24 Travellers
1833 2816 46 21 and

1293 2833 72 20 others
1375 2833 50 21 who
1435 2834 55 21 send
1500 2834 106 29 baggage,
1617 2838 71 22 works
1698 2839 26 21 of
1735 2845 40 22 art,
1783 2848 25 14 or
1815 2843 63 21 other

1293 2860 63 20 value
1365 2865 105 23 property
1481 2864 22 19 to
1513 2862 110 28 England,
1641 2865 82 22 should
1737 2869 92 26 consign
1841 2870 36 21 tlie

1291 2886 110 27 packages
1409 2892 24 16 to
1444 2889 37 20 the
1487 2895 55 16 .care
1549 2890 25 20 of
1580 2897 14 14 a
1599 2890 99 24 licensed
1705 2893 171 25 Custom-house

1291 2916 73 24 agent,
1380 2921 24 14 as
1420 2914 89 23 articles
1524 2923 36 14 are
1576 2917 127 29 frequently
1717 2921 96 27 injured,
1831 2923 46 21 and

1291 2940 100 21 needless
1401 2947 98 21 expense
1513 2942 110 30 incurred,
1640 2945 36 22 for
1691 2946 37 22 the
1744 2952 60 18 want
1820 2950 26 21 of
1862 2958 14 14 a

1289 2973 80 20 proper
1378 2974 82 20 person
1470 2972 23 18 to
1503 2969 51 22 take
1564 2970 80 28 charge
1655 2973 26 21 of
1696 2974 61 22 them
1773 2982 29 14 on
1818 2976 58 22 their

1290 2994 85 26 arrival,
1387 2994 45 21 and
1441 3002 37 15 see
1493 2996 61 22 them
1571 2999 98 27 entered,
1687 3002 125 27 examined,
1830 3004 45 21 and

1290 3021 105 27 carefully
1409 3022 119 27 repacked.
1562 3024 48 22 The
1630 3026 80 27 charge
1726 3029 19 21 is
1760 3029 37 21 the
1813 3037 61 15 same

1289 3048 98 21 whether
1395 3055 25 14 so
1430 3050 122 26 consigned
1562 3058 26 14 or

1337 3075 172 23 Custom-house
1520 3077 116 29 Chamber,
1647 3079 95 23 London

1288 3127 138 49 rVEVOY
1436 3130 46 21 and
1491 3130 54 27 CO.,
1559 3133 46 19 who
1618 3139 37 14 are
1670 3135 35 20 ike
1720 3137 153 21 LICENSED

1325 3153 13 19 9
1366 3156 22 19 A
1392 3156 99 21 GENTS
1500 3158 28 24 of
1535 3159 49 20 Her
1589 3161 110 26 Majesty's
1707 3163 165 22 Commissioners

1286 3184 23 22 of
1324 3184 99 24 Customs,
1434 3185 43 20 and
1489 3186 65 20 under
1564 3187 65 26 heavy
1636 3189 62 21 bonds
1705 3191 43 24 for
1757 3193 35 19 the
1801 3193 70 25 safety

1286 3209 26 25 of
1316 3212 104 25 property
1437 3213 110 25 consigned
1560 3215 22 19 to
1597 3217 61 24 them,
1678 3217 45 28 beg
1741 3218 62 22 those
1821 3219 49 22 who

1285 3236 55 24 send
1349 3238 111 27 packages
1470 3242 22 18 to
1502 3240 57 22 their
1569 3248 57 21 care,
1641 3246 23 19 to
1674 3251 36 15 see
1721 3244 48 22 that
1778 3246 55 21 each
1843 3246 27 22 be

1285 3264 112 27 distinctly
1415 3266 95 22 marked
1655 3271 44 21 and
1707 3272 58 27 .Co.,
1785 3273 84 22 Lower

1286 3292 197 28 Ihames-street,
1623 3297 86 22 andthe
1716 3299 38 21 bill
1763 3299 25 21 of
1792 3299 78 27 lading

1284 3323 24 14 or
1321 3321 85 24 receipt
1419 3318 125 24 forwarded
1561 3325 24 18 to
1604 3323 60 23 them
1682 3325 70 22 direct
1767 3326 29 27 by
1811 3331 55 22 post,

1283 3345 52 20 with
1343 3349 145 18 instructions
1498 3346 49 23 how
1557 3349 56 22 such
1621 3351 69 26 goods
1700 3359 37 14 are
1748 3355 22 18 t&
1783 3354 27 21 be
1825 3354 43 21 dis-

1282 3370 67 26 posed
1359 3372 27 22 of
1396 3379 30 14 on
1435 3373 79 22 arrival
1523 3382 5 19 ;
1545 3375 45 22 and
1597 3384 23 14 as
1629 3385 67 20 every
1702 3379 99 27 package
1808 3384 59 18 must

1284 3400 24 19 be
1326 3400 85 25 opened
1432 3403 24 17 at
1474 3400 38 22 the
1528 3401 178 30 Custom-house,
1725 3406 21 20 if
1766 3413 45 20 any
1829 3414 36 15 are

1281 3425 85 27 locked,
1378 3425 37 22 the
1425 3425 56 28 keys
1489 3427 80 23 should
1578 3429 28 23 be
1615 3430 130 23 forwarded.

1308 3451 76 22 Goods
1394 3452 45 22 and
1448 3453 109 28 packages
1567 3463 37 15 are
1613 3457 124 23 forwarded
1746 3459 30 26 by
1785 3459 80 28 Devoy

1280 3478 44 21 and
1333 3478 39 22 Co.
1383 3482 22 18 to
1415 3480 31 21 all
1460 3485 60 22 parts
1533 3482 26 21 of
1571 3483 38 21 the
1625 3484 127 28 Continent,
1764 3486 37 21 the
1811 3487 54 22 East

1279 3506 44 20 and
1335 3506 61 21 West
1403 3506 83 28 Indies,
1496 3508 109 29 Colonies,
1616 3511 40 21 &c.
1667 3511 40 22 &c.
1716 3520 6 18 ;
1735 3513 50 27 and,
1797 3514 21 21 if
1828 3521 36 15 re-

1279 3531 83 27 quired,
1374 3537 51 17 sent
1439 3536 23 18 to
1472 3535 37 21 the
1521 3542 50 15 care
1587 3537 25 21 of
1622 3539 137 26 responsible
1775 3539 87 28 houses,

1277 3560 49 19 who
1340 3560 47 20 will
1402 3567 37 15 see
1456 3560 37 22 the
1508 3561 144 25 instructions
1668 3569 50 17 sent
1733 3567 52 20 with
1803 3567 59 24 them

1276 3586 131 28 punctually
1417 3587 107 22 attended
1532 3592 30 18 to.

1303 3611 39 22 All
1350 3613 70 25 goods
1430 3614 46 21 and
1485 3615 108 27 packages
1603 3616 34 22 for
1645 3617 113 28 shipment
1765 3624 60 17 must
1834 3621 27 21 be

1275 3640 160 26 accompanied
1444 3640 31 28 by
1490 3642 87 22 written
1592 3643 150 30 instructions,
1752 3647 56 21 with
1823 3648 37 21 the

1274 3671 66 15 name
1349 3666 46 22 and
1404 3666 91 23 address
1504 3669 26 21 of
1542 3669 38 21 the
1589 3671 81 26 parties
1679 3672 30 27 by
1720 3673 72 22 whom
1808 3674 53 28 they

1274 3698 37 15 are
1324 3697 56 23 sent,
1397 3694 46 22 and
1459 3694 37 22 the
1510 3699 103 19 contents
1625 3697 44 22 and
1685 3699 65 22 value
1768 3701 26 20 of
1806 3706 55 18 each

1274 3718 98 28 package
1382 3720 80 22 stated.
1489 3721 48 22 The
1552 3723 56 27 duty
1617 3726 110 21 outwards
1740 3727 19 21 is
1770 3729 36 20 10s
1822 3736 38 18 per

1273 3746 61 21 £100
1349 3746 73 22 value.
1460 3747 47 23 The
1522 3753 48 18 rate
1587 3750 26 22 of
1624 3751 119 23 insurance
1761 3754 99 27 depends

1272 3778 60 21 upon
1343 3776 181 20 circumstances.
1552 3776 45 22 For
1613 3777 86 23 further
1713 3780 145 24 information

1272 3805 42 29 tP
1315 3800 7 20 I
1322 3803 65 31 Kt.^
1397 3826 7 4 -
1408 3801 40 21 Mr
1448 3817 6 5 '
1474 3802 92 22 Samuel
1580 3809 4 3 '
1592 3804 100 29 Revans,
1713 3807 144 27 Wellington,

1271 3824 43 22 Pof
1316 3829 8 18 t
1332 3825 133 23 Nicholson.
1851 3826 6 10 '

1307 3871 40 19 To
1362 3871 131 26 Captains
1504 3875 54 20 and
1571 3875 91 21 Mates
1677 3876 30 21 of
1720 3880 103 19 vessels
1829 3894 6 7 .
1850 3873 5 8 '

1269 3904 92 49 LOG
1380 3905 76 23 Books
1474 3906 35 22 for
1523 3908 50 22 Sale
1590 3913 23 17 at
1632 3909 37 23 the
1684 3911 70 23 Office
1774 3915 20 19 ol
1818 3913 14 22 t!
1841 3913 17 22 is

1344 3939 75 21 paper.
