2540 4020
762 123 287 21 METEOROLOGICAL
1054 123 105 20 TABLE.

685 152 41 20 For
736 152 36 19 the
780 152 55 19 week
849 151 75 24 ending
936 151 117 24 Thursday,
1063 151 52 19 Dec.
1128 151 22 23 9,
1163 150 77 21 1841.

669 1663 93 75 New
793 1663 218 75 Zealand
1042 1663 217 75 Gazette

711 1738 68 22 AND
794 1738 211 22 WELLINGTON
1020 1738 188 22 SPECTATOR.

765 1797 128 19 Saturday,
908 1797 127 17 December
1051 1797 33 19 18,
1101 1797 61 17 1841.
1254 1809 2 5 ,
1262 1801 2 15 ;

1904 122 31 16 the
1943 122 63 17 Island
2013 123 21 16 of
2042 123 114 20 Mana,',\rith
2168 128 10 12 a
2261 123 114 21 N.W-wind,
2389 125 80 22 unlikely
2476 128 21 15 to

1903 143 53 16 reach
1964 143 32 16 the
2003 144 83 16 entrance
2094 144 21 16 of
2124 144 44 17 Port
2174 144 99 17 Nicholson
2281 145 59 16 before
2348 145 46 16 dark
2400 144 29 21 ;,Ht
2435 147 61 17 would

1905 163 22 16 be
1933 164 23 19 by
1963 163 29 16 far
1999 163 31 17 the
2037 165 40 15 best
2089 164 43 21 plan
2143 167 20 13 to
2172 166 60 16 round
2243 167 35 14 toot
2283 165 59 17 under
2354 170 47 16 snug
2413 168 82 19 Canvass,

1905 183 45 17 after
1966 184 75 21 passing
2051 184 49 19 that.'
2105 185 66 20 island,
2187 186 37 16 and
2234 186 53 16 make
2300 186 50 16 short
2363 186 51 17 tacks
2425 187 28 16 for
2463 188 32 16 the

1905 203 57 21 night,
1971 205 36 16 and
2021 206 43 16 thus
2077 210 22 12 on
2111 207 32 15 the
2155 206 93 21 following
2257 207 85 20 morning
2354 207 21 16 be
2387 207 75 17 enabled
2476 210 19 14 to

1900 225 57 16 •reach
1964 225 35 16 her
2006 225 108 17 destination
2123 226 44 16 with
2178 231 47 12 ease.
2239 224 155 23 "A'goodsailin'g
2454 233 41 16 may

1905 246 57 19 prefer
1974 246 69 20 Cloudy
2056 247 42 19 Bay,
2108 247 60 16 whero
2176 248 51 16 there
2239 247 14 17 is
2265 248 47 20 good
2323 248 99 20 anchorage
2434 250 19 14 at
2464 249 32 17 the

1905 269 49 13 same
1962 266 51 20 time,
2021 267 32 16 but
2060 267 42 16 then
2110 267 33 17 she
2151 267 65 17 should
2224 269 21 16 be
2251 268 20 16 in
2278 269 46 19 good
2336 268 92 17 condition
2439 273 20 12 as
2468 274 29 11 re-

1905 287 52 19 gards
1969 291 51 16 spars
2032 287 36 17 and
2080 292 83 15 canvass,
2174 290 19 15 to
2206 289 61 16 enable
2277 290 35 15 her
2323 290 18 15 to
2353 290 53 15 stand
2418 289 30 17 the
2460 292 37 14 tre-

1905 307 88 16 mendous
2001 307 52 17 X.W.
2062 310 49 18 gusts
2119 309 28 16 off
2154 309 31 16 the
2192 308 44 18 land
2247 310 36 16 and
2290 310 52 16 down
2350 310 32 16 the
2391 310 69 19 Straits,
2467 311 30 16 for

1906 327 104 18 N.Weiters
2022 328 42 16 here
2079 333 28 12 are
2123 329 88 20 precisely
2223 330 68 16 similar
2303 332 19 14 to
2333 330 31 16 the
2377 330 43 21 fiery
2431 331 67 17 South-

1906 350 66 15 easters
1980 349 21 16 of
2011 349 29 16 the
2048 349 45 20 Cape
2104 350 21 15 of
2136 350 48 17 Good
2197 350 60 21 Hope;
2270 351 37 16 and
2318 351 50 16 there
2380 355 23 12 an
2413 351 83 17 accident

1905 368 59 21 might
1975 370 59 16 throw
2044 370 34 16 her
2091 371 19 15 to
2120 370 78 17 leeward
2210 372 21 15 of
2239 372 31 16 the
2284 371 48 17 Port.
2357 372 51 16 After
2422 372 75 21 passing

1899 400 3 8 ,
1907 389 45 21 Cape
1960 389 100 19 Terawitte
2067 390 66 22 (which
2142 391 15 16 is
2165 391 45 20 high
2214 392 49 16 T>luflf
2269 392 45 16 land
2321 393 36 15 and
2364 397 12 11 a
2383 393 41 16 bold
2436 393 61 19 shore

1982 410 68 22 having
2161 411 52 17 N-.W'.
2220 412 57 17 winds
2289 413 84 20 tide-rips
2385 414 112 20 resembling

1996 431 144 21 fretmentlyrun
2147 434 31 14 out
2187 434 19 14 to
2217 438 49 11 some
2281 433 81 17 distance
2368 433 49 17 from
2423 434 28 20 it,)
2459 434 37 16 will

1905 452 22 16 be
1934 455 42 13 seen
1984 456 12 12 a
2006 452 110 17 remarkable
2126 454 51 19 piece
2189 454 21 15 of
2217 454 32 16 flat
2255 454 43 16 land
2310 454 80 20 skirting
2399 455 32 16 the
2443 455 54 16 shore

1905 472 28 16 for
1940 476 10 12 a
1956 472 44 17 mile
2006 477 21 12 or
2032 475 42 16 two,
2081 474 76 20 bearing
2164 474 54 16 about
2225 475 21 16 ]i.
2252 475 23 20 by
2284 475 23 15 N.
2314 475 24 20 by
2345 479 87 16 compass.
2450 476 46 16 This

1904 492 38 20 lays
1957 497 23 12 on
1992 494 31 16 the
2033 494 138 17 south-eastern
2182 494 40 17 side
2234 495 19 16 of
2266 495 31 16 the
2314 496 86 15 entrance
2420 496 20 16 of
2453 496 43 17 Port

1904 513 105 18 Nicholson.
2031 515 81 20 Hauling
2126 520 24 15 up
2159 516 26 15 for
2196 516 32 16 the
2236 516 181 17 north-easternmost
2425 518 41 19 part
2477 518 20 16 of

1905 534 36 17 this
1954 535 38 19 flat,
2002 535 86 21 (steering
2102 536 21 16 E.
2130 537 25 19 by
2166 535 37 20 N.,)
2214 537 44 19 keep
2270 537 54 20 along
2336 537 53 16 shore
2401 537 47 16 until
2460 542 36 16 you

1903 559 41 16 pass
1957 555 91 17 Sinclair's
2063 556 58 19 Head,
2138 557 36 16 and
2185 561 12 11 a
2208 557 52 17 small
2272 558 101 19 dangerous
2389 558 38 21 Bay
2437 558 59 17 called

1904 575 64 21 Lyall's
1974 576 39 21 Bay
2018 582 4 14 ;
2030 577 31 16 the
2069 577 74 18 eastern
2151 577 57 21 point
2215 578 19 16 of
2243 578 59 16 which
2309 579 57 16 forms
2373 579 31 16 the
2418 580 77 16 western

1903 596 52 21 point
1965 598 22 16 of
1996 597 41 17 Port
2049 598 106 19 Nicholson,
2163 598 36 17 and
2211 603 42 15 may
2260 599 22 16 be
2290 600 112 19 approached
2408 600 88 16 at-mode-

1904 619 38 15 rate
1952 616 87 22 'distance,
2044 619 37 16 and
2088 619 52 16 when
2148 619 15 16 it
2171 621 50 15 bears
2229 619 22 17 N.
2256 620 22 20 by
2286 619 28 19 E.,
2326 624 11 12 a
2350 620 41 20 ship
2397 624 44 16 may
2451 621 45 16 haul

1904 642 24 17 up
1940 638 47 17 close
2003 640 18 15 to
2036 640 31 16 the
2083 640 47 16 wind
2143 640 98 21 supposing
2251 640 16 17 it
2277 640 58 19 N.W.,
2348 640 37 17 and
2399 641 74 23 leaving
2483 647 13 11 a

1903 659 40 17 reef
1947 659 65 18 .which
2019 661 15 15 is
2047 660 63 17 visible
2122 666 12 11 a
2141 661 63 17 cable's
2212 661 63 21 length
2283 666 23 12 on
2313 661 29 17 his
2349 661 83 17 larboard
2439 662 55 21 hand,

1904 680 87 17 and'then
2044 685 26 16 up
2079 683 22 14 to''
2104 682 31 16 the
2260 686 20 13 or
2286 682 54 20 bring
2349 684 28 18 up'-

1904 702 71 15 stances
1982 702 88 20 permit—
2070 702 45 16 such
2122 707 20 11 as
2150 703 49 16 wind
2204 704 35 16 and
2244 703 90 19 tide-rthe
2339 703 60 20 latter,
2404 704 89 20 howeyer,

1904 720 16 17 is
1928 722 69 16 seldom
2009 722 20 16 of
2037 727 36 15 any
2077 727 130 16 consequence.
2229 724 73 20 Having
2309 725 64 19 passed
2378 724 79 21 through
2463 725 32 16 the

1904 746 69 12 narrow
1987 742 71 20 portion
2074 743 19 16 of
2105 744 31 16 the
2148 744 84 19 channel,
2242 744 31 17 the
2283 745 40 16 first
2335 745 44 22 and,
2384 745 82 17 smallest
2476 746 21 16 of

1904 763 32 16 the
1942 765 34 14 two
1983 763 79 20 Islands,
2070 764 57 16 called
2131 764 70 17 "Ward's
2209 765 66 19 Island,
2281 765 65 17 should
2352 761 27 21 be'
2382 767 113 19 approached

1904 783 43 17 with
1952 784 79 19 caution,
2037 789 19 11 as
2060 784 66 18 a.shoal
2131 789 45 12 runs
2180 785 28 17 off
2209 789 48 13 some
2262 786 81 16 distance
2348 788 20 14 to
2372 786 46 17 S.W.
2424 791 4 14 ;
2432 788 37 15 and
2473 788 22 15 in

1905 803 64 23 sailing
1976 809 25 16 up
2009 807 18 14 to
2034 805 32 17 the
2075 805 101 21 anchorage
2183 805 46 17 with,
2236 810 10 12 a
2253 807 40 15 S.E.
2300 807 54 19 wind,
2363 811 40 12 care
2414 809 51 15 must
2470 809 24 15 be

1904 824 55 17 taken
1973 827 33 15 not
2020 826 17 16 to
2051 827 69 16 borrow
2131 828 32 15 too
2177 826 66 21 closely
2250 831 48 16 upon
2312 827 32 16 the
2355 827 46 16 land
2411 829 84 16 between

1904 845 54 17 Point
1964 846 88 17 Halswell
2058 847 37 16 and
2102 847 54 17 Point
2163 847 124 21 Jerningham,
2295 852 20 12 as
2323 852 11 12 a
2340 849 73 16 sunken
2420 849 44 16 rock
2470 854 25 12 on

1904 866 58 17 which
1973 867 32 16 the
2017 867 67 22 Bailey
2095 869 64 16 struck
2171 868 14 19 t.
2198 868 39 21 lays
2248 869 17 16 to
2277 868 32 17 the
2321 868 23 17 N.
2356 869 37 16 and
2404 869 23 16 E.
2434 869 20 16 of
2462 869 32 17 the

1903 887 55 17 latter
1968 888 59 20 point,
2034 889 36 16 and
2081 893 49 12 some
2144 889 81 16 distance
2236 889 46 17 from
2294 889 21 16 it.
2337 889 38 17 The
2388 890 57 16 better
2451 890 44 21 plan

1904 908 37 16 will
1951 909 22 16 be
1985 909 45 16 after
2041 909 91 21 rounding
2144 909 53 18 Point
2204 910 92 19 Halswell,
2303 911 49 16 steer
2364 910 21 17 E.
2392 911 12 20 £
2414 909 24 21 S.,
2445 912 49 16 until

1905 929 53 17 Point
1964 929 120 22 Jerningham
2089 931 53 16 bears
2154 930 18 17 S.
2178 931 24 21 by
2209 931 27 19 E.,
2244 931 35 16 and
2286 930 45 17 then
2338 935 11 12 a
2356 931 47 17 close
2410 932 37 16 luff
2453 937 42 16 may

1904 950 22 16 be
1933 950 43 21 kept
1983 951 20 16 to
2009 949 65 19 wUKin
2125 951 59 17 cables
2199 951 61 21 length
2272 951 20 17 of
2300 952 32 16 the
2343 952 54 17 shore
2408 953 16 16 if
2432 957 63 12 neces-

1904 975 45 16 sary,
1964 972 38 16 and
2015 972 44 16 then
2074 972 67 17 anchor
2154 972 44 16 with
2213 973 53 16 Point
2283 972 120 21 Jerningham
2420 974 75 21 bearing

1904 992 55 17 about
1969 992 22 17 E.
1999 993 24 20 by
2035 993 23 17 N.
2065 991 23 18 'to
2095 993 75 19 E.N.E.,
2182 993 37 17 and
2229 993 40 17 half
2276 997 39 17 way
2323 994 81 16 between
2416 994 31 16 the
2459 996 35 15 two

1904 1012 48 17 sides
1961 1013 26 20 .of
2002 1014 31 16 the
2047 1014 84 19 harbour,
2146 1014 59 17 where
2220 1015 49 16 there
2284 1014 16 17 is
2317 1015 32 16 the
2364 1014 47 17 best-
2418 1016 77 20 holding

1904 1034 75 20 ground,
1992 1035 37 16 and
2040 1035 30 16 the
2081 1036 79 20 greatest
2171 1035 70 21 facility
2252 1035 22 16 of
2285 1035 154 17 communication
2450 1036 45 17 with

1904 1054 32 16 the
1943 1055 53 16 shore
2003 1056 15 19 %.
2069 1054 3 6 '
2343 1072 3 4 ,
2359 1056 14 19 ';

1925 1075 59 17 There
1996 1076 53 21 being
2056 1080 24 12 no
2088 1076 83 17 harbour-
2174 1077 72 20 master,
2255 1081 19 12 or
2281 1081 36 16 any
2369 1077 81 21 seeming
2457 1078 38 16 offi-

1904 1096 53 21 cially
1964 1098 18 15 to
1989 1097 77 17 interest
2072 1097 110 17 themselves
2190 1098 54 16 about
2255 1097 48 17 what
2310 1097 16 16 is
2335 1099 27 15 'so'
2366 1097 99 21 important
2476 1100 19 15 to

1905 1117 31 17 the
1943 1118 72 21 trading
2022 1118 54 16 world
2087 1118 18 16 in
2117 1118 73 21 general
2198 1118 37 17 and
2241 1118 116 17 marinersin
2363 1118 104 21 particular,
2474 1123 21 13 as

1903 1138 41 17 well
1951 1143 19 12 as
1978 1139 19 16 to
2006 1144 10 11 a
2023 1139 51 21 rapid
2080 1139 58 21 rising
2145 1139 68 21 colony,
2222 1139 36 17 and
2269 1144 11 11 a
2291 1139 79 17 harbour
2376 1140 26 15 -oT
2409 1140 86 16 first-rate

1904 1160 110 20 capabilities
2021 1165 4 14 ;
2036 1160 34 16 has
2076 1160 46 17 been
2130 1161 31 15 the
2170 1164 64 13 reason
2241 1160 19 17 of
2267 1160 74 21 writing
2349 1160 43 19 this,
2401 1160 35 17 and
2444 1161 9 16 I
2460 1165 35 12 can

1904 1180 42 20 only
1952 1181 47 20 hope
2007 1181 39 16 that
2053 1185 30 17 my
2090 1181 73 17 brother
2170 1181 123 17 commanders
2300 1181 38 16 will
2345 1181 54 17 assist
2406 1182 30 16 the
2444 1181 51 17 work

1904 1201 43 16 thus
1961 1201 76 21 humbly
2048 1202 57 20 began
2115 1202 24 20 by
2152 1207 35 14 me,
2200 1203 37 15 and
2247 1202 39 16 that
2298 1202 89 21 anything
2403 1203 40 16 that
2460 1207 35 12 can

1904 1222 79 16 conduce
1991 1224 19 14 to
2017 1223 65 15 render
2093 1223 106 20 navigation
2210 1227 49 13 more
2264 1224 74 18 'secure,
2347 1223 116 20 particularly
2470 1228 25 12 on

1903 1246 12 12 a
1925 1244 50 15 coast
1985 1247 20 12 as
2016 1245 31 18 yet
2056 1243 47 16 little
2114 1243 88 20 explored
2210 1249 19 11 as
2242 1243 42 17 New
2297 1243 84 20 Zealand,
2389 1243 38 17 will
2439 1245 23 15 be
2474 1249 20 12 as

1904 1263 99 20 cheerfully
2010 1264 144 16 communicated
2163 1268 19 12 as
2189 1264 36 16 this
2234 1265 31 16 has
2272 1265 47 15 been
2324 1269 5 14 ;
2337 1264 37 16 and
2380 1269 31 16 my
2417 1264 43 21 only
2467 1269 28 12 re-

1903 1283 82 17 luctance
1992 1284 21 16 in
2020 1284 42 17 thus
2070 1285 112 20 trespassing
2193 1289 49 15 upou
2252 1289 44 15 your
2303 1285 91 16 attention
2401 1286 33 15 has
2441 1286 52 19 been,

1904 1304 40 17 that
1952 1305 10 16 I
1969 1304 36 17 feel
2011 1304 46 21 fully
2064 1309 57 13 aware
2130 1305 40 16 that
2177 1305 51 17 there
2241 1310 28 12 are
2281 1305 67 21 parties
2359 1306 45 16 here
2410 1306 27 16 far
2444 1311 51 12 more

1904 1325 71 21 capable
1982 1325 21 16 in
2011 1330 53 16 every
2070 1327 70 20 respect
2153 1326 20 16 of
2182 1330 20 13 so
2215 1327 54 20 doing
2282 1326 45 17 than
2338 1327 71 19 myself,
2416 1328 31 19 yet
2453 1327 40 17 who

1903 1346 28 17 for
1943 1350 48 13 some
2003 1351 64 12 reason
2082 1347 45 16 have
2142 1348 33 15 not
2184 1347 46 17 done
2243 1351 24 16 so,
2279 1347 58 17 which
2352 1347 33 17 has
2397 1348 53 16 made
2464 1352 29 12 me

1903 1367 100 17 somewhat
2009 1367 82 17 diffident
2098 1368 19 16 in
2129 1368 32 16 the
2170 1368 90 20 troubling
2269 1372 42 16 you.
2334 1367 87 22 Trusting
2432 1369 19 16 in
2462 1369 31 16 the

1903 1388 89 17 motive—
1992 1393 37 16 you
2035 1388 36 17 will
2078 1393 67 12 excuse
2152 1388 31 17 the
2190 1389 102 20 execution,

2157 1409 11 17 I
2174 1410 75 20 remain,
2258 1410 32 20 Sir,

2084 1430 51 17 Your
2140 1433 50 14 most
2196 1431 83 16 obedient
2286 1432 78 19 servant,

2165 1451 109 17 WILLIAM
2284 1452 167 19 HOLDERNESS,

2138 1472 119 17 Commander
2264 1473 19 16 of
2291 1473 32 16 the
2329 1474 68 20 barque
2404 1474 88 17 Eleanor.

1924 1754 9 19 t
1945 1753 49 21 High
2002 1755 55 15 water
2057 1762 22 3 —
2080 1758 38 12 new
2130 1758 60 15 moon,
2197 1755 12 19 i
2216 1755 41 19 past
2263 1755 14 19 6,
2286 1755 75 21 change,
2369 1756 11 19 i
2391 1755 19 16 to
2418 1755 14 19 1,
2441 1755 50 16 there

1902 1775 54 20 being
1962 1779 11 11 a
1980 1775 56 20 slight
2046 1774 95 17 difference
2154 1776 79 15 between
2245 1775 33 16 full
2288 1776 37 16 and
2337 1776 74 20 change,
2419 1776 20 16 in
2455 1776 36 16 this

1902 1796 84 15 harbour.

1925 1503 10 10 •
1948 1503 37 16 The
1992 1503 41 16 best
2039 1503 49 21 sight
2095 1503 27 17 for
2130 1507 12 12 a
2149 1503 103 20 lighthouse
2259 1503 60 17 would
2326 1504 21 16 be
2360 1504 32 16 the
2406 1504 32 17 flat
2445 1504 48 18 tablo

1902 1524 45 15 land
1954 1528 43 12 near
2004 1524 68 20 Baring
2083 1524 57 19 Head,
2150 1524 28 16 for
2190 1525 14 15 it
2216 1524 52 17 could
2278 1525 45 16 then
2334 1525 22 16 be
2367 1530 44 11 seen
2422 1526 24 20 (if
2454 1530 40 16 pro-

1903 1544 49 21 perly
1959 1544 87 20 erected,)
2051 1549 50 12 some
2112 1544 82 17 distance
2206 1546 43 16 both
2259 1546 47 16 from
2317 1546 32 16 the
2360 1547 90 15 eastward
2457 1547 36 16 and

1902 1565 99 20 westward,
2014 1565 37 19 and
2060 1565 43 17 then
2116 1566 15 16 if
2140 1567 52 15 there
2204 1571 46 12 were
2261 1567 58 16 either
2331 1571 11 12 a
2352 1567 54 16 small
2418 1568 76 20 floating

1902 1586 48 21 light
1956 1588 19 15 at
1982 1586 31 17 the
2025 1586 85 17 northern
2122 1588 42 19 part
2176 1587 20 17 of
2204 1587 86 17 Barrett's
2301 1587 51 20 Reef,
2361 1592 20 12 or
2392 1592 23 12 on
2427 1588 66 17 Dorset

1903 1607 58 20 Point,
1976 1608 39 16 and
2029 1607 29 16 the
2074 1607 99 17 additional
2192 1612 78 16 expense
2284 1609 116 20 considering
2413 1609 31 16 the
2458 1609 35 16 im-

1902 1630 107 19 provement
2016 1629 35 16 and
2058 1629 57 20 safety
2122 1628 15 16 it
2143 1628 61 17 would
2212 1629 43 16 then
2263 1629 54 16 afford
2325 1629 18 16 in
2352 1630 84 21 entering
2442 1631 19 15 at
2468 1630 25 17 all

1903 1649 53 16 times
1963 1650 37 16 and
2007 1649 44 16 with
2058 1649 25 17 all
2089 1650 59 16 winds
2149 1658 22 3 —
2171 1649 59 17 would
2237 1650 65 16 render
2308 1650 16 16 it
2331 1651 93 15 cemulete.

1925 1670 9 18 t
1947 1670 45 20 Why
1999 1671 46 16 after
2052 1670 36 17 this
2101 1674 35 13 was
2144 1671 16 16 it
2172 1672 32 15 not
2215 1671 69 20 buoyed
2295 1670 28 20 off,
2335 1675 21 12 or
2366 1676 51 12 some
2428 1671 65 17 official

1902 1691 59 16 notice
1975 1692 57 16 taken
2045 1692 20 16 of
2074 1691 26 17 it?
2130 1692 70 16 Cannot
2215 1691 42 17 Port
2270 1692 99 16 Nicholson
2384 1693 51 16 boast
2449 1693 20 15 of
2481 1698 12 11 a

1902 1711 69 21 Lloyd's
1978 1712 66 20 Agent,
2052 1717 20 11 or
2079 1713 103 19 something
2189 1712 20 17 of
2218 1713 39 16 that
2265 1714 36 15 sort
2306 1713 6 16 I
2331 1713 25 16 Or
2363 1713 43 17 does
2415 1714 78 16 Govern-

1902 1734 51 15 ment
1959 1733 90 19 begrudge
2056 1733 32 16 the
2095 1737 79 15 expense
2179 1734 7 16 ?

1320 280 39 23 On
1376 280 145 31 Wednesday
1532 280 127 28 afternoon,
1676 280 40 22 the
1738 280 61 30 body
1822 280 26 23 of
1865 288 13 15 a

1285 321 55 16 man
1362 320 45 16 was
1430 313 131 24 discovered
1583 313 77 30 laying
1682 320 32 15 on
1742 313 38 23 the
1802 313 75 23 beach

1288 346 71 24 about
1369 354 14 16 a
1401 347 52 22 mile
1470 346 60 24 from
1548 346 91 24 Petoni.
1677 346 25 23 It
1720 353 47 16 was
1789 349 23 19 at
1823 346 52 23 first

1282 379 119 31 .supposed
1411 384 23 18 to
1451 376 37 26 bY
1498 379 49 24 th'e^
1554 379 62 30 body,
1627 379 24 22 of
1667 379 49 22 Mr.
1729 378 81 29 Dunn,
1823 379 59 26 who,

1286 412 106 31 perished
1409 413 32 30 by
1452 412 37 23 the
1510 413 117 30 upsetting
1646 412 26 23 of
1688 411 109 31 Coglan's

1286 446 41 23 but
1336 453 30 15 on
1376 445 101 24 removal
1490 449 23 19 to
1535 445 90 28 Petoni,
1638 446 18 22 it
1675 452 46 16 was
1742 445 136 30 recognised

1286 486 25 16 as
1323 478 47 28 the^
1378 478 62 31 body
1451 478 25 23 of
1491 477 49 25 Mr.
1561 478 127 23 Archibald
1705 478 84 23 Milne.
1805 501 4 6 ,
1834 478 42 24 An

1285 512 92 30 inquest
1387 519 47 16 was
1437 511 61 24 .held
1509 519 30 15 on
1548 511 38 24 the
1602 511 60 30 body
1674 515 24 19 at
1717 511 101 28 Petoni';
1838 511 46 24 the'

1285 544 115 31 following
1411 546 20 22 is
1442 545 39 22 the
1493 544 120 24 substance
1626 544 25 23 of
1666 544 39 23 the
1717 544 117 23 evidence.

1321 577 50 24 The
1383 577 59 31 body
1450 585 45 16 was
1503 577 130 24 discovered
1644 577 66 31 lying
1719 585 28 15 on
1757 577 38 23 the
1805 577 72 24 beach

1287 618 58 16 near
1357 611 40 23 the
1414 611 58 24 bark
1485 611 81 28 house,
1577 610 79 32 partly-
1662 611 26 22 in
1707 610 38 24 the
1757 618 46 20 sea,
1822 610 54 24 with

1287 643 40 24 the
1346 643 60 24 head
1423 644 96 23 towards
1542 644 39 23 the
1603 643 53 24 land
1664 652 6 20 ;
1695 643 39 23 the
1762 643 47 23 tide
1831 643 46 24 had

1287 676 90 25 washed
1388 677 38 23 the
1439 677 58 24 shirt
1508 677 45 23 and
1562 678 117 22 waistcoat
1689 685 53 15 over
1754 676 36 24 his
1806 676 66 30 head,

1285 710 45 23 and
1341 710 38 24 the
1389 706 74 28 backf
1470 718 45 16 was
1533 710 84 24 naked;
1622 714 2 6 1
1632 713 3 3 '
1653 709 52 24 The
1722 715 49 18 rest
1792 710 25 23 of
1832 709 40 24 the

1286 743 94 29 clothes,
1401 744 45 23 -viz.
1468 751 15 15 a
1499 743 55 24 blue
1572 742 86 32 jacket,
1678 751 15 15 a
1703 742 3 5 '
1716 751 48 23 cap,
1783 742 94 24 whitish

1286 776 115 24 moleskin
1420 780 115 25 trowsers,
1554 776 44 24 and
1617 784 13 16 a
1649 775 82 30 watch,
1749 775 47 25 had
1815 776 61 24 been

1286 810 69 23 taken
1367 817 70 24 away.
1474 809 75 24 There
1561 817 45 16 was
1620 817 12 16 a
1650 817 78 16 severe
1748 813 39 19 cut
1797 813 24 19 at
1835 809 39 23 the

1285 842 60 24 back
1357 843 26 23 of
1397 843 38 23 the
1454 843 60 23 head
1534 850 34 16 on-
1581 843 39 23 the
1635 842 42 24 left
1696 843 56 28 side,
1766 842 69 23 about
1848 850 29 16 an

1286 876 54 23 inch
1363 877 25 22 in
1414 876 87 31 length,
1528 876 103 31 possibly
1655 875 104 24 inflicted
1785 875 54 24 with
1864 883 13 16 a

1286 909 130 23 tomahawk
1427 917 26 16 or
1463 916 63 16 some
1538 909 58 23 such
1606 916 101 24 weapon,
1719 908 44 24 and
1775 909 102 23 directed

1284 943 106 31 upwards
1407 942 44 25 and
1461 942 134 24 backwards
1604 951 6 20 ;
1629 942 39 23 the
1681 942 63 23 skull
1755 949 47 16 was
1812 942 60 23 frac-

1286 976 65 23 tured
1362 976 31 30 by
1406 976 37 23 the
1454 976 66 29 blow,
1534 976 44 23 and
1589 976 130 23 immediate
1731 975 68 23 death
1810 980 64 18 must

1284 1008 59 24 have
1354 1009 93 24 ensued.
1484 1009 51 24 The
1556 1009 53 23 chin
1628 1009 46 23 and
1691 1009 70 23 lower
1773 1009 31 31 lip
1817 1016 59 15 were

1286 1042 103 31 severely
1401 1042 120 29 lacerated,
1533 1042 45 24 and
1589 1043 38 23 the
1646 1042 62 24 front
1720 1042 62 23 teeth
1802 1043 25 22 in
1838 1042 39 23 the

1286 1083 72 24 upper
1374 1076 46 31 jaw
1438 1076 95 28 broken,
1554 1076 45 23 and
1616 1076 132 23 contusions
1769 1083 58 16 were
1848 1083 29 16 on

1286 1108 39 24 the
1345 1109 71 28 chest,
1428 1117 25 15 as
1472 1109 20 23 if
1507 1110 39 22 the
1564 1110 59 29 body
1639 1110 45 22 had
1699 1109 59 23 been
1777 1108 101 31 dragged

1285 1150 54 15 over
1351 1143 38 22 the
1408 1142 80 24 beach.
1525 1143 50 22 Mr.
1588 1142 74 23 Milne
1680 1143 43 22 left
1741 1142 85 23 Petoni
1841 1143 36 22 for

1286 1175 141 31 Wellington
1448 1183 29 15 on
1496 1175 108 31 Tuesday
1625 1176 103 29 evening,
1742 1176 69 22 about
1827 1176 52 22 half

1286 1213 52 26 past
1355 1216 69 16 seven
1443 1209 88 23 o'clock
1540 1217 6 21 ;
1569 1209 28 22 he
1615 1208 45 23 had
1678 1209 59 22 been
1759 1209 117 30 drinking,

1285 1242 42 22 but
1343 1250 46 15 was
1410 1242 31 30 by
1451 1250 30 15 no
1498 1250 81 15 means
1596 1241 147 29 intoxicated,
1765 1241 45 23 and
1829 1249 47 15 was

1285 1276 62 30 quite
1370 1275 91 31 capable
1486 1275 25 23 of
1536 1275 82 31 taking
1641 1282 51 16 care
1721 1275 25 22 of
1771 1274 103 24 himself.

1286 1308 52 24 One
1350 1309 25 23 of
1390 1309 37 23 the
1446 1310 118 22 witnesses
1582 1309 71 30 going
1663 1312 23 19 to
1699 1308 92 29 Petoni,
1804 1315 47 15 saw
1862 1317 14 14 a

1284 1343 75 22 native
1371 1342 117 30 following
1498 1342 48 23 him
1564 1347 23 18 at
1606 1341 37 24 the
1663 1341 66 24 Koro
1741 1341 66 23 Koro
1816 1350 18 20 ;-
1842 1341 32 23 he

1284 1375 118 24 described
1421 1375 48 23 him
1487 1383 25 15 as
1524 1383 14 15 a
1557 1383 77 24 young
1645 1383 54 15 man
1717 1379 41 19 not
1775 1375 99 23 tatooed.

1284 1409 75 23 When
1371 1409 45 23 last
1427 1417 54 15 seen
1493 1409 74 29 alone,
1575 1409 28 23 he
1614 1408 44 24 had
1670 1407 84 32 passed
1765 1408 39 23 the
1815 1408 61 23 bark

1283 1442 71 23 house
1374 1440 86 33 (where
1480 1442 28 23 he
1528 1450 45 15 was
1595 1442 83 30 found)
1698 1442 70 23 about
1787 1441 51 23 half
1862 1450 14 15 a

1284 1476 63 28 mile,
1359 1475 44 24 and
1416 1483 45 16 was
1472 1476 103 31 walking
1589 1483 55 23 very
1656 1475 52 29 fast,
1722 1475 46 23 and
1779 1482 97 24 appear-

1285 1508 29 24 ed
1324 1513 24 19 to
1359 1510 28 22 be
1399 1509 73 24 afraid
1483 1509 25 23 of
1524 1517 13 15 a
1548 1510 72 22 maori
1628 1508 49 24 who
1689 1508 106 24 followed
1806 1508 71 23 about

1284 1543 38 23 six
1334 1550 25 15 or
1371 1543 62 30 eight
1451 1543 68 30 yards
1537 1543 85 23 behind
1638 1542 57 23 him.
1733 1541 50 24 The
1795 1543 79 28 maori,

1284 1576 77 23 whose
1381 1576 138 31 description
1537 1583 91 24 agrees.,
1641 1576 55 23 with
1721 1576 50 22 that
1790 1575 25 23 of
1836 1575 40 23 the

1284 1611 76 22 native
1373 1618 54 14 seen
1438 1609 116 32 following
1564 1609 92 24 him'at
1665 1609 40 23 the
1721 1609 66 23 Koro
1800 1609 74 29 Koro,

1282 1643 72 30 spoke
1365 1651 14 15 a
1389 1642 43 24 few
1443 1643 73 23 words
1528 1647 24 19 to
1571 1642 38 24 the
1629 1643 118 23 witnesses
1766 1642 50 23 who
1829 1642 46 23 last

1282 1684 46 15 saw
1340 1677 54 27 him,
1408 1676 43 23 and
1464 1676 54 23 then
1529 1684 43 16 ran
1589 1676 57 23 after
1667 1675 118 24 deceased.
1823 1675 51 24 The

1282 1710 119 23 witnesses
1424 1715 46 17 met
1487 1710 107 23 another^
1607 1710 71 22 maori
1700 1713 24 19 at
1750 1709 40 23 the
1809 1708 67 24 Koro

1284 1743 72 29 Koro,
1369 1743 51 23 who
1429 1750 47 16 was
1488 1743 48 23 also
1557 1743 70 31 going
1643 1742 99 23 towards
1760 1742 115 30 Welling-

1282 1781 47 19 ton.
1366 1776 51 24 The
1428 1777 90 30 inquest
1530 1785 46 14 was
1595 1775 125 32 adjourned
1738 1780 23 18 to
1776 1783 98 23 procure

1282 1810 20 23 if
1310 1810 101 31 possible
1424 1809 36 24 the
1473 1810 107 23 evidence
1591 1809 25 24 of
1626 1809 37 24 the
1674 1810 80 27 maori,
1765 1813 23 19 to
1802 1809 74 23 whom

1284 1844 117 30 suspicion
1414 1844 20 22 is
1446 1844 113 23 attached.

1321 1877 41 22 We
1381 1876 60 23 shall
1460 1877 94 31 publish
1574 1877 39 23 the
1632 1875 106 24 evidence
1755 1880 23 19 at
1795 1875 81 33 length

1284 1917 30 16 on
1329 1910 152 31 Wednesday.

1903 1851 143 25 REPORT
2065 1852 44 25 OF
2126 1853 73 24 THE
2213 1853 223 25 EXPEDITION
2446 1854 45 24 TO

2088 1886 223 25 WAIRARAPA.

1315 1962 44 23 We
1371 1962 52 31 give
1439 1962 111 24 insertion
1568 1967 24 19 to
1613 1963 38 23 the
1668 1962 119 31 following
1808 1962 67 23 letter

1281 1995 55 20 with
1348 1996 113 26 pleasure.
1498 1995 24 21 It
1533 2000 62 17 must
1603 1997 28 20 be
1636 1996 85 28 .highly
1731 1995 144 30 satisfactory

1284 2029 23 19 to
1327 2025 67 31 Capt.
1414 2025 131 29 Merrihew,
1566 2031 22 18 to
1609 2027 47 23 find
1673 2026 37 24 his
1729 2027 98 24 conduct
1846 2035 29 16 on

1283 2058 115 31 Saturday
1411 2060 96 29 evening
1521 2059 45 23 last
1578 2060 113 31 approved
1703 2060 25 22 of
1742 2061 31 30 by
1785 2068 14 15 a
1811 2068 64 16 com-

1282 2092 94 24 mander
1388 2092 26 23 of
1430 2092 66 32 Capt.
1507 2092 109 25 Wilson's
1628 2094 143 30 experience.

1631 2131 46 22 Ship
1687 2132 91 20 Oriental,

1552 2152 124 22 ■Wellington,
1684 2153 47 18 Port
1738 2152 113 22 Nicholson,

1607 2174 105 18 December
1722 2175 27 22 15,
1759 2176 50 16 1841.

1304 2201 36 18 My
1352 2205 58 14 beak
1423 2203 42 20 Sir,
1465 2210 23 4 —
1488 2202 10 17 I
1507 2206 35 18 neg
1552 2202 23 18 to
1584 2202 133 23 acknowledge
1727 2202 34 18 the
1774 2202 72 22 receipt
1855 2202 23 17 of

1282 2227 49 18 your
1336 2223 64 21 letter,
1416 2223 109 23 describing
1537 2223 34 17 the
1584 2223 39 17 loss
1639 2223 21 17 of
1671 2223 34 17 the
1717 2223 101 18 American
1831 2223 45 22 ship

1282 2244 54 21 Elbe,
1344 2244 61 17 under
1411 2248 48 17 your
1466 2244 109 21 command,
1582 2244 21 17 in
1611 2244 79 17 Palliser
1703 2244 47 22 Bay,
1764 2244 71 23 during
1841 2245 35 17 the

1282 2265 72 17 terrific
1366 2265 42 22 gale
1419 2265 22 17 of
1450 2265 95 22 Saturday
1559 2265 37 18 and
1605 2266 77 21 Sunday
1691 2266 45 17 last.
1742 2272 3 3 ■
1758 2266 57 17 From
1828 2270 49 17 your

1283 2287 109 19 statement,
1401 2286 10 17 I
1418 2286 40 17 find
1465 2287 42 16 that
1515 2291 48 17 your
1571 2287 44 21 ship
1622 2291 38 13 was
1669 2286 67 18 within
1743 2291 11 14 a
1761 2287 45 17 mile
1814 2287 21 18 of
1841 2287 33 18 the

1282 2308 82 17 western
1371 2307 50 17 head
1428 2308 21 16 of
1453 2308 44 17 that
1504 2308 46 21 Bay,
1559 2308 38 17 and
1604 2308 47 21 that,
1660 2308 26 21 by
1694 2308 33 17 the
1738 2308 42 18 first
1793 2307 83 22 impulse

1282 2328 21 18 of
1310 2329 42 17 that
1359 2328 74 17 sudden
1440 2329 38 17 and
1486 2329 148 23 overwhelming
1641 2330 67 20 storm,
1712 2334 49 16 your
1767 2329 104 18 mainmast

1282 2350 49 17 head
1337 2349 37 18 and
1381 2350 133 21 maintopmast
1519 2350 77 23 rigging
1601 2355 47 13 were
1655 2350 79 21 broken,
1740 2355 47 18 your
1793 2350 83 22 foretop-

1282 2373 52 15 maet
1340 2370 80 21 broken,
1428 2371 37 17 and
1475 2375 49 17 your
1531 2376 70 16 square
1608 2371 45 18 sails
1661 2371 63 18 blown
1731 2373 20 17 to
1759 2372 70 21 pieces,
1837 2373 39 17 and

1282 2392 33 17 the
1322 2392 44 21 ship
1373 2393 137 20 consequently
1516 2392 93 18 rendered
1615 2393 156 22 unmanageable,
1780 2393 38 17 and
1825 2393 49 22 that,

1282 2413 75 22 finding
1369 2413 16 17 it
1400 2413 67 21 totally
1482 2413 128 22 impossible,"'
1615 2414 61 18 under
1694 2414 85 22 existing
1793 2414 82 18 circum-

1282 2435 83 20 stances,
1371 2435 22 16 to
1400 2438 44 13 save
1449 2439 50 16 your
1506 2435 44 24 ship
1550 2444 21 3 —
1571 2439 22 13 as
1601 2439 12 13 a
1616 2435 133 21 Commander,
1757 2435 16 18 it
1782 2439 38 14 was
1827 2440 49 17 your

1283 2456 49 20 duty
1338 2456 20 16 to
1371 2455 24 17 do
1409 2455 112 22 everything
1533 2461 21 12 m
1566 2460 48 17 your
1624 2461 64 16 power
1700 2458 21 15 to
1733 2461 45 13 save
1785 2456 34 17 the
1826 2461 50 14 crew

1283 2476 60 18 under
1357 2480 48 17 your
1419 2477 107 21 command,
1534 2477 64 17 which
1611 2477 10 17 I
1628 2477 131 23 congratulate
1770 2482 39 18 yo*
1816 2477 21 18 in
1845 2482 31 13 ac-

1282 2497 133 23 complishing.
1439 2497 74 23 Having
1513 2503 2 4 1
1528 2498 123 22 experienced
1663 2499 33 17 the
1709 2499 36 17 full
1752 2498 52 18 force
1816 2499 21 17 of
1842 2499 34 18 tho

1282 2519 41 23 gale
1332 2519 19 17 in
1359 2518 32 18 the
1400 2519 89 17 Harbour
1503 2519 21 17 of
1530 2519 46 18 Port
1583 2519 112 22 Nicholson,
1702 2520 10 17 I
1720 2520 37 18 feel
1763 2520 17 17 it
1787 2524 33 17 my
1827 2520 49 21 duty

1282 2540 20 17 to
1310 2543 77 18 express
1395 2539 32 18 the
1432 2540 97 22 strongest
1536 2541 124 21 approbation
1665 2541 22 17 of
1691 2545 50 17 your
1747 2541 83 22 prudent
1837 2542 40 17 and

1282 2560 117 18 seamanlike
1406 2560 89 23 conduct,
1504 2561 39 18 and
1549 2564 20 15 at
1577 2562 32 17 the
1618 2566 52 14 same
1680 2562 49 18 time
1741 2564 20 16 to
1773 2564 103 23 congratu-

1281 2582 40 18 late
1327 2582 34 17 the
1368 2582 109 18 merchants
1489 2583 23 16 of
1520 2583 34 17 the
1568 2583 73 17 United
1653 2583 62 17 States
1724 2583 22 17 of
1755 2584 89 17 America
1855 2584 21 18 in

1281 2603 78 22 placing
1370 2602 51 18 their
1434 2602 52 23 thipi
1501 2603 21 18 in
1536 2604 34 17 the
1585 2606 134 21 management
1735 2604 21 18 of
1766 2609 45 13 men
1825 2605 50 22 who,

1281 2624 57 18 when
1345 2623 126 23 thejproperty
1475 2625 21 17 in
1502 2625 51 17 their
1558 2625 69 22 charge
1633 2625 16 17 is
1655 2625 81 18 doomed
1742 2626 24 20 by
1772 2626 33 17 the
1811 2626 38 18 will
1856 2627 22 17 of

1284 2645 117 18 Providence
1408 2646 20 16 to
1437 2645 126 22 destruction,
1571 2646 51 22 they,
1630 2646 26 22 by
1663 2646 51 18 their
1721 2647 88 21 coolness,
1816 2647 20 18 in
1841 2647 35 18 the

1282 2667 52 17 hour
1345 2666 21 17 of
1378 2666 77 22 danger,
1464 2670 46 14 save
1516 2668 20 16 to
1544 2668 53 17 them
1611 2667 34 17 the
1655 2668 88 18 valuable
1754 2668 48 18 lives
1810 2668 22 18 of
1840 2669 36 17 her

1282 2687 89 18 citizens.

1454 2708 10 18 I
1472 2708 78 23 remain,
1558 2709 46 17 dear
1610 2709 37 22 Sir,

1561 2731 69 17 Your's
1638 2731 58 21 truly,

1644 2751 103 18 William
1757 2752 96 21 Wilson,

1539 2780 4 3 •
1563 2772 127 18 Commander
1696 2773 22 17 of
1724 2773 47 21 Ship
1780 2773 92 17 Oriental.

1307 2793 27 18 To
1348 2793 56 22 Capt.
1419 2792 107 22 MerrihCTT,
1543 2794 41 17 late
1594 2794 126 17 Cosamattder
1735 2794 20 18 oi
1777 2794 96 19 Amercan

1282 2814 46 21 Ship
1336 2814 52 21 Elbe,
1396 2814 45 18 Port
1448 2814 111 18 Nicholson.

115 2753 169 25 SHIPPING
303 2753 277 25 INTELLIGENCE.

281 2807 136 14 ARRIVED.

85 2835 51 19 Dec.
148 2835 33 21 17,
193 2835 70 18 cutter
271 2835 115 21 Pickwick,
397 2835 58 18 from
465 2835 140 19 Launceston.

1317 2862 30 23 In
1358 2861 37 24 the
1405 2862 72 23 notice
1488 2862 99 24 inserted
1597 2863 23 22 in
1626 2861 165 32 Wednesday's
1801 2871 73 23 paper

1284 2894 25 24 of
1331 2895 47 24 Mr.
1399 2894 117 25 Jenkins's
1535 2895 73 24 house
1627 2896 24 23 of
1670 2897 204 29 accommodation,

1318 2928 130 32 Wanganui
1504 2937 46 15 was
1579 2929 30 32 by
1638 2929 100 24 mistake
1766 2934 44 27 put
1837 2930 37 24 for

293 2885 114 20 SAILED.

84 2914 53 20 Dec.
156 2914 32 26 15,
209 2914 102 19 schooner
329 2914 57 24 Gem,
405 2914 35 24 76,
458 2913 85 25 Pearce,
561 2914 35 20 for
611 2914 35 20 the

55 2941 105 20 Chatham
171 2941 91 20 Islands.

84 2976 53 20 Dec.
156 2976 33 24 16,
205 2976 103 19 schooner
323 2975 100 25 Look-in,
439 2975 34 25 82,
491 2975 106 26 Canning,
613 2976 34 20 for

55 3003 83 20 Nelson
163 3003 80 20 Haven.
301 3002 124 26 Passengers
426 3014 28 4 —
454 3003 89 20 Messrs.
569 3004 23 21 P.
619 3003 27 21 G.

55 3030 84 25 Moore,
157 3031 22 20 F.
201 3030 75 26 Lloyd,
294 3030 22 21 J.
336 3030 79 25 Miller,
433 3030 74 25 Jones,
528 3031 57 25 wife,
606 3032 41 20 and

55 3059 60 20 three
125 3058 101 24 children,
238 3059 42 19 and
288 3058 34 20 W.
334 3058 88 26 Murray
432 3058 43 20 and
484 3058 57 21 wife.

1317 3013 49 24 Mr.
1378 3013 86 31 Strang
1472 3013 42 24 has
1526 3015 90 22 written
1628 3022 12 15 a
1655 3014 67 23 letter
1742 3018 23 19 to
1785 3013 90 25 remind'

1282 3054 28 16 us
1322 3047 50 23 that
1381 3046 39 24 the
1433 3046 58 24 Rev.
1506 3046 62 24 John
1586 3047 136 24 M'Farlane
1741 3048 20 22 is
1782 3056 12 15 a
1813 3048 61 24 Pro-

1282 3084 87 19 testant
1383 3081 112 27 minister.*,
1516 3081 102 23 resident
1635 3081 61 28 here,
1716 3081 45 23 and
1780 3081 50 24 that
1849 3082 26 23 in

1282 3114 40 22 the
1333 3114 75 23 notice
1427 3113 24 23 of
1467 3113 47 25 Mr.
1533 3114 94 23 Dunn's
1646 3114 74 29 death,
1739 3122 34 16 we
1791 3114 84 24 should

1282 3147 58 23 have
1351 3146 49 24 said
1412 3146 48 23 that
1475 3154 30 17 no
1521 3146 165 32 Episcopalian
1704 3149 106 24 minister
1826 3157 48 16 was

1284 3185 23 19 at
1317 3184 93 27 present
1421 3180 124 31 officiating
1555 3182 25 22 in
1592 3180 150 31 Wellington.

1317 3237 95 25 Several
1421 3239 202 23 communications
1633 3238 45 24 and
1685 3239 189 24 advertisements

1283 3272 58 23 have
1352 3271 59 24 been
1421 3272 103 23 received
1536 3276 37 19 too
1585 3272 45 23 late
1646 3272 35 23 for
1698 3274 112 22 insertion
1827 3274 47 22 this

1284 3305 71 23 week.
1392 3304 65 24 Most
1474 3305 26 24 of
1515 3305 63 24 them
1596 3306 60 23 shall
1674 3313 85 24 appear
1775 3307 26 23 in
1818 3311 56 20 next

1284 3338 165 31 Wednesday's
1458 3346 80 23 paper.

284 3112 33 18 IN
331 3112 83 20 PORT.

114 3143 52 21 Ship
175 3143 67 20 Arab,
254 3143 98 16 Sumner.

114 3166 82 26 Barque
205 3167 99 23 Eleanor,
316 3166 140 20 Holderness.

114 3194 110 20 American
233 3194 47 25 ship
289 3194 78 20 Robert
377 3194 110 26 Pulsford,
500 3194 89 26 Clough.

114 3221 51 27 Ship
178 3222 101 24 Oriental,
289 3222 90 20 Wilson.

114 3248 107 21 Schooner
230 3249 67 24 Anne,
303 3249 57 20 Joss.

114 3276 83 26 Barque
209 3277 64 25 Tyne,
285 3277 126 20 Robertson.

164 3314 1 5 ■
191 3314 5 6 ■
204 3304 123 25 Middlesex,
337 3305 93 20 Salmon.

117 3331 74 19 Cutter
205 3333 116 17 Pickwick.

232 3393 121 21 CUSTOM
367 3394 111 21 HOUSE.

209 3453 136 21 outwards,
358 3455 143 15 coastwise.

89 3482 130 20 Schooner
364 3483 4 8 1
370 3484 6 11 '
388 3489 46 14 for
444 3483 97 21 Nelson
551 3483 99 22 Haven.

61 3521 4 5 •
65 3520 25 4 —
91 3510 78 23 15,000
176 3509 43 21 feet
226 3510 82 25 timber,
317 3510 26 20 30
351 3510 103 27 packages
461 3511 103 25 sundries,
576 3512 74 21 Order.

59 3538 117 25 —Agents,
186 3537 23 20 J.
220 3537 41 20 and
273 3538 24 19 G.
311 3538 71 19 Wade.

89 3571 130 20 Schooner
341 3578 46 14 for
402 3571 125 23 Chatham
537 3572 113 22 Islands.

61 3610 29 4 —
91 3599 12 20 7
114 3600 51 24 kegs
176 3599 94 23 tobacco,
282 3600 12 18 2
312 3599 55 20 bales
381 3599 104 25 blankets,
497 3601 13 19 5
522 3606 57 15 cases
588 3601 63 20 hard-

60 3632 63 19 ware,
136 3627 12 19 5
165 3627 78 19 barrels
257 3627 70 23 bread,
345 3627 53 19 1000
415 3628 44 19 feet
473 3627 84 26 timber,
574 3629 13 19 2
602 3631 49 17 tons

61 3654 48 25 eajlt.
111 3664 30 5 —
144 3655 68 19 Willis
220 3654 18 25 8f
247 3654 42 24 Co.,
297 3655 87 24 Agents,

158 3717 120 18 AGENTS
292 3717 56 18 FOR
364 3717 71 18 THIS
447 3717 107 18 PAPER.

83 3750 38 18 Mr,
133 3750 127 16 BURCHAM
354 3750 74 15 Petoni.

83 3770 39 19 Mr.
134 3770 23 17 R.
169 3770 115 19 BA.ItK.KTr
347 3782 5 7 ,
358 3769 45 17 New
412 3770 109 22 Plymouth,
528 3770 101 19 Taranaki.

83 3790 39 18 Mr.
134 3791 26 17 H.
171 3790 122 18 CHURTON
359 3790 114 23 Wanganui.

134 3812 30 17 \V.
177 3811 97 18 WILSON
356 3811 68 19 Bayof
433 3811 85 19 Islands.

233 3862 122 19 LATEST
371 3861 111 20 DATES.

76 3896 79 16 London
240 3896 50 20 Aug.
324 3897 16 15 8.
369 3896 40 20 Bay
416 3896 22 16 of
447 3896 96 19 Islands,.
548 3896 51 18 Nov.
616 3897 25 17 VI.

76 3916 76 22 Sydney
241 3916 50 19 Nor.
313 3916 27 17 27.
369 3916 82 17 Thames
545 3917 49 18 Nov.
617 3919 24 17 29.

76 3937 40 19 Van
142 3937 98 18 Diaman's
371 3937 44 17 Port
423 3937 71 22 T'hillip
509 3950 36 6 ....
550 3937 50 19 Nov.
627 3940 14 16 3.

96 3957 54 18 Land
242 3957 50 18 Nor,
314 3959 27 16 39.
370 3957 90 18 Adalwd*
548 3959 43 16 Oot.
627 3962 14 13 9.

700 1849 25 25 A
739 1854 75 27 report
827 1849 24 24 of
867 1849 38 23 the
917 1849 148 32 proceedings
1086 1854 22 18 at
1121 1849 38 24 the
1178 1848 77 33 publvi

667 1884 102 30 meeting
778 1891 29 16 on
814 1882 108 32 Tuesday
934 1882 45 24 will
986 1882 27 24 be
1025 1883 71 23 found
1103 1884 25 23 in
1138 1883 47 24 this
1194 1884 64 30 day's

670 1917 101 23 Gazette.
807 1916 24 24 It
838 1924 46 15 was
893 1916 131 31 impossible
1034 1916 24 23 in
1067 1916 39 24 the
1114 1917 67 23 small
1188 1925 71 23 space

668 1954 23 19 at
704 1958 42 15 our
757 1949 128 29 command,
898 1953 22 20 to
932 1950 50 30 give
994 1949 38 23 the
1053 1950 107 30 speeches
1173 1955 23 18 at
1213 1951 43 23 full

667 1983 88 31 length,
776 1984 42 23 but
836 1990 41 16 our
898 1983 155 30 abridgement
1071 1988 103 19 contains

669 2016 59 32 pith.
1168 2008 62 17 ""'■'
1244 2004 20 26 &

703 2049 45 25 We
770 2050 45 31 beg
835 2050 124 31 particular
981 2049 110 24 attention
1114 2054 24 18 to
1159 2049 97 32 Captain

669 2083 111 24 Wilson's
795 2088 129 19 statement.
961 2083 61 24 That
1039 2083 151 31 experienced
1206 2091 50 16 sea-

668 2125 55 15 man
743 2125 59 23 gave
821 2117 37 23 his
876 2117 139 31 unqualified
1034 2117 123 30 testimony
1176 2121 23 19 to
1219 2117 37 23 the

670 2150 128 24 excellence
806 2151 24 23 of
845 2150 57 24 Port
912 2150 132 29 Nicholson,
1058 2158 25 15 as
1091 2158 14 15 a
1115 2150 99 23 harbour
1222 2150 34 23 for

670 2184 108 31 shipping
787 2194 5 19 ;
807 2183 41 25 and
862 2183 123 24 attributed
1004 2183 38 23 the
1054 2188 78 18 recent
1148 2183 107 23 disasters

670 2222 23 19 to
712 2218 59 23 their
783 2222 49 19 true
844 2225 75 21 cause,
933 2217 38 24 the
981 2222 60 18 want
1056 2217 25 23 of
1097 2225 13 15 a
1121 2217 93 29 beacon,
1233 2225 23 16 or

670 2258 63 16 some
746 2251 178 30 distinguishing
935 2250 66 24 mark
1013 2255 23 19 at
1048 2250 39 23 the
1100 2249 90 25 Heads.

703 2284 25 23 It
739 2292 46 15 was
797 2284 103 24 resolved
908 2284 160 30 unanimously
1080 2288 23 18 to
1114 2283 29 24 be
1155 2284 39 23 the
1204 2283 52 31 duty

671 2318 25 23 of
712 2317 156 24 Government
885 2321 22 19 to
928 2322 59 18 erect
1008 2317 106 28 beacons,
1140 2317 43 23 and
1206 2317 49 23 take

672 2352 64 23 other
748 2359 115 16 measures
875 2351 35 24 for
921 2351 121 30 rendering
1053 2350 39 24 the
1105 2350 113 32 approach
1235 2355 20 19 to

670 2385 47 23 this
727 2389 53 27 port
791 2392 53 23 easy
856 2384 45 24 and
919 2384 48 24 safe
977 2393 6 19 ;
1010 2383 45 25 and
1072 2383 40 24 the
1132 2383 88 32 neglect
1237 2383 21 25 of

671 2418 39 23 the
722 2418 156 23 Government
889 2422 23 19 to
923 2417 98 33 perform
1035 2417 44 24 this
1098 2417 55 31 duty
1171 2413 85 28 excited

672 2451 38 24 the
726 2451 141 32 indignation
884 2451 24 23 of
929 2451 39 23 the
984 2451 100 31 meeting
1084 2463 34 4 —
1118 2451 134 31 indignation

672 2484 138 32 aggravated
820 2485 29 31 by
863 2484 38 24 the
914 2485 161 23 circumstance
1088 2484 25 23 of
1127 2484 62 30 large
1197 2492 56 16 sum;

673 2519 24 23 of
712 2526 83 24 money
806 2519 68 30 being
884 2517 116 24 extracted
1008 2518 60 23 from
1074 2517 40 24 the
1120 2518 137 23 inhabitant!

673 2552 25 23 of
714 2552 57 23 Port
783 2551 125 24 Nicholson
921 2556 22 19 to
955 2552 100 30 improve
1066 2551 39 23 the
1122 2550 100 25 harbour
1237 2556 17 19 al

673 2585 132 24 Auckland.
835 2585 35 23 To
882 2585 69 31 apply
962 2585 34 23 for
1004 2585 91 23 redress
1104 2589 22 19 to
1135 2593 13 15 a
1155 2584 98 24 Govern-

672 2623 64 20 ruent
748 2619 72 31 guilty
837 2618 24 24 of
868 2618 66 24 -such
948 2618 97 31 flagrant
1063 2618 106 32 injustice
1188 2613 68 29 would

672 2653 28 23 be
712 2652 46 24 idle
766 2661 7 20 ;
793 2653 44 23 and
847 2652 20 23 it
877 2660 46 16 was
936 2651 110 24 therefore
1066 2651 104 24 resolved
1190 2657 22 18 to
1232 2659 24 24 go

674 2690 23 19 at
709 2693 55 16 once
776 2690 24 19 to
812 2685 182 31 head-quarters,
1007 2685 44 23 and
1065 2685 38 31 lay
1114 2684 38 25 the
1165 2684 92 25 conduct

674 2719 25 23 of
710 2719 99 32 Captain
818 2719 99 23 Hobson
927 2719 75 23 before
1014 2718 38 24 the
1063 2718 82 24 House
1156 2719 26 23 of
1192 2719 64 23 Com-

674 2761 66 15 mons
762 2752 45 24 and
827 2752 38 24 the
889 2752 119 31 Secretary
1028 2752 37 23 for
1086 2752 40 23 the
1145 2752 111 24 Colonies.

675 2786 132 24 Numerous
818 2794 37 15 are
868 2786 38 23 the
917 2787 114 22 instances
1043 2786 25 22 of
1084 2785 104 24 Colonial
1205 2787 51 22 mis-

675 2824 148 27 government
835 2819 108 25 recorded
952 2820 25 23 in
988 2819 199 31 Downing-street
1197 2829 5 19 ;
1222 2819 36 23 but

675 2861 33 15 we
719 2853 104 31 question
839 2852 101 24 whether
959 2853 47 23 Mr.
1013 2852 198 32 'Mothercountry
1222 2860 36 16 can

674 2886 56 32 pick
741 2890 40 20 out
792 2886 26 24 of
831 2886 36 23 his
879 2894 120 15 enormous
1016 2886 58 29 files,
1093 2894 14 15 a
1124 2894 72 16 worse
1213 2893 45 16 case

675 2920 56 24 than
741 2919 51 24 that
808 2919 25 24 of
848 2919 99 24 Hobson
962 2926 79 17 versus
1056 2919 58 24 Port
1128 2919 129 25 Nicholson.

677 2953 24 24 It
710 2961 47 16 was
768 2953 43 24 felt
822 2957 22 19 to
854 2953 30 23 be
896 2961 25 15 so
933 2961 55 23 very
1001 2953 51 29 bad,
1072 2953 50 24 that
1140 2961 56 16 even
1214 2953 43 24 Mr.

677 2987 107 28 Hanson,
797 2987 69 23 albeit
877 2986 170 32 well-disposed
1058 2991 22 19 to
1100 2986 82 24 defend
1200 2986 58 24 those

676 3020 50 23 who
741 3020 59 23 have
818 3020 67 31 given
901 3019 48 24 him
968 3020 71 28 office,
1055 3020 69 31 fairly
1137 3020 72 23 threw
1226 3020 32 23 the

675 3053 126 24 Auckland
827 3053 80 32 people
930 3053 130 24 overboard.
1108 3053 51 24 The
1183 3053 75 24 Crown

677 3087 139 24 Prosecutor
835 3086 145 32 abandoning
1001 3087 38 23 the
1062 3086 93 25 defence
1164 3112 4 4 ,
1178 3086 26 24 of
1227 3086 28 25 hii

676 3125 93 27 present
780 3125 92 26 patrons
885 3125 23 19 at
919 3121 39 23 the
970 3119 107 30 Thames,
1093 3119 83 25 turned
1192 3120 63 24 round

677 3161 62 24 upon
750 3154 37 23 his
798 3153 84 24 former
893 3154 127 31 employers
1020 3166 33 4 —
1054 3154 38 23 the
1100 3153 57 24 New
1165 3153 88 24 Zealam

679 3187 126 31 Company.
842 3186 131 32 Following
984 3187 47 25 Mr.
1048 3187 94 31 Strang,
1159 3187 52 23 who
1229 3187 22 24 lei

677 3220 39 25 the
728 3220 86 29 attack,
833 3220 48 24 Mr.
903 3220 98 24 Hanson
1021 3220 98 24 assailed
1136 3220 39 24 the
1197 3220 52 24 Com

677 3262 61 23 pany
761 3253 45 24 and
827 3254 29 23 its
879 3253 93 32 Agents
992 3254 56 24 with
1067 3253 69 25 much
1156 3255 94 30 impotea

679 3287 89 24 ardour.
816 3287 50 24 The
889 3287 92 24 learned
1003 3288 129 30 gentleman
1188 3287 63 34 tookj'

678 3321 58 23 little
748 3321 31 30 by
790 3320 46 24 this
848 3325 144 24 movement..
1021 3321 38 23 He
1072 3319 106 25 obtained
1188 3328 14 16 a
1223 3320 27 34 fjpi

680 3354 78 24 cheers
776 3353 59 24 from
853 3354 64 23 those
939 3354 50 23 who
1008 3354 68 23 knew
1093 3358 49 25 not,
1160 3353 62 25 what
1237 3354 14 24 h

679 3387 67 24 knew
757 3394 56 25 very
823 3387 58 30 well,
894 3387 51 24 that
955 3387 39 23 the
1007 3387 120 32 Company
1142 3387 45 23 had
1199 3394 52 17 neve:

678 3420 144 24 undertaken
832 3420 38 24 the
888 3420 115 24 functions
1021 3420 26 24 of
1068 3429 13 15 a
1102 3420 149 24 Government

679 3453 99 32 Nobody
790 3453 162 32 comprehends
964 3454 38 23 the
1016 3453 131 25 Wakefield
1157 3452 96 33 princip'li

680 3487 25 24 of
721 3487 149 24 colonization
880 3487 75 24 better
966 3487 54 24 than
1032 3488 49 23 Mr.
1097 3486 107 30 Hanson,
1217 3488 36 23 whi

679 3521 113 23 therefore
804 3528 46 16 was
860 3520 147 24 inexcusable
1023 3521 26 23 in
1063 3521 40 23 the
1114 3520 66 24 mode
1192 3520 26 24 of
1232 3521 20 23 hi

680 3554 78 23 attack
770 3561 29 16 on
811 3553 115 31 Tuesday.
962 3554 145 32 Apparently
1118 3554 134 28 conscious,o

680 3587 86 31 having
776 3587 72 23 taken
857 3594 32 24 uj>
901 3594 14 16 a
926 3594 78 23 wrong
1013 3588 108 31 position,
1132 3587 30 24 he
1171 3594 46 17 was
1224 3595 27 16 uu

680 3620 91 31 usually
790 3620 82 28 feeble,
893 3620 45 24 and
955 3620 47 24 laid
1018 3620 96 24 himself
1135 3628 60 24 open
1215 3625 22 18 to

680 3653 143 32 triumphant
844 3653 44 23 and
920 3654 108 31 crushing
1049 3654 65 31 reply
1136 3653 61 25 from
1223 3653 28 25 Di

682 3686 89 25 Evans.
1234 3698 5 5 <

715 3720 59 23 This
786 3719 114 23 diversion
911 3720 59 24 from
987 3720 38 23 the
1035 3720 48 24 real
1098 3716 80 35 object'
1192 3720 26 24 of
1230 3721 21 24 th

680 3754 103 30 meeting
798 3753 84 31 proved
903 3753 51 23 how
973 3753 115 32 desperate
1105 3754 39 23 the
1163 3749 77 28 causel
1246 3762 5 15 (
1260 3753 3 6 '

682 3787 39 23 the
739 3786 156 24 Government
914 3786 90 26 seemed
1021 3791 23 19 to
1061 3787 30 23 its
1108 3787 142 24 functionary

684 3819 61 24 here.
780 3819 50 26 Mr.
854 3819 121 24 Hanson's
993 3820 144 23 amendment
1153 3820 45 23 had
1209 3819 41 25 *vei

683 3853 43 23 few
744 3857 140 26 supporters,
901 3852 77 24 whilst
996 3853 38 23 the
1054 3853 157 24 Government
1226 3853 25 25 ha

683 3885 98 31 literally
792 3893 66 21 none,
874 3887 24 21 in
910 3893 43 16 one
971 3885 26 23 of
1016 3886 40 23 the
1074 3890 61 19 most
1148 3893 114 18 numerous

684 3918 43 23 and
745 3918 141 31 respectable
902 3919 112 31 meetings
1032 3926 53 17 ever
1100 3919 55 25 held
1171 3920 26 24 in
1215 3920 48 36 Eof

686 3951 134 24 Nicholson.
1107 3971 3 4 .
1249 3942 8 32 1

1965 1937 37 20 TO
2026 1937 62 20 THE
2109 1938 323 22 SURVEYOR-GENERAL.

1931 1973 49 24 Sir,
1982 1984 29 4 —
2011 1973 11 20 I
2032 1973 52 20 have
2093 1974 36 19 the
2138 1974 86 19 honour
2228 1977 27 21 .to
2266 1974 76 20 inform
2353 1981 51 19 you,
2418 1976 44 19 that
2471 1976 23 19 in

1903 2001 114 20 obedience
2034 2003 22 18 to
2065 2007 54 19 your
2133 2002 139 27 instructions
2290 2002 10 19 I
2310 2002 53 21 have
2372 2002 76 21 visited
2458 2004 35 19 the

1903 2027 90 20 District
2004 2027 25 20 of
2037 2028 128 26 Wairarapa.
2195 2028 10 20 I
2219 2029 51 20 took
2279 2031 42 18 two
2338 2036 49 13 men
2397 2030 51 19 with
2462 2036 33 14 me

1902 2057 23 18 to
1942 2061 60 19 carry
2020 2061 38 14 our
2074 2056 119 24 provisions
2213 2056 42 19 and
2271 2056 104 24 blankets,
2393 2058 42 19 and
2451 2059 42 18 two

1902 2083 78 19 mauris
1996 2084 23 18 to
2039 2083 63 19 assist
2118 2083 58 20 them
2191 2083 42 19 and
2250 2085 33 18 act
2297 2089 22 14 as
2335 2084 82 25 guides,
2435 2084 59 21 these

1901 2110 53 19 with.
1962 2110 44 20 Mr.
2023 2110 70 24 Child,
2104 2110 46 20 who
2162 2111 148 26 accompanied
2319 2117 33 14 me
2363 2118 22 13 as
2397 2118 13 13 a
2419 2112 76 20 volun-

1902 2139 46 18 teer
1961 2138 113 26 composed
2089 2138 36 19 the
2140 2139 70 25 party.
2241 2138 10 20 I
2267 2138 129 21 determined
2413 2143 22 16 to
2445 2139 50 21 visit

1902 2165 130 26 Wairarapa,
2049 2165 29 27 by
2088 2166 35 19 the
2138 2165 70 26 valley
2225 2166 25 19 of
2263 2166 37 20 the
2317 2166 56 20 Hutt
2390 2172 26 14 or
2430 2167 55 20 Erra
2491 2180 4 4 •

1902 2194 86 24 tounga,
1997 2193 44 19 and
2046 2195 21 17 to
2076 2195 74 17 return
2156 2193 29 25 by
2193 2193 36 19 the
2237 2196 65 22 coast,
2309 2193 42 20 and
2357 2195 139 25 experienced

1903 2226 58 14 some
1971 2220 103 26 difficulty
2083 2220 23 20 in
2115 2221 116 25 procuring
2240 2221 69 20 native
2319 2221 80 26 guides,
2411 2228 22 14 as
2444 2229 50 18 very

1902 2248 41 20 few
1962 2254 34 14 are
2016 2248 125 26 acquainted
2158 2248 51 20 with
2220 2249 36 19 the
2271 2252 68 21 route,
2359 2249 43 20 and
2415 2252 21 18 at
2452 2250 43 20 this

1903 2282 75 14 season
1992 2277 52 24 they
2058 2282 35 14 are
2108 2282 52 20 very
2176 2276 53 25 busy
2242 2277 23 19 in
2281 2277 37 19 the
2333 2277 125 20 cultivation
2474 2277 24 21 of

1903 2304 56 19 their
1967 2303 101 26 grounds,
2085 2309 24 15 so
2118 2304 48 20 that
2175 2304 19 19 it
2208 2304 92 26 requires
2311 2305 36 19 the
2360 2305 136 20 inducement

1903 2331 25 20 of
1935 2338 13 13 a
1957 2332 103 25 tempting
2070 2331 50 21 offer
2130 2333 22 19 to
2164 2332 79 25 prevail
2253 2338 57 20 upon
2319 2333 59 19 them
2389 2334 22 18 to
2422 2333 71 26 forego

1903 2359 56 20 their
1969 2359 150 26 employment.

1930 2386 39 21 We
1979 2386 41 21 left
2033 2386 72 21 Pitoni
2114 2393 27 13 on
2151 2386 119 27 Thursday,
2281 2386 57 21 Nov.
2349 2388 35 24 25,
2395 2388 42 19 and
2446 2394 49 20 pro-

1903 2415 77 20 ceeded
1988 2421 30 19 up
2028 2414 35 21 the
2073 2415 67 25 valley
2150 2414 25 21 of
2184 2416 35 19 the
2230 2414 54 20 Hutt
2293 2423 4 11 :
2316 2415 43 20 this
2368 2418 49 23 part
2427 2416 24 19 of
2459 2416 36 19 the

1901 2442 91 26 journey
2002 2442 110 20 over-land
2124 2442 71 20 which
2210 2442 39 20 has
2266 2442 50 21 been
2335 2443 91 20 selected
2442 2443 18 20 it
2476 2444 18 19 is

1903 2476 141 20 unnecessary
2053 2472 23 18 to
2092 2470 95 20 describe
2194 2478 6 16 ;
2218 2470 34 20 for
2262 2477 12 13 a
2283 2470 94 20 distance
2388 2471 24 19 of
2422 2472 73 19 twelve

1903 2498 60 19 miles
1980 2498 83 26 beyond
2073 2498 67 19 where
2150 2498 37 19 the
2197 2504 75 20 survey
2279 2498 38 19 has
2326 2500 23 17 at
2364 2500 86 24 present
2459 2505 36 13 ex-

1904 2526 83 23 tended,
1999 2531 28 14 on
2043 2526 35 20 the
2095 2528 83 17 eastern
2192 2526 45 19 side
2247 2526 24 20 of
2284 2526 37 19 the
2331 2525 62 25 river,
2409 2527 58 19 there
2477 2526 18 19 is

1903 2553 100 20 available
2013 2553 56 25 land,
2079 2559 23 14 so
2113 2553 46 20 that
2169 2559 23 14 as
2202 2560 62 19 many
2275 2559 57 14 more
2346 2553 91 20 sections
2448 2560 47 19 may

1903 2581 26 19 be
1939 2581 116 19 calculated
2070 2587 56 19 upon
2136 2587 23 13 as
2171 2581 53 20 have
2235 2581 83 26 already
2325 2581 55 19 been
2394 2581 102 26 surveyed

1903 2608 24 20 in
1935 2609 43 19 this
1989 2608 90 20 district.
2110 2607 34 21 On
2154 2608 38 20 the
2202 2611 88 17 western
2300 2608 52 25 side,
2367 2609 36 19 the
2413 2609 49 19 hills
2472 2609 23 19 in

1903 2642 63 19 many
1975 2636 71 25 places
2060 2642 35 14 are
2112 2636 58 20 close
2188 2639 21 17 to
2226 2637 37 19 the
2278 2637 83 19 water's
2376 2637 59 25 edge,
2454 2636 41 20 and

1903 2664 68 20 where
1986 2663 64 20 there'
2062 2664 18 19 is
2091 2670 26 13 an
2133 2663 134 26 intervening
2281 2670 62 20 space
2352 2664 18 20 it
2379 2665 18 19 is
2408 2664 88 20 covered

1902 2691 52 19 with
1962 2691 82 26 shingle
2054 2691 41 20 and
2105 2691 70 24 scrub,
2188 2691 42 20 and
2236 2693 38 18 not
2279 2691 108 21 available.
2417 2692 28 19 At
2453 2692 42 20 this

1902 2719 62 25 point
1973 2719 36 19 the
2020 2718 124 25 Mungaroa,
2156 2725 14 13 a
2179 2719 104 26 tributary
2292 2721 85 22 stream,
2391 2719 48 20 falls
2448 2719 47 20 into

1902 2746 37 20 the
1949 2746 144 25 Erratounga;
2107 2746 36 20 the
2154 2747 82 19 natives
2246 2753 36 18 say
2290 2747 19 19 it
2317 2747 39 19 has
2366 2747 28 19 its
2404 2747 70 24 origin
2483 2753 14 14 a

1902 2773 60 20 short
1978 2773 94 20 distance
2088 2776 55 16 from
2164 2773 51 20 Port
2235 2773 125 24 Nicholson,
2378 2774 43 20 and
2436 2774 60 21 flows

1903 2801 91 26 through
2011 2807 14 14 a
2039 2807 51 19 very
2105 2807 83 14 narrow
2203 2801 67 26 valley
2279 2801 98 20 bounded
2387 2801 36 26 'by
2437 2802 58 25 hills,

1902 2828 77 26 having
1994 2835 14 13 a
2023 2828 87 26 parallel
2125 2828 104 20 direction
2245 2831 22 18 to
2285 2829 38 20 the
2337 2828 68 26 valley
2422 2829 24 20 of
2460 2830 37 19 the

1903 2856 64 20 Hutt.
1995 2856 89 25 Beyond
2094 2856 41 19 this
2145 2856 63 26 point
2218 2856 37 21 the
2263 2856 51 20 land
2323 2856 19 21 is
2352 2863 58 14 more
2420 2857 76 26 abrupt

1903 2884 42 20 and
1951 2884 89 24 broken,
2051 2883 42 20 and
2099 2884 37 19 the
2141 2884 51 19 hills
2199 2885 105 25 approach
2310 2890 58 14 more
2375 2885 121 26 frequently

1903 2914 23 17 to
1943 2912 35 21 the
1989 2912 83 19 water's
2082 2911 57 26 edge,
2157 2912 56 19 until
2223 2914 22 18 at
2260 2912 73 26 length
2343 2912 37 20 the
2397 2912 67 26 valley
2474 2912 23 21 of

1903 2940 36 20 the
1950 2940 62 24 Hutt,
2023 2939 20 20 is
2053 2939 90 20 reduced
2152 2941 24 18 to
2194 2940 35 19 the
2239 2945 61 21 space
2310 2940 103 26 occupied
2424 2940 26 26 by
2460 2941 35 19 the

1902 2967 41 20 bed
1952 2968 24 19 of
1984 2968 36 19 tbe
2030 2966 63 21 river.
2121 2966 46 21 The
2176 2967 56 20 river
2245 2968 19 19 is
2272 2968 50 19 here
2331 2968 60 26 quite
2401 2974 23 14 as
2434 2968 60 24 wide,

1903 2995 41 20 and
1953 3002 23 13 as
1987 2995 52 26 deep
2049 3000 21 15 as
2086 2994 19 20 it
2113 2994 18 20 is
2141 2994 75 20 within
2235 2995 58 20 three
2303 2995 60 20 miles
2377 2995 24 20 of
2416 2995 78 25 Pitoni,

1902 3022 39 21 but
1950 3023 19 19 it
1976 3023 39 19 has
2025 3028 13 14 a
2046 3023 82 24 greater
2137 3021 44 27 fall,
2197 3022 43 20 and
2248 3022 23 20 in
2280 3023 28 19 its
2317 3022 41 20 bed
2368 3029 35 14 are
2418 3029 77 14 masses

1903 3051 24 19 of
1941 3051 51 19 rock
2001 3050 69 20 which
2079 3049 47 26 give
2135 3049 18 20 it
2170 3049 38 21 the
2221 3049 107 21 character
2338 3050 25 20 of
2376 3057 13 13 a
2398 3051 64 19 series
2473 3050 24 21 of

1902 3078 78 27 rapids,
1992 3078 43 20 and
2043 3077 76 20 render
2127 3077 17 19 it
2154 3077 80 20 useless
2246 3083 22 14 as
2277 3078 35 19 the
2323 3084 72 14 means
2405 3078 25 20 of
2437 3084 58 14 com-

1902 3106 139 20 munication.
2069 3104 22 20 It
2100 3105 19 19 is
2126 3104 93 26 singular
2227 3105 46 20 that
2280 3107 22 18 to
2312 3105 37 20 the
2358 3106 62 25 point
2426 3106 69 20 where

1902 3140 30 14 we
1942 3133 38 21 left
1985 3134 37 20 the
2032 3133 62 24 river,
2105 3133 18 19 it
2129 3132 78 20 should
2215 3133 80 20 receive
2302 3133 51 26 only
2359 3133 59 20 three
2426 3133 68 20 tribu-

1902 3161 64 22 taries
1983 3161 25 21 of
2025 3168 43 19 any
2085 3165 152 21 consequence,
2252 3161 43 20 ..the
2313 3161 126 26 Mungaroa,
2460 3161 36 21 the

1903 3189 122 20 Pawatanui
2040 3189 64 20 about
2113 3188 49 20 four
2180 3188 60 20 miles
2258 3194 46 14 rom
2319 3188 37 21 the
2364 3188 73 25 beach,
2454 3188 42 21 and

1902 3218 90 20 another
2008 3219 78 18 stream
2103 3216 94 20 between
2213 3216 37 19 the
2267 3218 48 22 two,
2335 3216 37 20 the
2390 3222 62 14 name
2472 3216 25 20 of

1902 3244 69 21 which
1980 3244 12 21 I
1999 3244 66 21 could
2072 3246 40 18 not
2120 3244 66 20 learn.
2215 3242 46 21 The
2270 3244 80 20 natives
2360 3250 37 20 say
2403 3244 47 20 that
2457 3244 36 19 the

1902 3272 134 26 Erratounga
2051 3272 37 20 has
2103 3272 28 19 its
2142 3276 74 15 source
2227 3277 28 14 on
2270 3271 37 20 the
2316 3273 45 18 east
2371 3271 44 20 side
2426 3270 24 21 of
2458 3271 37 20 the

1902 3300 99 24 Tararua,
2019 3298 24 22 at
2058 3306 13 14 a
2083 3299 59 26 place
2157 3298 68 21 called
2241 3298 170 27 Kapa-kapanui,
2429 3298 66 20 about

1902 3329 40 19 five
1956 3328 60 20 miles
2025 3326 56 23 from
2091 3326 119 26 Waikanai,
2220 3326 43 21 and
2272 3326 45 21 that
2330 3326 18 19 it
2356 3325 90 21 receives
2457 3326 37 20 the

1903 3358 73 18 waters
1986 3355 24 20 of
2023 3355 42 20 the'
2076 3354 113 21 Waikanai
2202 3354 42 20 and
2253 3354 100 20 Waimea.
2381 3353 30 20 As
2421 3353 33 20 far
2469 3359 24 14 as

1902 3389 31 14 we
1943 3383 62 20 could
2022 3382 95 27 perceive
2128 3382 61 20 there
2198 3387 42 14 was
2255 3387 28 14 no
2293 3380 91 26 opening
2399 3380 96 21 betweea

1903 3411 36 20 the
1954 3410 49 20 hills
2020 3409 103 26 affording
2136 3409 37 20 the
2190 3415 72 14 means
2277 3408 24 19 of
2314 3408 179 20 communication

1903 3438 51 20 with
1969 3444 42 19 any
2020 3437 25 21 of
2059 3438 35 19 the
2110 3436 143 25 surrounding
2265 3435 101 20 districts.
2395 3434 58 21 Here
2462 3436 31 19 'we

1903 3466 39 20 left
1951 3466 36 20 the
1993 3465 135 24 Erratounga
2135 3463 66 20 about
2210 3464 79 24 twenty
2294 3468 63 14 seven
2366 3462 62 21 miles
2437 3462 54 20 from

1904 3493 36 21 the
1947 3493 72 23 beach,
2030 3492 42 20 and
2078 3491 77 20 within-
2167 3491 60 19 three
2236 3489 61 21 miles
2307 3489 25 20 of
2344 3489 36 21 the
2393 3489 98 25 Tararua,

1904 3521 53 20 after
1973 3519 78 25 having
2064 3518 72 20 waded
2149 3517 94 25 through
2258 3517 19 20 it
2291 3517 66 20 about
2372 3520 79 22 twenty
2461 3517 32 20 six

1904 3549 71 23 times?,
1986 3547 43 19 and
2038 3545 94 26 crossing
2141 3545 37 19 the
2188 3545 49 20 hills
2247 3545 54 26 slept
2318 3547 23 18 at
2351 3545 60 26 night
2422 3550 26 15 on
2459 3544 36 20 the

1903 3575 68 21 banks
1993 3574 24 20 of
2038 3573 36 20 the
2098 3572 136 25 Pakuratahi,
2254 3579 13 14 a
2290 3572 107 26 tributary
2417 3576 76 16 stream

1903 3602 84 26 flowing
1997 3603 22 18 to
2030 3601 35 19 the
2076 3600 133 25 Erratounga
2218 3601 92 25 through
2326 3606 13 14 a
2355 3599 61 21 small
2425 3599 67 26 valley

1904 3629 69 21 which
1982 3635 50 14 runs
2048 3628 22 20 in
2085 3634 11 14 a
2116 3627 59 21 N.N.
2177 3627 105 26 Westerly
2298 3627 112 21 direction.
2448 3627 45 19 The

1905 3658 50 19 next
1965 3656 46 26 .day
2032 3655 83 26 leaving
2130 3655 44 21 this
2190 3657 85 23 stream,
2290 3661 30 14 we
2333 3654 104 20 ascended
2457 3654 36 20 the

1905 3683 124 24 Remutaka,
2041 3683 35 20 the
2086 3683 58 26 ridge
2153 3683 25 20 of
2185 3683 50 20 hills
2246 3684 47 19 that
2300 3683 73 19 bound
2383 3681 36 21 the
2427 3681 66 26 valley

1905 3711 24 20 of
1940 3711 123 26 Wairarapa
2070 3718 6 17 ;
2090 3710 55 21 from
2154 3711 30 20 its
2200 3710 86 20 summit
2300 3716 32 14 we
2342 3709 40 21 bad
2392 3715 13 13 a
2413 3709 51 20 view
2471 3707 25 21 of

1905 3739 35 20 the
1947 3738 100 25 Tararua,
2058 3739 36 19 the
2103 3738 85 26 highest
2203 3738 54 26 peak
2267 3737 24 20 of
2301 3737 70 20 which
2380 3737 50 19 bore
2441 3735 51 21 °347

1906 3773 23 13 or
2056 3766 26 20 of
2093 3766 71 24 north,
2182 3765 41 20 and
2241 3765 81 25 shortly
2337 3763 118 21 afterwards
2471 3761 25 21 of

1905 3794 46 19 that
1960 3796 48 24 part
2018 3794 25 19 of
2054 3794 122 25 Wairaiapa
2186 3793 24 19 in
2218 3792 68 20 which
2295 3792 36 20 the
2340 3791 49 20 lake
2399 3790 19 21 is
2429 3790 55 20 situa

1905 3822 42 23 ted,
1959 3821 42 20 and
2009 3822 37 19 the
2055 3823 50 18 next
2115 3821 39 25 day
2163 3827 31 13 we
2205 3820 85 20 entered
2299 3819 36 20 the
2344 3819 75 25 valley,
2430 3817 64 20 about

1907 3851 78 24 twenty
1993 3849 61 20 miles
2065 3849 56 20 from
2136 3847 37 22 the
2184 3850 59 19 coast
2258 3847 40 20 and
2304 3846 55 21 four'
2370 3846 59 19 miles
2439 3844 53 21 from

1907 3877 35 20 the
1952 3876 65 24 Lake,
2028 3876 107 24 following
2150 3876 37 19 the
2198 3875 133 23 Otahuwera,
2349 3879 12 14 a
2371 3872 60 21 small
2440 3872 54 20 river

1907 3904 68 20 which
1983 3904 59 20 flows
2051 3904 45 19 into
2107 3903 24 20 it.
2160 3902 29 21 In
2196 3903 36 20 tbe
2240 3902 88 26 evening
2333 3901 61 20 while
2401 3900 35 20 th«
2446 3905 47 16 men

1908 3938 51 14 were
1971 3931 92 26 engaged
2071 3931 22 19 in
2103 3930 113 26 preparing
2228 3930 37 20 the
2274 3931 47 18 tent
2329 3928 41 21 Mr.
2382 3927 62 20 Child
2453 3925 40 24 an.4

1908 3959 81 26 myself,
2007 3958 103 21 ascended
2127 3964 11 13 a
2149 3957 38 20 hill
2196 3963 28 15 on
2234 3957 36 21 the
2280 3956 124 26 n/orth-west
2417 3954 43 21 side
2472 3952 23 24 of

1286 3405 29 20 To
1325 3404 35 21 the
1369 3404 78 21 Editor
1455 3404 27 25 of
1495 3404 34 21 the
1565 3405 53 20 New
1628 3405 94 20 Zealand
1733 3406 89 21 Gazette
1830 3406 44 21 and

1441 3432 126 25 Wellington

1305 3465 64 20 Sir,—
1369 3465 22 17 ln
1398 3465 108 21 submitting
1512 3465 31 17 the
1550 3465 85 18 enclosed
1645 3467 98 18 directions
1756 3467 28 16 for
1792 3467 84 21 entering

1285 3486 43 17 Port
1335 3486 99 17 Nicholson
1441 3488 17 14 to
1466 3490 46 17 your
1518 3487 65 19 notice,
1590 3487 10 16 I
1606 3488 46 15 have
1660 3488 45 16 done
1712 3491 19 13 so
1738 3488 46 16 with
1792 3489 31 16 the
1830 3488 47 17 view

1285 3507 20 17 of
1313 3507 107 20 benefiting
1432 3510 36 18 any
1479 3507 20 17 of
1508 3512 30 16 my
1548 3508 74 16 brother
1634 3509 124 16 commanders
1772 3509 41 16 who
1824 3509 52 17 here-

1285 3528 46 17 after
1337 3532 42 16 may
1385 3527 45 17 visit
1437 3528 38 16 this
1482 3528 57 21 place,
1547 3528 37 17 and
1596 3529 40 16 who
1648 3533 41 17 may
1695 3529 34 18 not
1743 3529 47 17 have
1801 3529 47 17 done
1855 3534 21 12 so

1285 3549 59 17 before
1345 3557 21 4 —
1366 3553 19 12 as
1392 3549 28 16 for
1430 3552 36 17 any
1472 3553 41 12 one.
1515 3549 39 17 who
1561 3550 34 16 has
1602 3554 44 12 once
1658 3550 45 17 been
1711 3550 20 16 in
1743 3550 44 17 here
1795 3550 44 21 they
1844 3555 32 12 are

1286 3571 65 17 almost
1357 3569 121 21 superfluous;
1491 3574 19 11 as
1517 3570 47 16 from
1575 3574 31 16 my
1615 3575 40 12 own
1665 3571 113 20 experience,
1787 3571 10 17 I
1810 3571 67 17 should

1286 3592 31 16 not
1324 3595 40 12 now
1371 3590 78 16 hesitate
1455 3591 19 15 to
1481 3591 50 16 enter
1538 3591 31 16 the
1576 3591 79 17 harbour
1661 3592 19 16 at
1687 3596 34 17 any
1729 3592 51 19 time,
1788 3592 37 16 and
1831 3592 45 17 with

1286 3616 35 16 any
1331 3611 50 16 wind
1381 3619 22 4 —
1403 3615 46 12 even
1460 3611 66 21 during
1533 3611 31 17 the
1576 3612 60 20 night,
1648 3612 15 17 if
1672 3612 16 17 it
1700 3617 48 12 were
1757 3613 47 16 clear
1808 3618 5 14 ;
1830 3617 20 12 or
1862 3613 16 16 if

1286 3633 51 17 there
1349 3636 42 15 was,
1402 3632 50 17 what
1463 3632 16 16 is
1490 3632 43 16 here
1547 3634 49 15 most
1606 3633 90 19 essential,
1705 3638 12 12 a
1727 3634 110 21 lighthouse.
1859 3633 18 17 A

1285 3653 103 21 lighthouse
1400 3652 43 17 here
1454 3653 60 16 would
1524 3657 71 13 answer
1606 3658 11 12 a
1628 3654 73 16 twofold
1713 3655 63 20 object,
1788 3654 37 17 and
1833 3654 44 16 both

1286 3674 21 17 of
1318 3674 108 21 paramount
1436 3674 110 20 importance
1551 3679 4 14 ;
1571 3674 63 21 which,
1642 3679 30 12 are
1672 3683 23 4 —
1695 3676 33 15 Ist.
1739 3676 41 15 that
1790 3675 16 16 it
1816 3674 61 17 would

1287 3698 51 13 Serve
1350 3698 19 12 as
1381 3699 11 11 a
1401 3694 96 17 landmark
1507 3695 24 20 by
1538 3695 35 20 day
1583 3696 19 15 to
1613 3695 50 17 shew
1673 3695 32 17 the
1718 3698 85 14 entrance
1815 3696 19 15 to
1845 3695 31 16 the

1286 3717 45 20 port,
1339 3715 60 16 which
1409 3715 48 17 from
1467 3716 31 15 the
1509 3716 100 21 proximity
1619 3716 20 16 of
1651 3716 64 21 Lyall's
1728 3716 38 20 Bay
1778 3716 36 16 and
1825 3716 52 16 other

1286 3737 62 18 inlets,
1359 3736 17 16 is
1386 3737 18 15 to
1416 3740 11 12 a
1439 3737 81 19 stranger
1531 3738 19 14 at
1564 3737 40 15 first
1615 3737 98 16 somewhat
1724 3737 77 16 difficult
1811 3737 19 15 to
1841 3737 36 15 dis-

1287 3761 53 13 cover
1345 3763 5 14 ;
1358 3757 36 16 and
1400 3756 34 17 has
1441 3756 73 21 already
1519 3757 31 16 led
1556 3758 19 15 to
1582 3761 33 12 one
1623 3761 19 12 or
1648 3759 34 15 two
1687 3757 44 17 fatal
1738 3757 72 20 results,
1817 3757 60 16 which

1287 3778 36 16 had
1330 3778 51 16 there
1388 3778 45 16 been
1441 3782 11 12 a
1458 3778 74 20 painted
1535 3777 40 20 pole
1580 3782 44 12 even
1631 3779 17 15 to
1656 3779 52 16 mark
1715 3778 23 16 its
1744 3778 129 19 whereabouts,

1288 3798 60 17 would
1358 3798 48 16 have
1421 3798 56 17 saved
1490 3798 51 16 them
1541 3806 21 4 —
1562 3799 37 16 and
1613 3799 58 20 2ndly,
1687 3799 15 16 it
1715 3798 60 17 would
1789 3799 64 16 enable
1867 3803 11 12 a

1287 3819 60 17 vessel
1354 3820 19 14 to
1380 3819 51 16 enter
1439 3819 18 16 at
1463 3823 36 15 any
1505 3819 47 16 hour
1562 3819 21 17 of
1592 3819 31 16 the
1634 3820 57 19 night,
1700 3819 36 17 and
1748 3819 67 20 guided
1826 3820 23 20 by
1856 3819 20 20 it,

1288 3840 54 17 stand
1356 3843 24 13 on
1390 3839 52 19 juntil
1455 3839 57 16 under
1527 3837 103 19 Pfencarrow
1644 3840 57 20 H;ead,
1717 3840 59 17 where
1791 3841 32 16 she
1836 3844 42 17 may

1289 3861 66 16 anchor
1362 3860 21 16 in
1390 3860 9 16 9
1407 3860 77 16 fathoms
1492 3861 60 18 water,
1561 3860 46 20 good
1614 3860 75 21 holding
1698 3860 77 21 ground,
1782 3860 38 17 and
1825 3861 52 16 land-

1287 3881 66 16 looked
1359 3881 48 16 from
1414 3881 51 16 N.W.
1474 3881 36 16 and
1518 3881 34 16 S.E
1564 3882 10 10 •
1588 3892 4 5 .

1311 3901 57 19 Until,
1380 3902 87 19 however,
1481 3901 36 16 this
1534 3903 48 15 moat
1595 3901 87 17 desirable
1696 3902 58 20 object
1768 3906 34 13 can
1817 3902 22 17 be
1853 3902 26 16 ef-

1289 3923 64 19 fected,
1362 3922 9 16 I
1380 3923 57 15 would
1445 3923 114 15 recommend
1566 3923 31 15 the
1604 3923 88 19 attention
1698 3923 20 16 of
1728 3923 125 17 commanders
1861 3924 19 16 of

1291 3944 49 20 ships
1347 3943 62 16 bound
1416 3944 18 15 to
1447 3943 35 16 this
1496 3944 55 19 place,
1561 3945 17 14 to
1589 3944 32 15 the
1634 3944 90 20 following
1735 3945 88 16 remarks.
1847 3945 32 16 Ist.

1291 3964 68 18 Should
1366 3964 15 16 it
1388 3964 22 17 be
1418 3964 56 17 found
1486 3964 45 18 after
1543 3966 83 19 entering
1638 3964 61 18 Cook's
1712 3965 64 17 Strait*
1789 3970 19 12 as
1820 3966 28 16 far
1859 3970 20 12 as

539 42 100 31 THE
661 41 112 32 NEW
790 41 230 32 ZEALANB
1043 40 223 32 GAZETTE
1287 40 102 31 AND
1408 40 330 31 WELLINGTON
1761 41 294 33 SPECTAXOR.

1486 128 23 19 to
1521 125 109 28 mention,
1643 132 25 15 as
1681 132 14 15 aya
1691 120 9 9 v
1712 124 110 30 praptical
1839 132 38 15 re-

1285 156 46 23 sult
1343 156 24 24 of
1383 156 158 31 themeeting,
1561 156 50 24 that
1630 165 13 15 a
1662 156 154 31 subscription
1835 156 42 24 has

1283 189 59 24 been
1354 190 86 31 opene.d
1451 190 35 23 for
1496 189 40 25 the
1549 190 99 24 erection
1659 190 26 22 of
1700 197 15 15 a
1724 189 118 31 Hag-staff
1853 197 24 16 or

1284 222 98 23 beacon.
1423 231 30 12 •.-
1466 241 4 2 .
1564 219 44 22 -*'"-
1631 222 157 19 --•'".---.
1839 234 14 3 -

686 231 48 16 1841.

773 209 50 17 Time
830 210 20 16 of

769 230 86 17 Observa-

788 250 45 17 tion.

886 219 55 17 Baro-

879 242 64 15 meter.

960 219 81 17 Thermo-

970 243 64 14 meter.

1070 232 77 35 fas-

1175 228 59 19 Wind.

1231 301 4 6 >

674 308 77 20 ?riday...

674 370 23 16 iat

674 432 78 20 Sunday..

791 308 9 15 8

790 329 52 20 lp.rn.

790 350 10 15 5

790 370 10 15 8

790 391 52 20 lp.ra.

791 412 9 15 5

790 433 11 15 8
828 433 2 3 '

791 454 6 14 1
802 457 42 16 p.m.

790 475 10 14 5

780 495 21 18 .8

792 515 52 20 Ip.m.

791 536 9 15 5

791 557 9 15 8

790 577 54 20 Ip.m.

790 598 10 15 5

791 618 10 16 S

792 640 52 19 Ip.m.

791 661 9 14 5

791 681 10 15 8

791 702 53 20 Ip.m.

791 723 9 14 5

884 309 59 16 29.882

884 329 59 16 29.900

884 350 59 15 29.804

884 370 58 16 29.876

884 391 59 16 29.800

885 412 57 16 29.796

885 433 59 16 25.698

885 453 59 16 29.666

885 474 58 16 29.610

885 495 60 16 29.J94

885 516 20 15 29
913 516 31 15 560

886 536 60 16 29.544

886 557 59 15 29.508

886 577 59 17 29.582

886 598 59 17 29.C28

886 619 20 16 29
914 619 31 16 774

885 640 59 16 29.750

885 661 60 16 29.766

885 682 60 16 29.920

886 703 59 15 29.890

884 723 60 16 29.860

985 309 26 16 54.
1037 306 3 3 '

985 330 26 15 60.

986 350 26 16 50.

985 371 27 15 Cfi.

985 391 9 17 C
994 391 29 17 3.5

985 411 27 17 67.

985 433 28 16 64.

985 454 28 16 64.

985 475 28 16 64.

966 506 3 4 .
986 496 38 15 61.5

986 516 27 16 67.

987 537 26 16 67.

986 558 27 16 66.

987 579 26 16 66.

987 600 26 15 65.

987 621 27 15 60.

987 641 27 15 63.

987 662 41 16 61.5'

987 682 27 16 60.

987 704 27 15 62.

988 724 37 16 61.5

1082 330 37 17 0.32
1147 326 2 24 |

1147 351 2 22 I

1083 392 36 17 0.05

1073 454 58 17 None.

1154 308 62 16 South.

1153 328 101 21 Northerly.

1152 348 103 21 Northerly.

1152 369 45 17 N.E.
1242 370 5 9 '

1152 390 102 20 Northerly.

1152 410 64 17 North.

1153 431 101 21 Northerly.

1154 452 64 17 North.

1153 473 23 16 N.
1184 474 23 19 by
1214 473 28 16 W.

1154 494 23 16 N.
1183 494 23 19 by
1214 494 27 16 W.

1154 515 22 17 N.
1184 515 22 19 by
1214 515 27 16 W.

1154 536 22 15 N.
1184 536 23 19 by
1214 535 27 16 W.

674 494 78 20 Monday.

674 556 77 20 [Tuesday

1083 516 38 17 0.54
1140 509 9 30 J

1073 579 59 16 None.

1154 577 23 16 N.
1184 577 23 19 by
1214 576 21 17 E.

1154 598 22 16 N.
1184 598 23 19 by
1214 597 21 17 E.

1155 618 63 17 South.

1155 638 63 18 South.

1155 661 18 16 S.
1180 661 22 19 by
1209 659 22 17 E.

1155 682 18 15 S.
1180 681 22 20 by
1210 680 21 19 E,

1155 703 40 16 S.E.
1208 704 41 18 '•>,

1157 723 38 16 S.E.

674 617 38 16 Wed

1085 640 37 17 0.04

674 680 76 17 fhurs...

1075 703 59 17 None.

677 773 75 21 'riday...

791 775 10 16 8

1000 756 127 17 BEMAEKS.
1191 759 6 3 '
1204 757 3 4 -
1240 770 4 5 ,

871 776 68 21 Strong
944 776 47 16 wind
999 776 38 17 and
1042 776 59 21 rainy.
1239 782 8 9 >i

791 817 52 20 Ip.m.

913 818 34 17 Do.
988 818 35 17 Do.
1066 818 35 17 Do.
1240 811 9 32 '_,

791 858 10 16 5

913 860 34 17 Do.
989 860 33 16 Do.
1066 860 35 16 Do.

872 900 50 17 Calm
930 902 35 15 and
973 905 43 17 very
1023 901 54 16 finer

677 898 23 16 !at

791 900 9 16 8

790 942 54 20 Ip.m.

872 942 91 17 Moderate
970 943 63 16 breeze
1041 942 35 17 and
1084 942 41 17 fine.

792 984 8 15 5

914 984 34 17 Do.
990 984 35 17 Do.
1068 984 35 17 Do.

1115 1002 2 4 1

676 1023 77 21 lunday..

791 1025 10 16 8

871 1025 59 21 Light.
932 1026 26 16 air
965 1026 36 17 and
1008 1026 43 17 fine.

791 1067 54 20 Ip.m.

913 1067 35 17 Do.
988 1068 40 16 rain
1036 1067 35 17 and
1078 1067 87 17 thunder.

791 1109 9 15 5

914 1109 34 17 Do.
989 1109 34 17 Do.
1067 1109 35 17 Do.
1247 1108 2 17 I

678 1149 74 20 londay.

791 1150 10 16 8

871 1150 91 17 Moderate
969 1151 68 19 breeze,
1045 1150 71 21 cloudy,
1123 1151 34 16 but
1164 1150 41 17 fine.

791 1192 53 20 Ip.m.

913 1192 35 17 Do.
990 1192 87 21 showery.

791 1234 9 16 5

870 1234 55 21 Light
932 1234 31 20 air,
972 1238 42 17 very
1021 1234 42 16 fine.

680 1274 73 20 'uesday

791 1276 9 15 8

913 1276 35 16 Do.
990 1276 34 16 Do.
1067 1276 35 16 Do.

791 1318 53 19 Ip.m.

912 1318 34 16 Do.
988 1317 35 16 Do.
1065 1317 35 17 Do.
1244 1306 3 27 I

791 1359 9 16 5

913 1359 14 2 _
989 1359 13 2 _
1042 1353 5 3 •
1066 1359 14 2 _

913 1359 35 17 Do.
989 1359 35 16 Do.
1066 1359 35 16 Do.
1134 1362 3 2 •

685 1399 4 9 r
689 1399 23 17 ed

792 1401 9 16 8

913 1401 35 16 Do.
989 1402 82 15 overcast
1078 1401 34 16 but
1118 1400 41 17 fine.
1248 1403 4 24 j

791 1443 53 19 Ip.m.

871 1443 92 16 Moderate
970 1443 62 16 breeze
1040 1443 36 15 and
1082 1446 45 17 very
1132 1443 37 15 fine
1248 1436 5 33 j

792 1485 8 15 S

913 1485 35 16 Do.
990 1485 86 19 overcast,
1084 1484 90 21 inclining
1179 1485 19 15 to
1202 1485 51 16 raiiu

691 1530 59 12 mrs...

791 1526 9 16 8

870 1526 55 20 Light
932 1526 26 16 air
965 1526 35 16 and
1007 1530 44 16 very
1057 1525 44 17 fine.

791 1568 52 20 Ip.ra.

871 1568 92 16 Moderate
969 1568 62 16 breeze
1040 1568 36 16 and
1083 1572 44 16 very
1134 1568 42 17 fine.

790 1610 10 15 5

913 1610 34 16 Do.
988 1609 34 17 Do.
1065 1610 34 17 Do.

160 127 56 22 New
229 127 100 21 Zealand
346 126 135 27 Company's
498 124 114 28 Principal

302 153 97 26 Agent's
413 152 80 26 Office,

214 179 143 27 Wellington,
369 179 97 21 October
476 180 20 25 8,
507 179 62 20 1841.

51 213 126 49 BILLS,
190 215 22 19 at
228 212 68 27 thirty
307 212 60 26 days'
384 212 65 26 sight,
466 211 77 22 drawn
559 211 31 27 by
600 210 39 22 the

130 239 110 27 Principal
255 240 76 25 Agent
345 246 28 14 on
385 238 37 21 the
433 238 116 26 Secretary
564 238 26 21 of
601 237 37 22 the

51 267 56 21 New
125 266 98 22 Zealand
240 266 120 26 Company,
380 264 103 27 London,
496 271 41 15 can
554 264 27 21 be
595 264 44 22 had

50 301 30 14 on
90 293 134 27 application
234 295 23 18 at
265 292 38 21 the
313 292 70 21 above
393 291 72 22 office.

294 325 29 22 D.
338 325 82 26 Lewis,

249 353 65 21 Clerk
324 355 21 18 to
356 352 37 21 the
407 351 108 27 Principal
527 351 84 26 Agent.

289 397 68 21 Court
368 396 84 26 House,
465 395 146 27 Wellington,

322 423 125 22 December
458 424 33 26 16,
503 424 61 19 1841.

212 458 113 26 Quarter
341 456 134 20 Sessions.

49 491 146 49 NOTICE
219 490 28 22 IS
272 489 125 22 HEREBY
423 488 108 27 GIVEN,
556 488 48 21 that
628 495 12 14 a

132 519 68 20 Court
209 517 22 22 of
243 516 95 23 General
353 516 95 24 Quarter
459 515 100 22 Sessions
570 515 69 31 of^the

50 545 73 22 Peace
133 545 22 21 in
166 544 44 21 and
219 544 35 21 for
265 544 35 21 the
311 543 85 22 district
406 542 27 21 of
440 542 53 21 Port
507 541 131 27 Nicholson,

49 572 46 21 will
105 572 27 21 be
143 571 82 22 holden
235 574 24 17 at
267 570 38 22 the
315 570 68 21 Court
393 569 86 26 House,
489 575 28 15 on
526 568 112 27 Tuesday,

49 598 39 23 the
98 599 38 20 4th
147 598 43 26 day
198 598 27 21 of
235 596 101 28 January
346 599 61 23 next,
419 599 23 18 at
451 595 54 21 nine
519 595 87 21 o'clock
616 596 23 20 in

51 625 38 22 the
106 626 122 24 forenoon;
253 628 23 17 at
292 622 73 23 which
384 622 54 21 time
458 622 45 21 and
521 622 70 26 place,
610 621 29 22 all

49 652 96 22 Persons
155 651 71 21 under
236 650 181 27 Recognizances
428 652 21 17 to
460 655 83 21 appear
553 655 23 14 as
587 648 42 22 Pro

50 682 105 22 seciitors,
165 678 126 24 Witnesses,
301 684 24 14 or
335 675 147 27 Defendants,
491 683 24 14 or
522 675 50 22 who
582 675 58 22 have

50 706 89 26 appeals
150 709 22 17 to
181 706 118 24 interpose,
311 711 25 13 or
350 702 64 22 other
423 702 102 21 business
536 706 23 17 to
568 705 72 18 trans-

49 736 44 23 act,
105 739 36 14 are
151 731 87 22 desired
246 734 21 17 to
277 730 48 27 give
336 730 57 21 their
403 729 142 22 attendance.

277 763 94 22 Robert
385 762 29 22 R.
430 762 99 27 Strang,

375 789 67 22 Clerk
451 789 26 21 of
485 789 35 21 the
534 789 77 22 Peace.

244 835 154 26 Important
408 835 6 20 !
422 834 5 21 !
436 833 5 22 !

52 869 112 49 SINCE
180 876 39 14 our
229 869 48 21 first
285 875 55 20 page
350 871 61 19 went
419 871 23 18 to
457 875 67 20 press,
536 874 29 15 an
576 866 64 23 order

119 896 86 22 arrived
215 899 22 18 to
249 896 54 20 alter
313 895 37 21 the
360 894 43 27 day
414 894 25 22 of
446 896 92 20 Messrs.
549 893 91 22 Wade's

49 923 73 22 Cattle
132 923 50 22 Sale
192 923 57 21 from
258 921 121 27 Thursday,
392 922 39 20 the
440 921 61 27 23rd,
513 924 23 18 to
550 920 88 31 Friday,

49 949 39 23 the
108 949 52 23 24th
178 949 131 23 December.
338 949 47 21 The
404 948 46 22 sale
467 948 27 21 of
509 948 67 21 cattle
595 944 45 25 will

49 977 54 21 take
119 977 63 26 place
195 975 153 27 immediately
358 976 57 20 after
430 975 90 21 Messrs.
536 974 104 22 Bethune

49 1004 47 22 and
106 1003 108 22 Hunter's
223 1002 46 22 sale
279 1002 25 22 of
310 1002 53 22 land
373 1005 23 18 at
406 1002 89 21 Karori.

51 1048 165 49 STORAGE
231 1047 39 22 TO
285 1047 39 22 BE
339 1047 77 26 HAD,
432 1046 67 28 apply
512 1049 23 19 to

412 1073 28 22 T.
451 1076 34 19 M.
496 1073 143 22 Partridge.

77 1103 33 20 Te
120 1103 47 20 Aro
178 1101 81 22 Beach.

292 1145 105 25 Bricks,

50 1181 89 49 FOR
155 1179 83 26 SALE,
251 1183 22 18 at
288 1181 44 20 60s.
352 1187 39 20 per
407 1178 120 23 thousand.
562 1178 78 32 Apply

110 1211 23 17 to
150 1207 21 21 J.
190 1207 92 26 Pimble,
294 1210 23 18 at
329 1206 38 22 the
385 1206 172 28 Sydney-street
572 1205 68 22 Brick

47 1235 47 22 and
103 1234 48 22 Tile
169 1233 87 26 Works,
268 1237 23 18 at
299 1233 38 22 the
354 1241 50 14 rear
414 1233 25 22 of
451 1233 94 22 Colonel
559 1233 81 21 Wake-

240 1260 71 22 field's
325 1260 122 22 residence.

116 1294 79 23 Terms
198 1305 24 4 —
224 1294 52 22 cash
286 1301 28 14 on
327 1294 98 26 delivery
437 1297 22 18 at
468 1293 38 22 the
515 1294 57 21 kiln.

294 1339 104 21 Bricks.

49 1374 141 50 BRICKS
202 1381 28 14 on
241 1373 44 22 sale
295 1373 30 27 by
334 1373 37 22 the
381 1372 158 28 undersigned,
556 1376 23 19 at
593 1374 45 21 60s.

127 1409 38 19 per
178 1402 60 20 1000.

76 1429 79 21 Terms
155 1439 28 4 —
185 1428 57 21 Cash
252 1434 29 15 on
291 1426 98 28 delivery
399 1430 24 19 at
432 1426 38 22 the
479 1426 56 22 kiln.

456 1454 29 21 A.
504 1454 107 21 Ludlam.

76 1482 159 26 Willis-street,
245 1481 52 22 29th
307 1480 104 23 October.

260 1526 79 20 Cloth
350 1527 79 25 Caps.

51 1560 73 49 ON
140 1560 76 21 SALE
231 1562 23 19 at
265 1559 35 21 the
311 1562 69 19 stores
391 1559 25 21 of
429 1558 37 23 the
476 1558 161 27 undersigned,

116 1595 13 14 a
139 1587 59 27 large
209 1589 133 19 assortment
352 1586 25 21 of
388 1586 63 26 boys'
461 1586 45 21 and
517 1586 120 21 childrens'

47 1614 54 22 blue
113 1614 59 22 cloth
183 1613 45 22 and
242 1612 62 23 other
319 1613 67 27 fancy
397 1619 60 21 caps,
467 1613 97 27 varying
579 1613 59 22 from

49 1643 32 20 ss.
94 1641 35 22 6d.
141 1645 21 18 to
173 1642 44 20 10s.
228 1640 62 22 each.

77 1668 52 21 One
139 1675 49 15 case
204 1668 76 21 ladies'
296 1666 65 22 boots
371 1666 44 22 and
432 1666 71 27 shoes,
516 1666 123 27 consisting

49 1696 69 21 of:—

77 1729 93 26 Lasting
178 1729 71 26 boots,
261 1729 30 21 Bs.
301 1734 39 21 per
350 1727 54 32 pair,

77 1756 94 27 Lasting
181 1755 99 28 slippers,
290 1756 32 20 ss.
334 1755 61 26 ditto,

77 1783 94 26 Lasting
186 1782 64 22 shoes
266 1781 42 23 silk
325 1781 83 27 bound,
425 1781 54 22 with
496 1782 48 27 ties,
556 1782 32 21 6s.
598 1788 41 21 per

49 1810 57 28 pair,

78 1836 96 22 Leather
191 1835 72 28 shoes,
273 1835 42 23 silk
332 1835 81 28 bound,
426 1835 53 22 with
495 1836 48 26 ties,
554 1837 31 19 6s.
599 1842 40 20 per
646 1833 2 22 I

49 1864 57 28 pair.

306 1889 127 22 Anderson
445 1888 44 23 and
499 1889 112 22 Rowand.
646 1885 2 28 \

77 1924 122 22 Thorndon
211 1924 71 27 Quay,
294 1924 58 22 Nov.
361 1925 34 25 26,
407 1925 61 20 1841.

212 1969 53 21 For
275 1969 97 20 Native
383 1969 96 20 Trade.

49 2002 96 49 JUST
159 2002 132 26 OPENED,
302 2009 13 14 a
325 2002 61 26 large
404 2004 135 19 assortment
556 2001 26 22 of
593 2001 47 22 real

102 2029 107 27 Whitney
218 2028 109 27 blankets,
338 2028 88 28 napped
437 2035 28 14 on
475 2028 55 21 both
539 2027 66 28 sides,

78 2058 52 20 10-4
148 2063 52 20 rugs
219 2056 44 22 and
282 2058 170 24 counterpanes,
472 2054 67 28 fancy
559 2055 78 27 prints,

50 2086 78 19 cotton
138 2082 177 27 handkerchiefs,
328 2082 102 26 calicoes,
441 2082 40 21 &c.

78 2111 83 24 Square
185 2110 30 26 fig
238 2108 126 23 Cavendish
387 2109 100 27 tobacco,
508 2108 46 22 and
576 2108 63 28 large

49 2135 90 24 bowled
158 2137 62 27 pipes
237 2136 160 26 uncommonly
412 2135 78 28 cheap,
505 2136 45 21 and
567 2135 73 22 which

50 2164 54 27 they
115 2171 42 14 can
167 2163 54 22 with
235 2163 131 22 confidence
379 2162 148 24 recommend
541 2162 37 23 for
594 2162 46 23 Na-

51 2192 45 20 tive
108 2192 70 21 trade.

80 2218 83 21 Orders
173 2218 57 21 from
240 2224 45 20 any
296 2216 24 22 of
331 2216 38 22 the
381 2216 64 22 other
459 2216 139 23 settlements
608 2219 33 19 at-

52 2245 83 21 tenced
144 2248 21 18 to
177 2244 53 22 with
239 2243 139 29 punctuality
388 2243 45 22 and
443 2243 109 27 dispatch.

327 2278 127 21 Anderson
468 2277 46 22 and
528 2277 111 22 Rowand.

79 2312 123 22 Thorndon
213 2313 71 26 Quay,
295 2312 58 21 Nov.
364 2313 33 25 26,
410 2313 60 20 1841.

52 2357 163 50 BARLEY,
233 2357 45 22 and
289 2357 78 28 barley
377 2357 45 22 and
438 2357 74 22 wheat
528 2360 65 19 straw
607 2357 35 22 for

130 2385 53 21 sale.

282 2408 26 19 *■
442 2411 75 22 James
533 2411 81 22 Watt.

80 2446 151 27 Berhampore
243 2446 72 26 Farm,
329 2445 50 22 Oct.
389 2446 34 26 28,
435 2447 60 19 1841.

92 2492 40 20 To
148 2491 130 26 Captains
289 2491 54 21 and
355 2492 90 20 Mates
463 2490 29 21 of
505 2491 111 20 vessels.

52 2524 95 50 LOG
166 2524 74 22 Books
258 2524 34 22 for
307 2524 50 23 Sale
374 2527 23 19 at
414 2524 40 21 the
468 2524 71 22 Office
559 2524 26 22 of
600 2524 44 22 this

130 2559 75 19 paper.

84 2586 86 20 Gazette
184 2585 77 26 Office,
273 2585 57 22 Nov.
341 2587 34 25 26,
386 2587 61 20 1841.

262 2631 54 20 Bill
331 2631 101 21 Books.

55 2664 72 49 ON
143 2664 84 27 SALE,
243 2667 23 19 at
275 2664 43 22 this
330 2663 70 27 office,
411 2664 71 22 blank
491 2664 57 22 Bill
559 2664 84 22 Books.

157 2691 92 22 Gazette
287 2691 68 27 office,
368 2691 55 21 Dec.
433 2692 23 21 4.
