2540 4020
1899 3881 72 17 Printed
1985 3881 36 15 and
2034 3881 97 19 published
2148 3882 53 17 every
2218 3881 112 18 Wednesday
2345 3881 37 13 and
2393 3881 84 18 Saturday

1915 3901 92 20 morning,
2021 3901 23 19 by
2063 3900 83 16 Samuel
2161 3900 29 16 He
2192 3903 56 15 vans,
2264 3902 20 14 at
2298 3899 32 16 the
2345 3899 54 16 Office
2415 3902 18 12 ot
2447 3901 30 14 in*

1916 3923 49 17 New
1979 3922 99 16 Zkaland
2089 3921 91 16 Gazkxtk
2191 3924 41 13 and
2246 3920 134 17 Wellington
2396 3920 81 17 Spict>*

1915 3947 44 15 tor,
1970 3942 159 19 Manners-street,
2138 3941 113 22 Wellington,
2263 3941 43 17 Port
2313 3940 111 21 .NicbeliMk
2434 3939 43 19 N*W

1917 3963 86 15 Z*a)«nd.

523 38 101 30 THE
642 39 110 30 NEW
772 37 229 34 ZEALAND
1017 38 220 33 GAZETTE
1254 38 103 32 AND
1377 38 329 32 WELLINGTON
1727 37 298 32 SPECTATOR.

1310 107 4 6 1
1332 111 85 34 A'.-;§§B
1441 119 145 22 AGENC
1596 119 12 22 I
1618 119 20 22 E
1647 120 56 21 S.—
1702 118 48 23 TO:
1766 118 100 23 LAND-

1350 146 185 31 HOLDERS.—
1533 146 48 21 The
1602 145 157 27 Undersigned
1776 145 46 27 beg
1844 148 24 18 to

1273 174 56 21 offer
1337 172 135 23 themselves
1482 176 23 19 to
1515 172 58 22 their
1581 172 88 23 friends
1679 172 45 22 and
1738 172 38 23 the
1792 171 76 28 public

1273 207 23 14 as
1307 200 88 26 Agents
1404 199 34 22 for
1449 199 38 22 the
1497 198 96 28 disposal
1602 199 26 21 of
1634 198 136 24 Town^and.
1767 198 100 27 Country

1275 226 81 27 Lands,
1368 226 45 21 and
1423 230 58 17 trust
1491 225 58 22 their
1558 225 98 22 colonial
1666 226 135 31 experience
1816 232 50 19 may

1273 252 78 23 entitle
1361 252 62 22 them
1433 256 24 17 to
1467 260 14 13 a
1492 252 66 22 share
1568 252 26 21 of
1605 252 37 22 the
1652 247 75 33 public
1736 256 131 23 patronage.

1300 286 65 27 They
1374 285 44 23 will
1428 286 28 21 be
1466 285 76 28 happy
1551 289 23 18 to
1583 292 96 20 arrange
1692 286 35 21 for
1736 285 45 22 and
1791 292 77 21 super-

1273 313 80 21 intend
1362 313 38 21 the
1410 320 93 19 surveys
1510 312 46 21 and
1563 312 160 22 sub-divisions
1730 312 26 21 of
1763 311 37 22 the
1805 311 62 22 land.

1276 339 89 22 Liberal
1375 339 112 21 advances
1496 338 47 22 will
1555 339 28 21 be
1598 339 66 21 made
1675 346 30 14 on
1714 338 65 22 lands
1788 338 80 27 placed

1274 367 23 21 in
1308 366 58 22 their
1376 365 71 22 hands
1454 365 35 22 for
1496 365 54 21 sale.
1577 365 65 28 They
1650 365 46 22 will
1703 365 46 22 also
1757 365 28 21 be
1793 372 73 20 nappy

1275 397 22 17 to
1307 393 66 21 assist
1383 392 136 28 proprietors
1527 392 24 21 in
1562 391 87 28 leasing
1659 392 59 22 their
1725 391 73 25 lands.

1558 425 64 22 John
1632 425 47 22 and
1689 426 59 21 Geo.
1758 425 82 22 Wade.

1351 471 135 26 Building
1499 471 173 20 Allotments
1687 472 30 19 to
1731 471 59 21 Let.

1277 504 92 49 THE
1388 503 200 22 ADVERTISER
1604 503 66 22 offers
1685 510 60 21 upon
1762 502 108 28 Building

1354 531 87 26 Leases,
1453 538 13 14 a
1476 530 96 22 number
1581 529 27 22 of
1618 530 71 22 Town
1698 530 138 22 Allotments
1844 530 24 22 in

1277 558 37 21 the
1324 562 60 17 most
1393 557 108 21 desirable
1511 560 60 23 parts
1581 557 27 21 of
1618 556 45 22 this
1673 557 140 22 Settlement.
1822 564 13 4 -

1303 585 48 22 The
1371 585 110 20 attention
1499 584 26 21 of
1542 583 37 21 the
1597 583 76 28 public
1690 584 18 21 is
1724 583 144 28 particularly

1277 611 71 22 called
1369 615 22 17 to
1410 611 39 21 the
1466 610 125 27 advantage
1611 611 27 21 of
1655 610 107 28 Building
1778 611 90 26 Leases,

1277 638 72 22 which
1359 638 39 21 the
1407 637 153 26 undersigned
1569 639 17 19 is
1597 637 97 22 enabled
1703 641 22 18 to
1734 642 73 23 grant,
1816 638 52 27 viz.,

1277 665 57 21 from
1344 672 68 14 seven
1423 668 23 17 to
1463 668 140 23 twenty-one
1619 670 73 21 years,
1710 665 120 26 according
1845 668 23 17 to

1277 691 45 22 the-
1334 691 66 22 value
1418 691 27 21 of
1464 691 39 21 the
1526 690 114 27 buildings
1661 691 110 28 proposed
1793 695 24 18 to
1841 691 28 22 be

1277 719 98 22 erected.
1404 717 76 28 Apply
1491 720 23 18 to

1440 745 23 21 J.
1479 744 26 22 T.
1522 743 146 27 Wicksteed,
1680 751 26 15 or

1440 771 37 21 W.
1492 770 30 22 V:
1536 771 107 27 Brewer,
1661 772 193 20 Manners-street.

1278 818 123 25 Country
1415 816 126 21 Sections
1561 816 43 20 for
1623 816 61 21 Sale
1705 821 36 16 on
1760 816 108 20 Liberal

1524 844 102 19 Terms.

1279 876 165 50 SEVERAL
1467 898 3 5 ,
1480 877 101 21 Sections
1609 876 27 22 of
1667 877 101 26 Country
1796 875 72 27 Land,

1344 903 90 28 already
1445 898 82 27 chosen
1538 904 24 21 in
1572 903 37 21 the
1624 903 93 22 Porirua
1731 903 93 27 district,
1836 903 34 21 for

1278 931 59 27 Sale,
1348 938 74 14 tekms
1432 936 107 16 liberal:
1569 930 75 28 Apply
1655 934 23 18 to

1376 964 23 22 F.
1414 964 30 21 A.
1459 964 171 24 Mol'eswortii,
1649 963 185 29 Murphy-street,
1845 971 23 14 or

1374 992 35 21 W.
1425 990 28 23 V.
1470 992 106 26 Brewer,
1589 991 194 22 Manners-street.

1389 1038 69 20 New
1472 1037 123 20 Zealand
1610 1037 149 26 Company.

1280 1071 92 48 THE
1390 1071 101 22 COURT
1506 1071 40 22 OF
1567 1071 174 22 DIRECTORS
1753 1070 39 23 OF
1804 1070 66 22 THE

1355 1098 71 22 NEW
1447 1098 151 21 ZEALAND
1614 1098 153 22 COMI'ANY
1785 1098 83 26 hereby

1279 1126 51 26 give
1341 1126 81 26 notice,
1433 1124 50 23 that
1492 1124 54 27 they
1556 1124 57 22 have
1623 1125 104 22 reserved
1736 1124 35 22 for
1785 1124 46 23 sale
1847 1128 23 18 to

1280 1159 92 21 persons
1382 1152 98 22 resident
1489 1152 22 21 in
1524 1152 55 21 New
1596 1151 102 22 Zealand
1716 1159 23 14 or
1754 1152 38 21 the
1809 1153 61 20 Aus-

1280 1178 106 22 tralasian
1397 1178 112 28 Colonies,
1521 1181 43 18 two
1569 1178 103 22 hundred
1680 1178 26 21 of
1713 1178 35 21 the
1757 1178 111 22 thousand

1280 1206 129 21 allotments
1423 1205 131 22 mentioned
1570 1205 23 22 in
1609 1205 37 22 the
1663 1205 89 27 printed

1281 1233 34 21 for
1340 1233 110 22 Purchase
1470 1233 27 20 of
1636 1232 23 22 in
1679 1232 38 21 the
1734 1231 136 28 Company's

1280 1259 85 22 second
1376 1260 134 26 settlement,
1525 1260 92 26 bearing
1628 1259 52 21 date
1696 1258 56 22 New
1769 1258 99 22 Zealand

1284 1287 83 27 Holis'e,
1384 1286 50 22 15th
1452 1286 113 28 February
1581 1287 61 25 1841,
1658 1286 74 27 copies
1751 1286 26 21 of
1797 1284 72 23 which

1282 1321 52 20 may
1350 1314 28 22 be
1398 1313 106 22 obtained
1527 1320 23 14 at
1569 1312 38 22 the
1626 1312 244 28 Surveyor-General's

1282 1340 70 28 office,
1366 1340 144 27 Wellington.

1309 1367 72 23 These
1391 1369 40 20 200
1441 1367 138 21 allottnients
1588 1366 58 22 have
1661 1366 59 22 been
1738 1366 92 21 entered
1845 1366 23 21 in

1282 1395 36 22 the
1329 1395 94 26 registry
1433 1394 26 21 of
1470 1401 43 20 app
1524 1394 93 20 ications
1627 1393 72 22 under
1709 1393 37 21 the
1763 1394 107 20 numbers

1281 1424 37 20 401
1333 1427 22 16 to
1372 1422 40 21 600
1430 1420 55 22 both
1499 1420 116 27 inclusive,
1636 1420 44 22 and
1701 1420 37 22 the
1755 1420 72 26 rights
1847 1420 26 21 of

1282 1449 76 21 choice
1367 1449 22 21 in
1399 1451 87 23 respect
1496 1447 25 21 of
1535 1447 36 21 the
1590 1447 48 21 said
1656 1447 106 22 numbers
1779 1446 44 22 will
1842 1447 28 21 be

1282 1475 140 23 determined
1431 1475 29 27 by
1470 1474 33 22 lot
1512 1474 24 22 in
1550 1474 105 27 England
1664 1481 25 15 as
1699 1474 22 21 in
1732 1474 39 21 the
1779 1481 51 14 case
1847 1474 26 21 of

1282 1503 29 21 all
1322 1503 37 21 the
1370 1502 63 22 other
1443 1501 135 22 allotments.

1319 1529 124 27 Intending
1465 1528 132 27 purchasers
1616 1528 26 21 of
1660 1527 62 23 these
1741 1527 129 23 allotments

1282 1560 60 18 nuist
1351 1556 86 27 deposit
1447 1555 38 22 the
1496 1555 71 21 whole
1583 1554 201 28 purchase-money
1800 1555 70 26 (£3OO

1282 1584 34 21 for
1325 1583 65 25 each)
1401 1583 48 21 into
1459 1590 44 19 any
1515 1581 26 22 of
1551 1581 39 22 the
1599 1581 59 22 local
1668 1581 110 23 branches
1795 1582 26 21 of
1832 1582 38 22 the

1283 1611 73 21 Union
1369 1609 64 23 Bank
1444 1609 26 21 of
1489 1608 130 28 Australia;'
1631 1609 46 21 and
1694 1616 29 14 on
1741 1609 129 26 presenting

1282 1645 25 14 or
1317 1637 151 26 transmitting
1478 1640 23 17 to
1515 1635 37 22 the
1569 1635 135 28 Company's
1719 1635 75 27 acting
1809 1636 61 27 prin-

1282 1664 61 27 cipal-
1348 1668 68 23 agent
1424 1664 23 21 in
1459 1663 56 21 New
1526 1662 106 27 Zealand,
1643 1667 24 17 at
1678 1663 51 21 Port
1739 1662 129 27 Nicholson,

1282 1698 28 14 an
1322 1690 194 27 acknowlegment
1522 1689 26 21 of
1555 1689 36 21 the
1600 1690 83 26 receipt
1689 1689 26 22 of
1721 1689 54 22 such
1783 1689 88 28 deposit

1282 1719 28 26 by
1321 1718 37 21 the
1369 1717 71 26 Bank,
1458 1717 38 21 the
1511 1716 119 27 depositor,
1645 1724 25 14 or
1685 1717 34 21 his
1733 1720 74 23 agent,
1825 1717 44 21 will

1282 1745 87 22 receive
1381 1745 54 21 from
1447 1743 38 22 the
1491 1743 134 27 Company's
1631 1743 48 21 said
1689 1743 106 27 principal
1803 1748 67 22 agent

1282 1780 12 14 a
1314 1773 87 21 written
1421 1771 137 22 declaration
1577 1769 27 22 of
1621 1770 38 21 the
1677 1770 95 22 number
1787 1771 23 20 in
1831 1770 38 22 the

1281 1800 95 26 registry
1387 1799 26 21 of
1423 1806 28 19 ap
1461 1797 108 22 >lications
1579 1797 103 22 awarded
1692 1801 22 17 to
1729 1797 55 21 such
1802 1797 64 28 depo-

1281 1827 60 25 sitor,
1353 1825 52 22 with
1416 1833 27 13 an
1452 1824 152 27 undertaking
1610 1828 22 17 to
1639 1824 84 22 deliver
1729 1824 36 21 the
1772 1824 98 22 sections

1282 1853 70 21 which
1363 1852 54 23 such
1428 1852 112 27 depositor
1550 1858 24 14 or
1584 1850 34 22 his
1628 1855 68 22 agent
1706 1858 49 20 may
1767 1851 69 21 select
1845 1852 23 20 in

1281 1883 87 22 respect
1377 1879 27 22 of
1415 1879 37 21 the
1462 1878 60 27 right
1532 1878 26 21 of
1569 1877 77 22 choice
1656 1878 78 26 falling
1750 1878 31 27 by
1797 1877 32 22 lot
1845 1882 24 17 to

1280 1907 54 21 such
1345 1906 95 22 number
1450 1906 21 21 in
1484 1905 38 21 the
1531 1905 100 26 registry.

1307 1933 47 22 The
1365 1933 105 22 numbers
1480 1933 23 21 in
1514 1932 37 21 the
1562 1931 94 27 registry
1670 1931 44 22 will
1724 1931 28 22 be
1765 1931 103 22 awarded

1280 1961 87 26 strictly
1376 1961 23 21 in
1411 1960 37 22 the
1459 1959 66 22 order
1535 1958 25 22 of
1571 1958 38 22 the
1618 1959 151 26 presentation
1781 1958 26 22 of
1814 1959 54 21 such

1280 1987 87 27 deposit
1376 1987 94 27 receipts
1482 1991 22 17 to
1515 1985 36 23 the
1562 1985 136 28 Company's
1705 1985 47 22 said
1760 1985 108 28 principal

1280 2018 74 22 agent.
1393 2014 4 7 '

1308 2041 26 21 In
1346 2048 50 14 case
1407 2039 97 27 deposits
1513 2038 79 22 should
1602 2038 28 21 be
1640 2038 66 22 made
1716 2038 34 21 for
1759 2045 13 13 a
1781 2041 88 23 greater

1280 2067 96 22 number
1386 2067 25 21 of
1425 2066 129 22 allotments
1568 2065 53 21 than
1639 2065 38 21 the
1694 2067 40 19 200
1750 2064 79 27 placed
1845 2069 24 17 at

1280 2094 37 22 the
1329 2093 94 28 disposal
1440 2093 27 21 of
1485 2093 37 21 the
1539 2092 135 27 Company's
1691 2095 67 23 agent
1772 2091 24 21 in
1812 2091 55 22 New

1281 2121 107 25 Zealand,
1406 2120 38 22 the
1454 2119 88 28 deposit
1550 2119 95 27 receipts
1656 2119 22 21 in
1689 2122 87 23 respect
1786 2119 25 20 of
1823 2126 44 19 any

1280 2148 56 21 such
1346 2152 64 17 extra
1419 2147 129 21 allotments
1558 2146 42 22 will
1612 2150 40 17 not
1661 2146 28 21 be
1699 2145 112 27 accepted,
1823 2145 45 21 and

1280 2175 37 21 the
1329 2175 71 21 whole
1410 2178 94 18 amount
1513 2173 26 22 of
1550 2173 38 22 the
1595 2173 88 27 deposit
1693 2172 43 21 will
1744 2172 27 21 be
1781 2176 88 17 return-

1280 2202 28 21 ed
1318 2206 23 17 to
1351 2202 39 21 the
1400 2201 119 26 depositor,
1534 2200 52 22 with
1595 2200 95 21 interest
1699 2203 23 17 at
1730 2199 38 21 the
1778 2203 91 17 current

1280 2232 47 18 rate
1347 2229 26 21 of
1393 2229 94 21 interest
1504 2235 29 14 on
1552 2227 98 27 deposits
1668 2226 95 22 allowed
1780 2225 31 28 by
1830 2225 38 23 the

1281 2255 74 22 Union
1367 2255 63 22 Bank
1441 2255 27 21 of
1479 2254 121 22 Australia.

1308 2283 36 20 No
1354 2282 87 27 deposit
1450 2281 96 27 receipts
1556 2281 43 21 will
1609 2281 28 21 be
1646 2281 106 26 accepted
1763 2280 58 22 after
1831 2279 37 23 the

1280 2309 136 27 Company's
1437 2308 111 28 principal
1567 2312 67 23 agent
1652 2309 22 21 in
1696 2309 53 21 New
1769 2307 100 22 Zealand

1280 2336 56 22 shall
1346 2336 57 21 have
1412 2335 92 22 learned
1515 2335 49 21 that
1573 2335 38 22 the
1621 2335 101 27 drawing
1739 2334 25 22 of
1776 2335 42 21 lots
1835 2334 35 22 for

1278 2363 94 28 priority
1383 2363 25 21 of
1419 2363 84 26 choice,
1514 2362 40 22 has
1564 2362 67 21 taken
1644 2363 64 26 place
1722 2362 23 21 in
1757 2361 111 27 England.

1308 2390 22 22 It
1340 2390 17 21 is
1376 2389 113 28 expressly
1508 2389 127 26 stipulated,
1656 2389 49 22 that
1723 2389 29 22 all
1771 2388 99 28 deposits

1280 2417 44 22 and
1335 2417 145 27 applications
1487 2416 58 21 shall
1553 2416 28 21 be
1591 2416 66 22 made
1673 2417 87 26 subject
1775 2420 22 17 to
1814 2415 54 22 such

1279 2444 136 26 regulations
1425 2451 24 14 as
1459 2443 58 21 have
1526 2443 64 27 been,
1606 2451 25 13 or
1644 2450 53 20 may
1711 2443 112 22 hereafter
1833 2443 35 26 be,

1280 2471 66 22 made
1356 2470 31 27 by
1397 2470 36 21 the
1454 2470 124 27 Company,
1598 2469 36 22 for
1652 2470 38 21 the
1710 2469 95 27 disposal
1824 2470 46 21 and

1280 2498 52 21 final
1344 2497 98 27 delivery
1450 2497 26 22 of
1482 2497 144 27 preliminary
1636 2497 66 22 lands
1707 2497 24 22 in
1739 2497 37 22 the
1785 2497 83 22 second

1278 2525 136 22 settlement.

1388 2551 33 27 By
1431 2550 67 23 order
1507 2550 26 22 of
1544 2550 37 23 the
1592 2551 75 26 Court,

1525 2578 25 21 F.
1565 2578 93 22 Dillon
1673 2578 70 26 Bell,

1611 2605 116 27 Secretary
1738 2612 40 20 pro
1787 2608 55 19 tern.

1278 2632 57 23 New
1350 2631 98 23 Zealand
1460 2631 87 27 House,

1334 2659 102 27 London,
1449 2658 59 22 22nd
1518 2658 72 28 April,
1603 2659 60 21 1841.

1269 2700 2 31 j
1374 2704 92 20 Union
1481 2704 80 20 Bank
1574 2704 32 20 of
1623 2704 149 20 Australia.

1280 2739 95 22 London
1393 2738 93 25 Office,
1503 2737 44 21 No.
1562 2738 35 25 33,
1615 2737 51 21 Old
1683 2737 185 22 Broad-street.

1334 2771 93 28 Capital,
1437 2771 124 27 £800,000;
1581 2770 53 28 paid
1642 2778 38 20 up,
1696 2771 118 28 £500,000.

1515 2808 110 14 DIRECTORS
1630 2810 5 5 •

1386 2834 68 20 George
1461 2832 39 18 Fife
1508 2832 66 22 Angas,
1583 2833 49 21 Esq.,

1386 2855 67 16 Robert
1461 2854 75 20 Brooks,
1546 2854 47 20 Esq.,

1385 2876 61 16 James
1454 2875 48 16 John
1510 2875 100 18 Cummins,
1619 2875 48 20 Esq.,

1385 2897 67 16 Robert
1460 2896 97 20 Gardener,
1569 2897 48 19 Esq.,
1629 2895 123 21 Manchester,

1385 2918 46 16 John
1441 2917 46 16 Gore
1504 2917 49 20 Esq.,

1385 2938 47 17 John
1440 2937 80 17 William
1529 2937 74 18 Buckle,
1609 2937 49 21 Esq.,

1386 2959 94 20 Benjamin
1489 2959 21 16 E.
1517 2959 63 19 Lindo,
1589 2959 48 19 Esq.,

1377 2980 87 18 -Charles.
1468 2980 75 16 Edward
1550 2979 88 22 Mangles,
1646 2979 51 21 Esq.,

1386 3001 115 20 Christopher
1508 3001 83 19 Rawson,
1600 3001 48 20 Esq.,
1660 3001 83 19 Halifax,

1385 3022 78 17 Thomas
1471 3022 64 19 Sands,
1544 3022 47 20 Esq.,
1599 3022 102 20 Liverpool,

1385 3043 62 17 James
1454 3043 56 21 Bogle
1518 3043 63 18 Smith,
1588 3043 49 19 Esq.,

1384 3064 62 17 James
1454 3064 80 16 Ruddell
1541 3064 56 19 Todd,
1606 3064 42 20 Esq.

1278 3093 97 17 Trustees:
1391 3092 81 16 George
1484 3092 56 16 Cahr
1551 3091 61 19 Gjcyk,
1626 3091 48 20 Esq.,
1685 3091 53 17 John
1749 3091 62 20 Gore,
1821 3092 49 20 Esq.,

1425 3113 36 16 and
1469 3112 67 16 James
1543 3112 17 16 J.
1567 3112 102 18 Cummins.
1679 3112 43 21 Esq.

1304 3141 94 17 Bankers:
1410 3140 75 17 Messrs.
1492 3140 61 19 Glyn,
1565 3140 115 19 Halifax,
1689 3140 70 19 Mills,
1767 3140 37 17 and
1812 3140 31 18 Co.

1399 3169 101 20 Secretary.
1512 3168 83 17 Samuel
1601 3168 97 19 Jackson,
1706 3168 42 21 Esq.

1369 3196 81 17 Colonial
1456 3196 95 21 Inspector
1555 3201 5 11 :
1572 3196 17 16 J.
1597 3196 19 16 C.
1624 3196 103 20 M'Laben,
1734 3196 44 21 Esq.

1400 3245 69 21 New
1487 3244 124 21 Zealand
1629 3244 116 21 Branch.

1277 3279 55 18 Local
1339 3279 91 16 Directors
1435 3283 5 12 :
1456 3278 48 16 Geo.
1515 3278 18 16 S.
1544 3278 73 17 Evans.
1630 3278 50 21 Esq.,
1692 3278 70 20 D.C.L.,
1773 3279 37 16 and
1822 3279 47 17 Geo.

1501 3299 90 19 Hunter,
1604 3299 43 20 Esq.

1277 3321 98 21 Manager:
1387 3319 47 18 John
1442 3320 73 19 Smiih,
1524 3320 47 20 Esq.,
1580 3319 36 17 late
1624 3320 20 16 of
1653 3319 31 17 the
1691 3319 118 18 Commercial
1816 3321 53 17 Bank

1447 3341 21 16 of
1476 3340 89 21 England,
1577 3340 124 17 Manchester.

1389 3361 114 23 Branches
1513 3365 25 18 at
1551 3361 99 28 Sydney,

1552 3388 10 22 1
1568 3389 73 22 lobart
1649 3389 76 28 Town,

1552 3415 10 21 1
1572 3419 131 24 aunceston,
1715 3415 45 23 and

1551 3442 11 22 1
1571 3445 36 19 ort
1616 3443 82 28 Philip.

1279 3471 53 21 Port
1340 3469 131 28 Nicholson,
1484 3469 80 22 March
1573 3470 36 26 24,
1619 3471 63 21 1840.

1278 3524 92 34 rpHE
1388 3523 114 23 Directors
1518 3522 27 23 of
1560 3523 38 22 the
1615 3523 57 23 New
1688 3523 101 23 Zealand
1804 3525 65 22 Land

1285 3546 42 28 JL.
1353 3551 117 27 Company
1484 3550 80 27 hereb}
1584 3550 51 27 give
1652 3551 82 27 notice,
1752 3551 48 22 that
1815 3552 54 27 they

1277 3578 58 22 have
1342 3585 113 15 EFFECTED
1465 3584 30 15 AN
1506 3584 173 15 ARRANGEMENT
1687 3577 52 23 with
1746 3578 38 22 the
1793 3579 74 21 Union

1277 3605 64 22 Bank
1356 3605 27 21 of
1398 3604 122 27 Australia,
1537 3604 43 22 No.
1597 3606 34 25 38,
1646 3605 46 21 Old
1708 3605 159 27 Broad-street,

1277 3632 103 26 London,
1391 3631 34 22 for
1433 3631 39 22 the
1485 3631 170 22 establishment
1668 3632 27 21 of
1708 3639 14 14 a
1737 3632 130 21 BRANCH

1277 3659 90 22 BANK
1381 3659 35 21 IN
1429 3657 74 23 NEW
1517 3658 159 27 ZEALAND,
1689 3658 96 27 through
1796 3659 72 21 which

1277 3686 38 21 the
1323 3686 103 21 business
1437 3685 28 21 of
1477 3684 39 22 the
1533 3685 57 21 New
1606 3685 102 22 Zealand
1721 3685 64 22 Land
1802 3685 66 22 Com-

1276 3720 61 41 Jiany
1346 3713 45 21 will
1400 3713 28 21 be
1436 3711 136 23 transacted.
1600 3711 49 22 The
1664 3712 114 21 Directors
1794 3711 74 23 there-

1286 3747 38 14 ore
1333 3738 146 23 recommend
1487 3742 23 18 to
1528 3738 111 22 Colonists
1655 3738 38 22 the
1711 3739 74 21 Union
1802 3738 66 22 Bank

1277 3767 26 21 of
1307 3766 128 22 -Australia
1452 3772 26 15 as
1495 3772 30 15 an
1550 3765 171 21 establishment
1741 3766 127 27 possessing

1276 3793 59 22 their
1350 3793 71 21 entire
1437 3791 144 27 -confidence,
1600 3791 47 22 and
1665 3791 51 23 able
1733 3794 24 19 to
1774 3793 94 26 provide

1275 3820 127 27 effectually
1418 3819 35 22 for
1468 3818 38 22 the
1520 3818 106 22 financial
1640 3821 72 19 wants
1728 3819 26 21 of
1765 3822 38 19 the
1819 3819 49 22 first

1275 3847 137 22 settlement.

1444 3872 36 27 By
1489 3871 66 23 order
1564 3871 27 22 of
1600 3871 38 23 the
1648 3871 80 28 Board,

1522 3898 85 22 JOHN
1621 3898 104 28 WARD,
1741 3900 125 29 Secretary.

1276 3928 57 23 New
1342 3926 101 23 Zealand
1452 3925 66 23 Land
1527 3926 136 27 Company's
1671 3926 79 28 Office,

1303 3956 20 24 1,
1334 3954 162 27 Adam-street,
1505 3952 106 29 Adelphi,
1621 3952 55 25 27th
1685 3953 68 28 Aug.,
1763 3954 62 23 1839.

1898 117 72 22 /~VN
1993 117 92 28 SALE)-
2104 118 31 28 by
2218 117 195 29 undersigned:*^
2475 125 5 14 t

1922 172 14 20 2
1954 170 74 28 hhds.,
2046 171 140 28 containing-?
2192 178 14 15 a
2223 174 72 24 great'
2303 172 87 28 variety
2407 171 27 23 of
2449 172 34 24 tin

1898 204 63 20 ware,

1923 224 82 21 Brown
2016 227 66 24 stout,
2273 223 91 24 Packed
2373 245 1 5 ,
2391 224 25 23 ifc
2443 225 40 23 red

1924 251 54 21 Pale
1988 251 41 26 ale,
2223 247 93 38 [-boxes,
2346 251 82 23 suited^
2448 253 36 22 ftft

1926 277 73 22 Men's
2009 278 63 21 boots
2085 277 44 22 and
2140 278 70 28 shoes,
2213 273 15 32 J
2239 278 83 23 Native
2330 278 70 23 trade.

1923 304 67 27 Soap,

1922 330 109 22 Blankets
2032 341 29 5 —
2062 330 64 23 white
2135 331 46 22 and
2189 331 46 28 red,

1924 357 113 27 Clothing,

1924 384 83 21 Cotton
2016 383 78 28 prints,

1924 410 83 26 Sherry
2014 418 24 13 in
2048 414 90 24 quarter
2147 411 70 27 casks,

1925 437 211 22 Double-barrelled
2144 438 127 27 percussion
2281 445 65 20 guns,

1925 463 136 27 Negrohead
2070 465 99 21 tobacco.

2250 492 93 21 Samuel
2357 491 100 24 Revans.

1899 545 220 24 WHOLESALE
2148 545 124 25 PRICES
2306 546 180 26 CURRENT.

1969 585 133 14 CORRECTED
2119 585 27 14 UP
2161 586 28 13 TO
2204 585 84 14 FRIDAY
2303 585 108 15 EVENING.

2237 604 16 17 £
2255 611 3 5 -
2276 609 15 12 «j
2316 605 18 16 d.
2389 605 17 17 £
2427 609 17 12 s.
2468 605 20 17 d.

1898 624 63 22 Ale:
1978 624 29 21 In
2016 625 77 27 bottle,
2107 625 114 28 perdoz..
2239 628 14 19 0
2268 627 27 20 10
2322 627 14 20 0
2353 640 20 6 ..
2391 628 15 19 0
2431 628 15 19 0
2473 628 14 19 0

1999 651 88 22 Elliot's
2094 660 40 20 per
2140 652 52 23 hhd.
2202 667 19 6 ..
2239 654 14 20 6
2279 654 15 19 0
2321 654 52 19 0..
2390 654 14 20 0
2430 654 16 21 0
2472 654 15 21 0

1898 678 99 21 Arrack
2006 686 6 13 :
2028 679 43 20 Per
2079 680 44 25 gal.
2134 680 23 20 in
2168 679 59 22 bond
2240 682 14 19 0
2280 680 14 21 2
2322 680 14 21 0
2353 694 6 5 .
2366 694 7 5 .
2390 681 14 20 0
2430 681 16 20 0
2472 684 14 20 0

1898 705 94 21 Bread:
2009 705 42 21 Per
2059 705 44 22 21b.
2115 705 50 22 loaf
2178 720 45 7 ....
2241 709 13 19 0
2281 708 15 20 0
2322 706 14 22 7
2353 720 20 7 ..
2390 708 14 20 0
2431 708 15 20 0
2473 708 14 20 0

1898 731 73 21 Beef:
1988 731 77 27 Fresh,
2085 739 88 14 carcase
2188 739 39 20 per

2016 757 30 22 lb.
2237 760 14 20 0
2278 760 13 19 0
2306 760 28 21 10
2352 773 19 7 ..
2388 762 15 19 0
2430 760 11 21 1
2472 762 14 20 0

2007 784 54 25 Salt,
2071 792 40 20 per
2125 785 66 22 tierce
2205 800 5 6 .
2217 799 6 7 .
2241 786 13 22 7
2282 788 14 19 0
2322 787 14 20 0
2353 800 7 6 .
2367 800 6 6 .
2391 788 14 20 0
2432 788 14 20 0
2474 785 15 24 6

2007 811 44 21 Do.
2062 818 39 21 per
2115 812 72 21 barrel
2204 826 5 6 .
2216 826 7 6 .
2239 813 15 20 4
2270 814 26 20 10
2323 814 14 19 0
2353 826 7 7 .
2367 826 6 7 .
2390 815 14 19 0
2432 815 14 20 0
2473 814 15 21 0

1899 838 105 21 Butter:
2021 838 66 27 Irish,
2096 845 41 21 per
2145 839 29 22 lb.
2205 842 51 19 ..0
2284 841 10 20 1
2324 840 14 19 9
2355 853 19 6 ..
2392 842 14 19 0
2432 841 15 20 2
2475 842 14 20 0

2021 865 69 22 Fresh
2242 868 14 19 0
2282 868 14 19 3
2324 867 82 21 6..0
2433 869 14 19 0
2474 867 15 22 0

1900 891 97 22 Brandy
2003 899 6 13 :
2025 891 59 22 First
2090 892 91 27 quality,
2190 899 38 20 per

2048 919 76 26 gallon
2134 919 22 21 in
2169 919 58 22 bond
2240 921 14 20 0
2281 920 14 21 6
2322 920 15 21 0
2354 934 6 6 .
2367 934 6 6 .
2391 922 14 19 0
2432 922 14 19 9
2473 922 14 20 0

1899 945 86 21 Brown
2005 945 87 22 Stout:
2115 953 42 20 per
2170 945 52 22 hhd.
2237 948 13 19 5
2266 948 27 19 10
2319 949 14 18 0
2351 960 19 7 ..
2390 948 14 20 0
2430 949 15 19 0
2473 950 13 19 0

1899 973 100 20 Cigars:
2012 972 101 27 Manilla,
2123 980 39 20 per
2167 974 59 26 1000,
2240 975 14 20 3
2270 975 26 20 10
2322 975 14 19 0
2353 987 20 6 ..
2390 974 15 21 4
2431 976 15 19 0
2473 976 14 19 0

2008 999 97 22 Inferior
2239 1002 14 19 2
2280 1002 15 19 0
2322 1002 82 19 0..0
2430 1002 16 20 0
2473 1003 13 20 0

2011 1025 133 28 Havannah,
2150 1033 40 20 per
2195 1026 31 22 lb.
2240 1029 14 19 0
2269 1028 25 20 16
2322 1028 14 20 0
2353 1041 19 6 ..
2390 1028 14 20 0
2430 1029 16 20 0
2473 1030 13 19 0

2008 1053 169 26 Chinsurahper
2184 1054 67 21 10001
2270 1055 23 20 15
2322 1055 14 20 0
2353 1067 19 7 ..
2390 1055 14 20 0
2430 1056 16 20 0
2472 1057 14 19 0

2008 1079 155 22 Alexandrian
2176 1094 45 7 ....
2241 1082 10 20 1
2268 1082 26 20 10
2321 1082 83 20 0..0
2430 1082 16 21 0
2473 1084 13 19 0

1899 1107 100 21 Coffee:
2011 1107 64 26 Java,
2087 1114 39 20 per
2134 1107 23 21 lb
2240 1109 14 20 0
2281 1110 15 19 O
2322 1110 15 19 0
2354 1121 19 6 ..
2391 1109 13 20 0
2433 1109 10 20 1
2473 1108 13 21 5

1898 1134 92 21 Cuef.se
1997 1141 5 14 :
2018 1133 107 22 Cheshire
2240 1136 14 20 0
2283 1136 10 19 1
2322 1136 83 19 6..0
2431 1137 15 19 0
2473 1138 14 19 0

2017 1160 56 22 Pine
2084 1160 72 28 Apple
2240 1164 14 19 0
2281 1164 15 19 0
2322 1163 83 20 0..0
2433 1163 11 20 1
2473 1164 13 19 3

2016 1187 76 22 Dutch
2241 1190 14 20 0
2282 1191 14 19 0
2322 1190 14 19 9
2353 1202 20 7 ..
2391 1190 14 20 0
2433 1190 11 20 1
2473 1190 14 21 0

1899 1213 107 22 Candles
2013 1221 5 13 :
2025 1214 94 26 English
2127 1221 55 21 wax,
2190 1222 38 20 per

2044 1240 23 21 lb
2240 1244 14 19 0
2281 1243 15 20 3
2322 1243 14 20 6
2354 1256 19 6 ..
2391 1244 14 19 0
2432 1244 15 19 0
2474 1244 12 20 0

2030 1266 81 23 Mould
2240 1270 14 19 0
2281 1270 14 19 0
2311 1270 23 19 11
2354 1282 19 7 ..
2391 1270 14 20 0
2433 1270 11 20 1
2473 1272 14 19 0

2031 1294 57 27 Dips
2239 1297 15 20 0
2280 1297 14 20 0
2310 1297 62 19 10..
2390 1298 14 19 0
2431 1298 15 19 0
2473 1298 14 20 0

1899 1320 94 22 Flour:
2003 1320 132 28 lstquality,
2146 1328 39 20 per
2189 1326 38 17 ton

2023 1348 26 21 of
2059 1349 54 20 2000
2123 1349 34 20 lbs
2225 1350 27 20 32
2279 1350 15 20 0
2321 1350 14 19 0
2352 1350 53 21 ..34
2430 1351 15 20 0
2472 1352 14 20 0

1999 1374 46 22 2nd
2056 1374 54 22 ditto
2228 1377 26 20 26
2282 1378 14 19 0
2322 1378 14 19 0
2354 1390 19 6 ..
2391 1378 13 19 0
2431 1378 15 19 0
2473 1380 14 19 0

1899 1401 60 22 Gin:
1981 1401 54 22 Pale
2052 1402 24 21 in
2087 1402 59 21 bond
2240 1405 14 19 0
2280 1404 16 19 4
2322 1404 14 19 0
2353 1417 19 6 ..
2390 1405 14 19 0
2430 1404 14 19 5
2472 1406 14 19 6

1949 1428 63 26 Case,
2020 1430 15 19 4
2041 1428 37 27 gal
2087 1430 37 20 4-5
2133 1429 24 21 in
2167 1429 59 22 bond
2242 1431 9 20 1
2279 1430 15 20 4
2322 1432 13 18 0
2353 1444 19 5 ..
2390 1432 14 19 0
2431 1431 13 20 0
2473 1434 13 19 0

1900 1454 70 22 Hams
1976 1463 6 13 :
2000 1455 127 27 Yorkshire,
2142 1463 39 20 per
2190 1456 23 21 lb
2220 1472 6 5 .
2240 1458 14 19 0
2282 1458 14 19 0
2317 1458 26 27 ,0>
2354 1471 6 6 .
2367 1471 6 6 .
2392 1460 13 18 0
2432 1461 14 18 O
2473 1460 14 19 9

1899 1482 128 21 Mustard:
2044 1482 43 22 Per
2095 1482 71 22 dozen
2179 1485 74 20 ....1
2284 1484 10 21 1
2324 1485 82 20 0..0
2433 1486 14 20 0
2475 1488 13 19 0

1899 1508 116 23 Mutton:
2036 1509 94 22 Carcase
2139 1517 40 20 per
2187 1510 23 21 lb
2220 1526 6 6 .
2240 1512 15 20 0
2282 1512 14 19 0
2322 1512 14 19 9
2355 1525 18 6 ..
2392 1513 13 20 0
2431 1514 16 19 O
2462 1513 22 20 11

1899 1536 124 21 Muskets:
2041 1536 91 22 Walnut
2138 1537 91 22 stocked
2242 1540 14 19 0
2282 1539 14 20 0
2323 1539 14 20 0
2354 1552 19 7 ..
2392 1540 13 19 0
2420 1540 26 20 15
2475 1541 14 20 0

1899 1563 79 21 Milk.
1995 1563 43 21 Per
2044 1563 49 27 pint
2240 1567 14 19 0
2282 1567 14 18 0
2322 1565 15 20 4
2355 1580 18 5 ..
2392 1568 13 19 0
2432 1567 15 20 0
2474 1568 13 19 0

1899 1590 44 21 Oil
1951 1597 4 14 :
1972 1590 105 25 Linseed,
2088 1598 39 20 per
2135 1591 74 26 gallon
2219 1594 35 19 .0
2280 1592 14 19 5
2322 1594 14 18 0
2355 1606 5 6 .
2367 1606 6 6 .
2392 1594 13 19 0
2432 1593 14 21 7
2475 1595 13 19 0

1974 1617 78 26 Black,
2057 1618 22 21 in
2086 1618 58 25 cask,
2146 1625 40 20 per
2190 1620 49 19 tonl
2243 1619 12 21 7
2282 1620 15 19 0
2324 1620 49 19 0..
2392 1621 13 19 0
2432 1621 15 20 0
2474 1623 13 18 0

2011 1645 78 23 Sperm
2226 1647 25 20 75
2279 1646 14 19 0
2321 1646 13 19 0
2352 1660 19 6 ..
2390 1646 12 20 0
2431 1648 13 19 0
2473 1648 12 19 0

1900 1670 76 22 Pork:
1991 1670 77 28 Fresh,
2086 1679 88 14 carcase
2190 1679 38 20 per

2017 1698 22 21 lb
2239 1701 14 20 0
2280 1701 14 20 0
2321 1701 15 20 4
2353 1714 20 6 ..
2390 1701 14 20 0
2431 1702 15 20 0
2472 1702 14 20 5

1899 1724 77 22 Pork:
1993 1724 66 28 Irish,
2070 1733 40 19 per
2121 1726 70 21 barrel
2204 1740 18 6 ..
2239 1728 15 19 4
2269 1728 26 19 10
2322 1729 14 18 0
2353 1741 20 6 ..
2390 1728 13 20 5
2432 1729 14 19 0
2473 1730 14 20 0

1899 1752 131 21 Potatoes:
2052 1752 55 21 New
2122 1752 106 28 Zealand,

2077 1786 38 19 per
2126 1785 37 16 ton
2240 1782 13 19 6
2281 1782 14 20 0
2323 1782 13 20 0
2353 1795 7 6 .
2366 1795 7 6 .
2391 1782 13 20 8
2431 1783 15 20 0
2473 1784 14 20 0

1900 1805 93 22 Porter
2002 1813 6 14 :
2036 1806 103 28 Punbar,
2150 1808 24 20 in
2183 1808 44 20 bot.

2068 1834 91 26 perdoz
2240 1836 14 19 0
2270 1835 24 20 13
2322 1836 82 20 0..0
2431 1837 15 19 0
2473 1838 13 19 0

2008 1858 86 28 Bryant
2103 1861 45 20 and
2159 1862 68 20 Davis
2240 1863 54 19 013
2322 1863 14 19 0
2353 1876 6 6 .
2367 1875 6 7 .
2391 1863 13 20 0
2431 1865 14 19 0
2473 1864 14 20 0

1899 1885 98 22 Pickles
2009 1894 5 14 :
2046 1887 116 27 Assoi'ed,
2190 1895 40 20 per

2072 1914 58 26 doz.,
2153 1920 75 22 quarts
2244 1916 9 20 1
2284 1915 10 21 1
2324 1916 14 20 0
2355 1929 19 7 ..
2392 1917 14 20 0
2433 1917 14 21 0

1899 1940 73 21 Pitch
1985 1947 6 14 :
2023 1940 138 28 Stockholm,
2190 1949 39 20 per

2049 1968 72 21 barrel
2242 1970 14 20 0
2282 1971 14 19 0
2324 1971 13 19 0
2354 1983 19 7 ..
2393 1970 10 20 1
2420 1970 26 20 15
2473 1971 14 21 0

1899 1994 80 21 Plank
1987 2001 6 14 :
2021 1994 54 21 Port
2096 1995 132 28 Nicholson,

2047 2028 40 19 per
2097 2022 40 20 100
2145 2022 46 21 feet
2204 2036 17 6 ..
2240 2024 14 20 0
2269 2024 26 19 19
2322 2024 14 19 0
2353 2037 20 5 ..
2392 2023 9 21 1
2432 2023 10 21 1
2472 2025 14 19 0

1898 2046 69 21 Rice:
1981 2046 109 22 Common
2099 2055 40 19 per
2145 2053 48 16 cwt.
2204 2063 19 6 ..
2240 2052 14 18 0
2282 2051 13 18 0
2322 2051 14 19 0
2353 2063 20 6 ..
2391 2051 13 19 0
2431 2052 14 19 0
2472 2053 14 19 0

1979 2073 67 22 Good
2239 2077 14 19 0
2279 2077 15 19 0
2321 2077 50 19 0..
2389 2078 13 19 0
2429 2079 15 19 0
2472 2079 13 19 0

1898 2100 54 21 Run
1959 2107 5 14 :
1983 2100 24 22 P.
2018 2101 26 20 B.
2057 2100 32 26 P.,
2104 2108 39 20 per
2151 2102 75 26 gallon

2019 2127 23 21 in
2059 2128 60 21 bond
2240 2130 14 20 0
2280 2129 13 20 5
2322 2131 13 19 6
2353 2143 19 7 ..
2390 2131 14 20 0
2430 2130 14 22 7
2472 2131 14 21 C

1898 2153 88 22 Sugar:
2002 2154 120 22 Mauritius
2132 2162 39 20 per
2178 2159 48 18 cwt.
2240 2157 14 20 0
2281 2157 15 19 0
2322 2157 14 20 0
2353 2170 19 6 ..
2391 2159 13 18 0
2431 2159 14 19 0
2473 2160 13 19 0

2007 2181 81 22 Brown
2242 2183 52 21 117
2322 2185 50 19 0..
2390 2185 14 19 0
2431 2187 14 18 0
2473 2187 13 19 0

2007 2208 97 21 Refined
2120 2208 52 28 loaf,
2189 2216 39 20 per

2033 2235 23 21 lb
2241 2238 13 20 0
2282 2238 14 20 0
2324 2236 12 22 7
2354 2251 19 6 ..
2392 2239 13 19 0
2432 2239 14 21 0
2474 2240 13 20 0

2007 2261 97 22 Manilla
2239 2265 14 20 0
2280 2266 14 18 0
2322 2265 81 20 0..2
2430 2267 14 19 5
2473 2268 13 19 0

1898 2288 59 22 Salt
1965 2295 6 14 :
1988 2288 125 28 Liverpool,
2125 2296 39 21 per
2173 2294 38 18 ton
2219 2292 35 20 .3
2281 2292 14 20 0
2322 2293 14 19 0
2353 2305 6 6 .
2366 2305 7 6 .
2390 2293 14 19 4
2431 2294 15 20 0
2473 2295 13 19 0

1898 2316 59 20 Soap
1966 2323 6 13 :
1999 2316 103 22 Hawes's
2126 2317 101 27 London,

2025 2350 40 21 per
2073 2348 37 17 ton
2226 2345 28 20 40
2280 2346 15 20 0
2322 2346 14 20 0
2353 2359 6 6 .
2366 2346 38 20 .42
2432 2347 14 20 0
2473 2348 13 20 0

2017 2370 119 27 Liverpool
2227 2373 27 20 36
2281 2373 14 20 0
2322 2373 14 20 0
2353 2386 19 6 ..
2390 2374 14 19 0
2431 2373 13 20 0
2473 2375 13 20 0

1898 2396 105 22 Starch:
2019 2397 74 21 Perlb
2242 2400 13 20 0
2282 2402 14 18 0
2323 2401 82 19 9..0
2434 2401 10 21 1
2475 2403 12 19 0

1898 2424 144 22 Scantling:
2059 2425 42 21 Per
2108 2426 40 20 100
2157 2425 67 21 feet..
2242 2427 14 20 0
2270 2426 26 21 17
2324 2427 14 20 0
2355 2440 19 6 ..
2392 2428 13 20 0
2420 2428 26 20 IS
2474 2430 13 19 0

1898 2451 129 21 Shingles:
2044 2451 43 22 Per
2094 2453 59 26 1000,
2164 2453 62 21 N.Z.
2243 2454 9 20 1
2282 2453 13 21 7
2322 2455 14 19 0
2354 2467 19 6 ..
2392 2455 13 19 0
2432 2457 14 19 0
2473 2457 13 19 0

2029 2478 70 27 Ditto,
2123 2479 103 23 \.D.L.
2239 2481 15 20 2
2280 2481 14 19 5
2322 2482 14 19 0
2353 2495 6 5 .
2367 2495 6 5 .
2391 2481 13 21 0
2431 2484 15 19 0
2473 2483 13 21 0

1898 2505 50 22 Tar
1955 2521 5 6 .
1977 2505 54 21 Coal
2242 2508 9 20 1
2281 2508 13 20 5
2323 2509 83 19 0..0
2433 2510 14 20 0
2474 2511 13 19 0

1981 2532 129 22 Stockholm
2243 2536 13 19 2
2282 2535 14 20 5
2324 2536 82 20 0..0
2433 2537 14 20 0
2475 2538 13 19 0

1898 2559 48 22 Tea
1955 2567 5 14 :
1979 2559 89 28 Hyson,
2079 2567 39 20 per
2127 2560 63 22 chest
2206 2575 5 6 .
2219 2575 6 6 .
2242 2563 14 20 0
2283 2563 14 20 0
2324 2563 14 20 0
2355 2576 6 6 .
2368 2576 6 6 .
2381 2563 25 21 12
2421 2564 26 20 12
2475 2564 12 20 0

1898 2586 106 22 Tobacco
2013 2594 5 14 :
2031 2587 143 28 Negrohead,
2191 2595 39 20 per

2059 2613 23 23 lb
2244 2617 13 19 0
2285 2616 10 20 1
2325 2617 13 19 3
2357 2629 18 7 ..
2393 2617 14 20 0
2435 2617 13 19 0
2477 2618 12 20 0

1898 2640 166 22 Turpentine:
2080 2641 145 27 Pergallon..
2244 2644 12 20 0
2284 2644 14 19 8
2325 2644 14 19 0
2357 2657 18 6 ..
2394 2645 13 19 0
2434 2646 15 19 0
2475 2646 14 19 0

1900 2667 163 22 Whalebone:
2080 2668 42 21 Per
2132 2674 93 16 t0n....
2230 2670 26 20 95
2284 2671 14 19 0
2325 2671 15 19 0
2357 2684 19 6 ..
2394 2672 14 19 0
2434 2673 15 19 0
2476 2672 13 21 0

1900 2693 83 23 Wine:
1999 2695 89 27 Sherry,
2098 2702 40 20 per
2146 2702 51 21 pipe
2207 2697 50 21 ..28
2284 2698 14 20 0
2326 2698 14 20 0
2357 2698 51 20 ..40
2435 2700 14 19 0
2477 2700 12 19 0

2008 2721 72 28 Ditto,
2095 2729 41 20 per
2149 2723 79 21 dozen.
2244 2724 9 20 1
2282 2724 16 20 4
2324 2725 14 19 0
2355 2737 19 7 ..
2392 2725 14 20 2
2433 2726 16 21 0
2476 2728 13 19 0

1900 2773 122 23 Poultry:
2037 2774 80 28 Fowls,
2124 2782 40 20 per
2170 2776 48 27 pair
2225 2792 5 6 .
2245 2778 13 20 0
2285 2777 15 21 8
2326 2778 15 20 0
2357 2791 19 7 ..
2394 2779 14 20 0
2423 2778 27 21 16
2477 2780 12 21 0

2035 2802 87 27 Ducks,
2132 2803 56 21 ditto
2207 2817 6 6 .
2219 2818 7 5 .
2246 2805 8 19 1
2284 2806 14 19 0
2326 2805 14 20 0
2357 2818 6 6 .
2371 2818 5 6 .
2396 2806 10 19 1
2423 2806 27 21 10
2477 2808 12 19 0

2037 2829 80 27 Geese,
2129 2829 56 22 ditto
2207 2832 50 19 ..2
2284 2832 15 20 0
2326 2832 14 19 0
2357 2845 19 6 ..
2394 2833 13 20 0
2435 2834 14 19 0
2476 2835 13 19 0

2035 2856 104 28 Turkeys
2245 2858 13 21 2
2285 2859 15 20 0
2326 2860 83 21 0..0
2435 2861 15 20 0
2476 2862 13 19 0

2037 2883 104 28 Pigeons,
2151 2884 77 27 (wild,)

2064 2918 40 20 per
2113 2911 49 27 pair
2246 2913 13 20 0
2286 2912 14 21 2
2327 2913 82 22 0..0
2436 2914 53 23 0.0

2036 2937 86 28 Ducks,
2131 2938 35 21 do.
2177 2938 51 22 do..
2246 2940 14 20 0
2286 2940 14 19 5
2327 2941 51 19 0..
2396 2942 13 20 0
2436 2942 15 19 0
2477 2942 12 20 0

1899 2964 63 23 Eggs
1969 2972 7 14 :
1992 2964 43 22 Per
2045 2964 73 23 dozen
2247 2968 13 19 0
2286 2967 15 20 3
2327 2968 51 19 0..
2396 2969 13 20 0
2436 2969 15 20 0
2477 2969 12 20 0

1900 3018 78 23 Cows:
1993 3017 73 24 Milch
2232 3021 28 20 20
2285 3022 15 19 0
2326 3022 15 19 0
2359 3022 50 21 ..30
2435 3023 14 20 0
2475 3022 14 21 0

1900 3049 97 19 Makes:
2014 3045 75 22 Brood
2230 3048 27 20 50
2284 3049 15 20 0
2325 3049 15 20 0
2357 3050 52 20 ..90
2434 3050 15 20 0
2475 3050 13 19 0

1903 3073 115 22 Working
2033 3075 121 20 Bullocks
2162 3081 5 14 :
2190 3074 42 21 Per

1926 3100 50 27 pair
2231 3102 28 21 40
2285 3102 15 21 0
2327 3102 14 20 0
2358 3102 51 21 ..60
2435 3103 15 21 0
2476 3103 13 20 0

1901 3126 63 23 Hire
1975 3134 27 14 of
2014 3134 67 14 ditto
2089 3135 4 13 :
2109 3127 43 22 Per
2159 3127 50 28 day,
2218 3135 14 14 a

1927 3158 61 17 team
1997 3154 46 21 and
2050 3154 74 22 driver
2246 3156 9 21 1
2285 3156 15 21 0
2326 3156 81 21 0..2
2435 3158 14 20 0
2475 3157 14 20 0

1899 3181 89 22 Sheep:
2004 3181 62 22 Each
2242 3184 14 20 0
2272 3183 25 20 12
2324 3184 15 19 0
2355 3196 20 7 ..
2393 3184 14 20 0
2421 3184 27 21 18
2474 3184 13 21 0

1899 3208 63 22 Boat
1973 3208 75 22 Hike:
2063 3208 43 22 Per
2112 3208 50 28 day,
2168 3208 62 22 with-

2091 3239 40 18 out
2140 3235 71 22 hands
2220 3238 35 20 .0
2270 3237 27 21 10
2324 3238 14 20 0
2355 3250 6 7 .
2367 3250 7 7 .
2393 3237 11 21 1
2432 3239 15 20 0
2474 3238 12 20 0

1899 3288 87 23 Wages
1992 3296 6 15 :
2026 3288 140 28 Mechanics,
2191 3297 40 20 per

2054 3316 61 22 week
2242 3318 14 20 2
2272 3318 26 20 14
2324 3318 15 20 0
2355 3330 20 7 ..
2392 3318 14 20 3
2432 3318 15 21 6
2474 3319 13 20 0

2035 3343 128 22 Labourers
2179 3358 45 6 ....
2243 3345 10 20 1
2272 3345 25 20 10
2323 3345 14 20 0
2354 3357 20 6 ..
2393 3345 9 20 1
2419 3345 27 21 16
2473 3346 14 20 0

1919 3397 38 16 The
1970 3397 48 16 New
2029 3397 98 16 Zealand
2139 3397 90 16 Gazette
2235 3396 36 16 and
2282 3395 134 18 Wellington
2429 3398 57 16 Spec*

1898 3422 64 12 tator
1967 3417 17 17 is
1992 3419 96 19 publibhed
2094 3422 54 16 every
2155 3417 111 20 Wednesday
2276 3417 37 16 and
2323 3418 95 21 Saturday.
2439 3419 45 16 Sub-

1898 3441 59 18 joined
1965 3443 31 12 are
2004 3439 29 16 the
2041 3441 64 13 terms:
2106 3446 23 4 —

1919 3460 64 16 Price
1990 3464 24 11 of
2021 3464 41 12 the
2069 3460 14 15 Jf
2084 3462 59 13 apbr.
2143 3466 22 4 —
2165 3457 143 21 Fortyshillings
2313 3462 33 17 per
2355 3463 77 17 annum,
2442 3462 44 19 pay-

1898 3481 39 16 able
1944 3481 18 16 in
1970 3480 81 17 advance
2056 3485 5 14 ;
2072 3484 20 12 or
2098 3484 35 11 oue
2139 3478 74 21 shilling
2218 3479 29 16 for
2252 3479 60 20 single
2319 3481 91 16 numbers.

1918 3502 189 16 Advertisements.
2107 3508 22 3 —
2129 3500 33 16 Six
2171 3500 45 16 lines
2228 3500 36 16 and
2275 3500 63 20 under,
2350 3502 26 15 3s.
2383 3501 29 17 6d.
2418 3502 28 16 for
2452 3500 31 18 the

1898 3523 38 16 first
1946 3522 96 18 insertion,
2052 3522 37 15 and
2100 3525 34 11 one
2145 3520 74 21 shilling
2225 3522 28 15 tor
2258 3521 48 16 each'
2310 3523 110 19 subsequent
2427 3526 57 13 inser-

1898 3544 37 16 tion
1940 3548 5 13 ;
1956 3543 49 16 from
2011 3543 29 15 six
2047 3544 19 14 to
2073 3545 30 12 ten
2110 3541 54 20 lines,
2171 3542 35 16 live
2213 3542 84 21 shillings
2308 3542 28 17 for
2346 3544 32 15 the
2390 3543 43 19 first,
2445 3542 36 17 «nd

1898 3568 33 12 one
1941 3563 77 19 shilling
2027 3562 37 16 and
2075 3566 85 16 sixpence
2170 3562 28 17 for
2207 3563 45 16 each
2262 3564 113 20 subsequent
2385 3564 97 18 iiuertion;

1898 3586 54 15 above
1962 3586 32 14 ten
2005 3586 54 16 nnet.,
2070 3583 35 16 live
2115 3583 85 21 smlliugs
2210 3585 27 15 lor
2249 3584 30 16 ths
2289 3584 39 16 first
2340 3587 31 14 ten
2381 3584 53 19 lines,
2445 3585 36 16 and

1898 3606 95 19 l'ourpezu-e
1999 3608 32 16 per
2037 3604 38 16 line
2082 3604 27 16 for
2115 3605 33 15 the
2154 3608 63 13 excess
2224 3605 20 16 of
2253 3605 40 15 that
2299 3607 85 18 number;
2395 3606 37 16 and
2438 3607 44 15 two-

1898 3630 54 17 pence
1958 3629 34 17 per
1997 3626 38 15 line
2041 3626 28 15 for
2075 3626 45 15 eacli
2127 3627 111 19 subsequent
2242 3626 96 16 insertion.

1917 3652 157 17 Advertisements
2081 3652 37 17 will
2125 3655 32 14 not
2163 3657 65 17 appear
2237 3653 19 16 in
2267 3653 32 16 the
2308 3653 80 20 ensuing
2398 3653 82 20 number,

1898 3674 14 16 if
1920 3674 84 16 received
2011 3673 45 17 later
2063 3674 44 16 than
2120 3674 19 16 10
2146 3673 72 20 o'ciuck,
2226 3678 48 15 a.m.,
2281 3678 24 12 on
2313 3675 30 15 the
2350 3678 92 17 mornings
2450 3674 30 16 be-

1898 3695 34 16 fore
1946 3694 120 21 publication.
2088 3695 156 16 Advertisements
2256 3695 38 16 will
2306 3695 20 16 be
2337 3695 98 16 continued
2442 3694 37 17 and

1898 3716 75 20 charged
1985 3716 48 16 until
2042 3716 165 19 counter-ordered;
2218 3716 45 16 such
2270 3716 52 16 order
2328 3718 50 14 must
2385 3716 21 16 be
2412 3718 41 14 sent
2460 3718 19 14 to

1898 3738 29 15 the
1936 3738 56 15 Oihce
2006 3740 35 13 two
2060 3737 43 20 days
2122 3737 59 16 betore
2192 3737 116 20 publication,
2320 3736 36 17 and
2367 3739 49 14 must
2427 3737 20 16 be
2457 3736 21 17 in

1898 3758 76 21 writing.
1999 3758 155 16 Advertisements
2168 3758 80 16 received
2266 3757 53 22 after
2336 3757 21 17 10
2373 3757 66 17 o'clock,
2453 3760 25 14 on

1898 3779 81 20 Tuesday
1992 3779 37 16 and
2040 3779 65 20 Friday
2115 3782 93 17 mornings
2219 3778 37 16 will
2268 3779 21 15 be
2300 3778 77 20 charged
2388 3780 51 14 twice
2444 3778 35 17 ,th«

1898 3800 51 16 usual
1955 3802 54 15 rates.

1916 3821 31 17 All
1953 3823 68 17 orders,
2032 3820 156 19 advertisements,
2199 3819 36 17 and
2246 3819 161 17 communications
2418 3820 20 16 to
2448 3819 32 16 the

1898 3842 67 19 Editor,
1972 3846 30 13 are
2010 3841 95 20 requested
2111 3843 18 14 to
2138 3841 21 16 be
2164 3840 96 17 addressed
2266 3843 19 14 to
2292 3841 37 16 this
2336 3840 61 16 Ottice.

55 121 138 48 PUBLIC
207 120 151 23 NOTlCE.—
358 120 80 22 Notice
445 121 19 20 is
473 120 39 22 her
525 120 32 28 by
567 120 69 26 jiven,

109 148 48 20 that
163 147 81 26 freight
254 151 38 18 n..t
303 147 82 27 having
391 148 56 21 been
459 147 51 27 paid
520 148 22 20 i..
555 152 81 22 respec

54 174 26 21 of
100 173 37 22 the
156 174 67 21 cattle
240 173 83 23 landed
341 174 56 21 from
415 174 39 21 the
469 174 98 23 Eleanor,
584 172 52 23 such

54 200 66 21 cattle
131 207 37 14 are
179 201 85 26 subject
275 205 21 16 to
308 209 13 13 a
334 200 45 22 lien
396 200 36 21 for
447 200 81 27 freight
539 199 44 22 and
601 206 36 14 ex-

53 234 93 20 pences;
163 227 44 21 and
217 234 44 20 any
272 234 78 20 person
362 234 24 14 or
403 234 91 20 persons
509 227 84 27 buying
602 224 37 23 the

54 261 61 13 same
132 261 24 13 or
167 261 43 19 a~y
225 258 49 22 part
288 254 26 21 of
326 254 67 24 them,
405 254 56 21 from
478 261 43 19 any
537 258 63 22 party
615 260 20 13 oi

54 280 81 26 parties
145 285 41 16 not
195 280 51 26 duly
258 280 128 21 authorized
398 280 28 27 by
436 287 37 14 me
488 285 23 16 to
521 280 86 26 dispose
618 280 24 20 of

54 306 36 21 the
101 313 11 15 8
120 314 49 16 ime.
182 306 41 21 will
231 306 45 27 buy
284 306 59 22 them
349 307 86 27 subject
444 311 23 17 to
473 306 54 23 such
533 306 53 26 lien,
596 306 43 21 and

55 333 42 21 will
110 335 25 19 be
146 333 52 21 held
207 334 136 26 responsible
354 333 150 27 accordingly.

80 365 21 23 T
109 374 19 14 le
140 367 66 21 cattle
214 367 83 21 consist
308 367 26 21 of
339 368 27 20 36
376 374 65 19 cows,
452 368 12 20 3
476 365 63 26 bulls,
548 365 90 23 marked

55 393 50 22 GM
127 400 28 14 on
175 393 45 26 hip,
241 393 46 21 and
306 393 19 21 O
346 400 26 15 on
397 393 53 27 ribs,
475 393 43 22 and
542 393 68 21 about
628 393 12 20 6

55 420 73 22 calves
138 428 29 13 no
177 419 82 23 marks.

299 446 109 22 William
424 446 159 26 Holderness,

204 481 150 22 Commander
363 481 26 22 of
401 481 37 22 the
541 482 98 19 Eleanor.

107 527 39 20 To
160 527 34 19 be
210 526 63 20 sold
286 526 37 26 by
338 525 104 27 private
461 525 124 27 bargain,

54 560 70 47 AT
149 558 56 23 KAI
229 558 116 22 WARRA
367 558 124 26 WARRA,
514 560 26 20 13
560 558 81 21 heifers

120 593 49 14 now
191 586 68 21 about
277 591 42 16 two
337 586 90 21 month*
445 586 23 20 in
491 585 37 21 the
548 585 91 26 Colony,

52 620 57 15 were
121 612 108 27 refrulnrly
241 612 83 21 herded
335 612 44 21 nnd
396 611 77 22 folded
483 615 23 18 it
516 611 69 28 irght,
597 612 43 21 and

53 647 37 14 a.-f
100 640 21 21 in
134 639 69 22 calf—
207 639 71 21 either
287 639 22 21 in
321 646 42 14 one
373 639 39 27 lot,
424 646 25 14 or
465 639 22 20 in
506 639 43 21 lots
565 643 23 16 to
598 639 43 21 suit

54 666 131 28 applicants.
214 666 28 26 A|
252 666 36 26 ply
299 670 22 17 to

412 691 49 22 Mr.
473 692 140 21 M'Doxald.

81 719 44 22 Kni
136 727 71 14 warra
216 726 76 15 warra.
305 719 54 22 Dec.
370 720 33 24 13,
416 720 61 21 1841.

158 764 130 27 Whali»g
302 764 122 21 Stations
438 765 29 19 to
482 764 57 20 Let.

55 797 96 29 rpWO
163 799 97 22 Statues
270 797 67 28 lately
348 797 86 21 whaled
445 801 23 17 at
476 797 25 27 b}
511 797 26 21 M
547 804 55 15 'ssrs.
612 797 27 21 G.

62 818 28 28 JL
129 825 43 21 and
189 823 63 23 E.W
268 825 46 21 Her.

80 851 48 21 The
139 851 156 27 undersigned,
306 851 83 26 having
398 850 56 22 been
473 849 123 23 instructed
613 850 29 27 by

53 877 37 22 the
106 878 104 21 Trustees
219 882 23 16 to
253 878 32 21 let
299 877 38 21 the
348 877 78 26 above,
438 877 44 21 will
498 878 25 20 be
535 877 74 27 happy
620 881 22 17 to

52 905 52 26 give
122 912 67 19 every
208 905 144 21 information
371 908 23 17 to
411 904 83 27 parties
510 904 94 27 wishing
620 908 22 18 to

54 936 65 17 enter
127 931 47 22 into
186 931 36 22 the
233 931 98 27 whaling
342 931 109 21 business.

395 959 24 20 C.
436 957 35 22 W.
487 958 127 22 Schultze.

82 985 53 21 Port
148 985 132 25 Nicholson,
291 985 56 21 Dec.
358 985 33 24 14,
404 986 60 20 1811.

146 1029 135 20 Premises
300 1030 29 19 at
347 1030 88 25 Otago
451 1030 29 19 to
495 1030 57 19 Let.

57 1062 129 34 rpHOSE
214 1062 151 22 PREMISES
390 1062 68 27 lately
483 1061 106 28 occupied
612 1062 30 27 by

64 1084 28 26 JL
119 1090 89 21 Messrs.
220 1089 28 21 G.
260 1089 44 21 and
322 1089 24 21 E.
359 1088 88 27 Weller,
459 1093 23 17 at
499 1089 78 26 Oiago,
589 1096 53 14 con-

56 1117 79 26 sisting
144 1116 26 21 of
182 1124 11 13 a
210 1115 47 22 dwe
268 1116 46 26 ling
331 1115 76 26 house,
419 1121 43 16 two
480 1122 57 15 store
554 1116 87 27 houses,

55 1150 13 15 a
78 1143 60 26 large
149 1143 136 27 carpenter's
293 1142 133 27 work-shop,
434 1142 43 22 and
488 1143 79 25 capital
574 1150 68 18 range

56 1171 22 20 of
94 1169 135 26 out-houses,
243 1169 51 21 with
311 1169 59 26 large
386 1169 85 27 garden
488 1169 47 22 well
551 1169 91 23 stocked

55 1197 53 21 with
119 1197 53 21 fruit
182 1200 58 18 trees
250 1197 23 20 in
284 1196 98 26 bearing.

83 1223 62 26 Also,
158 1231 13 13 a
180 1223 61 27 large
252 1223 152 21 blacksmith's
414 1222 63 28 shop.

84 1250 62 25 Also,
167 1257 12 14 a
198 1249 56 28 yard
273 1250 33 21 for
322 1249 168 26 ship-building,
510 1249 53 23 with
581 1249 61 26 large

56 1277 133 26 woik-shed,
215 1284 44 14 saw
264 1277 45 26 -pit,
329 1276 83 27 blocks,
432 1277 123 26 launching
577 1284 64 20 ways,

55 1308 70 17 steam
141 1304 51 23 box,
205 1305 39 20 &c.
273 1303 72 21 There
360 1303 17 21 is
395 1304 17 21 a'
424 1303 61 28 large
502 1304 101 27 quantity
621 1304 25 21 of

55 1330 108 22 seasoned
174 1331 80 21 timber
263 1330 78 27 laying
351 1330 20 21 in
384 1330 44 21 and
438 1338 55 14 near
502 1331 37 21 the
549 1331 63 27 yaid.

81 1357 48 21 The
139 1357 71 21 above
220 1357 18 21 is
248 1365 13 13 a
273 1357 80 26 capital
367 1357 144 27 opportunity
520 1357 34 22 for
563 1357 80 27 parties

55 1384 95 26 wishing
159 1388 23 17 to
192 1383 105 22 establish
316 1383 133 22 themselves
466 1391 29 15 on
510 1384 38 22 the
558 1384 85 22 Middle

56 1410 83 22 Llnnd.

83 1437 44 21 For
142 1437 86 22 further
243 1436 137 29 particulars,
398 1437 134 27 application
549 1445 51 20 may
615 1438 28 22 be

59 1464 65 22 made
135 1468 22 18 to

342 1491 49 21 Mr.
404 1491 24 21 C.
441 1491 34 21 W.
487 1491 127 22 SrnuLTZF..

111 1536 40 20 To
165 1536 84 20 Stand
264 1536 28 19 to
308 1536 85 20 Cover
407 1536 55 20 this
480 1536 111 25 Season,

220 1569 30 20 At
262 1569 139 26 Berhampore
411 1569 70 26 Farm,

56 1601 58 24 That
124 1602 50 23 well
184 1602 80 22 known
277 1602 64 22 horse
352 1602 87 28 Figaro,
456 1602 38 23 the
508 1607 105 25 property
622 1604 26 21 of

240 1630 76 21 James
328 1630 66 26 Watt,
407 1630 51 27 Esq.

57 1663 148 49 FIGARO
215 1670 44 15 was
269 1663 74 21 foaled
353 1663 20 21 in
388 1663 123 22 December
529 1664 60 26 1R37,
607 1668 38 23 got

130 1691 28 26 by
170 1691 116 26 Operator,
298 1690 50 21 dam
361 1690 116 26 Adelaide,
488 1691 155 26 byTheorum.

84 1718 109 27 Operator
203 1724 44 14 was
257 1717 73 21 foaled
341 1718 20 20 in
374 1719 60 24 1832,
445 1722 39 21 got
497 1718 30 26 by
545 1718 99 27 Emilius,

56 1743 51 23 dam
120 1744 121 22 Worthless
250 1744 30 27 bj'
291 1743 96 28 Walton,
400 1749 39 17 out
448 1744 26 22 of
488 1745 119 21 Altisidora
616 1745 28 27 by

55 1771 59 21 Dick
127 1771 115 21 Andrews.

84 1799 72 26 Every
167 1798 109 22 attention
287 1797 45 22 will
342 1797 25 22 be
377 1797 54 28 paid
440 1801 22 18 to
477 1805 72 15 mares
563 1801 51 19 sent
623 1802 22 18 to

54 1824 55 22 him.

83 1851 98 27 Charges
199 1851 34 21 for
252 1850 54 23 each
325 1858 68 19 mare,
413 1851 53 21 with
485 1858 14 14 a
516 1856 122 22 guarantee

55 1885 66 15 seven
133 1879 104 26 guineas:
254 1878 92 21 without
355 1882 128 23 guarantee,
494 1877 43 23 five
544 1879 81 27 guinea
631 1892 4 6 <

56 1905 126 25 Gronmage
192 1905 112 22 incluled.
407 1910 13 16 A

56 1952 49 47 A
135 1950 131 26 HEWITT,
279 1950 160 24 Fishmonger,
452 1950 110 23 Lambton
572 1952 71 26 Quay,

111 1988 10 11 •
139 1977 146 27 Wellington,
292 1980 89 18 returns
389 1976 37 22 his
435 1977 85 22 sincere
532 1977 81 22 thanks
623 1983 22 16 to

56 2004 38 19 the
112 2002 139 21 inhabitants
270 2007 22 16 ot
316 2003 44 20 this
378 2003 87 27 Colony
481 2004 35 21 for
535 2004 38 21 the
592 2012 52 19 very

55 2029 78 22 liberal
152 2032 93 23 support
260 2029 29 21 he
304 2028 40 21 has
360 2028 84 22 hithert
454 2039 4 10 >
473 2030 109 26 received,
601 2031 43 22 and

55 2056 54 26 begs
119 2060 23 17 to
151 2056 82 21 inform
245 2055 59 22 them
317 2055 46 21 that
379 2055 27 21 he
416 2055 41 22 has
466 2056 65 22 made
541 2064 103 21 arrange-

55 2087 74 17 ments
145 2082 36 22 for
199 2090 13 13 a
226 2086 105 18 constant
346 2082 81 28 supply
445 2083 26 21 of
491 2083 37 22 the
548 2084 96 22 choicest

55 2110 103 21 varieties
168 2109 26 22 of
205 2109 49 26 fish,
273 2109 70 22 which
362 2110 27 20 he
406 2109 137 29 confidently
560 2118 84 15 recom-

55 2136 80 23 mends
143 2140 24 18 to
177 2135 37 22 the
224 2136 75 27 public
309 2143 24 14 as
339 2136 68 27 being
415 2136 26 21 of
452 2137 37 21 the
497 2137 49 22 best
551 2138 92 27 quality.

82 2163 84 22 Orders
175 2163 34 22 for
218 2163 106 27 shipping
332 2163 109 27 received,
458 2164 45 22 and
513 2161 130 32 punctually

56 2190 107 22 attended
173 2194 30 18 to.

211 2224 99 14 OYSTERS
325 2223 71 15 FRESH
412 2224 77 15 DAILY.

83 2250 63 28 Also,
158 2258 14 14 a
181 2250 79 28 supply
271 2251 25 21 of
311 2250 127 27 vegetables
455 2251 58 22 fresh
529 2251 57 23 from
606 2253 37 22 the

56 2278 84 27 garden
151 2277 68 28 daily.

57 2324 159 49 MESSRS.
232 2323 111 22 WILLIS
357 2324 43 21 and
412 2324 54 23 CO..
476 2324 58 23 have
551 2333 28 14 on
598 2326 45 22 sale

130 2359 28 14 ex
170 2352 63 26 Tyne,
245 2350 37 22 the
291 2350 114 28 following
415 2351 71 27 goods
496 2356 22 17 at
527 2352 115 23 moderate

54 2378 78 27 prices.

82 2405 126 22 Newcastle
219 2404 67 27 coals,

82 2432 64 21 Ditto
156 2432 148 27 grindstones,
314 2431 58 22 from
383 2432 9 21 1
407 2432 46 21 foot
462 2436 24 18 to
495 2434 26 25 4£
534 2433 50 28 feet,

81 2458 46 22 Bar
137 2458 44 23 and
191 2458 47 22 bolt
248 2459 56 25 iron.

81 2486 64 26 Rope
156 2486 26 21 of
193 2486 88 21 various
291 2486 64 25 sizes,

81 2513 105 21 Anchors
194 2512 57 22 from
261 2514 14 20 8
285 2520 31 14 cw
319 2517 8 7 1
324 2529 10 5 ..
345 2516 22 18 to
377 2514 9 20 1
400 2516 48 18 cwt.
460 2513 44 22 and
512 2514 79 26 under,

81 2540 70 21 Chain
163 2540 74 21 cables
247 2540 55 21 from
314 2541 11 24 J
335 2539 53 22 inch
400 2545 22 17 to
433 2542 9 20 1
454 2540 53 23 inch
517 2541 73 27 chain,

82 2566 93 22 Geneva
186 2567 22 21 in
217 2566 50 22 half
274 2566 68 28 pipes,

80 2593 64 22 Ditto
153 2594 24 21 in
188 2601 61 14 cases
261 2595 15 20 4
285 2593 70 27 galls.,
591 2593 9 11 *

81 2620 60 23 Rum
152 2621 23 21 in
187 2620 131 28 hogsheads,

82 2648 83 26 Sherry
174 2648 22 21 in
208 2647 77 27 bottle,

82 2674 94 23 Spanish
187 2674 58 21 wine
254 2674 24 22 in
288 2674 61 28 pipes
360 2674 44 22 and
413 2673 133 29 hogsheads,

83 2701 43 22 Ale
137 2702 22 21 in
168 2701 77 26 bottle,

80 2728 70 21 Table
160 2728 80 22 ra'sins
250 2728 22 21 in
283 2728 56 21 281b.
351 2735 69 18 cases.

80 2755 106 25 Pudding
194 2754 80 22 raisins
283 2755 23 21 in
314 2755 69 22 281bs.
395 2755 44 23 and
448 2755 68 23 56lbs.
527 2763 69 21 cases,

81 2782 110 22 Carotells
201 2781 25 22 of
237 2786 109 23 currants,

81 2809 86 22 Biscuit
176 2809 21 21 in
208 2808 91 28 barrels,

81 2836 75 22 Dutch
167 2835 87 27 cheese,

81 2862 75 22 Prime
168 2862 65 22 India
243 2862 45 22 and
297 2870 58 15 mess
364 2862 58 26 beef,

80 2890 106 26 Tongues
194 2890 23 21 in
227 2888 55 28 kegs
292 2890 43 21 and
348 2891 10 24 J
368 2890 91 26 barrels,

81 2916 97 22 Linseed
189 2916 28 22 oil
226 2916 24 21 in
261 2916 63 22 casks
333 2918 34 24 (50
376 2917 83 27 galls.,)

81 2943 64 22 Ditto
226 2943 24 21 in
261 2951 53 14 cans
327 2945 21 23 (5
358 2944 82 26 galls.,)

81 2970 138 27 Turpentine
229 2970 23 21 in
263 2977 53 14 cans
328 2971 21 25 (5
359 2970 82 28 galls.,)

81 2998 58 26 Soap
147 2998 23 21 in
181 2997 76 25 281b5,,
268 2996 77 27 561b5.,
356 2997 44 22 and
411 2997 81 22 112lbs.
502 2998 77 27 hoxe9,

81 3024 75 22 White
167 3024 62 28 paint
238 3024 23 21 in
273 3024 50 26 tins,
334 3024 67 22 281bs.
412 3024 44 22 and
464 3025 78 26 561b5.,

81 3051 75 21 Green
168 3051 61 27 paint
239 3051 23 21 in
273 3050 61 28 kegs,

81 3078 68 21 Sheet
157 3078 58 26 lend,

80 3104 74 22 Boxes
164 3104 26 22 of
200 3104 58 28 glass
268 3104 26 22 of
304 3104 64 28 sizes,

80 3131 62 22 Flint
150 3132 60 26 glass
218 3132 22 20 in
252 3131 109 28 packages
370 3132 106 26 assorted,

81 3158 139 22 Lambswool
230 3158 95 27 hosiery,
337 3158 72 26 white,
420 3158 59 27 blue,
491 3159 44 22 and
545 3166 62 21 grey,

167 3184 103 28 flannels,
281 3186 27 20 29
318 3185 59 25 inch,
388 3186 24 21 31
426 3185 61 25 inch.

81 3211 134 28 Stationery,
226 3212 88 27 ledgers
325 3212 80 22 double
415 3212 44 22 and
471 3212 78 28 single,

81 3238 56 22 Fine
156 3239 99 27 pi-inting
274 3238 73 28 demy,
364 3243 57 23 post,
438 3239 106 28 foolscap,
563 3239 77 24 white-

54 3272 48 20 cap,
114 3265 44 21 and
168 3265 99 27 imperial
278 3266 82 26 brown,

82 3291 79 23 School
173 3292 65 27 quills
248 3292 44 22 and
302 3292 63 22 office
375 3292 74 27 quills,

81 3318 70 22 Black
161 3319 51 21 lead
222 3319 90 28 pencils,
331 3319 38 22 red
385 3319 48 27 ink,
451 3319 64 23 office
532 3320 48 28 ink,
595 3321 45 22 and

51 3345 54 23 blue
116 3345 63 27 fluid,

82 3372 88 22 Pickles
180 3372 22 21 in
213 3372 60 26 pints
283 3372 105 27 assorted,

83 3400 23 15 v
110 3399 77 22 ustard
197 3399 42 25 $lb.
250 3399 44 22 and
306 3401 7 20 1
327 3399 30 22 lb.
367 3399 89 27 bottles,

81 3426 116 27 Congreve
208 3426 155 22 candle-sticks
372 3427 46 21 and
428 3426 107 24 matches.

53 3470 96 50 JM.
167 3469 132 26 TAYLOR,
314 3470 33 22 Te
364 3471 53 26 Aro,
436 3471 40 22 has
494 3479 26 14 on
539 3473 54 27 sale,
612 3481 27 14 ex

94 3509 12 10 •
136 3499 60 24 Lucy
207 3498 88 25 Sharpe,
308 3498 111 25 Clydeside,
431 3499 45 21 and
485 3497 92 24 Matilda
584 3509 7 12 :
592 3511 29 5 —

80 3531 109 22 Gunter's
198 3530 92 28 pickles,
301 3538 83 20 sauces,
396 3531 86 29 cheese,
494 3533 40 22 &c.

78 3558 116 26 Blankets,
206 3553 89 32 printed
305 3557 110 27 druggets,
428 3559 87 26 tweeds,

79 3585 54 28 Slop
151 3584 107 27 clothing,
278 3584 88 28 printed
384 3585 102 28 muslins,
510 3586 65 23 boots
595 3587 43 23 and

52 3612 73 24 shoes.

80 3638 55 28 Ship
144 3637 131 28 chandlery,
284 3636 84 28 blocks,
380 3637 89 29 oakum,
481 3640 40 22 &c.

79 3665 112 27 Tobacco,
203 3664 91 23 tobacco
306 3664 67 27 pipes,

79 3692 87 24 Paints,
177 3691 134 28 turpentine,
319 3690 74 22 boiled
403 3691 37 27 oil,

80 3718 130 23 Stockholm
220 3722 41 24 tar,
273 3717 68 29 pitch,
352 3720 41 23 tar,
403 3718 100 27 brushes,

79 3746 136 27 Stationery,
224 3744 143 28 gunpowder,
377 3744 107 28 muskets,
496 3746 39 22 &c.

80 3773 139 27 Perfumery,
229 3779 61 20 soap,
299 3770 123 28 jewellery,

80 3800 66 22 Some
156 3800 45 21 fine
211 3799 53 21 East
275 3798 66 22 India
349 3798 108 26 Madeira,
467 3798 53 22 L.P.
530 3799 110 23 Teneriffe

54 3826 65 22 Shert
127 3833 19 15 •?.

54 3871 44 28 g^\
113 3870 71 22 RIM
193 3869 151 23 STONE'S
361 3869 204 23 CELEBRATED
580 3870 60 23 EYE

54 3894 55 26 UT
135 3896 106 28 SNUFF,
257 3903 29 15 on
296 3895 46 22 sale
351 3899 23 18 at

298 3922 23 22 J.
336 3922 33 23 M.
384 3921 116 25 Taylor's
514 3923 70 28 Store,

515 3949 97 25 TeAro.

833 122 67 21 Port
915 121 29 22 of
961 122 123 21 London.
1172 135 2 10 ,

720 153 87 23 Notice
826 162 29 14 to
875 162 45 15 the
942 155 91 22 Public.
1035 165 28 6 —
1063 154 117 23 Travellers
1201 153 44 23 and

667 180 74 22 others
750 180 50 22 who
810 181 55 22 send
875 182 106 27 bnggage,
993 181 70 23 works
1072 182 25 21 of
1108 186 40 22 art,
1156 188 21 14 or
1181 181 66 22 other

668 206 64 22 value
741 212 104 23 property
856 212 22 18 to
889 209 111 26 England,
1017 208 79 22 should
1110 207 87 27 consign
1208 207 38 22 the

668 233 109 27 packages
788 238 21 18 to
819 235 38 21 the
868 235 83 26 care.of
957 243 13 13 a.
976 235 97 22 licensed
1080 234 166 22 Custom-house

667 264 74 22 agent,
757 268 25 14 as
798 261 88 21 articles
900 269 38 14 are
954 258 126 31 frequently
1093 260 90 29 injured,
1201 260 45 22 and

668 287 101 21 needless
779 294 97 20 expense
892 288 110 27 incurred,
1019 289 32 21 for
1067 287 37 23 the
1120 291 56 18 want
1190 287 26 22 of
1233 294 14 14 a

668 320 80 20 proper
756 321 80 20 person
848 318 23 18 to
882 315 51 21 take
943 315 84 27 charge,
1032 315 25 21 (if
1073 314 60 22 them
1149 321 26 15 on
1189 313 58 23 their

668 340 87 22 arrival,
767 341 42 21 and
819 348 38 14 see
872 341 61 22 them
951 341 95 26 entered,
1065 340 128 28 examined,,
1201 340 46 22 and

668 366 107 27 carefully
790 367 117 28 repacked.
942 368 48 22 The
1009 367 80 28 charge
1104 367 19 23 is
1137 367 37 22 the
1181 374 66 15 .same

669 392 99 23 whether
776 401 25 13 so
810 394 124 27 consigned
943 402 25 14 or

900 428 117 26 Chamher,
1028 427 101 28 London,

669 494 140 48 DEVOY
818 494 44 22 and
874 495 53 27 CO.,
942 497 45 20 who
1002 503 34 14 are
1052 497 35 19 the
1102 495 146 21 LICENSED

750 522 125 21 AGENTS
883 523 27 25 of
919 524 47 19 Her
969 524 113 26 Majesty's
1090 524 159 20 Commixttioners

668 548 27 25 of
708 548 99 24 Customs,
817 550 42 19 and
873 551 66 19 undpr
949 553 62 24 heavy
1019 552 62 19 bonds
1089 554 40 22 Jor
1139 551 35 20 the
1179 550 69 25 safety

668 576 27 24 of
701 578 103 24 property
819 578 111 24 consigned
944 580 21 19 to
981 580 61 22 item,
1064 578 41 27 beg
1124 578 56 21 those

669 602 54 21 send
736 604 108 26 packages
854 610 22 16 to
888 604 56 22 their
956 612 55 20 care,
1027 610 20 17 to
1058 612 36 14 see
1105 604 47 21 that
1162 602 48 23 each
1220 603 28 21 be

669 629 114 27 distinctly
802 631 93 21 marked
943 632 78 21 Devov
1040 632 44 21 and
1104 632 46 25 Co.,
1170 630 78 21 Lower

668 656 201 27 Thames-street,
1010 658 41 22 and
1059 658 35 21 the
1102 658 37 21 bill
1147 657 25 22 of
1176 654 73 29 lading

669 689 25 14 or
709 684 84 26 receipt
807 684 124 22 forwarded
949 689 22 17 to
990 685 59 21 them
1068 684 69 22 direct
1151 684 26 26 by
1191 688 56 22 post,

669 709 53 21 with
732 710 144 22 instructions
886 711 48 21 how
945 712 54 21 such
1009 711 68 28 goods
1087 719 36 13 are
1133 715 23 17 to
1170 711 21 21 be
1205 710 44 21 dis-

670 736 68 21 posed
748 737 26 20 of
786 744 28 14 on
823 738 79 21 arrival
912 746 5 18 ;
934 738 43 22 and
985 746 24 14 as
1013 745 69 21 .every
1090 738 91 28 package
1190 740 58 18 must

669 762 27 22 be
715 764 85 26 opened
821 768 23 18 at
863 764 37 22 the
918 765 177 25 Custom-house,
1113 764 21 22 if
1153 771 40 21 any
1211 771 38 14 are

670 790 86 26 locked,
769 790 36 22 the
815 790 55 28 keys
880 792 79 21 should
968 792 28 21 be
1007 792 127 22 forwarded.
1235 794 6 12 *

698 817 77 21 Goods
786 818 42 21 and
839 818 110 28 packages
959 826 36 14 aie
1005 818 120 22 forwarded
1136 818 29 26 by
1174 817 75 25 Devoj'

669 844 46 21 and
725 844 39 21 Co.
775 848 22 17 to
807 844 29 21 all
852 849 59 23 parts
925 846 26 20 of
963 846 38 21 the
1017 846 126 25 Continent,
1155 844 31 21 the
1198 844 52 21 East

670 870 45 21 and
727 870 61 22 West
796 871 82 26 Indies,
889 872 109 26 Colonies,
1009 873 38 21 &c.
1059 873 40 21 &c.
1108 880 5 18 ;
1126 871 49 25 and,
1182 871 21 21 if
1216 877 34 15 re-

670 897 85 27 quired,
768 902 49 17 sent
831 902 23 17 to
865 898 36 22 the
915 906 49 14 care
980 899 25 21 of
1017 898 133 28 responsible
1167 897 81 25 houses,

671 923 49 22 who
736 924 44 21 will
796 932 36 14 see
849 925 38 21 the
903 926 142 21 instructions
1062 929 49 17 sent
1126 924 49 22 with
1190 924 59 21 them

671 951 131 27 punctually
812 952 105 22 attended
929 957 29 17 to.

698 977 38 22 All
746 978 69 26 goods
824 978 45 22 and
880 979 109 27 packages
998 978 34 22 for
1040 978 111 28 shipment
1158 981 56 18 must
1222 977 28 22 be

670 1005 159 27 accompanied
840 1005 30 28 by
887 1006 85 21 written
989 1006 148 25 instructions,
1149 1005 46 21 with
1213 1004 37 21 the

670 1038 67 15 name
747 1031 44 22 and
802 1032 89 21 address
901 1033 26 21 of
941 1033 36 21 the
988 1033 78 27 parties
1076 1033 28 27 by
1116 1032 64 21 whom
1198 1030 52 26 they

669 1065 39 14 are
722 1062 57 23 sent,
795 1058 45 22 and
857 1059 37 21 the
908 1064 102 17 contents
1023 1060 42 20 and
1083 1059 64 21 value
1163 1058 21 21 of
1197 1056 53 23 each

670 1084 99 27 package
781 1086 78 21 stated.
888 1086 48 21 The
952 1087 53 26 duty
1016 1086 107 22 outwards
1137 1086 18 21 is
1167 1087 36 20 \9s.
1212 1091 40 21 per

670 1112 62 21 .£IOO
748 1112 71 22 value.
857 1112 47 22 The
922 1118 46 16 rate
985 1113 26 21 of
1024 1113 116 21 insurance
1158 1111 94 28 depends
1260 1114 2 25 j

670 1145 60 20 upon
742 1139 182 22 circumstances.
955 1140 42 21 For
1014 1140 83 21 further
1112 1138 138 22 information

669 1165 67 27 apply
763 1170 23 17 to
810 1166 44 22 Mr.
874 1167 92 21 Samuel
995 1167 95 26 Revans,
1113 1166 137 26 Wellington,

673 1192 52 21 Port
735 1192 131 22 Nicholson.

820 1238 40 20 To
875 1238 33 20 b»
924 1239 65 20 Sold
1009 1244 29 15 or
1051 1239 57 20 Let.

669 1268 95 25 'B^WO
777 1271 101 22 Wooden
891 1273 93 23 Houses,
997 1279 27 14 on
1032 1272 219 27 theTinnkorc-road,

682 1293 22 22 -*-
749 1298 37 22 the
805 1299 82 21 second
906 1307 50 13 acre
976 1300 54 20 from
1050 1300 92 26 Captain
1160 1300 91 26 Smith's,

716 1326 131 26 containing
862 1326 47 22 four
920 1334 73 13 rooms
1004 1326 41 22 and
1062 1334 13 13 a
1088 1334 92 20 passage,
1198 1326 54 22 each

671 1351 53 22 with
744 1353 50 21 zinc
813 1353 67 24 roofs,
906 1353 45 21 and
976 1354 20 20 in
1022 1360 65 19 every
1105 1357 81 23 respect
1205 1354 46 22 well

670 1378 104 23 finished.
803 1379 77 22 Terms
891 1380 44 21 -If
941 1380 55 24 sold,
1007 1380 58 22 £150
1077 1380 33 21 for
1117 1380 123 22 each'house
1247 1389 5 19 ;

671 1406 19 21 if
702 1406 39 28 let,
752 1406 31 22 £\
796 1414 39 20 per
846 1406 61 22 week
916 1407 36 21 for
961 1406 55 22 each
1024 1407 77 21 house.
1128 1407 69 27 Apply
1208 1412 24 16 *o

1063 1441 74 21 James
1151 1440 75 23 W/vtt.

852 1467 58 22 Nov.
920 1468 35 25 27,
964 1468 59 21 1841.
1120 1491 1 5 ,

923 1513 86 20 Land.
1244 1528 12 8 

675 1545 66 47 TO
766 1545 38 23 BE
827 1545 65 26 LET,
918 1546 38 21 the
974 1546 113 27 following
1105 1549 58 19 town
1183 1554 69 18 acres,

740 1573 53 21 N<>s.
805 1580 26 14 on
843 1573 39 21 the
893 1574 111 25 Surveyor
1021 1573 113 22 General's
1148 1573 54 28 Plan,
1219 1576 33 25 84,

671 1600 35 21 85.
716 1600 48 21 2fi4.
776 1601 45 22 384,
834 1601 48 26 .385,
897 1601 47 26 400,
962 1602 48 25 640,
1020 1601 46 26 516,
1084 1602 46 25 747,
1146 1602 42 20 790.
1205 1602 47 25 863,

671 1627 46 21 966.
731 1627 47 27 967,
794 1628 60 20 1056.

701 1653 52 21 And
777 1661 14 14 a
814 1654 82 21 section
919 1657 23 18 at
963 1653 131 28 Wanganui,
1118 1653 78 23 chosen
1219 1655 30 27 by

673 1680 43 21 Mr.
730 1681 54 26 Bell,
795 1680 43 22 No.
850 1688 28 14 on
891 1681 52 21 Plan
958 1682 44 20 Inß.

699 1707 34 21 To
750 1708 27 21 be
795 1707 55 28 sold,
862 1715 14 14 a
885 1708 83 21 section
980 1712 23 17 at
1012 1707 131 28 Wanganui.

699 1735 73 27 Apply
784 1738 21 17 to

783 1762 144 21 Alexander
942 1761 85 26 Perry,
1042 1761 181 27 Lamhton-quay.

863 1807 76 20 Land
951 1806 41 21 for
1003 1808 63 20 sale.

674 1839 92 35 rpHE
784 1839 90 21 TOWN
892 1839 81 22 ACRE
990 1840 120 22 numbered
1127 1841 28 21 93
1172 1848 23 14 on
1216 1841 38 22 th*

681 1861 28 27 JL
735 1867 239 26 Surveyor-General's
988 1874 55 19 map,
1056 1867 44 21 and
1110 1867 38 22 the
1163 1872 89 23 country

673 1893 83 21 section
769 1893 121 21 numbered
899 1894 35 25 27,
943 1900 26 14 on
979 1894 37 21 the
1027 1894 90 21 Porirua
1123 1893 57 23 Road
1190 1903 5 16 ;
1205 1895 47 20 also

673 1919 38 23 the
722 1924 57 17 town
791 1928 49 14 acre
859 1921 123 21 numbered
991 1922 40 20 383
1047 1928 28 14 on
1087 1921 36 21 the
1134 1929 52 19 map,
1199 1921 52 22 with

673 1946 38 22 the
721 1950 94 25 country
826 1947 85 21 section
922 1948 23 21 in
957 1947 37 22 the
1005 1947 62 22 order
1077 1949 26 20 of
1114 1947 70 23 choice
1194 1950 48 20 434.

995 1982 83 21 Henry
1090 1982 31 22 St.
1134 1982 63 22 Hill.
1241 1997 18 14 ri
1259 1990 2 21 )

754 2023 132 28 Building
894 2025 169 21 Allotments
1074 2027 29 19 to
1118 2026 55 20 Let.

673 2058 50 48 A
752 2058 138 32 NUMBER
898 2059 26 21 of
935 2059 67 21 Town
1022 2058 68 22 Acres
1108 2059 21 22 in
1149 2060 31 21 the
1192 2063 58 19 most

752 2084 111 23 desirable
875 2085 116 22 situations
1002 2086 165 27 inWellington.
1181 2091 22 17 to
1217 2088 28 21 be

673 2111 31 22 let
714 2119 28 14 on
753 2111 60 22 lease
823 2119 26 14 or
859 2112 122 26 otherwise,
990 2113 43 22 and
1042 2114 41 20 will
1093 2114 27 21 be
1125 2112 125 23 subdivided

673 2143 21 17 to
706 2139 45 21 suit
762 2142 95 19 tenants.
887 2140 66 21 Plans
965 2140 45 21 and
1024 2140 129 28 particulars
1169 2148 46 20 may
1224 2141 27 22 be

671 2165 77 22 learnt
757 2173 29 14 on
796 2166 134 27 application
939 2171 23 18 to

1007 2194 85 21 Henry
1107 2194 36 21 St.
1158 2194 65 22 Tlii.l.

691 2237 88 21 Town
794 2238 55 20 and
864 2238 122 25 Country
1001 2239 75 20 Land
1090 2240 28 19 to
1134 2239 33 21 be
1178 2240 57 20 Let.

673 2270 167 49 SECTIONS
857 2271 44 22 and
916 2272 102 33 portions
1033 2272 26 21 of
1072 2272 100 21 Sections
1182 2272 23 22 in
1222 2272 28 22 all

742 2302 60 22 parts
819 2298 26 21 of
860 2298 37 21 the
916 2298 68 22 Town
1006 2298 25 21 of
1047 2298 137 28 Wellington,
1205 2300 46 21 also

671 2325 100 26 Country
782 2325 100 21 Sections
896 2325 23 21 in
931 2325 37 22 the
986 2325 94 22 districts
1097 2326 25 21 of
1135 2326 37 22 the
1184 2326 66 27 Hutt,

671 2351 38 22 the
723 2351 84 27 Kaiori,
819 2351 37 22 the
867 2352 76 26 Ohiro,
958 2352 44 21 and
1015 2352 35 21 thp
1066 2352 97 23 Porirua.
1187 2353 65 27 Long

670 2378 71 22 leases
751 2378 27 21 of
785 2378 35 22 the
838 2383 95 22 country
943 2378 54 23 land
1014 2379 42 22 will
1073 2380 28 21 be
1115 2380 88 26 granted
1222 2388 28 14 on

671 2404 131 23 reasonable
812 2410 75 17 terms.
917 2406 43 21 For
970 2406 129 27 particulars
1108 2406 64 28 apply
1179 2411 22 18 to

864 2439 97 22 Hanson
972 2440 46 21 and
1032 2441 110 21 Ahznorv

901 2465 121 23 T'wndon
1033 2468 71 25 Quay,
1117 2467 131 27 Wellington

810 2512 39 20 To
866 2511 249 27 Agriculturalists.

670 2545 89 48 FOR
769 2545 85 27 SALE,
863 2552 13 14 a
884 2545 63 22 small
957 2546 101 27 quantity
1064 2546 26 21 of
1097 2553 53 20 very
1157 2547 94 26 superior

743 2572 52 22 seed
807 2572 78 27 wheat,
896 2573 47 21 also
955 2580 11 14 a
977 2572 63 22 small
1054 2573 103 27 quantity
1167 2574 22 21 of
1198 2574 52 22 seed

669 2599 75 27 barley
755 2599 93 21 without
858 2599 65 26 husk,
934 2599 52 22 both
998 2606 74 19 grown
1090 2601 22 20 in
1130 2599 37 23 the
1178 2601 72 28 valley

669 2631 21 16 ot
707 2625 37 23 the
753 2626 66 25 Hutt,
831 2626 45 22 and
888 2626 122 22 warranted
1021 2627 24 21 of
1056 2627 38 22 the
1104 2627 47 22 first
1162 2628 87 28 quality,

669 2653 44 22 /or
723 2653 139 28 particulars,
875 2653 66 27 apply
952 2657 22 18 to

832 2681 24 21 C.
869 2680 25 22 E.
905 2680 50 21 Yon
967 2681 116 24 Alzdorf,
1100 2681 80 23 Petoni.

731 2725 78 22 OUSE
823 2725 41 22 TO
882 2726 62 26 LET,
962 2725 85 22 WELL
1065 2726 184 25 FURBISHED,

756 2753 25 21 in
800 2759 43 15 one
859 2752 26 22 of
905 2752 38 22 the
961 2757 58 18 most
1035 2753 102 27 pleasant
1155 2758 55 23 parts
1228 2755 25 22 of

669 2780 147 26 Wellington.
845 2779 76 28 Apply
931 2783 24 18 to

814 2813 124 28 Wallace,
950 2813 90 28 White,
1050 2814 46 22 and
1106 2814 117 24 Waluce.

695 2846 61 23 Nov.
769 2848 34 26 30,
816 2848 60 21 1841.
903 2855 6 3 -
1238 2860 10 23 •_

669 2891 81 23 PORT
772 2891 181 22 NICHOLSON
983 2891 66 23 AND
1072 2891 178 27 WANGANUI.

783 2926 92 20 Lands
885 2927 28 19 to
923 2926 34 21 be
967 2926 51 21 Let
1027 2932 29 15 or
1066 2926 72 22 Sold.

669 2959 165 50 SEVERAL
855 2958 70 22 Town
943 2959 44 22 and
1003 2959 98 28 Country
1119 2961 90 23 sections
1226 2962 24 22 in

735 2987 37 21 the
787 2987 51 21 Port
849 2985 122 23 Nicholson
989 2986 89 28 district,
1094 2987 43 23 and
1158 2989 93 28 Country

668 3013 97 23 sections
772 3014 23 21 in
805 3013 37 22 the
854 3013 125 27 Wanganui
989 3013 89 26 district,
1091 3015 50 21 with
1151 3015 32 22 the
1193 3017 58 25 right

668 3041 26 21 of
715 3041 61 26 early
795 3040 88 22 choices
902 3040 81 26 (under
1001 3041 40 26 14)'
1051 3041 27 21 of
1097 3041 36 23 the
1149 3042 101 23 intended

668 3067 111 28 township
786 3067 69 25 there,
864 3071 22 18 to
892 3067 28 22 be
926 3067 47 22 sold
981 3074 25 15 or
1012 3067 36 23 let.
1077 3068 44 22 For
1127 3069 124 27 particulars

668 3095 46 22 and
722 3099 76 22 terms,
809 3094 66 27 apply
886 3099 23 16 to

855 3122 94 20 Robert
963 3120 27 22 R.
1006 3121 98 28 Strang,
1119 3122 104 24 Solicitor.

695 3147 147 28 Wellington,
852 3147 59 23 Nov.
922 3149 33 25 25,
967 3149 50 21 1841

883 3193 163 27 Wanganui.

669 3227 89 48 FOR
772 3226 85 22 SALE.
858 3238 28 4 —
887 3226 66 22 Land
970 3227 98 23 between
1089 3234 41 16 one
1150 3229 39 22 and
1206 3232 44 19 two

741 3253 64 22 miles
821 3254 27 21 of
859 3253 37 22 the
911 3254 110 27 township
1038 3259 23 17 at
1080 3255 120 27 Wanganui
1216 3257 34 21 for

668 3281 52 25 sale,
732 3280 22 22 in
766 3279 76 23 blocks
852 3281 26 21 of
889 3281 43 21 five
943 3288 61 14 acres
1017 3281 41 22 and
1074 3282 103 27 upwards,
1189 3290 25 14 or
1226 3281 24 24 io

668 3307 30 21 let
709 3314 29 15 on
751 3315 54 20 very
817 3307 77 22 liberal
906 3311 75 21 terms,
991 3308 51 22 with
1052 3308 38 22 the
1104 3309 59 27 right
1172 3310 22 22 of
1199 3318 51 20 pur-

668 3334 74 23 chase.
771 3334 76 28 Apply
857 3339 23 17 to
889 3335 27 21 R.
929 3334 64 27 Park,
1005 3335 59 28 Esq.,
1073 3343 25 14 or
1108 3339 22 18 to

1007 3368 22 22 J.
1043 3369 45 22 and
1103 3370 27 21 G.
1146 3369 76 24 W;ide.

670 3413 116 49 LAND
806 3413 40 21 TO
871 3413 94 22 LET.—
965 3413 68 22 Town
1057 3421 63 15 acres
1143 3414 37 23 No,
1202 3417 46 24 168,

747 3441 45 26 156,
802 3441 49 26 423,
868 3441 35 25 47,
913 3441 49 26 .061,
974 3442 48 25 559,
1039 3440 45 22 and
1097 3448 69 21 many
1177 3442 72 22 others

668 3467 21 21 in
701 3467 38 21 the
750 3471 58 17 mo«t
816 3467 109 21 desirable
940 3467 122 23 situations.
1092 3467 55 22 Also
1160 3473 89 24 country

668 3493 53 22 land
729 3500 28 15 on
768 3493 37 23 the
815 3493 72 22 banks
897 3494 27 21 of
930 3493 37 23 the
979 3494 66 22 River
1057 3494 57 22 Hutt
1123 3495 45 21 and
1176 3502 24 15 on
1212 3495 37 23 the

668 3521 95 21 Pcrirua
772 3520 61 22 road.
863 3521 76 28 Apply
949 3525 23 17 to

1054 3547 22 22 J.
1093 3547 34 23 W.
1144 3548 76 23 Child.

881 3593 40 20 To
936 3593 32 20 be
984 3593 57 25 Let,

669 3626 164 49 SEVERAL
847 3626 93 21 TOWN
953 3626 100 26 ACRES,
1063 3626 23 22 in
1097 3627 83 23 various
1188 3632 61 22 parts

734 3653 26 21 of
772 3653 144 27 Wellington.
945 3653 45 21 For
998 3653 136 27 particulars,
1150 3655 58 28 applj
1225 3652 24 26 fo

845 3687 26 22 E.
887 3687 143 26 Catchpool,
1041 3687 98 22 Dickson
1152 3692 69 19 street.

668 3732 68 49 TO
751 3733 39 21 BE
805 3732 65 25 LET,
886 3732 38 22 the
941 3736 59 18 town
1019 3740 49 14 acre
1084 3734 43 21 No.
1137 3735 42 26 210,
1192 3742 29 15 on
1235 3743 14 15 a

742 3760 103 26 building
854 3759 68 27 lease,
931 3760 35 22 fur
974 3760 101 22 fourteen
1086 3768 71 19 years.

694 3793 33 21 To
737 3793 28 21 be
776 3793 30 21 let
815 3800 25 14 or
849 3793 55 26 sold,
916 3793 44 21 the.
965 3796 57 18 town
1031 3800 49 15 acre
1090 3794 43 21 No.
1144 3796 42 21 642.

694 3819 33 21 To
737 3819 29 21 be
783 3819 54 23 sohi.
849 3819 38 22 the
903 3820 141 27 preliminary
1056 3820 113 28 (country)
1183 3822 64 23 Land

668 3845 73 22 Order
761 3846 42 21 No.
821 3847 47 26 153,
889 3846 73 22 which
981 3847 75 22 stands
1075 3849 83 20 seventh
1173 3848 18 23 in
1209 3850 38 21 the

668 3872 66 22 order
743 3873 26 21 of
774 3872 76 22 choice
860 3876 24 18 at
893 3873 37 21 the
941 3878 57 17 next
1007 3874 104 23 selection
1122 3875 26 22 of
1158 3880 89 24 country

668 3899 104 22 sections.
802 3899 76 28 Apply
888 3902 23 19 to

940 3926 22 23 J.
976 3926 29 23 T.
1019 3927 144 29 Wicksteed,

1003 3953 216 31 Hawkstone-Btreet,
1226 3977 3 8 ,
