4152 5866
1832 1497 150 37 Mount
2025 1497 158 45 Benger
2225 1494 114 37 Mail.

1963 1606 71 21 JUST
2043 1606 54 19 AND
2117 1605 67 20 FEAR

1929 1684 117 25 FRIDAY,
2065 1683 73 21 JULY
2155 1683 33 25 30,
2209 1681 56 22 1897.

1833 1780 43 19 The
1896 1779 45 20 writ
1959 1779 32 20 for
2007 1778 35 21 the
2055 1778 89 20 Awania
2159 1774 84 22 ejection
2259 1773 36 22 has
2309 1774 49 21 been

1808 1806 74 21 issued.

1835 1846 20 21 It
1865 1845 17 21 js
1891 1844 41 22 said
1942 1844 46 21 that,
1999 1843 35 22 the
2048 1844 54 20 vitns
2118 1842 21 21 cf
2150 1840 84 23 chicken
2250 1840 79 21 cholera
2343 1840 15 20 is

1809 1873 89 25 creating
1914 1872 135 21 considerable
2067 1870 127 22 destruction
2213 1870 93 24 amongst
2325 1867 33 20 the

1809 1900 76 22 rabbits
1894 1901 19 20 in
1924 1900 133 26 Queensland.

1836 1950 76 23 Joseph
1928 1950 82 23 Crecev,
2024 1949 45 20 who
2081 1955 38 13 was
2130 1947 50 20 hurt
2194 1948 21 19 at
2229 1947 35 20 the
2282 1945 77 21 Millers

1811 1978 44 21 Flat
1865 1979 77 24 bridge,
1950 1978 15 21 is
1975 1985 19 19 p>
1999 1977 100 26 onressing
2107 1974 143 27 satisfactorily
2257 1974 65 21 under
2330 1973 29 21 Dr

1810 2006 93 20 Mullin's
1915 2007 118 19 treatment..

1834 2049 48 22 Yoi;
1892 2049 52 21 have
1954 2048 69 22 ruined
2033 2054 50 17 your
2092 2045 131 23 constitution
2238 2043 120 27 sufficiently

1808 2078 26 20 bv
1846 2077 96 25 drinking
1955 2077 82 20 inferior
2051 2079 41 17 tea.
2118 2074 84 21 Recruit
2221 2074 25 22 by
2265 2072 93 25 drinking

1807 2105 47 21 only
1864 2105 64 21 Kozie
1939 2106 38 19 tea.
2005 2104 20 20 It
2034 2104 15 20 is
2056 2109 49 20 pure
2111 2102 38 20 and
2158 2101 89 20 reliable.
2256 2100 84 21 -Advt.

1834 2152 31 21 Mr
1879 2152 28 20 D.
1927 2150 99 23 Mitchell,
2042 2150 78 25 draper,
2142 2148 22 21 of
2182 2148 114 22 Lawrence,
2311 2147 47 21 be;s

1808 2181 21 18 to
1843 2179 95 21 intimate
1959 2180 21 19 to
2005 2178 34 21 the
2058 2177 68 24 public
2149 2183 11 13 o
2161 2176 9 14 f
2193 2175 112 24 Roxburgh
2320 2174 38 20 and

1808 2207 81 20 district
1911 2206 47 20 that
1981 2205 25 20 he
2030 2206 38 19 will
2092 2204 47 19 wait
2159 2211 53 18 upon
2233 2202 56 20 them
2310 2204 48 17 next

1810 2234 62 24 week,
1888 2233 57 20 when
1962 2232 25 21 he
2001 2232 40 20 will
2056 2232 24 20 be
2097 2230 81 28 pleased
2189 2232 21 18 to
2220 2230 47 19 take
2281 2228 77 21 orders.

1834 2281 33 20 Mr
1889 2280 54 20 Wm.
1972 2279 104 22 Cormark,
2100 2278 44 20 who
2173 2276 36 20 has
2231 2275 70 21 served
2329 2275 30 20 his

1811 2308 119 21 indentures
1944 2309 21 19 to
1975 2307 35 21 the
2020 2306 93 27 tailoring
2121 2305 38 21 and
2168 2311 89 16 mercery
2268 2303 91 21 business

1810 2336 64 20 mider
1899 2336 33 19 Mr
1954 2335 24 20 E.
2003 2336 24 19 A.
2048 2335 59 21 Hart,
2131 2333 22 20 of
2179 2331 120 26 Roxburgh,
2323 2331 36 20 has

1810 2362 90 21 received
1928 2369 24 12 an
1982 2362 141 24 appointment
2154 2360 21 20 in
2205 2359 32 19 Mr
2265 2358 94 20 Beattie's

1810 2389 163 26 establishment,
1997 2388 62 27 Gore,
2076 2387 40 22 and
2133 2387 39 21 loft
2193 2386 33 21 for
2240 2385 45 22 that
2300 2387 54 19 town

1811 2418 38 21 last
1864 2417 62 21 week.

1837 2458 32 21 Mr
1881 2457 26 21 O.
1928 2456 97 21 Hubener
2041 2455 80 20 notifies
2133 2454 20 20 in
2175 2453 85 21 another
2280 2452 79 21 column

1812 2485 47 20 that
1867 2484 26 21 he
1903 2484 40 21 will
1954 2484 48 20 visit
2012 2482 109 25 Roxburgh
2130 2481 77 21 weekly
2219 2481 32 24 (on
2261 2479 97 25 Monday)

1812 2513 33 19 for
1864 2518 96 19 purposes
1972 2511 21 19 of
2012 2510 62 20 violin
2092 2509 82 20 tuition.
2206 2508 30 18 Mr
2255 2507 99 20 Hubener

1813 2547 40 14 was
1874 2539 79 22 trained
1974 2539 19 20 in
2019 2545 36 13 one
2072 2536 21 22 of
2107 2536 36 21 the
2157 2535 45 21 best
2228 2533 130 23 Continental

1812 2568 78 21 schools
1904 2568 21 19 of
1934 2568 71 24 music,
2015 2566 39 21 and
2064 2566 24 20 he
2099 2565 15 21 is
2122 2564 69 26 highly
2213 2563 77 27 spoken
2301 2562 22 21 of
2340 2569 19 13 as

1811 2603 11 13 a
1832 2595 43 22 first
1885 2595 50 21 class
1947 2594 89 21 teacher.

1838 2642 81 20 Among
1931 2647 11 13 a
1957 2639 86 21 nun.her
2059 2638 20 20 of
2094 2637 86 25 changes
2201 2636 18 20 in
2243 2636 36 21 the
2294 2635 66 22 Police

1813 2667 163 26 JVpartmwnt.it
1986 2667 14 21 is
2008 2666 80 22 notified
2096 2666 44 21 that
2149 2664 106 22 Detective
2263 2663 97 27 Herbert,

1813 2697 20 20 of
1848 2695 138 26 Invercargiil,
1996 2695 38 20 will
2047 2695 23 19 be
2078 2693 123 21 transferred
2212 2695 21 17 to
2244 2692 116 20 Auckland.

1813 2724 98 22 Sergeant
1930 2723 75 24 Green,
2025 2721 44 20 who
2090 2721 35 19 has
2149 2720 48 19 been
2218 2719 100 19 stationed
2340 2721 20 17 in

1902 2750 31 19 for
1943 2756 54 13 some
2005 2755 59 14 seven
2071 2755 22 13 or
2100 2747 56 23 eight
2163 2754 57 19 years
2226 2746 36 20 has
2270 2745 90 21 received

1815 2778 65 20 notice
1890 2778 21 19 of
1920 2777 31 20 his
1961 2776 112 26 promotion
2083 2778 21 18 to
2114 2775 35 20 the
2166 2775 73 24 chaige
2256 2774 21 20 of
2296 2773 52 21 West-

1812 2807 52 24 port.

1839 2844 42 21 The
1891 2843 99 22 Hprcules
2003 2843 38 20 No.
2063 2843 11 19 2
2089 2849 53 14 rn*n.
2162 2841 65 21 under
2244 2841 33 20 Mr
2296 2840 64 21 David

1814 2872 122 24 Robertson,
1947 2872 54 19 went
2012 2870 57 19 down
2079 2870 74 23 during
2167 2869 36 20 the
2219 2869 55 20 week
2293 2870 21 18 to
2329 2868 33 20 Mr

1815 2899 86 25 F.wing's
1911 2898 58 20 claim
1981 2900 22 17 at
2013 2897 86 20 Lumbal
2104 2898 43 23 ton,
2158 2896 31 21 for
2198 2896 36 20 the
2248 2902 87 20 purpose
2341 2895 21 19 of

1813 2926 77 24 t'Stirg
1903 2926 36 20 the
1955 2924 77 26 ground
2049 2924 46 20 with
2114 2931 11 12 a
2140 2924 50 19 view
2205 2923 22 20 of
2240 2923 70 23 taki'jg
2328 2923 34 19 the

1815 2952 99 23 Hercules
1926 2952 39 21 No.
1977 2953 8 19 1
1998 2959 8 14 a
2011 2959 9 9 r
2024 2951 12 21 d
2046 2952 13 19 2
2072 2954 60 17 water
2143 2950 74 28 supply
2227 2950 59 21 down
2296 2949 65 22 there.

1815 2980 55 27 They
1881 2980 49 21 took
1944 2987 12 12 a
1966 2982 99 24 complete
2073 2978 71 26 boring
2156 2982 59 22 plant,
2229 2978 49 19 with
2298 2978 63 21 them,

1813 3008 39 21 and
1883 3008 34 20 the
1939 3007 65 20 result
2025 3006 21 20 of
2068 3006 53 21 tJuir
2142 3005 115 27 operations
2279 3004 42 21 will
2338 3004 24 21 be

1813 3036 91 20 watched
1913 3036 49 20 with
1973 3036 112 22 inteiciltj

1839 3079 20 21 It
1872 3079 40 20 will
1925 3078 24 20 be
1964 3077 93 21 notedly?
2075 3076 160 21 udvertis'ment
2255 3074 107 19 elsewhere

1813 3107 19 23 io
1852 3106 42 22 this
1911 3106 53 21 issue
1973 3105 46 20 that
2037 3111 22 13 an
2076 3103 113 27 important
2212 3102 41 22 sale
2268 3102 17 20 is
2303 3103 22 19 to
2339 3100 23 22 be

1813 3135 113 21 conducted
1942 3133 26 26 by
1991 3133 72 20 Messrs
2079 3132 58 20 Todd
2163 3132 57 20 Bros,
2242 3132 48 20 here
2313 3131 49 19 next

1813 3163 80 22 Friday,
1905 3162 36 20 the
1954 3161 36 20 6th
2005 3161 38 20 ult.
2071 3161 42 18 The
2126 3159 41 20 sale
2186 3159 83 20 consists
2287 3157 21 20 of
2328 3157 34 20 the

1813 3189 111 25 unexpired
1959 3189 53 19 lease
2032 3187 21 21 of
2076 3187 74 21 Messrs
2173 3186 107 21 Cockburn
2306 3184 56 21 Bros,

1813 3217 82 27 coalpit,
1922 3215 93 27 together
2031 3214 48 22 with
2100 3222 12 13 a
2126 3214 13 22 4
2157 3213 44 26 li.p.
2217 3213 78 26 engine,
2310 3211 52 22 force

1813 3252 72 20 pump,
1911 3243 139 22 blacksmith's
2067 3242 65 27 plant,
2146 3242 78 25 horses,
2253 3243 49 23 etc.,
2324 3240 38 20 and

1812 3273 62 20 offers
1883 3279 24 13 an
1918 3270 100 21 excellent
2027 3270 132 25 opportunity
2169 3269 32 21 for
2207 3269 58 20 those
2277 3267 85 25 wishing

1813 3302 21 18 to
1842 3300 65 21 invest
1914 3298 20 21 in
1942 3305 9 12 a
1959 3298 59 25 going
2023 3304 91 13 concern.

1838 3344 43 20 The
1902 3342 71 21 second
2008 3342 21 19 of
2053 3341 35 20 the
2109 3340 69 21 socials
2201 3340 58 25 given
2278 3340 27 25 by
2326 3339 36 20 the

1813 3371 122 21 Athenaeum
1968 3368 122 22 Committee
2123 3374 39 14 was
2189 3366 47 22 held
2267 3366 20 21 in
2320 3366 36 21 the

1813 3399 123 22 Athenaeum
1948 3397 49 21 Hall
2011 3397 40 21 last
2064 3396 92 26 evening,
2165 3396 39 21 and
2214 3394 76 28 proved
2306 3394 53 21 fully

1811 3434 21 13 as
1856 3425 107 27 enjoyable
1977 3432 21 13 as
2015 3424 36 20 the
2069 3424 51 20 first.
2147 3423 66 20 There
2228 3429 40 14 was
2282 3429 11 13 a
2313 3429 48 17 very

1811 3454 54 25 large
1878 3452 130 26 attendance,
2023 3451 36 20 the
2073 3451 59 25 night
2146 3448 211 27 beingexceptionalU

1810 3482 40 20 fine
1865 3480 39 21 and
1921 3479 118 23 everything
2050 3478 100 20 conduced
2165 3479 21 18 to
2200 3477 36 19 the
2249 3483 77 14 success
2340 3476 21 19 of

1810 3509 35 21 the
1860 3509 72 19 dance.
1959 3506 42 20 The
2016 3505 110 25 Roxburgh
2135 3505 59 20 Brass
2201 3504 58 21 Band
2266 3504 92 26 supplied

1810 3537 36 21 the
1862 3536 71 25 music,
1944 3533 64 22 which
2027 3540 46 19 was,
2087 3533 22 21 of
2126 3540 77 16 course,
2224 3532 21 20 of
2259 3531 35 21 the
2308 3531 52 27 bes%

1810 3565 38 20 and
1862 3564 32 21 Mr
1907 3563 30 21 W.
1945 3563 100 21 Kinaston
2054 3561 85 22 fulfilled
2147 3561 35 21 the
2191 3561 67 22 duties
2273 3560 20 20 of
2304 3560 54 21 M.C.

1809 3592 50 20 with
1874 3592 30 19 his
1914 3590 58 21 usual
1978 3589 79 26 ability.

1833 3638 50 20 Five
1902 3643 57 18 years
1977 3641 44 17 ago,
2041 3641 44 14 says
2102 3641 24 12 an
2146 3632 109 26 exchange,
2273 3632 86 20 Cheviot

1809 3672 39 13 was
1872 3670 9 14 a
1901 3664 62 21 sheep
1984 3662 59 20 walk.
2071 3661 63 20 What.
2154 3659 54 20 John
2238 3660 122 19 M'Kenzie's

1809 3691 65 27 policv
1885 3690 36 20 has
1927 3690 52 21 done
1993 3690 19 19 in
2024 3688 35 20 the
2068 3694 43 20 way
2121 3687 21 21 of
2151 3686 46 21 land
2213 3686 119 21 settlement
2338 3686 20 21 in

1810 3720 35 20 thi)
1864 3718 86 20 interval
1971 3718 16 19 is
2008 3716 113 21 illustrated
2146 3714 26 26 by
2195 3714 34 19 the
2255 3714 103 24 following

1810 3746 161 20 advertisement.
2097 3743 67 20 Christ
2168 3742 73 20 church
2258 3748 101 20 paper:

1890 3771 112 21 Theatrical
2050 3769 119 25 Companies
2205 3768 39 20 and
2283 3768 75 21 others.

1806 3802 62 20 Town
1892 3799 56 28 Hall,
1972 3798 94 21 Cheviot.
2092 3796 82 25 Seating
2208 3795 150 22 accomodation

1808 3829 43 21 400.
1879 3829 60 21 Stage
1952 3827 58 19 fitted
2027 3825 49 21 with
2092 3831 90 19 scenery,
2199 3824 107 24 footlights
2318 3824 38 20 and

1806 3857 51 24 drop
1892 3856 39 19 For
1956 3855 71 18 vacant,
2054 3852 57 20 dates
2138 3852 37 19 and
2205 3853 61 18 term.'
2290 3850 68 21 adress

1984 3880 92 22 Cheviot.
2114 3878 82 26 Sample
2227 3885 66 14 rooms
2326 3878 31 20 for

1806 3908 160 24 commercials'."

1834 3951 31 20 Mr
1904 3948 99 21 M'Ghie's
2123 3945 124 21 Andalusian
2293 3944 64 26 fowls,

1808 3976 115 23 mentioned
1940 3976 19 20 in
1978 3976 37 20 lat
2030 3975 53 19 issue
2098 3981 20 13 as
2132 3973 74 23 having
2222 3972 60 20 taken

1807 4008 21 19 at
1836 4005 108 21 Lawrence
1949 4003 39 22 and
1998 4001 80 26 Milton,
2082 4008 50 14 were
2139 4001 47 20 bred
2194 4000 26 26 by
2227 4000 128 26 MiW.Bloy,

1806 4034 21 20 of
1845 4034 113 21 Lawrence,
1976 4031 38 20 and
2029 4037 51 13 were
2099 4030 24 25 by
2140 4029 40 20 him
2195 4029 81 20 entered
2293 4028 63 21 there.

1809 4061 81 24 Flaving
1902 4060 61 19 taken
1975 4059 64 24 prizes
2049 4058 57 19 there
2121 4057 50 25 they
2179 4062 52 14 were
2240 4055 113 25 purchased

1806 4090 27 18 bv
1850 4088 31 20 Mr
1893 4086 91 26 M'Ghie,
2003 4085 45 21 who
2066 4084 81 20 entered
2165 4083 54 21 them
2240 4085 20 17 at
2277 4083 78 21 Milton,

1807 4116 74 23 where,
1905 4121 22 13 as
1946 4113 80 21 alread>'
2059 4112 73 25 stated,
2154 4111 49 20 thev
2225 4117 51 13 were
2300 4111 56 19 again

1806 4141 118 24 successful.
1954 4140 32 21 Mr
2021 4140 50 26 Blo.v
2104 4140 35 19 las
2174 4137 51 22 been
2262 4137 95 25 breeding

1807 4170 137 23 Andalusians
1960 4168 38 21 and
2019 4168 101 21 Dorkings
2141 4166 32 21 for
2188 4166 36 21 the
2238 4170 45 21 past,
2297 4172 58 13 reven

1807 4206 65 18 vears,
1884 4198 39 20 and
1938 4197 35 20 has
1987 4196 49 19 been
2048 4203 38 12 one
2099 4195 21 19 of
2133 4195 35 19 the
2179 4195 54 19 most
2247 4193 108 20 successful

1805 4226 86 21 fanciers
1906 4226 19 20 in
1939 4224 40 21 this
1993 4224 41 19 line
2048 4223 19 20 in
2082 4222 71 24 Otago.

1830 4274 42 21 The
1884 4271 110 26 Telegraph
2005 4271 133 26 Depaitnipnt
2145 4269 51 20 have
2207 4267 99 21 extended
2319 4267 34 19 the

1805 4301 108 23 telephone
1925 4299 75 20 service
2011 4302 20 16 to
2049 4298 29 20 Dr
2089 4297 90 20 IfuMin's
2195 4295 109 31 residency
2315 4295 38 19 and

1805 4329 25 20 be
1842 4328 38 20 will
1891 4334 46 13 now
1951 4326 25 19 be
1992 4326 19 19 in
2027 4324 168 21 commonication
2212 4323 48 19 with
2277 4321 76 21 Millers

1805 4356 52 21 Flat.
1870 4353 87 23 Ettrick,
1970 4352 37 21 and
2016 4352 47 21 Coal
2075 4351 63 22 Creek
2148 4350 64 21 direct
2230 4349 74 24 during
2319 4349 34 20 the

1805 4383 61 21 hours
1891 4382 20 22 in
1927 4380 66 22 which
2014 4380 35 21 the
2071 4378 105 26 Meeraph
2267 4377 48 20 h*re
2338 4376 15 21 is

1805 4411 73 23 closed,
1902 4410 39 20 and
1968 4409 42 20 also
2030 4415 24 12 on
2078 4407 92 25 Sundays
2197 4406 37 19 and
2255 4404 98 32 holidays.

1805 4439 79 22 During
1894 4437 37 20 th*
1941 4437 61 19 hours
2011 4436 19 19 in
2043 4434 65 20 which
2126 4434 36 19 the
2180 4432 101 23 tplearagh
2298 4432 55 19 office

1805 4465 16 20 ii
1833 4471 51 18 open
1892 4462 168 22 communication
2068 4460 48 21 with
2131 4460 35 20 the
2183 4459 69 20 doctor
2268 4458 48 25 will,
2332 4457 21 20 of

1806 4500 78 17 course,
1904 4492 23 19 he
1944 4491 20 21 in
1985 4490 34 20 the
2044 4488 94 26 ordinary
2160 4495 51 17 way.
2239 4486 43 21 The
2310 4492 43 14 now

1805 4521 141 24 arrangement
1969 4517 71 21 should
2060 4523 62 17 prove
2137 4514 129 32 exeepdinaiy
2285 4513 67 21 useful

1807 4550 21 17 to
1842 4547 35 20 the
1885 4546 86 20 doctor's
1978 4545 87 24 patients
2073 4545 19 19 in
2105 4542 194 27 outlying'distriets.

1832 4593 15 20 A
1872 4591 86 26 petition
1979 4589 36 20 has
2034 4588 50 20 been
2109 4587 112 22 forwarded
2239 4587 52 20 from
2317 4585 36 21 tli

1805 4620 99 21 residents
1930 4618 21 20 of
1972 4617 126 21 Dumbarton
2126 4617 21 19 to
2174 4615 35 20 the
2236 4615 48 20 Post,
2314 4613 38 21 and

1806 4647 109 24 Teleeraph
1927 4646 140 24 Department,
2079 4643 70 23 ask-'na
2158 4643 46 20 that
2216 4642 49 21 thev
2282 4641 24 20 be
2316 4642 37 25 put

1806 4676 19 19 in
1858 4673 116 26 telephonic
1994 4670 168 22 communication
2194 4678 25 13 on
2243 4669 36 21 the
2296 4676 55 13 same

1806 4702 78 21 tootine
1912 4708 21 13 as
1957 4700 34 21 EH
1994 4699 43 21 rick
2062 4698 38 20 and
2124 4698 46 20 Coal
2193 4697 72 21 Creek.
2293 4697 21 20 It
2337 4696 16 21 is

1807 4728 94 29 probable
1909 4728 34 20 the
1953 4727 86 27 petition
2047 4725 39 21 will
2093 4726 24 19 be
2124 4725 118 26 favourably
2249 4723 101 28 received,

1806 4766 21 13 ns
1837 4759 16 20 it
1862 4758 36 19 bfi
1911 4757 48 20 been
1982 4754 109 26 supported
2106 4753 27 26 by
2143 4754 36 21 the
2195 4754 70 20 renorfc
2280 4753 22 19 of
2317 4752 35 19 the

1806 4786 50 19 local
1864 4785 74 20 officer.
1962 4783 65 19 There
2032 4782 17 20 is
2056 4788 26 13 no
2088 4781 61 20 doubt
2156 4788 22 12 as
2185 4782 20 18 to
2212 4781 35 17 t,h
2255 4779 98 22 necessity

1807 4813 31 19 for
1849 4819 24 12 an
1884 4810 124 21 installation
2018 4812 21 16 at
2050 4807 135 24 Dumbarton,
2195 4812 22 14 ae
2227 4807 17 19 it
2254 4804 67 20 would
2331 4804 22 18 be

1806 4840 21 19 of
1838 4840 35 19 the
1882 4838 89 24 preateat
1980 4835 133 22 convenience
2123 4838 20 17 to
2157 4842 11 13 a
2174 4834 55 25 large
2236 4831 85 22 number
2331 4830 21 21 of

1807 4866 70 28 people
1887 4866 19 20 in
1916 4864 36 21 the
1966 4863 86 21 district.

1830 4914 18 19 Ji
1867 4912 68 25 handy
1950 4918 21 13 as
1986 4909 43 21 well
2041 4916 21 13 as
2072 4907 163 28 comprehensive
2244 4907 108 24 cate-ogue

1806 4947 21 20 of
1842 4946 49 21 fruit
1904 4947 61 21 trees,
1975 4943 74 24 plan's,
2058 4944 32 19 etc
2100 4960 5 9 ,
2114 4949 67 20 grown
2192 4941 31 21 for
2233 4940 41 22 sale
2283 4939 26 23 by
2320 4939 33 21 Mr

1808 4982 106 21 Morrison,
1928 4979 20 21 of
1957 4977 139 26 Warkworth,
2106 4975 126 26 Mahurangi,
2251 4975 35 20 has
2305 4975 43 26 just

1809 5016 85 22 reached
1908 5022 32 14 us.
1967 5014 21 21 It
2006 5012 90 22 includes
2111 5012 50 21 fruit
2178 5013 54 19 trees
2249 5010 21 21 of
2292 5016 60 20 etery

1810 5051 85 24 varietv,
1914 5048 38 20 and
1971 5047 51 21 >Jew
2039 5046 88 22 Zealand
2147 5051 86 20 growers
2246 5043 82 25 making
2341 5050 11 14 a

1809 5085 95 21 selection
1915 5084 51 19 from
1976 5082 41 20 this
2027 5081 102 27 catalogue
2136 5082 52 19 have
2195 5080 34 21 the
2239 5080 111 24 advantage

1806 5121 21 20 of
1838 5120 95 24 knowing
1941 5118 73 21 almost
2024 5118 21 19 to
2055 5123 12 14 a
2076 5117 99 26 certainty
2183 5116 47 20 that
2236 5115 48 21 such
2298 5116 52 19 trees

1805 5156 39 20 will
1856 5155 75 24 thrive,
1941 5160 21 14 as
1979 5154 32 19 Mr
2021 5153 98 19 Morrinon
2134 5153 16 19 is
2164 5151 44 20 well
2295 5150 52 19 from

1808 5191 31 21 his
1849 5197 44 13 own
1903 5187 119 26 knowledge
2036 5187 39 21 and
2087 5186 87 26 through
2184 5184 166 26 correspondents

1808 5226 20 19 of
1837 5224 35 21 the
1881 5222 114 21 necessities
2009 5228 21 13 as
2039 5223 22 19 to
2070 5221 34 21 soil
2121 5221 39 20 and
2173 5219 81 21 climate
2264 5218 27 20 all
2302 5224 47 14 over

1806 5259 52 21 New
1871 5257 94 22 Zealand.
1992 5256 92 20 Growers
2102 5256 39 20 will
2159 5254 43 21 find
2219 5254 17 19 ic
2253 5254 21 19 to
2296 5252 53 21 their

1805 5294 112 25 advantage
1927 5294 21 19 to
1961 5292 48 21 seud
2019 5291 32 21 for
2058 5291 40 21 this
2107 5290 109 26 catalogue.

1831 5339 44 21 Our
1888 5337 114 21 Beaumont
2011 5336 156 25 correspondent
2176 5333 66 20 writes
2284 5330 65 21 There

1807 5381 39 13 was
1856 5373 56 27 quite
1921 5379 12 13 a
1945 5378 38 13 run
1991 5377 25 13 on
2025 5370 37 20 the
2075 5370 68 20 shareg
2156 5369 22 20 of
2190 5367 35 21 the
2234 5365 115 21 Beaumont

1804 5405 142 28 Co-operative
1953 5403 113 28 Hydraulic
2074 5403 76 25 Mining
2163 5402 34 21 Co.
2207 5402 22 19 at
2234 5399 35 21 the
2278 5398 41 21 end
2329 5397 22 20 of

1803 5443 40 20 last
1856 5442 64 24 week,
1935 5440 40 21 and
1986 5439 69 21 shares
2067 5440 55 19 went
2136 5445 28 20 up
2183 5438 22 19 at
2222 5443 11 13 a
2242 5435 69 21 bound
2329 5436 20 17 to

1804 5477 70 27 nearly
1886 5476 58 21 three
1954 5475 59 21 times
2023 5474 54 22 their
2087 5474 77 21 market
2178 5470 139 23 valuefrom
2325 5469 21 20 4s

1803 5515 22 17 to
1834 5513 41 19 lis.
1901 5511 44 19 The
1957 5516 70 13 reason
2037 5516 40 13 was
2086 5510 35 19 the
2131 5508 99 21 excellent
2243 5506 103 25 prospects

1802 5544 66 22 found
1875 5545 20 20 in
1903 5543 79 26 sinking
1992 5544 21 18 to
2018 5544 38 24 put
2065 5543 21 19 in
2095 5542 36 20 the
2142 5541 104 23 elevators,
2260 5537 58 20 when
2334 5543 12 13 a

1803 5581 64 28 depth
1879 5579 21 23 of
1915 5579 26 22 25
1950 5579 42 21 feet
2008 5578 20 22 of
2042 5578 54 22 wash
2111 5585 40 14 was
2166 5573 123 27 discovered,
2303 5571 47 28 gold

1805 5616 81 24 bearing
1901 5614 56 26 right
1972 5612 95 27 through.
2093 5611 120 27 Operations
2227 5609 50 19 have
2295 5607 49 20 been

1804 5648 95 27 impeded
1908 5647 40 21 this
1958 5646 55 20 week
2027 5646 65 25 owing
2100 5647 22 19 to
2132 5645 34 21 the
2175 5641 92 25 bursting
2276 5640 21 21 of
2310 5639 35 20 the

1804 5683 56 27 pipeu
1874 5688 25 14 on
1910 5680 34 21 the
1954 5685 52 21 race,
2017 5678 38 22 but
2068 5678 36 22 the
2119 5682 92 21 manager
2230 5676 82 22 expects
2328 5673 22 20 to

1801 5719 52 20 have
1866 5716 119 27 everything
1990 5716 20 20 io
2024 5722 58 20 gomg
2089 5715 58 21 order
2152 5713 56 24 as?ain
2225 5711 19 21 iu
2263 5717 12 14 a
2287 5708 56 22 short

1800 5755 57 22 time.
1865 5753 4 24 |

2411 171 35 21 Mr
2460 171 31 22 M.
2507 171 53 22 Bern
2563 173 66 23 stone,
2648 170 37 21 the
2721 167 57 23 Paris
2813 167 69 24 tailor,
2898 164 35 22 wil

2385 197 53 22 hare
2446 198 38 21 the
2492 198 93 27 pleasure
2594 198 21 21 oi
2623 197 83 25 waiting
2712 202 24 14 on
2749 194 34 21 lis
2792 196 112 19 customers
2914 192 20 21 in

2385 224 37 22 the
2436 224 114 28 Roxburgh
2566 224 41 22 sad
2625 223 78 22 Millers
2716 222 47 22 flat
2777 221 92 21 districts
2885 220 50 19 nest

2387 253 64 26 week,
2464 253 61 27 being
2538 253 21 20 in
2578 251 112 27 Roxburgh
2705 258 26 14 on
2750 248 130 26 Wednesday
2895 246 40 22 and

2386 280 115 27 Thursday,
2510 280 60 21 when
2578 279 28 22 all
2616 276 54 31 order
2681 276 10 31 3
2702 276 43 31 will
2759 276 78 21 receive
2852 282 58 19 prom
2913 279 22 22 pi

2385 308 109 21 attention.

2411 347 30 21 As
2448 354 26 14 an
2484 347 96 21 evidence
2589 345 22 22 of
2625 346 37 20 the
2675 345 57 26 great
2742 344 85 21 interest
2836 341 63 21 taken
2916 341 19 21 in

2387 374 36 21 the
2434 375 80 24 coming
2522 374 86 21 election
2618 374 34 20 for
2660 374 95 21 Awaraa,
2766 372 17 20 it
2793 371 16 21 is
2823 369 80 26 worthy
2916 368 22 21 of

2390 402 92 22 mention
2496 401 47 20 that
2562 400 37 21 the
2614 400 167 25 supplementary
2801 397 38 21 roll
2855 397 82 20 already

2390 430 92 21 contains
2490 428 64 21 about
2563 427 38 22 800
2610 433 69 15 names
2713 426 44 21 The
2766 425 86 21 number
2862 430 24 14 on
2899 423 36 21 the

2390 458 54 21 main
2469 456 40 21 roll
2526 456 19 21 is
2567 456 54 21 2954.
2665 454 43 21 The
2731 452 115 22 Honorable
2865 452 21 20 J.
2910 451 27 21 G.

2390 485 83 20 Ward's
2482 484 83 21 Central
2575 483 122 20 Committee
2707 481 52 20 have
2773 479 122 27 guaranteed
2905 479 32 20 his

2391 512 79 22 "ex's"
2480 511 32 22 for
2523 510 37 23 the
2569 509 138 27 forthcoming
2716 508 83 21 election
2811 508 87 20 contest.

2413 554 29 20 At
2453 560 12 14 a
2473 552 90 24 meeting
2574 550 22 21 of
2604 550 36 21 the
2649 548 113 26 Roxburgh
2775 547 90 22 Football
2875 546 61 22 Ciul.

2388 580 48 21 held
2445 580 21 20 in
2476 580 36 20 the
2525 578 123 21 Athenaeum
2658 583 26 14 on
2694 576 103 25 Saturday
2806 574 94 25 evening,
2916 576 21 16 to

2389 606 92 22 consider
2502 613 12 14 a
2534 603 171 23 communication
2727 601 90 22 received
2835 601 53 21 from
2904 601 31 20 Mr

2389 634 90 22 Laidlaw
2488 633 73 27 asking
2573 632 38 21 the
2618 631 51 22 local
2686 630 47 22 club
2746 632 24 19 to
2783 630 48 21 take
2850 630 56 24 steps
2916 630 22 19 to

2389 663 52 19 have
2450 661 97 26 Tuapeka
2555 659 130 27 represented
2699 658 20 21 in
2731 658 41 20 this
2781 658 64 23 year's
2862 658 76 21 county

2391 689 98 26 matches,
2495 689 17 20 it
2519 694 41 14 was
2566 686 92 26 decided,
2663 685 74 21 should
2745 685 100 20 sufficient
2851 684 87 26 support

2390 717 26 20 be
2425 715 92 22 received
2527 715 53 21 from
2590 714 115 25 Lawrence,
2720 715 22 18 to
2756 714 97 23 compete.
2883 712 28 20 As
2921 710 17 21 it

2392 745 16 20 is
2418 742 124 28 anticipated
2551 742 60 21 there
2620 741 41 21 will
2671 740 25 22 be
2713 740 101 26 difficulty
2825 740 20 20 in
2860 738 78 26 getting

2392 779 11 14 a
2411 773 54 19 team
2475 773 22 19 to
2506 777 25 20 go
2540 771 22 20 to
2575 769 98 23 Vincent,
2685 775 24 13 an
2721 769 62 19 effort
2797 767 39 21 will
2847 766 25 22 be
2881 766 57 21 made

2392 802 21 18 to
2423 800 52 20 hare
2490 799 36 21 the
2545 797 69 22 match
2629 796 72 27 played
2714 796 20 20 in
2749 794 121 29 Roxburgh.
2896 794 42 21 The

2392 827 104 26 following
2505 832 51 15 were
2565 824 109 27 appointed
2684 831 11 13 a
2709 823 122 24 committee,
2843 824 22 18 to
2876 823 32 19 act
2918 821 19 21 in

2394 855 129 27 conjunction
2534 853 49 21 with
2595 853 106 21 Lawrence
2715 852 19 20 in
2750 851 82 23 making
2842 850 35 20 the
2891 849 47 21 final

2393 884 159 24 arrangements:
2555 881 99 21 Messrs
2660 881 18 21 I.
2688 880 22 21 B.
2724 879 118 26 Rooney,T.
2849 877 89 24 Michel),

2393 911 33 20 W.
2442 910 86 24 George,
2542 909 36 20 W.
2591 908 136 20 Winchester.

2420 949 47 22 Moa
2482 948 47 21 Elat
2547 948 72 25 estate,
2629 954 12 14 a
2656 945 91 23 freehold
2759 945 40 22 and
2919 942 20 21 in

2395 976 95 25 Toapeka
2501 976 89 25 County,
2601 974 62 25 lately
2670 973 35 21 the
2715 975 96 24 property
2821 972 23 20 of
2852 971 34 21 the
2892 971 36 19 Vic-

2395 1004 66 21 torian
2472 1003 62 21 Clark
2543 1002 78 27 family,
2628 1001 37 21 has
2670 1001 61 20 fallen
2740 1001 43 19 into
2797 1000 33 20 ths
2840 999 65 20 hands
2919 999 20 19 of

2394 1032 22 20 of
2433 1032 36 19 the
2488 1032 123 24 mortgagees
2613 1035 63 14 one
2693 1029 21 20 of
2731 1029 35 20 the
2775 1027 33 26 big
2822 1026 117 22 Australian

2394 1059 88 22 bankine
2495 1056 193 23 institutionsand
2705 1056 49 25 they
2778 1054 66 21 would
2860 1053 78 24 realise,

2394 1086 17 21 if
2427 1086 85 25 pcsrible
2531 1084 76 26 (writes
2624 1084 37 20 the

2394 1114 48 20 This
2467 1114 71 24 estate,
2559 1118 37 14 one
2613 1111 22 20 of
2645 1110 36 21 the
2696 1110 75 25 largest
2781 1110 19 20 in
2811 1110 35 19 the
2860 1108 79 26 colony,

2395 1140 67 22 would
2481 1147 57 19 carry
2557 1146 11 14 a
2586 1139 54 24 large
2657 1138 125 26 population,
2794 1144 21 13 as
2825 1136 35 21 the
2869 1136 35 20 soil
2922 1137 16 19 is

2392 1169 42 20 rich
2463 1168 39 21 and
2526 1167 35 22 the
2581 1166 82 22 climate
2684 1165 40 20 and
2752 1165 78 25 general
2853 1163 85 22 facilties

2393 1196 107 20 excellent.
2528 1195 39 20 We
2588 1201 36 14 can
2648 1192 123 26 confidently
2792 1192 84 20 endorse
2902 1197 37 14 our

2392 1222 171 26 contemporary's
2579 1221 121 20 statements
2712 1227 21 14 as
2752 1221 21 19 to
2787 1220 36 20 the
2838 1218 60 21 value
2917 1218 22 21 of

2391 1250 36 22 the
2451 1251 106 26 property,
2580 1248 39 22 and
2637 1254 29 14 we
2680 1247 53 27 hope
2749 1247 36 21 the
2799 1247 140 22 Government

2392 1279 40 20 will
2451 1279 35 26 yet
2495 1284 33 14 see
2538 1277 54 20 their
2608 1283 43 19 way
2663 1277 22 18 to
2694 1282 69 14 secure
2772 1275 41 20 this
2829 1274 62 26 really
2899 1274 39 21 fine

2391 1307 65 20 estate
2465 1305 32 21 for
2509 1305 36 21 the
2554 1310 88 20 purpose
2650 1303 22 20 of
2681 1303 52 20 cloge
2749 1302 125 21 settlement.

2416 1347 19 20 A
2455 1345 85 21 circular
2552 1343 37 21 has
2606 1342 84 21 reached
2705 1349 24 13 tis
2743 1341 53 22 from
2810 1341 36 20 the
2860 1341 80 21 Christ'

2391 1373 75 21 church
2482 1370 147 28 Metaphysical
2640 1370 60 26 Club,
2711 1370 34 20 the
2755 1369 68 27 object-
2837 1369 22 20 of
2873 1368 64 21 which

2390 1401 17 21 is
2427 1401 65 21 stated
2510 1401 23 20 to
2550 1399 25 20 he
2592 1398 36 21 the
2649 1397 131 26 propagation
2799 1396 21 20 of
2894 1403 45 13 new

2555 1428 21 19 to
2597 1426 92 24 promote
2702 1425 87 20 interest
2804 1423 21 21 in
2846 1423 38 21 and
2903 1424 36 19 the

2394 1456 87 24 practice
2495 1455 22 20 of
2532 1462 11 13 a
2557 1452 94 27 spiritual
2665 1451 122 25 philosophy
2802 1451 22 19 of
2842 1451 46 20 Life
2900 1451 38 19 and

2395 1482 76 21 Health
2485 1482 27 25 (in
2523 1481 53 26 large
2587 1478 99 27 capitals),
2696 1479 21 19 to
2726 1477 84 23 develop
2817 1478 38 20 self
2862 1478 78 20 culture

2396 1510 88 27 through
2498 1510 55 24 right
2577 1507 102 24 thinking,
2700 1509 22 16 to
2734 1505 105 20 stimulate
2854 1505 52 20 faith
2920 1506 19 18 in

2395 1538 39 20 and
2444 1536 36 22 the
2493 1536 62 27 study
2568 1533 21 23 of
2601 1533 47 21 Man
2656 1533 39 20 and
2705 1532 31 20 his
2746 1532 85 21 Telation
2843 1534 20 18 to
2872 1531 69 21 heabh

2395 1565 39 21 and
2456 1564 116 26 happiness,
2596 1561 38 21 and
2658 1559 70 26 finally
2752 1561 23 19 to
2797 1560 88 20 advance
2907 1559 35 21 the

2397 1592 117 25 intelligent
2522 1591 39 21 and
2571 1588 118 28 systematic
2705 1589 112 19 treatment
2830 1587 23 21 of
2867 1587 76 21 disease

2397 1620 89 26 through
2502 1618 62 23 mind.
2592 1617 28 20 To
2639 1623 37 14 our
2695 1614 174 25 nnphilosophical
2888 1615 55 20 mind

2395 1648 41 19 this
2448 1648 26 19 all
2487 1646 74 21 sounds
2569 1651 49 18 very
2628 1643 60 21 much
2698 1642 42 20 like
2750 1642 98 23 Humhnp
2862 1643 56 22 (with
2933 1648 12 12 a

2399 1674 54 23 Isrpe
2471 1674 38 25 H),
2531 1672 38 20 but
2591 1676 78 19 anyone
2692 1669 96 24 yearning
2811 1669 32 19 for
2864 1668 81 20 furthpr

2399 1700 131 21 information
2549 1706 24 14 on
2595 1697 35 22 the
2649 1696 79 27 subject
2747 1702 36 14 can
2801 1695 58 21 write
2878 1697 22 18 to
2914 1695 31 20 Mr

2399 1729 92 20 O'Brvan
2515 1728 75 24 Hoare,
2613 1724 111 24 chairman,
2739 1730 24 14 or
2776 1724 22 18 to
2817 1723 50 21 Miss
2881 1723 64 21 Franc

2399 1756 90 26 Garstin,
2499 1754 77 23 mental
2586 1753 76 26 healer,
2674 1751 152 22 Christchurch.

2414 1802 106 25 Certainly
2534 1800 36 21 the
2583 1800 55 20 most
2652 1799 93 21 effective
2758 1798 101 21 medicine
2872 1797 19 19 in
2908 1797 36 19 the

2389 1831 61 20 world
2470 1830 17 21 is
2504 1828 115 21 SANDER
2631 1827 40 20 and
2688 1825 77 22 SON'S'
2779 1823 163 23 EUCALYPTI

2388 1856 137 24 EXTRACT.
2551 1856 49 20 Test
2607 1855 27 20 its
2760 1853 99 26 powerful
2869 1852 72 20 affects

2389 1887 20 21 in
2422 1885 82 25 coughs,
2515 1883 62 25 colds,
2587 1882 107 21 influenza
2703 1889 6 18 ;
2732 1881 37 21 the
2778 1880 60 22 relief
2846 1880 16 20 is
2872 1879 65 20 instan-

2391 1917 89 17 taneous.
2513 1912 24 20 In
2552 1910 77 21 serious
2640 1916 54 13 cases
2708 1909 40 20 and
2763 1908 79 21 acciden
2857 1914 9 13 s
2882 1906 22 20 of
2917 1905 19 22 j-I

2391 1941 66 21 kinds,
2469 1940 25 20 be
2503 1939 50 25 they
2563 1936 92 24 wounds,
2666 1936 68 23 burn*,
2744 1936 105 21 caldins.
2869 1934 78 20 bruises

2391 1969 85 25 sprains,
2485 1967 17 20 it
2510 1967 18 20 is
2536 1966 36 20 the
2581 1964 62 21 safest
2653 1964 136 20 remedvno
2799 1962 147 21 swellingno

2389 1995 156 23 inflammation.
2573 1992 50 21 Like
2632 1992 112 25 surprising
2756 1992 72 19 effects
2839 1987 105 28 produced

2389 2024 19 20 in
2422 2028 70 19 croup,
2503 2019 108 27 diptheria,
2627 2019 117 23 bronchitis,
2758 2016 148 22 inflammation
2922 2014 23 20 of

2390 2050 36 21 the
2447 2049 67 26 lnngs,
2528 2046 108 26 swellings,
2645 2047 38 20 etc.
2707 2046 109 23 diarrhoea,
2832 2044 112 24 dysentrv,

2389 2079 89 20 diseases
2488 2077 20 20 of
2518 2075 35 21 the
2567 2074 86 26 kidDeys
2662 2074 40 20 and
2718 2074 82 25 urinary
2811 2078 78 15 organs.
2919 2070 25 21 In

2434 2110 19 12 at
2460 2103 28 21 all
2496 2101 98 26 hospitals
2600 2101 40 20 and
2648 2101 84 20 medi-al
2739 2101 74 21 clinics,
2828 2098 91 26 patron's
2932 2097 13 20 d

2388 2133 27 23 by
2424 2132 38 20 His
2474 2131 87 25 Majesty
2572 2128 36 20 the
2619 2127 55 26 King
2683 2127 22 21 of
2716 2127 63 26 Italy,
2789 2125 92 22 crowned
2900 2124 46 21 .vi*h

2389 2160 66 21 medal
2466 2158 39 21 and
2515 2156 90 27 diploma
2614 2158 22 18 at
2649 2155 150 21 International
2815 2153 127 25 Exhibition,

2389 2186 139 22 Amsterdam.
2554 2183 65 21 Trist
2628 2190 20 13 m
2661 2183 40 19 this
2711 2182 103 26 approved
2825 2180 71 21 article
2906 2180 39 20 and

2388 2215 63 25 reject
2459 2213 28 21 all
2497 2213 75 20 others.

2416 2254 17 20 A
2445 2253 68 20 writer
2523 2251 19 21 in
2558 2251 36 22 the
2869 2246 77 25 signing

2390 2280 84 21 himself
2483 2280 26 21 R.
2520 2279 93 26 Carrick,
2623 2279 36 21 has
2669 2279 51 21 been
2732 2279 64 24 airing
2807 2277 31 20 his
2854 2274 92 27 opinions

2393 2308 49 22 with
2461 2309 79 26 rotpect
2559 2310 21 18 to
2598 2308 36 20 the
2647 2304 200 26 Heriot-Roxburgh
2864 2301 80 22 railwav

2392 2336 113 23 extension,
2516 2343 12 12 a
2538 2336 81 25 subject
2627 2341 56 19 upon
2692 2335 64 20 which
2764 2335 25 19 he
2797 2338 86 20 appears
2894 2331 21 18 to
2921 2330 24 18 be

2391 2370 49 19 very
2450 2362 59 26 hazy,
2525 2362 38 21 but
2582 2369 25 13 on
2617 2362 66 20 which
2699 2363 24 19 he
2741 2361 66 20 writes
2824 2358 49 21 with
2888 2359 58 24 great

2392 2390 55 22 show
2455 2389 21 22 of
2483 2389 115 27 authority.
2625 2389 43 22 The
2676 2390 72 21 extent
2756 2388 21 22 of
2784 2388 32 21 his
2825 2383 119 26 knowledge

2390 2419 21 20 of
2420 2418 37 21 the
2467 2420 86 20 country
2563 2425 26 14 on
2598 2417 35 21 the
2646 2419 59 19 route
2721 2424 47 18 may
2786 2416 25 20 be
2826 2413 76 28 gauged
2918 2412 27 25 by

2391 2447 35 20 the
2436 2446 42 21 fact
2488 2446 46 21 that
2551 2446 26 21 he
2588 2446 54 20 talks
2658 2446 22 20 of
2699 2445 35 21 the
2751 2440 194 28 Roxburgh-Heriot

2391 2474 106 21 extension
2527 2474 89 24 crossing
2642 2473 35 20 the
2692 2473 40 20 Old
2753 2473 45 20 Man
2823 2476 71 19 range*
2922 2470 24 17 to

2391 2501 119 20 Alexandra
2531 2501 39 20 and
2594 2500 64 20 about
2680 2500 35 20 the
2740 2498 98 27 proposed
2862 2495 82 25 railway

2391 2528 103 26 diverting
2516 2528 36 21 the
2568 2527 94 21 Waikaia
2685 2526 109 28 (Switzer)
2813 2524 65 22 traffic
2892 2523 52 20 from

2391 2556 117 22 Southland
2532 2559 22 18 to
2580 2555 105 23 Dunedin.
2713 2555 38 21 His
2775 2552 167 24 communication

2392 2585 36 20 has
2439 2585 49 20 been
2499 2583 78 27 replied
2591 2586 21 17 to
2622 2583 26 26 by
2659 2583 36 21 the
2703 2584 99 24 secretary
2813 2582 21 19 of
2843 2581 36 20 the
2894 2579 48 20 local

2391 2613 70 24 league
2473 2612 38 20 and
2521 2612 26 23 by
2558 2611 35 20 Mr
2603 2611 33 20 W.
2654 2611 60 26 Quin,
2727 2607 104 30 Tapanui;
2854 2608 60 19 while
2923 2607 20 19 in

2392 2639 110 26 Tuesday's
2513 2638 48 21 Hast
2569 2638 83 25 week's)
2664 2639 52 20 issue
2727 2637 21 21 of
2758 2637 35 21 the

2393 2668 61 21 News
2485 2667 32 21 Mr
2526 2666 57 21 John
2594 2665 59 26 Edie,
2664 2665 23 22 of
2697 2665 113 25 Dunrobin,
2826 2663 21 21 in
2857 2670 25 14 an
2897 2662 47 27 ably

2393 2696 80 20 written
2487 2695 61 20 letter
2556 2695 58 19 takes
2622 2694 42 20 him
2679 2693 89 25 severely
2779 2694 22 18 to
2812 2692 43 20 tssk
2872 2698 25 13 on
2909 2689 34 21 the

2391 2722 80 26 subject
2478 2722 50 20 also.
2557 2721 50 20 Pooi
2615 2721 34 20 Mr
2659 2721 82 20 Carrick
2749 2721 5 19 !
2770 2719 26 20 he
2807 2719 40 19 will
2857 2718 87 20 hesitate

2389 2749 68 21 before
2468 2749 84 25 rushing
2565 2748 44 21 into
2617 2748 56 25 print
2682 2748 57 26 ag*in
2741 2764 7 14 5
2755 2754 31 14 we
2795 2745 73 22 should
2875 2744 67 26 think,

2389 2777 54 20 until
2455 2777 25 20 he
2490 2777 17 19 is
2516 2776 66 20 better
2588 2775 108 21 informed.
2755 2783 10 6 -

2415 2817 33 20 Mr
2513 2815 106 26 Beetham,
2629 2821 26 13 an
2665 2812 132 27 experienced
2809 2811 132 22 viticulturist

2389 2852 18 13 in
2420 2844 35 21 the
2475 2843 126 26 Wairarapa,
2618 2841 130 22 interviewed
2758 2848 25 14 on
2794 2841 47 20 vine
2854 2840 87 26 growing

2390 2872 25 26 by
2426 2880 12 12 a
2452 2870 161 27 representative
2621 2870 21 19 of
2654 2869 34 20 the
2722 2869 65 22 Otago
2793 2867 60 26 Daily

2390 2898 91 26 recently
2502 2898 64 26 spoke
2583 2904 22 13 as
2621 2896 79 21 follows
2763 2896 45 20 You
2827 2895 52 20 have
2893 2894 48 20 been

2391 2925 117 27 frequently
2525 2924 82 20 assured
2617 2931 26 13 on
2655 2923 36 20 the
2709 2923 106 25 authority
2824 2923 20 19 of
2861 2924 80 23 experts

2391 2954 46 20 that
2447 2953 20 21 in
2481 2951 86 23 Central
2575 2951 65 26 Otago
2650 2957 40 19 you
2700 2956 92 21 po,esa
2802 2949 139 26 fruitgrowing

2390 2982 80 19 district
2490 2980 22 20 of
2521 2979 129 25 magnificent
2661 2978 132 26 capabilities.
2822 2978 39 19 For
2870 2976 71 23 myse'f

2391 3008 10 21 I
2413 3008 91 21 consider
2510 3006 46 21 that
2566 3005 112 21 theTeviot
2688 3005 54 26 plain
2757 3004 39 21 and
2810 3004 56 20 those
2879 3003 62 26 Clyde

2391 3039 85 16 terraces
2486 3033 109 25 eminntlj
2603 3034 68 18 suited
2679 3034 20 17 to
2708 3032 142 25 vinegrowing.
2876 3030 65 20 There

2390 3062 17 19 is
2421 3069 12 12 a
2450 3067 50 19 very
2513 3059 93 20 essential
2624 3059 65 24 point,
2709 3060 42 20 too,
2770 3058 64 19 which
2845 3059 55 18 must
2918 3056 23 20 be

2391 3088 62 20 borne
2466 3087 21 20 in
2505 3086 56 21 mind
2579 3085 21 20 in
2617 3084 111 25 discussing
2737 3084 35 20 the
2790 3084 121 24 advantages
2920 3083 21 19 of

2391 3114 126 23 viticulture.
2544 3114 22 21 It
2585 3113 16 22 is
2616 3120 24 14 an
2655 3112 95 26 industry
2765 3112 73 24 which,
2849 3110 32 22 far
2888 3110 52 21 from

2391 3143 106 24 absorbing
2524 3142 36 21 the
2592 3141 42 21 rich
2662 3140 58 21 lands
2751 3140 22 20 of
2798 3140 36 20 the
2860 3139 79 25 colony,

2391 3171 42 20 will
2459 3170 69 20 utilise
2559 3168 39 21 and
2633 3168 73 21 render
2739 3167 71 26 highly
2846 3166 95 21 valuable

2391 3198 36 20 the
2455 3203 72 21 poorer
2557 3196 65 25 lands,
2658 3194 64 21 which
2758 3201 35 14 are
2822 3193 119 20 unsuitable

2391 3228 21 18 to
2421 3225 36 21 the
2464 3224 93 24 ordinary
2564 3222 130 27 igricultural
2701 3222 39 21 and
2747 3222 87 26 pastoral
2843 3221 98 27 pursuits.

2392 3253 39 21 For
2450 3252 100 25 example,
2561 3251 11 19 I
2586 3250 78 20 believe
2673 3250 74 25 myself
2756 3250 47 19 that
2819 3249 35 20 the
2863 3248 78 26 pumiee

2391 3287 12 19 p
2407 3275 2 31 !
2413 3280 43 20 ains
2475 3279 22 20 of
2504 3279 35 19 the
2554 3277 96 21 Waikato
2662 3277 39 20 and
2709 3276 36 21 the
2751 3283 49 19 poor
2808 3276 63 25 rocky
2885 3275 56 20 lands

2391 3307 21 20 of
2429 3306 84 22 Central
2523 3305 73 25 Otago,
2606 3304 49 20 with
2666 3304 53 20 their
2741 3310 68 18 sparse
2823 3303 36 20 soil
2871 3302 70 25 spread

2390 3341 48 13 over
2453 3333 90 20 terraced
2554 3331 97 25 hillsides,
2660 3331 65 25 might
2735 3331 27 20 all
2769 3330 25 20 be
2804 3330 83 20 utilised
2901 3330 40 19 and

2391 3360 97 22 rendered
2497 3361 49 20 most
2556 3358 94 21 valuable
2659 3357 27 27 by
2695 3357 47 21 vine
2751 3357 87 21 culture.

2547 3436 126 40 Millers
2702 3434 79 41 Flat.

2539 3519 53 22 Own
2606 3519 185 21 Cokrebpondent

2424 3558 23 24 A
2479 3556 117 33 meeting
2624 3553 28 27 of
2686 3553 46 27 the

2390 3594 136 31 Dredging
2539 3592 35 26 Co
2591 3591 60 26 took
2665 3591 73 33 place
2751 3591 26 25 in
2794 3590 42 25 Mr
2857 3589 64 24 Rich-

2388 3631 116 27 ardson's
2515 3630 79 25 house
2605 3637 33 16 on
2651 3627 42 26 Sal
2700 3636 23 17 at
2730 3627 58 30 day,
2813 3627 44 25 the
2876 3625 62 26 24th

2387 3670 60 25 inst.
2487 3666 43 25 Mr
2542 3665 106 33 Grogan
2670 3673 52 17 was
2747 3665 27 26 in
2794 3664 46 24 the
2859 3662 78 26 chair,

2387 3706 53 26 and
2464 3704 36 26 all
2523 3703 44 26 the
2589 3702 183 26 shareholders
2793 3709 67 17 were
2882 3709 42 24 pre-

2387 3745 64 24 sent.

2421 3780 26 26 It
2461 3788 52 17 was
2532 3777 126 36 proposed
2682 3777 52 25 and
2756 3775 102 28 carried
2880 3774 58 26 that

2386 3819 50 25 450
2449 3818 89 25 shares
2557 3816 33 25 be
2600 3815 92 33 placed
2713 3824 32 17 on
2767 3815 46 25 the
2835 3812 103 26 market

2387 3856 52 25 and
2451 3853 99 26 offered
2562 3855 28 22 to
2600 3852 45 25 the
2658 3852 99 33 public,
2769 3861 21 16 a-
2804 3851 23 28 d,
2851 3850 22 25 if
2893 3851 45 23 not

2387 3891 121 35 disposed
2528 3889 27 26 of
2573 3889 95 26 within
2694 3898 15 16 a
2721 3888 123 34 specified
2865 3887 71 28 time,

2386 3929 60 26 that
2469 3928 45 26 the
2539 3929 106 33 present
2668 3925 185 27 shareholders
2884 3923 52 26 will

2386 3966 61 26 take
2458 3966 71 26 them
2543 3973 36 25 np
2593 3973 95 24 among
2701 3962 164 27 themselves.

2420 4004 26 26 It
2465 4011 52 18 was
2531 4002 55 26 also
2600 4001 127 34 proposed
2749 4000 61 27 that
2820 4008 15 17 a
2856 3999 64 35 depu-

2386 4042 84 25 tation
2484 4040 26 25 of
2524 4039 44 26 the
2582 4037 182 28 shareholders
2778 4038 60 25 wait
2847 4046 32 16 on
2893 4036 45 26 the

2386 4079 126 25 directors
2526 4076 27 26 of
2566 4076 45 25 the
2630 4075 101 26 Golden
2750 4075 61 26 Run
2835 4074 91 33 Dredg

2385 4116 64 33 ging
2464 4114 45 26 Co.
2526 4113 49 25 and
2597 4112 150 26 endeavour
2767 4115 27 22 to
2818 4120 72 18 come
2912 4114 26 22 to

2385 4152 196 35 arrangements
2595 4159 26 16 re,
2642 4149 45 27 the
2706 4149 127 36 purchase
2853 4148 27 26 of
2893 4148 45 26 the

2385 4190 100 25 Golden
2566 4188 109 34 dredge;
2695 4187 138 26 otherwise
2840 4186 97 25 Messrs

2387 4226 82 36 Ryley
2494 4227 51 25 and
2578 4227 78 33 party
2683 4223 68 27 have
2773 4223 97 27 offered
2892 4222 45 26 the

2383 4273 129 25 company
2522 4263 45 26 the
2587 4262 86 25 Edina
2698 4262 97 33 dredge
2814 4270 32 16 on
2872 4268 63 25 very

2385 4302 90 25 liberal
2487 4303 88 23 terms.
2600 4298 62 26 lam
2672 4298 41 26 led
2725 4302 27 22 to
2762 4296 173 29 understand,

2383 4337 126 31 however,
2532 4337 60 25 that
2616 4336 45 25 the
2686 4335 127 27 directors
2839 4334 26 25 of
2890 4333 45 25 the

2383 4374 101 27 Golden
2524 4374 56 25 Hun
2613 4373 52 26 will
2695 4373 68 26 close
2794 4371 63 26 with
2890 4371 46 25 the

2384 4412 169 33 Bengerburn
2567 4411 134 33 Company
2719 4419 31 15 on
2764 4410 68 25 their
2845 4411 89 23 terras.

2436 4502 180 41 Lawrence
2644 4500 97 41 News
2769 4498 113 42 Notes.

2514 4584 61 25 (Own
2589 4581 203 23 Correspondent.)

2420 4624 16 23 A
2453 4622 75 26 rathe
2542 4619 103 36 painful
2667 4619 118 26 accident
2799 4617 78 26 befell
2893 4616 39 27 Mr

2383 4661 60 25 Wm
2463 4659 143 29 Chalmers,
2619 4654 167 32 blacksmith,
2799 4655 51 25 lost
2858 4654 74 31 week,

2383 4699 75 24 when
2470 4697 33 25 he
2517 4694 131 34 narrowly
2660 4692 112 34 escaped
2789 4692 87 30 losing
2889 4692 43 25 the

2382 4735 72 35 sight
2466 4734 27 25 of
2510 4742 47 16 one
2571 4731 28 27 of
2618 4730 40 26 his
2677 4738 67 25 eyes.
2783 4728 38 25 On
2845 4728 73 31 bring-

2382 4774 47 31 ing
2441 4781 15 15 a
2469 4771 85 31 heavy
2564 4769 72 31 piece
2649 4767 27 24 of
2689 4767 56 22 ii'on
2759 4767 26 22 to
2797 4764 46 25 the
2853 4765 79 27 anvil,

2382 4811 27 23 at
2429 4806 115 32 welding
2564 4804 68 27 heat,
2655 4804 28 23 to
2703 4801 32 25 be
2761 4800 103 24 worked
2888 4799 44 26 the

2382 4842 151 37 apprentice
2551 4838 88 29 struck
2660 4847 33 17 on
2717 4837 20 25 it
2761 4836 63 25 with
2848 4845 14 16 .a
2883 4839 49 23 wet

2383 4882 124 27 hammer,
2517 4878 108 32 causing
2637 4876 46 25 the
2695 4874 58 34 slag
2765 4877 27 22 to
2811 4873 41 35 fly,
2862 4883 70 16 some

2382 4918 28 26 of
2422 4919 21 25 it
2454 4916 120 33 entering
2597 4915 39 24 his
2655 4920 66 26 eyes,
2744 4911 188 31 necessitating

2382 4965 16 17 a
2413 4956 61 25 visit
2488 4958 26 22 to
2536 4953 39 25 Dr
2596 4950 62 26 New
2663 4949 42 30 all,
2730 4948 58 25 who
2809 4948 122 25 removed

2383 4993 78 26 much
2475 4991 27 26 of
2514 4990 46 26 the
2573 4987 125 27 offensive
2711 4988 97 22 matter
2821 4985 51 25 and
2895 4993 24 16 re-

2383 5028 170 30 commended
2566 5027 55 25 him
2642 5027 27 23 to
2694 5032 30 23 go
2748 5025 27 22 to
2800 5021 131 26 Dunedin.

2383 5068 86 26 where
2483 5066 32 25 he
2525 5074 57 16 now
2596 5064 28 28 is,
2647 5061 84 25 under
2754 5059 45 25 the
2824 5068 58 17 care
2906 5059 26 25 of

2383 5105 39 26 Dr
2439 5103 151 34 Fergusson.
2625 5099 13 26 I
2663 5096 162 27 understand
2850 5098 33 24 he
2907 5096 21 25 is

2382 5142 109 32 making
2503 5136 166 34 satisfactory
2682 5143 119 25 progress
2816 5133 114 25 towards

2381 5185 129 26 recovery.

2417 5215 41 26 On
2472 5212 115 34 Monday
2599 5210 111 33 evening
2723 5207 51 26 last
2793 5206 46 27 the
2864 5205 63 27 Uev.

2381 5253 27 25 J.
2422 5252 29 25 D.
2467 5251 66 33 Jory
2545 5247 141 28 succeeded
2707 5245 27 25 in
2756 5244 175 34 establishing

2382 5301 15 15 a
2410 5289 76 27 Band
2498 5288 27 26 of
2538 5287 83 33 Hope,
2635 5285 68 26 close
2713 5291 31 17 on
2755 5281 33 26 30
2799 5280 131 36 juveniles

2381 5327 104 33 coming
2504 5323 116 26 forward
2632 5324 28 22 to
2678 5320 61 26 take
2757 5318 46 25 the
2827 5318 101 34 pledge,

2381 5363 79 25 while
2489 5362 72 33 quite
2591 5369 16 15 a
2636 5357 111 26 number
2775 5355 28 25 of
2831 5355 99 25 seniors

2380 5399 90 36 joined
2483 5407 28 17 as
2524 5397 130 33 honorary
2667 5393 136 26 members.

2415 5437 54 24 The
2488 5435 102 26 Golden
2602 5433 62 25 Rise
2677 5434 78 31 party
2768 5438 43 17 are
2822 5430 90 24 extend-

2380 5477 46 32 ing
2435 5473 70 26 their
2516 5472 78 26 claim
2608 5472 28 24 at
2648 5467 204 29 Wetherstones,
2877 5466 50 26 and

2380 5513 67 23 have
2459 5510 81 24 taken
2558 5516 36 23 up
2606 5507 80 23 about
2710 5504 34 24 30
2768 5512 71 16 acres
2858 5511 71 16 more

2380 5544 110 39 ground.
2526 5543 72 34 They
2610 5540 93 27 intend
2721 5538 181 33 constructing
2914 5546 15 18 a

2380 5584 95 33 dredge
2488 5584 27 25 to
2527 5580 70 27 work
2611 5579 45 26 the
2669 5578 79 26 lower
2768 5576 50 26 end
2841 5575 30 26 of
2883 5576 45 26 the

2378 5621 85 31 claim,
2479 5619 78 27 while
2571 5617 46 27 the
2629 5614 137 38 hydraulic
2777 5623 87 24 power
2873 5613 53 25 will

2377 5661 32 24 be
2423 5659 63 33 kept
2498 5659 29 23 at
2539 5654 72 26 work
2632 5652 105 27 further
2753 5659 36 26 up
2810 5651 46 25 the
2879 5651 45 24 flat

2377 5697 50 27 and
2442 5706 30 16 on
2487 5694 44 26 the
2543 5692 50 26 hill
2606 5691 96 36 points.

2410 5734 55 26 The
2480 5731 112 28 weather
2613 5729 47 26 has
2681 5727 76 35 again
2778 5725 80 28 taken
2879 5734 36 27 np

2962 177 52 24 and
3044 176 65 25 with
3140 176 47 25 ibe
3210 175 139 34 exception
3374 174 29 25 of
3424 184 17 15 a
3467 173 50 26 f<*w

2962 213 108 35 squalls,
3089 213 23 25 it
3142 213 22 25 is
3188 221 58 17 uow
3268 211 35 26 all
3329 211 61 26 that
3413 220 49 17 tan
3486 210 32 26 he

2964 250 112 27 desired.

3121 336 238 52 Cablegrams.

3032 443 76 28 THE
3128 442 203 29 KLONDIKE
3352 442 103 30 GOLD

3128 483 227 29 DISCOVERY.

3210 537 125 35 London,
3349 536 66 38 July
3434 537 45 28 22.

3002 576 121 29 Further
3159 577 146 38 telegrams
3343 577 71 27 have
3444 577 70 27 been

2965 617 123 29 received
3128 616 71 30 from
3232 617 103 29 British
3368 615 144 31 Columbia

2965 658 159 37 describing
3135 657 47 28 the
3202 657 151 29 additional
3374 657 67 38 gold
3461 657 40 28 dis-

2965 697 119 29 coveries
3119 700 28 25 at
3172 697 149 29 Klondike.
3360 697 60 29 The
3442 695 58 31 auri-

2965 738 92 28 ferous
3089 738 121 38 deposits
3240 749 46 17 are
3317 738 58 28 srjid
3413 741 31 25 to
3480 737 34 29 be

2966 789 154 18 enormous.
3155 778 58 29 The
3221 779 107 29 disfrrict
3338 779 24 28 is
3370 778 141 30 described

2966 830 29 18 as
3008 819 49 29 the
3069 822 71 26 most
3159 819 123 30 desolate
3305 819 108 40 mining
3435 829 79 30 camp

2966 860 27 28 in
3008 864 46 26 the
3066 859 95 31 world.

3219 901 123 34 Ottawa,
3354 901 66 37 July
3433 901 44 28 22.

3003 940 105 29 Miners
3119 951 44 17 are
3179 940 107 29 warned
3300 940 59 30 that
3379 941 48 28 the
3440 940 59 28 heal-

2967 980 49 38 thy
3030 991 94 17 season
3136 980 53 28 will
3198 991 65 19 soon
3274 982 34 26 be
3317 980 126 35 over,and
3454 981 60 27 that

2967 1032 34 16 an
3033 1020 89 39 ample
3162 1021 79 29 outfit
3279 1021 54 29 and
3370 1021 142 29 abundant

2967 1061 121 39 supplies
3095 1071 47 19 are
3155 1061 170 39 imperative.

3352 1101 66 39 Julj
3432 1102 44 28 23.

3003 1142 105 30 Miners
3121 1142 62 29 who
3203 1142 69 29 have
3293 1142 129 29 returned
3441 1142 69 28 from

2968 1183 47 29 the
3023 1193 80 19 scene
3114 1183 30 28 of
3151 1183 45 29 the
3208 1183 55 28 rich
3275 1183 64 37 gold
3351 1182 163 30 discoveries

2968 1224 27 27 in
3011 1223 104 29 British
3129 1224 142 28 Columbia
3293 1227 71 24 state
3384 1226 60 25 that
3468 1222 46 28 the

2969 1264 63 38 gold
3048 1264 57 29 belt
3118 1264 114 29 extends
3257 1264 54 28 >3OO
3335 1263 78 29 miles
3432 1262 83 37 along

2969 1306 47 27 the
3028 1305 84 28 River
3124 1305 101 28 Yukon
3239 1304 54 28 and
3304 1304 36 28 its
3349 1303 167 29 tributaries.

2969 1345 56 29 The
3040 1349 113 34 country
3173 1346 24 28 is
3215 1344 80 38 fairly
3313 1344 116 36 reeking
3448 1343 66 29 with

2967 1386 63 36 gold
3035 1386 86 29 fields.

3356 1424 65 38 July
3435 1424 45 28 2-4.

3004 1467 27 27 A
3060 1466 171 28 remarkable
3268 1466 66 28 rnsh
3371 1464 23 29 is
3419 1464 98 37 talcing

2971 1508 77 36 place
3068 1514 27 20 to
3116 1506 142 28 Klondike
3279 1506 72 29 from

2974 1546 157 35 California,
3150 1546 55 28 and
3225 1546 139 29 Montana.
3406 1544 97 38 Experi-

2973 1586 84 29 enced
3071 1596 63 18 men
3148 1596 68 26 urge
3230 1586 59 28 that
3309 1585 106 38 mining
3428 1594 76 28 opera-

2973 1628 73 27 tions
3065 1626 97 28 should
3188 1627 35 27 be
3245 1626 115 32 delayed
3382 1625 70 28 until
3474 1624 46 28 the

2976 1666 105 37 spring.

3013 1705 90 38 Every
3118 1708 116 26 steamer
3243 1705 111 38 leaving
3362 1704 47 28 the
3422 1702 99 30 Pacific

2976 1749 75 25 coast
3070 1746 53 28 and
3150 1746 79 28 other
3253 1753 75 30 ports
3354 1746 42 27 for
3422 1744 100 28 British

2978 1786 143 27 Columbia
3133 1786 22 26 is
3170 1786 112 36 densely
3298 1784 134 35 crowded,
3445 1784 78 26 while

2976 1825 150 29 thousands
3140 1825 28 29 of
3187 1826 97 37 people
3306 1835 45 19 are
3377 1823 146 39 preparing

2976 1869 29 25 to
3101 1866 41 28 I'or
3162 1866 47 28 the
3234 1875 80 19 scene
3338 1866 28 28 of
3391 1864 48 28 the
3463 1873 60 19 new

2964 1904 1 40 I
2977 1906 65 38 gold
3077 1906 172 29 discoveries.
3288 1905 57 29 The
3385 1904 138 30 Canadian

2964 1936 1 46 I
2977 1947 185 28 Government
3177 1946 67 28 have
3258 1945 91 29 issued
3362 1956 16 17 a
3401 1944 123 38 warning

2964 1984 1 31 i
2976 1987 59 28 that
3055 1988 46 27 the
3126 1998 93 16 means
3241 1987 30 27 of
3296 1984 228 30 communication

2964 2019 1 50 |
2976 2026 52 28 and
3044 2029 139 35 transport
3199 2031 27 23 to
3236 2026 46 28 the
3296 2025 77 29 ileitis
3396 2035 45 17 are
3455 2026 69 26 most

2964 2058 1 45 !
2977 2067 123 34 difficult,
3113 2067 54 28 and
3182 2067 60 28 that
3255 2067 78 28 there
3343 2066 25 28 is
3389 2076 15 18 a
3426 2065 82 38 proba-

2964 2103 89 42 bility
3064 2109 29 26 of
3103 2107 150 29 starvation
3274 2106 21 28 if
3316 2116 17 18 a
3349 2106 74 29 .rush
3448 2104 76 28 takes

2964 2146 1 44 j
2975 2147 76 38 place
3073 2148 27 27 in
3122 2147 104 28 winter.
3266 2146 75 38 They
3368 2146 57 28 also
3451 2155 72 18 warn

2974 2188 114 36 diggers
3110 2188 61 27 that
3194 2188 48 27 the
3260 2186 186 28 Government
3472 2184 52 28 will

2974 2232 47 24 not
3036 2228 33 28 be
3082 2227 61 28 able
3157 2231 28 24 to
3199 2226 97 38 supply
3312 2226 73 28 food.

2964 2264 1 39 I
3011 2268 104 28 IMiuers
3128 2277 45 19 are
3192 2267 111 36 leaving
3329 2265 140 30 Klondike
3482 2264 42 30 for

2964 2299 98 38 'richer
3095 2308 130 29 localities
3251 2318 33 18 on
3321 2308 48 28 the
3406 2307 118 28 Stewait

2964 2348 1 36 i
2973 2349 79 27 river.
3093 2351 58 25 One
3164 2348 131 28 returned
3314 2348 101 36 digger
3439 2348 85 25 states

2973 2388 59 29 that
3046 2388 54 29 200
3113 2388 63 29 died
3189 2388 29 28 of
3242 2388 151 29 starvation
3418 2397 35 18 on
3477 2385 47 29 the

2974 2430 78 28 fields
3069 2430 100 38 duriug
3183 2429 46 28 the
3242 2429 54 28 last
3309 2428 78 29 three
3398 2437 87 29 years.

2955 2960 3 19 i

3122 2984 77 20 BEAD
3213 2984 65 19 THIS
3292 2982 78 21 CASE.

2951 3026 15 25 f
3003 3022 32 19 Mr
3049 3022 22 19 J.
3090 3022 22 19 S.
3130 3020 107 26 McGarry,
3254 3020 79 25 Argent
3352 3019 75 25 Street,
3440 3017 80 21 Broken

2973 3055 50 25 Hill,
3046 3055 46 19 who
3107 3055 68 19 writes
3190 3062 25 12 on
3229 3054 50 26 July
3294 3054 57 25 26th,
3365 3052 130 26 ]S93:Sir,

2970 3090 51 21 Like
3048 3096 59 18 many
3133 3089 73 22 dozens
3232 3088 20 21 of
3278 3088 75 21 miners
3384 3089 22 18 at
3431 3086 82 21 Broken

2970 3127 53 26 Hill,
3058 3126 9 21 I
3102 3126 51 21 have
3184 3126 50 21 been
3265 3125 46 21 lead
3344 3123 103 28 poisoned.
3482 3122 26 21 Re-

2970 3161 68 26 cently
3064 3161 11 20 I
3103 3160 51 20 have
3175 3160 63 25 really
3259 3160 48 19 been
3330 3164 49 20 very
3397 3157 23 21 ill
3440 3156 82 25 indeed,

2969 3196 50 21 with
3038 3196 57 26 pains
3110 3196 20 20 in
3156 3195 36 20 the
3212 3194 67 26 limbs,
3300 3193 51 22 back
3365 3192 39 21 and
3420 3192 85 25 kidneys
3515 3198 5 18 ;

2973 3239 34 20 my
3017 3233 63 19 water
3097 3238 39 14 was
3152 3230 49 26 high
3218 3229 93 22 coloured
3327 3228 39 22 and
3380 3227 39 23 left
3434 3234 12 14 a
3464 3227 55 25 dirty

2970 3268 116 24 sediment;
3102 3273 33 19 my
3142 3266 55 25 sight
3207 3272 40 13 was
3260 3271 49 19 very
3318 3264 41 21 dim
3372 3263 40 20 and
3425 3262 11 21 I
3446 3262 76 25 always

2971 3301 70 20 awoke
3056 3299 49 21 with
3119 3306 12 14 a
3140 3301 59 24 nasty
3213 3300 52 18 taste
3275 3298 20 20 in
3305 3304 35 19 my
3352 3296 79 22 mouth.
3459 3295 10 21 I
3481 3302 40 13 was

2973 3335 84 25 languid
3075 3334 39 20 and
3129 3334 46 19 void
3189 3333 22 20 of
3225 3333 27 20 all
3262 3339 85 19 energy;
3363 3338 35 18 my
3405 3331 45 20 skin
3457 3336 39 13 was
3502 3329 22 20 of

2970 3375 12 15 a
2998 3368 80 27 ghastly
3092 3367 65 26 pallor
3168 3374 5 19 ;
3189 3367 10 21 I
3213 3374 41 14 was
3264 3366 73 21 almost
3350 3364 74 22 unable
3436 3365 22 19 to
3467 3362 54 22 walk

2973 3405 22 19 to
3010 3410 35 19 my
3059 3402 63 25 work,
3133 3401 98 25 although
3242 3401 17 20 it
3271 3407 40 14 was
3319 3401 37 19 not
3365 3407 11 13 a
3389 3400 83 25 quarter
3480 3398 23 20 of
3513 3404 11 13 a

2971 3441 47 21 mile
3029 3441 52 20 from
3093 3440 66 20 where
3169 3439 10 20 I
3192 3438 47 21 live.
3267 3438 70 21 About
3342 3443 12 14 a
3361 3435 100 26 fortnight
3467 3436 54 26 prior

2970 3478 22 19 to
3009 3475 42 21 this
3067 3475 46 20 date
3131 3474 11 20 I
3157 3473 127 21 commenced
3305 3474 23 18 to
3349 3471 49 21 take
3419 3470 102 20 Clements

2968 3511 76 26 Tonic;
3058 3510 11 22 I
3081 3509 52 21 have
3145 3509 49 21 used
3205 3510 40 20 two
3252 3508 74 20 bottles
3333 3506 96 28 only,and
3438 3504 81 28 already

2968 3554 31 14 am
3011 3553 11 14 a
3037 3546 98 21 different
3153 3551 53 14 man.
3236 3544 10 20 I
3262 3542 71 22 intend
3350 3542 42 21 still
3410 3543 22 19 to
3446 3541 46 26 give
3509 3547 11 14 a

2969 3582 81 21 further
3063 3581 55 25 trial,
3128 3587 21 13 as
3163 3580 10 20 I
3189 3586 31 13 am
3236 3580 53 20 most
3306 3578 67 25 firmly
3387 3576 108 21 convinced
3504 3576 17 20 it

2968 3615 37 20 has
3020 3614 79 25 exactly
3114 3615 43 18 met
3172 3619 34 17 my
3220 3619 44 13 case
3278 3611 52 20 from
3347 3610 65 21 which
3426 3610 10 20 I
3448 3609 70 21 suffer.

2969 3650 46 19 You
3029 3649 51 20 have
3094 3655 34 18 my
3144 3647 40 21 full
3198 3647 90 20 sanction
3303 3647 22 19 to
3338 3645 81 26 publish
3432 3644 42 20 this
3486 3643 34 20 for

2969 3682 35 21 the
3017 3682 76 20 benefit
3108 3681 21 21 of
3142 3680 76 26 others,
3236 3679 39 21 and
3288 3678 49 27 they
3351 3685 33 14 are
3398 3683 47 20 very
3459 3683 60 19 maoy

2952 3710 3 37 j
2968 3716 45 20 who
3021 3722 33 13 are
3060 3715 54 26 daily
3123 3715 97 24 suffering
3232 3713 32 21 far
3277 3720 55 14 more
3340 3712 49 21 than
3401 3711 11 21 1
3421 3710 34 21 did
3465 3710 53 20 from

2952 3738 3 37 j
2967 3749 44 20 lead
3023 3748 115 27 poisoning,
3151 3748 41 19 and
3208 3748 10 19 I
3233 3746 97 26 sincerely
3349 3747 54 18 trust
3417 3745 47 25 they
3479 3744 42 19 will

2952 3777 2 34 J
2967 3784 24 21 be
3000 3784 72 26 guided
3088 3783 26 26 by
3128 3789 33 20 my
3173 3782 119 27 experience
3301 3780 39 22 and
3350 3780 44 27 give
3416 3779 103 22 Clements

2952 3814 2 31 I
2966 3820 62 21 Tonic
3034 3827 12 13 a
3053 3819 54 26 trial,
3119 3819 38 19 and
3168 3819 10 20 i
3191 3818 51 20 have
3251 3819 36 19 not
3295 3817 35 20 the
3344 3816 93 26 slightest
3446 3814 67 21 doubt

2966 3855 21 20 of
3000 3855 34 20 the
3042 3852 215 24 result.Gratefully
3266 3858 67 20 yours,
3344 3851 21 21 J.
3375 3852 21 19 S.
3407 3850 109 25 McGarry,

2951 3887 2 31 ]
2966 3892 80 24 Argtnt
3059 3892 69 21 street,
3144 3889 78 20 Broken
3238 3888 50 25 Hill,
3304 3887 87 21 N.S.W.

3111 3976 125 51 Mining
3276 3975 112 43 Notes.

3002 4104 54 26 The
3081 4103 95 27 Golden
3200 4102 63 27 Gate
3283 4100 92 36 dredge
3400 4100 113 26 obtained

2970 4143 59 26 16oz
3043 4142 83 27 lCdwt
3140 4142 36 26 for
3198 4141 47 27 last
3268 4140 75 33 week,
3371 4137 40 28 the
3433 4144 80 21 return

2970 4184 35 21 for
3019 4181 40 25 tbe
3074 4187 53 28 past
3140 4180 86 25 njonth
3248 4177 75 35 bt'iug
3344 4177 64 25 470z
3435 4177 78 24 lOdwt

2969 4219 81 33 12grs.
3089 4217 54 26 The
3157 4215 79 28 witch
3250 4215 65 27 shaft
3329 4214 74 26 broke
3425 4221 25 18 at
3475 4214 38 26 tbe

2967 4261 210 20 commencement
3190 4255 22 24 ot
3228 4254 39 26 tbe
3282 4252 85 26 month
3379 4252 47 24 and
3463 4261 50 15 new

2968 4292 107 26 tumbler
3086 4292 46 26 bad
3148 4298 23 18 to
3183 4291 28 25 be
3223 4297 42 28 put
3278 4291 34 31 in,
3324 4289 78 26 which
3414 4288 99 36 delayed

2970 4329 66 25 work
3050 4328 73 26 about
3140 4328 88 26 twelve
3241 4329 67 25 days.

3001 4368 52 25 The
3065 4366 95 28 Golden
3160 4366 127 28 Treasure
3297 4364 91 36 dredge
3399 4363 112 27 obtained

2968 4407 61 24 84oz
3043 4405 35 24 for
3092 4404 68 33 eight
3181 4404 68 34 days,
3274 4404 93 31 ending
3391 4402 120 33 Tuesday,

2967 4438 46 29 271
3024 4438 10 29 h
3045 4438 52 29 inst.
3136 4442 19 23 A
3172 4440 115 25 dividend
3301 4439 27 25 of
3346 4440 28 23 Os
3398 4447 52 15 was
3472 4438 26 24 de-

2967 4478 78 27 clared
3061 4485 26 19 at
3106 4478 40 25 tbe
3169 4484 109 27 meeting
3291 4476 27 26 of
3325 4475 117 27 directors
3464 4475 47 27 last

2967 4518 122 33 Tuesday,
3104 4515 102 35 payable
3220 4524 30 17 on
3266 4514 40 27 the
3320 4514 62 25 31st.

3000 4554 52 25 Tbe
3075 4553 95 24 Ettrick
3193 4551 92 33 dredge
3310 4549 114 27 obtained
3450 4549 61 26 240z

2967 4591 45 26 last
3026 4590 75 25 week.
3141 4589 23 26 It
3177 4589 20 26 is
3209 4588 114 34 probable
3334 4596 12 17 a
3360 4587 115 26 dividend
3487 4588 24 24 of

2967 4631 25 24 Is
3016 4628 31 27 6d
3068 4626 47 26 will
3139 4626 27 26 be
3189 4626 110 26 declared
3322 4635 30 15 on
3378 4624 131 35 Saturday,

2965 4665 103 36 payable
3082 4665 90 33 during
3186 4663 40 26 the
3239 4662 128 33 following
3381 4662 74 25 week.

2998 4703 52 26 The
3076 4703 81 33 Otago
3180 4700 91 34 dredge
3296 4700 98 25 washed
3417 4708 33 24 up
3475 4697 34 25 for

2964 4741 61 24 2202
3041 4739 81 27 lGdwt
3136 4737 46 28 last
3197 4738 74 30 week,
3284 4737 46 25 and
3343 4742 23 20 at
3376 4746 13 16 a
3400 4734 108 33 meeting

2963 4777 27 25 of
2999 4777 117 25 directors
3130 4784 13 16 a
3165 4775 115 25 dividend
3303 4774 26 24 of
3350 4774 26 24 Is
3399 4781 48 16 was
3467 4771 26 25 de-

2962 4812 88 26 clared.

2997 4849 61 27 Last
3088 4849 69 26 week
3183 4848 42 26 the
3250 4845 138 36 Roxburgh
3414 4844 91 34 dredge

2963 4886 114 27 obtained
3091 4887 44 26 7oz
3150 4885 65 27 ldwt
3229 4885 56 35 figrs
3298 4884 47 26 and
3370 4884 39 25 the
3424 4882 65 27 Dune-

2963 4926 41 25 din
3018 4924 91 34 dredge
3124 4923 60 27 330z
3199 4922 82 28 lOdwt
3307 4922 75 35 18grs
3403 4920 36 26 for
3462 4918 45 27 five

2962 4963 65 25 davs.

2995 4999 52 27 The
3060 4998 49 27 sale
3124 4998 26 27 of
3161 4998 40 27 th
3215 4997 95 26 Golden
3335 4995 54 26 Hun
3415 4992 89 37 dredge

2962 5048 48 16 was
3041 5037 101 27 effected
3179 5036 48 27 last
3262 5034 113 35 Tuesday
3412 5039 24 20 to
3467 5031 37 26 the

2963 5075 162 34 Bengerburu
3139 5075 50 31 Co.,
3204 5073 47 26 and
3271 5082 13 17 a
3298 5071 93 36 deposit
3411 5070 25 26 of
3448 5069 56 29 SO

2960 5113 62 36 paid.

2994 5150 52 26 The
3058 5149 94 27 Golden
3166 5149 58 25 Ilun
3237 5148 110 31 Sluicing
3362 5146 62 25 Co.'s
3434 5145 69 25 claim

2961 5188 19 26 is
3004 5187 114 34 showing
3137 5195 57 25 very
3220 5185 63 34 good
3309 5192 132 28 prospec:s,
3462 5181 41 26 but

2961 5226 66 25 there
3042 5226 42 25 has
3098 5225 59 24 been
3172 5233 13 16 a
3199 5224 102 33 scarcity
3324 5223 25 24 of
3375 5226 74 19 water
3469 5219 35 25 for

2959 5262 124 36 elevating
3095 5261 88 33 during
3198 5261 41 26 the
3251 5266 54 30 past
3319 5256 73 29 week.

2994 5301 51 24 The
3058 5306 123 27 secretary
3194 5300 24 23 of
3231 5298 41 26 the
3282 5296 78 35 Clyde
3375 5295 129 34 Dredging

2961 5337 42 26 Co.
3017 5343 93 28 reports
3133 5346 13 16 a
3166 5334 60 27 total
3248 5333 65 37 yield
3326 5334 37 25 for
3378 5332 45 26 last
3437 5332 65 25 week

2959 5374 23 26 of
2997 5374 85 32 1490z,
3096 5373 23 26 of
3131 5374 40 24 ibe
3185 5371 70 27 \alue
3267 5371 26 26 of
3304 5370 74 29 073
3393 5369 51 26 13s.
3464 5370 38 24 An

2958 5411 97 28 exhibit
3068 5411 26 26 of
3105 5411 78 27 648o
3195 5408 27 27 of
3237 5407 58 38 gold
3309 5407 61 28 from
3385 5407 40 26 the
3438 5415 48 18 com-

2959 5451 86 34 pany's
3058 5448 71 28 claim
3143 5447 49 26 will
3207 5447 28 26 be
3248 5455 30 17 on
3293 5447 61 25 view
3368 5446 23 25 in
3410 5444 93 26 Messrs

2960 5487 30 26 G.
3021 5487 47 25 and
3099 5486 26 26 T.
3151 5484 112 33 Youcg's
3288 5482 104 27 window
3418 5482 82 31 to-day

2959 5522 142 35 (Monday),
3117 5522 80 24 writes
3220 5521 39 24 the
3309 5519 73 34 Daily

2958 5560 47 26 and
3018 5567 137 30 represents
3178 5558 40 27 the
3238 5555 66 38 yield
3323 5558 37 24 for
3381 5555 32 27 34
3429 5553 71 28 ilavs'

2959 5598 73 27 work.

2992 5637 109 33 Mining,
3121 5644 55 26 says
3207 5633 41 27 the
3277 5632 60 28 local
3368 5640 82 27 paper,
3481 5631 17 25 is

2957 5673 103 37 entirely
3074 5672 139 37 suspended
3228 5672 24 25 in
3274 5670 39 26 the
3335 5670 99 35 Naseby
3450 5668 36 27 dis-

2957 5713 54 26 trict
3025 5712 84 35 owing
3122 5719 25 19 to
3161 5712 40 25 the
3214 5717 81 19 severe
3309 5708 76 27 frosis.

3582 175 55 28 The
3648 175 183 30 balance-sset
3842 178 31 27 t>f
3881 179 42 27 The
3934 180 97 26 famous
4041 180 52 27 M*.

3546 212 109 36 Morgan
3667 213 167 38 Go]dmirag
3853 215 54 34 Co,
3925 215 172 38 QofipjwJasrf}-

3546 250 37 27 for
3601 251 43 27 the
3662 252 33 27 12
3716 254 100 26 njouths
3835 253 82 27 fbowr*
3971 255 77 35 prwfiit
4069 260 30 22 ivf

3547 288 142 34 320,000,
3702 297 44 20 cat
3766 290 30 28 of
3810 291 79 27 nhicb
3902 292 135 30 &Q!),OQQ
4049 293 46 27 has

3548 326 59 27 been
3620 326 57 37 paid
3690 328 26 26 in
3728 328 139 33 dividends,
3876 330 49 26 ad
3937 331 119 35 20,000
4065 340 29 18 m

3547 364 116 27 diyid&nd
3676 366 62 35 duty
3752 366 49 26 end
3813 367 106 36 royalty.
3947 368 56 28 Tti#

3546 401 71 26 alone
3630 402 119 27 absorbed
3761 404 143 30 ,1354,006.

3625 494 79 43 New
3728 494 89 45 Rush
3839 500 37 40 at
3897 495 122 46 British

3731 554 188 42 Columbia.

3604 639 156 23 VALUABLE
3770 641 78 22 GOLD
3858 642 172 23 BWSCOYBRT.

3543 713 75 22 MOST
3634 714 191 24 INTBRTOTING
3842 716 124 23 SKTTBJ*S
3976 718 82 22 YROM
4069 719 23 20 A

3665 755 161 22 JiOXBVRGB
3839 756 136 23 IJOMR.

3569 828 37 23 We
3619 829 52 22 bare
3683 830 52 22 bwm
3742 831 97 22 fiTOored
3853 831 27 28 by
3893 832 36 21 Mr
3936 832 31 23 I>
3980 833 108 22 Comwicjr,

3544 865 22 22 fif
3579 866 121 27 Roxbsrgi,
3713 866 51 22 wrtb
3783 867 120 26 jwrnmivv
3918 870 22 20 to
3963 868 81 27 jrohlish
4058 869 37 22 Sfc*

3542 900 104 26 following
3651 901 74 20 letter*
3730 902 53 20 frvcr.
3790 903 75 20 h/wn
3867 920 7 6 w
3880 904 34 21 Mr
3919 904 58 20 John
3982 904 106 24 Cormnritr,

3542 933 47 21 who
3600 933 17 21 is
3630 937 21 17 at
3670 935 83 26 present
3773 942 26 14 on
3818 935 33 22 few
3877 942 49 21 way,
3948 938 23 20 to
3991 937 36 21 the
4044 944 44 15 ntw

3541 966 105 27 goidfielrfe
3659 968 50 20 nh
3724 970 24 18 at
3769 967 115 29 Kkrabke,
3900 970 66 21 aftrat
3986 969 64 22 winch
4068 975 23 16 **

3541 1001 61 21 much
3615 1001 38 21 baa
3663 1001 51 22 been
3728 1008 46 16 !Ws>
3789 1003 21 21 in
3818 1003 36 21 the
3864 1010 22 15 fa
3888 1003 35 23 fete
3928 1010 57 16 newa
3989 1004 99 27 reamtfy.

3541 1039 34 21 Mr
3586 1039 107 27 Ccnanck,
3712 1040 58 21 Jur..
3788 1040 41 21 Jeft
3848 1041 50 21 here
3916 1048 57 14 some
3995 1041 96 28 eighteen

3540 1074 84 21 months
3645 1081 38 20 agy
3699 1074 34 22 far
3754 1075 87 27 Aiiife,
3862 1076 41 21 a3
3925 1077 36 21 the
3978 1084 47 15 ww
4043 1078 52 21 rwi.

3540 1109 88 26 starting
3639 1111 22 19 at
3673 1109 106 22 Klondike
3790 1111 40 20 and
3844 1111 40 21 the
3902 1111 75 22 ynkm
3989 1118 62 22 tmr,
4064 1112 27 22 S>

3542 1142 50 22 with
3604 1149 13 14 a
3628 1144 56 21 nsvte
3691 1142 78 23 aloxied
3781 1146 37 18 otrt
3826 1143 67 22 there,
3923 1144 23 22 It
3956 1144 42 22 mil
4011 1147 26 19 be
4043 1151 50 16 wetsi

3541 1177 54 21 from
3606 1177 35 21 his
3653 1177 70 26 highly
3729 1177 179 26 grapfaixrteanmfc
3915 1179 49 21 thai,
3971 1180 53 25 they
4033 1180 53 20 h-e

3543 1212 136 21 eoDftiderabJe
3702 1212 85 22 difficult.
3791 1218 29 15 cc
3840 1214 25 19 to
3888 1219 111 17 rsreome

3542 1245 79 27 getting
3637 1245 62 21 thera
3728 1245 93 21 JKurtboT
3842 1246 129 26 portiaifor.
3979 1246 54 22 frorr.
4049 1252 37 15 or:

3542 1280 76 27 jrtocfej
3630 1287 70 20 young
3707 1280 113 26 Roxburgh
3827 1281 83 25 jikwieer
3916 1281 42 23 5*21
3964 1281 26 21 be
3997 1281 94 22 wniched

3543 1313 51 21 with
3602 1315 96 24 mitrmt,
3705 1313 39 21 Rod
3750 1313 61 21 there
3818 1319 36 15 tan
3869 1313 47 27 only
3925 1314 26 20 ho
3957 1320 39 15 one
4004 1315 86 26 pprnioa,

3542 1351 47 21 that
3601 1350 26 22 he
3640 1356 17 15 s
3669 1350 54 26 fully
3735 1349 88 22 entitled
3836 1352 24 18 to
3876 1356 41 21 ra>y
3929 1351 81 21 reward
4022 1351 66 20 vrbitk

3542 1385 34 22 hia
3587 1392 84 18 courage
3677 1385 40 22 aad
3730 1384 113 27 enterprise
3854 1391 48 21 rmy
3910 1385 60 27 bring
3990 1384 51 23 bkn.

3636 1426 64 21 Stone
3708 1425 72 21 Hcna&e
3787 1424 74 26 Cbmp,
3869 1425 57 26 Dyea
3934 1424 84 27 Yalley,

3793 1452 86 25 Aiawsa,
3886 1452 50 21 Mth
3945 1452 56 26 May,
4008 1452 56 22 JS97.

3571 1479 40 22 We>
3622 1479 73 22 landed
3703 1481 23 20 at
3733 1480 40 26 Dj*
3780 1485 47 15 *oo
3834 1480 37 21 lie
3877 1479 49 22 14tb
3933 1479 56 28 May,
3994 1480 41 21 and
4041 1480 52 22 irvn

3547 1508 47 20 then
3605 1508 53 20 until
3668 1515 46 12 now
3722 1515 32 12 we
3762 1507 54 20 have
3823 1507 39 20 bad
3871 1514 14 13 a
3892 1510 69 23 pretty
3967 1509 65 20 rooxb
4041 1511 40 17 (ame-

3547 1535 87 26 packing
3648 1534 27 21 all
3691 1541 39 14 our
3743 1534 63 24 goods
3820 1535 68 24 3oog,
3914 1534 39 21 We
3966 1534 41 22 bad
4029 1535 64 21 abr.el

3549 1563 64 21 17cwt
3622 1566 22 17 to
3652 1562 49 21 t*fee
3709 1562 51 20 with
3769 1568 23 14 to
3802 1561 40 21 and
3849 1561 52 21 hare
3909 1564 36 20 sot
3953 1561 20 21 it
3980 1568 45 15 now
4031 1562 62 26 {aflcr

3548 1591 68 19 eleven
3628 1590 49 26 days
3686 1589 23 21 of
3720 1589 37 21 the
3764 1589 83 21 hardest
3858 1589 57 21 work
3921 1588 12 22 1
3943 1589 61 22 thk
4018 1589 10 22 3
4046 1596 45 16 erer

3548 1617 44 26 did)
3601 1619 24 19 to
3632 1617 71 21 within
3714 1624 12 13 a
3734 1616 100 26 coupleof
3840 1616 57 21 miles
3903 1616 53 22 from
3961 1617 38 21 the
4006 1621 86 18 sacnrurt

3550 1646 20 18 of
3582 1645 94 20 Chilfcoot
3684 1643 51 20 Pa
3741 1643 49 26 114$
3799 1644 58 20 milea
3871 1643 53 20 from
3938 1643 91 21 3uesn.
4057 1645 37 19 W.j

3549 1678 34 13 are
3603 1673 78 24 getting
3702 1676 39 14 our
3759 1669 88 27 buggAge
3863 1669 89 26 sleighed
3972 1677 31 20 op
4020 1674 24 17 to
4058 1672 28 20 the-

3550 1699 84 20 summit
3643 1698 26 25 by
3679 1704 11 14 r
3701 1699 110 19 contractor
3818 1697 54 23 here,
3883 1697 148 27 wbotnkeeup
4039 1705 42 14 ron
4085 1704 8 15 &

3550 1725 21 22 of
3582 1726 36 21 the
3627 1725 59 26 stuff,
3694 1725 40 21 and
3744 1725 45 21 who
3797 1724 39 21 baa
3843 1731 10 14 a
3860 1724 51 22 kind
3919 1724 21 22 of
3947 1732 12 14 a
3967 1726 56 21 cable
4028 1725 65 26 slpigla

3550 1753 88 21 erected.
3664 1753 21 20 It
3702 1753 40 20 will
3761 1753 43 20 coat
3817 1758 27 14 r
3858 1753 60 20 tbree
3931 1753 75 21 dollars
4022 1758 13 16 A
4044 1758 50 21 ewt,.

3550 1781 37 19 but
3596 1781 41 19 will
3646 1787 48 13 save
3702 1786 24 13 iw
3735 1786 11 12 a
3756 1780 29 18 ]ot
3791 1779 24 20 of
3822 1779 71 20 labour
3902 1780 73 25 taking
3984 1781 17 19 it
4010 1786 28 20 up
4052 1780 40 21 the

3551 1807 57 21 three
3616 1807 48 21 bills
3677 1807 91 20 between
3783 1806 47 20 bene
3839 1805 40 21 and
3895 1805 36 21 tiio
3945 1807 92 25 summit,
4053 1806 41 22 and

3550 1834 54 21 after
3613 1835 26 20 all
3651 1835 35 20 the
3790 1840 29 14 wc
3827 1832 111 23 haredone
3946 1841 31 14 we
3985 1835 37 20 feel
4032 1834 63 22 about

3551 1863 48 20 used
3609 1869 36 20 up.
3670 1862 40 20 We
3717 1855 121 27 eetabli&hed
3850 1861 59 26 quite
3916 1868 12 14 a
3937 1863 116 24 reputation
4062 1861 32 22 for

3552 1890 101 20 ourselves
3669 1890 31 20 for
3714 1889 35 20 the
3759 1895 42 20 way
3820 1895 30 13 we
3863 1891 36 22 got
3914 1895 38 14 oar
3959 1889 52 21 tnff
4025 1890 58 23 aloe*-

3554 1918 36 19 We
3599 1917 39 20 left
3646 1917 28 21 all
3684 1923 37 14 onr
3727 1916 112 26 shipmates
3845 1915 75 21 behind
3935 1923 29 14 us.
3979 1917 40 20 and
4038 1923 55 14 dt-

3552 1945 48 20 took
3609 1951 60 19 many
3683 1944 48 21 who
3737 1942 75 22 landed
3819 1946 22 17 at,
3850 1942 57 27 Dyea
3919 1943 71 22 before
4003 1951 31 20 us,
4050 1944 41 22 an!

3553 1973 46 21 who
3612 1972 40 21 had
3666 1972 41 21 lee
3719 1971 62 27 goods
3796 1970 48 21 tbaa
3862 1977 31 14 w&
3909 1970 43 23 btid.

3552 2000 57 20 three
3620 2000 128 24 mileatagee,
3757 1998 80 25 inaking
3848 1997 45 20 four
3904 1999 52 24 trips
3969 2005 14 14 a
3996 1999 47 25 diT,
4054 2005 42 14 unci

3552 2027 49 20 took
3627 2033 39 14 one
3683 2024 166 26 hrmdrerweight
3870 2025 49 20 eadi
3937 2026 44 24 trip
4013 2021 23 26 It
4053 2032 45 15 wa*

3552 2056 68 25 pretty
3639 2054 50 21 hard
3707 2052 64 26 work,
3779 2052 40 21 and
3837 2052 58 21 made
3904 2059 26 14 tw
3936 2060 50 19 very
4000 2054 94 22 sorffnivi

3552 2083 47 20 stiff
3606 2082 31 20 for
3655 2082 36 20 the
3699 2082 43 19 fitt
3752 2080 39 20 few
3799 2080 58 25 days.
3881 2080 66 21 There
3957 2088 34 13 aro
4003 2081 61 26 heaps
4074 2083 20 19 ul

3553 2109 71 27 people
3643 2108 59 26 going
3715 2108 29 26 in,
3759 2106 40 21 and
3817 2113 60 19 many
3895 2106 22 22 of
3933 2108 57 21 them
4006 2111 37 23 get
4061 2110 34 20 tbti

3554 2136 83 22 Indians
3651 2137 24 19 to
3691 2136 50 26 pack
3761 2134 55 21 tbeir
3833 2134 64 25 goods
3909 2136 23 19 to
3949 2134 36 23 the
4001 2137 92 21 g;mtn)it.

3553 2164 75 22 Others
3634 2163 52 21 have
3694 2163 17 21 it
3721 2163 53 20 done
3782 2162 50 20 with
3840 2162 77 26 horaeir,
3926 2162 58 22 there
3989 2163 59 26 being
4053 2166 41 19 two

3553 2198 20 14 or
3580 2191 59 21 three
3646 2197 46 14 men
3703 2190 94 20 wboown
3807 2189 70 20 horses
3883 2190 38 19 and
3927 2196 36 14 are
3966 2190 61 27 doing
4034 2192 48 25 pack-

3553 2219 33 25 ing
3594 2218 48 20 with
3650 2217 64 26 them,
3721 2216 37 20 bat
3766 2223 22 13 ns
3793 2216 46 20 that
3846 2219 50 17 costs
3902 2216 70 22 fifteen
3978 2217 75 21 dollars

3553 2247 39 20 cwt
3610 2252 30 14 we
3658 2243 83 22 decided
3758 2245 22 19 to
3794 2243 26 21 do
3829 2250 38 14 our
3872 2250 53 15 own.
3950 2244 44 21 The
4003 2245 56 21 )akea
4069 2252 25 14 on

3553 2274 36 22 the
3598 2273 60 22 other
3666 2271 44 22 side
3718 2277 34 15 are
3761 2273 36 19 not
3806 2277 52 20 open
3867 2273 43 24 yet,
3917 2271 40 22 and
3972 2272 17 21 it
3999 2273 39 21 will
4046 2273 49 21 take

3552 2310 11 13 a
3580 2301 70 27 couple
3660 2300 22 22 of
3690 2299 66 22 weeks
3764 2300 36 25 yet
3809 2293 68 37 before
3886 2299 48 28 they
3944 2300 60 27 clear,
4013 2308 23 14 ho
4049 2301 45 22 that

3553 2330 41 22 will
3604 2330 45 25 gi?e
3658 2335 23 13 ns
3691 2328 70 25 plenty
3771 2327 21 19 of
3809 2327 49 20 time
3867 2329 23 18 to
3898 2332 33 20 got
3940 2334 38 14 our
3986 2329 53 21 stnff
4046 2336 49 14 oyer

3552 2358 40 20 :md
3615 2362 36 15 onr
3672 2355 49 20 bat
3746 2353 59 21 built.
3843 2353 12 21 I
3888 2354 49 21 hear
3970 2355 59 21 there
4060 2362 41 15 nr.

3552 2388 41 20 two
3623 2389 67 19 eftmpa
3721 2388 24 14 on
3771 2380 55 22 Lake
3851 2381 90 23 Bennett
3966 2383 83 27 waiting
4074 2387 21 18 U)

3551 2420 53 15 cross
3655 2417 38 14 one
3718 2409 23 21 of
3764 2415 49 15 over
3841 2409 39 22 800
3912 2417 55 21 men,
3992 2410 40 23 and
4058 2412 37 21 tb*i

3551 2442 60 21 other
3620 2440 56 21 500
3683 2438 38 21 nd
3742 2436 47 21 both
3803 2437 78 27 getting
3891 2437 65 27 Inrger
3971 2445 61 21 every
4046 2438 47 23 dim

3552 2469 64 21 There
3634 2466 39 22 will
3693 2467 25 18 be
3735 2473 10 12 a
3763 2468 55 22 great
3837 2466 87 20 number
3938 2466 59 26 going
4014 2470 22 17 to
4058 2468 36 20 thn

3553 2496 76 22 Ynkon
3640 2494 41 21 this
3691 2498 94 18 nunimer,
3806 2493 36 19 lut
3851 2493 56 20 there
3917 2493 17 20 is
3947 2500 56 13 room
4013 2494 31 21 for
4059 2496 36 24 all,

3551 2532 21 14 as
3589 2524 15 20 it
3614 2531 11 12 a
3636 2520 128 24 tremendous
3773 2519 53 27 large
3836 2522 94 31 country,
3938 2520 40 23 anii
3990 2521 106 29 nocoTdinjJ

3551 2555 22 19 to
3588 2551 27 21 all
3632 2550 96 22 nccnunts
3739 2555 45 18 very
3796 2547 42 22 rich
3848 2548 20 22 in
3878 2549 53 25 gold.
3957 2549 23 21 Tt
3988 2550 17 21 is
4018 2557 11 14 a
4046 2558 51 18 poor

3552 2580 63 22 man's
3624 2578 90 25 diggings
3740 2577 33 20 Mia
3777 2576 46 21 Mow
3832 2577 77 25 ground
3924 2577 37 21 and
3972 2583 48 21 YeTy
4029 2583 68 15 coarsrt

3551 2608 54 26 gold.
3632 2607 11 21 I
3658 2606 52 20 have
3719 2611 45 13 seen
3780 2610 54 14 some
3850 2604 129 26 exceedingly
3996 2605 99 21 beautiful

3551 2635 112 25 specimens
3680 2632 22 22 of
3714 2631 46 23 tr"'d
3776 2631 64 22 which
3856 2638 53 14 were
3924 2631 93 23 obtained
4031 2633 64 21 there.

3551 2663 43 21 The
3604 2663 83 26 present
3697 2660 47 22 rush
3755 2660 15 20 is
3780 2659 33 22 for
3824 2659 111 26 Klondike,
3945 2659 20 22 in
3975 2660 35 22 the
4021 2661 76 21 British

3551 2691 105 25 territory,
3666 2689 38 21 but
3714 2688 93 25 previous
3817 2689 21 19 to
3851 2687 40 21 lust
3900 2687 35 21 fall
3945 2687 37 21 the
3991 2691 69 18 centre
4076 2687 23 22 of

3550 2717 108 21 attraction
3671 2722 38 14 was
3721 2715 121 25 Mammoth,
3856 2715 113 26 Mastodon,
3982 2715 115 27 Birch,and

3551 2745 59 21 other
3623 2743 69 22 creeks
3710 2742 80 22 further
3809 2742 58 20 down
3886 2742 35 21 the
3942 2743 52 21 river
4017 2743 38 21 and
4076 2743 22 21 in

3552 2773 106 20 American
3669 2770 104 25 territory.
3802 2769 20 19 It,
3830 2771 15 18 is
3855 2769 122 26 anticipated
3986 2770 45 21 that
4038 2770 59 20 thero

3552 2799 41 21 will
3609 2799 25 20 be
3651 2797 59 22 other
3725 2797 74 21 strikes
3809 2795 41 22 this
3859 2797 78 25 ooming
3946 2796 36 21 fall
3993 2797 58 21 whan
4062 2798 35 20 th*

3552 2828 64 20 rivers
3633 2833 34 14 are
3681 2825 38 21 low
3737 2825 38 20 and
3790 2823 35 22 the
3844 2831 54 14 snow
3914 2824 63 21 clears
3995 2831 62 20 away.
4086 2825 8 22 ]

3552 2855 63 25 really
3624 2854 78 21 believe
3710 2852 51 21 from
3774 2852 27 21 all
3811 2852 11 21 I
3832 2851 51 21 hear
3891 2851 44 21 that
3954 2853 17 20 it
3989 2853 15 19 is
4017 2859 10 14 a
4045 2852 51 26 good

3553 2884 93 24 country,
3659 2880 39 21 and
3713 2886 38 14 one
3761 2880 45 20 that
3820 2886 11 13 a
3848 2884 69 21 young
3925 2878 67 21 fellow
4003 2880 45 20 who
4060 2880 40 20 ha*

3552 2910 37 19 the
3597 2908 75 22 chance
3681 2906 62 26 ought
3753 2908 22 19 to
3792 2909 40 23 try.
3858 2905 65 21 There
3940 2913 34 14 are
3990 2906 27 21 all
4036 2906 61 21 kind*

3552 2936 39 21 and
3602 2935 112 22 conditions
3731 2933 21 22 of
3765 2940 46 15 men
3820 2934 59 26 going
3890 2939 26 16 in.
3928 2940 45 15 men
3984 2933 20 22 of
4013 2933 26 22 all
4050 2941 47 16 acre*

3552 2964 38 21 and
3602 2962 143 22 nationalities.
3772 2961 11 21 I
3792 2961 82 21 became
3887 2962 120 24 acquainted
4024 2962 47 20 with
4084 2969 11 12 r*

3552 2990 71 25 couple
3633 2989 22 20 of
3663 2988 117 21 Scotchmen
3790 2988 52 20 fiom
3849 2993 50 20 your
3905 2990 46 19 part
3961 2988 21 21 of
3990 2988 103 23 Scotland,

3552 3025 37 13 one
3604 3016 22 21 of
3644 3016 65 21 whom
3726 3022 39 13 was
3777 3015 88 25 working
3875 3015 20 20 in
3907 3014 80 28 Buckey
3997 3016 47 26 only
4055 3016 34 21 last-

3551 3051 57 20 year.
3634 3044 10 21 I
3654 3044 41 19 also
3705 3044 43 19 met
3757 3042 49 21 with
3816 3042 86 21 another
3910 3043 44 19 who
3963 3042 38 21 had
4010 3044 48 19 b<-en
4069 3043 26 20 all

3553 3078 46 14 over
3609 3071 35 20 the
3654 3069 58 21 Vest,
3721 3070 59 19 Coast
3794 3068 21 21 of
3833 3069 50 20 New
3900 3068 94 22 Zealand.

3553 3105 30 15 we
3592 3105 33 15 are
3634 3096 82 27 camped
3728 3097 22 20 at
3759 3098 80 25 present
3857 3096 18 21 is
3891 3096 63 22 about
3969 3104 11 15 a
3994 3096 49 23 mile
4051 3099 46 23 past

3554 3126 54 22 what
3618 3126 16 22 is
3644 3125 64 22 called
3717 3124 36 22 the
3762 3131 56 14 snow
3827 3124 49 27 line,
3885 3124 40 22 and
3939 3125 62 21 about
4020 3124 55 28 2,000
4075 3124 22 28 ft

3552 3154 63 20 above
3667 3153 60 25 level,
3737 3159 23 13 so
3770 3152 45 20 that
3824 3159 30 12 we
3863 3159 34 13 are
3905 3159 73 19 among
3987 3153 37 20 the
4032 3159 63 13 snow.

3552 3181 43 20 The
3608 3182 50 20 next
3668 3182 39 18 two
3717 3179 57 21 miles
3788 3180 58 20 takes
3855 3186 23 13 us
3887 3186 29 20 up
3929 3181 21 19 to
3959 3186 25 14 an
3995 3179 100 21 elevation

3552 3208 23 22 of
3591 3207 55 28 3,500
3646 3207 35 28 ft;
3695 3206 50 22 then
3761 3213 30 15 we
3806 3206 92 26 descend,
3915 3206 40 22 and
3973 3214 33 15 are
4022 3214 24 14 on
4063 3206 35 22 the

3552 3237 75 20 Yukon
3646 3235 50 21 side.
3737 3234 66 22 Th<ro
3824 3241 33 14 are
3879 3235 73 21 dozens
3973 3235 23 21 of
4015 3235 83 26 glaciers

3553 3263 90 21 between
3664 3263 49 20 here
3734 3262 37 20 and
3795 3262 65 26 Dyea,
3877 3268 55 14 some
3944 3262 21 20 of
3978 3263 56 20 them
4048 3268 50 19 very

3553 3292 74 24 pretty.
3655 3290 60 20 Some
3723 3296 34 13 are
3767 3288 70 25 slowly
3853 3289 82 26 moving
3948 3289 92 26 forward,
4055 3289 42 20 and

3552 3324 33 14 are
3596 3317 85 24 sending
3697 3317 89 19 millions
3804 3315 22 21 of
3838 3317 46 19 tons
3899 3315 21 21 of
3935 3317 47 20 rock
3999 3315 40 21 and
4055 3316 42 20 dirt

3552 3344 63 21 ahead
3625 3344 22 20 of
3656 3344 55 20 them
3723 3343 59 21 down
3791 3343 44 21 into
3851 3343 35 21 the
3904 3342 73 27 valley.
4003 3343 65 21 There
4081 3343 17 21 i

3553 3379 36 14 one
3599 3378 28 21 up
3646 3371 63 21 shove
3719 3370 65 22 where
3796 3378 28 14 we
3834 3377 33 15 are
3877 3371 90 27 camped,
3986 3370 39 23 and
4036 3376 61 21 every

3552 3407 45 13 row
3617 3399 38 21 and
3674 3399 50 20 then
3742 3399 58 21 there
3817 3406 34 13 are
3869 3400 57 24 great
3944 3399 66 26 lumps
4028 3399 22 21 of
4067 3399 31 21 ice

3553 3427 100 25 droppirg
3670 3426 31 20 off
3717 3426 44 20 into
3779 3425 34 21 the
3831 3432 76 19 canyon
3923 3426 73 20 below.
4021 3425 13 21 I
4050 3425 47 21 loot:

3552 3453 87 21 forward
3653 3456 23 17 to
3693 3453 74 25 having
3776 3459 11 13 a
3797 3454 69 23 pretty
3876 3452 62 26 rough
3949 3453 48 20 time
4008 3453 21 20 of
4038 3453 16 20 it
4064 3453 32 20 for

3553 3480 35 21 the
3597 3483 50 18 next,
3658 3479 72 22 twelve
3739 3479 89 27 months,
3838 3479 36 22 but
3881 3479 11 21 I
3900 3479 60 22 think
3970 3479 10 22 I
3990 3486 37 15 can
4036 3480 59 21 stan<?

3554 3508 24 22 it.
3604 3508 11 21 I
3625 3508 51 22 have
3686 3508 69 26 plenty
3769 3508 22 19 of
3806 3507 45 22 food
3867 3507 48 21 with
3933 3514 40 20 roe,
3991 3507 71 27 plenty

3552 3537 58 25 good,
3618 3543 59 14 varni
3690 3536 84 26 clothe,
3785 3543 20 12 as
3812 3534 50 26 goed
3872 3534 69 23 health
3951 3543 21 14 as
3981 3536 11 21 I
4000 3542 46 15 ever
4055 3536 38 21 hoc'

3554 3564 19 21 in
3596 3571 34 18 my
3648 3564 43 23 life,
3710 3564 39 19 and
3764 3570 13 13 a
3794 3563 91 25 splendid
3902 3566 63 22 mate,
3984 3571 21 12 so
4024 3563 11 20 I
4055 3563 41 21 fee.

3554 3592 101 20 corfident
3672 3590 24 21 r,f
3710 3590 60 25 doing
3791 3590 26 20 all
3838 3590 60 25 right.
3926 3590 35 25 My
3979 3593 54 18 mate
4049 3591 16 20 is
4084 3599 11 10 a

3553 3618 110 26 Paradian,
3672 3618 38 20 and
3721 3617 36 20 has
3768 3620 55 19 spent
3839 3618 26 19 all
3884 3617 32 21 his
3974 3624 73 19 among
4059 3616 35 22 the

3552 3646 62 19 rivers
3626 3646 37 19 nn<l
3674 3644 73 21 forests
3756 3644 21 20 of
3787 3644 87 20 Canada.
3900 3644 10 20 I
3920 3644 57 21 don't,
3990 3644 78 21 believe
4082 3645 7 20 I

3552 3679 17 12 w
3583 3671 33 21 uld
3628 3672 50 21 have
3688 3678 55 14 come
3761 3671 17 20 ir
3795 3671 46 21 here
3851 3670 47 26 only
3910 3671 32 20 for
3956 3672 50 25 him,
4022 3672 38 20 but

3551 3706 40 14 wb
3601 3699 82 25 terribly
3694 3699 83 20 anxious
3788 3698 31 21 for
3828 3698 25 21 it.
3879 3699 64 20 There
3952 3705 33 14 are
4001 3698 56 21 three
4071 3706 22 13 or

3552 3726 45 21 four
3607 3733 44 14 men
3663 3726 70 22 taking
3745 3726 54 21 their
3813 3727 61 19 wives
3887 3726 20 21 in
3924 3726 50 21 with
3992 3726 63 21 them.
4083 3727 10 20 I

3552 3754 79 20 noticed
3641 3761 10 12 n
3664 3754 63 20 crowd
3737 3753 22 20 of
3772 3754 77 25 variety
3859 3753 39 20 awl
3908 3753 61 21 dance
3978 3754 48 25 girls
4035 3754 58 25 goirv:

3552 3781 20 20 in
3591 3781 35 20 the
3642 3781 59 20 other
3724 3780 47 28 dny,
3787 3780 64 21 under
3870 3782 128 25 engagement
4014 3780 31 21 for
4059 3780 33 22 t.bfc

3551 3809 63 20 dance
3625 3810 70 19 houses
3704 3809 39 20 and
3753 3809 77 25 variety
3837 3808 67 21 show*
3910 3815 24 14 on
3941 3808 35 21 the
3983 3808 101 21 Klondike

3553 3836 43 20 One
3605 3836 38 25 day
3653 3836 39 20 last
3710 3836 53 19 eek
3781 3843 11 12 a
3811 3843 46 13 man
3877 3836 72 21 larded
3960 3836 49 19 with
4019 3843 11 12 a
4040 3836 53 24 larg*

3551 3865 84 19 ninonnt
3644 3863 21 20 of
3674 3863 57 26 stuff,
3741 3862 39 22 and
3791 3864 86 24 engaged
3889 3870 11 13 a
3910 3862 92 22 bundred
4011 3862 82 21 Indinnc.

3551 3892 23 19 to
3596 3891 48 20 take
3665 3891 17 20 it
3704 3890 54 26 right
3780 3890 95 26 through.
3912 3890 65 21 There
4006 3897 39 13 was
4067 3897 24 13 an

3551 3925 107 14 enormous
3683 3918 63 25 ftring
3768 3918 22 21 of
3811 3917 174 28 themlndians,
4007 3923 84 21 squaws.

3577 3946 63 26 kid!-,''
3651 3946 39 20 and
3701 3945 129 26 dogswhen
3841 3946 48 26 they
3899 3948 33 23 got
3950 3952 24 13 on
3989 3945 35 20 the,
4040 3946 45 19 trail

3550 3974 60 20 Son,e
3619 3973 21 20 of
3649 3974 57 20 those
3717 3972 82 21 Indians
3814 3979 56 19 carry
3885 3972 129 21 tr>mendous
4030 3972 55 21 load*

3550 4000 48 21 This
3616 4000 15 22 is
3642 4000 34 22 the
3694 4000 85 27 Queen's
3788 4000 104 22 Birthday,
3906 4000 38 21 and
3955 4003 21 17 to
3985 4007 84 14 morrow
4084 4000 9 21 i

3550 4031 72 23 expect
3638 4031 23 19 to
3676 4029 25 21 he
3718 4029 20 20 in
3757 4028 36 21 her
3811 4028 111 21 dominions
3939 4029 56 25 again
4022 4034 20 14 as
4058 4027 35 21 tbe

3677 4057 15 19 is
3699 4056 34 20 the
3740 4055 90 26 dividing
3838 4055 40 21 line
3886 4055 91 21 between
3983 4056 35 20 the
4027 4055 54 21 N.W

3549 4084 96 25 territory
3654 4083 21 21 of
3684 4083 80 21 Canada
3773 4083 39 20 and
3823 4083 106 20 American
3943 4083 82 20 Alaska.

3789 4121 55 21 Lake
3854 4121 96 26 Bennett,
3959 4121 55 21 June
4022 4120 43 23 7tb.

3570 4150 58 21 Since
3638 4151 34 19 wri
3675 4154 7 11 f
3685 4150 33 26 ing
3729 4152 21 19 to
3762 4157 39 19 you
3811 4149 38 21 last
3864 4150 51 20 from
4019 4149 69 21 House

3546 4177 63 23 Camp
3645 4186 28 12 we
3685 4178 51 20 have
3746 4178 47 20 been
3805 4179 61 24 g-'ing
3877 4184 23 13 on
3910 4178 62 19 about
3985 4177 34 20 tbe
4028 4184 60 17 same,

3546 4205 89 23 working
3645 4205 56 26 hard,
3710 4205 84 26 packinor
3804 4204 38 21 nod
3852 4205 98 25 sleighing
3960 4206 52 18 most
4053 4205 36 20 the

3546 4233 56 20 time.
3629 4233 42 20 The
3681 4233 37 24 day
3728 4233 54 20 after
3791 4232 9 20 I
3811 4234 61 18 wrote
3887 4231 57 27 (May
3958 4231 31 25 25)
4006 4238 29 14 we
4051 4234 35 22 got

3547 4265 20 14 '.o
3583 4259 34 21 the
3634 4261 35 26 top
3688 4260 22 20 of
3725 4260 35 20 the
3778 4259 83 21 summit
3878 4259 62 21 about,
3958 4259 38 21 five
4013 4259 19 20 in
4053 4260 36 19 th*

3544 4287 114 25 afternoon,
3669 4287 49 21 then
3728 4287 70 21 loaded
3808 4294 28 18 up
3849 4293 37 14 our
3906 4287 63 22 sleigh
3989 4287 48 20 with
4052 4293 38 14 our

3545 4316 52 23 tent,
3608 4314 92 21 blankets
3709 4315 38 19 and
3758 4321 54 13 some
3824 4314 78 25 tucker,
3911 4313 39 21 and
3960 4315 31 19 set
4002 4316 36 18 out
4055 4314 33 20 for

3544 4341 4 26 i
3555 4341 63 20 imher
3627 4341 48 26 line,
3685 4349 9 12 a
3706 4341 89 22 distance
3808 4341 21 20 of
3838 4347 58 14 seven
3915 4341 63 23 miles,
3997 4341 63 20 which
4073 4342 16 20 if

3543 4368 35 21 the
3588 4371 79 19 nearest
3677 4369 91 26 camping
3776 4368 56 27 place
3843 4370 20 19 to
3875 4368 35 21 the
3925 4368 91 23 summit.
4043 4368 44 22 Th*

3543 4403 54 13 snow
3608 4403 38 13 was
3659 4403 22 14 so
3684 4396 4 24 f
3691 4400 14 20 t,
3718 4397 39 20 and
3767 4403 37 14 one
3815 4401 18 15 oj
3845 4398 40 18 two
3894 4396 56 21 Jakes
3957 4396 45 21 that
4009 4403 29 14 w
4045 4396 40 21 had

3543 4425 21 17 to
3574 4429 52 13 cross
3636 4430 25 12 on
3672 4424 95 18 thesriow
3779 4429 37 13 was
3826 4429 49 19 very
3883 4423 77 23 slushy,
3971 4423 82 25 making
4066 4424 18 19 it

3543 4448 48 20 hard
3604 4449 87 24 walking
3699 4449 38 20 and
3748 4448 98 25 sleighing
3854 4448 4 26 ;
3871 4449 40 20 and
3921 4455 27 13 we
3959 4455 52 14 were
4018 4452 66 22 pretty

3543 4475 42 21 well
3595 4475 69 26 fagged
3678 4476 55 20 when
3745 4483 29 12 wo
3783 4478 35 22 got
3830 4476 55 20 ihere
3900 4478 22 18 at
3934 4476 47 20 nine
3997 4476 86 22 o'clock.

3541 4503 29 20 Th
3593 4506 49 17 next
3652 4503 65 25 night,
3727 4509 22 14 as
3764 4503 15 20 it
3790 4509 38 14 was
3839 4503 87 24 freezing
3936 4510 11 13 a
3960 4502 30 22 bit
4002 4504 38 20 and
4051 4505 36 19 the

3541 4537 54 13 snow
3608 4530 38 20 and
3657 4530 54 19 lakes
3720 4532 50 23 good
3781 4530 40 19 and
3831 4530 48 20 hard
3892 4534 20 16 to
3929 4530 50 20 walk
3997 4538 33 17 on,
4051 4538 23 11 w-
4075 4542 5 9 ;

3541 4557 57 20 made
3609 4559 41 17 two
3659 4557 51 25 trips
3718 4558 21 19 to
3757 4556 35 21 tbe
3809 4556 83 21 summit
3903 4556 39 21 and
3956 4560 35 22 got,
4005 4557 25 19 nil
4048 4565 36 12 our

3539 4583 61 26 goods
3623 4584 58 20 down
3697 4586 21 18 to
3733 4590 55 14 snow
3804 4583 47 21 line.
3879 4583 38 20 We
3932 4590 52 14 were
3997 4584 83 26 awfuliy

3541 4612 51 19 tired
3602 4610 46 21 that
3657 4612 98 24 morning,
3767 4610 39 21 and
3823 4610 71 25 hardly
3909 4610 44 21 able
3969 4612 21 19 to
4004 4614 80 22 stsgger

3531 4636 1 29 i
3540 4638 58 20 home
3610 4638 47 21 with
3668 4645 37 13 our
3713 4637 80 26 sleigh?,
3804 4638 36 20 but
3846 4638 53 19 after
3908 4644 10 12 a
3927 4636 56 26 day's
3992 4638 48 24 spel!
4049 4645 29 12 wo

3541 4672 49 13 were
3600 4666 25 19 all
3635 4665 53 25 right
3697 4665 63 25 again.
3788 4665 43 19 One
3840 4664 51 25 good
3901 4664 57 23 thing
3964 4664 62 20 about
4037 4664 41 21 thi.

3538 4694 85 22 country
3633 4692 16 19 is
3662 4692 46 19 that
3718 4692 57 19 there
3786 4690 16 21 is
3812 4690 70 26 plenty
3900 4690 20 20 of
3934 4690 98 26 daylight.
4061 4691 21 21 It

3537 4718 47 20 does
3593 4718 36 21 not
3638 4720 33 25 get
3682 4718 49 21 dark
3741 4720 21 18 ot
3772 4717 27 22 all
3818 4723 44 15 now
3875 4717 31 21 for
3922 4720 40 19 two
3984 4724 23 14 or
4021 4718 57 23 three

3537 4746 81 21 months
3629 4746 108 26 -daylight
3746 4746 35 20 the
3792 4744 62 21 whole
3868 4745 133 25 twenty-four
4011 4746 66 21 hours.

3537 4772 38 20 We
3583 4773 51 19 have
3644 4779 10 13 a
3664 4773 49 20 kind
3723 4772 21 21 of
3757 4772 87 24 twilight
3860 4772 51 20 from
3928 4772 62 20 about
4006 4774 73 19 twelve

3537 4801 21 17 to
3570 4805 46 19 one,
3630 4800 39 19 and
3684 4799 48 20 then
3748 4799 18 20 it
3780 4801 43 23 gets
3840 4798 67 25 bright
3922 4799 64 25 again.

3537 4825 49 20 from
3598 4826 96 21 snowline
3709 4828 22 19 to
3744 4826 35 21 the
3795 4825 51 21 head
3860 4826 22 20 of
3897 4826 54 20 Lake
3967 4826 111 21 Linderna-i
4094 4825 1 22 >

3537 4859 29 14 we
3576 4853 38 20 bad
3624 4853 86 21 another
3718 4854 49 26 pick
3778 4853 21 21 of
3808 4856 39 17 two
3858 4852 56 23 miles
3923 4859 47 14 over
3976 4860 11 13 a
3994 4853 34 21 bill
4037 4854 39 20 and

3537 4887 25 13 an
3572 4881 61 20 awful
3643 4881 37 20 bad
3691 4881 53 21 trail.
3773 4881 38 20 We
3824 4880 58 23 hired
3898 4887 9 13 a
3926 4880 47 21 boat
3988 4882 21 19 to
4024 4881 54 21 fetch

3536 4914 36 13 our
3577 4909 53 21 stuff
3634 4913 47 15 over
3688 4908 117 25 Limb-man,
3816 4908 48 20 then
3872 4908 77 26 packed
3956 4908 51 20 from
4018 4908 57 21 tlw;

3536 4937 21 18 to
3567 4934 35 21 the
3612 4935 50 21 bead
3671 4935 23 21 of
3702 4936 55 20 Lake
3763 4936 95 20 Bennett.
3885 4935 39 20 For
3934 4934 33 21 tbe
3984 4936 38 20 last
4036 4935 39 21 few

3535 4962 49 22 days
3591 4969 29 14 we
3630 4962 51 21 have
3689 4962 50 21 been
3750 4962 85 26 engaged
3847 4963 19 20 in
3877 4962 91 25 building
3976 4969 38 14 our
4024 4963 46 20 boa',

3535 4990 37 19 and
3584 4990 75 23 aawiug
3670 4997 5 11 <
3684 4991 22 20 ut
3717 4990 36 20 the
3765 4990 82 20 timber.
3872 4989 71 27 Owing
3950 4992 21 18 to
3980 4996 36 14 our
4029 4989 48 26 high

3535 5016 94 27 altitude,
3649 5017 36 21 the
3702 5018 74 20 timber
3795 5017 44 20 that
3857 5024 63 19 grows
3936 5018 47 20 here
3998 5017 16 21 is
4028 5024 49 20 very

3536 5044 66 26 small,
3612 5045 57 20 there
3677 5045 58 26 being
3744 5045 84 23 nothing
3838 5045 64 23 larger
3911 5045 49 20 than
3976 5045 51 20 from
4042 5045 16 20 si
4065 5052 8 14 c

3536 5073 21 18 to
3565 5071 56 25 eight
3629 5072 68 20 inches
3706 5075 21 17 at
3737 5072 34 20 the
3781 5071 54 25 butt,
3842 5072 39 19 and
3891 5078 21 14 as
3922 5071 45 21 that
3976 5071 40 21 will
4025 5073 48 24 only

3536 5098 57 20 make
3601 5106 12 13 a
3623 5099 45 20 four
3677 5106 22 14 or
3712 5099 38 19 five
3762 5098 45 22 inch
3818 5098 59 21 board
3892 5099 16 20 it
3925 5099 126 21 necessitates
4065 5108 13 12 \
4094 5098 1 22 .

3534 5125 30 21 lot
3573 5125 21 21 of
3600 5127 82 24 sawing.
3709 5126 60 25 Well,
3779 5126 92 26 anyhow,
3884 5134 27 12 we
3921 5126 51 22 have
3986 5130 35 21 got
4038 5134 35 14 our

3534 5153 47 19 boat
3591 5153 52 19 built
3657 5160 51 14 now,
3720 5154 38 18 and
3769 5153 35 19 she
3822 5153 17 19 is
3856 5162 10 10 a
3881 5155 66 23 pretty
3960 5153 39 21 fair
4008 5155 51 19 craft
4091 5153 1 25 .

3535 5179 35 20 her
3579 5179 120 21 dimensions
3708 5187 33 13 are
3750 5179 43 22 23ft
3804 5179 52 26 long,
3866 5180 44 21 42iu
3918 5181 20 19 in
3945 5180 35 20 the
3988 5180 84 22 bottom.

3535 5207 43 21 Gfiin
3589 5207 62 21 atthe
3664 5210 44 23 ton,
3724 5207 39 21 ami
3779 5207 31 21 2ft
3909 5208 29 20 To
3946 5215 85 13 morrow
4045 5216 28 12 we.

3536 5235 48 19 have
3594 5237 21 17 to
3624 5234 59 21 caulk
3693 5235 38 20 and
3743 5235 54 24 pitch
3807 5235 42 21 her.
3862 5235 39 20 and
3918 5235 35 20 the
3968 5235 38 26 day
4022 5235 53 22 after

3535 5268 28 13 we
3574 5262 39 20 will
3628 5264 31 18 set
3675 5264 43 25 out,
3737 5262 44 20 God
3800 5262 82 26 willing,
3898 5262 31 21 for
3939 5262 35 21 the
3993 5263 81 21 Yukon.

3536 5289 36 19 We
3585 5296 34 13 are
3630 5289 73 25 having
3712 5289 92 26 splendid
3820 5290 88 21 weath'T
3924 5290 53 20 since
3991 5297 28 14 we
4038 5296 35 19 got

3534 5322 56 17 away
3606 5316 52 20 from
3681 5316 35 20 the
3734 5318 61 19 coast.
3821 5316 50 20 Just
3888 5317 40 19 l;ko
3950 5324 88 13 summer
4052 5324 21 13 at

3534 5343 66 26 home,
3608 5343 38 21 and
3656 5343 11 21 I
3676 5343 60 26 enjoy
3744 5343 35 20 the
3789 5350 36 13 suu
3835 5344 54 20 after
3897 5343 97 27 spending
4003 5351 12 13 a
4026 5351 49 20 year

3534 5370 18 19 in
3562 5370 111 25 miserable,
3684 5376 56 14 ramv
3750 5370 65 24 Unga.
3844 5369 55 26 They
3917 5370 36 21 tell
3969 5371 47 20 here
4028 5371 22 20 th
4057 5377 16 14 -n

3534 5396 31 21 for
3573 5397 35 20 the
3617 5397 58 21 three
3684 5404 21 13 or
3715 5397 45 21 four
3769 5403 89 15 summer
3867 5398 81 21 months
3956 5404 26 15 no
3990 5398 82 23 climafo

3534 5426 14 18 is
3559 5424 67 21 better
3635 5424 49 21 than
3694 5424 45 21 that
3748 5425 21 20 of
3778 5425 35 20 the
3823 5425 81 26 Yukon,
3917 5426 36 19 but
3967 5426 36 20 the
4017 5434 11 17 g
4036 5433 37 14 >at

3533 5452 105 21 drawback
3651 5452 15 20 is
3678 5452 35 20 tbe
3731 5452 46 26 long
3791 5452 39 21 a*id
3847 5459 68 14 sevtre
3927 5454 77 21 winter.
4032 5454 43 21 Tb>}

3534 5482 53 21 great
3597 5480 98 24 difficulty
3705 5480 20 19 of
3736 5480 33 20 the
3780 5482 44 21 past
3836 5480 36 20 has
3882 5480 48 20 been
3939 5481 34 20 the
3988 5483 85 23 scarcity

3534 5506 20 18 of
3560 5507 110 23 provisions
3679 5507 20 18 in
3710 5506 34 19 tbe
3762 5510 75 15 winter.
3866 5507 60 24 Many
3941 5513 45 14 men
4000 5507 41 20 had
4053 5512 20 15 to

3532 5538 56 13 come
3595 5535 36 16 out
3642 5532 38 19 last
3693 5532 34 19 fall
3736 5538 27 13 on
3772 5531 46 21 that
3826 5535 84 17 account
3920 5532 36 21 but
3965 5539 33 14 are
4012 5534 59 26 goii:g

3534 5558 17 21 in
3562 5559 57 27 again
3629 5559 39 22 this
3678 5560 68 25 spring
3761 5560 38 20 and
3816 5567 92 14 summer.
3939 5560 22 21 In
3976 5561 59 21 order
4049 5564 22 19 t>>

3534 5593 50 15 meet
3592 5588 35 20 the
3634 5588 84 21 demand
3726 5588 40 21 this
3774 5594 47 19 year
3835 5588 35 21 the
3884 5588 75 22 Alaska
3971 5589 89 22 Commer-

3532 5614 37 21 cial
3586 5615 103 27 Company
3709 5615 51 21 have
3778 5619 46 17 sent
3840 5616 19 20 in
3878 5623 13 13 a
3905 5616 55 27 large
3976 5618 56 20 stock
4051 5618 21 20 of

3534 5643 115 25 provision-,
3659 5642 39 21 and
3713 5649 54 14 some
3781 5647 57 16 extra
3849 5644 50 19 river
3915 5642 58 24 boats
3989 5647 20 17 to
4025 5645 50 21 tak.n

3534 5669 33 20 the
3574 5670 50 20 stuff
3634 5675 28 21 np
3672 5670 34 21 ihe
3716 5676 53 15 river
3782 5669 51 22 from
3845 5670 32 22 St.
3890 5670 101 26 Michaels,
4008 5672 65 22 whictv

3534 5704 14 13 '
3554 5699 22 19 at
3583 5698 34 20 tbe
3627 5698 70 20 mouth
3709 5698 21 19 of
3739 5698 35 20 the
3786 5698 72 21 Yukon
3866 5706 5 16 ;
3880 5706 22 12 so
3919 5699 17 21 it
3944 5706 16 14 it
3973 5701 101 26 *upjK)?e,s

3532 5725 45 21 that
3602 5725 39 21 this
3661 5731 71 15 winter
3751 5725 58 21 there
3831 5726 40 20 will
3892 5727 23 21 be
3932 5734 26 14 no
3979 5729 108 25 scarcity.

1746 72 207 43 MOUNT
2038 73 226 43 BENGER
2349 70 152 41 MAIL,

3481 65 168 53 Friday,
3669 69 103 50 July
3795 71 70 44 30,
3888 64 125 51 1891.

258 169 98 32 SALE
374 170 48 32 OF

87 226 230 57 Coal-mining
340 230 163 52 Property
525 229 63 43 and

294 296 105 43 Plant.

100 397 150 33 FRIDAY,
269 400 51 26 6th
341 398 154 35 AUGUST,
510 401 73 30 1897,

246 449 38 26 At
305 449 11 26 1
336 448 102 28 o'clock.

70 530 159 32 'TODD
282 532 142 31 BROS.
477 533 24 30 &
548 533 68 30 CO.

150 574 66 26 have
230 575 118 25 received
367 576 171 25 instructions
551 576 65 25 from

70 610 97 27 Messrs
183 610 136 28 Cockburn
333 610 70 27 Bros,
420 614 26 23 to
458 612 48 25 sell
520 621 32 16 on
574 612 45 26 the

68 647 129 28 Premises

138 699 54 25 The
206 698 153 35 Unexpired
371 699 80 26 Lease
461 698 28 26 of
498 699 46 26 the
557 697 59 27 Coal

205 736 105 35 Mining
327 736 129 35 Property
478 736 95 26 known
590 745 28 16 as

231 774 54 26 The
297 773 79 34 Gnlly

298 826 97 26 Also

145 864 10 25 -1
176 864 16 25 4-
206 864 15 25 h
235 873 21 25 p.
270 863 102 36 Engine
384 864 49 34 (by
444 861 18 27 R
467 862 84 37 obey),
554 863 64 26 with

207 902 129 34 Winding
347 901 71 26 Gear
428 901 129 33 complete

140 946 12 24 i
174 945 13 24 2
200 944 56 26 inch
301 944 79 26 Force
418 943 93 35 Pump,
555 943 63 25 wifh

207 982 97 34 Piping

139 1028 13 26 I
173 1026 65 32 Hat,
253 1026 31 26 10
298 1036 16 17 x
329 1026 30 28 12

140 1073 15 25 4
174 1073 96 33 Yonng
299 1071 51 26 and
382 1071 83 25 sound
495 1070 124 35 Draught

206 1109 85 27 Mares
305 1108 51 27 and
370 1107 126 34 Geldings

140 1155 168 29 Chaffcutter,
343 1152 185 29 Blacksmith's
560 1152 44 27 Bel-

207 1194 71 29 lows,
294 1192 90 29 Anvil,
406 1190 83 31 Tools,
510 1189 108 32 Trucks,

207 1229 82 32 Kails,
303 1230 51 29 &c.,
368 1229 42 27 &c.

183 1306 176 26 Particulars
377 1312 33 19 at
430 1304 74 27 Sale.

231 1393 102 28 TODD
358 1392 105 29 PROS.
482 1392 23 29 &
526 1392 55 29 CO.

72 1456 240 38 pHRISTMAS
340 1455 23 28 &
392 1455 90 27 NEW
514 1454 104 27 YEAR

236 1493 224 29 NOVELTIES.

110 1535 134 38 (Suitable
258 1534 45 28 for
319 1534 103 35 Young
434 1533 55 28 and
503 1532 75 37 Old).

177 1616 27 30 A
216 1614 135 39 complete
364 1613 106 39 display
483 1613 30 29 of

70 1657 129 29 FAKCY
229 1654 133 34 GOODS,
397 1653 218 29 CHRISTMAS

119 1694 134 35 CARDS,
291 1693 107 34 TOYS,
435 1692 136 35 BOOKS,

188 1733 235 34 MAGAZINES,
443 1733 49 30 &c.

67 1814 145 22 BARGAINS
230 1813 40 21 ON
287 1813 58 20 THE
362 1811 136 21 SHILLING
516 1810 98 21 TABLE.

187 1880 161 28 Inspection
368 1879 121 28 Invited.

120 1967 59 58 F.
222 1962 343 66 JEFFERY,

75 2044 191 23 BOOKSFLLIP.
281 2043 129 26 CHFMIST,
423 2042 82 21 NEWS
522 2042 94 21 AGENT

231 2071 166 26 STATIONER,
410 2070 38 21 &c.

110 2132 6 5 .
134 2108 140 28 TEYIOT
301 2106 251 29 DISPENSARY.

166 2172 43 36 C.
249 2172 37 36 J.
329 2171 187 50 Coombs,

69 2244 7 35 \
89 2242 193 29 SURGICAL
302 2241 24 29 &
344 2239 255 30 MECHANICAL

259 2280 166 30 DENTIST

276 2328 39 26 (By
331 2328 80 25 Exam.)

60 2441 95 28 MR
176 2440 151 30 COOMBS
345 2450 63 30 may
420 2439 38 29 btf
470 2439 148 31 Consulted

325 2484 29 25 afc

225 2533 123 29 Hekon's
372 2532 93 30 Hotel

103 2584 4 36 -
123 2587 40 27 On
187 2586 156 34 FRIDAY,
367 2586 70 28 23rd
461 2584 108 30 JULY.

108 2667 39 26 As
161 2665 13 28 I
189 2664 94 29 intend
298 2664 114 36 visiting
430 2662 55 30 this
505 2662 115 30 District

70 2705 186 38 periodically,
271 2705 20 27 it
300 2705 54 28 will
364 2714 63 19 save
440 2703 122 28 Patients
573 2703 47 28 the

71 2754 117 29 expense
202 2744 28 27 of
343 2748 29 24 to
385 2750 73 22 town
472 2754 7 24 ;
499 2742 52 29 and
565 2752 30 19 as
606 2742 10 27 I

73 2789 148 33 guarantee
241 2784 36 27 all
301 2784 86 34 work,
413 2783 122 28 Patients
557 2793 62 26 may

62 2825 65 38 rely
142 2836 34 17 on
190 2823 110 40 getting
314 2836 14 16 a
343 2822 142 30 first-class
496 2822 114 29 denture

70 2905 92 21 TEETH
190 2905 81 19 J'ADK
299 2905 35 20 BY
366 2903 95 21 OTHER
488 2902 132 21 DENTISTS

93 2931 128 21 PROVING
231 2930 253 22 UNSATISFACTORY
493 2930 61 19 MAY
566 2930 34 20 BE

127 2957 193 24 REMODELLED
333 2959 36 21 AT
383 2957 94 21 SMALL
489 2956 75 22 COST.

77 3027 121 31 Painless
227 3027 159 30 Extraction
416 3025 65 29 with
507 3023 114 30 Nitrous

112 3069 87 28 Oxide
220 3069 63 33 Gas,
306 3069 125 31 Cocaine,
445 3066 94 33 Ether,
554 3076 31 17 or

255 3107 182 30 Chloroform.

70 3178 131 28 Stopping
222 3187 70 18 with
314 3178 83 35 Gold,
420 3177 146 34 Amalgam,
586 3184 34 20 or

282 3218 124 30 Cement.

160 3295 30 29 C.
239 3295 18 28 J
320 3293 206 37 COOMBS,

206 3343 128 28 Surgeon
357 3342 118 28 Dentist

110 3389 143 40 (Opposite
267 3388 128 40 Cargill's
408 3388 173 38 Monument)

273 3436 79 21 DUNE
357 3436 57 21 DIN.

183 3475 81 32 (Late
279 3475 75 29 Kidd
368 3475 53 28 and
435 3474 60 37 Co.)

158 3577 176 34 -"'ECORD
373 3570 47 24 V
422 3581 103 30 EIGN.

72 3662 69 29 TO
166 3664 97 28 enable
288 3664 46 27 the
360 3662 94 38 public
478 3665 29 24 to
533 3660 83 28 Dress

153 3703 117 29 suitable
279 3706 28 25 to
317 3703 47 28 the
374 3701 135 36 occasion,
522 3701 14 29 I
547 3700 69 29 have

175 3754 182 29 REDUCED
377 3753 135 29 PRICES

68 3796 28 28 of
110 3805 44 28 my
167 3794 77 38 large
260 3794 53 28 and
327 3793 93 29 varied
435 3812 5 8 ,
437 3800 15 12 v
456 3793 75 36 tock,
545 3794 69 28 viz.:

141 3847 85 34 Suits,
239 3847 38 28 3
294 3848 50 32 3s;
364 3845 141 34 Trousers,
523 3846 54 27 15s.

141 3886 117 38 Factory
273 3904 11 5 -
297 3885 80 29 made
418 3885 84 35 Suits,
543 3886 72 33 21s;

210 3930 140 31 'trousers,
363 3926 31 28 6s
409 3925 44 28 6d.

93 3979 72 34 Ties,
180 3979 80 37 Caps,
274 3979 110 33 Braces,
398 3978 58 35 &c.,
471 3978 34 28 6d
520 3977 74 29 each.

68 4020 75 29 Hard
160 4019 52 28 and
230 4019 61 28 Soft
304 4019 62 29 Felt
383 4022 80 31 Lats,
489 4020 28 26 Is
538 4017 75 29 each.

85 4098 181 23 REDUCT'NS
280 4099 31 20 IN
327 4100 54 19 ALL
393 4099 96 21 OTHER
502 4098 89 22 LINES.

160 4165 40 41 E,
247 4165 42 41 A,
337 4165 28 35 H
383 4164 135 50 ART,

66 4223 104 20 TAILOR
192 4223 15 20 k
230 4222 195 21 GENTLEMEN'S
449 4222 164 21 OUTFITTER.

120 4262 256 33 Scotland-street,
397 4261 161 28 Roxburgh.

65 4361 214 30 ROXBURGH
289 4361 159 30 BAKERY
458 4361 24 28 &
493 4361 120 30 STORE

83 4532 140 35 BAKER,
252 4529 295 32 CONFECTIONER
571 4529 24 30 &

198 4577 281 37 STOREKEEPER,

103 4636 148 23 SCOTLAND
274 4636 112 26 STREET,
409 4635 166 22 ROXBURGH.

106 4709 75 28 R.K.
192 4708 102 29 desires
307 4711 27 25 to
348 4706 87 29 thank
449 4706 47 29 the
508 4705 93 29 inhabi-

68 4754 75 26 tants
157 4749 30 30 of
199 4748 155 39 Roxburgh
366 4746 53 30 and
431 4746 182 38 surrounding

68 4791 122 28 districts
213 4790 44 28 for
277 4789 47 27 the
345 4791 116 35 support
482 4786 134 29 accorded

65 4830 57 28 him
135 4830 29 27 in
176 4829 49 28 the
237 4833 70 34 past,
322 4828 52 28 and
388 4831 29 24 to
425 4826 100 29 inform
540 4826 75 28 them

67 4870 62 29 that
141 4869 117 38 nothing
272 4868 54 29 will
340 4868 34 29 be
388 4867 123 38 wanting
524 4876 35 19 on
573 4866 42 29 his

66 4913 61 36 part
140 4910 26 28 in
178 4909 49 29 the
238 4910 92 28 future
341 4911 28 26 to
378 4907 80 30 merit
466 4917 16 18 a
489 4906 111 29 continu-

63 4961 68 18 ance
143 4949 30 30 of
185 4950 71 29 their
268 4953 124 35 support.

93 5029 141 21 WEDDING
252 5029 62 21 AND
332 5028 150 21 BIRTHDAY
500 5026 91 22 CAKES

209 5062 82 23 MADE
308 5063 36 21 TO
357 5062 105 22 ORDER.

67 5111 123 26 SOIREES,
211 5109 112 23 PICNICS
345 5109 16 21 &
380 5108 86 22 BALLS
483 5106 133 22 CATERED

107 5147 54 22 FOR
175 5146 39 23 ON
230 5146 57 21 THE
300 5143 145 24 SHORTEST
461 5141 114 24 NOTICE.

67 5189 127 38 Nothing
206 5189 52 28 but
272 5188 45 28 the
330 5188 62 28 best
402 5184 124 30 material
538 5184 76 28 used.

66 5273 78 22 GOOD
157 5270 185 23 ASSORTMENT
351 5269 36 21 OF
396 5269 165 21 GROCERIES,
571 5268 45 26 kc.,

268 5304 40 23 ON
323 5303 91 21 HAND.

155 5365 118 29 Liberal
293 5364 139 28 Discount
444 5371 49 20 for
514 5361 84 29 Cash.

65 5468 142 31 TEVIOT
214 5466 163 32 WESLEY
378 5465 54 30 AN
446 5464 170 32 CHURCH.

163 5547 114 38 Sunday
291 5546 124 29 Services
427 5544 56 28 will
504 5544 35 28 be
552 5553 48 19 con-

152 5588 102 32 ducted
267 5598 29 19 as
309 5586 149 31 follow:

64 5640 113 27 Roxburgh
187 5638 20 28 (7
216 5637 85 29 p.m.)
303 5636 52 21 Rev.
364 5635 22 21 J.
395 5635 27 21 H.
432 5635 83 25 Hooper

281 5664 55 21 Love
345 5663 22 21 of
379 5662 46 22 God
434 5662 40 21 and
487 5661 35 21 the
536 5660 45 21 Gift
594 5659 21 22 of

91 5682 7 14 1

62 5725 52 23 Coal
124 5723 65 23 Crtk
198 5722 21 27 (
227 5719 85 28 p.m.)
314 5720 52 21 Rev.
375 5718 22 22 J.
405 5718 28 21 H.
448 5717 83 27 Hooper

63 5751 117 26 Sttrick(ll
191 5748 136 26 *.m.)Rev.
338 5746 21 21 J.
374 5746 27 21 H.
413 5746 84 25 Hooper

149 5778 56 32 {<5.30
214 5776 119 29 p.m.)Mr
343 5774 28 23 H.
382 5773 100 23 Bloxham

837 183 39 38 [A
896 179 98 38 Caee>.]

644 277 46 55 Q
783 270 275 35 HUBEN
1091 268 80 30 EE
1185 291 7 14 j
1205 268 3 64 |

694 323 17 13 *
717 336 133 24 TEACHER
871 334 35 23 OF
926 333 59 22 THE
1006 331 112 25 VIOLIN,

646 391 69 30 Will
727 391 65 29 visit
805 387 152 38 Roxburgh
970 385 105 37 weekly
1101 383 93 39 (every
1206 383 4 54 j

846 435 141 37 Monday.)

646 528 95 31 Terms
752 538 34 20 on
795 526 163 40 application
968 527 29 26 to
1007 522 53 31 self
1070 533 29 19 or
1111 520 84 31 Office

822 577 29 27 of
863 575 55 28 this
931 574 97 37 Paper.
1209 574 2 37 :

650 661 40 52 Y
784 637 39 61 I
899 656 296 42 WILLIAMS,
1209 633 3 96 |

675 731 199 22 HAIRDRESSER
893 729 60 21 AND
971 726 200 26 TOBACCONIST,
1209 726 3 38 j

844 770 160 29 Lawrence.

685 849 150 30 LADIES'
866 845 293 33 HAIECOMBINGS
1207 833 5 59 j

729 903 109 28 MADE
859 901 90 30 INTO
969 899 144 30 PLAITS.

649 975 101 28 Orders
759 975 37 36 by
805 978 63 33 post
876 973 138 38 promptly
1019 971 130 29 attended
1159 974 37 25 to.

817 1038 58 38 W
940 1037 19 38 I
1024 1035 37 39 H
1127 1011 86 94 H~,j

649 1110 133 25 PAINTER,
805 1108 131 25 GLAZIER,
960 1107 91 22 PAPER
1069 1105 128 23 HANGER,
1210 1103 2 32 i

720 1144 70 21 SIGN
810 1143 114 20 WRITES
946 1141 61 21 AND
1030 1140 94 21 HOUSE

833 1175 178 26 DECORATOR,

740 1217 70 29 Ross
830 1216 99 34 Place,
949 1215 159 28 Lawrence.

686 1299 42 29 On
744 1298 63 29 Sale
820 1308 15 18 a
845 1297 77 38 large
932 1296 53 28 and
995 1296 92 28 varied
1097 1287 117 48 assort-!

649 1342 75 26 ment
737 1338 28 30 of
779 1337 70 36 Oils,
862 1336 103 35 Paints,
988 1335 98 35 Scrim,
1109 1336 89 33 Glass,
1211 1333 3 47 j

649 1378 226 38 Paperhangings
898 1377 54 27 and
972 1376 134 28 Painters'
1127 1373 86 43 Sun-!

647 1420 81 28 dries.

684 1458 67 26 New
760 1456 54 28 and
823 1455 170 28 fashionable
1001 1454 71 27 Wall
1086 1454 111 37 Papers,
1209 1451 3 48 j

646 1496 71 29 from
731 1496 37 28 5d
790 1505 50 28 per
859 1495 77 38 piece
958 1493 135 38 upwards,
1136 1498 10 22 t
1156 1496 41 25 at-
1209 1493 4 40 i

645 1539 76 25 terns
734 1539 61 24 sent
809 1544 35 18 on
865 1533 174 38 application,
1055 1537 62 34 post
1131 1532 65 29 free.

684 1576 146 28 Estimates
844 1574 80 39 given
938 1573 44 29 for
1005 1572 117 29 General
1145 1572 35 29 Re-

645 1616 82 38 pairs.

684 1655 161 29 Celebrated
862 1655 130 27 Lustruss
1010 1653 89 31 Paint,
1114 1653 82 37 ready

644 1695 100 35 mixed,
757 1695 37 27 all
809 1694 121 29 Colours.

644 1771 207 54 yiCTORIA
869 1770 145 29 LIVERY
1028 1769 167 29 STABLES

731 1838 71 22 PEEL
815 1837 111 26 STREET,
942 1836 167 21 LAWRENCE.

644 1908 34 43 T,
706 1908 121 51 Dwyer
873 1917 6 30 :
927 1917 7 30 :
990 1904 221 52 Proprietor,!

681 1996 58 28 The
751 2006 67 26 very
831 1995 61 27 best
906 1993 129 37 Stabling
1052 1990 158 42 provided,!

644 2036 66 29 with
723 2046 15 17 a
752 2035 100 28 Groom
866 2034 100 37 always
981 2034 26 27 in
1021 2033 172 28 attendance,
1207 2028 3 46 j

645 2130 25 27 A
692 2128 159 29 Handsome
876 2126 55 28 and
958 2124 235 39 Well-appointed
1207 2124 3 39 I

741 2190 153 35 Hearse
917 2199 53 24 on
999 2187 101 35 Hire.

684 2282 156 29 First-class
871 2281 94 38 Single
998 2289 52 18 ar<j
1090 2279 121 28 Double!

647 2323 138 38 Buggies;
805 2323 66 31 also.
886 2321 109 29 Ladle*'
1009 2321 52 28 and
1085 2320 110 29 (if-nile-
1209 2320 1 41 :

646 2364 86 27 men's
746 2363 101 27 Saddle
859 2362 113 27 Horses.

714 2446 231 56 gTANDARD
1024 2445 148 53 gEECS.
1208 2435 5 62 j

1209 2514 3 9 t

651 2572 101 55 WE
767 2571 48 28 will
830 2571 28 26 he
871 2571 96 33 plenspd
988 2577 24 19 to
1025 2570 91 26 submit
1132 2580 62 16 sain-
1209 2570 3 57 i

765 2610 51 35 pie?
830 2609 46 25 aud
892 2610 56 33 give
962 2615 143 30 quotations
1122 2607 28 25 of
1166 2607 29 26 ail
1211 2606 1 39 j

651 2646 167 35 Agricultural
839 2646 77 27 Seeds
929 2656 35 15 we
978 2645 78 33 stock,
1079 2646 24 26 of
1117 2645 78 26 which
1211 2644 2 37 j

650 2685 40 27 the
703 2685 95 36 quality
812 2686 20 25 is
847 2685 38 25 the
899 2684 79 27 finest.

688 2772 167 41 Standard
874 2772 18 20 M
927 2771 87 41 Bone
1049 2771 165 40 Manure,!

682 2842 61 27 This
756 2841 137 28 celebrated
908 2842 104 26 Manure
1027 2841 43 27 has
1082 2850 32 17 no
1127 2839 70 37 equal
1211 2839 3 37 j

650 2880 35 26 for
698 2880 105 36 quality.
841 2880 22 25 It
883 2881 20 24 is
925 2879 50 27 rich
997 2880 24 24 in
1045 2878 169 34 Phosphates!

651 2917 47 27 nnd
712 2916 193 33 Ammonia,and
916 2918 21 24 is
946 2914 136 35 admirably
1091 2915 104 34 adapted
1211 2914 3 35 ;

651 2954 34 26 for
698 2961 53 20 root
771 2963 78 26 crops,
868 2963 71 27 grass
958 2952 79 33 hods,
1051 2952 47 27 and
1117 2952 80 27 wheat
1211 2952 3 38 j

648 3001 77 27 crops.

683 3041 253 28 Caution.Other
967 3040 82 26 makes
1079 3039 24 26 ol
1131 3039 66 27 Bone
1211 3039 3 37 j

651 3080 119 26 Manures
783 3089 40 16 are
835 3079 74 32 being
919 3078 89 25 offered
1021 3086 26 16 jo
1061 3078 101 23 farmers
1173 3086 24 19 >js
1210 3078 3 34 ]

650 3116 41 24 the
878 3114 82 25 brand.
1000 3112 81 26 When
1094 3112 103 35 buying,
1211 3112 2 42 j

649 3153 70 25 insist
734 3161 30 16 on
779 3161 12 16 a
814 3158 137 26 guarantee
976 3149 75 35 being
1076 3150 82 32 given,
1173 3159 25 17 as
1210 3149 2 35 !

649 3189 104 26 without
767 3188 48 26 this
830 3187 76 27 brand
925 3196 64 17 none
1002 3188 21 25 is
1035 3187 117 34 genuine.

824 3267 23 27 L
862 3268 22 26 A
899 3266 125 28 WE'S

649 3318 355 30 SUPERPHOSPHATE
1025 3317 47 30 OF
1093 3317 104 29 LIME.

831 3379 181 31 CROSS'

648 3432 355 31 SUPERPHOSPHATE
1024 3432 46 28 OF
1091 3431 105 29 LIME.

681 3485 65 26 Both
758 3485 67 25 these
837 3484 118 25 Manures
964 3492 40 17 are
1015 3483 27 25 of
1048 3483 60 34 high
1120 3482 77 32 grade

646 3522 154 38 quality,and
811 3531 40 17 are
861 3521 54 27 well
926 3520 80 27 suited
1018 3521 36 26 for
1064 3530 119 27 encourag-

645 3563 42 34 ing
701 3560 40 27 the
755 3560 97 35 growth
866 3560 25 26 of
904 3559 30 27 all
948 3563 54 23 root
1015 3568 77 26 crops.

758 3617 105 26 Prices
881 3624 35 18 on
936 3617 200 25 Application.

813 3685 151 29 PLANET
988 3685 44 29 Jr.

718 3737 108 29 FARM
861 3736 261 31 IMPLEMENTS.

681 3788 79 27 Write
782 3798 27 16 or
831 3788 45 26 call
897 3788 36 26 for
946 3788 43 26 full
1004 3788 146 34 particulars
1171 3787 40 39 ofj

645 3827 68 26 these
736 3826 112 26 valuable
872 3826 166 35 implements,
1056 3826 78 26 which
1155 3835 40 17 are
1209 3824 1 37 j

645 3866 25 24 in
681 3873 43 17 use
735 3863 30 35 by
779 3864 40 24 the
833 3863 165 25 thousandsin
1007 3864 59 24 New
1077 3862 115 27 Zealand,
1207 3861 2 41 j

712 3941 118 29 FRUIT
851 3940 130 35 TREES,
1000 3940 129 36 ROSES,

648 3992 266 32 STRAWBERRY
946 3992 156 35 PLANTS,
1135 3992 39 30 &c
1187 4015 6 13 ,
1207 3979 2 49 j

794 4042 36 29 Of
851 4042 66 28 Best
937 4041 119 36 Quality.

644 4124 282 58 NIMMOI
952 4111 259 83 BLAIR,!

736 4201 96 28 SEED
855 4198 246 30 MERCHANTS.

844 4246 148 27 Dunkdin.

836 4292 50 4 _
1207 4285 3 12 i

793 4329 57 20 THE
863 4327 184 26 CELEBRATED

644 4369 168 32 CORNISH
833 4366 202 31 AMERICAN
1053 4366 140 30 PiANOS
1207 4355 2 48 j

784 4418 82 29 AND
891 4416 161 29 ORGANS.

647 4494 176 39 1/IESSRS
851 4492 166 31 CORNISH
1040 4491 23 29 &
1080 4492 54 29 CO.
1150 4503 45 18 are
1207 4484 3 49 j

742 4536 48 29 the
803 4535 63 37 only
880 4535 59 27 firm
955 4533 29 29 of
996 4533 88 29 actual
1099 4544 76 17 manu-

644 4577 133 28 facturers
791 4576 30 27 of
839 4575 67 37 high
930 4573 84 37 grade
1028 4573 99 27 Pianos
1140 4573 53 27 and
1207 4568 3 44 j

645 4617 108 39 Organs
778 4616 28 27 in
833 4615 47 28 the
914 4613 102 29 United
1045 4614 91 27 States
1167 4613 43 34 ofj

645 4657 112 28 Ameria
789 4656 99 34 selling
917 4653 166 38 exclusively
1109 4653 86 28 direct

644 4698 71 29 from
729 4697 47 28 the
790 4696 106 37 factory
907 4697 28 26 to
947 4694 45 28 the
1001 4693 111 37 general
1126 4694 51 37 pub-

645 4739 44 35 lic,
699 4741 28 25 at
736 4735 169 41 guaranteed
915 4733 143 30 wholesale
1068 4734 74 38 price
1152 4733 43 29 for

645 4790 16 17 a
675 4779 87 37 single
776 4778 175 27 instrument.
989 4774 44 29 No
1048 4779 97 31 agents
1165 4785 30 17 or

646 4818 104 29 dealers
772 4826 46 19 are
838 4815 112 29 allowed
976 4818 28 25 to
1026 4814 99 28 handle
1148 4814 47 28 the

647 4857 115 31 Cornish
772 4857 143 27 American
929 4854 99 29 Pianos
1037 4864 30 19 or
1075 4854 117 39 Organs,
1207 4854 2 39 j

647 4900 28 27 It
687 4899 23 28 is
720 4899 60 37 just
793 4907 30 18 as
836 4906 63 27 essy
912 4896 43 28 for
969 4896 47 27 the
1038 4895 110 28 readers
1166 4894 29 28 of
1207 4894 2 42 >

645 4939 55 29 this
713 4946 85 31 paper
811 4939 27 26 to
852 4936 35 28 sit
900 4935 79 29 down
1004 4935 54 28 and
1080 4934 80 30 order
1179 4944 16 18 a
1207 4934 2 43 j

645 4980 86 28 Piano
745 4988 31 19 or
790 4976 92 38 Organ
894 4976 71 28 from
979 4976 134 34 America,
1127 4986 30 18 as
1165 4977 29 27 to
1207 4976 2 38 ;

647 5020 80 30 order
736 5028 52 19 one
800 5017 70 28 from
882 5016 70 28 their
962 5016 85 28 music
1058 5019 80 33 store,
1148 5015 46 29 the
1207 5015 2 37 i

645 5061 65 38 only
724 5059 147 28 difference
884 5056 85 38 being
981 5056 66 38 they
1059 5056 53 28 will
1131 5066 63 19 save
1206 5056 3 43 i

646 5102 69 29 from
731 5100 34 28 50
778 5103 29 24 to
825 5098 48 27 100
887 5106 49 30 per
948 5100 71 25 cent.

684 5141 52 28 We
750 5141 68 26 have
833 5138 108 38 Organs
954 5137 70 30 from
1037 5138 38 29 6
1086 5141 28 25 to
1127 5138 68 32 25,
1206 5136 3 40 j

647 5182 98 28 Pianos
758 5179 69 28 from
842 5178 57 29 34
912 5181 28 24 to
953 5178 65 33 l)0,
1030 5178 54 27 and
1092 5187 40 18 we
1146 5177 47 28 sell
1206 5175 3 43 j

645 5223 44 28 for
701 5219 65 31 cash
780 5230 31 18 or
837 5228 71 28 upon
929 5217 159 30 instalment
1106 5217 87 39 plans,
1207 5212 2 44 j

646 5268 29 23 to
689 5261 55 29 suit
766 5259 46 28 the
834 5258 182 29 convenience
1030 5258 28 29 of
1070 5258 47 28 the
1130 5268 64 28 pur-
1207 5258 2 38 j

647 5303 103 28 chaser.
791 5300 56 29 Our
878 5299 75 38 large
981 5299 53 28 and
1061 5298 134 38 complete
1207 5294 3 43 i

647 5341 143 36 catalogue
812 5339 54 28 will
891 5339 34 28 be
949 5338 152 29 forwarded
1122 5348 71 28 upon
1207 5338 3 39 i

646 5384 119 35 request.
804 5379 29 29 It
844 5379 23 28 is
880 5379 47 28 the
939 5379 82 28 finest
1028 5378 166 38 description
1207 5378 3 41 i

647 5423 29 29 of
689 5421 99 30 Pianos
801 5419 54 30 and
870 5418 108 40 Organs
990 5419 90 30 issued
1094 5419 37 38 by
1141 5428 53 28 any
1207 5418 2 40 j

647 5464 60 28 firm
730 5462 28 28 in
780 5461 48 29 the
854 5464 123 35 country,
989 5459 53 28 and
1057 5459 78 40 gives
1148 5459 47 28 the
1207 5459 2 40 j

645 5503 89 29 actual
748 5502 104 36 factory
866 5501 79 28 value
957 5500 29 29 of
998 5511 82 25 every
1092 5501 101 26 instru-

645 5545 76 26 ment
734 5541 21 28 it
769 5541 145 27 describes.
934 5539 79 28 With
1026 5549 82 28 every
1120 5542 73 24 cata-
1206 5538 3 39 \

645 5584 81 39 logue
739 5582 23 29 is
774 5580 146 41 presented
933 5591 50 19 our
995 5580 101 39 unique
1109 5578 84 30 refer-
1203 5578 4 45 j

644 5634 66 20 ence
724 5623 82 35 book,
847 5623 58 28 The
918 5621 87 30 Heart
1018 5622 29 29 of
1058 5621 48 29 the
1125 5613 81 36 Peo-1

740 5663 89 29 Write
837 5663 43 28 for
889 5663 151 36 catalogue.
1061 5661 145 35 Address,!

765 5714 170 31 CORNISH
1202 5699 5 33 1

656 5767 161 23 WashingtoK,
830 5764 55 22 New
898 5764 90 26 Jersey,
997 5763 61 27 U.S.,
1068 5764 112 20 America.

1226 258 91 59 W.
1339 261 60 56 T.
1422 263 339 57 TALBOYS
1766 226 28 106 j

1389 364 225 38 ROXBURGH,

1256 456 57 29 Has
1327 466 61 18 now
1402 456 115 38 Opened
1533 457 41 29 bis
1588 458 91 38 Large
1692 459 54 28 and

1336 508 101 29 Varied
1452 508 176 30 Assortment
1638 510 29 29 of
1792 508 3 34 I

1792 553 3 15 ;

1230 620 296 55 WINTER
1792 585 4 99 |

1498 709 244 57 GOODS
1766 713 30 93 !j

1358 806 60 38 (per
1443 806 62 29 S.S.
1533 804 120 37 Gothic.)

1258 936 226 29 BLANKETS!
1524 933 223 31 BLANKETS!
1792 903 4 83 j

1303 987 166 29 liitefrom
1486 988 30 27 9s
1533 987 51 28 lid
1599 997 50 27 per
1661 987 60 36 pair

1265 1028 247 30 Colouredfrom
1526 1028 31 29 9s
1577 1027 52 29 lid
1644 1037 47 28 per
1705 1025 59 40 pair
1793 1025 3 40 !

1794 1060 2 81 |

1348 1152 120 31 RUGS!
1545 1152 125 31 RUGS!

1304 1206 111 40 Striped
1478 1206 71 29 from
1585 1207 31 28 4-s
1644 1206 61 29 lid.

1352 1296 112 30 WOOL
1497 1295 172 31 SHAWLS.
1788 1272 8 69 j

1319 1351 26 27 A
1383 1350 90 37 Large
1508 1351 185 25 Assortment.

1272 1454 237 37 WINTER
1562 1453 171 36 DKESS
1792 1427 3 75 j

1398 1514 211 37 STUFFS

1487 1571 28 19 IN

1292 1612 155 37 SERGES,
1475 1611 242 37 CORDUROYS,

1375 1664 186 35 TWEEDS,*
1571 1664 59 34 &c.,

1282 1716 82 30 From
1382 1717 48 28 10s
1446 1717 33 28 (3d
1493 1717 47 28 tlie
1554 1716 61 29 Full
1630 1715 92 30 Dress.

1313 1797 136 39 Splendid
1473 1802 166 24 assortment
1665 1797 28 28 of

1358 1851 90 30 NEW
1473 1850 171 31 JACKETS

1395 1900 71 28 from
1498 1900 44 28 10s
1568 1898 45 28 (3d.

1271 1999 77 40 New
1392 1998 174 49 Millinery,
1600 1997 135 49 Gloves,

1379 2055 157 51 Ribbons,
1572 2056 63 41 &c,

1324 2151 104 29 LONG
1466 2152 78 29 FUR
1582 2150 98 30 BOAS

1404 2193 69 27 from
1500 2194 32 27 4s
1559 2192 44 29 6d.

1319 2274 22 27 A
1369 2273 74 37 large
1468 2275 167 27 assortment
1656 2272 30 28 of

1265 2334 97 27 MhN
1379 2334 6 11 '
1400 2333 18 28 S
1472 2332 57 30 CL
1540 2333 24 29 0
1574 2333 22 28 T
1606 2331 92 29 HIN
1709 2331 33 29 G.
1793 2315 3 67 j

1371 2415 94 28 Latent
1491 2414 92 29 Styles
1609 2414 26 29 in

1304 2462 23 28 Ji
1337 2460 76 36 ATS,
1446 2459 184 37 SCARVES,
1657 2460 49 32 4c.

1268 2557 117 29 MEN'S
1404 2556 140 30 TWEED
1567 2557 112 32 SUITS
1696 2557 49 30 TO
1794 2537 2 63 |

1229 2613 79 34 65s
1439 2611 129 30 ORDER
1700 2614 79 38 65g

1277 2699 117 28 MENS'
1423 2708 55 19 jxd
1503 2699 99 29 BOYS
1638 2700 94 28 CAPS
1794 2679 2 49 !

1227 2748 27 28 in
1280 2748 108 29 endless
1409 2749 212 38 varietyfrom
1649 2749 33 28 fid
1706 2749 74 29 eucli.
1795 2748 1 39 j

1448 2805 110 4 _____

1275 2829 25 28 A
1315 2828 77 39 large
1407 2829 51 29 nnd
1473 2830 122 29 assorted
1612 2831 77 27 stock
1704 2831 29 28 of
1795 2828 1 39 I

1329 2881 118 28 BOOTS
1473 2891 55 18 and
1555 2881 132 29 SHOES.

1795 2984 1 11 :

1225 3017 93 55 W.
1365 3015 71 52 T*
1479 3015 317 68 Talboys,!

1367 3108 284 32 ROXBURGH.

1232 3275 132 57 WM.
1393 3275 131 53 KIN
1529 3276 254 68 ASTON,

1296 3373 243 49 Hermitage
1574 3373 143 44 Street,

1395 3445 224 35 Roxburgh,

1228 3519 236 38 CARPENTER,
1492 3519 173 31 BUILDER
1686 3542 93 8 ....

1228 3595 93 7 ....
1342 3572 165 29 PICTURE
1533 3571 169 37 FRAMER,
1725 3582 54 19 and

1373 3635 263 39 Undertaker,

1226 3779 110 29 Picture
1351 3780 169 38 Mouldings,
1534 3780 118 33 Glasses,
1675 3780 102 38 Paint*,
1790 3779 3 45 j

1291 3822 53 28 and
1373 3822 226 38 Paperhungings
1625 3824 29 26 of
1674 3823 33 28 all

1336 3862 180 34 descriptions
1530 3864 25 26 in
1577 3863 87 27 stock.
1790 3862 2 34 !

1790 3897 2 21 i

1227 3911 100 29 Orders
1341 3913 84 28 taken
1448 3914 44 28 for
1512 3914 99 38 supply
1624 3914 29 29 of
1665 3914 112 28 Timber
1790 3911 2 41 j

1366 3955 26 26 in
1409 3965 52 26 any
1477 3956 156 37 quantities.

1790 4031 2 27 I

1226 4063 86 29 AV.K.
1327 4062 103 37 having
1450 4062 113 28 secured
1583 4072 16 18 a
1621 4062 155 29 First-class
1790 4062 2 42 j

1381 4126 235 43 HEARSE,
1789 4104 3 75 |

1227 4193 20 26 is
1263 4191 134 38 prepared
1411 4195 27 24 to
1458 4191 119 27 conduct
1597 4190 132 28 Funerals
1748 4191 25 27 in
1789 4190 3 39 '

1324 4231 35 28 all
1374 4235 75 34 parts
1462 4231 29 28 of
1505 4231 46 28 the
1566 4230 116 29 district.

1291 4355 415 43 BERNSTONE,

1788 4416 2 22 i

1270 4457 77 27 THE
1788 4442 3 46 |

1789 4491 3 14 i

1368 4515 93 34 (From
1489 4514 151 37 Dunedin),
1788 4514 4 37 \

1301 4591 68 43 \\J
1380 4591 64 29 ILL
1460 4591 64 28 visit
1539 4590 21 28 1i
1564 4600 33 18 ox
1602 4589 99 38 burgh,

1418 4631 104 30 Millers
1552 4631 71 34 Flat,
1648 4629 54 28 and

1298 4672 187 37 surrounding
1519 4670 122 29 districts
1674 4674 28 24 nt
1788 4670 3 39 j

1297 4713 111 39 regular
1418 4711 139 35 intervals,
1577 4711 83 39 being
1674 4711 27 27 in

1297 4753 153 38 Roxburgh

1296 4819 105 29 NtXT
1418 4818 248 29 WI'.DNESDAY
1679 4817 24 29 &

1392 4859 222 35 THUKSDaY,

1788 4903 4 24 j

1334 4918 51 30 4th
1399 4918 54 27 and
1474 4918 48 27 sth
1543 4917 122 37 August,

1432 4972 78 28 when
1525 4972 34 27 he

1307 5039 104 29 WILL
1424 5038 104 30 TAKE
1544 5035 149 31 ORDERS

1298 5103 28 25 to
1351 5099 55 29 suit
1420 5099 45 28 the
1479 5097 181 30 convenience
1674 5095 29 30 of

1373 5147 46 27 the
1436 5144 67 29 local
1524 5143 103 38 public.

1343 5240 129 30 Charges
1495 5238 160 29 Moderate.

1788 5283 3 48 |

1298 5336 77 29 Suits
1384 5334 69 28 from
1463 5334 38 28 3
1514 5342 41 24 os;
1571 5331 130 27 Trousers

1404 5379 71 29 from
1489 5379 49 27 16s
1552 5377 44 28 Od.
1788 5370 3 42 j

1787 5414 3 35 j

1297 5475 44 29 Fit
1355 5470 174 33 Guaranteed
1548 5480 31 18 or
1597 5468 103 38 Money

1398 5523 48 25 not
1459 5516 140 39 accepted.

1224 5666 142 29 TZOZIE
1385 5664 85 29 TEA.
1510 5662 64 28 This
1599 5660 88 29 brand
1712 5660 24 27 is
1757 5647 32 56 aj

1300 5710 150 34 guarantee
1459 5704 28 30 of
1495 5703 92 39 purity
1595 5701 54 29 and
1659 5700 112 40 quality.
1785 5700 3 44 1

1221 5750 56 38 Try
1291 5748 46 29 the
1350 5748 31 29 2s
1390 5758 10 25 j
1420 5746 46 29 'tis
1480 5742 119 41 superb,!

1807 172 255 35 DISSOLUTION
2089 174 48 31 OF
2162 169 169 33 PARTNER-

2032 229 101 32 SHIP.

1807 321 167 42 JOHNS
2025 325 33 38 &
2103 318 252 44 M'COMBE,

1945 385 156 27 MILLERS
2119 382 99 28 FLAT.

1811 466 151 31 TTAVUS
1969 469 23 30 G
2004 466 154 32 Purchased
2169 466 47 29 the
2227 465 130 29 Business

1905 508 29 29 of
1959 509 47 30 the
2030 510 59 29 firm
2120 507 30 29 of
2180 506 92 30 Johns
2303 513 55 20 and

1812 548 147 38 M'Combe,
1974 552 21 27 it
2007 551 54 28 will
2084 551 35 26 be
2141 548 81 29 taken
2245 557 65 19 over
2329 557 30 17 as

1811 588 69 28 from
1895 590 47 28 the
1961 588 4 35 !
1975 591 47 28 sth
2035 591 63 32 inst,
2117 589 53 27 and
2192 588 54 28 will
2260 588 83 28 hence-

1810 627 117 30 forward
1956 630 34 29 be
2011 629 108 31 carried
2139 639 34 18 on
2200 627 89 29 under
2313 626 46 29 the

1811 678 80 18 name
1906 669 28 28 of

1847 708 46 29 All
1929 715 128 24 accounts
2094 708 93 39 owing
2218 710 74 26 must
2325 706 36 29 be

1809 749 99 29 settled
1929 753 29 26 at
1977 761 75 19 once.

1956 809 32 28 E.
2028 807 183 35 JOHNS,

1824 861 115 22 GROCER
1953 863 60 21 AND
2031 861 135 23 GENERAL
2180 859 167 23 MERCHANT.

2006 926 153 22 AGENCIES;

1811 964 176 29 Manchester
1999 966 62 28 Fire
2073 966 149 27 Insurance
2237 964 48 28 Co.

1811 1005 158 28 Australian
1978 1005 107 29 Mutual
2094 1004 147 30 Provident
2251 1002 110 39 Society

1908 1085 67 29 F0
1994 1083 25 27 R
2039 1110 6 2 .
2094 1081 174 29 SALE.

1826 1164 24 33 A
1877 1163 126 29 LARGE
2023 1162 125 39 quantity
2167 1158 30 30 of
2219 1158 70 30 Pine
2307 1159 53 29 and

1902 1202 253 43 Poplarjjlimber;
2181 1200 118 28 suitable
2319 1200 43 28 for

1812 1245 207 39 Undergronnp
2032 1235 10 16 r
2042 1249 133 33 purposes
2200 1240 54 28 aud
2284 1240 61 28 Fire-

1811 1286 86 30 wood.
1900 1285 130 39 Apply

1982 1334 134 30 HENRY
2138 1331 112 37 TOMS,

2023 1371 27 22 *
2069 1374 65 29 Coal
2150 1373 87 30 Creek
2251 1372 72 28 Flat.

2973 2534 59 22 YOU
3046 2533 75 22 LOOK
3136 2533 77 22 SICK!

3024 2562 59 21 YOU
3098 2562 70 21 FEEL
3184 2561 77 21 SICK!

3074 2590 59 21 YOU
3149 2589 57 21 ARE
3218 2588 81 22 SICK!

3022 2650 89 21 WHAT
3126 2649 71 22 WILL
3208 2649 61 22 YOU
3283 2649 53 22 DO?

2973 2710 31 21 IF
3018 2710 58 21 TOU
3090 2710 58 20 ARE
3161 2710 73 20 WISE

3075 2737 60 22 YOU
3156 2736 72 22 WILL
3241 2736 77 22 TAKE
3335 2738 19 20 A
3368 2734 107 24 COURSE
3490 2734 35 22 OF

3026 2765 148 21 CLEMENTS
3192 2765 94 21 TONIC.

2998 2804 43 21 The
3054 2805 90 25 greatest
3152 2804 108 21 renovator
3269 2803 21 21 of
3301 2810 11 14 a
3324 2809 53 14 worn
3394 2804 37 19 out
3448 2802 75 26 system

2975 2840 35 21 the
3029 2840 62 21 world
3111 2839 36 21 has
3163 2846 47 14 ever
3227 2846 54 19 seen,
3296 2839 107 26 positively
3418 2838 41 22 and
3481 2845 32 19 per-

2977 2876 106 25 manently
3110 2878 94 23 restores,
3225 2876 70 25 manly
3314 2875 87 25 virility,
3420 2875 21 19 to
3462 2881 63 19 prove

2978 2911 65 20 which
3057 2911 95 20 evidence
3161 2911 16 20 is
3182 2911 137 25 forthcoming
3326 2910 54 21 from
3386 2916 40 19 any
3434 2910 90 25 quarter.
