4240 5910
120 210 103 27 Anyhow,
235 210 11 21 I
256 210 61 20 tliirb
325 217 29 12 we
361 209 52 20 have
421 207 79 27 enough
517 206 45 21 food
580 205 49 21 with
642 212 24 13 us

120 239 23 19 to
152 243 33 15 see
197 245 24 13 us
234 237 90 28 through
333 237 52 20 until
393 236 75 26 spring,
484 234 59 21 alone
552 233 49 20 with
612 233 54 20 what

120 272 31 14 w«
160 267 73 24 expect
243 267 22 19 to
275 264 56 22 catch
343 264 21 21 in
374 264 35 20 the.
419 270 44 19 way
471 262 22 21 of
503 268 58 16 panne
570 260 39 21 and
620 260 45 21 fish.

120 293 45 20 Our
177 293 58 21 st:ck
244 293 84 19 consists
336 291 23 21 of
370 291 68 21 sQo!bs
447 290 58 22 flour,
515 288 69 21 30Qlbs
594 288 71 26 bacon,

121 319 67 21 1501b*
195 319 58 21 drud
261 319 68 25 bean?,
337 315 29 29 100
376 315 10 29 H
396 315 9 29 s
413 317 55 21 dried
477 317 67 25 fruits,
554 315 56 21 SOibs
617 315 47 25 rice,

120 346 56 22 501bs
186 347 64 21 rolled
260 351 50 21 oat?,
320 346 56 20 oOlbs
385 345 75 25 butter,
471 344 55 20 20Hjs
541 350 48 14 corn
604 342 59 26 meal,

120 375 48 25 salt,
185 381 84 20 pepper,
284 374 71 25 coffee,
366 376 38 23 tea,
414 372 75 27 hiking
505 370 87 26 powder,
609 376 54 20 soap,

119 404 66 24 stove,
207 403 54 26 tent,
279 401 101 23 blankets,
399 400 85 25 clothes,
498 399 64 27 picks,
577 397 86 26 shovels,

119 430 82 27 Bleighs,
209 430 48 21 boat
266 429 91 22 buiUiintr
367 429 58 25 tools,
436 427 64 27 pitch,
511 427 81 26 oakum,
605 425 57 26 nails,

119 460 39 19 etc.
185 458 10 20 I
205 458 56 20 don't
270 456 59 22 know
340 457 15 21 if
360 464 41 19 you
416 457 49 19 hear
478 455 100 26 anything
592 453 22 21 of
628 453 36 21 the

118 484 76 21 Yukon
211 484 103 26 go'dfielils
330 484 21 20 in
367 484 37 20 the
416 483 94 24 colonies,
527 482 37 20 but
580 481 57 20 there
648 480 15 20 is

118 512 58 26 quite
185 519 26 13 an
221 511 124 21 excitement
353 511 63 20 about
425 509 56 21 them
491 509 21 21 in
521 508 41 21 this
569 509 91 24 country,

117 539 108 26 especially
241 539 59 26 alor.g
315 538 35 21 the
367 537 72 21 Pacific
452 537 69 21 Coast.
547 535 11 21 I
574 535 60 21 think
653 533 8 21 I

117 566 52 21 have
185 568 43 19 met
246 573 45 14 men
309 565 56 26 here,
384 572 25 13 on
430 565 54 20 their
503 571 42 17 way
561 564 28 24 in,
608 562 52 20 from

117 594 70 25 nearly
197 600 59 17 every
265 594 58 20 State
333 593 19 20 in
363 592 36 20 the
407 592 77 25 Union,
494 591 40 20 and
542 591 58 20 there
608 596 34 14 are
651 596 12 13 a

117 620 84 21 'errible
217 620 30 21 lot
260 620 21 20 of
296 619 113 22 Canadians
424 618 59 26 going
498 618 28 21 in.
555 618 9 20 I
583 617 25 21 do
627 618 36 19 not

115 648 60 21 know
185 648 59 21 when
254 648 11 20 1
275 647 42 20 will
327 648 23 19 be
358 646 46 21 able
413 648 22 18 to
449 646 57 21 write
516 648 21 17 to
546 651 39 20 you
595 645 65 25 again,

100 667 4 33 '
115 682 21 14 as
150 676 10 20 I
169 678 75 19 cannot
253 681 34 19 say
298 674 58 21 when
366 674 10 21 I
384 674 41 19 will
435 673 24 20 be
468 672 19 21 in
499 672 111 25 Klondike,
622 667 38 25 and

116 704 46 19 that
171 704 17 19 is
197 703 36 20 the
242 703 48 19 onlv
300 702 55 26 place
366 701 66 20 where
451 700 11 20 I
482 700 40 20 will
540 700 24 19 be
581 698 46 21 able
640 700 20 18 to

115 732 46 24 post
171 738 10 12 a
191 730 68 20 letter.
287 729 11 20 I
307 728 55 21 don't
373 728 58 20 know
443 727 17 20 if
475 733 40 19 you
527 726 40 21 will
576 728 35 24 get
620 725 40 21 this

113 765 46 19 one,
169 765 21 13 as
201 758 10 20 I
221 757 51 21 have
282 759 21 18 to
314 758 53 19 trust
383 755 16 21 it
415 757 22 18 to
447 754 35 21 the
491 754 72 21 tender
578 753 82 20 mercies

113 785 21 21 of
143 785 36 21 the
188 785 61 21 Coast
258 784 91 23 Indians,
364 783 44 20 who
418 789 57 14 come
485 789 18 13 in
514 781 40 20 and
561 784 36 17 out
607 780 53 21 from

114 813 64 24 Dvea,
188 812 86 26 packing
284 811 31 20 for
325 810 51 26 hire,
385 810 40 19 and
435 816 21 13 as
467 809 48 25 they
524 815 34 14 are
568 813 35 15 not
613 814 47 13 over

113 840 110 25 particular
232 839 17 20 it
258 845 46 19 may
314 845 60 12 never
383 836 59 21 reach
452 843 47 14 you.
530 836 98 24 Anyhow,
644 835 16 20 if

112 867 56 20 when
178 873 42 19 you
230 869 34 23 get
278 865 18 20 it
309 865 36 20 the
360 864 98 26 envelope
473 864 17 19 is
503 863 28 20 ill
546 862 58 21 black
620 861 40 21 and

110 894 61 26 dirty,
181 893 40 21 and
230 893 37 21 has
274 899 27 13 an
314 892 63 20 odour
392 891 22 20 of
430 890 58 21 dried
503 890 44 26 fish,
564 897 40 19 you
620 889 40 20 will

95 921 6 14 4
110 921 59 21 know
178 921 36 21 the
223 926 78 16 reason.

290 1000 194 41 Beaumont.

179 1085 41 21 AN
233 1083 191 23 INTERESTING
433 1081 136 21 WEDDSNG

240 1149 64 25 (OWX
316 1147 202 26 COBRKSPON'DEXT.)

140 1191 55 26 One
207 1189 28 27 of
244 1190 69 25 those
326 1189 148 31 interesting
487 1193 86 20 events
600 1186 53 26 that

106 1236 26 17 so
153 1226 160 36 delightfully
333 1234 59 25 vary
406 1224 40 27 the
470 1229 134 29 monotony
628 1224 25 24 of

98 1265 131 27 •existence
242 1262 116 28 occurred
373 1263 55 25 here
439 1270 31 18 on
485 1260 167 35 Wednesday,

107 1304 42 26 the
169 1301 58 28 21st
249 1302 68 32 inst,
332 1302 70 25 when
416 1300 42 26 Mr
482 1299 59 27 Wm
564 1298 89 27 Clarke

108 1349 48 17 was
173 1339 106 27 married
293 1345 24 20 to
342 1339 63 25 Miss
430 1337 93 26 Flossie
541 1336 110 34 Coskery

107 1377 59 26 both
188 1376 28 27 of
244 1376 144 29 Beaumont,
416 1374 79 24 where
529 1373 57 32 they
610 1380 41 17 are

106 1411 150 37 universally
287 1410 108 36 popular.
442 1409 51 27 The
534 1408 117 35 wedding

102 1459 133 25 ceremony
261 1458 48 16 was
322 1447 136 36 performed
478 1447 31 35 by
523 1447 41 26 the
587 1446 63 27 Rev.

106 1488 43 26 Mr
174 1486 68 27 Will,
268 1485 28 27 of
317 1485 139 31 Lawrence,
478 1491 24 20 at
526 1484 40 26 the
591 1484 47 26 resi-

105 1526 75 25 dence
192 1524 25 25 of
230 1523 40 28 the
286 1523 84 26 bride's
385 1523 86 31 father,
485 1521 63 28 after
571 1521 80 28 which

98 1562 47 30 {the
168 1561 81 34 happy
262 1561 53 35 pair
327 1561 74 25 drove
428 1565 23 20 to
464 1560 135 25 Lawrence
623 1561 25 24 in

104 1599 60 27 time
175 1598 39 27 for
227 1598 41 26 the
281 1598 127 26 afternoon
422 1596 70 33 train,
503 1596 49 26 and
564 1599 86 24 thence

103 1642 26 21 to
142 1638 41 24 the
198 1635 79 26 North
293 1634 92 33 Island,
401 1634 79 26 where
495 1635 40 25 the
557 1634 77 35 honey-

104 1682 73 17 moon
195 1673 21 26 is
230 1679 25 19 to
269 1672 28 26 be
307 1677 79 29 spent.
425 1671 29 26 In
481 1671 40 26 the
540 1671 110 35 evening

103 1711 42 26 Mr
164 1711 47 26 »nd
234 1710 54 27 Mrs
312 1709 107 36 Coskery
451 1709 153 26 entertained
637 1718 13 17 a

103 1758 60 26 very
189 1748 67 34 iarge
283 1753 71 30 party
379 1747 29 27 of
427 1746 92 27 friends
554 1753 23 20 at
610 1746 41 26 the

80 1798 6 4 •
103 1784 170 32 sehoolhouse,
297 1786 71 24 when
384 1785 76 25 music
474 1784 47 26 and
544 1783 107 35 dancing

105 1832 63 18 were
207 1822 120 35 indulged
361 1822 31 26 in.
431 1822 53 26 The
524 1820 128 37 following

103 1862 141 35 gentlemen
269 1860 156 28 contributed
439 1868 25 19 to
486 1859 41 28 the
551 1859 99 35 general

79 1897 2 35 •
103 1898 326 34 entertainment:—Songs
451 1897 32 35 by
505 1897 95 26 Messrs
620 1899 30 22 A.

103 1935 154 33 Donaldson,
291 1934 30 28 G.
357 1934 94 36 Henry,
474 1934 26 27 C.
537 1934 114 31 M'Cann,

103 1974 108 33 Treloar,
234 1973 104 30 Jordan,
352 1972 115 33 O'Keefe,
481 1972 47 27 and
549 1972 83 35 Moyle
644 1981 6 24 ;

86 2023 9 14 l
103 2012 143 26 recitations
264 2011 32 36 by
309 2012 94 24 Messrs
419 2010 73 26 Bates
505 2010 49 26 and
569 2009 63 26 Reid
643 2019 6 23 ;

93 2048 83 27 -while
199 2049 92 25 Messrs
314 2048 139 26 Christison
473 2048 48 24 and
545 2047 89 25 Steven-

103 2094 45 18 son
173 2084 111 37 supplied
308 2085 41 26 the
368 2082 173 29 instrumental
565 2083 86 27 music.

102 2123 212 34 Congratulatory
345 2122 124 34 speeches,
494 2122 25 25 in
552 2130 14 18 a
592 2130 58 25 very

101 2159 81 36 happy
197 2159 47 27 and
258 2160 156 35 appropriate
425 2159 63 31 vein,
499 2167 64 17 were
574 2158 74 34 given

101 2197 32 35 by
156 2197 94 27 Messrs
263 2196 27 28 0.
305 2196 24 28 J.
349 2195 151 32 Donaldson,
522 2195 28 27 F.
566 2195 84 32 Allan,

100 2235 76 25 Bates
201 2235 50 25 and
263 2234 120 30 O'Keefe,
406 2234 47 25 and
476 2233 139 35 altogether
636 2242 13 17 a

86 2278 78 21 <most
180 2271 128 37 enjoyable
317 2271 108 33 evening
440 2280 48 17 was
502 2276 72 30 spent
588 2271 55 26 into

80 2325 6 7 -
100 2309 42 26 the
230 2318 54 17 sma
294 2309 85 26 'oors."
394 2309 172 34 MrsCoskery
579 2309 70 26 made

100 2356 13 16 a
126 2346 132 34 charming
272 2347 102 30 hostess,
396 2346 58 26 both
470 2346 44 26 she
538 2345 49 27 and
606 2345 43 27 her

98 2382 114 28 husband
222 2383 223 35 beinguntiringin
453 2384 143 35 promoting
606 2383 40 27 the

76 2442 7 6 .
94 2421 147 36 enjoyment
253 2421 28 26 of
288 2421 62 26 their
363 2427 94 29 guests,
470 2421 54 26 who
545 2429 70 23 were,
629 2421 19 26 it

95 2459 22 26 is
130 2458 111 27 needless
255 2464 24 21 to
293 2468 52 26 say,
359 2458 101 35 regaled
474 2457 59 28 with
556 2458 33 27 all
604 2459 41 26 the

97 2495 66 36 good
186 2496 84 34 things
284 2496 54 27 that
350 2496 78 35 might
448 2496 28 27 be
490 2495 93 27 wished
603 2495 45 28 for.

93 2534 56 28 The
171 2534 116 35 wedding
300 2541 120 28 presents,
439 2534 29 27 of
484 2534 79 27 which
578 2534 69 27 there

96 2579 51 19 was
168 2580 14 18 a
206 2570 70 37 large
288 2572 111 32 number,
413 2579 61 19 were
485 2570 59 28 both
566 2572 82 31 costly

96 2608 87 28 useful.

214 2697 315 49 Correspondence.

151 2783 235 37 CAMPBELLS,
410 2782 179 30 WAIKAIA

223 2824 84 29 AND
327 2823 196 30 MONOPLY.

273 2873 30 21 To
316 2877 43 17 the
374 2872 88 20 Editor.

130 2901 58 35 Sir,
191 2902 52 28 —I
256 2911 45 18 see
310 2901 36 36 by
359 2901 47 27 the
427 2900 76 27 Mail
524 2899 31 28 of
580 2899 63 28 16th

93 2941 64 29 inst.
179 2941 61 29 that
263 2952 16 17 a
305 2939 81 30 claim
413 2939 23 28 is
470 2938 111 39 applied
601 2939 42 28 for

92 2981 98 35 which,
213 2981 23 28 if
257 2979 127 38 granted,
406 2979 55 27 will
484 2979 159 37 practically

90 3019 64 30 lock
167 3031 37 27 up
217 3020 47 29 the
279 3018 125 30 Waikaia
423 3021 28 26 to
469 3026 52 20 one
544 3017 84 29 indivi-

88 3059 68 30 dual
168 3071 31 18 or
210 3070 145 28 company.
394 3057 96 35 Thirty
500 3062 54 23 two
566 3067 75 19 acres

91 3110 47 19 are
146 3100 111 38 applied
266 3101 43 27 for
319 3101 84 26 inone
410 3098 90 28 block.
515 3097 29 28 If
549 3097 92 28 claims

92 3139 31 29 of
135 3140 55 29 this
204 3141 55 28 sizs
272 3150 45 18 are
330 3138 126 39 granted,
478 3137 29 28 in
528 3147 17 18 a
566 3137 77 29 short

91 3180 68 29 time
172 3180 35 29 all
220 3181 47 28 the
280 3180 44 29 old
341 3178 86 29 hands
446 3178 54 27 will
522 3178 69 27 have
615 3182 28 24 to

93 3220 72 29 clear
178 3224 56 26 out.
274 3221 28 28 It
314 3220 23 28 is
347 3229 59 18 now
421 3218 98 38 proved
534 3218 109 38 beyond

93 3271 17 17 a
123 3261 88 28 doubt
225 3262 60 27 that
298 3261 47 28 the
358 3264 117 23 terraces
493 3258 82 36 along
596 3258 46 29 the

93 3299 128 30 Waikaia
238 3310 45 19 are
303 3299 66 39 gold
383 3298 124 38 bearing,
530 3307 29 19 so
582 3298 59 28 that

93 3351 55 27 any
160 3351 51 18 one
225 3341 60 28 who
298 3341 48 27 has
359 3343 51 34 got
421 3349 16 17 a
448 3338 75 37 large
535 3338 64 28 slice
613 3339 29 28 of

93 3380 47 29 the
153 3381 72 28 river
232 3391 52 19 can
297 3383 61 35 stop
369 3379 93 28 others
472 3378 70 28 from
554 3378 70 28 work-

93 3421 50 37 ing
170 3422 47 27 the
242 3426 134 27 terraces;
396 3419 27 27 in
449 3419 64 33 fact,
536 3424 53 23 two
611 3429 31 18 or

93 3460 78 29 three
183 3461 94 28 claims
291 3460 28 28 of
332 3459 60 28 that
404 3458 54 29 size
470 3457 53 28 will
535 3464 61 30 stop
606 3458 36 28 all

93 3499 80 30 small
185 3501 102 38 parties
307 3501 70 27 from
398 3498 125 38 working
542 3501 29 25 at
596 3498 44 35 all,

93 3550 32 19 as
135 3541 46 28 the
195 3541 116 38 ground,
323 3550 29 18 as
373 3539 42 28 far
434 3549 29 18 as
485 3538 111 38 proved,
618 3539 24 28 is

93 3581 158 37 practically
263 3579 114 30 limited.
417 3580 27 28 Is
454 3579 75 28 there
539 3590 32 17 no
584 3590 58 27 way

92 3621 31 28 of
132 3621 166 38 compelling
309 3621 76 27 these
396 3619 99 38 parties
507 3619 58 28 who
576 3619 64 28 take

93 3671 38 29 up
149 3661 108 38 ground
277 3661 28 28 in
327 3671 16 18 a
368 3659 142 29 wholesale
530 3669 112 19 manner

93 3706 30 25 to
150 3702 79 28 make
261 3702 75 28 them
363 3701 75 28 work
464 3701 29 27 it.
533 3699 72 30 First
627 3701 15 28 I

94 3741 91 30 wonld
199 3741 59 35 ask,
272 3741 30 28 Is
315 3741 46 28 the
375 3740 106 38 ground
500 3739 83 29 taken
606 3750 36 28 up

95 3781 45 29 for
152 3781 85 33 work,
251 3792 31 19 or
295 3781 22 28 is
330 3781 22 28 it
364 3780 43 29 for
419 3791 16 17 a
447 3779 168 40 speculation
631 3780 10 29 ?

96 3822 55 29 We
163 3822 36 28 all
213 3823 82 28 know
304 3822 59 28 that
376 3832 16 17 a
407 3820 51 30 few
478 3820 165 29 individuals

95 3862 67 29 hold
171 3862 93 29 claims
273 3862 36 28 all
317 3872 65 18 over
393 3861 45 29 the
448 3871 93 29 range.
562 3860 81 30 Their

95 3913 70 28 pegs
176 3913 47 18 are
235 3903 181 38 everywhere.
455 3902 73 29 Snch
545 3912 16 17 a
574 3907 69 23 state

94 3943 31 30 of
138 3944 95 38 things
246 3943 98 30 should
357 3946 49 27 not
420 3943 33 29 be
465 3941 176 30 allowed.—l

95 3995 46 18 am
154 3988 64 28 etc.,
493 3982 115 29 Dioqke.

136 4025 97 37 Upper
246 4023 135 35 Waikaia,
391 4023 66 37 July
472 4023 68 28 21st.

96 4122 146 51 Railway
279 4121 291 43 Communication
613 4121 29 42 in

236 4180 133 44 Central
390 4180 122 52 Otago.

113 4265 340 31 WAIPAHI-HEKIOT
471 4265 158 29 BRANCH

225 4314 48 29 TO
296 4312 222 30 ROXBURGH.

134 4396 165 27 [CoNTarBUTtD
312 4400 28 16 by
355 4395 33 20 Mr
403 4394 25 21 D.
449 4394 102 26 Mackay,
563 4393 61 26 C.E.]

134 4435 36 29 la
182 4446 17 17 a
219 4444 85 29 paper
327 4433 89 28 which
438 4433 15 28 I
474 4433 174 30 contributed

98 4477 54 27 last
178 4475 65 37 May
269 4478 28 24 to
320 4473 49 28 the
401 4473 100 28 Mount
537 4474 111 29 Bknger

97 4516 77 28 Mail
186 4515 27 28 in
229 4517 115 35 support
356 4513 29 28 of
403 4513 47 29 the
463 4514 143 29 extension
619 4515 29 28 of

97 4557 49 28 the
171 4555 111 38 railway
310 4554 72 29 from
402 4553 98 30 Heriot
525 4558 28 25 to
573 4555 55 29 Rox-

97 4597 102 39 burgh,
214 4596 22 30 it
247 4606 56 18 was
311 4595 84 29 noted
403 4595 60 29 that
473 4595 46 29 the
529 4606 118 27 average

97 4642 60 25 cost
179 4647 50 28 per
250 4636 63 29 mile
334 4636 31 28 of
389 4636 49 28 the
462 4635 125 38 railways
606 4636 26 28 al-

95 4678 86 36 ready
208 4676 175 30 constructed
415 4685 56 19 was
506 4680 58 31 not,
591 4677 54 28 and

97 4717 98 28 should
209 4720 48 25 not
266 4717 34 28 be
309 4716 92 36 taken,
412 4726 30 18 as
450 4727 54 26 any
517 4717 127 29 criterion

96 4757 30 29 of
137 4758 47 28 the
196 4761 60 25 cost
275 4758 31 28 of
330 4757 49 28 the
400 4756 124 37 railways
549 4757 30 28 of
597 4758 46 28 the

96 4798 100 34 future,
221 4798 89 29 either
330 4798 28 27 in
381 4797 68 28 New
470 4797 121 29 Zealand
612 4808 32 18 or

94 4838 156 35 elsewhere,
259 4837 55 28 and
325 4837 14 27 I
353 4837 57 27 find
423 4837 22 27 it
457 4845 145 28 necessary
615 4840 28 26 to

95 4877 126 29 reiterate
241 4878 64 33 this,
318 4887 30 17 as
373 4877 47 27 the
443 4886 117 27 average
584 4880 60 24 cost

91 4918 32 28 of
134 4917 36 29 all
183 4920 36 26 -N.
233 4917 30 29 Z.
278 4917 68 28 lines
365 4915 115 37 (£7,700
502 4926 47 27 per
569 4917 74 32 mile)

91 4958 50 29 has
154 4958 70 29 been
235 4957 122 38 brought
368 4966 35 28 up
413 4966 30 18 as
451 4966 34 18 an
496 4960 146 34 argument

91 5000 111 37 against
214 4998 47 27 the
271 4998 148 26 maximum
442 5007 61 16 sum
529 4998 115 33 (£4,000

92 5047 50 28 per
154 5038 63 27 mile
230 5035 130 38 average)
372 5035 87 27 which
474 5035 13 27 I
498 5036 146 27 estimated

92 5085 45 22 tor
156 5077 47 30 the
212 5079 59 27 cost
282 5076 29 30 of
320 5076 46 29 the
374 5075 143 30 extension
525 5075 28 29 in
564 5086 64 29 ques-

89 5119 67 28 tion.

127 5157 132 29 Without
289 5156 89 39 going
409 5154 42 29 far
488 5155 78 28 afield
601 5155 43 28 for

91 5198 140 38 examples
245 5197 29 28 in
286 5199 116 35 support
414 5195 30 29 of
463 5206 46 27 my
530 5199 97 25 conten-

91 5239 67 33 tion,
180 5239 15 27 I
219 5249 63 26 may
307 5237 73 28 refer
398 5239 29 25 to
450 5236 47 27 the
523 5236 120 38 recently

92 5278 177 29 constructed
286 5277 69 28 lines
368 5275 29 28 of
411 5275 80 28 West
507 5276 137 28 Australia

91 5329 35 19 on
150 5319 46 28 the
223 5318 42 29 3ffc
290 5317 47 30 Gin
362 5326 102 30 gauge,
491 5318 152 37 averaging

91 5360 92 28 £•3652
197 5369 51 26 per
267 5359 73 33 mile,
362 5357 56 28 and
437 5357 48 28 the
498 5357 141 29 estimated

88 5404 62 24 cost
169 5399 30 28 of
223 5399 95 28 £1750
339 5408 48 27 per
408 5396 64 29 mile
493 5397 150 33 (exclusive

90 5441 31 27 of
134 5439 113 38 bridges
259 5439 56 27 and
328 5437 101 37 rolling
439 5437 99 34 stock),
551 5438 36 36 by
597 5439 46 26 the

91 5479 219 28 commissioners
335 5477 29 28 of
387 5477 48 27 the
461 5476 67 29 New
556 5479 84 26 South

93 5518 92 29 Wales
199 5519 111 37 railway
326 5517 43 28 for
380 5516 72 38 light
463 5517 68 28 lines
545 5517 27 28 in
584 5518 59 27 that

91 5559 109 37 .colony,
231 5569 38 18 on
300 5558 47 29 the
378 5556 44 29 4ft
456 5557 64 35 B|in
543 5568 100 26 gauge.

90 5598 179 37 Queensland
300 5598 24 28 is
355 5607 62 18 now
452 5597 191 37 constructing

95 5640 158 30 extensions
274 5649 34 19 on
336 5638 47 29 the
409 5637 43 30 3ft
474 5637 45 29 Gin
542 5648 99 27 gauge,

93 5680 148 36 /estimated
256 5685 28 23 to
296 5682 60 25 cost
370 5678 88 29 under
470 5679 104 34 £2,000
597 5689 47 27 per

92 5719 65 41 pile
188 5719 138 30 exclusive
366 5718 29 29 of
423 5717 103 39 rolling
554 5717 89 35 stock,

91 5761 57 40 snd
173 5761 16 29 I
222 5771 62 29 may
309 5758 74 31 refer
404 5762 28 26 to
458 5769 34 18 an
518 5758 125 39 example

695 213 95 19 nearer
802 203 89 34 home,
905 202 29 28 of
949 203 45 28 the
1016 203 109 29 Clinton
1140 204 103 28 section

693 244 29 29 of
736 244 44 28 the
806 243 72 28 main
901 242 260 37 Otago-Southland
1181 244 63 35 line,

693 284 108 33 costing
811 283 64 37 only
885 283 104 35 £2,839
999 294 43 28 pet
1056 284 72 29 mile.
1158 284 87 28 These

693 324 138 39 examples
844 323 78 29 alone
933 324 99 28 should
1044 325 33 28 be
1088 324 156 29 conclusive

691 375 31 18 as
737 370 28 24 to
779 364 46 28 the
851 368 148 33 argument
1017 364 72 30 from
1112 364 47 30 the
1180 364 51 29 rail-

694 415 70 29 ways
773 404 26 30 of
812 404 46 28 the
870 409 60 34 past
941 404 84 40 being
1036 405 75 39 quite
1121 405 120 29 obsolete

692 447 78 28 when
783 445 110 38 applied
907 449 28 25 to
945 446 47 28 the
1004 455 58 20 cost
1076 446 29 29 of
1115 446 46 29 the
1173 447 68 28 lines

691 486 29 28 of
733 488 45 26 the
792 486 92 27 future
897 486 28 26 in
945 485 37 27 N.
1005 485 31 29 Z.
1051 497 31 17 or
1094 497 54 26 any
1161 486 79 29 other

690 531 125 32 country.
853 525 40 28 As
925 535 16 17 a
966 525 108 29 further
1095 526 54 28 and
1175 526 63 28 final

691 568 137 28 reference
842 570 28 24 to
891 565 75 29 show
987 566 47 28 the
1053 566 144 39 absurdity
1209 568 30 27 of

689 606 133 39 applying
837 606 47 28 the
895 609 60 25 cost
971 606 29 27 of
1013 606 124 37 railways
1149 606 29 28 in
1192 607 45 29 the

689 652 63 33 past
768 657 29 18 as
810 657 15 18 a
847 645 84 38 guide
945 649 28 25 to
997 645 47 29 the
1062 651 59 23 cost
1140 646 29 28 of
1191 646 46 29 the

690 687 123 36 railways
826 688 27 26 in
869 686 46 28 the
928 685 101 35 future,
1044 686 14 27 I
1071 697 63 21 may
1154 695 82 30 quote

689 728 139 37 examples
847 726 71 28 from
941 725 113 38 Ceylon,
1077 726 89 28 where
1190 727 47 29 the

689 768 85 28 broad
787 777 90 29 gauge
891 767 67 27 lines
969 766 28 28 of
1011 767 46 28 the
1068 771 70 34 past,
1152 767 84 29 about

689 809 52 28 300
761 808 86 35 miles,
873 808 69 27 have
966 812 59 23 cost
1048 817 48 29 per
1121 818 115 27 average

688 848 62 28 mile
775 848 71 29 from
869 848 102 35 £5,000
991 857 36 28 up
1054 853 27 23 to
1103 848 131 35 £2-3,000,

687 889 80 27 while
788 899 34 17 an
842 888 125 28 estimate
993 888 79 28 made
1095 888 45 28 the
1157 888 79 28 other

687 929 53 36 day
753 928 43 29 for
809 939 15 17 a
839 928 83 28 broad
943 939 90 26 guage
1058 928 53 28 line
1133 928 29 29 of
1182 929 53 27 200

670 968 4 38 !
688 968 76 28 miles
778 979 54 17 was
858 968 87 28 under
970 968 102 35 £3,000
1096 978 49 28 per
1164 969 70 27 mile,

670 1008 2 38 j
689 1010 96 36 Again,
800 1009 27 27 in
851 1008 90 34 India,
964 1009 84 27 broad
1070 1008 54 28 and
1151 1017 85 19 metre

686 1059 90 27 gauge
796 1048 69 30 lines
883 1048 67 28 have
967 1050 28 26 in
1018 1050 47 28 the
1084 1052 61 34 past
1158 1059 61 18 aver-

684 1089 71 38 aged
776 1099 50 27 per
851 1088 61 29 tniie
933 1099 36 18 on
994 1099 15 19 a
1035 1089 88 38 single
1146 1089 86 35 track,

686 1130 188 36 respectively,
905 1129 85 27 about
1025 1129 122 34 £12,000
1181 1130 53 28 and

682 1169 113 35 £5,500,
821 1169 78 29 while
926 1173 93 25 recent
1041 1170 140 37 examples
1204 1170 29 28 of

682 1209 155 37 completed
875 1210 187 27 construction
1091 1219 36 19 on
1168 1210 66 26 both

682 1259 105 28 guages
801 1249 74 28 show
892 1259 29 17 as
942 1248 51 28 low
1014 1260 28 17 as
1056 1249 105 35 £3,000
1180 1250 52 27 and

682 1290 103 36 £1,500
801 1300 47 28 per
862 1289 74 30 mile.

726 1332 50 26 The
789 1330 140 28 reduction
948 1331 27 25 in
987 1334 59 24 cost
1060 1330 29 28 of
1111 1331 123 36 railways

680 1369 29 28 of
722 1369 46 27 the
779 1374 110 33 present
908 1368 53 38 day
983 1368 23 29 is
1027 1369 52 28 due
1103 1375 28 23 to
1152 1371 82 27 other

679 1419 96 19 causes
788 1419 30 18 as
837 1409 81 29 much
933 1419 28 18 as
988 1413 27 24 to
1039 1410 47 28 the
1109 1410 125 30 advance

680 1450 28 28 in
740 1449 198 39 engineeering
970 1449 114 36 science,
1118 1451 119 39 cheaper

680 1490 133 35 material,
827 1490 89 28 better
931 1490 164 40 knowledge
1120 1492 31 29 of
1171 1502 50 19 con-

679 1531 143 35 struction,
848 1531 53 29 and
926 1530 47 30 the
998 1537 109 32 greater
1131 1542 46 19 use
1202 1532 28 29 of

679 1571 96 29 labour
813 1571 97 37 saving
949 1572 166 36 appliances.
1173 1572 57 29 The

681 1612 71 27 main
762 1611 68 29 lines
839 1610 121 38 through
972 1612 46 28 the
1030 1614 71 27 main
1113 1614 123 28 arteries

679 1652 128 36 carrying
822 1652 45 26 the
881 1651 122 28 heaviest
1017 1654 96 34 traffic,
1130 1654 53 27 and
1195 1664 34 17 on

681 1691 87 29 which
782 1692 46 28 the
842 1691 86 38 heavy
943 1692 180 33 expenditure
1141 1694 30 29 of
1183 1694 46 29 the

681 1736 61 34 past
757 1733 45 27 has
818 1732 67 28 been
899 1732 127 29 incurred
1049 1744 54 25 are,
1126 1735 21 28 it
1169 1745 61 27 may

670 1772 1 38 :
682 1774 32 27 be
728 1772 67 35 said,
809 1772 162 38 completed,
986 1774 54 28 and
1052 1775 76 28 those
1142 1775 50 28 left
1201 1781 27 22 to

670 1812 1 40 i
681 1813 33 28 be
728 1812 79 29 made
820 1812 63 38 only
899 1813 45 27 the
955 1813 155 39 subsidiary
1126 1815 101 28 branch

681 1853 123 38 railways
817 1853 95 35 which,
926 1852 23 29 if
959 1854 106 29 carried
1079 1859 47 26 out
1139 1868 34 17 on
1186 1857 46 28 the

681 1904 74 18 same
778 1904 91 27 gauge
900 1894 54 27 and
982 1894 43 28 for
1058 1896 45 27 the
1132 1897 102 36 lighter

682 1933 95 35 traffic,
810 1938 74 24 must
914 1934 33 28 be
986 1936 178 29 constructed
1196 1946 35 19 on

682 1985 74 18 more
769 1974 164 29 economical
949 1974 84 36 lines;
1055 1976 52 29 and
1129 1977 60 28 that
1210 1977 23 28 is
1244 1969 1 47 j

681 2015 124 33 effected,
816 2025 29 17 as
859 2015 13 27 I
888 2014 67 28 have
965 2015 111 37 already
1088 2018 143 36 explained

682 2055 26 26 in
730 2055 46 27 the
795 2054 102 27 former
910 2054 94 28 article
1020 2055 120 29 referred
1163 2061 27 24 to
1204 2057 27 27 in

681 2094 46 28 the
741 2093 153 39 beginning
909 2093 27 29 of
951 2094 53 28 this
1025 2105 91 28 paper,
1135 2097 36 36 by
1185 2097 46 28 the

680 2134 130 37 adoption
831 2134 27 27 iu
881 2145 15 16 a
918 2144 73 18 more
1018 2136 103 27 careful
1143 2137 73 37 align-

681 2178 75 24 ment
769 2173 28 29 of
810 2173 114 39 sharper
936 2184 106 26 curves,
1056 2176 52 28 less
1122 2177 107 35 ballast,

680 2214 102 38 lighter
815 2215 71 34 rails,
917 2214 97 29 slower
1042 2218 91 35 speed,
1157 2228 73 17 more

681 2254 104 28 limited
808 2254 102 29 station
935 2256 215 37 accomodation,
1176 2258 54 28 and

681 2305 81 27 many
790 2295 79 29 other
901 2295 90 38 points
1024 2297 29 28 of
1089 2298 141 30 allowable

679 2345 132 27 economy
831 2335 61 28 that
912 2336 47 27 the
984 2337 113 32 careful,
1121 2340 91 37 experi-

679 2375 85 28 enced
773 2375 131 39 engineer
911 2386 51 18 can
971 2376 79 29 effect
1060 2378 78 30 when
1147 2379 82 39 given

678 2426 17 17 a
707 2415 132 28 freehand
854 2416 43 28 for
910 2416 47 29 the
975 2427 125 29 purpose.

715 2456 28 27 It
757 2456 22 27 is
792 2456 76 38 quite
877 2457 118 37 possible
1008 2458 59 29 that
1077 2460 47 29 the
1134 2464 94 26 recent

679 2496 125 38 example
835 2496 29 29 in
895 2501 59 25 cost
982 2497 29 30 of
1041 2502 187 28 construction

678 2537 124 28 afforded
815 2537 37 37 by
865 2537 47 29 the
926 2537 90 39 Otago
1032 2539 111 31 Central
1167 2543 50 28 rail-

679 2586 68 29 way,
767 2577 88 28 which
878 2587 51 18 can
952 2578 33 29 be
1006 2581 135 37 regarded
1161 2593 29 19 as
1213 2594 16 17 a

680 2617 103 29 branch
797 2617 54 30 line
863 2618 73 40 only,
956 2630 62 28 may
1033 2621 34 29 be
1088 2623 141 31 advanced

678 2659 110 37 against
801 2668 42 18 me
865 2670 30 17 as
909 2661 113 36 regards
1042 2673 47 26 my
1102 2665 126 29 estimate

678 2697 44 29 for
735 2698 47 29 the
801 2697 268 42 Heriot-Roxburgh
1089 2704 63 35 line,
1179 2706 50 28 but

679 2738 115 29 without
804 2739 102 39 having
914 2750 72 27 gone
995 2751 66 19 over
1072 2744 46 29 the
1127 2745 102 29 former

677 2789 30 18 as
728 2781 12 26 1
763 2779 69 29 have
845 2779 47 29 the
915 2779 81 30 latter
1018 2788 87 31 route,
1129 2786 14 28 I
1166 2797 62 27 may

676 2829 48 27 say
738 2819 61 28 that
811 2819 47 28 the
870 2823 59 25 cost
943 2821 94 30 shown
1056 2825 30 29 of
1105 2826 122 36 £II,OOO

676 2870 48 28 per
738 2859 63 30 mile
813 2859 44 30 for
870 2860 34 29 60
924 2861 76 30 miles
1021 2866 79 29 made
1122 2878 35 18 on
1180 2868 47 29 the

674 2904 125 24 contract
830 2904 112 34 system,
972 2903 55 28 and
1049 2907 105 34 £5,700
1180 2918 49 26 per

675 2939 63 30 mile
751 2939 43 30 for
808 2940 33 29 27
856 2940 77 30 miles
948 2943 79 28 made
1039 2946 55 29 and
1112 2948 115 38 making

673 2990 35 17 on
718 2980 47 27 the
775 2980 131 28 so-called
916 2986 186 33 co-operative
1113 2991 112 32 system,

672 3018 23 28 is
715 3018 30 29 of
764 3018 76 29 itself
862 3019 137 30 sufficient
1020 3027 28 25 to
1072 3026 74 28 show
1165 3027 60 28 that

672 3058 76 29 there
762 3068 23 19 is
799 3058 87 29 either
899 3070 35 19 no
949 3064 171 39 comparison
1143 3078 30 17 as
1196 3071 28 24 to

672 3099 47 27 the
752 3098 155 29 difficulties
940 3105 56 25 met
1022 3106 74 35 with,
1123 3117 31 18 or
1178 3108 47 28 the

672 3142 188 25 construction
872 3145 74 24 must
966 3141 69 33 have
1049 3146 68 29 been
1131 3157 78 20 exces-

672 3179 86 37 sively
784 3179 95 37 costly,
905 3191 69 19 even
995 3195 35 18 on
1054 3187 48 29 the
1126 3188 100 29 easiest

672 3219 104 29 section
790 3219 30 29 of
833 3220 46 28 the
895 3221 88 30 whole
1006 3225 64 38 line,
1092 3228 89 30 which
1202 3228 23 30 is

672 3263 50 34 put
735 3263 29 25 at
776 3260 105 34 £4,169
896 3272 48 27 per
959 3263 70 32 mile.

708 3298 159 41 Reasoning
880 3300 71 31 from
966 3303 137 35 instances
1115 3309 109 39 equally

673 3339 66 28 with
750 3341 147 38 reasoning
908 3342 71 29 from
994 3357 132 29 averages
1139 3350 30 28 of
1178 3350 46 28 the

672 3385 61 32 past
757 3379 24 28 is
807 3379 142 32 fallacious
973 3388 54 28 and
1049 3389 173 38 misleading,

673 3420 49 27 but
738 3419 73 28 what
823 3421 101 38 might,
936 3433 30 19 as
982 3426 14 28 I
1016 3429 157 29 mentioned
1196 3430 27 28 in

672 3468 46 28 my
732 3459 101 28 former
850 3471 94 28 paper,
959 3464 33 30 be
1006 3468 110 38 applied
1129 3473 28 25 to
1176 3470 47 28 the

672 3498 268 43 Heriot-Roxburgh
966 3505 55 31 line
1046 3508 38 30 bv
1107 3520 59 26 way
1196 3509 28 29 of

670 3539 172 39 comparison
868 3541 43 30 for
942 3555 36 19 an
1001 3549 221 38 approximation

670 3579 29 28 of
709 3584 59 24 cost
781 3580 21 28 is
818 3582 46 29 the
878 3583 50 28 full
943 3592 68 30 cost,
1035 3590 140 29 exclusive
1194 3590 30 28 of

671 3619 99 38 rolling
785 3622 89 35 stock,
889 3623 29 28 of
931 3626 47 28 the
993 3630 187 28 construction
1193 3630 29 28 of

671 3659 46 28 the
730 3659 54 30 line
799 3660 71 31 from
886 3663 127 42 Waipahi
1025 3673 28 25 to
1068 3669 97 29 Heriot
1175 3670 48 34 (20

672 3700 97 35 miles).
808 3703 66 30 This
897 3706 99 31 should
1027 3720 77 18 come
1126 3720 96 19 nearer
1234 3700 3 51 j

672 3740 46 27 the
733 3742 76 29 mark
823 3744 28 28 of
863 3755 117 31 average
1002 3749 63 29 mile
1078 3753 68 32 cost,
1162 3753 45 25 not-

674 3780 194 43 withstanding
882 3786 46 28 the
940 3790 151 28 somewhat
1112 3793 110 32 greater

672 3820 153 32 difficulties
839 3836 35 17 on
897 3838 15 17 a
935 3829 105 29 limited
1062 3831 107 37 portion
1192 3832 30 26 of

672 3861 47 28 the
739 3865 133 37 proposed
895 3870 153 37 extension,
1070 3870 54 30 and
1147 3870 14 29 I
1178 3881 30 19 re-

672 3905 143 28 commend
834 3906 47 30 the
903 3909 97 38 league
1023 3914 28 25 to
1074 3911 84 38 apply
1178 3912 44 28 for

674 3941 54 30 this
738 3944 174 34 information
926 3950 27 28 in
968 3950 92 36 detail,
1081 3952 55 28 and
1157 3952 48 28 sub-

675 3983 48 28 mit
731 3988 27 25 to
769 3995 16 18 a
794 3988 102 30 careful
910 3990 82 37 study
1003 3991 27 27 in
1045 3991 80 29 order
1134 3995 27 25 to
1176 4002 44 18 see

674 4022 59 29 how
748 4025 41 28 far
797 4027 47 29 the
851 4039 132 28 economy
994 4030 29 29 of
1034 4032 186 28 construction

675 4063 47 30 has
733 4065 69 29 been
820 4070 105 29 carried
938 4075 57 25 out.
1036 4071 26 29 If
1082 4072 56 28 this
1157 4072 65 29 data

674 4105 22 27 is
706 4111 47 23 not
761 4108 151 38 applicable
922 4115 27 24 to
957 4112 264 29 thecircumstances

674 4145 28 28 of
710 4147 46 27 the
767 4148 96 30 Heriot
870 4152 143 28 extension
1024 4152 53 28 line
1086 4153 119 38 through-

674 4190 56 31 out,
743 4187 23 29 it
778 4190 131 38 certainly
923 4191 98 29 should
1035 4192 34 29 be
1092 4195 29 25 to
1147 4193 59 28 four-

675 4226 77 30 fifths
763 4228 29 29 of
805 4230 46 30 the
865 4232 122 28 distance
1001 4232 70 30 from
1086 4233 98 29 Heriot
1194 4237 28 25 to

675 4266 162 41 Roxburgh.
875 4272 66 26 Thi-i
955 4273 162 36 application
1133 4275 28 26 of
1175 4275 46 26 the

675 4312 60 24 cost
753 4307 29 29 of
807 4310 46 29 the
878 4312 241 37 Waipahi-Heriot
1140 4317 28 24 to
1187 4324 34 17 an

675 4348 124 28 estimate
820 4351 28 28 of
868 4352 218 37 aoproximation
1112 4354 40 27 for
1176 4354 46 28 the

676 4392 60 25 cost
755 4388 30 29 of
807 4391 47 29 the
880 4390 265 40 Heriot-Roxburgh
1168 4394 54 28 line

677 4428 97 29 should
788 4430 34 29 be
836 4441 73 19 more
919 4432 165 39 convincing
1093 4434 65 28 than
1168 4444 52 25 any

675 4469 80 28 other
768 4475 159 33 arguments
940 4472 43 28 for
999 4483 31 18 or
1048 4474 110 36 against
1176 4474 47 28 the

675 4509 101 37 figures
792 4510 13 28 I
819 4511 68 29 have
900 4512 106 35 named,
1019 4523 29 18 as
1069 4513 46 28 the
1140 4514 66 37 prob-

675 4549 61 29 able
748 4554 60 26 cost
821 4552 43 28 for
877 4552 47 29 the
945 4552 82 30 latter
1048 4553 62 36 line,
1135 4554 87 28 either

675 4590 28 28 in
717 4591 85 30 whole
816 4603 30 19 or
865 4593 28 29 in
914 4598 69 33 part,
997 4594 100 38 always
1108 4604 94 19 remem-

675 4631 98 39 bering
785 4633 61 28 that
858 4633 221 36 circumstances,
1100 4635 68 28 such
1192 4645 30 18 as

674 4671 47 28 the
734 4676 72 24 state
818 4673 30 28 of
860 4674 48 28 the
921 4673 97 30 labour
1037 4674 114 35 market,
1175 4675 47 27 the

673 4712 88 38 prices
790 4712 30 30 of
845 4714 131 35 material,
1001 4714 55 29 and
1081 4714 140 29 advanced

674 4752 125 29 methods
828 4754 29 28 of
888 4754 134 38 working,
1053 4754 69 29 alter
1152 4759 28 24 to
1205 4766 16 17 a

672 4793 103 27 certain
786 4797 96 25 extent
892 4804 68 18 even
969 4794 149 38 analogous
1127 4805 74 18 cases
1212 4807 7 22 ;

673 4832 33 26 In
719 4833 127 37 especial,
866 4833 47 28 the
935 4834 153 38 completed
1112 4837 58 25 cost
1192 4834 29 28 of

672 4872 47 27 the
751 4876 229 33 superstructure,
1012 4884 30 17 or
1074 4871 33 29 all
1134 4874 86 28 above

672 4911 145 29 formation
839 4912 90 29 works
950 4912 145 38 including
1112 4913 107 36 ballast,

673 4952 72 35 rails,
766 4952 127 38 sleepers,
917 4952 164 38 fastenings,
1104 4954 116 36 sidings,

672 4992 69 27 level
755 4993 147 36 crossings,
916 4992 123 38 fencing,
1052 4994 100 28 station
1167 4994 53 27 and

672 5034 79 24 othe»*
780 5032 149 35 buildings,
959 5032 103 38 signals
1080 5033 53 26 and
1154 5033 53 27 tele-

673 5070 88 39 graph
786 5070 64 37 line,
887 5071 80 29 could
998 5072 33 30 be
1061 5072 108 30 arrived
1193 5077 28 25 at

673 5116 91 33 pretty
788 5112 112 37 closely,
926 5112 114 38 making
1066 5113 154 34 allowance,

673 5152 134 34 however,
820 5152 44 28 for
878 5152 46 28 the
939 5152 117 29 reduced
1072 5153 101 37 weight
1193 5153 28 29 of

672 5191 73 36 rails,
759 5192 46 28 the
818 5192 110 28 smaller
938 5194 126 36 quantity
1075 5192 28 29 of
1114 5192 106 37 ballast,

672 5232 54 28 and
740 5232 46 28 the
799 5233 83 28 fewer
895 5234 115 27 number
1023 5235 28 27 of
1063 5233 118 38 sleepers
1190 5234 27 27 in

671 5283 16 17 a
701 5272 71 37 light
784 5272 64 35 line,
862 5283 35 18 on
912 5273 89 28 which
1011 5273 47 28 the
1069 5274 120 38 ruuuing
1199 5274 21 27 is

673 5312 125 39 required
812 5316 29 25 at
853 5312 66 39 only
931 5324 16 17 a
961 5313 138 29 moderate
1112 5318 57 24 rate
1192 5314 30 29 of

672 5354 92 37 speed,
778 5354 54 28 and
846 5354 43 28 for
907 5354 89 28 which
1009 5355 28 27 in
1060 5354 48 28 the
1127 5355 95 28 earlier

672 5400 78 31 stage
773 5394 29 28 of
825 5394 125 37 working
976 5404 16 18 a
1018 5403 73 19 more
1116 5394 105 28 limited

672 5434 204 27 accomodation
889 5434 28 27 in
931 5434 106 37 sidings
1055 5434 54 28 and
1133 5434 74 28 build-

672 5473 63 38 ings
761 5473 54 27 will
841 5474 34 27 be
897 5473 144 29 sufficient.
1083 5474 73 28 Even
1180 5474 42 28 for

673 5513 46 28 the
733 5514 190 27 substructure
936 5524 32 18 or
982 5524 34 27 up
1030 5518 28 24 to
1076 5514 146 28 formation

673 5553 100 36 works,
798 5554 158 38 includings
982 5548 35 34 ail
1043 5554 76 28 earth
1123 5554 99 35 works,

672 5593 143 36 drainage,
828 5598 84 24 water
925 5593 55 29 and
1003 5593 151 38 roadways,
1176 5594 47 28 the

673 5634 157 38 quantities,
850 5634 22 29 if
895 5638 47 25 not
966 5634 46 30 the
1035 5637 60 26 cost
1120 5634 30 29 of
1175 5634 47 28 the

675 5674 98 36 works,
782 5675 29 28 of
824 5675 47 28 the
881 5674 242 38 Waipahi-Heriot
1134 5674 89 29 would

673 5713 43 29 for
728 5714 153 28 four-fifths
894 5721 28 21 at
933 5714 69 29 least
1015 5715 28 28 of
1055 5714 46 28 the
1112 5713 109 29 Heriot-

674 5754 152 40 Roxburgh
841 5755 64 39 give
919 5765 73 19 some
1003 5754 219 40 approximation

1274 215 29 28 of
1316 215 47 28 the
1376 217 112 26 amount
1501 214 30 29 of
1543 213 76 29 work
1641 212 28 29 in
1683 212 46 29 the
1744 222 61 17 aver-

1273 265 51 28 age
1338 255 63 28 mile
1411 255 30 29 of
1453 255 46 28 the
1521 254 82 29 latter
1625 253 64 34 line,
1713 251 107 35 though

1272 305 28 18 as
1315 295 14 28 I
1351 296 70 27 have
1443 294 111 38 already
1572 293 114 38 pointed
1706 296 49 25 out
1777 291 45 29 the

1271 338 59 26 cost
1343 335 30 29 of
1385 335 60 29 that
1458 335 108 38 portion
1580 333 30 30 of
1622 334 47 29 the
1686 332 91 29 works
1792 331 30 29 of

1270 377 47 27 the
1348 375 135 39 proposed
1515 375 110 36 railway
1657 372 90 35 could,
1784 372 36 37 by

1269 417 140 29 advanced
1431 415 126 30 methods
1575 415 29 30 of
1626 413 126 38 working
1764 412 55 29 and

1270 458 45 27 the
1331 469 72 16 more
1417 457 110 37 general
1540 467 49 17 U3e
1602 455 28 29 of
1643 458 125 26 concrete
1782 464 35 17 on

1270 497 111 38 bridges
1389 497 55 28 and
1457 497 128 34 culverts,
1609 495 34 29 be
1666 493 152 37 materially

1269 537 126 28 reduced.

1304 577 161 34 Regarding
1496 577 46 28 the
1567 577 79 28 other
1677 584 52 19 one
1754 573 60 28 fifth

1331 617 5 4 •
1655 615 5 5 •
1748 613 39 9 pi

1267 617 108 37 portion
1389 617 29 28 of
1430 617 47 28 the
1495 615 135 40 proposed
1644 615 63 33 line,
1728 615 28 26 of
1770 615 44 26 the

1267 657 154 28 difficulties
1455 657 28 29 of
1502 657 89 28 which
1611 666 30 19 so
1663 653 80 30 much
1766 653 48 28 has

1266 697 69 28 been
1350 698 78 27 made
1443 698 36 36 by
1492 700 163 35 opponents,
1674 694 53 29 and
1745 703 69 18 even

1267 738 36 36 by
1312 737 132 29 so-called
1462 737 113 35 friends,
1590 736 14 29 I
1618 745 63 28 may
1691 733 122 30 mention

1265 778 68 34 that,
1348 778 28 28 in
1390 787 134 28 company
1537 777 66 29 with
1620 787 16 18 a
1651 775 120 30 member
1785 773 29 29 of

1266 819 45 27 the
1340 818 118 35 Railway
1481 818 111 37 League
1612 815 164 35 committee,
1800 813 14 29 I

1267 858 104 28 walked
1390 858 72 28 from
1476 859 45 28 the
1545 857 179 38 Bengerburn
1749 865 65 18 over

1265 899 45 27 the
1331 902 77 24 route
1428 897 136 40 proposed
1577 897 43 28 for
1642 897 47 28 the
1704 895 109 37 railway

1265 949 28 17 as
1318 939 43 27 far
1382 949 28 17 as
1424 939 47 27 the
1498 939 62 27 Moa
1573 937 61 28 Flat
1657 937 99 28 station
1784 946 30 17 or

1266 979 165 28 homestead.
1471 978 65 29 This
1550 981 77 25 route
1636 977 43 28 for
1687 987 15 17 a
1716 975 97 38 couple

1265 1019 28 27 of
1320 1019 76 29 miles
1410 1029 30 17 or
1453 1028 38 25 so,
1514 1018 24 28 is
1557 1017 122 38 through
1692 1016 73 27 what
1789 1015 22 28 is

1266 1059 98 27 known
1390 1069 28 18 as
1433 1059 45 27 the
1663 1056 54 29 and
1731 1055 81 29 offers

1265 1110 35 18 no
1310 1103 108 34 greater
1432 1098 133 37 difficulty
1578 1099 66 27 than
1665 1096 91 38 might
1780 1096 34 28 be

1264 1139 133 37 expected
1409 1140 27 27 in
1446 1139 127 40 carrying
1584 1149 15 17 a
1610 1138 54 28 line
1674 1137 84 38 along
1768 1137 45 27 the

1266 1180 58 28 face
1350 1180 28 28 of
1403 1191 15 16 a
1443 1184 76 31 steep
1545 1180 49 28 hill
1630 1179 67 33 side,
1721 1178 91 27 where

1264 1219 107 27 ravines
1397 1219 34 27 do
1457 1222 48 24 not
1530 1219 142 28 intervene
1698 1221 27 24 to
1759 1226 54 27 any

1264 1259 187 29 considerable
1498 1262 105 32 extent,
1641 1257 54 29 and
1728 1256 84 37 rocky

1264 1299 166 38 projections
1443 1309 45 19 are
1507 1303 50 25 not
1570 1310 29 18 so
1626 1307 147 21 numerous
1784 1307 29 18 as

1265 1340 46 26 the
1325 1349 170 18 narrowness
1507 1339 30 28 of
1550 1340 47 27 the
1617 1339 89 34 valley
1724 1338 89 35 might

1266 1379 57 27 leao
1336 1388 51 19 one
1401 1382 27 25 to
1442 1377 80 30 think
1535 1378 90 29 would
1639 1379 33 28 be
1684 1380 46 25 the
1743 1387 70 19 case.

1265 1419 57 28 The
1351 1422 91 30 Uorofe
1467 1419 23 29 is
1523 1419 129 33 inviting,
1678 1418 54 29 and
1768 1419 46 27 the

1407 1445 16 12 n
1624 1444 27 13 ©'

1267 1460 162 36 temptation
1453 1463 97 34 strong
1574 1463 29 25 to
1628 1460 47 28 the
1705 1459 109 37 railway

1267 1500 162 39 engineerto
1438 1504 79 25 enter
1524 1500 22 28 it
1556 1500 71 29 from
1637 1500 46 28 the
1695 1500 102 38 Benger-

1269 1542 69 27 burn
1352 1541 66 28 with
1431 1541 42 29 his
1486 1545 74 24 trace
1573 1540 44 30 for
1629 1542 47 28 the
1688 1541 63 31 line,
1764 1541 50 27 but

1269 1581 45 27 the
1336 1591 86 29 gorge
1434 1581 23 28 is
1467 1581 115 28 entered
1602 1581 64 37 only
1679 1585 28 24 to
1719 1580 56 28 find
1794 1580 20 28 it

1269 1626 72 24 must
1354 1622 35 28 be
1402 1626 48 33 got
1463 1625 48 25 out
1523 1622 30 28 of
1566 1622 136 28 somehow
1727 1626 29 23 at
1769 1621 45 29 the

1267 1661 126 38 dividing
1406 1662 28 27 of
1447 1662 46 28 the
1506 1671 83 28 ways,
1603 1671 31 19 or
1648 1662 47 28 the
1705 1671 93 28 sepera-

1267 1702 56 28 tion
1338 1702 29 28 of
1381 1702 52 28 this
1448 1712 104 19 narrow
1566 1702 89 38 valley
1666 1702 88 29 where
1766 1702 47 28 the

1267 1742 67 38 high
1360 1742 107 38 ground
1493 1753 90 19 comes
1608 1743 58 29 into
1680 1743 46 29 the
1745 1753 68 26 way,

1267 1782 56 28 into
1333 1787 53 23 two
1394 1782 55 28 still
1460 1793 143 25 narrower,
1609 1783 53 28 and
1668 1782 146 37 deserving

1266 1833 73 18 moro
1370 1822 47 29 the
1442 1833 78 19 name
1553 1823 29 29 of
1606 1833 106 19 ravines
1747 1823 65 29 than

1266 1864 110 37 valleys.
1416 1864 57 28 The
1486 1864 64 38 only
1566 1876 58 26 way
1637 1868 47 25 out
1697 1865 23 28 is
1734 1865 37 37 by
1796 1876 15 16 a

1264 1904 95 27 tunnel
1381 1914 34 17 on
1439 1905 45 27 the
1507 1904 50 28 left
1582 1905 58 28 into
1664 1905 46 27 the
1732 1904 82 28 lower

1263 1943 108 39 ground
1394 1944 118 38 beyond,
1538 1944 88 30 which
1640 1944 74 30 leads
1729 1955 36 28 up
1783 1948 28 25 to

1263 1986 45 26 the
1335 1985 93 29 lowest
1443 1986 76 36 point
1533 1986 30 28 of
1585 1986 47 28 tho
1657 1985 152 30 watershed

1265 2025 121 27 between
1411 2026 47 27 the
1474 2026 180 32 Bengerburn
1676 2025 59 29 Flat
1757 2026 54 28 and

1262 2064 59 27 that
1335 2064 28 28 of
1376 2064 46 28 the
1434 2065 158 29 homestead
1607 2066 29 27 of
1650 2064 64 29 Moa
1740 2064 69 29 Flat.

1265 2104 86 28 When
1366 2104 47 29 the
1437 2104 91 38 Gorge
1542 2106 22 27 is
1578 2104 113 30 entered
1702 2106 66 36 only
1783 2109 27 25 to

1262 2154 34 27 go
1322 2149 48 23 out
1394 2145 82 37 again
1502 2149 22 25 it
1549 2145 89 28 would
1664 2155 74 19 seem
1764 2146 46 27 the

1261 2184 105 28 natural
1389 2195 103 26 course,
1515 2186 22 29 if
1550 2185 129 39 possible,
1693 2188 28 26 to
1735 2185 71 39 keep

1260 2229 47 23 out
1318 2224 28 28 of
1355 2225 20 27 it
1383 2226 164 37 altogether,
1557 2226 54 28 and
1620 2226 64 28 seek
1694 2226 114 27 another

1261 2269 77 24 route
1353 2275 72 19 more
1439 2270 29 25 to
1488 2266 47 29 the
1548 2265 51 30 left
1611 2264 28 30 in
1656 2265 46 29 the
1721 2264 71 30 direc-

1259 2305 57 28 tion
1330 2306 29 28 of
1373 2306 46 28 the
1439 2307 82 28 lower
1544 2306 106 38 ground
1664 2309 28 26 to
1717 2306 89 29 which

1259 2345 46 28 the
1325 2346 96 28 tunnel
1433 2351 48 24 out
1494 2347 30 28 of
1544 2348 46 28 the
1602 2346 91 38 Gorge
1716 2346 90 29 would

1259 2385 69 36 lead,
1354 2386 56 29 and
1423 2387 87 29 which
1536 2387 162 39 apparently
1710 2386 23 29 is
1759 2386 47 29 the

1258 2426 106 28 natural
1378 2431 77 25 route
1479 2428 43 28 for
1547 2428 45 28 the
1606 2427 54 29 line
1674 2431 28 25 to
1728 2426 74 30 take.

1261 2466 133 29 Whether
1418 2468 55 29 this
1498 2472 78 25 route
1598 2478 54 18 was
1684 2468 122 37 recently

1257 2507 184 39 investigated
1455 2518 29 19 as
1497 2520 35 17 an
1545 2507 162 31 alternative
1720 2511 28 27 to
1759 2508 46 30 the

1258 2548 91 38 Gorge
1360 2549 133 28 direction
1508 2550 15 27 I
1535 2560 44 17 am
1592 2549 100 28 unable
1705 2552 29 24 to
1747 2560 57 26 say,

1256 2598 30 19 as
1300 2588 14 28 I
1328 2598 54 18 was
1404 2593 49 24 not
1465 2589 62 29 able
1540 2593 28 26 to
1581 2600 37 30 go
1631 2598 66 20 over
1716 2588 22 29 it
1751 2589 55 29 and

1257 2628 63 31 look
1333 2629 77 30 there
1420 2630 43 29 for
1472 2641 54 28 any
1539 2633 89 29 traces
1639 2630 28 29 of
1676 2630 46 29 the
1733 2629 57 31 foot-

1256 2673 75 34 steps
1344 2670 29 27 of
1382 2671 46 28 the
1440 2671 140 38 engineer.

1293 2709 129 41 Lookiug
1445 2711 126 29 however
1592 2710 71 30 from
1688 2723 17 18 a
1730 2722 55 20 com-

1257 2751 151 38 paratively
1430 2751 78 29 short
1538 2751 132 37 distance,
1697 2753 15 28 I
1748 2763 55 18 was

1257 2791 125 39 strongly
1408 2791 149 39 impressed
1584 2792 67 29 with
1677 2793 47 30 the
1743 2793 61 29 idea

1257 2831 60 28 that
1339 2833 46 28 the
1411 2832 99 29 easiest
1528 2833 55 28 and
1596 2837 72 26 most
1690 2834 114 29 feasible

1256 2876 77 25 route
1342 2884 55 18 was
1407 2873 27 29 in
1444 2873 60 28 that
1512 2873 133 30 direction
1655 2874 54 30 and
1716 2878 48 26 not
1775 2875 28 28 in

1256 2912 47 28 the
1316 2913 86 35 other,
1420 2912 88 29 which
1533 2913 14 28 I
1572 2914 81 29 could
1679 2925 45 18 see
1750 2915 53 28 had

1256 2952 69 29 been
1351 2952 193 38 investigated.
1584 2953 65 30 This
1660 2954 65 29 does
1747 2958 56 32 not,

1254 2992 135 35 however,
1414 3002 107 18 assume
1545 2993 62 28 that
1636 2994 37 36 by
1705 2994 99 37 taking

1253 3043 15 16 a
1279 3036 77 24 route
1369 3031 106 30 outside
1489 3031 47 28 the
1547 3031 92 40 Gorge
1647 3033 157 40 tunnelling

1255 3072 89 29 would
1370 3073 34 28 be
1428 3071 125 36 avoided,
1575 3073 51 29 but
1653 3075 24 28 it
1712 3075 88 28 would

1255 3113 133 37 probably
1399 3113 32 27 be
1445 3113 62 33 less,
1522 3113 106 37 though
1642 3114 48 29 the
1705 3114 81 37 bridg-

1253 3153 49 39 ing
1314 3153 89 38 might
1414 3154 33 27 be
1457 3153 92 29 rather
1557 3165 75 19 more
1641 3165 35 19 on
1684 3158 117 25 account

1253 3194 30 28 of
1305 3193 110 39 getting
1439 3193 58 29 into
1522 3193 47 30 the
1590 3195 90 38 valley
1705 3195 30 29 of
1756 3195 47 29 the

1255 3234 73 29 main
1341 3234 131 34 drainage
1486 3235 118 29 towards
1622 3235 47 30 the
1680 3235 105 30 Bender-

1437 3263 16 9 o
1740 3263 17 10 O

1254 3277 79 26 burn.
1373 3275 128 38 Judging
1542 3275 71 28 from
1655 3286 16 17 a
1714 3277 88 36 rough

1254 3315 175 30 observation
1451 3313 77 37 only,
1545 3315 48 29 the
1615 3315 127 38 gradient
1768 3327 35 18 011

1254 3357 55 27 this
1331 3355 103 28 middle
1457 3355 103 28 section
1582 3355 55 28 will
1658 3355 75 28 work
1755 3360 48 23 out

1253 3397 85 28 about
1368 3399 6 24 I
1393 3395 27 28 in
1436 3395 34 28 60
1491 3394 43 29 for
1549 3395 134 37 probably
1705 3396 16 28 5
1738 3407 31 18 or
1781 3396 22 28 it

1254 3446 61 27 may
1330 3435 34 28 be
1378 3437 15 26 6
1408 3435 85 33 miles,
1509 3434 87 29 which
1608 3435 23 28 is
1642 3438 49 25 not
1704 3435 37 37 by
1749 3446 54 26 any

1254 3486 93 18 means
1372 3486 16 17 a
1406 3474 143 36 deterring
1574 3474 128 38 gradient
1723 3475 79 28 when

1253 3517 78 27 when
1347 3526 39 17 we
1399 3514 126 29 consider
1537 3515 62 28 that
1611 3515 28 28 in
1650 3515 47 28 the
1710 3515 91 28 North

1253 3555 95 31 Inland
1368 3565 46 19 are
1440 3554 150 30 maximum
1615 3555 142 39 gradients
1772 3566 29 18 as

1253 3602 75 32 steep
1355 3607 28 17 as
1399 3597 9 26 I
1425 3596 28 27 in
1465 3595 44 34 33,
1528 3595 56 28 and
1608 3595 29 28 in
1650 3595 48 28 the
1712 3595 88 29 South

1256 3636 91 29 Island
1357 3646 35 17 on
1403 3635 46 28 the
1458 3634 73 29 main
1540 3634 54 29 line
1602 3635 199 28 aremaximum

1252 3676 142 39 gradients
1407 3675 29 30 of
1446 3685 51 20 one
1509 3675 29 29 in
1553 3675 71 38 fifty,
1637 3674 54 30 and
1705 3685 95 20 curves

1251 3728 28 17 as
1299 3717 83 36 sharp
1398 3727 29 16 as
1443 3716 33 34 1\
1495 3715 94 28 chains
1615 3715 110 35 radius;
1745 3716 54 28 and

1251 3758 60 27 that
1345 3767 37 18 on
1415 3756 47 27 the
1499 3755 74 28 main
1597 3755 55 28 line
1690 3755 28 28 in
1752 3755 47 30 the

1249 3797 89 30 island
1352 3797 29 28 of
1391 3795 103 36 Ceylon
1507 3796 78 28 there
1597 3795 23 29 is
1634 3806 16 18 a
1671 3795 128 39 gradient

1249 3838 30 28 of
1303 3839 11 26 1
1329 3838 27 27 in
1370 3837 34 27 42
1418 3837 44 27 for
1487 3837 30 26 15
1531 3835 77 29 miles
1634 3836 164 29 continuous

1251 3878 87 29 which
1361 3877 49 28 has
1422 3876 70 29 been
1512 3875 113 30 worked
1649 3875 42 30 for
1712 3877 86 38 thirty

1249 3929 78 27 years
1341 3917 114 28 without
1468 3916 135 36 accident,
1615 3917 28 28 in
1657 3927 17 18 a
1690 3917 108 30 climate

1252 3959 65 28 with
1342 3969 16 16 a
1383 3957 127 28 hundred
1535 3957 94 29 inches
1654 3957 31 29 of
1695 3959 99 28 annual

1249 3998 117 29 rainfall.
1405 3997 57 28 The
1485 3996 91 29 North
1602 3997 94 29 Island
1729 3998 67 29 lines

1250 4039 107 29 besides
1371 4038 113 37 havimg
1497 4037 142 38 gradients
1652 4037 29 30 of
1697 4039 12 26 1
1724 4039 28 28 in
1761 4039 35 28 40

1250 4080 109 35 arjainst
1373 4079 47 28 the
1433 4077 73 30 main
1519 4077 169 37 traffic,have
1700 4089 97 20 curves

1250 4131 29 17 as
1302 4120 81 37 sharp
1397 4129 30 18 as
1441 4119 16 28 5
1478 4117 93 30 chains
1585 4118 100 30 radius.
1724 4119 29 29 It
1774 4120 24 29 is

1250 4159 133 29 admitted
1397 4159 60 28 that
1479 4168 96 19 curves
1588 4159 29 28 of
1629 4169 69 19 even
1721 4160 77 29 three

1251 4201 93 27 chains
1370 4198 90 30 would
1479 4198 35 29 be
1538 4198 138 30 workable
1690 4210 34 19 on
1751 4201 46 29 the

1251 4241 43 29 3ft
1326 4240 45 28 6in
1403 4249 90 28 gauge
1519 4239 145 30 combined
1690 4242 64 28 with
1779 4253 16 17 a

1253 4281 138 27 moderate
1417 4283 58 24 rate
1500 4279 30 28 of
1551 4279 92 38 speed,
1669 4281 55 28 and
1752 4282 46 28 the

1251 4320 131 38 adoption
1415 4319 29 28 of
1478 4319 67 28 such
1568 4329 97 19 curves
1690 4331 36 17 on
1751 4322 47 28 the

1252 4359 264 36 Heriot-Roxburgh
1529 4358 55 29 line
1597 4359 89 30 would
1699 4361 99 30 reduce

1253 4400 150 35 materially
1422 4399 47 28 the
1490 4400 147 37 quantities
1662 4401 29 28 of
1707 4402 75 28 earth-

1253 4441 73 28 work
1344 4439 52 29 and
1423 4439 107 38 though
1555 4439 28 29 in
1608 4441 186 29 combination

1253 4481 64 27 with
1342 4491 15 16 a
1371 4480 126 37 gradient
1510 4480 28 28 of
1556 4481 10 26 I
1591 4481 28 27 in
1634 4481 43 34 60,
1709 4482 89 28 would

1251 4524 49 25 not
1312 4524 110 34 operate
1438 4519 168 38 excessively
1625 4521 109 38 against
1752 4521 46 29 the

1251 4561 96 34 traffic,
1372 4571 29 18 as
1423 4561 47 28 the
1495 4560 87 38 heavy
1596 4562 108 37 portion
1728 4562 28 29 of
1776 4562 22 28 it

1251 4602 70 28 from
1334 4602 46 28 the
1395 4601 88 29 South
1493 4604 28 25 to
1535 4601 46 28 the
1708 4602 89 29 would

1251 4643 34 27 be
1306 4641 65 29 with
1396 4642 46 27 the
1469 4641 114 38 grades;
1607 4641 76 28 there
1708 4642 90 28 would

1251 4686 47 24 not
1323 4681 98 29 indeed
1447 4681 34 28 be
1498 4691 54 28 any
1584 4681 86 39 grade
1686 4681 30 28 of
1733 4691 48 19 con-

1249 4732 134 29 sequence
1406 4722 111 38 against
1542 4721 46 29 the
1602 4721 88 29 traffic
1702 4722 36 28 all
1752 4723 46 28 the

1250 4774 58 25 way
1322 4763 69 28 from
1405 4763 45 27 the
1467 4762 75 28 Bluff
1552 4766 28 24 to
1592 4762 160 39 Roxburgh.

1286 4808 84 32 Next,
1392 4819 29 17 as
1434 4811 28 25 to
1476 4808 46 27 the
1536 4811 58 25 cost
1611 4808 29 28 of
1664 4809 133 37 working,

1249 4848 46 28 the
1309 4853 163 32 percentage
1486 4846 28 30 of
1526 4846 126 38 working
1664 4856 133 28 expenses

1249 4891 27 25 to
1290 4888 128 27 earnings
1432 4897 65 18 over
1518 4887 47 27 the
1590 4886 87 28 whole
1702 4886 29 28 of
1752 4887 46 28 the

1385 4913 16 12 O

1249 4928 67 28 New
1342 4927 119 29 Zealand
1486 4927 68 28 lines
1579 4926 23 28 is
1627 4937 36 17 no
1683 4937 74 17 more
1782 4937 16 18 a

1250 4969 71 27 basis
1338 4972 28 24 to
1380 4978 35 22 sro
1438 4978 34 18 on
1498 4967 43 28 for
1566 4967 160 33 estimating
1751 4967 46 28 the

1380 4994 16 11 n
1561 5006 5 5 #
1706 4994 17 10 o

1249 5008 98 28 results
1361 5009 29 26 of
1403 5008 46 27 the
1462 5006 143 28 extension
1615 5006 71 28 from
1700 5006 98 28 Heriot

1250 5051 27 23 to
1291 5046 150 32 Roxburgh
1455 5046 66 28 than
1542 5045 47 28 the
1610 5045 186 28 construction

1403 5072 16 12 O
1524 5085 5 5 t
1632 5084 5 6 #
1716 5084 6 6 #

1249 5091 59 25 cost
1320 5087 29 29 of
1362 5087 34 28 all
1414 5086 64 30 N.Z.
1493 5086 124 37 railways
1630 5085 22 29 is
1661 5084 43 30 for
1712 5085 68 39 judg-

1249 5128 49 36 ing
1307 5128 45 28 the
1363 5128 98 37 capital
1472 5126 126 38 required
1609 5130 27 24 to
1648 5125 79 29 make
1737 5126 59 28 that

1250 5168 62 28 line.
1352 5168 13 28 I
1381 5168 67 28 have
1460 5166 111 37 already
1584 5166 147 37 expressed
1751 5166 46 28 the

1250 5208 110 36 opinion
1382 5208 61 28 that
1467 5206 162 39 apparently
1652 5206 78 28 there
1742 5217 55 18 was

1252 5248 114 38 nothing
1380 5249 27 27 in
1420 5248 47 28 the
1485 5248 211 28 circumstances
1709 5246 29 28 of
1751 5246 46 29 the

1251 5287 67 29 N.Z.
1333 5288 68 29 lines
1427 5288 59 28 that
1511 5286 80 29 could
1615 5289 116 25 account
1755 5286 43 30 for

1251 5328 70 29 their
1345 5328 126 37 working
1502 5336 134 28 expenses
1658 5326 85 39 being
1768 5337 30 20 so

1251 5370 80 27 much
1352 5370 26 27 in
1393 5378 95 19 excess
1509 5368 28 26 of
1557 5366 46 28 the
1624 5365 174 36 Queensland

1250 5409 68 28 lines
1332 5419 34 18 on
1382 5410 45 27 the
1440 5417 72 19 same
1528 5416 100 28 gauge,
1643 5406 94 28 within
1751 5410 48 25 ten

1252 5459 48 27 per
1312 5453 70 25 cent,
1397 5449 30 27 of
1440 5448 46 27 the
1509 5456 73 18 same
1594 5449 59 25 cost
1666 5456 48 28 per
1727 5448 71 35 mile,

1251 5489 53 28 and
1319 5489 104 37 having
1435 5498 16 17 a
1464 5486 86 28 traffic
1561 5495 47 28 per
1622 5486 62 28 mile
1697 5486 43 29 for
1752 5487 48 29 the

1252 5528 126 30 financial
1389 5538 64 26 year
1461 5526 89 29 ended
1561 5526 27 27 in
1598 5526 68 28 1896
1676 5526 29 29 of
1715 5527 85 36 £587,

1252 5579 29 18 as
1295 5568 108 39 against
1417 5567 74 28 £456
1510 5566 44 28 for
1573 5566 47 28 the
1643 5566 158 29 Australian

1253 5608 105 38 colony.
1399 5606 81 30 From
1500 5606 74 28 what
1594 5605 14 29 I
1634 5605 69 30 have
1728 5617 72 26 seen,

1254 5649 91 36 heard,
1368 5647 55 30 and
1449 5646 65 30 read
1535 5646 30 29 of
1586 5645 69 30 lines
1679 5646 30 29 in
1734 5647 68 30 both

1253 5690 146 33 countries,
1414 5688 13 27 1
1441 5698 44 16 am
1510 5690 48 24 not
1577 5686 120 29 inclined
1710 5690 28 26 t«
1752 5691 51 34 put

164 104 183 58 Friday,
378 114 102 46 July
511 110 64 42 30,
613 109 115 39 1897.

1751 101 198 39 MOUNT
2034 92 225 47 BEKGIfi.
2344 93 141 45 MAIL

1361 5766 126 28 (Continued
1500 5773 26 15 on
1540 5766 79 23 Fourth
1632 5766 76 28 Page.)]

1940 231 32 39 J.
2004 230 43 37 B.
2078 223 158 43 YULE,
2260 223 142 43 L.D.S.,

1938 313 188 43 Surgeon
2162 304 160 44 Dentist,

1980 385 298 39 INVERCARGILL.

1953 581 46 28 Mr
2018 579 79 28 Yule
2119 573 54 30 will
2193 572 103 30 visit—

1847 693 139 31 RYAN'S
2002 687 134 35 HOTEL,
2148 685 247 36 ALEXANDRA,

1846 805 166 32 HERON'S
2027 800 135 35 HOTEL,
2175 798 218 30 ROXBURGH

1849 948 99 28 MR
2009 941 388 36 FINLAYSON,

1929 997 160 24 BARRISTER
2103 995 61 22 AND
2177 993 154 25 SOLICITOR,

2042 1042 162 31 Lawkenck,

1846 1113 68 29 Will
1939 1109 96 30 attend
2062 1109 46 27 the
2128 1105 151 38 Roxburgh
2303 1105 94 29 Court.

1846 1266 101 38 Money
1958 1268 27 25 to
1995 1263 77 30 Lena
2082 1272 35 19 on
2127 1260 23 30 F
2273 1257 126 39 Security

1845 1378 35 55 J
1959 1378 48 38 H.
2071 1374 220 42 PEARS
2307 1374 89 43 OH,

1946 1444 68 21 ROSS
2028 1442 96 27 PLACE,
2139 1441 165 27 LAWRENCE,

1889 1489 75 31 CON
1976 1487 178 35 TRACTOR,
2175 1485 180 37 BUILDER,

2097 1538 53 20 AND

1984 1568 274 31 UNDERTAKER.

1846 1647 145 27 Contracts
2006 1643 83 28 taken
2101 1643 43 27 for
2157 1641 137 29 Builders'
2313 1641 84 29 Work

1964 1684 28 30 of
2006 1693 81 29 every
2101 1681 177 39 description.

1906 1756 198 23 ESTIMATES
2134 1754 195 22 PREPARED.

1879 1817 26 29 A
1918 1813 196 33 well-assorted
2141 1813 85 29 Stock
2247 1813 30 29 of
2298 1811 81 30 Furni-

1842 1862 60 25 ture
1915 1859 100 37 always
2030 1867 35 19 on
2079 1854 82 30 hand.

1879 1898 132 28 Funerals
2021 1894 155 31 conducted
2190 1895 26 27 in
2229 1894 35 28 all
2278 1898 75 34 parts
2367 1893 29 29 of

1842 1938 45 30 the
1915 1938 122 29 District.
2079 1935 104 29 Hearse
2211 1933 134 41 provided
2373 1933 23 29 if

1841 1979 135 39 required.

1849 2084 186 59 yyiLLI
2048 2084 65 30 AM
2225 2080 170 37 ALONE,

1923 2238 171 37 General
2131 2237 173 42 Grocer,

1861 2382 502 38 SCOTLAND-STREET,

2000 2533 223 31 ROXBURGH,

1843 2638 61 54 yy
1995 2637 22 30 T
2032 2661 6 7 .
2108 2635 167 30 BOWD
2296 2633 70 30 EN
2380 2656 8 14 ,

1909 2712 176 26 CARPENTER,
2112 2710 114 26 JOINER,
2254 2709 61 21 AND

2012 2749 206 26 UNDERTAKER,

1833 2805 99 26 Desires
1958 2809 25 20 to
2009 2802 75 27 thank
2112 2801 40 27 the
2182 2799 90 28 Public
2296 2799 24 26 of
2346 2798 41 27 the

1837 2843 101 26 District
1953 2841 37 26 for
2008 2847 54 29 past
2080 2844 111 30 support,
2211 2837 48 27 and
2280 2836 61 31 be<rs
2361 2843 25 19 to

1833 2880 89 27 inform
1953 2879 66 26 them
2054 2883 54 21 that
2139 2879 28 23 lie
2199 2877 42 25 has
2273 2874 113 28 resumed

1836 2917 119 27 Business
1967 2917 25 25 in
2007 2914 150 30 R^x'nrtflt.

1834 3003 134 25 Estimates
1979 3001 73 33 given
2065 3001 48 24 and
2126 2999 118 34 Building
2255 2997 132 27 Contracts

1937 3050 28 26 of
1981 3048 30 28 all
2033 3048 73 27 kinds
2124 3047 159 27 undertaken.

1872 3133 75 28 Plans
1960 3133 47 26 and
2027 3131 186 37 Specifications
2227 3130 123 36 prepared.

1835 3201 215 54 HUGH
2122 3199 261 44 BRUCE,

1924 3269 201 29 BOARDING
2152 3268 141 36 HOUSE,

1862 3321 175 29 WHITEHAVE
2041 3328 135 27 N-STbiEBT,
2200 3319 152 28 LAWRHNCK

1898 3366 144 39 (Opposite
2056 3366 116 38 English
2186 3365 131 37 Church.)

1844 3455 81 21 FIRST
1943 3455 85 21 CLASS
2051 3454 245 22 ACCOMMODATION
2319 3455 54 21 FOR

1920 3483 58 21 THE
1992 3483 182 21 TRAVELLING
2190 3482 111 22 FUKLIO.

1879 3565 78 30 Good
1981 3564 131 39 Stabling
2136 3565 54 29 and
2209 3563 131 31 Paddock

1982 3605 255 29 Accommodation.

1915 3686 165 30 —Charges
2101 3685 81 29 Mods
2188 3695 73 19 rate.
2264 3702 37 5 —

2088 3850 97 31 FLAT
2244 3850 137 36 HOTEL,

1989 4006 121 22 MILLERS
2136 4006 78 22 FLIT.

1864 4274 32 28 P.
1919 4273 107 27 Laffey
2085 4294 30 7 ...
2175 4273 168 37 Proprietor.

1833 4448 194 57 COBB
2098 4448 51 54 &
2213 4449 167 59 CO.'S

1941 4527 171 21 TELEGRAPH
2138 4527 67 21 LINE
2232 4527 35 21 OF

1877 4567 128 29 ROYAL
2027 4567 96 29 MAIL
2145 4566 186 31 COACHES.

2030 4619 148 29 Lawrence

1865 4661 154 27 Beaumont
2143 4659 64 29 Moa
2222 4660 62 28 Flat

1863 4701 99 28 Teviot
2141 4700 160 28 Alexandra

1865 4740 87 39 Clyde

1863 4782 174 28 Arrovvtown
2145 4779 184 36 Queenstown

2081 4820 63 28 And

1901 4868 57 27 Alll
1978 4868 198 28 Intermediate
2202 4868 106 29 Places.

1864 4947 78 30 Cobb
1956 4948 54 28 and
2035 4947 75 30 Co.'s
2131 4948 155 39 Telegraph
2312 4948 68 29 Line

1826 4988 28 28 of
1868 4988 86 36 Royal
1967 4988 68 28 Mail
2059 4988 120 28 Coaches
2202 4989 77 28 leave
2302 4989 59 28 Law-

1826 5036 79 18 rence
1925 5027 44 28 for
1990 5028 48 26 the
2058 5027 153 29 Beaumont
2230 5029 56 27 and
2306 5029 56 28 Rox-

1826 5066 91 39 burgh
1934 5076 84 30 every
2040 5066 70 40 day;
2130 5068 54 29 and
2206 5068 76 31 leave
2305 5070 57 28 Rox-

1826 5108 91 37 burgh
1949 5108 44 28 for
2025 5108 166 36 Alexandra,
2226 5110 154 36 Cromwell,

1826 5151 181 31 Arrowtown,
2021 5148 55 28 and
2099 5148 181 36 Queenstown
2298 5160 81 29 every

1825 5187 135 39 Tuesday,
1987 5188 144 38 Thursday
2153 5189 54 29 and
2232 5189 147 40 Saturday,

1826 5228 130 38 reaching
1965 5228 185 36 Queenstown
2159 5231 47 27 the
2216 5241 73 18 same
2297 5242 66 18 even-

1825 5269 58 38 ing.
1925 5273 166 34 .Passengers
2105 5268 75 29 leave
2198 5270 129 29 Dunedin
2343 5273 37 36 by

1826 5309 46 29 the
1886 5310 62 28 8.15
1963 5320 63 19 a.m.
2051 5309 89 36 train;
2161 5310 76 29 leave
2258 5310 103 38 Queens-

1825 5353 74 26 town
1913 5360 35 19 on
1963 5360 74 19 same
2050 5350 68 38 days
2131 5355 28 24 at
2172 5353 16 26 5
2197 5362 75 25 a.m.,
2285 5353 78 28 reach-

1826 5390 49 38 ing
1888 5390 156 38 Roxburgh
2063 5397 28 21 at
2105 5390 15 28 8
2135 5400 76 28 p.m.,
2225 5392 56 29 and
2294 5393 71 28 arriv-

1826 5430 50 38 ing
1895 5434 29 25 at
1945 5430 148 29 Lawrence
2115 5435 28 23 at
2172 5432 61 29 1.45
2254 5442 67 29 p.m.
2345 5444 34 18 on

1827 5470 143 38 following
1984 5470 77 29 davs.

1865 5511 130 28 Dunedin
2015 5510 129 38 Booking
2160 5511 84 30 Office
2257 5513 44 28 for
2315 5513 49 30 Pas-

1828 5562 114 28 sengers
1955 5550 55 29 and
2023 5550 109 29 Parcels
2143 5562 6 17 :
2176 5551 69 31 N.Z.
2260 5553 122 39 Express

1830 5591 75 30 Co.'s
1920 5591 92 33 Office,
2025 5591 203 37 Manse-street,
2242 5593 139 30 Dunedin.

1867 5631 81 30 Head
1974 5630 100 31 Office:
2108 5629 172 41 Peel-street,
2304 5634 59 30 Law-

1831 5683 81 14 rpnnp

1915 5695 7 8 '
1964 5711 38 33 H,
2024 5710 117 30 CRAIG
2159 5717 24 24 &
2204 5712 68 38 CO.,

2203 5755 143 40 oprietors,

2836 223 329 57 GOATUM.

2619 297 117 39 (FROM
2756 296 77 31 THE
2852 297 119 30 LATIN
3107 297 72 30 GET
3199 296 49 30 AT
3269 294 109 38 'EM.")

2565 390 133 40 Splendid
2712 391 101 29 Values
2827 401 45 19 are
2886 401 61 19 now
2960 391 116 39 offering
3089 390 29 29 in
3130 390 48 29 the
3199 389 92 30 Goods
3304 386 247 31 undermentioned

2526 443 53 18 —a
2592 432 109 39 regular
2743 431 102 30 Find.'"

2503 473 186 28 Flannelettes
2690 473 72 28 —33
2775 473 94 28 inches
2882 472 79 35 wide,
2972 472 105 29 colours
3088 482 69 24 new,
3167 471 105 39 quality
3282 470 74 39 good
3357 470 68 29 —5s
3439 469 36 28 6d
3488 470 61 27 doz.

2505 513 78 28 Satin
2598 511 105 39 Stripes
2717 512 43 29 for
2773 511 84 39 Boys'
2872 511 136 30 Suits—it
3022 511 109 30 SUITS
3152 511 44 30 for
3208 522 54 27 any
3274 510 80 30 other
3364 511 187 38 purpose—at

2430 564 16 17 a
2458 553 75 39 price
2545 553 61 28 that
2618 552 55 29 will
2687 552 62 39 give
2762 563 55 27 you
2831 562 96 19 reason
2976 556 28 25 to
3018 553 153 28 remember

2503 593 84 28 Dress
2601 593 112 28 Tweeds
2716 593 69 27 —42
2799 593 95 28 inches
2909 593 78 34 wide,
3003 593 67 37 7yds
3084 592 151 29 for—shall
3248 592 16 28 I
3276 602 49 27 say
3337 591 23 28 it
3373 591 12 28 ?

2503 633 87 28 Black
2604 631 179 30 TWILLED
2797 632 100 29 Velvet
2911 633 122 38 Binding
3041 633 43 28 for
3096 632 108 36 Skirts;
3225 632 47 29 the
3286 634 103 26 newest
3399 630 82 38 thing
3495 633 56 26 out.

2503 673 126 28 Another
2642 673 92 37 parcel
2745 672 123 30 Colonial
2880 673 132 28 Blankets
3022 677 58 33 ]ust
3090 673 38 29 in.
3167 672 58 29 The
3235 671 97 40 people
3342 671 56 29 will
3410 671 69 28 have
3489 670 63 34 'em,

2429 723 30 18 so
2470 713 73 28 what
2552 724 43 17 am
2606 713 51 28 Ito
2668 712 35 29 do
2716 713 10 28 ?
2766 713 88 28 These
2865 713 133 28 Blankets
3010 723 45 19 are
3065 713 47 30 the
3123 713 110 29 wonder
3241 713 29 28 of
3280 713 46 28 the
3337 711 106 30 Record
3452 709 100 39 Reign.

2503 752 108 29 Ladies'
2622 753 53 29 and
2686 751 96 30 Gent's
2796 752 176 37 Waterproof
2983 752 218 31 Garments—B2
3213 753 127 28 Patterns
3350 756 27 25 to
3387 751 84 30 select
3481 750 71 29 from

2503 794 28 29 If
2549 793 47 29 it's
2610 793 137 39 Bargains
2759 804 55 25 you
2828 798 82 31 want,
2921 794 59 38 just
2993 795 77 27 mark
3084 795 21 28 it
3119 794 82 29 down
3213 793 54 28 and
3280 793 39 29 let
3333 802 42 19 me
3388 792 92 29 know*

2576 994 101 29 CASH
2697 994 164 34 DRAPER,
2883 993 202 36 CLOTHIER,
3206 991 208 31 IMPORTER.

2808 1045 70 29 Rosa
2900 1045 96 35 Place,
3016 1045 162 28 Lawrence.

2942 1179 155 38 imm*

2943 1239 142 28 TAILOR
3114 1238 82 28 AND
3224 1237 163 29 HATTER.

2775 1320 27 54 J
2818 1320 41 21 AM
2872 1319 158 26 acknowledged
3045 1321 22 19 to
3080 1319 25 20 be
3118 1319 73 20 second
3204 1320 22 19 to
3239 1326 53 13 none
3305 1319 33 20 f#r

2815 1379 138 32 STYLE!

2960 1421 191 37 QUALITY!

3128 1460 313 31 WORKMANSHIP!

2948 1582 157 22 RESIDENTS
3131 1583 35 21 OF
3192 1581 188 23 ROXBURGH—

2773 1611 82 27 Kindly
2863 1611 113 21 remember
2990 1611 47 21 that
3045 1610 67 27 owing
3124 1611 21 21 to
3155 1617 35 20 my
3198 1610 99 22 immense
3305 1611 131 26 assortment,
3445 1609 36 24 the
3491 1609 60 23 Show

2822 1640 21 20 iu
2853 1639 36 21 the
2899 1639 105 21 Windows
3013 1639 17 20 is
3040 1638 49 26 only
3097 1646 13 12 a
3119 1645 47 19 very
3176 1639 58 19 small
3244 1640 47 24 part
3297 1637 25 21 of
3328 1644 33 20 my
3371 1638 129 21 Exhibition.

2823 1706 112 27 Intending
2944 1706 118 22 Customers
3071 1705 41 21 will
3122 1705 41 22 find
3171 1705 46 21 that
3227 1705 10 21 I
3246 1705 52 22 have
3309 1704 60 22 mad#
3376 1705 35 21 the
3417 1705 66 22 inside
3488 1705 22 22 of
3516 1712 34 20 my

2772 1734 161 21 Establishment
2950 1734 107 27 especially
3076 1737 66 17 attrac
3152 1733 40 26 ive,
3209 1733 41 21 and
3267 1733 103 24 earnestly
3384 1733 65 21 invite
3466 1740 41 20 you
3528 1735 22 19 to

2773 1765 83 17 saunter
2870 1762 90 25 through
2976 1762 35 20 the
3030 1762 80 19 various
3128 1761 145 26 Departments
3287 1760 41 21 and
3342 1760 83 27 Inspect
3434 1760 37 21 the
3479 1761 72 20 Latest

2773 1788 106 21 Fashions.

2810 1856 184 30 OPPOSITE
3015 1856 109 30 BANK
3146 1856 48 29 OF
3213 1855 91 31 NEW
3323 1856 191 37 ZEALAND,

3095 1896 161 29 Lawrenck.

2598 2166 76 29 BEG
2700 2166 47 29 TO
2773 2165 215 30 ANNOUNCE
3011 2164 103 30 THAT
3139 2164 105 30 THEY
3268 2164 109 30 HAVE

2451 2244 449 58 PURCHASED
2936 2242 152 58 THE
3119 2241 400 59 GOODWILL

2717 2353 71 20 —OP
2811 2353 53 19 THE
2890 2342 191 31 BUSINESS
3107 2352 33 19 OF
3164 2352 91 19 THE—

2456 2527 139 39 Together
2608 2526 67 30 with
2688 2525 73 31 their
2784 2524 226 37 BOILDINGS,
3029 2524 90 31 which
3131 2524 54 30 will
3198 2524 163 32 henceforth
3372 2536 38 29 go
3422 2526 89 31 under

2893 2566 49 29 the
2955 2575 81 20 name
3048 2566 30 28 of

2423 2650 656 86 DALGETY'S
3117 2650 424 86 STORE.

2494 2854 85 30 These
2601 2852 97 31 Stores
2720 2863 47 19 are
2789 2857 131 34 amongst
2940 2853 48 29 the
3010 2853 119 38 Largest
3148 2851 56 30 and
3224 2852 220 42 Best-equipped
3457 2855 28 29 in
3498 2855 47 30 the

2418 2896 114 37 Colony,
2546 2895 55 28 and
2623 2904 51 19 our
2695 2893 107 29 friends
2824 2904 64 28 may
2910 2894 139 29 therefore
3070 2893 59 37 rely
3150 2903 75 28 upon
3246 2893 73 30 their
3339 2895 208 40 consignments

2418 2937 83 38 being
2514 2936 95 28 shown
2623 2937 30 26 to
2667 2933 48 30 the
2729 2934 63 29 best
2804 2933 158 39 advantage
2975 2933 79 29 when
3067 2933 122 38 exposed
3201 2932 45 30 for
3258 2933 65 31 sale.

2435 3082 119 29 Auotion
2569 3080 77 30 Sales
2659 3080 31 29 of
2702 3078 181 39 Sheepskins,
2895 3080 194 35 Rabbitskins,
3102 3080 98 37 Hides,
3213 3080 113 37 Tallow,
3337 3081 61 37 &c.,
3409 3085 116 38 weekly.

2644 3226 77 31 Send
2745 3225 45 32 for
2814 3236 51 21 our
2890 3226 107 31 Advice
3016 3226 89 31 Notes
3130 3227 55 30 and
3208 3227 111 32 Labels.

2679 3836 37 29 IS
2742 3835 215 30 ANNUALLY
2983 3836 103 29 USED
3112 3833 106 31 UPON
3243 3832 26 29 A

2415 3914 349 65 QUARTER
2829 3932 57 21 ™
2900 3914 237 57 SHEEP
3152 3929 35 23 «
3268 3906 265 66 iWORLD

2448 4030 59 29 ITS
2528 4031 236 29 BENEFICIAL
2785 4031 167 29 EFFECTS
2970 4028 81 29 AND
3069 4027 167 30 LASTING
3258 4020 234 35 PROPERTIES

2813 4083 128 30 ALONE
2966 4080 111 31 MAKE
3103 4081 39 29 IT

2412 4142 152 56 THE
2605 4144 394 56 CHEAPEST
3032 4141 95 55 OF
3163 4139 146 58 ALL
3345 4135 187 57 DIPS.

2482 4246 175 29 Procurable
2683 4255 49 20 fro
2736 4256 20 19 si

2898 4283 103 30 JOHN
3027 4280 217 37 THOMPSON,
3269 4280 157 34 Lawrence,

2820 4337 65 28 And
2906 4337 72 28 from
2999 4336 36 28 all
3059 4335 86 29 Stock
3166 4334 56 29 and
3246 4333 109 30 Station
3377 4332 120 36 Agents.

2458 4415 175 46 Murray,
2660 4416 174 35 Roberts
2867 4415 78 35 and
2978 4414 88 42 Co.,
3099 4419 81 29 Chief
3205 4419 109 36 Agents
3334 4417 44 29 for
3401 4415 99 38 Otago.

2616 4669 65 28 wm

3183 4722 53 73 &

2535 4742 127 99 m

2977 4833 27 31 7i

3270 4835 39 38 m

3011 4902 40 28 m

2526 5123 96 54 INE
2635 5120 50 55 W
2738 5123 51 54 It
2801 5129 34 47 A
2856 5122 129 54 Pit)
3032 5120 72 56 B1
3123 5122 297 57 CYCLES.

2415 5223 58 23 CIT.
2488 5222 114 22 GEORGE
2618 5221 204 22 ENGINEERING
2834 5222 51 26 CO.,
2900 5222 100 26 Limited,
3015 5229 33 14 are
3058 5222 35 20 the
3102 5221 81 22 Makers
3192 5221 23 21 of
3224 5221 35 22 the
3268 5222 48 26 only
3328 5223 80 26 Bicycle
3418 5225 113 25 possessing

2474 5250 22 21 in
2505 5251 70 26 happy
2583 5250 137 21 combination
2731 5251 36 19 tiie
2777 5250 113 26 perfection
2900 5250 21 20 of
2928 5250 56 20 those
2990 5250 94 26 qualities
3091 5255 52 15 most
3150 5249 84 21 coveted
3241 5250 26 26 by
3275 5250 135 26 experienced
3418 5252 112 26 Cyclists—

2582 5283 198 29 STABILITY
2799 5283 5 28 !
2883 5282 120 29 SPEED
3018 5283 5 28 !
3102 5282 245 29 DURABILITY
3362 5282 4 30 !

2458 5323 49 22 This
2516 5323 42 22 fact
2567 5323 36 22 has
2613 5323 80 21 become
2702 5323 103 27 generally
2814 5322 115 28 recognised
2939 5323 22 21 in
2970 5322 102 28 Tuapeka,
3084 5322 40 22 and
3134 5323 21 21 in
3166 5329 138 21 consequence
3319 5323 11 21 I
3344 5331 33 15 am
3392 5324 53 27 daily
3456 5325 72 27 selling

2409 5352 57 20 these
2475 5352 104 21 Machines
2590 5355 21 17 to
2622 5352 86 25 Cyclists
2719 5351 43 20 who
2772 5351 51 20 have
2833 5351 50 21 been
2892 5351 142 26 disappointed
3044 5351 26 23 by
3079 5351 61 20 other
3150 5351 76 25 makes,
3238 5351 41 21 and
3290 5351 44 21 who
3344 5359 33 14 are
3383 5353 53 25 glad,
3447 5353 83 27 indeed,

2409 5379 32 21 for
2450 5386 32 14 me
2492 5384 20 15 to
2522 5379 59 21 make
2590 5379 57 20 them
2654 5385 25 13 an
2689 5378 108 20 allowance
2807 5377 30 21 for
2849 5379 54 19 their
2914 5377 104 21 discarded
3028 5380 84 18 mounts

2409 5417 55 37 As
2477 5417 92 37 Part
2581 5415 684 46 PaymentforaMachinetheycan
3281 5417 167 45 Depend
3462 5428 66 27 on.

2464 5503 65 22 Those
2540 5503 43 21 whe
2592 5510 34 13 are
2636 5504 36 19 not
2684 5503 21 20 in
2715 5509 11 13 a
2736 5501 87 28 position
2833 5503 22 19 to
2865 5501 98 26 purchase
2973 5508 38 14 one
3020 5501 21 21 of
3050 5501 57 21 these
3117 5501 53 21 ideal
3179 5501 68 22 steeds
3257 5509 36 14 can
3302 5502 72 22 obtain
3384 5503 53 22 from
3449 5511 32 15 me

2528 5531 71 29 New
2620 5539 54 20 and
2700 5531 198 29 Second-hand
2925 5530 130 29 Bicycles
3077 5529 29 29 of
3129 5539 82 27 every
3234 5529 178 39 description.

2627 5608 683 69 CHARLESSTOKES,

2567 5688 215 32 MERCHANT
2813 5687 150 37 TAILOR,
2988 5688 70 29 Ross
3090 5687 97 37 Place,
3212 5687 161 31 Lawrence.

2815 5738 94 40 Agent
2933 5738 44 31 for
3001 5738 140 39 Tuapeka.

2470 5782 96 27 taloguea
2580 5789 26 15 oh
2621 5779 140 30 Application,
2853 5778 2 31 ■
2968 5790 5 7 ■
3017 5778 3 31 ■
3029 5778 2 31 ■
3039 5779 67 23 When
3119 5778 106 30 Ordering
3236 5779 95 24 Mention
3345 5780 46 24 this
3406 5781 72 28 Paper.

3585 228 255 46 Speargrass
3874 226 91 40 Flat
4003 222 134 46 Hotel,

3683 290 102 29 BALD
3808 290 94 29 HILL
3926 287 110 33 FLAT.

3581 370 91 23 JAIIES
3683 370 153 23 EALOONER

3986 370 142 22 PfiOPRIBTOR

3693 441 87 29 above
3794 441 85 30 Hotel
3892 441 55 29 will
3961 441 35 29 be
4009 438 90 31 found
4118 449 17 18 a

3664 485 73 25 most
3762 482 180 28 comfortable
3972 480 55 28 aud
4058 478 89 30 well--

3581 521 149 41 appointed
3743 521 95 29 House
3852 522 38 37 by
3913 520 153 30 Travellers
4078 518 68 30 and-'

3581 564 47 28 the
3639 562 94 39 public
3747 562 151 38 generally.
3937 562 118 28 Patrons
4069 569 66 28 may

3580 604 58 37 rely
3652 612 34 19 on
3700 612 82 27 every
3800 602 137 29 attention
3952 602 84 37 being
4049 600 84 39 given

3581 647 27 26 to
3620 643 72 29 their
3704 642 128 29 comfort.

3580 716 45 28 An
3639 715 157 29 Excellent
3810 714 89 30 Table
3912 715 119 29 Always
4045 713 88 28 Kept.
4146 731 5 3 -

3643 788 71 39 Only
3732 788 45 30 the
3791 788 67 30 Best
3871 788 118 39 Liquors
4003 786 78 40 Kept

3786 829 29 29 in
3830 828 96 30 Stock.

3585 882 157 30 First-class
3756 882 138 38 Stabling,
3907 882 68 30 with
3993 882 102 30 Groom

3774 923 175 29 attendance.

3584 1012 280 56 RAILWAY
3940 1012 217 35 HOTEL,,

3675 1079 67 22 ROSS
3760 1079 98 26 PLACE,
3879 1079 170 21 LAWRENCE.

3583 1146 111 38 John
3719 1145 152 45 LafFey,
3901 1145 238 45 Proprietor

3659 1204 80 36 (Late
3751 1204 30 28 of
3793 1203 146 29 Havelock
3953 1202 106 38 Hotel.)

3618 1284 62 30 J.L.
3695 1284 69 40 bog's
3784 1286 29 27 to
3826 1282 127 31 intimate
3966 1282 61 31 that
4040 1282 34 31 he
4088 1283 49 30 has
4152 1282 3 42 •

3582 1325 153 39 purchased
3766 1324 48 29 the
3845 1324 88 29 above
3959 1324 194 30 well-known'

3582 1366 141 38 Hostelry,
3732 1364 54 31 and
3802 1365 93 39 hopes,
3904 1364 38 39 by
3951 1364 80 30 strict
4044 1368 91 26 atten
4146 1377 8 4 -

3582 1406 57 30 tion
3653 1409 28 26 to
3693 1406 49 29 the
3751 1405 117 30 comfort
3876 1405 30 30 of
3918 1405 153 30 Travellers
4078 1406 55 29 and

3580 1447 48 29 the
3639 1446 94 40 public
3746 1446 151 38 generally,
3909 1449 30 26 to
3953 1449 72 26 meet
4037 1446 67 29 with
4117 1456 17 19 a

3578 1487 54 30 fair
3645 1487 80 30 share
3736 1487 30 28 of
3777 1491 162 35 patronage.

3617 1527 59 30 The
3699 1527 120 39 Railway
3841 1527 25 29 is
3887 1536 52 21 one
3952 1526 89 30 of-the
4053 1526 96 30 best--

3578 1567 149 39 appointed
3739 1567 99 29 Hotels
3846 1567 107 28 outside
3961 1566 30 28 of
4001 1566 130 29 Dunedin

3579 1607 98 30 Under
3688 1606 86 31 J.L.'s
3789 1609 201 37 management,
3999 1606 47 29 the
4055 1616 74 19 com-
4144 1606 4 40 •

3578 1649 56 27 fort
3647 1647 29 28 of
3684 1652 112 34 patrons
3805 1647 54 27 will
3868 1647 36 28 be
3915 1647 78 27 made
4003 1656 16 18 a
4029 1646 101 38 special
4139 1646 4 40 '
4144 1658 5 10 i

3578 1687 114 37 feature,
3705 1687 55 29 and
3773 1697 37 19 no
3821 1686 82 31 effort
3913 1686 54 31 will
3982 1686 34 29 be
4031 1686 99 40 spared
4137 1700 10 8 -<

3578 1733 30 26 to
3619 1729 66 39 give
3696 1737 84 29 every
3793 1727 180 29 satisfaction.

3578 1801 58 29 The
3648 1801 63 29 best
3723 1800 103 29 brands
3839 1799 30 29 of
3889 1799 106 36 Wines,
4019 1799 111 39 Spirits,
4142 1817 9 10 *

3613 1841 56 30 and
3683 1841 66 31 Ales
3761 1841 102 39 always
3882 1839 67 41 kept
3961 1841 30 29 in
4003 1840 90 31 stock.

3578 1914 128 39 Simpson
3718 1914 55 29 and
3787 1913 98 29 Hart's
3897 1913 68 29 Ales
3977 1913 102 39 always
4093 1922 54 20 on°

3823 1953 69 40 Tap.

3577 2028 156 30 First-class
3746 2027 128 38 Stabling
3884 2026 246 30 Accommodation

3582 2090 280 57 jy[ASOHIC
3906 2088 226 41 HOTELS

3671 2150 66 21 ROSS
3751 2150 97 26 PLACE,
3861 2149 168 22 LAWRENCE.

3575 2218 166 30 R.WEBB
3773 2242 30 6 ...
3884 2241 30 7 ...
3946 2218 199 30 Proprietor.-

3611 2299 58 30 The
3721 2299 123 30 Masonic
3900 2298 101 30 affords
4022 2298 38 30 all
4078 2298 50 30 the
4146 2298 1 31 •

3574 2339 130 30 comforts
3717 2340 29 29 of
3758 2350 16 18 a
3786 2340 90 35 home,
3886 2338 56 30 and
3954 2339 24 29 is
3991 2338 134 40 provided
4135 2345 9 12 *

3573 2380 67 29 with
3653 2380 47 29 the
3720 2390 67 28 very
3806 2380 63 29 best
3881 2378 246 30 Accommodation
4137 2394 8 5 -•

3573 2419 44 30 for
3641 2419 161 30 Travellers.
3841 2419 159 30 First-class
4030 2418 95 31 Table.
4141 2437 5 5 •

3574 2460 67 29 Best
3660 2460 97 29 Wines
3778 2460 55 29 and
3853 2460 101 39 Spirits
3975 2460 103 38 always

3573 2500 89 31 stock.

3694 2568 132 22 CHARGES
3845 2568 160 21 MODERATE.

3608 2622 59 31 The
3690 2623 159 40 Proprietor
3873 2623 99 31 wishes
3997 2626 30 28 to
4049 2623 77 31 draw
4139 2630 6 11 '

3573 2663 109 39 Special
3705 2664 136 29 attention
3865 2668 30 25 to
3921 2665 47 29 the
3994 2663 149 40 Stabling-;

3572 2703 246 31 Accommodation
3835 2703 143 40 provided,
3991 2703 91 32 which
4099 2704 26 29 is

3572 2743 154 36 unlimited,
3739 2744 55 30 and
3806 2744 29 30 of
3847 2745 47 29 the
3907 2745 61 28 best
3982 2744 78 30 kind.

3577 2807 292 58 yiCTORIA
3943 2808 201 33 HOTJbJL^

3661 2875 71 22 PEEL
3744 2876 111 27 STREET,
3870 2875 168 23 LAWRENCE.

3596 2966 169 37 Ronald
3806 2971 284 38 ontgomerv.

3763 3022 179 30 Proprietor.

3572 3114 59 30 One
3653 3114 30 29 of
3703 3114 47 29 the
3770 3117 72 25 most
3866 3114 180 29 comfortable
4065 3114 57 30 and
4132 3124 8 13 *

3596 3152 230 31 best-conducted
3839 3152 154 30 Hostelries
4002 3164 36 19 on
4048 3154 47 30 the

3718 3193 90 38 Otago
3822 3192 158 31 Goldfields.

3669 3284 57 22 HOT
3747 3284 61 21 AND
3829 3284 74 21 COLD
3921 3284 100 22 BATHS.
4031 3295 7 4 -

3594 3352 109 29 Sample
3723 3352 96 28 Rooms
3838 3360 51 20 for
3907 3352 184 32 Travellers.
4102 3352 4 32 •

3566 3432 166 38 Passengers
3740 3431 86 29 called
3834 3432 44 28 for
3886 3432 46 29 the
3940 3432 75 39 early
4022 3433 95 33 Train,

3678 3577 61 59 jVJ[
3772 3576 12 25 I
3815 3577 19 24 T
3864 3577 19 25 C
3916 3577 23 25 H
3972 3577 19 25 E
4023 3577 20 26 L
4073 3577 21 26 L

3623 3721 69 25 THE
3739 3719 158 27 POPULAR
3932 3720 121 31 HOUSE,

3742 3783 200 27 LAWRENCE.

3577 3866 10 17 s
3600 3865 51 16 now
3667 3856 105 32 opening
3790 3864 31 23 up
3840 3854 39 25 his
3902 3853 64 26 First
3988 3854 126 32 Shipment

3579 3903 24 23 of
3620 3902 142 24 SUMMER
3777 3900 169 29 DRAPERY,
3962 3900 131 26 consisting
4093 3900 3 29 l

3577 3947 24 25 of
3609 3947 30 25 all
3650 3947 40 25 the
3698 3947 69 25 latest
3778 3944 117 27 novalties
3904 3946 35 24 for
3950 3944 39 26 the
3998 3945 94 32 coming
4106 3958 5 18 j

3645 3994 90 20 season,
3754 3984 47 26 and
3815 3986 77 30 prices
3905 3989 23 19 to
3946 3985 87 23 match*

3599 4022 11 16 '
3682 4025 100 23 Milliner
3789 4032 14 22 y
3818 4032 14 16 a
3855 4022 137 31 Speciality.

3758 4165 76 25 Visits
3869 4165 90 24 Millers
3986 4164 44 25 Fla
4080 4164 32 25 nl

3568 4205 127 33 Roxburgh
3707 4212 73 24 every
3795 4205 36 24 six
3848 4204 86 26 weeks.

3884 5254 38 29 mi.

3726 5370 33 30 »

3838 5377 28 49 I

4082 5402 17 9 ty
4106 5398 10 13 0

3951 5506 33 65 1

3584 5651 172 41 TOTHILL,
3775 5654 175 40 WATSON,
3969 5657 24 30 &
4014 5656 67 39 CO.,
4124 5651 4 44 '

3654 5726 158 36 Ksk«4treet.f
3817 5729 169 34 Invercargill,'

3577 5771 54 28 Sole
3641 5773 92 33 Agents
3745 5772 37 28 for
3796 5776 75 30 Otago
3886 5776 49 27 and
3953 5776 135 28 Southland
4096 5790 13 7 -
