4134 5860
163 188 48 29 tlie
236 188 146 29 difference
407 191 29 24 to
461 187 100 37 grades
581 196 30 18 or

42 237 6 12 '
60 238 105 28 curves,
178 228 44 29 for
233 229 78 28 there
325 239 28 18 as
362 238 29 19 as
403 238 80 20 many
493 227 30 29 of
533 226 76 35 both,

58 271 55 28 and
126 281 30 18 as
170 280 101 25 severe,
285 269 28 28 in
335 269 46 29 the
404 278 52 19 one
470 279 29 18 as
522 269 28 28 in
563 267 46 29 the

58 311 86 29 other.
186 310 115 29 Climate
326 320 62 28 may
419 309 70 28 have
521 318 69 19 some-

57 352 81 37 thing-
154 355 28 25 to
210 351 35 28 do
267 350 66 29 with
352 351 31 34 it,
396 350 51 27 but
459 349 61 28 that
534 352 73 25 must

57 393 92 28 rather
163 392 46 28 fell
223 402 12 17 a
241 391 62 33 grain
306 394 26 25 st
346 391 64 28 than
426 390 27 27 in
468 389 96 28 favour
579 388 28 27 of

57 433 183 33 Queensland.
280 432 100 33 When,
404 431 135 32 however,
560 431 47 25 the

56 473 99 27 details
168 473 29 26 of
210 481 133 27 expenses
356 471 44 27 for
422 470 126 36 working
561 478 46 18 are

56 512 155 37 compared,
225 511 65 28 each
304 520 51 17 one
380 520 49 17 can
457 509 80 27 make
562 508 42 26 his

56 561 61 18 own
143 551 170 28 deductions.
355 549 12 27 I
393 548 57 28 find
477 548 60 28 that
559 547 48 28 the

55 592 189 27 maintenance
255 600 48 27 per
314 589 63 28 mile
390 589 26 26 in
431 587 172 37 Queensland

54 632 22 27 is
90 632 75 27 £IOO
176 640 29 17 as
216 629 107 37 against
332 629 68 27 £l4l
421 628 26 26 in
461 627 79 34 N.Z.,
551 626 53 28 and

54 672 61 27 that
128 670 171 34 locomotive,
317 669 132 36 carriage,
463 667 52 29 and
530 678 56 25 wag-

45 721 65 28 -gon
128 720 131 27 expenses
279 710 28 27 in
321 709 46 27 the
379 708 103 27 former
494 707 23 27 is
536 706 3 43 I
549 707 33 35 Of
586 706 17 28 d

55 762 49 24 per
116 751 70 30 train
202 750 62 29 mile
278 760 28 19 as
320 749 109 39 against
442 746 106 38 ICfdin
559 748 45 27 the

55 794 89 26 latter.
185 791 101 34 Again,
311 791 14 26 I
353 791 55 26 find
434 789 61 27 that
517 788 87 27 traffic

56 831 125 40 working
193 839 136 31 expenses
340 828 26 29 in
388 827 174 39 Queensland
581 826 23 29 is

57 874 78 28 14*09
156 884 47 27 per
226 876 63 24 cent
311 872 29 28 of
365 871 46 27 the
437 880 118 17 revenue
574 880 29 16 as

55 914 107 39 against
175 913 77 28 17'52
264 921 50 28 per
321 914 71 25 cent,
402 911 28 27 in
440 909 69 29 N.Z.
548 909 56 27 The

55 953 109 40 general
179 953 114 38 charges
302 962 50 29 per
362 955 71 26 cent,
445 949 29 31 of
485 959 119 20 revenue

55 996 23 28 is
104 995 80 28 much
211 995 46 27 the
282 1003 74 19 same
381 993 28 27 in
438 992 66 28 both
531 1001 75 18 cases

59 1036 96 28 (about
168 1035 85 35 2*75),
268 1045 30 18 so
317 1033 60 29 that
390 1033 46 28 the
459 1031 148 28 difference

46 1077 33 29 -is
92 1080 28 25 to
133 1076 34 28 be
181 1075 86 29 found
280 1076 28 26 in
320 1075 46 27 the
379 1073 78 29 other
470 1073 82 28 items
563 1071 43 29 for

58 1117 88 28 which
160 1117 47 27 the
233 1116 103 38 figures
358 1124 46 19 are
428 1113 111 40 quoted.
580 1112 28 27 If

57 1158 49 29 the
128 1157 112 39 general
262 1161 164 34 percentage
439 1155 29 27 of
482 1153 124 37 working

57 1208 136 29 expenses
206 1198 29 28 of
247 1198 35 27 all
295 1196 68 29 lines
384 1196 27 27 in
434 1195 68 28 N.Z.
525 1194 23 28 is
567 1194 29 27 in-

59 1238 154 40 applicable
238 1242 30 24 to
292 1236 46 29 the
363 1235 99 38 special
492 1235 99 27 circum-

49 1285 118 24 stances
176 1278 29 28 of
214 1290 16 16 a
242 1276 101 30 branch
352 1276 64 36 line,
426 1276 47 28 the
483 1274 124 39 question

58 1322 67 27 then
150 1329 92 19 comes
260 1319 39 35 in,
331 1317 83 28 What
443 1319 166 36 percentage

59 1360 109 33 should,
182 1360 25 26 in
222 1359 115 27 fairness
351 1362 30 23 to
401 1356 46 28 the
473 1356 136 33 estimate,

59 1401 35 27 be
106 1398 110 38 applied
229 1398 11 28 ?
260 1397 55 28 and
328 1396 14 29 I
361 1406 106 18 answer
490 1396 70 32 that,
579 1395 28 26 in

59 1450 47 26 my
119 1438 123 38 opinion,
260 1437 47 29 the
327 1436 126 36 working
474 1443 133 28 expenses

58 1480 30 28 of
100 1480 46 26 the
162 1475 238 39 Waipahi-Heriot
410 1473 87 29 would
513 1474 33 27 be
560 1473 46 27 the

57 1521 73 23 most
142 1515 166 38 applicable,
323 1513 67 28 with
409 1513 47 27 the
478 1511 127 38 provisio,

55 1556 136 34 however,
212 1555 60 28 that
293 1553 47 30 the
366 1562 130 28 economy
522 1554 29 26 to
570 1551 35 28 be

46 1596 126 30 -effected
180 1596 28 27 in
217 1596 46 28 the
272 1594 126 37 working
407 1593 29 28 of
445 1593 45 28 the
501 1592 103 28 branch

56 1637 38 38 by
104 1637 37 28 its
151 1635 143 29 extension
304 1638 29 25 to
341 1632 154 39 Roxburgh
506 1631 98 28 should

56 1678 36 29 be
104 1676 84 31 taken
198 1677 59 29 into
266 1677 115 27 account
390 1673 28 29 in
428 1673 47 29 the
485 1673 105 39 applica-

57 1718 68 31 tion.
163 1717 153 37 Assuming
329 1715 47 29 the
398 1714 86 29 tra-ffic
510 1714 29 29 of
558 1713 47 29 the

49 1760 62 29 •line
123 1758 72 30 from
208 1756 129 40 Waipahi
355 1758 30 26 to
409 1754 154 39 Roxburgh
577 1758 28 24 to

57 1801 35 27 be
106 1800 57 28 half
182 1799 47 29 the
250 1798 79 28 value
353 1806 49 29 per
426 1795 64 28 mile
515 1795 29 28 of
569 1795 34 27 all

57 1839 71 31 NZ.
141 1840 78 36 lines,
244 1849 34 19 or
299 1837 75 31 £290
398 1846 50 29 per
470 1835 62 30 mile
557 1845 48 30 per

49 1891 121 26 •annum,
182 1880 54 28 and
250 1880 46 27 the
321 1878 127 36 working
472 1886 133 29 expenses

59 1925 29 25 to
101 1920 137 39 approach
251 1929 67 19 even
333 1918 35 29 60
381 1927 48 29 per
437 1919 71 27 cent,
519 1917 30 28 of
558 1916 47 29 the

59 1971 80 29 gross
151 1961 138 37 earnings,
303 1958 76 30 there
393 1957 90 29 would
496 1957 55 29 still
571 1957 34 28 be

59 2014 16 17 a
87 2005 94 27 return
207 2000 29 30 of
259 2000 77 30 three
360 2009 50 29 per
434 2001 75 27 cent,
531 2009 35 18 on
591 2009 16 17 a

59 2042 100 41 capital
172 2042 30 30 of
214 2041 104 37 £4,000
330 2051 49 29 per
393 2039 73 36 mile,
479 2038 53 30 and
552 2038 54 30 this

57 2084 181 38 assumption,
256 2082 89 28 which
367 2081 23 28 is
403 2080 70 37 fully
483 2080 123 38 justified

55 2124 41 39 by
108 2132 148 21 numerous
268 2120 101 32 results
387 2120 29 30 of
438 2120 77 29 short
539 2120 68 29 lines

57 2176 30 17 as
99 2164 62 29 well
174 2175 29 18 as
217 2164 37 38 by
266 2163 48 30 the
336 2165 151 36 prospects,
500 2161 107 36 should,

56 2205 22 28 if
86 2205 87 29 borne
181 2207 48 26 out
240 2204 36 37 by
287 2202 108 29 further
402 2202 205 38 investigation,

56 2245 36 30 be
104 2245 91 38 surely
209 2244 136 29 sufficient
353 2247 28 25 to
391 2252 67 20 save
466 2242 48 30 the
522 2242 83 29 break

56 2286 30 29 of
109 2295 102 29 gauge,
233 2285 89 28 which
346 2284 24 28 is
395 2293 29 19 so
437 2283 81 28 much
531 2287 29 25 to
572 2284 35 28 be

55 2325 164 40 deprecated
233 2325 30 28 in
282 2324 47 30 the
351 2333 62 20 case
434 2323 30 30 of
482 2323 55 30 this
559 2333 32 19 ex-

94 2407 83 30 From
191 2418 17 18 a
219 2409 94 27 recent
336 2405 75 29 work
432 2416 36 18 on
522 2404 86 38 Light

56 2449 126 36 railways
227 2449 37 36 by
275 2446 28 29 J.
319 2445 31 30 C.
365 2445 129 38 Mackay,
506 2445 15 28 I
544 2445 64 38 give

56 2491 48 28 the
117 2487 144 39 following
274 2490 121 26 extracts
414 2496 29 18 as
456 2485 152 39 applicable

55 2532 30 27 to
99 2529 47 30 the
160 2526 297 41 Waipahi-Roxburgh
470 2526 63 36 line,
544 2526 63 36 viz.,

55 2573 20 14 u
88 2571 58 29 The
158 2570 130 37 ordinary
301 2567 74 39 daily
393 2578 51 19 run
457 2567 29 30 of
497 2578 16 17 a
536 2566 58 30 loco-

55 2612 103 29 motive
170 2611 23 28 is
207 2611 84 28 about
308 2609 51 28 100
372 2608 87 34 miles,
471 2607 54 29 and
539 2618 49 18 con-

57 2651 144 41 sequently
214 2663 17 17 a
243 2651 55 28 line
312 2649 36 29 50
361 2647 77 30 miles
452 2648 75 38 long,
541 2658 30 19 or
580 2648 25 28 in

56 2693 140 39 multiples
234 2692 29 28 of
301 2691 45 35 50,
378 2688 54 29 will
463 2689 35 28 be
534 2699 73 18 more

55 2733 196 38 economically
265 2730 112 29 worked
390 2729 78 36 than,
488 2739 56 28 say,
555 2739 50 18 one

45 2776 41 28 -of
99 2776 35 28 30
146 2774 89 29 miles.
274 2771 58 28 The
345 2772 103 27 former
466 2769 56 28 will
535 2780 54 18 com-

55 2814 74 38 plete
141 2814 48 27 the
202 2811 100 29 double
313 2811 118 36 journey
443 2809 28 27 in
481 2818 51 19 one
543 2809 64 37 day,

56 2854 54 28 and
142 2851 196 40 consequently
363 2849 69 29 both
461 2858 61 18 men
552 2848 53 28 and

47 2894 89 39 -plant
165 2904 45 18 are
223 2891 78 38 'fully
328 2889 154 39 employed.
522 2887 85 30 Fixed

46 2929 4 43 ;
57 2934 115 38 charges
184 2933 56 27 will
252 2932 57 28 also
334 2931 35 28 be
389 2930 53 28 less
463 2939 49 28 per
531 2929 72 28 train

51 2974 74 28 •mile
151 2973 49 29 the
229 2973 98 38 longer
351 2970 47 29 the
431 2969 124 29 distance
579 2973 29 24 to

59 3014 92 28 divide
163 3013 77 29 them
386 3010 91 37 Ag»in
498 3009 14 28 I
526 3013 82 35 quote

49 3055 80 29 'from
143 3054 48 30 the
203 3063 74 21 same
411 3050 58 29 The
482 3050 126 37 working

59 3103 134 28 expenses
231 3103 35 18 on
293 3092 73 36 light
403 3091 68 26 lines
502 3090 27 27 in
559 3099 49 17 our

57 3133 129 33 colonies,
200 3131 66 29 with
278 3141 17 18 a
308 3129 70 30 train
400 3128 102 29 service
515 3127 31 29 of
558 3130 49 25 not

56 3171 55 30 less
138 3171 68 30 than
235 3170 82 36 1,200
343 3168 71 29 train
446 3167 78 30 miles
558 3176 50 30 per

55 3221 114 26 annum,
194 3211 97 30 should
319 3213 49 25 not
389 3207 102 30 exceed
515 3208 32 28 2s
569 3207 36 29 6d

57 3263 50 30 per
118 3252 72 30 train
209 3251 83 35 mile;
311 3250 51 30 but
383 3249 29 30 of
433 3258 95 21 course
550 3247 55 30 this

45 3294 63 29 •will
123 3293 106 40 depend
243 3303 35 20 on
289 3301 81 27 many
380 3289 222 37 circumstances,

54 3336 55 28 and
119 3334 174 39 particularly
306 3344 35 18 on
352 3332 47 29 the
408 3331 97 38 length
516 3330 29 29 of
555 3330 48 29 the

55 3374 121 38 line,and
184 3373 58 31 also
250 3384 35 20 on
294 3373 36 29 its
336 3371 104 42 quality
449 3370 54 31 and

56 3416 66 30 Two
153 3416 85 29 trains
268 3416 30 28 of
322 3413 91 30 mixed
440 3412 87 39 goods
547 3411 56 29 and

55 3464 164 32 passengers
231 3455 65 31 each
309 3465 60 28 way
391 3463 50 28 per
462 3453 54 38 day
538 3461 66 20 over

54 3498 48 30 the
115 3498 54 28 line
181 3496 71 30 from
266 3494 128 41 Waipahi
408 3498 28 26 to
450 3492 154 40 Roxburgh

54 3538 24 29 is
94 3538 94 29 rather
200 3547 74 20 more
287 3537 68 29 than
376 3536 48 28 the
446 3533 159 40 equivalent

53 3578 30 30 of
106 3578 79 37 1,200
207 3578 71 29 train
302 3576 77 30 miles
401 3585 52 29 per
472 3574 64 30 mile
557 3584 49 29 per

53 3630 112 25 annum,
189 3619 54 29 and
261 3619 31 28 2s
318 3618 35 29 6d
376 3627 49 29 per
446 3615 72 29 train
540 3615 65 28 mile

53 3669 91 20 comes
157 3663 29 26 to
196 3660 75 29 £l5O
285 3658 64 39 only
358 3668 51 29 per
421 3656 63 29 mile
497 3655 30 29 of
539 3656 65 34 line,

54 3700 80 29 while
165 3700 15 29 I
205 3700 70 30 have
305 3700 29 29 in
360 3709 47 26 my
431 3696 172 39 assumption

54 3741 111 28 allowed
186 3740 38 29 LI
232 3742 33 28 70
278 3750 49 30 per
348 3739 62 29 mile
433 3738 29 29 of
482 3738 54 28 line
562 3736 43 29 for

54 3782 48 28 the
116 3781 126 33 working
256 3791 142 28 expenses.

91 3821 32 28 In
139 3820 167 39 concluding
318 3832 46 27 my
379 3818 122 31 remarks
514 3828 34 18 on
558 3817 49 29 the

54 3861 132 38 probable
210 3865 61 24 cost
296 3861 29 29 of
347 3860 116 36 making
475 3859 46 27 the
543 3858 50 27 rail-

54 3912 59 28 way
127 3902 72 28 from
213 3901 99 29 Heriot
326 3905 30 26 to
369 3898 165 38 Roxburgh,
549 3897 55 29 and

54 3942 49 27 the
116 3942 86 28 result
212 3945 28 24 to
254 3942 35 29 be
297 3940 133 38 expected
440 3940 71 28 from
518 3938 72 28 work-

56 3982 49 38 ing
130 3982 21 27 it
165 3982 123 28 between
316 3981 127 37 Waipahi
457 3979 54 29 and
531 3978 57 29 Rox-

55 4022 101 38 burgh.
195 4021 15 29 I
234 4022 70 28 have
337 4022 14 28 I
377 4021 70 38 hope
482 4018 125 30 adduced

56 4067 161 31 arguments
243 4063 134 29 sufficient
391 4066 29 25 to
446 4060 75 31 show
547 4060 61 29 that

57 4103 28 27 in
95 4103 46 28 the
153 4103 209 29 circumstances
374 4103 29 28 of
413 4103 47 28 the
468 4101 137 39 proposed

58 4143 54 28 line
145 4143 77 28 there
254 4144 22 27 is
318 4148 49 25 not
400 4143 64 38 only
496 4142 111 28 evident

58 4183 123 35 grounds
207 4187 28 24 to
272 4183 97 29 induce
390 4183 52 28 and
466 4182 99 38 justify
593 4192 15 18 a

57 4222 110 29 further
186 4223 183 30 examination
384 4223 65 28 than
463 4223 48 28 has
534 4222 70 29 been

55 4273 31 18 as
123 4266 49 34 yet
208 4263 162 38 attempted,
405 4264 51 27 but
481 4263 77 28 there
584 4262 23 28 is

57 4307 230 34 encouragement
296 4304 111 38 enough
416 4304 27 27 in
457 4303 46 28 the
519 4302 87 29 traffic

56 4344 55 27 and
132 4353 118 18 revenue
275 4347 141 34 prospects
440 4347 27 23 to
492 4347 115 34 prevent

57 4394 54 26 any
125 4383 103 28 serious
241 4383 198 28 consideration
449 4383 30 28 of
491 4394 16 16 a
518 4382 86 28 break

55 4423 31 30 of
127 4432 101 30 gauge.
286 4422 77 29 With
396 4422 47 29 the
486 4422 121 38 existing

57 4464 55 27 and
137 4464 172 37 prospective
336 4463 87 28 traffic
448 4462 83 36 along
560 4462 47 28 the

56 4503 137 39 proposed
202 4504 141 28 extension
355 4514 13 17 a
380 4502 85 29 break
477 4502 28 29 of
514 4512 92 28 gauge

52 4547 28 23 at
110 4543 99 27 Heriot
235 4543 89 27 would
362 4552 78 18 mean
464 4546 50 24 not
538 4542 69 35 only

55 4582 105 29 serious
193 4581 54 29 and
284 4581 125 30 uncalled
435 4582 45 28 for
511 4580 80 30 incon-

55 4624 130 27 venience
210 4623 55 28 and
288 4623 55 28 loss
357 4626 30 24 to
400 4623 36 27 all
459 4622 147 36 producers

56 4662 55 29 and
149 4672 157 19 consumers
332 4662 151 29 interested
509 4662 28 28 in
560 4661 47 29 the

56 4703 189 28 effectiveness
279 4704 30 27 of
334 4702 47 29 the
418 4702 64 36 line,
510 4702 51 28 but
585 4701 23 29 it

56 4743 90 29 would
193 4743 92 29 retard
320 4743 47 28 the
413 4742 193 38 development

56 4782 146 39 especially
221 4783 28 29 in
270 4783 166 39 agriculture
449 4782 54 30 and
517 4782 75 30 build-

56 4824 64 37 ings
142 4824 30 28 of
192 4824 36 28 all
249 4824 92 34 kinds,
355 4823 89 29 which
457 4824 47 29 the
516 4834 48 19 use
577 4825 30 28 of

55 4864 65 28 lime
141 4864 54 28 and
220 4864 101 28 timber
333 4868 29 24 at
374 4864 48 27 the
435 4863 95 29 lowest
543 4874 47 28 pos-

57 4904 68 29 sible
139 4908 58 25 cost
207 4904 71 29 from
291 4904 48 29 the
359 4903 152 30 Southland
525 4914 64 29 quar-

55 4944 53 28 ries
118 4944 54 28 and
184 4944 100 29 forests
297 4944 91 28 would
398 4944 91 37 surely
499 4944 105 39 largely

57 4984 147 28 stimulate.
244 4983 28 28 It
283 4983 55 28 will
351 4984 35 29 be
405 4994 35 18 no
459 4987 146 35 argument

55 5027 30 25 to
99 5034 58 26 say,
180 5023 29 28 in
229 5022 47 30 the
289 5026 82 26 event
395 5024 29 29 of
437 5024 66 29 such
517 5024 87 38 bulky

57 5064 87 37 goods
158 5064 111 35 coming
293 5074 30 18 so
348 5064 87 37 freely
459 5075 31 18 as
515 5069 28 24 to
568 5066 36 27 be

55 5104 87 28 found
158 5103 114 29 difficult
286 5104 53 28 and
362 5104 87 36 costly
474 5108 29 25 to
515 5108 75 24 trans-

56 5144 71 37 ship,
141 5143 61 27 that
213 5142 48 28 the
273 5152 136 20 narrower
421 5143 55 29 line
499 5154 51 18 can
569 5144 36 28 be

55 5182 150 31 converted
219 5182 58 30 into
297 5183 47 28 the
357 5183 125 36 broader,
495 5184 43 28 for
557 5184 47 28 the

55 5222 155 38 alignment
223 5222 66 28 with
302 5222 48 28 the
362 5222 125 38 sharpest
509 5232 96 18 curves

54 5263 62 29 that
128 5273 16 18 a
158 5262 42 30 2ft
221 5273 92 29 gauge
334 5261 90 30 would
449 5262 78 30 allow
550 5262 55 29 will

55 5307 49 25 not
125 5303 35 29 do
174 5303 43 28 for
238 5314 16 17 a
269 5303 42 29 3ft
334 5302 45 29 6in
401 5303 55 28 line
465 5314 52 26 any
531 5314 74 18 more

55 5344 68 28 than
144 5342 132 39 cuttings,
297 5343 99 35 banks,
419 5343 110 28 tunnels
551 5343 54 28 and

54 5383 125 39 bridges,
200 5383 72 29 built
291 5383 45 29 for
356 5383 49 29 the
426 5393 131 29 economy
578 5384 29 28 of

54 5426 48 27 the
115 5434 52 18 one
181 5423 53 29 will
249 5423 35 29 do
296 5423 45 29 for
358 5424 48 28 the
430 5424 124 37 capacity
576 5424 30 28 of

54 5465 49 29 the
115 5464 87 36 other,
222 5464 54 29 and
290 5463 21 29 if
334 5474 17 18 a
376 5463 102 30 middle
501 5473 103 27 course,

52 5507 64 33 viz.,
130 5516 35 17 an
179 5505 152 37 alignment
344 5516 36 16 on
401 5505 55 28 and
469 5508 124 25 construc-

52 5546 59 29 tion
124 5544 119 37 adapted
256 5544 44 28 for
313 5554 35 18 an
362 5544 127 28 eventual
505 5544 43 28 oft
562 5546 44 27 Gin

51 5596 103 29 gauge,
167 5585 52 29 but
232 5583 67 30 with
307 5594 15 19 a
334 5587 110 37 present
471 5584 43 30 2ft
542 5585 66 30 road

52 5629 36 28 be
101 5626 130 38 adopted,
244 5625 78 29 there
336 5626 118 29 remains
478 5626 66 29 then
558 5626 47 29 the

50 5669 145 29 minimum
208 5666 30 29 of
246 5676 135 28 economy
390 5666 85 39 along
484 5666 66 29 with
560 5667 47 30 the

49 5710 152 29 maximum
210 5707 29 29 of
248 5707 218 30 inconvenience
477 5707 54 29 and
542 5707 66 30 loss.

89 5749 144 36 Brisbane,
249 5746 66 30 14th
329 5746 67 40 July
416 5747 79 30 1897.

1587 73 198 43 MOUNT
1873 74 223 44 BEKGEB.
2183 68 153 44 MAIL.

3458 68 167 49 Friday,
3648 69 99 48 July
3773 69 199 45 30,1897.

3515 5556 82 22 Printed
3612 5556 39 22 and
3668 5555 108 22 Published
3797 5561 25 21 t/y
3843 5556 101 21 WIIAIAM
3960 5556 111 27 PAlfyxLL,

3570 5590 125 21 Matthews
3704 5590 31 21 for
3744 5588 176 28 the'"proprietors,
3931 5590 80 22 Dukne
4019 5597 52 21 aki»,

3571 5627 131 25 51ATTHEW8,
3724 5629 20 17 at
3767 5626 52 20 tkeir
3837 5626 118 25 .Registered
3973 5627 98 26 Printing,

3572 5662 68 21 Office.
3661 5661 94 22 Scotland
3765 5663 70 25 ktrcet,
3854 5661 119 26 Koiburgh,
3992 5663 72 27 OU&q,

3565 5698 51 21 New
3625 5697 196 26 Zealand-Friday,
3838 5697 51 26 July
3903 5697 33 26 30,
3944 5697 63 29 1£97,.j

625 178 3 9 f

623 189 4 45 j
690 192 31 21 To
737 198 27 16 be
778 193 127 21 Published
919 197 24 16 in
953 193 112 23 January,
1083 189 54 21 18D3.

641 246 170 31 CTONES'
842 246 126 31 OTAGO
996 244 25 31 &
1048 242 141 33 SOUTH-

621 275 4 61 I
641 275 35 26 °
881 287 106 30 LAND

686 341 152 27 Commercial,
855 343 133 24 Municipal,
1001 341 16 21 &
1032 341 108 21 General

794 395 238 44 DIRECTORY,

886 452 56 19 AND

671 493 91 28 NEW
779 494 181 28 ZEALAND
976 491 173 35 ANNUAL,

862 546 111 34 1898.

657 630 165 29 Fourteenth
843 632 73 28 Year
935 631 30 28 of
983 628 181 30 Publication.

637 707 86 34 Demy
750 708 53 28 Bvo
829 709 64 34 size,
919 707 160 36 containing
1102 705 83 28 about
1195 705 1 38 j

621 743 1 45 j
652 748 284 40 900pages,together
945 748 63 29 with
1018 755 146 21 numerous
1195 743 1 45 |

689 790 81 35 Maps
794 790 139 27 corrected
955 794 27 22 to
996 789 73 32 date,
1081 787 47 27 the

716 828 87 30 whole
816 828 178 34 handsomely
1008 826 93 31 bound

743 871 28 27 in
786 871 83 35 cloth,
881 869 191 38 gilt-lettered.

621 948 1 49 |
636 949 78 31 Price
726 954 28 26 to
769 950 188 38 Subscribers,
973 951 47 29 12s
1035 949 53 36 6d;
1109 948 75 30 Non-

784 992 186 35 Subscribers,
983 994 54 27 15s.
1058 992 4 35 .

621 1065 2 46 |
682 1072 130 37 STOnE,
846 1073 82 36 SON,
962 1073 81 30 AND
1073 1071 66 36 CO.,

825 1125 179 35 Publishers,

693 1171 140 30 Crawford
861 1173 100 35 Street,
985 1172 138 29 Dunedin.

622 1251 67 59 ![)
773 1256 44 36 A.
891 1254 296 43 BUCHANAN,

717 1329 72 21 BOOT
817 1328 59 21 AND
902 1328 73 21 SHOE
1002 1326 112 27 MaKER,

682 1374 142 29 Scotland
835 1391 9 5 -
856 1382 105 25 street,
981 1371 162 30 Roxburgh.

621 1465 1 39 |
746 1467 91 37 Every
858 1466 165 37 description
1047 1465 31 28 of

635 1518 87 27 Boots
736 1527 57 19 and
805 1517 90 28 Shoes
909 1517 134 28 Supplied
1055 1524 35 19 ob
1102 1516 83 27 Made

811 1567 33 20 to
863 1557 143 29 Measure.

634 1611 46 28 Fit
689 1610 182 28 Guaranteed.
949 1608 45 28 Fit
1002 1607 183 29 Guaranteed.

685 1701 123 22 REPAIRS
832 1699 115 23 NEATLY
977 1699 159 22 EXECUTED.

754 1780 24 28 A
801 1778 85 29 Trial
909 1777 153 30 Solicited.

634 1866 42 53 p
758 1865 46 35 A.
880 1862 306 42 MILLER,

633 1940 134 24 BUILDER,
780 1938 106 21 JOINER
900 1938 63 20 AND
981 1936 205 25 UNDERTAKER,

728 1990 72 30 Ross
820 1989 98 36 Place,
937 1989 165 29 Lawrkncb.

636 2091 123 29 PLANS
771 2090 82 29 AND
867 2087 320 32 SPECIFICATIONS

776 2144 26 29 A
823 2142 162 30 SPECIAL
994 2141 50 30 IY.

635 2237 153 37 Quantities
802 2236 136 38 Prepared
962 2235 53 29 and
1038 2234 149 28 Estimates

662 2279 87 28 Given
761 2278 44 28 for
816 2276 35 29 all
865 2276 101 29 classes
978 2276 29 27 of
1024 2274 135 29 Builders'

867 2316 97 29 Work.

637 2402 72 56 M.
794 2402 34 41 J-
916 2402 34 38 B
993 2401 34 38 L
1073 2401 114 43 OY,

662 2469 197 24 WHITEHAVEN
873 2469 111 26 STREET,
997 2467 169 23 LAWRENCK.

637 2558 129 30 BOARD
789 2556 82 31 AND
900 2556 219 30 RESIDENCE
1141 2555 48 30 AT

681 2610 255 29 REASONABLE
956 2608 188 30 CHAIiGES.

746 2699 96 29 Mkals
862 2707 32 20 at
911 2706 50 21 all
980 2699 106 27 Hours.

654 2792 58 27 The
726 2792 62 27 bent
804 2791 241 28 Accommodation
1067 2790 44 27 for
1124 2789 49 28 the

775 2830 158 37 Travelling
949 2829 104 28 Public.

637 2917 103 29 GOOD
754 2916 201 29 STABLING.
995 2914 96 30 OATS
1108 2914 83 29 AND

747 2956 129 30 CHAt'F
896 2955 51 29 ON
972 2954 105 30 SALE.

639 3031 56 57 ££
708 3031 100 30 EKB
822 3029 61 30 ER
896 3029 23 30 T
966 3029 101 29 AND
1116 3028 75 36 CO.,

827 3096 169 20 LAWRENCE.

790 3184 153 30 IMFORTERB
962 3192 33 21 Of
995 3199 37 7 —

633 3240 201 39 Ironmongery

719 3285 191 42 Agricultural
933 3285 183 40 Implements

893 3333 191 38 Agricultural
1103 3332 87 29 Seeds

807 3390 216 32 GROCERIES

651 3450 98 30 TEAS
862 3448 97 31 TEAS
1073 3448 98 30 TEAS

636 3497 128 40 (Ceylon)
855 3496 121 38 (Indian)
1067 3494 127 40 (China.)':

632 3574 96 51 W.
794 3573 66 65 J.
922 3570 274 65 Martin,]

634 3653 289 31 WATCHMAKER
941 3653 24 30 &
979 3652 210 33 JEWELLER

726 3706 71 30 Ross
818 3706 98 35 Place,
936 3706 162 29 Lawrknch.

637 3788 141 35 Watches,
799 3787 100 29 Clocks
919 3787 54 27 and
1161 3788 30 27 of

681 3828 36 28 all
731 3828 183 37 descriptions
927 3826 69 38 kept
1008 3826 28 28 in
1051 3826 95 30 Stock.

654 3878 70 30 Nice
739 3877 138 31 Selection
891 3877 28 30 of
938 3876 78 37 Gem,
1029 3876 144 41 Wedding

769 3922 55 25 and
839 3918 110 38 Keeper
961 3918 98 38 Rings.

637 4000 19 19 A
670 3998 106 21 CHOICE
797 3998 183 21 ASSORTMENT
1000 3998 36 20 OF
1055 3998 137 21 ARTICLES

658 4031 140 22 SUITABLE
808 4031 55 21 FOR
875 4031 139 21 WEDDING
1025 4031 150 23 PRESENTS.

695 4101 155 39 Spectacles
864 4104 29 25 to
907 4100 62 28 Suit
981 4100 36 29 all
1032 4100 105 39 Sights.

656 4182 105 29 Watch
793 4190 56 19 and
883 4181 89 28 Clock
1008 4181 117 28 Repairs
1157 4190 16 19 a

840 4224 157 26 {Specialty.

635 4302 115 39 Repairs
763 4312 31 19 or
808 4301 101 30 Orders
927 4301 71 29 from
1011 4301 47 30 the
1072 4306 117 35 country

686 4344 36 36 by
745 4346 62 34 post
830 4342 54 27 will
906 4342 105 27 receive
1034 4348 111 33 prompt

839 4381 146 28 attention.

860 4459 18 24 A
911 4459 15 22 r
987 4459 172 25 THIS!

699 4536 101 23 BOOTS
818 4539 35 20 for
869 4539 40 19 the
927 4536 80 27 Great,

726 4577 73 25 Boots
818 4579 36 23 for
876 4579 41 24 the
931 4579 91 30 Small;

698 4621 71 23 Boots
785 4621 35 23 for
840 4622 40 22 the
898 4623 78 28 Short,

728 4665 71 24 Boots
816 4665 37 24 for
870 4666 40 23 the
928 4666 54 24 Tall
998 4673 5 23 ;
1195 4663 1 36 j

700 4708 70 25 Boots
784 4708 37 26 for
840 4710 39 24 the
898 4708 96 33 Young,

726 4748 73 24 Boots
816 4748 37 23 for
868 4749 39 23 the
926 4750 47 23 Oid
985 4758 6 20 ;
1195 4748 1 31 |

728 4812 54 23 And
801 4811 100 24 BOOTS
917 4814 45 22 an«<
982 4812 103 26 SHOES

848 4867 35 23 for
899 4867 29 22 all
952 4875 14 15 a

740 4929 42 36 H.
834 4931 120 35 Bail
968 4932 123 43 lie's,

646 5004 115 31 Opposite
775 5003 159 25 Commercial
954 5004 81 31 Hotel,
1055 5005 132 34 Roxburgh

665 5117 131 27 fSTConce
812 5118 47 23 and
877 5120 90 27 inspect
978 5119 42 25 the
1036 5120 80 26 Stock.

651 5258 110 26 FANCY
787 5259 111 26 GOODS
916 5261 69 25 AND
1006 5262 163 25 DKAPEkY.

640 5363 98 55 FJ
780 5364 137 25 WATERS
943 5367 89 26 desires
1058 5373 25 19 to
1108 5367 73 27 noiify

682 5415 6 5 .
719 5399 54 23 tKat
788 5399 41 24 she
842 5399 70 29 keeps
923 5400 22 24 in
956 5402 65 23 *tock
1039 5401 85 24 Ladies
1136 5407 44 17 and

635 5430 113 24 Children
759 5439 10 15 s
786 5430 196 33 TJnderclothinp,
999 5434 47 24 and
1058 5435 30 22 all
1109 5434 73 23 kinds

636 5464 23 23 ef
674 5464 115 31 Drapery.

667 5509 78 31 Faucy
759 5510 80 23 Good*
851 5520 13 14 a
879 5512 135 30 Specialty.

673 5552 131 24 Christmas
814 5554 46 24 and
874 5554 53 23 New
941 5554 62 24 Year
1015 5558 137 28 presents—

759 5606 13 16 a
789 5605 63 23 g'rat
865 5601 87 28 v?riety
964 5606 23 19 to
1000 5601 70 31 hand.

757 5633 134 25 Inuiectiou
903 5634 93 24 11)vitrd

663 5663 113 32 Pain'ing
789 5666 43 23 »r.d
846 5673 33 17 a>-t
907 5675 5 12 »
922 5665 135 26 eedlework
1069 5664 87 29 taught

730 5703 109 20 <bmnmer
853 5701 82 24 Goods
950 5708 52 16 now
1016 5709 29 15 pn
1063 5698 61 26 haud

641 5754 263 26 Address—Ormond's
916 5755 45 26 Bui
973 5755 57 32 ding
1041 5753 130 33 Rcxburgh

1247 765 482 82 AUTUMN

1865 1813 477 86 WINTER

1576 2330 411 88 GOODS

1225 3343 1053 284 A.&T

1533 5120 49 56 D
1613 5120 47 57 U
1690 5120 39 54 N
1755 5119 272 58 EDIiN,

3508 301 32 17 ■m

2895 311 40 21 m

3778 344 35 31 as

3515 350 28 19 as

3510 385 32 28 *1

3921 412 32 24 m

3788 410 28 30 m

3639 418 51 29 !&&■

3514 424 32 13 2iW

3921 428 30 15 ft*

3516 468 49 24 mi

3824 478 28 15 ft&
3854 478 42 16 (s»>'r

2476 499 32 35 K

2680 486 13 22 S
2693 486 11 10 ;r
2705 490 14 19 j?,

3811 522 53 21 Kv.-ti'

3512 527 48 25 rrC

2626 531 29 21 m

3512 544 47 25 m*

3802 549 63 21 \wm

3492 567 76 31 Ws&!

3502 595 18 17 <■
3549 596 18 19 7-

2386 590 33 20 w
2438 590 2 20 •
2449 602 14 6 -
2476 601 5 5 -

2391 638 10 22 1
2423 626 67 42 j£pf
2510 623 77 47 w|

2391 661 11 12 3
2411 661 4 15 i
2442 661 2 15 '
2491 668 10 6 ■•.
2510 662 30 13 ;>-••'
2552 661 35 15 jtS'K

2391 673 10 7 =
2411 670 3 11 .
2429 670 15 11 •-•
2456 672 5 4 %
2472 675 10 6 i-
2492 670 29 11 *«•'*.
2526 670 40 11 •'Tin'-"
2577 672 9 8 <

3520 656 39 15 .-«z

3863 650 28 36 1

3417 662 42 28 SI

2410 689 2 34 •
2456 689 2 34 :
2474 689 80 34 vm

3498 675 61 21 '^,£§Ps

3309 680 33 29 v

2451 748 7 12 >
2465 734 82 28 -•'ifWiT;

2988 732 53 30 m

3543 774 34 31 IP

2656 779 27 14 >:*

2702 906 26 19 i®

3728 917 41 13 '•SI

2468 976 118 28 FIRST.
2795 976 158 29 SECOND.
3162 978 129 29 THIRD.
3490 981 165 30 FOURTH.
3855 984 122 31 FIFTH.

2368 1015 120 29 BOOTS
2522 1016 66 29 with
2627 1016 54 29 this
2722 1016 41 29 On
2778 1017 54 29 this
2855 1017 92 28 Brand
2968 1017 64 39 only
3071 1017 72 39 Only
3164 1019 47 28 the
3232 1030 66 27 very
3322 1020 61 29 best
3422 1021 134 37 Farmers,
3611 1023 112 37 Miners,
3763 1024 57 30 The
3829 1026 134 29 Standard
3973 1021 93 35 Brand

2368 1056 92 29 Brand
2470 1068 34 17 on
2515 1056 47 29 the
2571 1057 58 28 heel
2638 1068 45 17 are
2722 1058 47 28 the
2801 1069 66 27 very
2903 1059 63 28 best
3004 1058 30 28 of
3071 1059 29 28 of
3112 1059 139 30 Materials
3261 1071 46 18 are
3316 1061 64 28 used
3420 1063 52 28 and
3487 1064 34 27 all
3536 1064 60 29 who
3610 1068 72 25 want
3695 1070 29 24 to
3766 1066 80 29 Hoots
3860 1068 53 27 and
3926 1068 86 28 Shoes
4020 1078 46 18 are

2368 1098 169 38 guaranteed
2545 1103 28 22 to
2580 1098 43 27 Fit
2630 1098 54 27 and
2724 1098 153 29 Workmen
2907 1110 45 17 are
2978 1110 54 17 em-
3071 1099 27 28 in
3135 1100 54 28 tVis
3230 1101 91 28 Brand
3356 1103 27 27 of
3420 1102 70 38 keep
3510 1104 71 28 their
3594 1104 56 29 feet
3663 1104 60 39 dry,
3761 1105 100 29 known
3881 1107 69 28 from
3974 1108 92 28 Auck-

2444 1137 84 29 Wear
2541 1138 69 29 well.
2825 1139 109 39 ployed.
3099 1139 84 30 Boots
3196 1141 54 28 and
3266 1141 94 30 Shoes.
3456 1146 43 35 try
3513 1144 55 28 this
3764 1146 62 28 land
3841 1150 28 25 to
3883 1148 46 28 the
3942 1147 77 29 Bluff
4026 1148 40 28 for

3799 1187 113 32 sterling
3912 1187 2 34 1
3925 1188 112 33 quality.

2408 1218 73 27 ALL
2503 1218 118 29 BOOTS
2642 1219 170 28 BEARING
3141 1220 51 29 ON
3220 1222 14 26 'I
3245 1221 53 28 HE
3319 1222 101 29 HEMj
3453 1223 73 28 ARK
3553 1224 319 30 MANUFACTURED
3894 1226 39 28 IN
3956 1226 76 30 THIS

2687 1259 249 30 CELEBRATED
2987 1259 207 30 STANDARD
3246 1262 131 28 BRAND
3399 1263 96 28 BOO!'
3516 1263 174 31 FACTORY
3714 1266 46 28 BY

3490 981 165 30 FOURTH.

3422 1021 133 37 Farmers,
3611 1023 112 37 Miners,

3420 1063 52 28 and
3487 1064 34 27 all
3536 1064 60 29 who
3610 1069 72 23 want,
3696 1070 28 23 to

3420 1102 70 38 keep
3511 1104 70 28 their
3594 1104 56 29 feet
3664 1105 59 38 dry,

3456 1146 43 33 try
3514 1144 53 28 this
3587 1144 99 30 Brand.

2421 1390 176 23 WHOLESALE
2623 1392 87 21 ONLY.

2650 1324 371 66 SARGOOD,
3067 1325 128 54 SON
3236 1325 45 53 &
3322 1326 244 64 EWE\
3617 1355 189 30 DUNEDIN.

2372 1495 179 54 ]\|ILLS,
2572 1497 132 43 DICK,
2731 1496 36 37 &
2795 1495 128 38 CO.'S

2615 1556 69 29 1897

2391 1607 190 29 ALMANAC
2603 1616 52 19 and
2680 1605 227 29 DIRECTORY.

2556 1653 85 35 Price,
2657 1653 29 28 Is
2701 1652 45 29 6d.

2374 1735 90 37 Every
2491 1733 124 35 Farmer,
2643 1733 105 34 Miner,

2621 1780 53 28 and
2703 1780 133 27 Business
2861 1778 67 28 Man

2450 1833 106 30 Should
2584 1834 119 29 Procure
2726 1844 16 18 a
2768 1832 87 38 Copy.

2403 1910 59 32 Can
2488 1911 35 28 be
2549 1910 54 29 had
2629 1910 72 29 from
2728 1910 47 28 the
2801 1909 85 29 under-

2554 1950 157 30 mentioned
2714 1966 37 5 —

2412 2011 119 29 Mackay
2546 2011 95 35 Bros.,
2655 2010 155 40 Roxburgh

2411 2053 27 29 J.
2454 2052 128 35 Noonan,
2597 2051 109 30 Ettrick

2410 2093 94 28 Johns
2519 2101 56 19 and
2589 2092 147 35 M'Combe,
2751 2091 104 28 Millers
2869 2090 61 28 Flat

2410 2134 29 29 J.
2454 2133 34 30 R.
2505 2133 93 37 Kemp,
2612 2133 69 29 Bald
2697 2133 56 28 hill
2770 2131 60 30 Flat

2412 2174 33 29 L.
2460 2175 89 34 Ryan,
2563 2174 72 34 Jnr.,
2650 2173 159 30 Alexandra
2822 2172 91 29 South

2412 2214 33 29 B.
2459 2213 124 36 Naylor,
2599 2213 88 39 Clyde

2377 2297 56 29 TIT
2437 2297 79 29 ANY
2538 2297 99 29 Ladies
2660 2297 136 38 complain
2810 2297 61 27 that
2884 2296 46 28 the

2473 2338 55 30 Tea
2541 2338 65 38 they
2621 2338 69 28 have
2701 2338 69 27 been
2786 2337 81 38 using
2880 2337 49 28 has

2375 2380 108 30 neither
2494 2380 126 37 strength
2692 2378 113 28 flavour.
2828 2378 26 28 If
2865 2378 63 37 they

2375 2424 45 34 try
2434 2420 87 28 Kozie
2534 2417 55 31 Tea
2603 2419 66 37 they
2681 2418 55 28 will
2750 2419 34 27 be
2798 2418 130 28 satisfied.

2375 2460 92 28 Johns
2485 2460 24 28 &
2528 2458 148 35 M'Combe,
2692 2460 117 37 Agents,
2825 2458 104 28 Millers

2375 2500 72 29 Flat.

2359 2667 1 50 j
2376 2669 139 29 CTOCK
2541 2669 36 28 all
2600 2669 47 28 the
2673 2668 111 36 leading
2814 2667 112 36 Hnglish

2449 2711 54 27 and
2518 2710 118 28 German
2652 2709 97 29 Makes
2763 2709 30 28 of
2808 2708 98 28 Pianos
2920 2719 6 16 :

2424 2763 176 22 BRINSM3AD,
2619 2761 139 25 COLL4RD,
2777 2760 99 25 SAMES,

2568 2789 167 23 EAVESTOFF,

2373 2827 204 25 SCHWECHTEN,
2588 2826 70 26 LIPP,
2668 2826 73 19 r.ORS
2751 2825 15 21 k
2778 2824 149 26 KALLMAN,

2500 2864 166 26 GEHHARDT,
2682 2864 125 22 HANSEN.

2411 2935 121 40 Chas.
2556 2935 109 49 Begg
2688 2934 82 38 and
2795 2933 99 39 Co.'s

2374 3005 233 29 EXHIBITION
2636 3005 133 28 MODEL
2798 3004 120 28 l'IANO
2919 3036 8 14 ;

2575 3057 57 28 £3B
2652 3064 76 20 NKTT.

2373 3135 122 30 STORY
2520 3135 24 29 &
2572 3135 162 30 CLARK'S
2763 3133 164 36 ORGANS,

2471 3187 177 28 KIMBALL
2668 3186 162 36 ORGANS,

2372 3239 82 30 From
2464 3240 56 29 £2O
2530 3243 28 26 to
2567 3237 92 32 £50...
2664 3238 82 30 From
2756 3238 56 30 £2O
2822 3241 28 26 to
2861 3237 66 30 £SO.

2373 3321 147 29 BESSON
2547 3321 24 28 &
2601 3320 182 30 BOOSKY'S
2805 3319 122 28 BRASS

2508 3360 287 32 INSTRUMENTS.

2373 3442 98 30 Violin
2487 3443 66 28 Bow
2572 3443 152 28 Repairing
2738 3450 16 20 a
2770 3441 154 30 Specialty.

2411 3494 102 34 Violin,
2529 3494 65 29 Bow
2608 3493 54 29 and
2679 3493 100 29 Case...
2822 3491 66 38 30/-

2408 3534 185 35 Accordeons,
2607 3534 71 28 from
2750 3557 29 5 ...
2841 3531 46 39 7/li

2441 3615 110 29 CHAS.
2573 3615 101 28 BEGG
2699 3614 78 28 AND
2798 3614 56 29 CO.

2371 3663 81 30 Have
2472 3664 47 28 the
2542 3664 105 38 largest
2669 3662 54 29 and
2747 3667 70 23 most
2831 3662 92 29 varied

2370 3704 78 29 stock
2464 3705 28 27 of
2506 3704 90 28 Music
2606 3704 27 27 in
2645 3704 47 28 the
2702 3704 113 35 Colony.
2855 3702 68 28 New

2469 3744 158 40 Shipments
2643 3743 186 39 Fortnightly.

2555 3795 71 30 New
2646 3795 97 30 Songs.

2407 3836 81 28 Morn
2522 3837 29 28 of
2590 3836 122 28 Sorrows
2715 3835 210 28 —Snowflakes

2370 3875 173 31 Fair—Gate
2556 3877 29 29 of
2604 3876 61 30 Life
2667 3875 92 29 —For
2779 3875 46 29 the
2850 3875 60 29 Chil-

2369 3917 91 27 dren's
2476 3917 183 29 Sake—Wilt
2672 3916 76 28 Thou
2763 3916 33 28 be
2814 3916 73 28 Mine
2890 3932 34 4 —

2371 3956 138 30 Sunshine
2542 3958 96 28 Above
2641 3956 94 30 —She
2769 3956 100 37 Stoops
2896 3960 28 23 to

2370 3995 212 40 Conquer—No
2604 3997 44 29 for
2670 4007 33 18 an
2725 3998 116 27 Answer
2843 3995 81 29 —No

2370 4036 90 30 Man's
2476 4037 84 30 Land.

2502 4090 99 28 Violin
2621 4099 55 19 and
2696 4090 95 28 Piano.

2359 4129 1 38 |
2407 4130 129 28 Andante
2558 4134 28 24 et
2610 4130 118 29 Scherzo
2751 4129 172 38 Capriccioso

2372 4169 112 36 (David)
2564 4170 100 28 Bach's
2708 4173 40 24 Ist
2788 4170 135 28 Concerto

2373 4209 108 37 (Alard)
2486 4210 124 28 —Three
2646 4209 95 29 Pieces
2768 4209 155 38 Classiques

2372 4249 284 38 (Ragghianti)—Les
2662 4250 106 28 Echoes
2774 4249 146 36 (Leonard)

2369 4289 173 29 —Mazurka
2580 4289 34 30 de
2660 4290 116 29 Conceit
2824 4289 99 34 (Ovide

2359 4329 1 37 f
2369 4329 104 36 Musin)
2477 4330 175 28 —Romance
2687 4330 125 36 (Jatisen)
2816 4331 106 26 —Sou-

2371 4370 76 27 venir
2461 4370 34 27 de
2509 4370 102 37 Haydn
2629 4370 21 35 (<
2664 4370 125 36 eonard).

2414 4451 119 38 Chas.
2557 4452 109 47 Begg
2694 4451 82 37 and
2801 4450 74 42 Co.,

2387 4511 30 26 21
2461 4511 118 27 Princes
2616 4510 112 34 Street,
2764 4510 138 33 Donedin,

2367 4560 114 35 Having
2506 4570 16 18 a
2547 4560 76 29 Most
2649 4560 128 28 Efficient
2800 4558 72 30 Staff
2892 4558 29 28 of

2370 4601 160 36 Workmen,
2540 4612 49 18 can
2601 4602 101 38 Repair
2712 4601 53 27 and
2788 4606 5 21 I
2803 4611 53 17 une
2868 4610 52 27 any

2490 4642 117 29 Musical
2626 4642 172 28 Instrument

2422 4692 49 28 AT
2499 4692 209 28 MODERATE
2731 4690 131 28 RATES.

2375 4765 169 30 TOHN
2619 4759 311 40 THOMPSON,!

2492 4815 274 32 AUCTIONEER,

2415 4866 80 22 LAND
2510 4864 60 22 AND
2584 4863 111 25 ESTATE,
2707 4861 85 26 LOAN,
2808 4861 59 21 AND

2367 4903 174 31 GENERAL
2553 4899 221 31 COMMISSION
2789 4899 129 28 AGENT*

2459 4955 71 27 Ross
2549 4953 98 31 Place,
2668 4950 161 29 Lawrence.

2543 5033 94 36 Agent
2650 5031 42 28 for
2706 5030 45 28 the

2366 5076 128 29 Norwich
2506 5073 94 29 Union
2614 5071 149 28 Insurance
2777 5069 48 29 Co.

2367 5115 137 29 Standard
2516 5113 62 28 Fire
2586 5111 55 28 and
2650 5110 106 28 Marine
2767 5109 149 28 Insurance

2440 5155 48 30 Co.

2363 5195 159 28 Australian
2544 5191 107 29 Mutual
2672 5189 149 28 Provident
2842 5188 73 35 (Life

2436 5232 164 37 Assurance)
2619 5228 108 39 Society

2361 5275 138 29 Standard
2525 5272 120 38 Fidelity
2676 5270 51 28 and
2756 5268 154 30 Guarantee

2433 5314 119 38 Society.

2396 5396 47 27 All
2455 5395 126 28 business
2593 5390 150 32 connected
2766 5390 65 28 with
2850 5390 39 37 Ap-

2360 5435 144 40 plications
2523 5434 44 28 for
2587 5432 195 38 Assignments
2804 5440 30 18 or
2853 5429 37 28 Ex-

2361 5477 106 36 change
2481 5474 29 31 of
2526 5472 188 40 Agricultural
2727 5471 109 35 Leases,
2850 5472 61 36 Ap-_

2363 5516 143 37 plications
2514 5515 87 27 under
2610 5512 132 29 Deferred
2753 5512 156 35 Payments,

2364 5555 107 38 Mining
2485 5553 101 30 Leases
2596 5563 31 20 or
2638 5552 108 34 Claims,
2756 5549 155 40 Up-lifting

2363 5597 30 28 of
2414 5595 97 30 Crown
2531 5594 110 36 Grants,
2655 5593 59 36 &c.,
2728 5591 110 40 quickly
2858 5590 53 29 and

2365 5635 114 39 cheaply
2492 5633 165 31 transacted.

2367 5717 88 29 Loans
2464 5714 177 40 Negotiated.
2664 5713 103 38 Money
2775 5710 139 31 Invested,
2929 5708 1 48 j

2954 1479 477 70 Matthews
3484 1494 51 52 &
3582 1480 482 87 Chalmers,

3154 1610 256 56 COACH
3476 1611 400 69 BUILDERS,

3190 1712 331 35 WHEELWRIGHTS,
3561 1714 284 37 BLACKSMITHS,

3493 1786 55 18 AND

3046 1839 301 29 AGRICULTURAL
3386 1840 228 29 IMPLEMENT
3652 1842 350 37 MANUFACTURERS,

3318 1913 73 28 Ross
3430 1914 99 35 Pi.aoe,
3567 1915 163 30 Lawrence.

2999 2006 74 29 ALL
3114 2006 122 29 KINDS
3276 2007 47 29 OF
3361 2007 146 30 MINING
3546 2007 234 31 MACHINERY
3819 2010 108 29 MADE
3966 2011 82 29 AND

3425 2061 204 29 REPAIRED.

3416 2154 110 28 Agents
3546 2164 48 19 for
3596 2171 35 5 —

2961 2220 230 40 Massey-Harris
3212 2220 120 40 Reapers
3354 2220 54 30 and
3435 2221 126 36 binders,
3583 2221 177 37 Cultivators,
3786 2223 138 37 Scufflers,
3951 2223 121 40 Ploughs

3422 2261 90 30 Horse
3525 2262 101 36 Rakes,

3265 2313 122 30 Peerless
3408 2313 52 36 Oil,
3481 2314 105 29 Binder
3604 2314 102 37 Twine,
3726 2314 49 30 &c.

3014 2394 47 29 All
3091 2394 88 29 Work
3210 2395 151 29 Entrusted
3384 2399 28 25 to
3438 2395 41 30 Us
3506 2396 53 28 will
3586 2395 116 31 Receive
3729 2397 113 38 Prompt
3869 2399 160 28 Attentiorir

3284 2475 132 21 CHARGES
3442 2475 134 21 STRICTLY
3603 2476 155 22 MODERATE

3216 2565 75 29 FOR
3330 2564 118 31 SALE!
3592 2566 75 29 FOR
3706 2566 116 29 SALE!

3039 2646 216 30 STAUNCH
3289 2646 91 30 AND
3418 2647 253 30 HANDPOME
3709 2648 377 30 THOROUGHBREiT

3417 2800 141 29 Produced
3584 2801 36 36 by

3124 2851 161 30 Yankee
3306 2851 240 30 enterprise
3567 2851 77 31 out
3664 2851 47 30 of
3733 2851 183 30 America.

3224 2892 45 38 Up
3283 2896 29 25 to
3325 2903 53 27 any
3392 2893 112 37 weight,
3517 2893 53 28 and
3584 2892 99 29 carries
3695 2903 16 17 a
3725 2891 87 37 Lady.

3031 2943 174 30 Guaranteed
3216 2944 169 39 thoroughly
3393 2944 86 29 sound
3493 2944 53 29 and
3556 2944 84 39 quiet.
3683 2943 61 28 Will
3754 2954 63 27 pass
3827 2943 113 30 traction
3954 2943 123 37 engines,

2956 2988 94 30 trams,
3065 2984 93 34 trains,
3174 2988 171 30 motor-cars,
3359 2983 97 28 forked
3472 2984 150 37 lightning,
3636 2993 31 18 or
3685 2983 137 37 anything
3844 2983 64 35 else,
3930 2983 113 37 barring
4062 2993 16 17 a

2956 3023 62 39 lady
3034 3023 129 28 mounted
3177 3032 35 19 on
3225 3023 116 29 another
3365 3022 162 29 Newhaven
3548 3023 125 30 Bicycle.

3031 3101 181 30 FARMERS
3227 3102 143 38 requiring
3384 3101 83 30 Grain
3479 3102 95 36 Drills,
3584 3102 104 38 Turnip
3702 3102 53 29 and
3766 3103 117 29 Manure
3892 3102 94 36 Drills,
3998 3102 61 29 Com-

2958 3142 81 29 bined
3055 3142 93 36 Drills,
3161 3142 66 29 Disc
3240 3142 142 36 Barrows,
3395 3141 132 40 Ploughs,
3543 3143 69 29 Seed
3628 3142 138 37 Cleaners,
3776 3154 31 19 or
3820 3155 52 25 any
3887 3143 79 30 other
3979 3142 85 40 Imple-

2956 3186 90 25 ments
3059 3194 31 17 or
3104 3183 140 29 Machines
3257 3182 97 29 should
3366 3183 65 28 send
3446 3184 44 28 for
3502 3194 50 18 our
3565 3183 150 37 catalogue.

2981 3223 57 21 THE
3051 3222 145 22 COLONIAL
3209 3222 150 22 COMBINED
3377 3222 100 22 DRILLS
3490 3224 61 20 AND
3566 3224 62 20 DISC
3641 3223 145 23 HARROWS
3800 3225 57 20 ARE
3871 3224 57 21 THE
3944 3224 64 21 BEST
4022 3221 33 23 IN

3403 3250 57 21 THE
3481 3251 125 21 MARKET.

3044 3321 306 60 Marrow,
3420 3321 260 50 JSassett
3750 3321 51 52 &

3205 3397 180 29 DUNKDIN
3423 3406 55 20 and
3517 3397 312 35 CHRISTCHURCH,

3268 3448 63 30 Sole
3344 3450 108 34 Agents
3466 3449 27 29 in
3508 3448 68 30 New
3590 3448 119 30 Zealand
3722 3449 44 30 for

3083 3490 78 29 THE
3180 3489 219 30 M'CORMICK
3420 3490 251 29 HARVESTING
3689 3490 184 29 MACHINE
3895 3491 56 30 CO.

3002 3585 386 58 COSSENS
3454 3585 173 58 AND
3692 3585 337 68 BLACK,

3078 3675 231 37 ENGINEERS,
3330 3674 285 35 BLACKSMITHS,
3636 3675 278 30 MILLWRIGHTS
3936 3676 24 29 &

3360 3714 313 38 IRONFOUNDERS,

3227 3768 363 25 CRAWFORD-STREET,
3629 3768 71 20 DUN
3708 3768 57 21 EDI
3775 3769 26 20 N.

3267 3834 383 31 —MANUFACTURERS
3683 3836 85 28 OF

2954 3877 141 39 Pumping
3108 3876 53 29 and
3184 3876 137 38 Winding
3342 3876 170 39 Machinery,
3538 3876 230 30 HYDRAULIC
3791 3877 142 29 MINIiSG
3957 3878 129 28 PLANT,

3024 3911 156 45 (including
3195 3916 152 39 Hydraulic
3362 3916 121 37 Giants),
3499 3916 90 30 Sluice
3603 3917 110 35 Valves,
3728 3917 127 29 Elevator
3874 3917 138 39 Castings,

3259 3956 64 28 Iron
3338 3956 54 28 and
3409 3956 75 29 Steel
3500 3956 141 39 Fluming,
3654 3957 59 35 &c.,
3728 3957 49 29 &c.

3064 4008 156 30 DREDGE
3247 4007 218 38 TUMBLERS,
3486 4008 185 37 BUCKETS,
3692 4008 127 37 LINKS,
3840 4008 59 37 Ac.,
3920 4009 47 31 &c.

2958 4051 205 35 Waterwheels,
3174 4049 144 35 Turbines,
3334 4049 83 29 Brick
3431 4050 55 28 and
3500 4051 86 28 Drain
3602 4050 67 38 Pipe
3684 4050 117 39 Making
3813 4051 53 29 and
3877 4051 88 28 Wood
3979 4051 78 29 Work-

3037 4093 47 36 iug
3101 4092 170 36 Machinery.
3311 4089 91 29 Horse
3417 4092 119 34 Powers,
3551 4090 193 36 Chaffcutters,
3758 4091 104 38 Turnip
3881 4092 123 37 Pulpers,

3203 4131 53 28 and
3271 4130 34 28 all
3321 4130 81 28 kinds
3416 4130 28 29 of
3457 4130 160 38 Machinery
3632 4131 53 28 and
3700 4132 129 38 Gearing.

3070 4213 19 20 A
3115 4210 77 22 VERY
3222 4210 94 21 LARGE
3342 4209 88 22 STOCK
3457 4210 35 21 OF
3519 4210 144 21 PATTERNS
3688 4210 35 21 TO
3749 4210 103 22 SELECT
3878 4210 84 22 FROM.

2952 4278 214 31 ESTIMATES
3189 4278 129 29 GIVEN.
3489 4278 354 29 CORRESPONDENCE
3865 4278 221 31 SOLICITED..

2970 4360 114 38 Repairs
3098 4359 54 28 and
3168 4370 81 26 every
3263 4358 166 38 description
3445 4360 29 26 of
3487 4358 189 38 Engineering
3688 4358 53 28 and
3760 4358 193 29 Blacksmith's
3967 4358 88 29 Work

3356 4398 141 38 Promptly
3519 4398 148 28 Executed.

3050 4798 29 40 1%
3087 4798 3 40 I

3602 4669 32 11 riv

3367 4870 88 41 >URE
3476 4870 192 41 BLENDED

3285 4932 90 37 HILL
3396 4931 155 39 GROWN
3565 4931 145 39 CEYLOI

2991 5022 47 56 K!
3058 5030 63 36 THE
3137 5030 86 36 MOST
3236 5031 158 35 DELICIOUS
3408 5031 21 35 &
3445 5031 194 35 ECONOMICAL
3653 5031 60 35 TEA
3730 5033 26 34 IN
3772 5032 62 35 THE
3849 5032 110 36 WORLD.
3975 5022 49 56 11<
4034 5022 7 56 1

2975 5106 100 69 W*
3119 5101 365 74 SCOUIftT
3528 5100 68 71 &
3646 5102 172 87 Of}**
3874 5127 188 30 DUhEDIN:

3375 5194 90 28 Local
3485 5194 146 27 Agekts—

2977 5250 33 29 0.
3028 5247 194 37 CORMACK,
3244 5246 171 41 Roxburgh;
3434 5245 124 30 JOHNS
3578 5246 25 28 &
3624 5246 182 38 M'COMBE,
3827 5249 108 29 Millers:
3951 5247 71 31 Flat,

2946 5319 137 27 DOB
3110 5319 69 23 KR
3207 5318 19 23 T
3290 5316 25 24 M
3316 5314 7 11 v
3353 5312 130 26 KAY.

2981 5385 123 24 Gekepal
3131 5384 103 23 Pkapkb
3251 5390 50 17 and
3313 5381 127 24 Clothik*

3057 5434 61 25 Ross
3139 5434 69 24 Place
3231 5433 131 23 Lawrence.

3000 5546 57 23 New
3076 5545 47 24 and
3140 5543 157 26 Fashionable
3322 5541 103 30 Drapery

2969 5585 78 33 Large
3059 5586 64 24 stock
3140 5584 25 29 M
3168 5595 11 12 e
3182 5582 23 27 n'
3207 5593 10 14 s
3229 5592 28 15 ar,
3261 5584 14 23 d
3290 5583 59 28 t?oys
3359 5581 110 30 Clothiig

3001 5627 86 24 Ladies
3101 5626 47 25 atd
3160 5624 124 25 Lbildrens
3295 5623 130 31 requisites.

2972 5684 74 24 Visits
3249 5680 45 27 »n<l
3330 5679 157 30 surrounding

2942 5717 103 24 tfutricts
3057 5717 106 23 mouthlv

3514 5329 140 31 TTOZIE
3669 5330 83 30 TEA.
3791 5332 24 27 A
3828 5331 173 39 stimulating
4010 5332 55 29 and

3602 5371 155 39 sustaining
3769 5381 52 28 cup
3834 5372 29 28 in
3874 5383 120 19 summer
4011 5373 56 29 and

3513 5412 105 28 winter.
3656 5411 35 29 D.
3707 5411 142 36 Cormack,
3862 5414 104 36 Agent,
3988 5412 56 30 Rox-

3513 5453 100 38 burgh.
