2529 4039
1920 1227 51 23 The
1984 1225 76 31 Royal
2079 1225 104 24 Willia7n
2205 1227 37 21 Ist
2260 1225 25 23 of
2303 1225 93 30 August
2416 1225 53 24 from

1888 1260 102 24 Akaroa.
2036 1259 62 23 She*
2104 1263 90 26 reports
2222 1258 134 30 favourably
2384 1258 25 23 of
2435 1259 34 23 the

1890 1293 97 29 whaling
2006 1293 96 22 stations
2124 1296 23 18 to
2169 1291 37 23 the
2227 1291 136 28 southward,
2380 1291 44 23 and
2441 1300 29 15 we

1890 1327 89 30 subjoin
1992 1334 13 14 a
2016 1326 39 22 list
2067 1324 24 23 of
2102 1324 38 23 the
2151 1324 87 23 vessels
2248 1332 29 15 on
2290 1325 36 22 the
2339 1329 69 23 coast,
2422 1326 47 22 with

1891 1360 35 23 the
1941 1359 30 23 oil
1984 1359 52 29 they
2048 1358 57 23 have
2118 1357 105 24 obtained
2224 1370 34 3 —

1889 1399 108 28 Eamont,
2011 1398 27 23 C.
2051 1398 92 28 Lovett,
2156 1399 15 21 2
2185 1397 99 29 months,
2297 1400 14 21 5
2325 1397 89 29 whales,
2430 1398 42 24 lost

1924 1437 43 18 two
1980 1432 104 22 anchors.

1890 1465 127 28 Fortitude,
2032 1465 68 30 Capt.
2122 1463 75 31 Baily,
2210 1465 15 22 2
2246 1463 98 29 months,
2358 1465 14 23 9
2384 1464 87 29 whales,

1924 1499 45 23 lost
1981 1507 42 14 one
2036 1498 94 23 anchor.

1891 1529 132 30 Marianne,
2046 1532 67 30 Capt.
2128 1530 111 31 Lindsay,
2261 1531 90 23 Hobart
2369 1531 77 29 Town,
2458 1534 14 21 2

1926 1565 92 23 whales.

1891 1598 112 24 Romulus
2024 1596 156 32 (American),
2206 1597 94 31 Mystic,
2326 1599 31 21 25
2379 1598 93 28 months,

1926 1634 66 21 2500
2004 1631 86 23 barrels
2103 1633 32 21 80
2149 1631 84 22 barrels
2247 1638 84 23 sperm.

1894 1665 100 28 Cheviot,
2008 1665 67 30 Capt.
2086 1663 131 30 MausQeld,
2230 1665 28 22 10
2269 1663 82 28 weeks,
2363 1665 14 22 G
2386 1664 86 24 whales.

1892 1698 97 28 Joanna,
2006 1698 65 30 Capt.
2087 1697 168 28 Chamberlain,
2271 1698 15 23 6
2300 1697 89 24 whales.

1895 1730 114 31 Wallaby,
2024 1731 66 31 Capt.
2106 1731 113 28 Gardner,
2232 1732 32 22 90
2278 1736 59 18 tons.

1892 1764 69 28 Juno,
1972 1764 101 31 Sydney.

1895 1797 91 29 Terror,
2001 1798 67 31 Capt.
2084 1797 100 32 Harper,
2197 1797 102 31 Sydney,
2312 1797 30 23 all
2354 1797 57 24 well.

1894 1830 36 24 St.
1946 1830 70 24 Croix
2027 1831 111 30 (Bremen
2152 1830 71 32 ship),
2236 1833 17 21 4
2265 1831 92 23 whales.

1895 1863 56 24 New
1966 1863 107 30 Bedford,
2088 1865 67 30 dipt.
2168 1865 87 23 Potter.

1897 1896 78 30 China,
1991 1900 28 21 15
2035 1897 97 28 months,
2149 1899 64 22 1600
2226 1898 95 23 barrels.

1897 1930 92 24 Wood's
2002 1931 89 28 station,
2110 1933 28 21 1.3
2153 1931 90 23 whales.

1897 1964 88 23 Price's
1999 1965 90 27 statiou,
2106 1966 29 21 14
2149 1964 92 23 whales.

1897 1997 72 19 Roll'o
1982 1997 83 26 fiohory
2081 1997 111 26 Kait:ora,
2206 1999 32 20 53
2255 2003 59 15 tons.

1931 2034 94 23 Several
2038 2035 24 22 of
2079 2035 37 22 the
2130 2036 83 22 vessels
2227 2036 16 21 it
2264 2036 17 21 is
2304 2036 71 22 stated
2387 2044 49 16 imv
2455 2037 9 21 'i
2474 2047 4 6 >

1898 2068 108 30 expected
2021 2074 21 17 to
2065 2076 62 15 come
2149 2069 52 22 here
2215 2075 21 16 to
2250 2072 59 20 relit.
2348 2069 39 22 We
2400 2076 78 17 uiniei-

1897 2101 66 23 stand
1984 2101 48 23 that
2050 2109 13 14 a
2083 2109 78 15 reason
2184 2102 34 22 for
2239 2102 96 23 whalers
2356 2103 122 28 abstanin;

1897 2135 57 22 from
1969 2135 112 29 resorting
2094 2140 23 17 to
2137 2135 45 22 thh
2194 2140 51 25 port
2258 2142 22 15 to
2303 2136 57 27 refit,
2375 2136 40 22 has
2429 2138 49 21 hei-tt

1898 2176 13 14 :\
1923 2168 69 22 belief
2010 2168 72 23 which
2104 2168 41 23 has
2166 2169 55 22 been
2240 2169 117 30 generally
2369 2170 109 29 prevdltiu

1898 2201 48 22 that
1965 2202 53 29 they
2031 2202 73 22 would
2127 2203 28 21 he
2176 2202 117 30 subjected
2313 2208 22 17 to
2352 2202 70 30 heavy
2435 2209 43 24 port

1899 2235 62 27 dues,
1971 2234 65 23 while
2050 2235 36 22 the
2098 2234 46 24 fact
2156 2236 18 21 is
2188 2236 62 22 there
2262 2243 38 15 are
2309 2243 57 15 none
2379 2244 27 14 on
2417 2237 61 23 whal-

1900 2269 38 28 ing
1951 2268 92 23 vessels.

2071 2326 143 24 CLOUDY
2242 2326 75 24 BAY,

670 384 84 28 \More
763 383 58 22 tb.an'
827 388 73 16 seven-
904 379 91 25 mouths
1006 379 55 23 have
1073 377 92 31 elapsed
1174 378 61 22 since

770 414 96 30 Fitzroy
886 412 104 25 assumed
1011 411 38 24 the
1067 411 66 22 office
1145 410 25 22 of
1186 409 48 24 Go-

647 444 122 29 -vernof'of
784 448 58 23 New
854 445 100 25 Zealand
963 454 7 19 ;
990 444 44 23 and
1046 445 18 22 it
1074 444 21 22 is
1108 450 61 16 more
1182 442 54 23 than

653 483 36 23 six
699 482 91 23 months
803 481 63 23 since
878 480 35 22 his
926 478 138 29 Excellency
1077 476 51 23 first
1147 475 89 24 arrived

653 522 82 23 among
752 522 28 16 us
797 515 26 22 id
841 512 59 24 Port
918 510 133 25 Nicholson.
1086 508 78 24 When
1183 508 53 23 here

647 550 42 22 ■his
700 547 141 30 Excellency
848 543 96 33 pledged
955 543 93 23 himself
1060 548 22 17 to
1093 546 42 18 two
1144 541 77 30 things
1227 550 7 20 ;

647 582 45 23 -the
703 588 42 16 one
764 585 23 18 to
799 578 66 24 settle
886 578 38 22 the
944 576 67 24 Land
1030 576 108 26 Qustion,
1159 574 77 23 before

653 615 67 30 again
738 612 118 30 returning
868 616 23 18 to
908 610 36 23 his
956 609 81 31 capital
1046 618 6 19 ;
1081 607 38 23 the
1131 607 64 23 other
1215 612 21 18 to

654 655 44 23 pay
715 654 28 16 us
762 654 13 15 a
795 645 53 23 visit
865 643 77 23 within
962 643 35 22 six
1014 641 91 24 months
1123 640 58 23 from
1201 640 35 23 his

654 680 128 31 departure.
819 677 51 24 The
881 677 84 22 former
978 683 43 15 was
1033 682 13 16 a
1058 674 68 30 hasty
1138 680 98 24 engage-

654 717 63 19 ment
728 712 65 23 made
806 712 22 22 in
842 710 37 23 the
899 709 95 24 absence
1006 708 24 23 of
1046 707 38 23 the
1103 706 134 31 experience

655 753 119 21 necessary
794 748 22 19 to
837 747 98 19 warrant
950 750 44 22 any
1013 745 121 19 statement
1150 746 29 16 on
1200 739 37 23 the

655 779 95 31 subject,
763 778 34 22 for
815 776 74 24 which
905 782 80 17 reason
995 782 33 15 we
1043 774 56 23 have
1112 772 125 23 heretofore

656 811 117 24 abstained
795 810 59 23 from
877 816 58 16 even
953 807 100 30 alluding
1076 811 22 18 to
1123 813 13 15 a
1157 805 80 30 pledge

646 859 2 17 I
657 845 86 23 broken
766 843 83 24 almost
868 850 25 15 as
913 849 55 15 soon
987 848 24 15 as
1033 840 19 23 it
1073 846 48 15 was
1141 839 95 22 uttered.

646 879 2 31 j
657 879 51 23 The
727 877 67 24 latter
811 884 47 16 was
878 882 62 16 more
959 873 120 24 deliberate
1091 871 44 23 and
1153 872 86 22 needed

656 912 47 22 less
722 910 59 24 local
801 909 135 32 experience
956 912 24 18 to
999 910 97 20 warrant
1118 905 31 22 its
1171 905 69 29 being

656 945 75 31 given,
745 943 44 24 and
800 943 18 23 it
829 943 42 22 has
882 946 40 18 not
931 946 38 25 yet
980 940 55 23 been
1044 938 96 28 broken,
1154 938 85 29 though

657 978 20 22 if
692 981 76 26 report
777 983 69 24 prove
859 980 49 17 true
921 974 17 23 it
950 973 44 22 will
1005 978 39 17 not
1055 972 27 23 be
1101 970 103 24 fulfilled.

692 1009 70 23 What
779 1008 58 31 good
849 1007 41 23 has
909 1006 99 23 resulted
1020 1011 21 17 to
1058 1005 38 23 the
1109 1003 90 24 settlers
1218 1004 24 23 of

658 1042 58 24 Port
728 1041 126 24 Nicholson
865 1041 59 22 from
942 1039 35 22 his
990 1037 160 30 Excellency's
1171 1037 67 24 visit?

658 1076 40 23 the
708 1075 129 23 settlement
849 1074 25 22 of
889 1073 39 23 the
938 1071 66 24 Land
1016 1071 113 25 Question
1141 1077 45 16 was
1197 1070 43 23 and

658 1110 21 22 is
755 1113 61 18 most
837 1110 84 28 urgent
943 1105 44 23 and
1008 1105 105 31 pressing
1136 1103 102 24 demand.

660 1142 47 24 His
726 1141 138 29 Excellency
880 1140 66 22 knew
967 1138 43 23 and
1022 1139 19 21 is
1062 1145 72 15 aware
1147 1136 24 23 of
1187 1136 52 24 this.

661 1174 95 25 Colonel
768 1173 128 24 Wakefield
907 1171 125 24 undertook
1046 1176 21 18 to
1087 1169 99 32 perform
1199 1170 43 23 aad

660 1209 43 23 has
713 1207 129 32 performed
859 1214 29 16 on
900 1206 38 22 the
955 1209 51 27 part
1018 1204 24 24 of
1057 1204 38 23 the
1107 1202 57 24 New
1185 1202 57 24 Zea-

660 1241 54 24 land
727 1241 119 31 Company
858 1239 30 24 all
899 1239 49 23 that
957 1239 36 22 his
1004 1237 139 29 Excellency
1152 1235 91 24 deemed

661 1282 130 23 necessary.
828 1273 48 23 Mr.
898 1272 177 24 Commissioner
1094 1270 72 30 Spain
1186 1275 58 18 went

662 1308 61 31 right
743 1307 115 29 zealously
881 1310 22 19 to
926 1305 62 23 work
1010 1305 24 22 in
1056 1303 80 23 behalf
1157 1303 24 22 of
1208 1303 36 23 the

663 1341 89 24 settlers
771 1341 43 23 and
831 1340 42 22 has
893 1338 90 24 months
1003 1338 60 22 since
1081 1336 112 31 reported,
1212 1344 31 15 we

663 1383 37 16 are
718 1374 77 24 bound
815 1379 23 18 to
850 1373 93 28 believe,
957 1371 49 23 that
1024 1369 76 25 Maori
1116 1369 64 23 fraud
1202 1369 42 23 and

665 1409 75 23 Maori
758 1407 70 23 belief
846 1408 23 21 in
889 1406 37 22 the
947 1409 47 18 acts
1007 1404 23 23 of
1045 1402 107 32 injustice
1172 1402 72 23 which

665 1449 50 23 may
727 1441 27 26 be
767 1439 129 25 committed
914 1438 96 23 towards
1023 1437 37 23 the
1072 1435 67 24 white
1157 1435 88 24 settlers

665 1475 52 23 with
729 1474 121 31 impunity,
862 1473 65 22 alone
948 1475 93 26 prevent
1053 1470 37 23 the
1111 1468 135 32 Europeans

663 1508 59 23 from
741 1507 117 30 obtaining
875 1505 132 32 possession
1016 1503 24 23 of
1058 1503 37 23 the
1107 1501 55 24 land
1180 1502 66 23 abso-

665 1541 70 30 lutely
748 1547 119 23 necessary
879 1538 35 23 for
926 1538 62 23 them
998 1541 21 19 to
1032 1543 77 17 secure
1122 1535 38 23 the
1169 1543 78 16 means

666 1575 24 22 of
698 1574 140 23 subsistence
846 1574 23 21 in
882 1571 56 24 New
949 1569 110 25 Zealand'!'
1092 1569 52 23 The
1159 1568 89 24 settlers

666 1608 82 22 almost
769 1606 110 24 rendered
900 1604 102 23 reckless
1029 1604 28 29 by
1081 1602 96 31 despair,
1201 1602 47 23 find

667 1641 134 23 themselves
811 1639 94 23 without
917 1645 42 16 one
969 1637 59 23 word
1035 1636 23 22 of
1067 1635 147 28 consolation,
1225 1643 23 15 or

667 1680 21 16 to
710 1680 125 23 encourage
855 1672 59 30 hope
935 1676 23 18 at
976 1670 37 23 the
1034 1668 126 32 expiration
1173 1668 25 23 of
1213 1669 35 23 six

667 1707 90 23 months
768 1707 57 22 from
839 1705 37 23 the
888 1703 78 32 period
978 1703 63 23 when
1053 1703 118 23 Governor
1183 1702 65 23 Fitz-

667 1748 39 23 roy
717 1740 80 22 visited
807 1739 57 23 Port
872 1736 134 25 Nicholson.
1041 1735 40 24 All
1095 1735 49 22 well
1152 1742 96 16 remem-

667 1774 40 22 ber
719 1773 36 22 the
776 1772 129 23 confidence
924 1769 98 32 inspired
1041 1769 29 30 by
1082 1769 38 23 the
1142 1769 106 30 expected

667 1806 81 24 arrival
761 1806 24 23 of
802 1805 35 23 his
855 1804 148 30 Excellency,
1022 1803 43 23 and
1086 1802 29 23 all
1128 1807 61 18 must
1206 1802 43 23 feel

665 1838 184 33 proportiouably
863 1838 37 23 the
913 1842 58 19 utter
982 1836 83 31 futility
1079 1835 24 23 of
1122 1834 56 24 such
1200 1843 49 15 rea-

666 1873 92 23 sonable
782 1872 151 31 expectation.
981 1870 46 23 His
1049 1868 141 30 Excellency
1215 1877 34 14 re-

667 1907 80 23 turned
766 1910 22 19 to
799 1906 36 23 his
853 1910 50 18 seat
915 1905 24 23 of
955 1909 153 24 government,
1122 1901 71 23 called
1215 1902 34 23 his

668 1940 97 24 Council
776 1939 110 30 together,
900 1938 43 23 and
957 1945 30 15 we
1004 1936 71 23 would
1088 1936 45 23 fain
1144 1935 57 31 hope
1215 1936 34 23 did

666 1981 48 20 not,
738 1975 22 21 in
786 1972 115 29 mockery,
924 1971 63 24 liken
1004 1971 18 23 it
1045 1976 21 17 to
1088 1977 28 15 an
1138 1970 111 29 approach

667 2014 22 16 to
714 2008 36 22 the
761 2007 185 23 .representative
968 2009 94 18 system.
1098 2002 113 24 Therein,
1230 2008 21 15 La

667 2034 71 31 speak
771 2032 146 30 moderately,
947 2031 28 23 he
1004 2030 40 23 has
1081 2029 73 23 willed
1185 2038 66 23 nnany

667 2065 154 33 questionable
859 2065 84 31 things,
983 2064 44 23 and
1068 2062 88 24 uttered
1190 2072 61 14 more

667 2101 50 23 that
743 2107 38 16 are
809 2098 136 32 injudicious
956 2107 6 19 ;
991 2097 29 23 all
1044 2098 24 21 of
1094 2095 72 24 which
1188 2097 63 23 wbeu

667 2134 38 24 the
740 2134 95 26 session,
872 2140 25 14 as
927 2133 17 21 it
983 2132 23 22 in
1046 2130 62 23 sham
1114 2130 138 23 -semblance

667 2169 20 21 is
701 2167 93 27 termed,
818 2167 19 21 is
850 2173 60 20 over,
931 2173 33 14 we
984 2164 44 22 will
1051 2162 109 30 carefully
1173 2164 79 22 review

668 2209 25 14 as
706 2201 37 22 the
763 2200 77 29 fitting
852 2198 107 24 occasion
976 2198 77 22 arises.
1091 2196 51 23 The
1163 2196 90 23 settlers

668 2234 55 23 with
734 2241 42 16 one
788 2234 61 21 voice
862 2239 38 23 cry
913 2231 67 24 aloud
1000 2230 64 23 land!
1084 2229 75 25 land!!
1180 2237 24 16 or
1221 2237 32 16 we

668 2267 77 31 perish
754 2276 6 20 ;
780 2266 45 23 and
835 2265 51 23 how
898 2265 20 23 is
938 2264 59 24 their
1009 2267 82 27 urgent
1102 2263 46 23 and
1159 2270 94 17 reason-

669 2301 51 23 able
731 2299 95 24 demand
840 2304 46 18 met
895 2298 10 23 1
941 2298 25 23 A
976 2297 42 23 bill
1028 2298 20 22 is
1068 2297 89 31 passed,
1171 2296 84 32 calling

668 2342 62 23 upon
742 2333 60 23 them
821 2337 24 19 to
866 2331 92 32 provide
977 2331 113 28 £36,000
1112 2330 24 23 in
1155 2331 39 22 the
1213 2338 40 15 ex-

670 2368 90 29 tremity
773 2367 24 22 of
807 2366 59 23 their
877 2366 103 27 distress,
994 2363 87 24 instead
1093 2364 24 23 of
1131 2364 122 28 £18,000,

668 2401 75 23 which
762 2408 44 15 was
825 2399 31 23 all
877 2399 49 23 that
944 2406 44 15 was
1008 2397 123 23 demanded
1152 2397 23 23 of
1192 2397 63 23 them

669 2435 64 23 when
753 2434 108 30 reposing
881 2434 24 21 in
927 2432 58 23 their
1002 2431 70 23 belief
1087 2430 25 23 of
1126 2430 129 32 prosperity

669 2469 69 30 being
750 2472 23 19 at
784 2466 68 24 hand.
889 2466 63 24 Does
972 2469 39 19 not
1031 2464 118 23 Governor
1161 2464 95 30 Fitzroy

670 2502 59 31 keep
742 2501 37 23 the
797 2500 101 31 people's
916 2498 72 24 hands
1006 2497 101 30 fettered,
1121 2498 43 22 and
1177 2502 23 18 at
1218 2497 38 24 the

670 2543 62 16 same
757 2535 53 22 time
834 2533 59 31 whip
918 2532 62 24 them
1002 2531 33 23 for
1063 2537 40 17 not
1131 2530 124 31 working?

672 2568 73 24 Could
756 2575 45 23 any
813 2567 73 30 thing,
900 2566 72 24 under
984 2565 37 23 the
1033 2566 184 26 circumstances,
1230 2564 26 24 be

671 2610 62 16 more
752 2601 101 30 horribly
865 2601 102 30 despotic
985 2598 44 24 and
1048 2599 61 23 cruel
1129 2598 56 23 than
1206 2598 50 22 Go-

671 2643 81 16 vernor
764 2634 116 29 Fitzroy's
896 2632 174 25 Government?
1106 2631 44 24 We
1171 2631 85 24 believe

672 2678 36 15 we
721 2676 37 16 are
769 2667 126 24 warranted
914 2667 24 23 in
950 2666 85 28 stating
1052 2665 49 23 that
1112 2670 39 18 not
1164 2672 41 16 one
1218 2665 39 23 bill

672 2705 22 21 in
708 2702 36 24 aid
757 2702 24 23 of
799 2702 134 30 production
944 2700 41 23 has
997 2699 36 23 his
1051 2698 140 31 Excellency
1202 2698 56 24 sub-

673 2736 79 24 mitted
766 2741 21 18 to
797 2736 34 22 his
842 2733 97 25 Council
948 2733 44 23 this
1001 2733 94 28 session,
1109 2740 41 16 nor
1163 2740 41 16 can
1217 2740 43 16 one

674 2768 93 33 particle
780 2769 25 22 of
815 2768 106 23 evidence
935 2767 47 23 that
993 2766 36 23 his
1041 2765 141 31 Excellency
1195 2773 65 22 sym-

675 2803 101 32 pathises
797 2801 54 24 with
872 2801 38 23 the
928 2800 120 23 distresses
1061 2799 25 23 of
1103 2799 38 23 the
1161 2799 99 28 settlers,

675 2836 54 24 with
741 2836 72 22 which
832 2834 29 24 he
880 2841 46 16 was
940 2833 62 24 made
1015 2840 24 16 so
1058 2832 49 24 well
1126 2833 136 31 acquainted

675 2869 66 24 while
770 2869 61 28 here,
853 2869 29 23 be
904 2866 102 24 detected
1030 2867 23 22 in
1075 2865 36 25 his
1133 2866 129 31 legislative

676 2902 116 33 speeches,
806 2905 55 25 acts,
875 2909 24 15 or
912 2900 129 24 omissions.

711 2937 26 22 If
752 2936 36 23 his
809 2935 141 30 Excellency
962 2934 41 23 has
1023 2933 139 24 determined
1182 2938 40 19 not
1240 2938 22 19 to

675 2977 46 24 pay
740 2977 28 15 us
787 2977 13 15 a
811 2969 62 28 visit,
891 2972 104 26 courtesy
1016 2967 124 24 demanded
1159 2967 48 23 that
1225 2966 38 24 the

677 3003 91 24 settlers
787 3001 82 24 should
889 3001 28 23 be
929 3001 65 23 made
1006 3001 134 30 acquainted
1153 3001 53 23 with
1226 3000 37 24 the

677 3038 47 22 fact
735 3046 6 19 ;
760 3036 35 23 for
807 3036 27 23 he
846 3039 61 20 must
919 3034 68 24 know
1005 3035 48 22 that
1071 3033 62 30 then,
1154 3041 37 16 ere
1209 3034 54 29 this,

678 3071 29 22 he
736 3069 72 24 would
829 3069 59 23 have
909 3068 59 24 been
991 3067 120 24 addressed
1140 3075 60 24 upon
1225 3067 39 24 the

678 3109 93 26 present
782 3108 57 18 state
852 3102 25 23 of
888 3101 36 24 the
946 3101 67 24 Land
1034 3101 121 25 Question.
1192 3100 40 25 All
1244 3102 20 22 is

679 3139 24 22 in
723 3137 77 28 doubt,
814 3135 44 24 and
880 3143 31 15 we
932 3135 73 23 would
1018 3134 110 24 therefore
1141 3134 43 24 call
1202 3142 63 23 upon

681 3170 38 24 the
732 3170 89 23 settlers
832 3168 116 24 forthwith
961 3173 22 19 to
995 3173 149 19 remonstrate
1157 3168 52 23 with
1229 3168 36 23 his

684 3203 137 30 Excellency
832 3210 62 24 upon
914 3202 39 23 the
973 3202 102 24 taxation
1086 3202 26 22 of
1129 3201 39 24 the
1186 3209 78 15 neces-

680 3238 72 23 saries
764 3238 24 22 of
798 3237 46 28 life,
856 3236 46 23 and
914 3243 61 23 upon
987 3235 38 24 the
1037 3239 58 19 state
1115 3236 23 22 in
1150 3234 76 26 which
1237 3234 28 25 he

680 3273 20 21 is
721 3271 99 31 keeping
842 3269 38 24 the
900 3269 68 24 Land
986 3268 121 25 Question.
1143 3268 68 31 They
1229 3276 37 16 are

670 3319 2 8 ,
680 3304 77 24 bound
769 3304 48 22 also
835 3307 23 19 to
870 3302 93 23 address
984 3302 54 23 both
1051 3301 82 24 houses
1146 3302 25 23 of
1179 3302 86 31 parlia-

681 3342 64 19 ment
755 3344 61 24 upon
828 3336 65 24 these
904 3335 109 31 subjects,
1026 3335 44 23 and
1088 3335 38 23 the
1146 3335 121 31 departure

681 3371 26 23 of
726 3371 36 23 the
774 3368 67 25 Bella
852 3366 99 26 Marina
963 3368 45 24 will
1028 3368 70 24 afford
1119 3377 13 15 a
1150 3368 59 32 good
1225 3377 41 23 op-

681 3404 125 32 portunity.
843 3403 24 23 It
885 3402 73 24 would
977 3402 48 24 also
1043 3402 28 24 be
1089 3402 50 24 well
1161 3408 22 18 to
1195 3403 72 24 frame

682 3445 30 16 an
732 3437 92 23 address
842 3441 23 18 to
877 3436 39 23 the
938 3435 90 29 Queen,
1042 3440 22 18 to
1081 3436 28 23 be
1127 3441 52 18 sent
1190 3440 22 19 to
1232 3436 35 23 his

682 3470 140 29 Excellency
835 3474 22 18 to
879 3469 28 23 be
929 3468 122 24 forwarded
1072 3474 20 18 to
1105 3469 38 23 the
1162 3469 106 24 Colonial

683 3504 82 24 Office.
801 3502 83 31 Delay,
914 3502 92 23 terrible
1029 3502 73 31 delay,
1125 3502 38 23 the
1187 3511 80 15 conse-

682 3544 86 24 quence
797 3536 26 24 of
855 3535 120 24 Governor
1010 3535 114 31 Fitzroy's
1152 3536 115 24 mistaken

682 3572 83 30 policy,
778 3577 95 24 appears
886 3573 22 19 to
921 3570 27 22 be
962 3568 37 24 the
1020 3569 32 23 lot
1070 3570 25 23 of
1108 3570 37 23 the
1158 3569 91 24 settlers
1260 3579 6 20 ;

684 3605 40 23 but
734 3604 33 23 let
778 3603 62 24 them
849 3603 54 23 bear
914 3603 26 22 in
952 3602 70 29 mind,
1033 3602 49 24 that
1092 3602 88 31 though
1192 3612 14 14 a
1218 3611 49 16 cer-

683 3638 47 22 tain
743 3636 65 31 delay
820 3635 76 25 before
907 3643 33 15 we
952 3643 42 16 can
1011 3635 56 24 hear
1084 3636 59 24 from
1160 3636 109 31 England

683 3675 63 19 must
908 3669 39 23 the
957 3669 80 31 longer
1048 3669 52 31 they
1109 3670 90 23 abstain
1210 3670 59 24 from

684 3703 134 32 addressing
828 3702 143 25 Parliament
981 3703 39 23 the
1038 3710 60 17 more
1110 3703 86 24 distant
1207 3709 63 18 must

683 3737 29 24 be
725 3737 37 23 the
774 3736 42 31 day
830 3736 24 23 of
870 3735 73 25 relief.
978 3735 44 24 We
1043 3736 88 24 confess
1152 3737 54 24 thus
1226 3737 43 29 far,

686 3770 118 24 Governor
820 3769 94 31 Fitzroy
926 3769 43 24 has
986 3768 63 32 sadly
1062 3769 157 32 disappointed
1230 3770 40 24 the

684 3804 71 31 hopes
778 3803 25 24 of
824 3803 37 23 the
882 3802 98 29 settlers,
1002 3803 44 22 and
1065 3802 37 24 the
1124 3808 90 26 greater
1232 3803 38 24 the

685 3838 191 30 disappointment
898 3836 37 23 the
954 3843 61 16 more
1034 3841 81 26 urgent
1134 3838 20 22 is
1172 3836 39 25 the
1230 3836 40 24 de-

685 3871 67 23 mand
765 3871 34 23 for
818 3870 73 23 action
905 3876 30 16 on
946 3869 59 23 their
1021 3874 51 26 part
1082 3879 6 20 ;
1108 3877 33 16 we
1152 3870 118 29 conclude,

686 3904 120 28 therefore,
825 3903 30 31 by
874 3903 87 30 stating
980 3903 83 30 agitate
1072 3904 6 23 !
1097 3904 85 30 agitate
1194 3904 5 23 !
1212 3904 5 23 !
1236 3904 34 24 for

687 3939 57 29 hope
757 3937 87 24 therein
855 3935 47 25 will
912 3943 50 16 now
974 3936 27 23 be
1011 3936 78 24 found.

1298 193 36 30 By
1338 191 46 25 'the
1394 191 120 24 Susantiah
1531 191 75 27 Anne,
1619 190 72 23 which
1712 186 89 33 arrived
1820 197 34 17 on,

1265 225 101 30 Monday
1378 225 51 28 last,
1443 232 32 15 we
1483 225 60 22 T:ave
1587 216 86 31 Nehon
1688 222 127 23 Examiner
1827 223 26 22 of

1264 258 37 23 the
1314 258 59 24 20th
1384 256 61 31 July.
1483 258 23 22 It
1525 258 104 22 contains
1648 256 202 22 communications

1263 291 59 23 from
1335 291 43 23 Dr.
1392 290 85 23 Munro
1489 290 44 23 and
1548 289 48 24 Mr.
1606 289 131 27 Bamicbat,
1749 287 101 23 describ-

1263 324 40 30 ing
1315 324 59 22 their
1383 323 44 23 late
1440 322 84 24 travels
1542 327 23 18 to
1578 322 39 23 the
1627 320 143 28 southward*
1775 321 25 22 in
1814 320 37 23 the

1263 355 116 30 Deborah,
1406 357 24 22 in
1456 363 111 23 company
1589 354 54 24 with
1671 354 48 23 Mr.
1749 353 101 23 Tucket.

1263 389 78 23 These
1353 390 86 22 writers
1450 388 83 24 inform
1554 396 27 15 us
1594 388 49 23 that
1654 386 52 31 they
1717 386 58 23 have
1788 393 62 16 com-

1264 421 128 24 municated
1404 430 12 14 a
1427 426 64 25 great
1503 421 51 23 deal
1573 421 24 23 of
1613 420 74 24 useful
1705 419 146 23 information

1263 455 70 23 about
1345 454 36 23 the
1403 459 48 18 east
1472 459 62 18 coast
1552 453 25 24 of
1593 454 38 23 the
1653 452 89 24 Middle
1754 451 80 23 Island
1844 460 6 20 ;

1263 488 41 23 but
1316 486 85 32 though
1414 494 32 16 we
1462 487 97 31 perused
1580 487 59 22 their
1651 485 200 24 communications

1263 520 54 23 with
1329 525 64 25 great
1404 527 57 21 care,
1472 527 33 16 we
1514 525 83 18 cannot
1605 524 59 18 state
1676 519 49 22 thac
1737 525 33 16 we
1781 517 70 23 found

1264 561 42 15 one
1318 554 46 22 fact
1375 553 68 23 about
1460 553 38 23 the
1517 557 95 26 country
1634 552 52 29 they
1698 551 92 28 visited,
1803 550 50 23 that

1263 588 20 22 is
1295 590 40 19 not
1347 586 115 31 generally
1473 585 50 24 well
1543 585 86 24 known
1641 590 21 18 to
1676 585 37 22 the
1726 584 90 23 settlers
1829 584 25 22 of

1266 619 147 30 Wellington.
1449 619 44 21 We
1512 618 58 23 shall
1587 618 55 23 take
1654 625 27 16 an
1694 617 63 30 early
1769 625 82 23 oppor-

1265 653 74 29 tunity
1352 652 24 23 of
1392 651 130 31 publishing
1535 651 38 23 the
1593 651 77 23 letters
1691 651 25 22 in
1738 651 114 29 question,

1265 690 40 19 not
1314 685 36 23 for
1369 685 39 22 the
1425 685 146 22 information
1590 683 55 30 they
1657 684 98 27 contain,
1768 683 41 23 but
1828 690 25 16 as

1265 717 112 31 affording
1389 717 120 23 additional
1521 717 124 29 testimony
1657 717 24 22 in
1693 716 64 23 favor
1775 716 24 22 of
1816 715 37 23 the

1266 752 91 30 opinion
1369 751 54 30 long
1441 749 139 24 entertained
1588 763 4 4 •
1600 749 54 24 here
1775 749 78 23 merits

1267 785 23 21 of
1306 784 39 22 the
1356 783 87 23 Middle
1455 782 88 24 Island.

1300 824 52 23 Our
1369 823 86 30 worthy
1483 828 172 25 contemporary
1679 822 37 23 the
1741 820 113 25 Southern

1269 856 76 30 Cross,
1373 857 20 22 is
1413 856 111 31 evidently
1558 856 149 31 unceasingly
1735 855 120 31 labouring

1267 890 71 23 under
1352 889 37 24 the
1401 889 47 23 fear
1460 889 49 23 that
1526 889 143 30 Wellington
1688 894 63 19 roust
1762 889 92 23 become

1267 924 37 22 the
1316 929 50 17 seat
1378 922 24 23 of
1412 922 163 24 Government.
1583 945 6 8 t
1606 922 65 23 With
1679 931 13 14 a
1699 923 57 22 view
1769 926 21 19 to
1802 929 53 23 pre-

1268 957 94 30 venting
1375 963 24 15 or
1411 955 106 31 delaying
1528 955 49 23 that
1596 955 121 23 inevitable
1731 959 73 24 event,
1827 955 28 23 he

1267 990 73 23 seizes
1362 995 66 23 every
1441 989 104 22 occasion
1568 988 25 23 of
1610 987 116 31 declaring
1747 987 50 24 that
1818 988 37 23 the

1269 1021 88 25 Middle
1369 1021 80 23 Island
1460 1021 20 23 is
1493 1029 13 15 a
1517 1021 82 23 barren
1623 1026 76 23 waste,
1714 1021 45 23 and
1775 1028 80 16 conse-

1269 1055 92 32 quently
1373 1054 48 23 that
1432 1054 17 23 it
1461 1054 20 23 is
1493 1054 104 24 criminal
1608 1054 35 24 for
1657 1061 42 23 any
1712 1061 61 21 man,
1789 1054 26 23 be
1827 1053 29 24 he

1269 1089 119 23 Governor
1400 1095 24 15 or
1436 1087 71 29 other,
1517 1096 22 14 to
1551 1095 126 23 encourage
1690 1087 38 24 the
1742 1087 113 23 coloniza-

1269 1124 47 22 tion
1328 1121 26 22 of
1369 1122 25 22 it.
1430 1120 43 23 We
1493 1121 70 23 invite
1585 1121 37 23 the
1644 1121 109 23 attention
1777 1121 25 22 of
1818 1120 39 23 the

1270 1154 113 24 Southern
1395 1153 67 23 Cross
1474 1159 22 17 to
1509 1154 38 23 the
1566 1155 202 22 communications
1781 1155 23 21 in
1818 1154 39 23 the

1269 1187 88 24 Nelson
1368 1186 133 29 Examiner,
1516 1195 24 15 as
1552 1195 33 14 we
1607 1187 53 23 dare
1682 1195 40 23 say
1735 1195 14 14 a
1766 1187 91 31 perusal

1271 1221 25 23 of
1310 1221 63 23 them
1385 1220 45 24 will
1442 1220 27 23 be
1489 1220 106 24 attended
1616 1220 54 23 with
1682 1220 95 23 another
1792 1221 65 29 inge-

1271 1254 65 23 nious
1350 1254 20 23 if
1385 1259 38 18 not
1443 1254 126 30 ingenuous
1590 1258 96 27 attempt
1704 1258 23 18 to
1739 1253 118 31 disparage

1272 1288 37 22 the
1322 1287 88 23 Middle
1424 1287 86 23 Island.

1934 2382 23 24 A
1978 2382 42 23 few
2041 2382 54 31 days
2114 2384 71 27 since,
2208 2383 37 23 the
2265 2383 113 23 Sheriff's
2398 2384 81 22 officers

1902 2424 56 15 were
1971 2420 50 19 sent
2034 2416 56 23 after
2114 2424 12 14 a
2145 2424 53 15 man
2218 2417 25 23 of
2259 2417 38 22 the
2310 2424 65 15 name
2387 2417 24 22 of
2427 2417 51 22 Wil-

1901 2450 74 27 liams,
1998 2449 59 23 alias
2079 2449 97 31 Captain
2197 2450 121 28 Williams,
2339 2450 47 23 who
2410 2451 37 22 has
2469 2459 11 13 a

1902 2483 97 30 whaling
2021 2484 83 22 station
2124 2488 22 18 at
2166 2483 89 31 Cloudy
2268 2484 58 30 Bay.
2365 2483 37 24 He
2420 2484 58 23 insti-

1901 2517 65 30 gated
1981 2516 36 23 his
2029 2524 52 15 men
2101 2521 22 19 to
2145 2517 104 23 maltreat
2270 2517 39 23 the
2321 2517 95 28 officers,
2429 2517 50 28 who,

1902 2551 22 22 in
1938 2557 153 23 consequence
2105 2557 58 16 were
2183 2550 91 31 obliged
2293 2556 23 17 to
2336 2555 76 18 return
2430 2551 48 22 here

1902 2584 96 22 without
2009 2584 121 30 executing
2144 2584 58 23 their
2214 2585 117 23 warrant.'
2350 2584 69 31 Upon
2431 2584 51 23 their

1902 2623 83 25 report,
1998 2617 37 22 the
2046 2617 195 31 Superintendent
2248 2617 118 24 chartered
2375 2618 33 23 the
2417 2622 66 19 cutter

1902 2649 77 32 Royal
1994 2648 109 31 William,
2117 2651 73 23 which
2201 2651 125 31 proceeded
2335 2659 29 15 on
2377 2651 102 30 Saturday

1903 2684 44 23 last
1978 2689 23 18 to
2025 2684 58 23 Port
2111 2684 153 29 Underwood,
2290 2685 55 24 with
2373 2684 35 24 the
2431 2684 53 23 chief

1904 2718 78 23 Police
1989 2718 137 31 Magistrate
2134 2719 44 23 aud
2186 2727 13 15 a
2206 2719 72 30 guard
2287 2719 24 23 of
2321 2718 100 24 soldiers.
2441 2718 40 22 She

1904 2751 107 23 returned
2024 2757 21 17 to
2058 2758 51 24 port
2130 2752 127 30 yesterday,
2271 2752 45 23 and
2334 2760 33 15 we
2379 2752 52 23 hear
2442 2751 41 23 that

1905 2792 30 16 on
1947 2784 82 24 arrival
2042 2790 22 18 at
2086 2785 91 31 Cloudy
2187 2785 59 31 Bay,
2259 2787 19 21 it
2300 2794 45 15 was
2363 2785 67 24 found
2443 2785 41 22 that

1906 2818 45 24 this
1965 2818 114 23 Williams
2091 2819 44 23 had
2149 2818 123 25 embarked
2284 2819 31 24 all
2328 2819 35 24 his
2375 2819 36 28 oil,
2425 2819 57 27 bone,

1906 2853 44 23 and
1962 2857 81 24 >tores,
2057 2860 27 15 on
2097 2853 71 23 board
2180 2862 12 14 a
2205 2858 72 18 cutter
2290 2852 72 24 called
2374 2852 36 24 the
2420 2850 63 25 Pick-

1905 2885 65 29 wick,
1991 2886 44 23 and
2057 2886 71 23 sailed
2140 2894 71 23 away.
2250 2886 42 23 We
2314 2886 58 31 hope
2392 2894 14 15 a
2425 2885 60 30 sharp

1906 2919 107 23 look-out
2027 2919 44 23 will
2084 2920 26 23 be
2123 2919 57 32 kept
2196 2925 22 17 to
2231 2919 66 23 catch
2309 2919 45 23 this
2367 2919 69 24 fellow
2448 2918 37 23 and

1907 2952 83 31 punish
2003 2952 47 23 him
2068 2954 34 21 for
2123 2953 36 23 his
2179 2958 93 26 outrage
2285 2953 90 31 against
2395 2953 36 23 the
2441 2952 44 27 law,

1907 2987 19 22 if
1942 2985 28 24 he
1982 2990 94 19 venture
2097 2986 59 24 back
2180 2991 22 19 to
2223 2986 57 24 New
2300 2987 107 28 Zealand,
2420 2985 65 23 which

1907 3027 33 16 we
1962 3019 28 24 do
2010 3024 40 19 not
2071 3027 98 24 suppose
2189 3020 29 23 he
2236 3020 47 23 will
2301 3020 36 24 do.
2381 3020 23 24 It
2422 3018 64 25 would

1908 3053 56 23 have
1984 3053 57 23 been
2063 3053 51 23 well
2133 3053 20 23 if
2169 3053 29 23 he
2218 3053 44 24 had
2283 3053 57 24 been
2363 3053 65 24 taken
2449 3052 37 23 and

1909 3087 65 22 made
1986 3094 29 15 an
2028 3086 102 32 example
2144 3088 29 28 of,
2186 3087 41 23 but
2248 3087 37 24 the
2298 3093 56 18 next
2366 3088 47 22 best
2432 3087 56 29 thing

1909 3121 19 22 is
1950 3125 21 17 to
1993 3127 67 16 cause
2081 3120 56 24 such
2158 3120 129 24 characters
2311 3127 22 17 to
2344 3120 69 24 'leave
2433 3120 54 23 these

1909 3153 85 24 islands
2008 3154 71 23 under
2090 3154 56 23 such
2159 3163 14 14 a
2185 3154 82 31 charge
2280 3154 50 24 that
2342 3154 52 32 they
2412 3156 73 21 cannot

1909 3192 77 18 return
1999 3187 56 23 with
2076 3188 80 31 safety.
2193 3187 78 25 While
2290 3192 23 20 at
2335 3188 57 24 Port
2404 3186 82 25 Under-

1910 3220 70 30 wood,
2002 3221 38 23 the
2061 3221 62 24 chief
2148 3221 78 24 Police
2247 3221 137 31 Magistrate
2404 3218 84 26 secured

1911 3259 43 19 two
1967 3255 25 23 of
2009 3254 121 24 Williams'
2149 3255 142 31 ringleaders
2309 3256 25 22 in
2355 3255 38 23 the
2410 3252 77 25 assault

1911 3296 59 23 upon
1984 3287 36 24 the
2043 3288 136 30 constables,
2191 3289 45 24 and
2248 3297 14 14 a
2272 3289 101 24 deserter
2385 3288 56 23 from
2452 3286 33 23 the

1911 3322 66 28 96th,
1991 3321 50 24 who
2053 3321 40 24 left
2105 3323 35 23 his
2151 3323 113 30 regiment
2276 3323 66 23 while
2354 3320 105 25 stationed
2469 3323 20 19 at

1911 3355 152 29 Parramatta,
2077 3356 23 23 in
2119 3356 59 23 New
2191 3356 74 24 South
2279 3356 86 27 Wales,
2378 3360 41 19 two
2431 3360 57 25 years

1911 3389 62 23 since
1982 3398 5 19 ;
2008 3389 45 23 and
2062 3389 95 24 secured
2170 3389 37 24 the
2227 3391 53 22 boat
2292 3390 73 23 which
2377 3386 111 26 Williams'

1911 3422 80 32 people
2022 3422 57 24 stole
2106 3424 60 23 from
2192 3424 38 22 the
2259 3424 133 23 constables.
2445 3420 41 23 Mr.

1912 3456 139 31 M'Donogh
2070 3464 32 16 we
2122 3465 39 15 are
2179 3457 120 30 informed,
2323 3456 63 24 made
2406 3452 83 26 himself

1911 3497 55 24 very
1978 3490 82 28 useful,
2073 3490 44 24 and
2130 3491 83 23 caused
2225 3490 87 24 several
2326 3495 101 25 runaway
2439 3486 47 24 sail-

1912 3531 37 16 ors
1961 3528 22 19 to
1996 3529 78 18 return
2087 3528 22 19 to
2128 3525 59 23 their
2205 3523 95 24 vessels.
2338 3523 49 24 The
2399 3520 90 26 authori-

1912 3558 43 22 ties
1966 3556 85 31 having
2063 3557 56 23 been
2138 3565 26 16 so
2183 3562 98 27 prompt,
2294 3557 63 24 there
2369 3563 39 17 can
2426 3556 26 22 be
2462 3560 24 16 no

1912 3591 70 23 doubt
1993 3591 46 23 will
2052 3591 55 23 have
2119 3599 14 15 a
2145 3591 101 31 salutary
2258 3591 67 23 effect
2337 3598 29 16 on
2377 3591 36 23 the
2424 3591 63 20 coast.

1912 3624 44 24 We
1968 3628 96 27 suggest
2076 3624 47 23 that
2135 3624 123 31 periodical
2271 3625 67 23 visits
2351 3624 24 23 of
2389 3623 36 23 the
2437 3619 49 25 kind

1913 3658 73 23 would
1998 3659 27 22 be
2032 3657 135 23 favourable
2190 3662 21 19 to
2224 3659 95 29 causing
2332 3658 38 23 the
2380 3657 40 23 law
2433 3661 20 17 to
2464 3654 24 22 be

1913 3690 126 32 respected.

1948 3725 50 23 The
2010 3723 115 31 following
2137 3725 87 23 vessels
2236 3732 58 16 were
2300 3725 25 23 in
2338 3723 86 30 Cloudy
2435 3721 53 30 Bay:

1913 3758 125 24 Ameiican
2066 3757 85 32 barque
2180 3757 132 30 Favourite,
2342 3757 90 30 Ypung,
2462 3754 24 23 11

1914 3791 91 24 months
2018 3794 46 25 out,
2084 3792 49 26 000
2144 3800 3 4 •
2153 3791 86 24 barrels
2260 3800 84 23 sperm,
2356 3793 49 22 500
2422 3786 67 28 black,

1914 3825 45 23 will
1971 3824 43 23 call
2025 3823 54 24 here
2091 3824 35 24 for
2138 3825 101 32 supplies
2252 3825 24 23 in
2287 3824 133 24 December.

1949 3858 49 23 The
2027 3857 52 31 brig
2107 3855 157 35 Highlander,
2294 3858 85 29 Lacas,
2409 3855 80 25 Hobart

1916 3892 79 28 Town,
2008 3893 50 21 250
2071 3892 86 23 barrels
2168 3892 70 24 black
2248 3891 39 24 oil.

1949 3925 52 24 The
2013 3923 71 25 Thee
2099 3924 118 30 Brothers,
2228 3925 79 28 Toms,
2318 3925 44 23 and
2373 3924 36 24 the
2417 3921 72 25 Leven,

1916 3959 104 28 Sweeny,
2033 3965 59 17 were
2104 3958 54 24 both
2170 3958 94 29 loading
2276 3959 29 22 oil
2317 3958 36 24 for
2365 3957 44 24 this
2417 3958 55 29 port.

543 59 96 44 Sty
665 58 116 41 Weto
809 55 207 40 i&salanb
1044 52 190 46 <Sra?ttte
1260 51 92 38 ati&
1379 47 300 45 smeittngton
1702 44 258 48 Spectator.

1406 129 138 32 MIDDLE
1566 134 157 25 ISLAND.

650 130 94 51 New
775 130 218 51 Zealand
1024 130 218 51 Gazette

650 181 71 39 AND
745 181 236 39 WELLINGTON
1005 181 237 39 SPECTATOR.

750 268 156 21 Wednesday,
922 265 96 21 August
1032 265 21 25 7,
1069 265 61 20 1844.

753 320 194 26 GOVERNOR
973 318 159 25 FITZROY.

1878 134 53 23 land
1942 133 43 24 and
1998 133 38 22 the
2047 132 50 30 Bay
2107 132 25 23 of
2141 131 100 24 Islands,
2267 122 120 47 jj^nother.
2388 131 69 26 £500

1878 166 72 24 would
1963 172 78 16 secure
2060 173 19 15 a,
2092 165 83 30 packer
2186 158 215 41 running^between
2413 165 43 24 this

1879 200 70 30 place,
1963 198 83 30 Otago,
2060 197 103 28 Akaroli;
2175 196 43 23 and
2237 196 165 30 Portji.Cooper,
2414 199 42 22 and

1880 233 36 22 the
1947 231 127 30 remaining
2098 231 73 23 £500
2206 237 14 15 a
2250 228 83 31 packet
2357 229 98 25 between

1879 265 44 22 this
1949 264 72 31 place,
2048 263 90 24 Nelson
2165 262 45 23 and
2233 261 123 23 Taranaki.
2408 262 49 25 The

1879 298 99 30 peculiar
1996 296 80 23 fitness
2098 296 26 22 of
2147 296 57 22 Port
2225 294 125 24 Nicholson
2368 294 35 23 for
2424 296 34 23 the

1879 330 57 23 head
1959 330 26 23 of
2012 329 38 23 the
2078 329 58 23 Post
2158 328 75 24 Office
2262 326 88 25 Packet
2377 329 82 23 service

1880 364 18 22 is
1911 363 82 30 proved
2013 363 28 29 by
2054 361 38 24 the
2104 362 46 22 fact
2161 360 49 24 that
2228 362 17 21 it
2257 360 21 23 is
2299 360 37 23 the
2348 360 52 29 only
2411 361 48 24 first

1881 396 56 22 class
1960 400 52 26 port
2032 400 22 18 at
2075 394 74 23 which
2169 395 18 21 it
2205 393 67 23 could
2294 393 27 22 be
2339 393 121 25 conducted

1880 428 93 23 without
1986 428 38 23 the
2035 426 88 25 several
2134 426 95 32 packets
2248 426 85 29 having
2344 430 22 18 to
2379 433 41 16 run
2431 435 28 15 an

1879 468 153 23 unnecessary
2039 461 109 28 distance,
2185 459 48 23 Can
2242 466 41 15 our
2293 462 167 28 contemporary

1880 494 95 31 gainsay
1986 493 38 24 the
2042 494 126 30 foregoing,
2182 492 44 23 and
2246 492 19 22 is
2286 492 28 22 he
2326 491 133 31 sufficiently

1881 527 104 30 patriotic
2007 526 46 22 still
2077 531 22 17 to
2123 526 106 23 advocate
2252 524 38 23 the
2319 529 98 26 greatest
2438 527 24 21 of

1881 560 112 28 blessings
2003 567 12 15 a
2024 558 70 30 really
2102 558 177 30 representative
2290 557 153 24 Government
2450 559 8 22 ?

2015 622 78 22 NEW
2112 621 220 23 EDINBURGH.

1915 677 50 24 The
1979 676 88 24 Carbon
2079 676 89 23 arrived
2180 684 28 15 on
2220 677 39 22 the
2271 676 47 23 2nd
2330 676 24 23 of
2369 677 90 30 August

1882 712 56 22 from
1952 711 84 29 Otago,
2049 710 43 23 and
2105 717 33 16 we
2150 709 54 24 hear
2213 709 50 23 that
2274 708 38 24 the
2324 710 110 30 purchase
2440 712 23 22 of

1883 745 38 22 the
1931 743 53 24 land
2000 743 62 23 there
2074 743 44 23 had
2132 743 56 23 been
2201 742 159 30 satisfactorily
2372 750 89 24 arrang-

1870 799 2 4 ,
1883 778 34 22 cd.
1954 776 50 24 The
2017 777 129 30 signatures
2159 776 25 23 of
2193 776 38 22 the
2246 775 70 23 chiefs
2329 783 57 15 were
2399 782 21 17 to
2438 777 24 23 be

1883 810 104 24 obtained
2000 809 44 23 and
2056 809 37 23 the
2114 813 108 26 payment
2243 809 35 22 for
2290 808 38 23 the
2338 808 55 24 land
2405 814 21 18 to
2438 809 24 24 be

1883 844 64 23 made
1968 851 28 15 oti
2021 843 37 22 the
2078 842 43 31 day
2142 842 57 23 after
2218 842 37 23 the
2276 840 87 25 Carbon
2385 842 75 24 sailed,
2475 849 12 19 f

1885 877 41 23 We
1938 877 56 23 have
2006 880 38 19 not
2065 875 70 24 heard
2145 875 123 31 positively
2281 873 48 24 who
2351 875 54 23 have
2424 875 38 23 ob-

1884 910 73 23 tained
1977 910 38 22 the
2036 913 112 19 contracts
2169 908 36 23 for
2225 908 39 23 the
2285 915 80 23 survey
2386 908 25 23 of
2428 908 35 23 the

1883 943 60 28 land,
1956 943 41 23 hut
2008 943 17 22 it
2045 943 18 21 is
2078 941 100 31 reported
2201 940 50 24 that
2272 940 49 24 Mr.
2340 941 65 23 Park
2420 948 44 16 .was

1884 983 42 16 one
1938 976 25 22 of
1982 976 36 22 the
2038 980 146 18 contractors.
2221 974 51 23 The
2285 973 115 28 Deborah,
2413 975 51 22 with

1886 1009 46 23 Mr.
1953 1008 71 30 Spain
2045 1008 45 23 and
2112 1007 94 23 Colonel
2225 1006 135 29 Wakeiield,
2380 1014 44 16 was
2442 1013 22 19 to

1884 1042 63 23 leave
1959 1040 77 31 Otago
2049 1040 35 23 for
2105 1040 87 24 Nelson
2205 1047 30 16 on
2247 1040 39 23 the
2298 1039 58 25 30th
2368 1040 25 23 of
2410 1040 56 31 July,

1885 1075 43 23 and
1941 1074 73 23 would
2026 1074 52 23 land
2091 1073 99 24 Messrs.
2204 1073 65 23 Park
2282 1074 44 22 and
2337 1073 100 23 Thomas
2445 1079 22 17 at

1886 1108 88 30 Cloudy
1987 1107 49 31 Bay
2050 1115 28 15 on
2090 1107 41 23 her
2143 1114 49 23 way
2205 1112 22 17 to
2240 1106 38 23 the
2292 1107 92 23 Straits.

2053 1169 25 22 A
2180 1167 25 24 KA
2222 1168 22 23 RO
2264 1167 30 24 A.
