2529 4039
1447 3754 206 24 AUCKLAND.

1959 3764 241 26 LEGISLATIVE
2227 3765 160 25 COUNCIL.

643 3299 30 19 To
682 3299 35 20 the
731 3301 78 19 Editor
825 3301 26 25 of
861 3303 35 19 the
910 3303 54 20 New
981 3304 93 21 Zealand
1089 3306 87 21 Gazette
1190 3308 42 20 and

811 3330 126 25 Wellington
945 3331 122 26 Spectator.

675 3361 53 23 Mr.
739 3362 108 30 Editor,
850 3376 34 4 —
886 3363 49 25 The
945 3365 130 25 south-east
1084 3367 63 30 gales
1157 3368 71 25 which

639 3395 116 30 prevailed
766 3397 83 31 during
861 3398 39 23 the
917 3399 63 27 early
992 3405 52 26 part
1060 3400 24 23 of
1099 3401 45 23 last
1156 3403 71 28 week,

639 3428 57 24 have
718 3431 95 23 covered
833 3431 39 23 the
894 3437 69 24 coast,
985 3433 36 24 for
1039 3442 68 23 many
1117 3436 66 23 miles
1205 3437 23 23 in

640 3468 85 24 extent,
744 3464 54 24 with
817 3464 78 25 fishes.
933 3466 29 24 In
983 3475 63 15 some
1065 3473 64 26 parts
1150 3470 24 23 of
1190 3470 38 24 the

639 3501 71 24 coast,
722 3505 63 16 more
797 3499 122 31 especially
930 3508 25 16 as
969 3500 12 24 I
994 3509 37 16 am
1043 3503 118 29 informed,
1174 3511 54 16 near

640 3529 63 31 Cape
715 3530 129 31 Terawitte,
857 3533 39 23 the
908 3535 105 30 quantity
1026 3536 25 23 of
1065 3536 44 24 fish
1120 3537 65 31 lying
1197 3546 29 15 on

640 3562 37 23 the
702 3564 72 24 beach
795 3565 63 30 dead,
885 3574 119 24 surpasses
1026 3569 30 24 all
1078 3570 70 23 belief
1148 3583 31 4 —
1181 3577 47 18 cart

637 3595 64 24 loads
715 3598 66 23 could
792 3598 28 24 be
841 3600 109 24 collected
969 3602 80 24 within
1067 3609 43 18 two
1124 3612 24 15 or
1162 3604 63 24 three

638 3628 103 26 hundred
762 3632 77 30 yards.
875 3633 13 23 I
910 3635 82 23 visited
1011 3644 28 15 on
1058 3637 113 31 Saturday
1183 3638 44 23 last

638 3663 49 23 that
705 3670 52 26 part
776 3666 33 23 of-
817 3666 37 23 the
876 3673 62 18 coast
957 3674 24 18 at
992 3669 38 24 the
1051 3671 78 23 mouth
1148 3671 25 23 of
1189 3672 37 24 the

638 3696 82 31 Ohiro,
751 3699 44 23 and
821 3699 110 33 although
958 3701 64 26 three
1049 3711 25 16 or
1098 3704 51 25 four
1170 3705 56 31 days

637 3729 45 24 had
693 3731 99 32 elapsed,
804 3733 44 24 and
860 3734 38 23 the
909 3734 102 25 Maories
1021 3736 43 24 had
1073 3738 57 24 been
1139 3747 86 15 unusu-

636 3764 46 31 ally
694 3767 72 22 active
777 3767 25 22 in
811 3769 133 31 preserving
953 3770 45 23 and
1009 3771 107 31 bringing
1129 3778 22 18 to
1162 3780 63 17 mar-

635 3797 42 24 ket
689 3798 37 23 the
748 3800 49 23 best
809 3802 135 30 specimens,
964 3802 14 24 I
991 3811 46 16 was
1056 3811 38 17 not
1113 3806 53 30 only
1186 3814 39 16 as-

636 3831 105 25 tonished
753 3838 23 18 at
787 3833 38 24 the
842 3841 51 17 vast
903 3838 166 23 accumulation
1080 3839 25 23 of
1121 3839 43 24 fish
1178 3839 47 24 still

635 3865 94 24 allowel
742 3870 22 20 to
785 3873 113 19 macerate
918 3878 29 15 on
953 3871 54 23 -the
1028 3871 77 30 beach,
1118 3873 41 23 but
1175 3874 25 22 in
1213 3881 12 15 a

634 3906 55 24 very
710 3900 64 24 short
792 3901 54 23 time
855 3922 5 9 ,
870 3901 83 32 picked
979 3912 31 24 up
1031 3912 68 17 seven
1119 3905 106 25 different

633 3934 89 30 species
734 3934 26 23 of
774 3934 87 34 fishes,,
865 3936 74 24 which
959 3936 14 24 I
986 3938 45 23 had
1044 3943 38 19 not
1093 3940 132 31 previously

633 3974 63 16 seen.
733 3967 73 32 Many
826 3969 76 24 others
922 3969 38 32 lay
980 3971 71 26 about
1067 3972 24 23 in
1104 3972 32 25 all
1148 3972 75 26 direc-

1288 3805 80 23 Town
1398 3805 218 26 Improvements.
1629 3807 69 24 —It
1722 3809 67 30 gives
1819 3818 27 15 us

1253 3839 67 24 much
1333 3839 103 31 pleasure
1449 3844 22 19 to
1485 3841 79 23 record
1576 3842 39 23 the
1634 3849 108 24 progress
1762 3844 27 22 of
1804 3844 42 23 im-

1252 3878 143 26 provements
1417 3873 24 23 in
1461 3881 41 16 our
1526 3875 93 31 capital.
1657 3875 52 24 The
1720 3875 126 33 Episcopal

1254 3906 92 23 Church
1368 3906 73 24 which
1459 3906 37 25 for
1517 3912 61 20 want
1596 3908 27 23 of
1637 3908 78 30 funds,
1731 3911 115 23 remained

1252 3948 26 16 so
1290 3940 54 31 long
1355 3941 23 22 in
1390 3943 64 21 statu
1466 3948 51 24 quo,
1530 3942 20 23 is
1570 3949 52 16 now
1632 3942 46 23 fast
1690 3943 156 32 approaching

1253 3979 25 22 to)
1296 3974 145 31 completion,
1467 3975 44 23 and
1534 3976 70 31 being
1636 3984 14 16 a
1672 3981 63 26 tasty
1757 3977 89 32 design,

1987 3816 133 29 Tuesday,
2138 3816 66 24 May
2223 3818 41 27 28,
2285 3818 87 22 1844..

1907 3876 91 22 Present
2006 3883 5 14 :
2013 3887 27 4 —
2043 3875 48 23 The
2110 3876 120 22 Governor
2239 3875 46 23 and
2302 3875 30 22 all
2343 3875 36 24 the
2396 3877 75 22 Mem-

1876 3903 59 21 bers.
2460 3919 4 6 ,
2471 3918 10 14 s

1904 3929 103 23 Minutes
2024 3930 27 22 of
2073 3929 41 23 the'
2131 3930 43 22 last
2193 3930 98 27 meeting
2309 3929 84 29 having
2409 3926 72 34 ;besnT

1874 3957 54 22 read
1940 3957 43 22 and
1994 3957 133 22 confirmed.
2415 3965 3 5 •
2455 3971 4 3 •

1902 3985 48 22 The
1969 3985 118 22 Governor
2102 3984 56 28 said,
2169 3985 38 23 the
2226 3984 100 25 Returns
2338 3985 79 23 moved
2434 3985 36 26 for

585 41 97 46 m*
706 43 119 40 Wfcto
850 44 209 41 Xmlanb
1084 47 193 47 <&a?cttc
1301 52 91 37 anfr
1416 52 303 48 vmtlUnqton
1745 55 252 48 £pcrtatot\

76 140 8 7 .
117 120 50 23 The
183 121 58 23 New
256 121 134 32 Zealander,
410 126 87 29 Guard,
519 135 45 15 was
576 128 85 23 under-

82 153 71 30 going
163 154 93 30 repair^.

116 185 93 24 Levin's
222 189 80 22 station
324 190 89 31 Cloudy
426 191 55 31 Buy,
496 192 40 23 has
555 195 32 21 53
609 197 53 19 tuns

82 217 37 28 oil,
132 218 94 24 Thorns'
238 222 32 22 30
281 227 60 23 tun*,
353 223 121 24 Williams'
487 227 40 21 22.

129 277 157 25 MILITARY
301 281 68 21 AND
385 282 111 23 POLICE
510 283 105 22 FORCE.

1301 138 65 28 tions,
1376 138 40 23 but
1428 139 58 23 their
1496 147 65 24 great
1569 142 47 22 size
1627 143 120 29 prevented
1756 152 38 21 my
1805 145 78 30 bring-

1300 169 39 31 ing
1357 171 59 23 them
1440 180 70 22 away.
1554 173 50 24 The
1620 176 85 29 species
1728 182 59 17 most
1806 178 77 29 prized

1288 206 2 25 I
1300 202 28 30 by
1341 203 126 31 aborigines
1480 206 43 22 and
1535 207 99 28 settlers,
1647 216 25 15 as
1684 209 38 22 the
1736 209 90 31 hapuka
1839 211 44 23 and

1299 234 117 31 barakuta,
1429 237 43 23 had
1484 238 56 23 been
1548 239 30 23 all
1591 240 105 23 collected
1709 242 23 23 in
1743 242 37 23 the
1791 242 92 32 locality

1299 267 13 22 I
1324 275 44 16 was
1380 269 94 23 enabled
1486 274 22 19 to
1529 272 61 28 visit,
1603 273 45 23 and
1660 274 71 23 either
1750 274 97 32 brought
1860 282 23 18 to

1300 300 139 31 Wellington
1451 302 34 23 for
1505 303 56 30 sale,
1575 312 24 15 or
1611 305 63 31 hung
1693 314 29 22 up
1742 312 22 18 to
1777 308 38 31 dry
1829 317 54 16 near

1298 333 43 22 the
1353 339 57 25 spot.

1331 366 35 30 By
1378 367 33 23 far
1424 368 37 22 the
1473 373 88 24 greater
1578 372 127 27 proportion
1720 373 26 22 of
1761 373 38 22 the
1810 374 69 23 fishes

1298 397 52 24 thus
1362 404 48 18 cast
1420 401 80 22 ashore
1514 401 108 31 belonged
1635 408 21 18 to
1666 404 35 23 the
1714 405 166 30 Anguilliforui

1297 430 71 31 Type,
1381 440 26 15 so
1420 433 66 23 much
1499 441 25 15 so
1543 435 80 23 indeed
1637 435 45 25 that
1695 438 44 22 five
1752 445 38 16 out
1802 440 23 22 of
1842 441 38 22 the

1297 471 67 15 seven
1385 467 85 28 species
1484 466 13 23 I
1516 467 115 29 collected,
1653 469 56 24 have
1731 470 37 24 the
1787 474 92 28 general

1301 496 54 23 form
1369 498 53 23 with
1444 498 37 23 the
1502 500 118 30 elongated
1641 503 90 29 pointed
1752 504 40 23 tail
1804 505 24 23 of
1844 506 38 23 the

1295 529 41 23 eel.
1373 531 50 23 The
1444 531 100 24 Maories
1564 538 22 18 to
1607 535 72 23 whom
1697 536 12 23 I
1722 536 58 24 have
1792 538 89 31 applied

1296 562 33 22 for
1342 570 76 16 names
1430 569 22 18 to
1474 564 62 25 these
1558 566 69 24 fishes
1645 576 83 23 appear
1746 578 54 23 very
1812 572 67 22 much

1295 599 22 17 at
1333 603 13 15 a
1357 596 52 28 loss,
1423 597 42 23 and
1486 598 69 23 admit
1575 599 79 24 indeed
1673 602 46 23 that
1742 611 61 14 more
1823 604 56 24 than

1294 635 41 15 one
1347 630 113 28 specimen
1474 638 37 15 are
1529 632 96 30 entirely
1637 641 47 15 new
1700 636 45 22 and
1758 636 25 22 of
1799 644 80 16 course

1293 661 113 23 unknown
1420 668 22 17 to
1455 663 67 23 them.
1547 664 50 24 The
1609 666 113 24 condition
1735 669 43 22 and
1791 670 88 31 quality

1293 693 26 23 of
1333 702 42 15 onu
1387 695 43 22 and
1442 695 30 23 all
1484 697 24 22 of
1526 697 38 23 the
1584 700 127 28 specimens
1731 701 13 23 I
1757 702 56 23 have
1825 711 54 15 seen

1294 734 37 15 are
1345 728 24 22 of
1384 728 37 22 the
1439 730 111 22 first-rate
1569 731 73 28 order,
1656 734 42 22 and
1721 733 13 23 I
1753 734 53 31 long
1818 743 61 16 more

1300 759 52 23 than
1366 768 50 15 ever
1429 766 22 18 to
1470 770 37 15 see
1519 770 13 15 a
1552 764 90 30 regular
1663 771 33 18 set
1717 768 25 22 of
1757 768 122 24 fishermen

1296 793 108 23 establish
1428 795 135 23 themselves
1585 804 63 16 some
1672 799 74 23 where
1764 808 54 15 near
1837 810 42 15 our

1295 825 103 29 harbour,
1411 835 25 15 so
1449 828 49 23 that
1510 836 12 15 a
1543 829 110 31 deep-sea
1672 832 83 30 fishery
1773 834 71 30 might
1855 840 24 18 at

1294 858 57 23 ltast
1371 861 25 21 be
1417 862 152 24 commenced.
1611 863 13 23 I
1646 872 50 22 may
1710 867 98 23 mention
1829 868 50 23 that

1295 891 36 22 the
1345 893 49 22 food
1407 894 25 22 of
1442 895 77 29 nearly
1528 895 29 22 all
1569 896 38 23 the
1620 899 126 27 specimens
1756 898 13 23 I
1782 900 95 31 brought

1291 932 61 22 away
1366 933 92 23 appears
1473 933 21 17 to
1518 928 57 23 have
1587 929 56 23 been
1658 930 37 24 the
1707 931 102 25 smallest
1821 934 56 23 kind

1292 957 25 22 of
1331 964 115 18 Crustacea
1458 961 42 23 and
1514 961 57 28 thejr
1584 970 49 16 ova.

1440 992 11 23 I
1465 1001 44 21 am,
1523 996 53 22 dear
1592 996 45 29 Sir,

1475 1026 84 25 Your's
1571 1030 153 31 respectfully,

1524 1061 81 24 Fred.
1620 1062 69 24 John
1702 1064 87 30 Knox,
1805 1066 68 24 M.D.

1290 1090 147 31 Wellington,
1453 1093 91 30 August
1561 1097 23 26 5,
1600 1097 72 22 1814.

1488 1152 176 25 PETITION.

1912 147 83 23 viewed
2007 155 27 16 on
2048 149 73 23 either
2129 150 56 28 side,
2197 148 133 33 (especially
2339 152 54 24 from
2408 155 83 23 vessels

1913 185 22 16 at
1946 179 58 30 sea,)
2016 181 20 22 is
2048 182 71 31 really
2130 190 12 15 a
2161 190 52 22 very
2224 188 74 25 pretty
2310 185 79 31 object.

1945 211 77 24 Those
2034 214 49 22 who
2103 215 89 24 resided
2211 215 54 22 here
2284 217 44 23 last
2349 219 83 29 winter,
2446 220 45 22 and

1912 244 118 24 witnessed
2039 246 38 24 the
2085 248 114 24 condition
2206 248 25 22 of
2239 248 37 23 the
2283 249 75 30 public
2367 251 124 31 thorough-

1911 276 58 24 fares
1982 282 23 18 at
2025 277 50 25 that
2095 281 62 28 time,
2169 285 61 20 must
2250 281 47 22 also
2317 282 44 23 feel
2379 284 52 30 glad
2444 284 47 24 that

1911 317 62 14 some
1985 312 109 22 attention
2107 313 21 23 is
2136 314 126 30 now'being
2270 314 51 30 paid
2333 319 21 19 to
2364 315 37 23 the
2411 317 80 23 wishes

1910 342 26 22 of
1959 342 37 23 the
2016 344 89 29 people,
2126 345 30 30 by
2176 346 94 30 making
2280 347 60 30 good
2357 349 134 24 substantial

1912 375 73 29 toads,
1997 376 44 21 and
2054 376 37 23 the
2105 378 66 23 funds
2192 386 37 15 are
2241 385 38 18 not
2291 380 30 23 all
2333 381 116 30 expended
2467 383 24 22 in

1911 408 175 29 improvements
2106 411 68 22 about
2194 410 154 26 Government
2368 414 77 28 house,
2465 423 26 15 as

1912 439 52 24 then
1976 442 111 28 appeared
2100 447 23 18 to
2134 442 28 24 be
2174 444 37 22 the
2223 451 58 17 case.

1943 472 44 24 We
1999 479 59 17 want
2070 479 23 18 to
2105 483 37 15 see
2155 476 37 23 the
2213 476 38 22 old
2262 482 85 25 system
2359 479 24 23 of
2397 480 94 23 wooden

1910 505 114 31 buildings
2037 507 116 24 abolished
2163 517 5 20 ;
2189 508 50 30 why
2251 509 26 23 do
2289 515 39 18 not
2339 512 78 30 people
2428 513 63 23 build

1910 538 53 23 with
1975 539 83 23 brick?
2072 540 38 23 the
2122 542 60 29 price
2195 541 18 22 is
2226 549 49 15 now
2286 550 54 23 very
2352 546 139 28 reasonable,

1910 570 38 23 the
1959 571 51 23 best
2022 573 87 30 quality
2121 582 36 15 are
2170 581 49 16 now
2232 575 123 24 advertised
2368 582 22 17 at
2401 578 35 23 £l
2449 587 42 22 per

1910 605 64 22 1000
1983 613 6 18 ;
2010 604 38 24 the
2060 606 120 24 difference
2193 606 24 23 of
2232 607 37 23 the
2281 616 98 22 expense
2389 609 102 26 between

1909 644 13 14 a
1934 636 65 24 brick
2010 637 104 32 building
2122 640 42 23 and
2173 648 14 15 a
2198 640 90 23 wooden
2297 649 42 15 one
2349 643 24 22 of
2383 642 38 23 the
2427 651 63 17 same

1909 669 138 24 dimensions
2058 671 62 24 lined
2131 672 108 31 complete
2253 673 141 32 throughout,
2406 676 19 22 is
2437 684 54 23 very

1909 702 84 31 trifling
2002 712 6 19 ;
2027 703 43 23 but
2092 705 64 23 when
2176 712 30 16 we
2226 706 52 22 take
2298 707 47 23 into
2359 709 132 24 calculation

1908 734 38 23 the
1959 734 85 32 danger
2057 736 55 23 from
2127 738 46 28 fire,
2185 738 42 23 and
2242 739 35 22 the
2288 739 118 25 difference
2417 742 22 22 in
2451 743 39 23 the

1907 768 96 22 comfort
2015 770 43 22 and
2081 770 120 31 durability
2214 771 25 23 of
2254 771 36 23 the
2310 777 50 24 two,
2372 782 32 15 we
2420 776 70 30 really

1907 799 66 24 think
1987 803 78 29 people
2080 803 49 23 who
2141 812 29 22 go
2191 811 28 15 on
2239 804 104 32 building
2354 808 52 22 with
2418 809 70 28 wood,

1906 838 62 18 must
1980 834 56 23 have
2049 836 68 22 taken
2135 837 64 23 leave
2211 839 25 21 of
2253 837 56 24 their
2326 846 84 17 senses.
2447 841 43 24 We

1906 866 79 23 should
1998 867 28 23 be
2046 876 52 22 very
2111 877 64 23 sorry
2188 874 21 18 to
2229 870 90 23 witness
2331 879 13 15 a
2356 872 134 26 destructive

1905 899 40 22 fire
1966 900 23 23 in
2008 901 134 30 Auckland,
2164 904 40 22 but
2222 903 95 31 nothing
2338 912 72 16 seems
2427 914 63 17 more

1905 933 106 29 probable
2033 935 18 21 if
2082 937 79 29 people
2185 937 103 22 continue
2310 937 103 33 building
2434 940 54 23 with

1905 966 70 23 wood.
2013 967 42 23 We
2066 970 52 28 give
2131 970 63 23 these
2212 969 41 23 few
2272 971 60 23 hints
2345 979 26 15 on
2384 973 38 22 the
2432 973 56 23 sub-

1901 997 53 31 ject,
1969 999 86 32 hoping
2067 1001 36 23 the
2124 1002 143 31 Legislature
2286 1004 45 23 will
2350 1004 51 23 take
2412 1006 17 22 it
2441 1006 47 23 into

1904 1032 175 30 consideration,
2093 1035 42 22 and
2157 1042 53 24 pass
2229 1043 13 14 a
2260 1036 42 22 law
2314 1041 23 18 to
2348 1044 91 23 prevent
2451 1039 39 23 the

1903 1065 97 22 erection
2020 1065 25 23 of
2067 1075 45 22 any
2131 1076 61 15 more
2211 1069 91 22 wooden
2323 1070 120 32 buildings,
2464 1072 24 23 in

1903 1098 82 23 certain
1999 1103 82 19 streets
2091 1100 73 24 where
2173 1101 37 23 the
2220 1101 82 23 houses
2310 1111 38 14 are
2357 1105 129 24 connected.

1903 1142 34 4 —
1937 1130 121 24 Auckland
2070 1132 127 24 Chronicle.

1935 1163 187 26 Distillation
2135 1167 70 24 Bill.
2208 1179 34 4 —
2242 1167 42 23 We
2302 1168 91 24 observe
2406 1170 29 31 by
2448 1171 37 23 the

1902 1197 148 31 proceedings
2068 1199 23 23 in
2114 1199 94 24 Council
2234 1208 28 15 on
2283 1201 121 33 Thursday
2431 1204 52 29 last,

1902 1229 49 23 that
1963 1230 38 23 the
2013 1232 71 23 above
2105 1232 47 24 Bill
2172 1234 41 23 has
2232 1234 57 23 been
2309 1236 53 22 read
2380 1244 12 15 a
2404 1238 82 22 second

1902 1264 61 27 time,
1976 1264 41 22 but
2029 1272 33 16 we
2075 1274 38 15 are
2125 1274 64 23 sorry
2200 1271 20 18 to
2233 1274 37 16 see
2281 1267 48 23 that
2341 1269 16 22 it
2369 1270 18 21 is
2399 1275 39 18 not
2450 1271 35 22 in-

1900 1296 82 23 tended
1995 1302 21 17 to
2040 1306 62 15 come
2115 1300 46 23 into
2175 1301 113 29 operation
2305 1302 58 22 until
2375 1304 111 29 approved

1900 1329 25 22 of
1940 1335 23 17 at
1975 1330 75 24 home.
2088 1332 57 23 This
2166 1333 21 23 is
2208 1333 38 22 the
2258 1333 52 31 only
2324 1342 101 16 measure
2437 1337 47 22 cal-

1900 1362 90 23 culated
2003 1368 22 18 to
2039 1364 92 25 benefit,
2134 1366 37 23 the
2191 1366 86 30 colony,
2290 1366 43 23 but
2344 1368 17 23 it
2372 1369 19 22 is
2403 1369 80 23 indefi-

1899 1395 70 30 nitely
1990 1398 134 29 postponed.
2128 1411 33 4 —
2163 1399 53 23 Had
2228 1399 18 23 it
2267 1399 56 24 been
2335 1409 14 14 a
2368 1401 51 24 Tax
2438 1402 48 24 Bill

1897 1435 35 16 we
1944 1429 81 24 should
2037 1436 39 17 not
2088 1431 54 24 hear
2154 1441 13 14 a
2180 1432 59 23 word
2252 1432 68 25 about
2332 1434 38 23 the
2381 1436 103 23 sanction

1899 1462 25 23 of
1940 1462 38 23 the
1998 1463 78 24 Home
2097 1464 164 24 Government.
2297 1467 44 23 We
2360 1468 27 23 do
2408 1468 75 30 think,

1897 1495 146 32 considering
2063 1498 39 23 the
2120 1499 30 22 ad
2166 1498 99 24 valorem
2285 1502 139 29 oppression,
2444 1502 39 24 the

1898 1529 82 23 official
1992 1530 113 24 members
2118 1533 72 30 might
2203 1532 56 22 have
2272 1538 21 17 at
2306 1533 56 24 least
2373 1535 112 24 conceded

1898 1561 44 24 this
1955 1563 64 29 point
2039 1569 21 18 to
2081 1565 37 22 the
2140 1566 139 23 non-official
2302 1568 117 28 members,
2432 1569 50 23 who

1896 1596 67 22 voted
1976 1596 22 23 in
2011 1597 30 22 its
2053 1598 88 23 favour.
2179 1598 102 31 Perhaps
2295 1608 13 14 a
2319 1601 94 30 petition
2425 1602 59 24 from

1900 1628 63 23 those
1975 1629 123 24 interested
2112 1632 21 22 in
2155 1632 38 23 the
2215 1639 102 16 measure
2339 1634 71 31 might
2426 1643 57 16 war-

1896 1666 51 19 rant
1959 1662 35 23 his
2016 1662 140 33 Excellency
2170 1665 24 23 in
2215 1665 105 31 bringing
2344 1668 16 22 it
2380 1668 47 23 into
2439 1669 44 23 im-

1895 1695 97 23 mediate
2005 1698 125 28 operation.
2167 1697 43 24 We
2223 1698 85 24 believe
2328 1700 26 23 he
2366 1701 40 23 has
2419 1710 12 15 a
2443 1703 40 22 de-

1895 1728 46 23 sire
1955 1733 20 18 to
1989 1729 27 22 do
2029 1730 24 28 it,
2077 1731 45 23 and
2143 1731 57 24 such
2221 1740 13 14 a
2246 1732 65 31 thing
2331 1734 73 31 might
2414 1735 27 23 be
2454 1744 29 15 an

1895 1768 199 24 encouragement.
2145 1765 44 23 We
2213 1773 41 15 can
2276 1767 99 31 scarcely
2393 1768 88 24 believe

1895 1794 48 23 that
1963 1795 27 23 he
2011 1797 75 23 would
2105 1797 48 24 like
2175 1803 22 18 to
2216 1798 57 24 have
2292 1800 17 22 it
2321 1801 49 23 said
2382 1801 48 24 that
2443 1802 38 24 the

1895 1827 95 25 Council
2008 1829 76 24 closed
2110 1832 29 22 its
2160 1831 91 31 sittings
2273 1833 92 24 without
2386 1836 96 30 passing

1893 1868 55 17 even
1969 1870 42 15 one
2030 1871 103 16 measure
2154 1871 22 17 to
2197 1865 82 23 benefit
2298 1866 39 24 the
2358 1868 86 31 colony.
2447 1881 35 5 —

1893 1892 115 26 Southern
2022 1896 78 23 Cross.

1927 1928 150 26 Municipal
2099 1931 183 25 Corporation
2303 1933 71 25 Bill.
2377 1947 34 4 —
2411 1935 69 24 From

1894 1961 37 23 the
1944 1961 92 25 debates
2054 1965 23 22 in
2098 1965 97 24 Council
2217 1974 28 15 on
2258 1966 106 32 Tuesday
2376 1968 51 29 last,
2448 1977 32 16 we

1892 2002 37 15 are
1942 1994 75 32 happy
2032 2001 21 17 to
2065 2000 105 27 perceive
2184 1998 48 24 that
2243 2000 18 22 it
2272 2000 20 22 is
2306 2006 40 18 not
2357 2001 36 23 the
2406 2003 74 22 inten-

1891 2027 45 23 tion
1950 2027 25 23 of
1991 2028 34 24 his
2039 2029 141 33 Excellency
2192 2031 37 23 the
2251 2031 119 26 Governor
2382 2040 21 17 to
2417 2043 62 16 com-

1892 2060 37 31 pel
1941 2061 37 23 the
1990 2063 80 30 people
2088 2068 22 18 to
2130 2070 78 25 accept
2230 2065 25 23 of
2271 2066 36 23 the
2331 2067 149 31 Corporation

1891 2095 87 29 against
2000 2095 58 24 their
2081 2105 49 15 own
2152 2097 89 30 wishes,
2259 2100 43 22 and
2325 2100 92 24 without
2434 2110 46 23 any

1890 2127 64 24 lauds
1967 2133 21 18 to
2003 2129 76 24 derive
2091 2139 13 14 a
2116 2139 97 15 revenue
2230 2132 66 24 from.
2335 2133 45 23 His
2392 2134 88 24 Excel-

1891 2161 63 30 lency
1968 2162 53 23 took
2036 2171 11 14 a
2059 2170 61 17 most
2138 2170 87 18 correct
2237 2166 44 23 and
2293 2166 80 24 liberal
2387 2168 54 23 view
2455 2169 25 23 of

1890 2194 36 23 the
1940 2195 70 24 whole
2023 2204 111 22 measure,
2147 2198 44 24 and
2204 2198 20 23 if
2239 2199 36 23 his
2287 2200 62 23 ideas
2365 2209 37 15 are
2414 2203 65 22 acted

1889 2235 67 23 upon,
1979 2229 44 23 and
2043 2232 114 29 approved
2177 2231 26 24 of
2223 2232 30 30 by
2275 2233 36 23 the
2335 2234 75 23 Home
2427 2235 51 24 Go-

1888 2268 124 23 vernment,
2023 2262 37 25 the
2074 2264 150 32 Corporation
2236 2266 46 23 Bill
2295 2267 46 23 will
2354 2267 25 24 be
2391 2276 13 15 a
2416 2269 61 24 boon,

1888 2300 22 18 to
1933 2295 36 24 the
1991 2296 89 31 colony.
2126 2299 23 23 It
2170 2299 46 23 will
2234 2304 40 19 not
2291 2299 102 26 however
2415 2310 63 16 come

1887 2329 46 23 into
1945 2331 115 29 operation
2084 2332 33 22 till
2137 2334 114 29 approved
2264 2334 25 22 of
2304 2339 23 18 at
2348 2335 72 29 home,
2431 2336 46 24 and

1888 2361 37 24 the
1938 2363 119 24 Governor
2070 2372 42 16 ras
2131 2366 96 30 pledged
2241 2366 94 25 himself
2350 2374 37 17 not
2400 2373 22 19 to
2436 2370 40 23 de-

1887 2395 59 24 clare
1959 2405 44 22 any
2023 2398 131 24 settlement
2175 2407 14 15 a
2206 2400 108 31 Borough
2335 2402 77 23 unless
2434 2403 39 23 the

1887 2430 77 30 people
1977 2431 73 23 desire
2062 2432 25 29 it,
2101 2433 42 22 and
2157 2433 77 23 unless
2245 2433 51 31 they
2307 2442 38 16 see
2357 2436 47 23 that
2415 2436 60 25 from,

1886 2458 65 28 lauds
1964 2464 47 23 that
2025 2473 52 22 may
2091 2465 27 23 be
2136 2467 94 30 granted
2245 2472 21 18 to
2286 2467 69 30 them,
2370 2470 17 22 it
2399 2469 74 24 would

1886 2496 27 23 be
1927 2501 21 19 to
1961 2497 58 24 their
2040 2499 126 31 advantage
2179 2506 22 17 to
2223 2501 26 22 be
2270 2501 166 32 incorporated.
2442 2516 35 4 —

1888 2529 35 24 No
1936 2530 72 24 better
2027 2532 106 24 evidence
2147 2534 25 22 of
2189 2533 36 23 the
2247 2534 121 31 depressed
2381 2541 58 19 state
2454 2537 26 23 of

1886 2563 37 23 the
1936 2565 80 30 colony
2029 2566 66 23 could
2115 2567 25 23 be
2161 2568 105 29 required
2288 2568 54 23 than
2363 2569 36 23 the
2420 2570 57 25 total

1885 2597 95 24 absence
1993 2600 25 22 of
2033 2607 44 23 any
2090 2601 137 23 excitement
2239 2608 28 16 on
2279 2601 38 23 the
2329 2607 50 25 part
2391 2603 27 23 of
2433 2603 40 25 the

1884 2631 79 30 people
1976 2633 122 31 regarding
2111 2635 44 22 this
2177 2642 111 16 measure.
2326 2635 58 24 How
2397 2636 78 24 differ-

1885 2670 38 17 ent
1936 2670 41 18 two
1991 2674 65 21 years
2070 2675 42 22 ago
2124 2668 5 23 !—lbid.!
2131 2681 34 4 —
2165 2667 63 25 Ibid.

1918 2704 114 25 Timber.
2036 2718 34 5 —
2070 2706 51 24 The
2133 2706 87 31 Joseph
2242 2706 91 32 Cripps,
2346 2708 32 24 for
2393 2708 82 25 Laun-

1885 2743 84 23 ceston,
1993 2739 41 23 has
2054 2740 70 23 taken
2143 2741 69 24 about
2227 2743 90 26 11,000
2331 2742 44 23 feet
2394 2743 82 24 timber

1884 2770 58 24 from
1955 2771 37 24 the
2013 2773 115 24 Motuaka
2145 2775 53 23 Saw
2212 2775 61 23 Mill.
2310 2775 27 24 If
2354 2776 37 24 the
2404 2776 72 24 result

1885 2804 24 23 of
1925 2805 37 23 the
1975 2807 141 30 speculation
2137 2807 81 24 should
2240 2816 67 23 prove
2320 2810 151 31 satisfactory,

1884 2845 32 15 we
1929 2839 140 24 understand
2083 2841 49 23 that
2143 2842 42 23 she
2196 2842 51 27 will,
2259 2850 27 15 on
2300 2842 40 24 her
2352 2849 53 17 next
2415 2844 61 28 visit,

1884 2871 52 23 take
1956 2881 13 14 a
1982 2873 43 24 full
2046 2882 77 23 cargo.
2160 2875 57 24 This
2236 2876 81 28 vessel,
2331 2884 32 15 we
2382 2877 93 29 believe,

1884 2906 18 21 is
1915 2906 70 31 likely
2000 2913 22 17 to
2035 2908 95 24 become
2141 2917 14 15 a
2167 2908 92 31 regular
2277 2910 75 23 trader
2373 2911 102 23 between.

1884 2938 86 24 Nelson
1983 2941 45 22 and
2043 2942 37 22 the
2092 2942 71 23 above
2177 2948 57 26 port,
2249 2951 31 15 we
2299 2943 58 31 hope
2370 2944 52 23 with
2434 2944 40 23 ad-

1883 2978 94 26 vantage
1990 2980 23 17 to
2025 2975 57 23 both
2095 2976 85 29 places.
2183 2988 33 5 —
2216 2975 89 24 Neison
2321 2976 134 25 Examiner.

694 127 36 21 the
741 129 44 21 end
795 129 26 21 of
831 129 44 22 the'
883 131 47 21 first
943 138 61 24 year,
1022 135 22 17 to
1057 132 106 27 purchase
1179 133 34 22 his
1228 133 47 22 dis-

693 154 80 26 charge
785 155 31 22 for
825 156 59 27 £25;
903 162 22 16 at
934 157 38 21 the
981 157 42 21 end
1034 158 25 21 of
1070 158 36 21 the
1123 159 81 22 second
1219 167 55 19 year

692 180 35 21 for
736 181 47 21 £23
793 190 6 18 ;
809 182 59 22 third
879 183 43 27 do.,
934 184 60 25 £20;
1013 183 71 22 fourth
1095 184 44 27 do.,
1150 185 59 26 £16;
1222 185 50 23 fifth

693 206 43 27 do.,
748 208 58 26 £11;
821 209 59 21 sixth
890 210 43 25 do.,
943 210 42 23 £5.
1024 211 22 20 A
1060 211 80 26 saving
1154 219 52 15 man
1218 220 52 19 may

692 233 81 27 always
782 235 58 21 clear
848 236 93 22 himself
951 235 26 22 of
993 235 37 22 the
1047 244 68 19 corps,
1134 239 44 21 and
1194 242 75 19 return

691 259 37 22 the
738 260 68 22 funds
815 262 116 26 expended
947 269 29 14 on
993 262 54 27 him,
1065 262 22 22 in
1107 267 43 19 two
1169 272 25 14 or
1209 265 61 22 three

689 293 70 19 years.
797 288 34 21 Of
840 295 84 20 course,
944 295 62 20 upon
1023 289 132 28 purchasing
1173 291 34 22 hia
1224 291 46 23 dis-

689 312 84 28 charge
778 314 28 21 he
816 314 84 22 forfeits
914 314 29 22 all
959 315 67 21 claim
1043 318 21 18 to
1083 315 38 22 the
1140 317 55 22 boon
1215 318 52 22 held

689 343 39 17 out
738 347 23 14 as
771 347 13 14 a
793 341 82 20 reward
886 344 24 17 at
919 340 37 22 the
973 342 120 26 expiration
1107 343 27 20 of
1145 343 36 21 the
1199 348 68 18 terms

689 366 26 20 of
722 366 36 21 the
768 373 66 14 seven
844 374 64 19 years
917 368 119 21 servitude.

717 392 10 21 I
738 392 42 21 call
790 392 43 22 this
842 401 14 12 a
865 394 70 25 police
945 394 69 26 force,
1025 395 33 20 for
1068 395 16 20 it
1094 395 79 23 should
1188 401 35 17 act
1240 398 7 20 i
1256 406 12 13 n

689 417 47 22 that
746 419 100 27 capacity
863 420 19 20 if
897 420 109 28 required,
1025 420 43 22 and
1083 421 23 21 in
1123 423 54 21 each
1195 425 75 21 settle-

688 449 62 16 ment
768 444 61 22 there
847 446 72 22 would
940 448 27 21 be
1013 448 154 26 guard-house,
1188 451 45 21 and
1254 458 14 14 a
1275 445 2 33 j

687 474 64 23 party
761 471 67 26 ready
837 475 22 18 to
870 476 49 19 turn
930 477 39 18 out
985 477 22 18 at
1022 474 36 21 the
1075 474 96 22 demand
1190 477 26 20 of
1231 477 37 22 the

686 496 52 22 civil
747 504 79 20 power.
863 498 48 22 The
920 500 114 26 following
1047 502 16 19 is
1074 501 35 21 the
1126 505 47 17 cost
1188 503 24 21 of
1230 504 38 21 the

684 523 71 26 police
772 523 138 28 department
927 533 25 14 as
968 527 114 22 estimated
1100 528 34 21 for
1150 528 43 22 this
1201 537 65 20 year,
1275 526 2 23 i

687 549 70 26 (1844)
767 557 6 14 :—:
775 561 27 5 —
1275 550 2 21 I

688 1919 33 27 By
730 1920 43 22 this
785 1921 10 21 I
806 1921 60 23 show
879 1923 47 22 that
936 1924 54 28 they
1001 1925 56 22 have
1068 1926 39 21 but
1117 1926 53 23 nine
1188 1928 56 28 days'

660 1949 22 18 to
693 1954 62 19 spare
766 1949 23 20 in
801 1949 38 21 the
848 1957 60 19 year.
948 1951 57 22 Now
1023 1960 63 19 many
1098 1953 54 27 days
1164 1954 43 23 will
1219 1957 25 21 be

660 1977 48 22 wet,
721 1975 45 21 and
776 1982 61 15 some
849 1980 52 18 time
913 1983 59 17 must
983 1979 26 21 be
1021 1980 101 21 reserved
1133 1981 41 20 {'or'
1183 1982 61 28 drill;

660 2000 110 22 therefore
780 2002 37 20 the
830 2003 70 21 whole
912 2012 47 14 sum
974 2006 71 20 would
1054 2010 39 16 not
1101 2006 26 21 be
1134 2009 110 25 required.

660 2026 72 27 Many
743 2035 50 19 may
804 2029 64 21 think
879 2031 37 20 the
926 2038 42 20 pay
981 2033 105 25 proposed
1100 2037 21 16 to
1136 2034 26 21 be
1178 2036 66 25 given

661 2053 28 26 by
710 2054 36 20 tire
764 2055 77 26 colony
857 2057 70 25 small,
945 2058 46 22 and
1007 2059 47 21 fear
1071 2060 46 21 that
1133 2060 35 22 the
1186 2063 58 21 work

659 2080 71 26 'night
750 2081 26 21 be
796 2083 126 25 performed
942 2085 24 21 i:i
987 2093 13 13 a
1019 2086 99 27 slovenly
1143 2095 101 16 manner.

658 2107 45 21 .But
722 2108 17 20 it
756 2113 57 17 must
832 2109 26 22 bo
877 2113 153 20 remembered
1051 2113 59 22 there
1129 2121 37 15 are
1188 2117 56 20 hun-

658 2133 64 22 dreds
734 2135 26 21 of
767 2137 112 21 excellent
890 2138 50 22 civil
949 2140 116 25 engineers
1075 2140 44 21 and
1132 2142 112 22 labourers

656 2161 45 21 idle
712 2165 22 17 at
745 2161 73 28 home,
835 2164 42 21 and
894 2165 56 26 who,
973 2167 63 20 when
1055 2172 22 15 at
1096 2169 66 26 work,
1184 2170 60 21 don't

656 2187 66 21 make
733 2189 50 21 half
796 2190 36 21 the
840 2198 43 19 p;iy
894 2192 52 21 here
957 2193 89 22 offered.
1080 2194 11 21 I
1103 2202 38 20 say
1152 2196 36 21 the
1200 2205 42 19 pay

655 2220 20 15 is
694 2215 123 28 abundant,
835 2218 34 22 for
889 2226 36 14 ere
945 2219 52 27 long
1018 2220 41 22 this
1079 2222 43 21 will
1140 2223 26 21 be
1182 2231 13 13 a
1210 2225 33 20 far

656 2242 96 27 cheaper
770 2248 95 24 country
946 2247 30 21 all
996 2251 90 18 matters
1103 2249 27 21 of

655 2271 55 19 tnan
729 2269 111 28 England,
856 2273 44 21 and
919 2280 24 15 as
967 2273 39 22 the
1023 2274 79 23 soldier
1122 2277 74 22 would
1216 2279 26 21 be

656 2297 96 26 clothed,
764 2298 42 26 fed,
819 2299 43 21 and
873 2300 49 27 paid
933 2307 43 15 one
987 2301 88 27 shilling
1085 2310 39 19 per
1140 2304 59 22 diem
1209 2305 29 27 by

655 2322 38 22 the
712 2323 161 29 Government,
896 2327 25 22 he
941 2332 61 17 must
1019 2328 25 22 be
1058 2336 13 14 a
1080 2329 45 22 bad
1134 2338 108 21 manager

654 2351 18 19 if
683 2351 27 20 he
722 2356 84 17 cannot
815 2360 52 14 save
878 2353 37 22 the
926 2361 42 15 one
979 2355 89 27 shilling
1076 2364 39 20 per
1123 2357 59 22 diem
1190 2360 49 26 paid

655 2377 29 26 by
694 2377 37 21 the
743 2379 85 28 colony.
859 2381 44 21 But
914 2382 10 21 I
935 2382 72 26 forgot
1018 2382 27 22 he
1055 2383 39 22 has
1105 2391 13 14 a
1129 2386 56 26 wife,
1198 2387 42 21 and

654 2405 95 26 perhaps
762 2410 42 17 two
815 2414 25 13 or
850 2408 62 21 three
922 2410 108 26 children,
1048 2410 48 21 how
1108 2419 37 14 are
1155 2412 52 28 they
1219 2419 22 16 to

654 2431 51 26 live,
718 2432 44 22 will
772 2438 39 16 not
822 2433 53 25 they
884 2436 88 27 require
983 2437 38 22 the
1037 2438 89 26 shilling
1141 2440 51 26 paid
1211 2441 26 26 by

653 2458 37 22 the
700 2459 82 28 colony
788 2461 8 20 ?
826 2461 43 27 No,
882 2462 10 21 I
903 2469 40 15 can
954 2470 67 21 prove
1029 2464 50 28 they
1087 2473 41 14 can
1138 2474 52 14 earn
1197 2474 42 16 one

653 2487 34 19 for
696 2487 142 21 themselves.

679 2512 12 22 I
701 2520 93 20 propose
806 2519 21 16 to
839 2520 101 18 contract
957 2518 53 21 with
1027 2527 59 14 some
1100 2520 138 24 individuals

652 2542 23 18 to
684 2541 87 21 furnish
783 2549 12 14 a
813 2544 83 21 certaiil
913 2546 104 26 quantity
1034 2546 25 21 of
1077 2547 66 27 work,
1164 2549 73 22 which

651 2567 80 21 should
752 2568 25 21 be
793 2570 127 26 performed
943 2575 23 18 at
986 2573 37 21 the
1044 2574 103 22 barracks
1176 2576 23 22 in
1225 2584 12 14 a

651 2594 101 28 building
771 2597 90 21 erected
870 2597 35 22 for
921 2598 41 23 the
978 2607 99 20 purpose.
1108 2602 67 22 Some
1185 2610 53 21 may

650 2621 29 21 be
701 2622 118 27 employed
840 2624 24 21 in
882 2625 37 22 the
936 2626 84 22 tailors'
1035 2628 61 27 shop,
1124 2636 61 16 some
1214 2632 21 20 in

649 2648 91 27 making
759 2650 66 22 shirts
840 2652 35 21 for
894 2653 35 21 the
946 2661 60 19 men,
1023 2662 59 14 some
1099 2655 22 21 in
1134 2656 102 29 dressing

649 2676 57 20 wool
725 2678 35 19 for
779 2677 37 22 the
834 2678 96 23 colonial
947 2681 161 28 manufacture,
1131 2690 61 16 some
1212 2686 23 21 in

647 2702 55 26 flax,
724 2710 61 16 some
799 2706 22 20 in
837 2706 38 21 the
893 2708 94 21 barrack
1004 2709 92 26 garden.
1134 2710 28 22 In
1182 2712 53 27 fine,

649 2729 63 22 there
722 2737 37 15 are
769 2732 86 22 various
867 2741 58 20 ways
934 2735 25 21 of
967 2735 150 28 employment
1124 2737 35 22 for
1167 2738 68 28 them,

648 2763 30 14 au
677 2758 16 30 .d
714 2758 37 21 the
770 2758 115 23 husbands
904 2762 58 22 need
982 2767 39 17 not
1045 2765 63 20 touch
1134 2765 36 21 the
1194 2774 43 14 one

648 2784 92 27 shilling
750 2793 39 19 per
799 2786 43 27 day
850 2788 52 26 paid
914 2789 27 26 by
959 2788 36 23 the
1011 2790 87 28 colony,
1119 2792 45 22 and
1181 2801 53 14 save

647 2815 24 17 at
680 2812 56 21 least
755 2813 48 22 .€lO
818 2821 40 20 per
875 2822 92 16 annum.
1007 2817 53 22 This
1078 2819 79 26 placed
1177 2820 24 22 in
1222 2829 13 14 a

647 2845 88 21 savings
755 2839 68 22 bank'
835 2841 44 22 and
898 2842 40 22 left
955 2848 24 17 at
994 2844 92 23 interest
1103 2847 73 21 would
1187 2855 49 20 pro-

647 2867 56 20 duce
712 2866 59 22 them
781 2868 78 27 nearly
865 2869 61 23 £100
933 2870 64 22 when
1004 2872 52 27 they
1062 2880 37 14 are
1105 2874 68 22 about
1180 2878 21 18 to
1210 2876 25 21 be

646 2894 139 26 discharged,
798 2899 21 17 to
828 2899 61 18 cater
899 2897 32 21 for
936 2897 134 24 themselves
1077 2903 24 19 at
1110 2901 38 21 the
1160 2902 44 21 end
1214 2903 24 21 of

646 2927 68 14 seven
724 2922 72 25 year.*'
803 2930 5 18 ;
822 2922 50 22 thus
883 2925 104 26 ensuring
994 2927 60 21 them
1061 2934 13 14 a
1083 2929 84 21 certain
1176 2930 59 26 capi-

646 2948 32 21 tal
687 2951 23 17 to
726 2956 128 15 commence
865 2950 97 27 farming
980 2953 14 10 *'
1003 2953 36 21 the
1050 2954 52 22 land
1112 2955 54 27 they
1183 2964 51 20 may

644 2981 89 15 receive
755 2976 34 21 for
809 2977 59 26 good
1026 2981 45 21 and
1084 2982 66 22 make
1173 2983 61 23 them

645 3002 105 22 valuable
760 3003 93 22 settlers.

672 3029 59 26 This,
744 3030 44 22 Mr.
800 3031 84 27 Editor,
896 3032 19 22 is
924 3033 39 22 the
974 3034 84 23 outline
1067 3035 26 22 of
1100 3036 37 22 the
1144 3037 88 23 scheme

644 3056 11 20 I
665 3062 92 27 propose
766 3058 35 21 for
811 3059 97 27 opening
917 3059 38 22 the
965 3065 94 24 country
1068 3063 29 27 by
1103 3064 73 28 roads,
1186 3073 28 14 an
1220 3067 12 20 d

644 3084 110 27 affording
764 3088 123 24 protection
900 3091 21 17 to
932 3088 39 21 the
982 3089 93 22 settlers.

781 3122 11 21 I
803 3123 94 27 remain,
910 3124 42 27 Sir,

888 3151 85 23 Yonr's
983 3155 150 28 respectfully,

988 3188 20 21 I.
1021 3188 33 22 W.
1066 3189 164 24 Jerningham.

893 3247 91 23 FISH.

82 326 28 19 To
118 326 36 19 the
165 326 78 21 Editor
252 328 27 24 if
287 330 35 31 /jie
353 331 52 19 Neio
415 332 94 19 Zealand
519 332 88 22 Gazette
619 335 44 19 and

233 355 124 27 Wellington
368 359 136 24 Spectator.'*

106 383 47 26 Sir,
155 394 28 5 —
184 385 11 21 I
206 385 50 22 take
266 387 37 22 the
313 388 80 27 liberty
403 389 26 20 of
435 389 112 29 troubling
556 399 44 19 you
608 394 53 21 with

78 411 37 20 the
125 411 112 28 following
252 413 94 26 scheme,
359 416 127 26 requesting
500 423 45 20 you
556 418 44 21 will
609 420 50 26 give

78 440 16 16 it
104 444 13 13 a
126 437 62 26 place
195 437 25 23 in
228 446 54 19 your
291 441 102 21 valuable
400 442 96 28 journal,
505 443 84 29 having
597 453 62 15 men-

77 464 76 20 tioned
162 467 18 18 it
195 467 23 19 to
228 467 84 20 several
326 474 93 19 persons
430 474 125 22 competent
569 472 87 28 judges,

77 491 43 19 and
136 494 18 17 it
167 491 84 27 having
264 493 56 21 been
338 495 119 26 approved,
469 496 10 21 I
498 504 48 15 now
565 499 51 21 wish
634 503 22 18 to

76 522 50 20 give
135 521 17 16 it
161 517 84 22 further
254 519 106 26 publicity
367 528 5 13 :
376 531 27 5 —

102 547 81 28 Seeing
197 549 47 21 that
258 550 22 21 in
291 550 36 21 the
341 556 91 22 present
442 557 55 19 state
508 556 27 21 of
547 556 72 22 affairs
631 557 24 21 in

75 576 42 20 tins
134 576 87 26 colony,
231 579 18 18 it
261 576 19 21 is
296 576 122 30 absolu'ely
430 587 115 21 necessary
555 582 37 22 the
609 583 47 21 Go-

75 606 114 16 vernment
198 602 77 21 should
285 603 56 22 have
353 612 14 14 a
375 604 61 29 large
449 608 56 27 body
515 609 24 21 of
548 612 73 24 troops
632 614 23 17 at

73 629 26 20 its
110 628 102 27 disposal,
223 629 43 22 and
277 629 47 22 that
335 631 37 22 the
388 637 88 22 present
492 636 65 20 mode
569 636 24 20 of
606 644 48 19 pro-

73 655 77 25 viding
164 655 96 27 military
270 656 59 22 force
340 658 25 26 is,
378 659 33 22 for
435 667 66 21 many
511 669 88 14 reasons
615 670 39 14 ex-

74 681 91 26 tremely
181 682 167 28 objectionable,
366 685 10 21 I
396 686 56 22 have
471 688 57 21 been
542 688 37 22 led
594 689 59 22 from

75 707 56 21 what
141 708 11 20 I
163 708 56 22 have
230 716 50 15 seen
297 710 51 21 here
359 712 45 21 and
420 713 123 27 elsewhere,
557 721 21 15 to
589 715 64 22 think

72 733 46 21 that
129 741 12 14 a
151 735 71 22 better
238 740 80 22 system
336 738 72 26 might
424 740 26 20 be
466 740 187 28 advantageously

72 761 43 21 and
131 761 67 33 easily
213 762 101 27 adopted,
335 764 29 26 by
381 766 71 21 which
470 774 13 13 a
501 768 151 22 considerable

71 792 79 18 stream
160 789 26 21 of
193 789 135 26 immigrants
339 790 26 21 of
373 799 13 13 a
400 793 99 25 superior
514 794 56 21 class
580 795 72 21 would

72 815 24 20 be
107 816 87 21 created
204 816 45 21 and
259 816 143 27 maintained,
415 819 42 20 and
472 819 37 22 the
519 820 99 22 interests
628 823 26 20 of

70 841 36 21 the
117 842 78 27 colony
204 842 120 21 forwarded
339 843 30 26 by
379 844 38 21 the
428 847 117 20 execution
556 848 25 21 of
589 848 61 21 those

70 867 76 28 works,
162 876 59 19 upon
237 869 70 21 which
322 869 28 21 its
369 877 98 20 progress
483 880 25 13 so
527 874 68 22 much
613 875 38 21 de-

67 894 76 28 pends.

94 926 46 21 The
153 926 111 27 following
273 934 37 14 are
324 926 39 23 the
373 928 70 22 heads
453 930 25 21 of
491 938 13 14 a
514 931 52 27 plan
578 933 71 22 which

69 953 10 22 I
90 953 71 21 would
171 953 81 21 submit
265 957 22 18 to
299 954 35 21 the
346 955 75 22 notice
431 957 25 20 of
468 957 37 21 the
517 959 73 22 Home
602 961 47 21 Go-

68 983 119 23 vernment,
199 980 44 21 and
261 980 37 21 the
312 981 76 27 Anglo
405 983 54 21 New
476 985 130 24 Zea.'ander.
636 988 11 21 I

66 1013 89 20 propose
166 1006 48 21 that
221 1013 70 21 troops
298 1007 27 22 be
334 1008 96 22 enlisted
437 1010 22 21 in
468 1011 101 27 England
578 1014 69 27 solely

66 1034 32 20 for
108 1032 43 22 this
157 1034 80 26 tiolony
244 1041 5 19 ;
268 1033 46 22 that
331 1034 53 28 they
393 1036 28 21 bo
436 1039 101 25 engaged
553 1044 21 17 to
585 1047 62 15 serve

66 1061 32 20 for
106 1067 65 14 seven
183 1067 64 20 years
257 1061 89 26 certain,
359 1062 45 21 and
421 1064 25 20 be
457 1064 65 22 liable
534 1065 34 22 for
578 1074 13 14 a
601 1061 60 28 fur-*

67 1087 45 20 tlier
130 1093 67 15 seven
214 1094 70 20 years,
301 1088 49 21 that
367 1090 124 22 two-thirds
508 1092 27 20 be
552 1095 94 21 married

66 1120 60 19 men,'
146 1113 47 22 that
210 1113 28 22 all
256 1114 26 21 be
292 1114 97 22 selected
404 1116 85 28 subject
499 1122 22 17 to
539 1119 37 21 the
588 1121 58 21 rules

65 1140 41 21 laid
122 1140 64 21 down
204 1140 29 27 by
243 1140 37 21 the
296 1141 139 27 Emigration
454 1144 188 29 Commissioners,

65 1167 43 21 that
118 1166 157 22 three-fourths
282 1167 27 21 be
320 1168 143 26 agricultural
470 1170 121 29 labourers,
600 1175 44 20 and

65 1194 43 20 that
115 1193 35 21 the
160 1194 122 21 remainder
290 1194 26 21 be
322 1200 135 22 carpenters,
465 1204 95 21 masons,
572 1200 72 22 brick-

63 1220 235 28 layerSj'blacksmkhs,
310 1222 43 20 and
364 1230 12 12 a
386 1223 42 21 few
438 1224 75 22 tailors
527 1227 44 21 and
580 1227 64 23 shoe-

65 1246 93 28 makers;
185 1247 48 21 that
251 1247 36 22 the
312 1248 111 26 regiment
439 1245 29 27 lie
489 1251 104 23 officered
613 1255 30 26 by

63 1281 71 20 young
153 1281 56 19 men,
229 1274 107 21 educated
352 1283 23 13 as
395 1278 118 25 engineers
532 1280 44 22 and
596 1289 47 14 sur-

63 1308 73 20 veyors
143 1309 5 18 ;
160 1300 47 22 that
220 1301 36 21 the
265 1309 90 19 passage
363 1302 26 21 of
395 1303 44 21 this
447 1304 59 22 force
515 1305 56 23 from
582 1308 61 27 Eng-

62 1328 48 21 land
120 1328 27 21 be
157 1328 104 26 defrayed
272 1332 38 17 out
319 1330 26 19 of
352 1329 38 22 the
399 1331 107 25 proceeds
517 1333 24 21 of
548 1334 38 22 the
596 1337 46 20 sale

62 1355 22 20 of
95 1354 98 21 Colonial
211 1355 71 21 Lands
291 1362 5 19 ;
311 1355 48 22 that
370 1363 27 14 on
414 1357 36 21 the
468 1360 79 22 arrival
562 1361 24 21 in
604 1363 38 21 the

62 1381 57 22 colon
121 1388 20 19 j',
163 1382 57 21 after
239 1382 65 25 being
324 1382 135 29 thoroughly
475 1387 94 27 trained,
588 1392 54 18 two-

62 1408 64 21 thirds
141 1408 27 21 be
183 1411 49 18 sent
245 1415 28 14 ou
289 1409 153 23 detachments
459 1415 21 19 to
499 1413 38 21 the
553 1416 87 22 various

61 1435 137 22 settlements.
236 1435 71 22 These
322 1443 52 14 men
392 1437 9 21 I
422 1439 73 21 would
513 1441 87 27 employ
615 1443 23 21 in

62 1462 85 25 making
160 1462 65 21 roads
235 1462 98 21 between
344 1463 38 22 the
396 1465 84 21 several
492 1467 145 29 settlements,

61 1490 34 20 but
104 1490 21 19 in
137 1488 36 23 the
188 1488 47 21 first
251 1488 96 23 instance
366 1490 10 21 I
388 1492 71 20 would
477 1497 40 22 put
535 1495 58 21 them
609 1504 28 14 on
652 1492 1 26 !

62 1523 36 14 one
108 1516 68 26 grand
187 1516 45 21 line
242 1516 56 21 from
314 1516 66 22 north
391 1521 21 17 to
423 1519 64 21 south
496 1527 5 19 ;
513 1521 63 22 when
592 1530 46 15 em-
651 1529 2 16 I

63 1542 74 28 ployed
153 1550 27 14 on
193 1542 61 22 'such
270 1543 75 27 public
365 1544 72 22 works
456 1545 38 22 the
513 1555 42 20 pay
573 1553 22 17 to
610 1551 27 21 be

62 1569 95 22 doubled.
186 1570 47 21 The
249 1570 104 27 ordinary
369 1578 44 20 pay
423 1575 23 17 to
462 1573 27 21 be
503 1574 47 22 that
561 1577 25 20 of
600 1577 37 22 the

61 1602 64 22 troops
136 1596 26 21 of
174 1597 37 21 the
221 1596 51 22 line.
291 1605 3 2 ■
301 1597 47 22 The
359 1598 103 27 ordinary
472 1608 43 20 pay
526 1606 21 17 to
565 1603 27 21 be
602 1605 32 20 al-

60 1623 63 22 lowed
133 1623 29 27 by
169 1624 37 21 the
218 1624 73 21 Home
299 1624 161 28 Government,
471 1629 46 21 ami
526 1629 36 22 the
574 1635 61 18 extra

61 1657 35 20 pay
102 1650 27 26 by
139 1651 37 21 the
184 1651 91 26 colony;
287 1650 36 21 the
334 1650 65 22 latter
411 1657 22 17 to
445 1654 25 21 be
480 1655 107 28 defrayed
597 1662 38 18 out

61 1678 20 20 of
88 1677 34 21 the
131 1676 67 23 funds
212 1678 155 26 appropriated
376 1679 36 21 for
426 1681 74 26 public
511 1683 70 22 works
592 1685 43 22 and

59 1711 70 17 turkey
139 1712 4 18 ;
163 1704 61 21 these
240 1711 42 14 two
294 1704 151 28 departments
456 1709 73 21 would
545 1710 52 25 then
608 1712 26 21 be

61 1730 73 22 useless
144 1732 42 20 and
198 1731 72 27 might
280 1739 74 19 merge
362 1733 47 21 into
419 1733 42 23 this
469 1735 97 24 scheme.
586 1740 47 21 The

60 1761 38 18 cobt
112 1761 21 18 to
144 1758 37 21 the
198 1758 73 22 Home
282 1758 156 24 Government
448 1762 25 21 of
486 1766 148 26 transporting

61 1790 65 22 tioops
136 1789 21 17 to
173 1785 36 21 the
221 1785 77 27 colony
310 1786 72 21 would
398 1787 26 21 be
435 1792 22 18 at
472 1789 57 22 lea.-t
539 1792 47 23 £17
595 1801 38 18 per

61 1812 54 26 head,
128 1812 40 21 and
180 1812 81 27 having
277 1816 21 17 to
308 1812 82 22 relieve
409 1815 60 23 them
478 1817 58 21 from
546 1819 53 22 time
611 1824 21 18 to

58 1846 19 14 to
85 1839 56 26 time,
154 1839 71 21 would
240 1844 91 16 amount
341 1843 24 18 to
376 1841 56 22 such
442 1850 13 14 a
465 1850 48 15 sum
524 1845 22 21 in
562 1850 36 18 ten
609 1855 24 14 or
646 1841 1 28 !

58 1870 72 22 twenty
146 1874 8 19 3
162 1873 55 20 ears,
228 1874 24 13 as
266 1866 72 22 would
353 1867 98 28 produce
467 1878 43 19 pay
521 1873 111 22 sufficient
645 1873 1 27 j

59 1897 17 17 to
85 1893 53 26 keep
147 1893 53 21 such
211 1893 90 21 soldiers
310 1893 33 22 for
359 1902 13 14 a
381 1896 151 23 considerable
545 1901 76 24 period
645 1893 1 27 !

56 1921 37 19 and
103 1923 35 18 tl.e
148 1920 75 22 Home
234 1921 154 21 Government
400 1924 72 22 would
486 1932 52 15 save
555 1928 29 26 by
595 1936 35 18 my
644 1921 2 26 !

58 1953 41 20 1-iuii
116 1949 34 19 the
165 1947 69 21 whole
247 1949 24 19 of
284 1947 36 21 the
338 1956 97 20 expense
445 1951 32 22 of.
483 1956 148 24 transporting
644 1953 1 16 '

57 1979 11 15 ii
73 1982 52 18 00,0s,
136 1978 22 17 to
169 1975 43 21 and
224 1975 53 21 from
290 1975 41 21 this
342 1977 89 21 coloin-.
616 1973 13 9 °
643 1973 1 32 j

80 2007 25 19 At
116 2005 54 21 head
181 2010 99 24 quartets
292 2006 9 21 I
313 2007 74 22 would
398 2009 86 27 employ
498 2010 36 23 the
545 2012 85 22 officers

58 2033 35 20 .miJ
105 2034 221 20 noii-conunisMoiied
338 2035 93 27 officers,
440 2038 21 19 in
475 2040 104 26 trapping
586 2041 43 21 and

59 2059 94 27 },iaiiiii3)g
167 2059 35 21 the
216 2067 84 14 various
311 2062 71 21 works
396 2064 116 26 surve\ed,
523 2066 57 21 from
592 2068 37 20 the

59 2086 41 21 iiela
115 2086 66 21 books
195 2092 49 15 sent
254 2094 28 19 up
291 2095 5 18 ;
317 2088 72 21 winch
407 2086 70 25 woufd
496 2092 79 22 enable
592 2094 36 22 the

58 2113 149 27 Commanding
218 2114 80 21 Officer
309 2119 20 16 to
340 2115 71 27 judge
422 2118 26 20 of
460 2118 37 21 the
508 2120 119 27 feasibility

58 2140 20 21 cf
89 2147 39 19 any
141 2140 63 26 work,
221 2141 100 26 previous
339 2147 22 16 to
379 2150 42 20 any
433 2144 86 23 further
534 2151 52 17 time
604 2156 24 13 or

58 2167 71 21 trouble
139 2167 65 26 being
215 2168 114 26 expended
338 2176 60 19 upon
409 2175 23 16 it.

78 2194 40 21 The
129 2199 71 21 troops
211 2194 78 22 should
302 2203 64 14 serve
378 2198 33 20 for
422 2205 65 15 seven
505 2208 64 18 years
579 2209 48 15 cer-

58 2221 40 26 tain,
108 2220 41 22 and
160 2223 56 20 after
225 2222 87 27 passing
322 2230 13 14 a
348 2224 73 22 Board
431 2226 25 21 of
468 2227 158 23 Examination

58 2248 102 26 composed
171 2249 24 20 of
202 2250 85 20 oflicers
298 2250 25 20 of
335 2250 38 21 the
385 2259 69 21 corps,
466 2254 44 21 and
523 2255 20 21 if
555 2256 71 22 found

58 2283 17 15 to
83 2276 22 20 be
120 2276 114 26 deserving
244 2276 24 21 of
280 2278 92 26 reward,
385 2278 52 28 they
448 2281 79 21 should
545 2282 27 22 be
588 2291 31 14 en-

57 2302 49 23 titled
118 2305 20 18 to
149 2303 34 21 the
200 2310 60 14 same
272 2304 69 21 either
357 2305 22 21 in
397 2306 54 22 land
462 2315 24 14 or
502 2316 89 21 money,
602 2317 24 15 as

57 2331 25 22 his
98 2330 129 27 Excellency
247 2330 35 21 the
303 2331 118 23 Governor
439 2334 80 23 should
539 2337 84 22 decide.

78 2365 56 21 After
139 2363 62 26 being
208 2363 115 22 dismissed
328 2364 53 28 they
387 2365 80 24 should
473 2372 74 23 report
553 2369 68 22 them-

58 2391 56 21 selves
124 2398 63 19 every
195 2391 76 21 month
281 2395 22 17 at
313 2399 12 13 a
332 2394 134 21 convenient
475 2395 67 26 given
553 2397 68 27 point,

56 2424 15 16 to
79 2426 10 14 a
98 2417 123 27 discharged
232 2420 224 22 non-commi&sioned
465 2422 74 22 officer
550 2431 24 14 or
586 2424 36 22 the

55 2446 39 21 civil
101 2445 110 26 authority,
221 2445 71 22 whose
298 2451 74 22 report
378 2447 80 22 should
466 2449 25 21 be
498 2450 123 23 forwarded

56 2478 17 16 to
87 2473 165 26 head-quarters.
281 2473 32 21 At
328 2473 39 22 the
386 2474 44 22 end
448 2476 24 21 of
489 2476 37 23 the
543 2479 80 22 second

56 2504 42 17 term
108 2500 21 21 of
136 2507 64 14 seven
218 2506 63 20 years
292 2500 28 27 by
330 2502 92 26 passing
432 2510 27 14 an
470 2505 151 22 examination

56 2527 60 22 before
125 2530 21 18 at
162 2529 53 19 least
231 2527 61 22 three
312 2528 148 28 Magistrates,
477 2531 54 27 they
542 2532 79 22 should

56 2553 20 22 be
85 2554 84 21 entitled
179 2558 20 16 to
210 2561 13 14 a
228 2554 85 22 further
322 2558 73 23 grant.
425 2557 57 22 That
493 2566 67 20 every
568 2567 53 19 year

56 2586 17 15 at
84 2589 10 13 a
108 2581 126 22 convenient
251 2582 52 21 time
320 2583 51 27 (say
388 2584 57 21 after
459 2584 38 23 the
512 2585 107 29 harvest,)

56 2607 47 22 those
113 2609 23 20 of
146 2608 35 21 the
197 2608 81 22 second
292 2612 56 19 term
366 2610 81 23 should
463 2613 109 22 assemble
587 2614 34 22 for

55 2635 83 22 fourteen
154 2635 53 27 days
226 2636 56 27 drill,
300 2636 83 28 during
402 2638 72 23 which
494 2640 52 21 time
566 2641 53 27 they

54 2661 64 23 should
130 2663 82 21 receive
229 2671 49 19 pay.
308 2664 36 21 No
355 2671 52 15 man
425 2669 21 18 to
456 2666 26 21 be
494 2667 94 22 allowed
597 2673 22 17 to

56 2688 69 28 dispose
136 2690 23 21 of
171 2697 41 20 any
222 2690 53 22 land
291 2692 96 26 granted
402 2696 23 18 to
435 2692 45 23 him
493 2697 23 18 at
532 2694 37 22 the
579 2702 39 14 ex-

54 2716 76 25 piration
139 2717 24 21 of
175 2717 34 22 his
219 2725 66 15 seven
302 2725 66 20 years
383 2720 91 26 service,
487 2725 23 17 to
526 2726 94 22 prevent

56 2743 40 21 such
110 2744 62 27 being
190 2744 62 27 done,
270 2746 36 21 the
322 2746 78 22 Crown
418 2748 55 20 deed
489 2753 40 16 not
548 2753 23 17 to
592 2749 26 22 be

54 2770 75 25 granted
138 2772 52 21 until
199 2772 37 21 the
247 2773 125 27 expiration
379 2774 27 21 of
413 2774 38 22 the
458 2775 83 22 second
553 2781 63 22 term,

56 2803 15 14 or
78 2797 28 21 for
114 2798 94 23 fourteen
219 2807 70 19 years.

73 2824 39 23 The
122 2833 58 19 corps
190 2829 21 18 to
223 2828 25 20 be
258 2828 130 26 recognised
399 2829 23 21 in
434 2829 37 21 the
481 2830 74 26 Army
572 2831 47 22 Lisi

56 2857 18 14 011
84 2851 30 22 the
122 2853 81 27 footing
214 2854 24 21 of
250 2854 35 22 the
298 2855 59 27 Cape
374 2855 112 22 Mounted
502 2857 112 23 Riflemen

55 2884 16 13 or
79 2878 53 23 oilier
141 2880 97 22 Colonial
249 2889 68 19 corps.
357 2883 48 21 The
418 2884 95 21 uniform
525 2889 21 17 to
557 2885 28 21 be
596 2886 25 22 of

56 2904 25 21 the
88 2906 86 26 plainest
184 2908 137 28 description,
341 2909 129 28 rifle-green
489 2911 45 22 and
551 2912 63 22 black

55 2932 40 21 belts
105 2933 10 21 I
124 2937 142 21 recommend.
296 2937 32 21 At
336 2936 61 23 head
407 2942 101 23 quarters
518 2946 14 14 a
539 2939 76 23 school

54 2958 62 23 should
133 2961 25 21 be
177 2963 131 22 established
324 2964 35 22 for
369 2965 37 21 the
418 2965 101 22 children
535 2967 25 21 of
578 2967 38 22 the

54 2986 77 29 soldiers,
150 2989 41 22 and
209 2993 23 18 to
251 2990 26 21 be
298 2992 87 26 opened
404 2996 24 18 at
446 2999 13 15 a
477 2994 138 22 convenient

56 3013 40 22 hour
108 3014 20 22 in
143 3015 36 22 the
196 3017 105 28 evenings
317 3018 35 22 for
371 3018 38 22 the
425 3026 59 15 men.
524 3021 28 21 In
576 3021 38 23 the

54 3040 33 21 first
93 3040 92 24 instance
196 3043 11 21 I
219 3044 77 22 should
306 3046 58 21 raise
374 3046 44 22 five
435 3046 103 23 hundred
554 3056 59 20 men,

54 3069 14 16 to
76 3068 46 21 form
132 3069 40 23 five
183 3073 131 26 companies,
325 3076 23 18 to
360 3073 26 21 be
398 3073 72 22 called
476 3082 12 13 a
496 3075 117 28 battalion,

53 3096 50 19 under
113 3096 33 21 the
160 3099 114 21 command
282 3100 26 20 of
315 3100 132 27 a'Miijor,—
449 3101 24 21 of
480 3101 62 22 these
551 3103 63 22 three

54 3122 78 22 Hundred
141 3124 78 23 should
238 3126 26 21 be
279 3127 105 26 married,
400 3129 47 20 and
461 3129 106 28 allowing
585 3137 27 15 an

54 3151 71 25 average
139 3151 24 21 of
179 3159 42 14 one
236 3153 60 22 child
312 3159 22 16 to
352 3155 55 21 each
418 3156 97 21 married
525 3157 87 27 couple,

52 3176 26 39 Jne
96 3181 40 17 cost
154 3179 24 21 of
197 3183 109 25 transport
323 3188 54 20 may
397 3181 27 22 be
443 3183 68 21 taken
531 3190 24 15 as
572 3185 32 21 fol

52 3611 54 31 ,"!•'
117 3611 68 19 fotmL
187 3625 6 10 >
204 3611 44 20 and
254 3611 47 22 fiftt
310 3612 73 26 years'
390 3612 71 23 drafts
468 3614 36 22 do.
517 3614 35 22 do.
564 3614 44 28 do.,

51 3631 69 39 £«mg
129 3640 12 14 a
151 3636 51 21 total
212 3637 25 21 of
248 3638 102 28 £35,500,
362 3640 95 28 payable
474 3640 81 29 during
571 3642 38 22 the

51 3677 27 20 ton
87 3673 12 24 'itsi
102 3662 7 17 t
109 3666 24 26 5,
132 3664 56 20 tranß
190 3668 47 27 ?ort
247 3666 59 25 1,100
317 3673 58 21 men,
393 3670 43 20 700
453 3675 93 21 women,
563 3670 46 22 and

52 3684 26 18 '00
84 3684 97 31 children,
192 3691 22 21 in
225 3691 29 22 all
261 3693 63 25 2,500
334 3694 66 23 souls.

50 3720 68 31 \»*vl
117 3720 22 15 ia
136 3722 14 29 ?
160 3720 5 16 l
165 3743 4 5 -
167 3716 15 22 b
181 3743 5 8 .
185 3717 16 21 is
211 3725 48 15 sum
268 3720 26 20 35
297 3736 4 9 '
303 3722 42 20 000
361 3728 65 16 acres
441 3723 26 21 of
477 3723 22 21 la
501 3724 31 21 «d
548 3728 61 18 must

50 3764 34 16 ac»
124 3742 55 38 4*¥
181 3743 27 22 ho
205 3772 6 8 ,
210 3748 24 19 ut
244 3745 80 23 deduct
388 3753 24 17 at
427 3757 42 15 one
484 3751 75 27 pound
569 3759 40 20 per

50 3772 23 33 th'
83 3798 9 7 „
129 3779 16 20 V
151 3772 30 19 lth
195 3772 38 21 the
249 3778 89 22 support
347 3776 27 20 of
386 3776 160 28 Government,
560 3779 46 22 and

51 3798 53 37 i\u2
106 3800 10 14 S
118 3800 33 35 T
154 3803 13 19 g
176 3798 68 23 ofthe
251 3805 92 23 country
352 3802 29 27 by
387 3803 66 23 roads
459 3805 44 21 and
510 3805 96 28 bridges,

50 3821 63 42 SSL
171 3851 5 12 i
193 3826 72 22 would
273 3854 6 9 ,
285 3828 27 21 be
332 3835 30 14 no
378 3834 63 22 g^at
456 3831 109 29 difficulty
581 3834 25 21 in

50 3846 68 43 5rs
119 3855 13 20 j
224 3861 20 14 n
246 3880 5 5 .
254 3854 33 22 wh
290 3861 11 14 °
318 3862 18 15 w
338 3863 13 14 °
353 3856 39 21 uid
409 3857 50 22 take
474 3859 44 22 this
536 3867 71 20 q«an-

50 3877 119 43 iSlvT
171 3878 14 22 d
181 3905 21 15 tll
204 3880 56 22 duril
261 3888 22 20 «
294 3908 6 7 ,Ac,
301 3881 38 24 Ac
359 3890 28 15 en
390 3891 13 29 ?.
400 3884 38 22 uin
439 3892 15 19 g
473 3885 44 23 five
534 3894 71 21 years,

50 3899 182 56 •WjfiS?
248 3915 30 15 ™
279 3908 40 28 Sht
334 3910 110 26 PUfChaSe
458 3912 23 22 hl
557 3918 50 24 part

63 3947 8 22 1
80 3957 14 15 w
97 3954 47 23 °uld
151 3957 60 24 allow
223 3968 42 20 any
274 3969 52 16 man
337 3971 30 15 on
382 3964 98 28 landing,
504 3974 25 15 or
543 3968 62 23 until

1285 1196 32 22 To
1332 1204 46 14 the
1399 1198 76 22 Lords
1491 1201 127 23 Spiritual
1634 1210 45 14 and
1702 1204 128 23 Temporal
1848 1214 23 15 in

1314 1225 152 23 Parliament
1505 1235 132 15 assembled
1646 1238 4 13 :—:
1652 1241 27 4 —
1692 1230 51 22 The
1778 1239 93 17 humble

1314 1251 111 22 Petition
1437 1260 26 14 of
1478 1261 45 15 the
1535 1262 161 17 undersigned
1713 1257 158 26 Inhabitants

1311 1285 27 13 OF
1363 1286 44 14 THE
1432 1288 148 16 SETTLEMENT
1606 1291 28 14 OF
1656 1284 167 30 WELLINGTON,
1846 1295 25 14 IN

1309 1311 45 15 the
1370 1306 93 22 Colony
1479 1315 26 13 op
1521 1309 57 21 New
1594 1309 109 22 Zealand
1714 1319 5 12 :—:
1721 1323 29 4 —

173 3245 11 20 11
181 3250 5 8 lir3t1
192 3251 50 14 ir3t
253 3245 66 21 Year
329 3252 11 14 s
356 3245 109 22 Muster.

89 3308 35 20 300
138 3316 83 17 women
260 3284 46 54 }*
315 3298 49 22 £17
374 3298 79 23 each..
461 3300 98 28 £13,600

79 3350 3 4 •
90 3335 34 21 300
138 3337 97 23 children
246 3343 22 18 at
277 3338 35 25 £7
322 3340 54 21 each
382 3355 74 6 ......
493 3344 64 26 2,100

458 3397 99 28 £15,700

170 3428 89 22 Second
274 3428 88 23 Year's
377 3430 90 23 Draft.

89 3488 34 23 100
135 3497 83 17 women
259 3467 16 54 }
282 3483 22 19 at
314 3481 47 22 £17
371 3482 79 22 each..
473 3483 84 27 £4,250

90 3516 33 22 100
136 3517 94 25 children
241 3526 23 17 at
274 3521 34 24 £7
318 3523 56 21 each
516 3524 39 23 700

472 3579 85 27 £4,950
