2460 3900
680 939 116 65 Oxford
815 939 58 65 and
892 939 77 65 Cust
988 939 174 65 Observer.

741 1011 188 19 PUBLISHED
949 1004 210 32 WEEKLY.

688 1072 166 24 SATURDAY,
880 1074 108 21 January
1012 1076 47 24 9th,
1096 1077 59 21 1892.

647 1164 2 4 ,
677 1165 1 4 .
759 1134 89 31 .have
875 1136 164 39 published
1066 1138 43 29 in.
1126 1138 60 29 this

663 1174 109 30 week's
786 1176 90 30 issue-
876 1194 32 4 —
908 1177 112 30 forthe
1035 1177 110 31 benefit
1155 1179 32 30 of

662 1224 55 20 our
727 1216 122 30 readers
865 1217 66 30 who
946 1218 39 29 do
999 1223 54 25 not
1080 1230 107 28 peruse

662 1255 51 30 the
728 1256 135 31 columns
878 1258 33 29 of
924 1257 52 31 the
1146 1278 40 4 —

662 1306 18 19 a
694 1297 90 29 letter
797 1298 81 29 from
911 1299 49 29 Mi'
972 1312 4 26 ;
995 1299 150 43 TWoiney,
1169 1312 18 19 a
1197 1314 2 17 :

661 1338 87 39 reply
761 1341 32 26 to
809 1348 18 19 a
840 1349 77 28 very
925 1341 141 39 scathing
1080 1342 106 30 article

663 1378 160 39 published
834 1380 29 28 in
955 1381 94 30 above
1077 1383 109 29 named

662 1418 129 29 Journal
815 1430 26 19 a.
868 1420 87 29 short
988 1422 73 29 time
1096 1423 88 30 since.

702 1458 138 41 Happily
868 1461 53 29 the
945 1461 108 31 Cashel
1086 1462 102 32 Street

661 1500 133 29 thunder
808 1501 28 28 is
851 1504 54 26 not
920 1502 117 36 Jovan;
1053 1503 25 29 it
1091 1504 26 29 is
1132 1515 53 18 no-

661 1539 88 41 thing
760 1541 56 30 but
829 1541 119 32 theatre
974 1544 143 36 thunder,
1146 1545 41 29 all

662 1581 91 30 rattle
779 1583 59 28 and
873 1593 39 20 no
946 1583 66 37 fire,-
1138 1585 57 31 Mr!

649 1633 3 4 •
663 1621 140 41 Twomey
819 1623 25 30 is
858 1634 83 20 more
954 1625 74 30 than
1040 1636 19 20 a
1085 1627 102 30 match

662 1662 50 29 for
736 1663 52 30 the
1023 1667 123 40 :Jmstef
1146 1668 48 28 '."!

662 1701 56 32 We
731 1704 88 37 again
849 1705 83 30 draw
957 1706 52 30 the
1036 1697 151 41 A.larmest

663 1745 148 29 attention
825 1749 31 25 to
871 1746 51 30 the
936 1747 63 29 fact
1013 1748 173 30 mentioned

662 1784 30 29 in
708 1784 50 30 Mr
773 1785 142 41 Twomey
924 1786 90 32 letter
1025 1787 67 31 that
1131 1789 64 41 the|

662 1825 87 29 Land
777 1827 60 28 and
870 1827 120 30 Income
1021 1827 65 31 Tax
1125 1831 69 28 Acfr

660 1865 133 40 literally
801 1866 116 30 bustles
932 1869 73 29 with
1019 1870 167 38 provisions

661 1905 48 30 for
785 1908 180 40 preventing
1033 1910 153 40 duplicate

917 1967 3 2 ■
953 1957 4 23 ;
974 1952 4 10 :
992 1957 7 9 v
1002 1957 17 11 ''
1130 1957 2 5 '
1144 1959 3 9 :
1192 1964 2 28 j

761 1994 4 2 '
785 1998 17 18 *
832 2014 16 4 „
894 1988 117 30 '..*"".""
1068 1988 46 32 #''"
1192 1992 3 36 |
1221 2016 8 3 ..

705 2047 124 32 London
844 2049 149 41 telegram
1007 2050 89 32 dated
1108 2053 86 35 Jan-:

660 2099 78 30 uary
752 2090 53 29 4th
822 2093 95 27 states
937 2092 67 30 that
1031 2093 53 30 the
1112 2089 82 35 New!

661 2129 234 32 Zealand!^bMn
900 2133 6 19 f
910 2132 76 30 'and

661 2169 127 42 Age'nfey
1106 2167 88 51 risenj
1214 2202 16 6 

685 2215 137 34 percent.
845 2212 164 41 Evidently
1017 2215 51 29 the
1077 2216 116 37 capital!

661 2251 32 30 of
706 2244 39 43 %
752 2251 47 30 *Z:
802 2248 5 12 }
812 2244 259 56 U.:wfMM,
1082 2255 38 31 is,
1132 2249 60 42 not|

660 2292 95 38 going
768 2297 32 24 to
814 2293 37 29 be
873 2290 176 43 frightened
1077 2300 70 35 out;;
1155 2298 32 29 of
1214 2315 16 11 ,-.■

660 2332 53 29 the
727 2333 107 39 colony
845 2329 45 44 %
903 2334 51 30 the
954 2331 2 32 i
969 2345 69 21 new
1048 2333 143 34 taxation!
1216 2346 11 18 i

660 2373 149 39 proposal.
1188 2371 2 37 |

783 2423 17 18 ♦
924 2424 17 19 *
1000 2442 2 1 .
1066 2426 28 19 *•
1101 2414 3 2 '
1188 2420 39 24 :s-

703 2473 50 30 Mr
781 2473 104 32 Moore
909 2476 56 30 has
988 2477 137 31 declined
1133 2483 53 26 -to

661 2517 106 37 accept
781 2526 68 29 any.
857 2516 34 29 of
908 2517 53 31 the
988 2519 120 30 tenders
1136 2520 50 29 for

661 2554 117 41 leasing
792 2566 19 19 a
826 2558 115 29 certain
954 2559 124 38 portion
1093 2560 34 28 of
1135 2559 53 30 hisi

660 2599 78 27 vast,
757 2599 108 35 estate.;
894 2597 128 40 There;/
1039 2600 40 35 is,,
1106 2596 79 42 little

662 2636 95 29 doul^t
771 2637 55 30 but
838 2636 69 31 that
917 2639 63 30 .the^
988 2636 96 34 desire
1092 2644 33 26 to
1134 2642 52 30 ob-

662 2677 66 29 tain
742 2678 77 38 good
834 2678 72 30 land
918 2680 105 29 would
1037 2681 67 30 lead
1118 2692 67 20 men

662 2720 32 27 to
721 2718 75 29 offer
821 2729 18 19 a
865 2719 60 30 fair
952 2724 74 27 rent,
1059 2732 18 20 a
1117 2726 70 26 rent

663 2758 68 29 that
745 2759 100 30 would
860 2760 88 30 allow
961 2761 84 30 them
1059 2766 31 26 to
1098 2764 88 30 make

661 2808 19 19 a
699 2798 103 39 living,
896 2804 80 37 '"pay
1003 2803 81 29 their
1106 2814 78 30 wayi

660 2837 63 31 But
739 2840 83 29 'no!'
839 2841 57 29 'the
924 2841 83 40 EiLg
1033 2843 33 29 of
1091 2844 92 30 Grlen-

647 2895 4 9 <■
662 2879 91 30 mark-
764 2880 64 29 will
834 2885 62 25 -not
917 2887 105 37 accept
1028 2883 58 30 'the
1100 2888 85 27 rents
1206 2893 7 7 -

663 2917 121 41 offered,
794 2921 46 41 -he^
851 2915 64 48 tiai^
920 2921 84 31 'been
1012 2922 3 4 '
1032 2924 95 30 heard
1153 2930 33 25 to

649 2961 164 38 ycomplam
828 2954 17 44 '^
854 2954 72 48 ibli^,
962 2963 53 30 the
1065 2970 121 34 present

646 3018 2 12 :
663 2999 205 36 G-ayernment
882 3003 60 29 will
943 3020 9 16 v
957 3004 151 32 not4eave
1122 3006 63 30 him

662 3041 96 37 alone,
767 3042 49 30 for
824 3043 53 30 the
886 3044 60 31 few
953 3055 89 29 years
1047 3046 39 30 he
1094 3046 53 31 has
1152 3051 33 27 to

663 3081 69 37 live,
748 3083 60 29 and
820 3088 54 35 yet
887 3084 38 30 he
939 3085 63 29 will
1030 3090 54 26 not
1111 3086 76 32 rele'-

663 3125 71 35 gato
748 3123 52 29 the
809 3133 83 38 Q|ffes
888 3150 15 20 c
906 3125 33 29 of
955 3125 84 31 State
1050 3130 8 12 •
1068 3118 120 41 Estate!*
1199 3122 5 29 ;
1221 3143 3 11 »

665 3163 58 28 and
738 3167 62 34 rqst
800 3186 21 24 Je
824 3156 113 61 an^
947 3163 113 43 giankf
1061 3168 40 35 ul,
1117 3180 38 18 on
1171 3165 18 31 k
1201 3169 13 41 ';

1070 3208 118 36 callow
1197 3212 31 40 ;.;;

665 3253 104 30 young
786 3267 2 6 ,
802 3244 101 31 New-
924 3246 184 33 Zealanders
1155 3253 33 32 tp
1195 3270 26 15 Ga
1224 3271 4 7 <

664 3286 101 27 create
793 3285 108 30 wealth
924 3286 50 30 for
1005 3288 183 33 themselve's

646 3321 2 4 '
647 3321 6 16 :
664 3323 41 40 by
718 3324 134 41 farming
859 3316 53 40 Ms
921 3316 169 50 lanidpand
1202 3349 27 18 •;.,,

664 3368 32 26 to
711 3375 67 20 ease
791 3366 51 45 his^
849 3368 125 35 ..hurdeo
994 3369 32 30 of
1053 3372 135 30 taxation

663 3406 61 29 and
745 3407 4 8 '
756 3401 68 35 that
856 3408 32 30 6i
918 3412 54 27 tne
1001 3413 54 27 tax
1077 3407 111 46 payees

665 3447 208 49 genera^Jy.—
896 3476 4 7 ,
909 3475 6 13 f
959 3474 6 11 ,
967 3474 9 11 r

705 3549 55 30 We
774 3552 83 27 must
865 3552 117 30 remind
996 3563 57 20 our
1072 3565 116 21 corres-

664 3590 148 39 pondents
828 3591 67 30 who
912 3592 124 32 favours
1050 3605 35 19 us
1114 3597 74 30 with,

663 3631 104 29 letters
781 3633 212 40 appertaining
1004 3637 31 27 to
1044 3636 143 42 theology

664 3671 67 29 that
758 3681 55 20 our
839 3681 89 30 space
957 3674 26 31 is
998 3678 51 29 too
1070 3677 116 32 limited

663 3714 32 27 to
710 3712 88 30 allow
812 3713 32 29 of
856 3723 56 20 our
920 3715 176 43 publishing
1103 3730 83 21 more

663 3752 75 30 than
751 3763 58 20 one
823 3754 89 30 letter
922 3765 55 30 per
990 3759 84 30 week
1085 3770 39 21 on
1134 3761 53 31 the

663 3793 95 31 above
772 3795 108 31 named
895 3798 124 39 subject.

1384 173 294 27 ODDFELLOWSHIP.

1308 253 179 32 (Unavoidably
1510 255 52 23 held
1574 264 55 16 over
1634 257 65 30 from
1722 257 45 23 last

1447 294 81 22 week's
1544 294 81 30 issue.)

1308 332 52 25 The
1383 332 142 33 half-yearly
1560 336 108 31 meeting
1699 336 24 24 of
1756 336 43 24 the

1275 371 76 31 Loyal
1366 372 90 25 Oxford
1479 373 90 32 Lodge,
1592 375 39 25 No
1655 376 72 28 6172,
1749 383 50 17 was

1274 409 56 24 held
1353 417 32 17 on
1409 410 121 32 Saturday
1552 412 104 32 evening
1684 412 54 29 last,
1774 417 25 20 at

1275 445 70 26 West
1357 447 97 30 Oxford,
1467 449 70 24 when
1549 449 69 26 there
1630 458 48 17 was
1701 458 15 17 a
1738 451 61 30 good

1275 485 94 24 muster
1395 485 26 25 of
1452 487 119 24 members
1604 489 103 29 present.
1743 489 52 23 The

1275 521 66 24 N\Gr.
1355 522 49 24 Bro
1416 522 24 26 J.
1461 523 30 24 R.
1513 524 147 31 Youngman
1682 525 117 31 presided,

1275 559 47 23 and
1344 560 90 30 opened
1458 561 40 24 the
1520 562 72 30 lodge
1611 562 26 24 in
1660 564 47 22 due
1726 564 72 22 form.

1236 623 3 6 (
1275 597 52 24 The
1339 600 115 23 accounts
1465 600 48 23 and
1525 601 107 24 minutes
1642 602 25 23 of
1688 603 41 23 the
1747 611 52 22 pre-

1277 635 65 24 vious
1364 637 106 31 meeting
1491 645 59 16 were
1569 638 58 24 read
1661 639 48 24 and
1743 647 61 17 con-,

1275 672 94 25 firmed.
1405 675 208 31 Correspondence
1626 684 47 16 was
1693 677 106 24 received

1274 710 62 24 from
1360 710 42 25 the
1424 711 86 25 P.C.S.
1533 713 124 32 enclosing
1676 715 123 30 password

1275 747 37 24 for
1324 748 102 31 ensuing
1444 752 104 28 quarter.
1583 751 50 23 The
1656 752 98 24 election
1778 753 23 23 of

1275 786 92 25 officers
1379 787 37 25 for
1427 790 60 22 next
1498 790 61 22 term
1577 791 107 23 resulted
1707 798 26 17 as
1755 792 46 24 fol-

1275 823 67 24 lows.
1345 838 33 5 —
1378 825 64 24 N.G.
1456 826 49 24 Bro
1526 826 23 24 J.
1573 827 139 28 Stevenson,
1737 828 63 25 V.G.

1276 860 49 25 Bro
1338 861 37 24 W.
1389 862 154 30 Youngman,
1563 863 68 25 G.M.
1653 865 49 24 Bro
1725 865 23 24 J.
1769 866 30 25 R.

1277 899 155 32 Youngman,
1443 901 61 25 P.S.
1517 902 28 25 P.
1559 902 87 29 Smith,
1667 904 60 25 E.S.
1752 905 49 25 Bro

1277 937 31 24 D.
1322 937 92 29 Crowe,
1428 938 132 29 Guardian,
1585 941 49 25 Bro
1658 941 38 25 W.
1720 940 79 31 Miles,

1276 974 113 29 Warden,
1401 976 49 24 Bro
1461 976 35 25 H.
1507 977 85 29 Luers,
1606 978 125 29 Auditors,
1751 980 49 24 Bro

1238 1034 12 12 c
1262 1012 152 34 JflLMvinn,
1427 1014 49 25 and
1488 1015 73 25 W.H.
1579 1016 31 30 F,
1621 1017 101 29 .Luers;
1741 1018 59 24 Lec-

1274 1052 53 23 ture
1339 1052 101 25 Master*
1463 1053 28 24 P.
1505 1054 90 25 Smith.
1630 1056 52 24 The
1704 1057 100 32 retiting

1277 1089 66 24 G.M.
1355 1098 51 16 was
1552 1093 59 24 with
1623 1101 15 16 a
1661 1094 137 25 handsome

1275 1126 92 25 framed
1378 1127 59 25 Past
1450 1128 108 25 Officer's
1566 1130 146 25 Certificate.

1276 1166 51 24 sick
1337 1166 103 26 Visitors
1452 1172 80 27 report
1543 1177 50 16 was
1604 1171 108 24 received
1724 1171 78 25 sliow-
1806 1173 2 5 '

1275 1204 44 31 ing
1341 1205 90 24 several
1453 1206 118 24 members
1594 1215 30 17 on
1648 1209 41 23 the
1720 1209 79 25 funds.

1276 1241 123 25 Accounts
1407 1244 145 31 amounting
1571 1247 26 23 to
1619 1247 49 23 £26
1698 1248 44 25 17s
1771 1248 31 25 6d

1275 1287 62 16 were
1348 1281 85 29 passed
1445 1281 37 24 for
1493 1285 125 28 payment,
1636 1284 39 24 the
1698 1286 105 30 receipts'

1277 1317 71 31 being
1371 1318 54 25 £46
1444 1321 42 24 17s
1504 1320 39 25 6d.
1578 1320 50 26 The
1651 1322 72 31 lodge
1750 1331 51 17 was

1277 1355 59 25 then
1345 1355 80 25 closed
1431 1357 27 23 in
1470 1357 46 24 due
1535 1358 72 25 form.

1386 1486 216 27 ODDFELLOW
1607 1489 85 24 SHIP.

1309 1565 51 25 The
1383 1567 70 25 usual
1475 1569 143 32 fortnightly
1640 1572 108 30 meeting
1777 1573 27 24 of

1276 1602 41 26 the
1338 1603 78 32 Loyal
1437 1604 42 26 Nil
1501 1606 185 32 Desperandurn
1711 1610 89 31 Lodge,

1277 1641 67 25 M.U.
1357 1642 61 25 East
1431 1643 97 29 Oxford,
1542 1653 49 17 was
1603 1646 56 24 held
1671 1654 32 18 on
1716 1647 83 25 Satur-

1276 1679 46 31 day
1333 1680 55 27 last,
1400 1680 73 24 when
1486 1682 48 25 Bro
1549 1682 57 25 P.G.
1621 1684 90 29 rtnrith,
1724 1686 24 23 in
1761 1686 40 24 the

1277 1717 103 26 absence
1401 1718 27 25 of
1446 1719 43 26 the
1508 1721 79 31 newly
1614 1723 93 25 elected
1733 1724 67 26 N.G.

1277 1755 47 25 Bro
1336 1755 101 30 Baxter,
1449 1758 107 30 presided
1569 1761 25 23 at
1606 1761 42 24 the
1660 1762 105 32 opening
1778 1763 26 25 of

1277 1795 42 25 the
1331 1795 78 32 lodge.
1646 1821 1 2 .
1738 1818 4 3 .

1309 1835 53 25 The
1395 1837 145 26 attendance
1574 1839 80 25 which
1686 1841 115 27 included

1275 1872 64 25 Bros
1347 1873 27 24 P.
1387 1874 99 25 P.G.M.
1496 1875 91 29 Smith,
1595 1877 63 24 P.G.
1667 1878 23 24 J.
1701 1879 99 31 Young-

1276 1918 56 17 man
1354 1912 47 23 and
1423 1911 24 25 J.
1469 1912 120 32 Mounsey
1611 1915 95 25 visitors
1739 1917 60 24 from

1276 1950 75 32 Loyal
1363 1950 90 26 Oxford
1472 1952 90 32 Lodge,
1583 1961 47 17 was
1648 1955 71 32 fairly
1740 1957 61 31 good

1277 1988 75 25 under
1362 1988 43 25 the
1423 1987 188 29 circumstances
1632 1992 55 25 that
1710 2002 14 16 a
1746 2002 55 17 con-

1277 2027 118 26 siderable
1406 2028 104 26 number
1520 2038 60 17 were
1592 2030 61 33 busy
1665 2034 25 22 at
1701 2033 99 32 haying.

1276 2065 170 38 The^minutes
1458 2067 27 24 of
1500 2067 42 25 the
1558 2069 117 34 .previous
1697 2071 105 32 meeting

1276 2110 62 31 wpe
1348 2104 56 23 read
1413 2104 54 35 and,
1483 2106 139 25 confirmed.
1669 2126 3 3 .

1309 2141 211 31 Correspondence
1531 2143 64 25 from
1617 2142 76 34 Loyal
1715 2145 84 26 Mana-

1264 2178 376 34 _w.atu-Lodge,.and.apologies
1651 2182 38 24 for
1700 2182 100 26 absence

1277 2216 63 24 from
1362 2216 63 25 Bros
1446 2217 72 25 N.G.'
1534 2218 100 29 Baxter,
1660 2220 63 24 P.G.
1757 2222 42 24 Al-

1277 2255 91 30 dridge,!
1379 2255 47 24 and
1439 2256 29 24 G.
1467 2265 3 5 1
1477 2256 92 25 ♦Blank
1591 2266 60 16 were
1657 2264 7 8 L
1673 2260 56 23 read
1751 2261 49 23 and

1264 2312 5 12 ,
1275 2291 66 26 dealt
1352 2292 82 30 with./,
1453 2293 73 28 Bro,,
1523 2295 145 30 Waterman,
1688 2296 62 29 who,
1774 2300 25 22 at

1275 2330 42 25 the
1328 2331 47 27 last
1388 2332 113 32 meeting,
1514 2333 97 32 though
1628 2335 95 29 absent*
1747 2345 50 16 was

1275 2369 92 25 elected
1378 2371 26 23 to
1415 2371 43 24 the
1469 2372 67 25 office
1548 2373 26 23 of
1589 2373 64 25 V.G.
1674 2383 49 16 was
1743 2383 56 17 now

1264 2429 3 6 ,
1275 2407 58 31 duly
1354 2408 115 25 installed
1492 2409 31 31 by
1543 2409 48 27 Bro
1614 2411 65 25 P.G.
1711 2413 88 26 Smith.

1264 2445 46 29 .At
1322 2444 49 25 this
1381 2447 67 30 stage
1454 2446 55 27 JBro
1522 2447 62 25 P.G~.
1599 2448 80 26 Smith
1685 2469 2 3 .
1699 2451 99 25 vacated

1275 2485 42 27 the,
1324 2485 65 23 chaiv
1400 2486 25 23 in
1438 2486 85 24 favour
1534 2486 26 24 of
1568 2487 50 25 Bro
1640 2488 61 25 P.G.
1726 2489 73 25 Shar-

1274 2530 55 16 man
1341 2523 54 24 who
1407 2523 84 33 kindly
1510 2524 139 26 undertook-
1654 2540 6 10 <
1667 2526 42 26 the
1727 2528 72 31 .duty,

1275 2561 56 24 and.
1335 2562 66 28 with,
1407 2563 40 24 the
1470 2564 96 25 visitors
1589 2566 50 23 and
1660 2570 48 21 two
1730 2568 70 24 other

1275 2600 69 31 Bros,
1356 2601 107 32 forming
1474 2611 12 15 a
1500 2603 147 26 Committee
1666 2607 86 23 retired
1774 2608 26 24 to

1268 2638 47 25 •the
1327 2641 126 22 anteroom
1465 2642 26 23 to
1500 2641 82 25 confer
1589 2647 32 20 On
1631 2645 102 24 matters
1742 2653 56 16 con-

1279 2679 101 30 cerning
1390 2676 42 28 the
1443 2679 159 33 forthcoming
1614 2683 187 31 Amalgamated

1279 2716 165 33 Anniversary
1454 2717 85 26 Picnic
1550 2727 33 17 on
1599 2719 119 34 Tuesday,
1741 2722 58 28 Jan,

1276 2754 52 27 sth,
1341 2754 72 24 when
1425 2755 20 23 it
1456 2763 49 17 was
1516 2756 86 31 finally
1610 2759 118 31 arranged
1746 2760 55 25 that

1263 2817 2 4 .
1275 2801 15 16 a
1302 2797 90 21 muster
1402 2794 58 24 take
1467 2796 69 31 place
1547 2798 26 23 at
1595 2797 135 27 theilWest
1753 2799 49 25 Ox-

1275 2830 53 25 ford
1338 2831 153 25 Oddfellows'
1504 2832 60 26 Hall
1576 2837 24 21 at
1613 2836 15 23 9
1651 2844 66 18 a.m.,
1741 2837 59 24 then

1273 2867 91 24 headed
1375 2867 31 31 by
1418 2869 43 24 the
1472 2869 76 26 Brass
1569 2871 73 25 Band
1664 2874 87 24 march
1773 2874 27 24 in

1273 2907 140 30 procession
1421 2909 26 23 to
1458 2909 42 24 the
1512 2909 62 26 East
1587 2911 91 25 Oxford
1689 2912 59 25 Hall
1768 2921 33 17 on

1273 2945 70 28 their.
1348 2954 52 24 way
1409 2948 26 24 to
1446 2948 41 25 the
1500 2952 54 28 spot
1574 2951 103 26 selected
1688 2952 50 26 ..for
1759 2954 42 25 the

1275 2983 69 31 day's
1362 2985 163 32 proceedings.
1655 2999 2 3 •
1677 3013 4 3 .
1718 3004 4 6 .

1308 3021 49 25 Bro
1369 3022 140 26 Zweibruck
1526 3026 110 31 reported
1658 3028 47 24 two
1719 3036 82 17 -mem-

1275 3058 55 26 bers
1350 3067 33 18 on
1413 3060 40 25 the
1486 3062 51 25 sick
1571 3059 50 30 list.
1656 3065 66 26 That
1752 3067 49 25 Bro

1276 3098 87 30 Lough
1371 3105 53 18 -was
1435 3106 55 17 now
1502 3102 132 24 somewhat
1644 3102 88 30 better,
1753 3105 48 25 and

1277 3134 49 24 had
1337 3142 63 24 gone
1410 3137 26 23 to
1448 3138 105 23 Sumner
1574 3139 35 24 for
1628 3147 14 17 a
1664 3141 79 29 while,
1766 3143 38 24 for

1277 3173 41 23 the
1329 3171 90 27 benefit
1430 3173 28 25 of
1465 3174 40 25 his
1516 3173 92 32 health,
1621 3177 49 25 and
1688 3178 50 26 had
1761 3188 40 17 en-

1263 3236 2 13 (
1381 3205 51 30 inm
1433 3232 11 16 v
1443 3212 104 38 tb,carr^
1555 3217 45 29 put
1619 3215 41 24 the
1678 3215 79 27 duties
1779 3217 26 26 of

1562 3256 129 27 .return,.,
1703 3257 100 25 Several

1277 3290 115 21 accounts
1414 3290 145 31 amounting
1581 3292 26 25 to
1607 3313 3 2 .
1635 3293 40 25 £7.
1683 3306 4 5 <
1700 3294 43 25 10s
1771 3295 33 25 4d

1277 3333 60 33 we^
1489 3333 126 31 jpayinent,
1702 3335 101 31 receipts

1279 3366 70 32 being
1358 3359 6 9 J
1371 3366 36 25 £6
1427 3369 44 23 14s
1491 3361 36 32 'id
1533 3361 3 7 '
1556 3370 62 26 after
1634 3365 3 4 '
1651 3372 78 27 which
1763 3376 41 24 the

1277 3405 70 32 lodge
1359 3406 81 26 closed
1450 3408 27 24 in
1489 3408 43 26 the
1544 3412 70 24 usual
1633 3412 71 27 form.

1325 3513 69 26 THE
1423 3515 91 27 KAKA
1548 3518 205 30 MINSTRELS.

1310 3594 49 26 The
1372 3595 90 27 Oxford
1474 3598 126 28 Minstrels
1623 3610 60 23 gave
1707 3612 33 17 an
1762 3613 40 16 en-

1276 3633 156 26 tertainment
1442 3635 27 25 in
1481 3636 40 25 aid
1533 3638 24 24 of
1568 3639 41 25 the
1628 3640 97 25 Cricket
1747 3641 55 25 club

1276 3677 30 16 on
1320 3671 38 24 Ist
1370 3671 66 28 Jan.,
1449 3675 26 22 at
1487 3674 40 25 the
1540 3675 62 25 East
1614 3676 91 25 Oxford
1725 3678 74 24 Town

1275 3707 68 30 Hall,
1355 3709 49 24 and
1415 3710 114 26 deserved
1539 3714 71 22 much
1620 3714 76 23 better
1704 3717 96 25 patron-

1274 3753 43 24 age
1326 3746 62 25 from
1399 3747 41 25 the
1451 3748 80 30 public
1543 3749 61 24 than
1613 3749 57 30 they
1680 3750 118 33 received^

1280 3782 90 28 Messrs
1381 3784 77 29 Eyde,
1473 3785 83 30 Feary,
1569 3786 47 26 and
1630 3785 80 23 Smith
1729 3787 71 30 again

1273 3820 119 31 appeared
1403 3820 27 23 in
1442 3820 42 25 the
1495 3820 39 24 old
1557 3822 50 23 role
1628 3828 28 17 as
1679 3821 118 30 Johnson,

1891 167 89 29 Bones,
2003 170 47 24 and
2072 170 101 30 Tambo,
2198 171 47 25 and
2265 170 94 28 elicited
2388 176 28 19 as

1891 207 72 24 much
1986 211 113 28 applause
2121 219 27 16 as
2171 212 27 23 of
2217 219 55 23 yore
2295 211 50 24 and
2367 210 45 24 the

1890 245 104 24 musical
2010 245 87 26 talents
2107 248 24 23 of
2153 249 42 24 the
2215 248 91 25 Messrs
2326 248 89 24 Brown

1888 291 61 17 were
1982 292 28 16 as
2048 287 71 23 usual
2157 287 58 32 fully
2249 287 163 32 appreciated.

1887 320 77 31 Space
1975 322 57 24 do«s
2043 325 43 21 not
2096 325 88 28 permit
2196 332 38 18 me
2244 327 25 23 to
2278 328 70 22 enter
2358 325 55 24 into

1885 358 73 24 detail
1971 359 116 24 criticism
2097 360 26 24 of
2132 361 40 23 the
2184 370 77 23 merry
2272 362 74 29 band,
2367 363 44 24 but

1885 395 12 24 I
1909 404 56 23 may
1976 397 95 24 remark
2083 397 59 32 they
2152 406 59 17 were
2222 401 41 23 too
2273 400 86 31 plucky
2384 402 27 23 to

1885 437 119 22 entertain
2016 438 39 22 the
2067 437 139 30 depression
2219 438 120 32 generally
2354 447 56 24 pro-

1884 474 75 25 duced
1971 475 31 31 by
2014 484 14 16 a
2045 477 54 23 thin
2109 477 77 24 house
2195 477 48 24 and
2263 478 89 25 earned
2371 480 36 23 in-

1883 514 132 32 dividually
2045 517 48 22 and
2126 517 152 31 collectively
2311 525 14 16 a
2354 518 55 25 well
2435 536 6 8 <

1884 555 100 23 merited
1994 556 122 30 applause.
2151 557 50 24 The
2213 564 61 24 song
2293 557 49 24 and
2354 578 4 3 .
2365 557 44 25 the

1883 593 83 24 march
1978 594 27 24 of
2014 595 42 24 the
2064 595 61 24 Blue
2137 595 97 25 Ribbon
2246 597 77 29 Army
2344 604 64 17 were

1884 630 140 33 deliciously
2034 633 138 30 performed
2184 634 45 24 and
2242 633 95 25 elicited
2345 633 70 25 voci-

1883 668 78 23 ferous
1973 670 121 29 applause.
2129 670 53 24 The
2187 670 69 31 jokes
2268 678 63 18 were
2353 678 55 18 new

1883 707 48 24 and
1942 708 71 28 crisp,
2025 709 42 24 the
2089 717 46 16 one
2156 711 100 30 causing
2278 711 62 23 most
2363 710 46 24 fun

1881 752 49 17 was
1942 746 153 31 avoluntary
2106 747 61 24 from
2180 747 39 24 Mr
2231 747 101 29 Tambo,
2352 755 55 17 wuo

1883 781 71 32 being
1977 783 23 24 of
2024 784 61 23 such
2106 786 92 23 stature
2219 785 123 24 informed
2363 784 41 25 his

1882 818 103 25 brudder
1995 821 105 30 niggers,
2112 821 54 24 that
2183 822 30 24 he
2235 822 50 25 had
2307 830 14 17 a
2349 830 58 24 very

1882 856 44 24 tall
1938 858 100 27 brother,
2052 866 27 16 so
2092 858 45 24 tall
2149 859 40 23 Mr
2208 859 122 28 Johnson,
2354 859 54 25 that

1881 893 33 24 he
1925 893 48 24 had
1985 896 25 22 to
2022 896 70 23 stand
2106 903 32 17 on
2150 904 15 16 a
2176 896 70 24 chair
2254 898 27 23 to
2301 900 62 27 put..
2368 897 40 23 his

1883 931 45 24 hat
1939 939 39 21 on*
1988 932 48 24 and
2046 932 21 25 it
2078 933 58 24 took
2147 936 30 22 tvr
2179 941 14 17 o
2205 934 58 30 days
2274 936 28 23 to
2313 933 95 26 exhibit

1885 969 61 24 him.
1981 969 52 25 The
2045 971 83 30 nights
2139 971 43 24 fun
2205 980 49 16 was
2277 972 132 25 conoluded

1886 1007 59 24 with
1962 1007 43 25 the
2026 1008 130 32 laughable
2173 1009 65 24 farce
2260 1009 26 25 of
2318 1013 16 13 «
2344 1005 70 37 Wjjh

1885 1048 104 23 neezer's
1999 1048 57 24 visit
2066 1053 27 20 to
2104 1049 59 24 New
2175 1049 92 32 York^'
2280 1050 27 23 in
2316 1070 2 3 .
2323 1048 83 25 wliich

1885 1084 42 24 the
1956 1084 136 24 inimitable
2112 1080 86 36 JPeler
2231 1086 180 30 distinguished

1885 1122 97 24 himself
1992 1130 26 16 as
2043 1124 76 28 usual,
2141 1124 48 24 and
2213 1124 42 25 the
2279 1124 84 32 acting
2384 1124 29 25 of

1887 1160 41 23 Mr
1949 1159 34 24 H.
2006 1160 106 32 Laming
2128 1169 51 17 was
2201 1170 28 16 as
2251 1163 80 28 usual,
2356 1170 54 23 per-

1887 1197 96 24 fection.
2017 1198 122 32 Amongst
2151 1200 46 23 the
2215 1200 135 28 minstrels,
2373 1200 39 25 for

1886 1237 61 26 cool,
1959 1235 136 25 unaffected
2107 1237 48 23 and
2166 1237 108 31 graceful
2295 1237 115 31 perform-

1885 1283 68 20 ance,
1966 1275 39 24 Mr
2017 1275 59 25 Tom
2087 1275 88 25 Brown
2184 1277 88 24 carries
2283 1277 43 25 the
2334 1277 76 32 palm.

1886 1314 65 24 Moat
1963 1315 26 24 of
1996 1314 42 24 the
2060 1323 72 23 songs
2145 1324 59 16 were
2216 1317 127 31 tastefully
2361 1317 50 24 and

1886 1356 116 30 correctly
2013 1355 124 29 rendered,
2150 1356 48 26 and
2210 1357 52 24 well
2285 1357 125 25 sustained

1885 1393 31 32 by
1925 1394 97 31 spirited
2034 1395 123 25 choruses.
2192 1397 80 24 Those
2283 1397 56 24 who
2361 1397 48 24 ab-

1885 1433 84 25 sented
1982 1433 144 26 themselves
2145 1435 63 25 from
2231 1436 41 24 the
2280 1456 6 8 ,
2293 1435 119 32 perform-

1885 1480 60 17 ance
1967 1473 89 25 missed
2074 1482 14 15 a
2111 1475 72 28 treat,
2206 1475 51 25 and
2277 1475 15 25 I
2304 1487 8 12 *
2325 1467 85 40 a^Lvifla

1885 1512 67 24 them
1975 1516 26 21 to
2020 1522 92 23 avenge
2130 1514 163 25 themselves'
2304 1514 32 33 by
2359 1522 52 18 em-

1885 1553 98 30 bracing
1994 1553 40 23 the
2051 1554 155 31 opportunity
2219 1554 26 24 of
2253 1554 118 31 listeiring
2381 1556 26 23 to

1882 1600 15 15 a
1905 1592 128 31 repetition
2045 1593 25 23 ml
2079 1593 40 24 the
2131 1597 99 20 concert
2237 1597 25 21 at
2271 1593 68 37 Vi^w
2347 1594 63 25 Hill.

1949 1699 135 24 OXFORD
2101 1699 91 25 ROAD
2221 1700 122 25 BOARD.

1917 1779 58 24 This
1987 1779 79 25 Board
2074 1780 58 25 held
2145 1781 60 24 their
2214 1782 111 25 ordinary
2332 1784 76 23 meet-

1884 1819 42 30 ing
1938 1826 32 17 on
1992 1820 44 23 6th
2058 1820 57 28 inst,
2139 1820 33 25 all
2194 1822 122 24 members
2337 1822 73 32 being

1883 1859 103 29 present.
2020 1859 108 24 Minutes
2150 1860 25 23 of
2197 1860 113 32 previous
2331 1863 78 23 meet-

1884 1898 42 30 ing
1936 1906 61 16 were
2008 1899 57 24 read
2077 1899 47 24 and
2135 1900 141 25 confirmed.

2013 1936 99 26 decided
2123 1935 42 28 to'
2171 1937 97 26 rescincl
2287 1932 46 32 air
2341 1947 63 18 reso-

1883 1973 101 28 lutions.
1996 1977 86 31 passed
2103 1978 25 24 in
2150 1977 120 26 reference
2303 1981 25 24 to
2361 1980 56 28 the.,

1883 2017 111 30 cleaning
2005 2017 27 24 of
2040 2018 43 23 the
2084 2020 84 27 /water
2173 2026 77 20 races,
2260 2020 49 23 and
2317 2020 97 26 hence-,

1883 2055 65 25 forth
1961 2057 24 23 to
1997 2056 55 24 take
2075 2057 42 24 the
2139 2057 78 26 whole
2239 2060 91 23 matter
2349 2060 52 25 into

1883 2095 65 24 their
1958 2103 53 17 own
2027 2096 87 25 hands.

1916 2134 118 26 Resolved
2059 2136 55 24 that
2135 2137 42 24 the
2198 2137 59 24 road
2264 2160 3 3 .
2278 2137 62 25 from
2363 2139 41 25 the

1884 2173 95 32 Orange
1991 2174 59 24 Hall
2062 2179 25 21 to
2098 2175 43 25 the
2152 2176 70 24 creek
2233 2176 31 25 be
2284 2177 103 27 formed.

1916 2214 116 24 Resolved
2049 2215 52 25 that
2123 2216 35 24 all
2179 2216 60 31 dogs
2260 2217 44 24 hot
2324 2217 80 26 other-

1883 2252 57 24 wise
1950 2253 115 30 provided
2076 2254 36 24 for
2123 2254 31 32 by
2166 2255 41 24 the
2219 2257 39 23 act
2281 2256 29 24 be
2330 2258 73 24 taxed

1884 2294 25 22 at
1923 2292 60 31 10/-.

1916 2332 74 24 Clerk
2002 2334 110 29 reported
2119 2333 54 25 that
2184 2335 31 23 he
2237 2334 49 24 had
2307 2337 44 28 put
2370 2344 33 17 on

1882 2378 58 17 men
1952 2373 24 23 to
1989 2372 78 26 watch
2078 2372 43 24 the
2132 2374 102 23 culverts
2253 2374 86 31 dvring
2361 2376 43 24 the

1882 2411 49 23 last'
1949 2409 61 25 bush
2029 2410 45 25 fire
2075 2426 32 3 —
2107 2412 126 31 approved.
2267 2413 60 25 Also
2350 2414 54 26 that

1882 2450 70 23 some'
1960 2457 88 23 person
2060 2449 49 26 had
2132 2451 152 32 maliciously
2305 2452 97 31 injured

1881 2488 43 25 the
1935 2488 94 31 grating
2040 2488 48 25 and
2110 2489 63 25 head
2196 2490 76 25 works
2292 2490 26 25 of
2337 2491 67 26 View

1883 2527 53 26 Hill
1947 2535 63 17 race,
2022 2528 48 24 arid
2088 2528 43 25 the
2153 2529 81 25 Board
2257 2530 100 25 decided
2376 2534 27 23 to

1881 2568 87 25 inform
1980 2567 41 25 the
2032 2568 82 30 police,
2128 2569 46 24 and
2187 2572 26 21 to
2230 2570 61 25 offer
2311 2579 14 16 a
2347 2573 56 23 sub-

1885 2607 100 24 stantial
1999 2608 92 24 reward
2102 2608 36 24 for
2149 2608 41 25 the
2199 2608 118 27 detection
2324 2611 27 24 of
2357 2619 49 25 any

1879 2647 132 28 malicious,
2017 2655 73 24 rogue
2102 2647 109 33 injuring
2233 2648 42 26 the
2297 2649 104 28 Board's

1881 2688 121 36 property.

1916 2725 40 25 Mr
1976 2725 125 32 Ferguson
2119 2727 89 31 having
2229 2727 88 26 offered
2339 2737 69 19 some

1882 2765 130 31 objections
2023 2773 27 16 as
2057 2789 3 4 .
2070 2767 25 22 to
2117 2766 185 27 indisoriminite
2323 2770 80 25 clean-

1883 2805 43 31 ing
1937 2805 27 24 of
1972 2803 43 26 the
2025 2812 54 17 race
2088 2814 32 15 on
2131 2805 39 25 his
2180 2809 119 29 property,
2312 2809 48 26 and
2383 2811 21 25 it

1882 2852 49 16 waft
1941 2844 110 24 resolved
2061 2846 26 22 to
2098 2845 59 25 offer
2168 2845 39 25 Mr
2224 2847 125 31 Ferguson
2370 2851 36 24 J65

1883 2892 13 16 a
1907 2891 56 24 year
1973 2878 161 37 for'ordinary
2154 2884 113 33 claaning
2276 2886 64 27 from
2362 2888 45 27 the

1882 2923 83 25 intake
1976 2924 25 23 to
2013 2923 101 25 Terrace
2118 2924 5 7 1
2130 2925 67 24 road.
2217 2932 3 6 '

1916 2962 40 25 Mr
1978 2963 115 24 M'Grath
2116 2963 71 25 made
2209 2965 43 24 the
2264 2965 91 29 -JSaard
2374 2976 32 19 an

1883 3002 59 24 offer
1952 3003 26 23 in
1990 3002 119 24 reference
2121 3004 25 23 to
2157 3002 44 25 the
2222 3012 54 16 race
2298 3007 110 33 through

1884 3042 40 24 his
1943 3043 119 30 property.
2096 3042 36 25 To
2153 3042 30 25 be
2206 3043 117 27 informed
2352 3048 56 27 that
2410 3049 30 21 l^

1886 3082 41 24 the
1950 3081 80 25 Board
2048 3083 89 24 cannot
2154 3082 82 32 depart
2257 3083 62 27 from
2342 3087 68 28 their

1884 3122 73 25 usual
1968 3129 83 18 course
2062 3122 28 26 in
2099 3123 119 25 reference
2229 3127 26 21 to
2277 3125 43 26 the
2339 3130 68 25 rates
2434 3121 6 41 j

1886 3160 113 33 charged.
2426 3152 13 33 ■/

1919 3200 70 25 Clerk
1999 3200 183 26 recommended
2194 3203 53 24 that
2267 3210 16 18 a
2303 3205 53 25 ford
2380 3207 30 28 be
2421 3190 12 46 /

1886 3242 45 29 put
1943 3248 32 16 on
1987 3239 131 26 Gardner's
2129 3240 65 26 foad.
2229 3242 35 25 To
2275 3242 65 28 build
2359 3230 69 45 cul-/

1886 3285 52 19 vert
1950 3281 32 23 20
1992 3280 49 24 feet
2051 3280 31 31 by
2093 3281 16 23 4
2128 3280 54 26 feet.
2409 3271 11 40 /

1921 3319 52 25 The
1985 3326 84 25 money
2079 3320 38 24 for
2130 3320 62 25 birds
2203 3329 58 24 eggs
2279 3322 43 27 has
2344 3310 71 44 been!

1887 3359 142 29 exhausted,
2041 3360 53 24 also
2105 3360 52 25 that
2166 3360 59 33 boys
2247 3361 86 36 selling
2352 3375 54 23 eggs
2424 3365 3 5 '

1886 3407 63 18 were
1982 3400 164 25 troublesome
2178 3402 26 24 at
2236 3388 165 55 inoonvenienji

1886 3440 80 25 hours.
2001 3439 105 26 Decided
2128 3440 53 26 that
2203 3450 55 23 eggs
2278 3447 80 26 would
2380 3451 24 23 be

1887 3480 135 31 purchased
2044 3480 56 31 only
2123 3488 32 16 on
2174 3481 68 24 office
2263 3482 67 33 days,
2361 3489 43 26 and

1886 3519 56 25 that
1954 3528 14 16 a
1979 3518 92 25 further
2093 3527 54 16 sura
2166 3520 28 24 of
2211 3520 55 24 £10
2288 3523 29 27 be
2337 3515 65 40 vo&d

1888 3559 38 25 for
1938 3559 52 24 that
2009 3567 109 23 purpose.
2170 3579 3 2 .
2364 3555 23 26 t

1920 3599 25 25 It
1957 3598 47 26 will
2015 3598 30 26 be
2063 3606 126 24 necessary
2210 3599 38 25 for
2265 3602 41 28 the
2327 3607 74 28 Board

1887 3639 27 23 to
1925 3646 103 23 arrange
2039 3638 58 25 with
2105 3638 41 25 the
2157 3638 71 25 Bark
2239 3639 35 26 for
2285 3651 33 19 an
2339 3656 63 19 over-
2432 3664 8 12 ,

1886 3675 72 25 draft.
1992 3677 134 26 Chairman
2137 3679 25 23 to
2184 3685 107 26 arrange,
2314 3689 44 24 a^j
2377 3694 13 17 a
2391 3677 41 34 g/

1885 3713 74 26 about
1969 3717 68 26 £700
2048 3717 26 25 of
2093 3720 65 23 rates
2180 3725 40 18 are
2241 3708 199 52 outatandins?/f|

1884 3754 138 31 ratepayers
2043 3759 26 22 to
2093 3757 28 24 be
2142 3757 121 28 informed
2284 3764 54 28 that
2368 3766 72 32 bU|

1883 3793 66 23 rates
1959 3797 45 22 not
2025 3796 58 30 paid
2103 3796 80 27 before
2206 3798 40 25 the
2267 3802 59 31 28th
2345 3785 95 54 inst}rJ|

1886 3831 50 25 will
1949 3831 29 27 be
1990 3835 60 25 sued
2061 3835 44 26 for.
2126 3850 3 6 -
2391 3838 9 23 I
2415 3830 24 45 Ij

447 41 167 32 OXFORD
656 45 89 30 AND
787 45 105 32 OUST
936 31 240 50 OBSERv^#
1200 32 236 57 -S^-RBffY,
1480 52 191 31 JANUARY
1714 57 25 33 9,
1785 57 77 28 1892

667 154 159 39 FARM
887 154 294 45 PRODUCE.

741 197 120 40 Notice
883 207 39 22 to
942 199 163 32 Farmers.
1177 209 2 21 :

703 247 101 31 Those
828 249 134 30 desirous
981 250 37 32 ,of
1040 251 144 40 bringing

662 287 91 30 Farm
764 288 136 32 Produce
909 291 32 28 of
950 301 60 28 any
1021 294 64 26 sort
1092 296 32 25 to
1130 293 53 28 the

663 327 116 31 Oxford
802 330 126 37 market,
965 332 61 28 will
1064 333 120 29 consult

661 368 80 29 their
765 379 68 20 own
859 371 128 29 interest
1013 372 43 39 by
1079 373 104 29 adver-

661 409 95 39 tising
779 420 80 19 same
880 411 31 29 iu
936 412 53 28 the
1019 412 164 30 OXFORD

663 449 59 29 and
738 447 100 33 OUST
850 451 227 38 OBSERVER,
1090 464 37 18 an
1148 453 37 30 is-

662 500 53 19 sue
724 500 36 19 or
770 494 60 26 two
857 491 202 31 before-hand.

657 610 50 18 -•-■
734 614 38 25 .-
801 615 3 3 ■
833 601 171 46 IiOST:
1110 620 79 18 ■■-■••

663 713 39 56 A
736 712 82 26 Violin
835 714 54 24 'and
912 715 67 28 Case,
998 716 35 22 'oh
1057 715 127 32 Saturday,

735 746 50 24 Dec
798 746 53 24 sth.
885 746 54 34 Any
951 755 44 17 one
1007 748 125 31 returning
1143 749 43 24 the

661 795 65 17 same
744 790 34 26 to,
803 788 39 25 ~R.
865 789 53 24 Fen
920 789 66 29 wick,
1007 790 52 24 will
1081 790 29 24 be
1143 799 43 17 re-

661 830 102 24 warded.

72 153 165 31 OXFORD
257 153 109 31 ROAD
401 152 150 32 BOARD.

92 252 119 30 Notice
241 261 39 21 to
315 251 217 30 Ratepayers.

54 303 162 78 NOTICE
231 304 25 28 is
271 303 112 38 hereby
397 303 90 38 given
508 303 68 29 that

135 344 41 29 all
230 344 197 37 outstanding
483 343 91 29 Rates

52 388 83 26 must
149 385 37 29 be
200 384 68 39 paid
283 384 110 30 before.
400 383 68 29 Jan.
492 383 80 37 28th,

56 426 87 28 1892.
186 424 47 40 By
249 425 88 29 order
351 424 32 28 of
397 423 52 30 the
464 423 109 30 Board.

114 475 134 30 JAMES
270 475 41 29 H.
340 474 173 35 SHARPE,

254 525 89 30 Clerk
351 532 33 22 to
399 525 52 29 the
466 525 107 30 Board.

92 640 85 30 DOG
218 638 314 32 REGISTRATION.

53 738 164 78 NOTICE
259 739 27 28 is
327 738 115 38 hereby
482 738 92 38 given

135 779 67 29 that
215 778 52 30 the
283 777 207 39 Registration
513 778 59 29 Fee

50 820 49 28 for
127 819 41 29 all
195 819 75 39 dogs
298 819 32 28 in
358 819 53 28 the
454 818 119 29 Oxford

51 859 130 30 District
182 888 8 15 ?
208 859 86 29 when
308 863 54 24 not
385 859 119 28 defined
531 859 42 39 by

51 899 69 40 Dog
130 900 206 38 Registration
344 899 70 35 Act,
429 899 54 29 has
497 899 75 29 been

53 941 81 29 fixed
148 940 42 39 by
203 941 52 29 the
269 939 102 30 Board
386 943 31 26 at
431 944 51 25 ten
501 939 71 30 shil-

52 981 80 40 lings
146 981 51 30 for
210 981 52 30 the
277 983 123 27 current
410 990 82 30 year,
548 989 7 18 i

113 1031 139 32 JAMES
266 1031 41 29 H.
338 1030 173 30 SHARPE;
532 1022 4 11 !
580 1047 2 2 ■

234 1082 93 31 Clerk
339 1086 31 27 to
395 1082 52 30 the
460 1082 112 31 Board.
607 1080 5 28 I

165 1188 76 30 £10.
269 1186 190 31 REWARD.

52 1285 164 79 NOTICE
262 1286 25 29 is
327 1285 114 39 hereby
483 1286 89 37 given

133 1327 67 29 that
238 1326 53 30 the
330 1325 114 30 Oxford
486 1325 86 29 Road

50 1367 101 29 Board
168 1367 60 30 will
252 1376 61 30 pay
331 1366 53 29 the
412 1366 94 30 above
531 1376 42 19 re-

50 1407 85 30 ward
149 1411 32 26 to
196 1418 61 29 any
271 1407 114 29 Person
414 1407 68 30 who
510 1407 62 29 will

50 1449 70 39 give
139 1449 75 30 such
228 1447 196 30 information
452 1457 32 20 as
510 1446 62 31 will

51 1489 67 30 lead
132 1493 31 26 to
190 1489 52 30 the
270 1488 173 30 conviction
467 1488 32 30 of
520 1488 52 29 the

51 1529 114 31 Person
177 1540 34 19 or
225 1529 128 30 Persons
381 1529 69 30 who
477 1528 95 30 broke

53 1571 50 29 the
143 1571 129 39 padlock
313 1570 59 30 and
414 1569 158 30 otherwise

49 1612 147 40 damaged
210 1611 52 31 the
287 1611 89 30 Head
402 1610 113 31 Works
543 1611 31 30 of

51 1653 53 29 the
115 1653 87 29 View
216 1653 62 28 Hill
290 1651 101 30 Water
402 1652 89 29 Race.

112 1703 136 31 JAMES
277 1702 40 30 H.
342 1701 168 35 SHARPE,

255 1752 92 31 Clerk
357 1755 33 27 to
400 1754 49 28 the
464 1753 100 30 Board

51 1851 245 56 PJJBLIC
313 1850 258 46 NOTICE.

48 1964 307 78 TRESPASSERS
421 1975 40 20 on
524 1965 50 30 the

134 2005 94 30 Farm
241 2006 110 29 known
366 2015 33 20 as
412 2006 116 36 SnelPs,
542 2009 32 27 at

51 2045 85 30 West
161 2046 127 36 Oxford,
316 2046 63 30 will
406 2046 38 30 be
471 2056 101 30 prosev
598 2046 4 39 j

50 2086 100 31 cuted.
235 2090 1 2 '
275 2093 11 26 .'
335 2089 89 30 .'■■.■;".
439 2088 46 31 '.'"•■■
499 2081 75 39 ,''nS
598 2104 2 11 <
598 2086 3 17 !

151 2137 112 31 john
297 2135 173 40 ingram;
544 2140 3 7 '
597 2125 3 51 i

273 2178 104 38 Agent
452 2178 120 36 Owner,.
597 2196 1 2 ■

143 2276 47 51 J.
216 2276 262 46 FOSTER.
589 2294 8 9 •

223 2341 65 22 BAY
308 2341 84 22 ROAD

129 2383 121 30 EAST
300 2383 205 31 OXFORD.

101 2434 222 35 Gooseberries,
347 2434 224 36 Strawberries,

50 2474 211 41 Raspberries,,
271 2474 52 38 &c,
340 2474 53 36 &c,
403 2476 30 28 in
443 2475 82 40 large
540 2486 34 19 or

50 2516 89 30 small
155 2516 175 39 quantities.
524 2541 10 6 ,

148 2632 329 62 IMPOEMT.

83 2741 68 24 THE
164 2742 113 27 Farmers
299 2742 27 24 of
347 2742 43 24 the
414 2742 91 25 Oxford
527 2744 49 24 and

51 2781 60 25 Oust
134 2781 116 25 Districts
272 2789 41 17 are
335 2782 100 24 notified
456 2783 54 24 that
523 2784 51 25 ..the

50 2820 164 31 undersigned
224 2820 92 30 having
327 2820 134 31 completed
467 2822 43 24 the
518 2831 57 22 pur-

49 2860 72 24 chase
132 2859 27 24 of
168 2867 15 16 a
194 2859 78 30 heavy
282 2860 48 23 line
342 2860 30 26 of.
377 2860 91 24 Binder
479 2860 93 30 Twine,

52 2898 49 25 and
120 2898 21 25 is
152 2899 128 31 preparing
290 2900 25 23 to
324 2899 85 31 supply
421 2900 40 24 the
472 2902 105 23 sameat
586 2908 3 18 ;■

233 2938 85 32 prices.
361 2939 51 24 The
409 2964 5 9 r
455 2939 121 32 following
585 2945 3 11 '

151 2976 49 23 will
212 2975 28 25 be
252 2975 56 31 kept
319 2977 27 22 in
369 2977 109 24 stock.—
586 2981 2 5 '

223 3015 5 9 '
233 3015 4 9 '
278 3013 89 31 Hemp,
416 3013 64 26 Hale
529 3015 47 24 and
584 3004 3 42 |

333 3053 90 29 mixed,
444 3054 48 25 and
514 3054 61 25 Flax

315 3090 73 26 Fibre
410 3091 43 25 Go.
474 3091 103 26 Manilla

20 3116 326 61 H^^^^^^^^
463 3138 87 29 ::...^.
583 3137 3 34 j

454 3163 78 33 and'-'..
533 3171 46 25 Sea
581 3173 5 30 j

444 3215 32 17 on
505 3208 73 24 hand.

530 3248 31 23 to.
582 3239 2 9 '
