2460 3900
87 181 120 26 Resolved
218 179 54 25 that
289 178 40 24 the
351 175 66 26 clerk
439 175 100 32 appoint
561 182 14 16 a

53 225 139 22 water-race
208 225 95 22 ranger.

200 268 221 24 CORRESPONDENCE.

84 324 84 24 Letter
178 322 62 24 from
251 320 129 32 Loughrey
392 318 48 25 and
451 318 76 26 Lane,
551 324 23 15 re

54 362 111 31 Finlay's
188 361 136 27 execution,
358 358 87 30 asking
475 355 101 26 Board's

54 403 145 32 permission
211 404 24 21 to
247 400 70 30 delay
328 407 33 16 on
372 399 102 23 account
491 395 26 25 of
538 395 39 24 Mr

58 442 130 31 Stringer's
205 440 89 25 illness.
329 437 80 25 Board
432 435 98 24 decided
552 435 24 23 to

54 482 89 24 adhere
154 483 25 23 to
190 479 63 26 their
263 478 110 31 previous
382 475 146 25 instruction
539 481 20 17 s.

56 522 66 25 View
134 520 51 25 Hill
196 519 86 26 Pound
292 517 108 31 receipts,
424 516 32 23 £1
477 517 41 21 15s
536 513 40 25 6d.

54 560 92 26 Oxford
157 558 85 25 Pound
268 557 113 29 receipts,
418 554 35 24 £1
475 555 44 22 15s
536 552 39 24 6d.

89 600 33 25 H.
134 599 106 24 Askew's
251 596 85 25 tender
346 595 37 24 for
402 593 125 32 shingling
549 593 25 22 at

56 640 42 32 2/6
110 647 40 23 per
166 638 66 30 yard,
255 643 48 16 was
325 634 120 31 accepted,
468 633 59 26 also,

55 679 94 29 Daily's
160 677 36 24 for
204 675 120 32 grubbing
334 681 77 23 gorse,
422 673 33 23 £2
473 673 43 23 17s
534 670 39 27 6d,

87 718 40 23 Mr
138 716 94 25 Gorton
245 712 155 26 interviewed
422 712 41 24 the
486 709 87 29 Board,

54 758 49 25 and
115 753 120 35 protested
246 753 97 32 against
354 752 41 24 the
406 751 94 25 further
523 757 51 16 sur-

55 806 44 22 vey
107 796 27 25 of
143 795 42 25 the
194 792 172 26 Waimakariri
375 799 54 16 race
451 790 64 24 until
536 788 40 25 his

56 837 79 31 rights
145 842 40 18 are
196 833 103 25 defined.
334 832 39 24 He
384 831 49 24 had
454 830 119 26 however,

55 884 32 16 no
97 875 62 25 wish
171 880 25 18 to
211 875 38 22 act
259 872 26 24 in
298 879 31 16 an
339 870 147 25 obstructive
498 875 75 17 man-

56 922 53 18 ner.

55 953 121 25 Accounts
183 953 26 23 to
218 951 41 24 the
269 951 98 23 amount
376 948 25 25 of
406 948 75 24 £119.
495 948 29 23 Os
544 946 32 23 9d

54 1001 62 17 were
138 991 86 32 passed
247 990 37 24 for
306 989 123 31 payment,
453 986 48 25 and
534 985 42 25 the

56 1032 82 25 Board
145 1028 141 35 adjourned.

83 1148 473 47 CORRESPONDENCE.

55 1248 67 21 WMle
131 1251 37 16 our
176 1246 88 19 columns
273 1248 35 14 are
314 1248 51 19 open
374 1243 20 18 to
403 1241 32 19 all
452 1245 28 13 we
499 1239 25 19 do
542 1239 35 17 not

81 1278 87 25 identify
174 1276 97 20 ourselves
275 1274 51 20 with
330 1279 40 20 any
374 1272 94 26 opinions
473 1269 104 26 expressed

81 1310 84 19 therein.

103 1347 50 22 MR
177 1342 155 27 COLLIN'S
359 1338 164 27 LECTURE.

91 1419 33 24 To
146 1418 37 25 the
195 1416 85 25 Editor
288 1416 30 28 of
324 1414 36 23 the

88 1461 18 26 g
107 1469 32 21 IRj
141 1474 32 5 —
173 1458 104 32 Though
284 1458 14 23 I
306 1464 40 17 am
357 1457 44 23 not
413 1463 31 16 an
456 1453 120 28 Oxonian,

54 1502 15 23 I
80 1501 62 24 have
154 1507 14 17 a
179 1500 45 24 few
236 1497 39 26 old
289 1496 90 25 friends
399 1496 26 23 in
447 1502 60 23 your
529 1492 48 24 dis-

56 1539 64 28 trict,
155 1537 54 24 who
243 1534 129 26 command
406 1540 40 23 my
476 1533 99 25 esteem,

53 1576 172 32 consequently
236 1573 13 24 I
267 1581 41 16 am
330 1573 89 30 always
435 1569 97 33 pleased
552 1570 24 23 to

52 1615 70 25 learn
133 1614 53 24 that
200 1611 92 26 Oxford
308 1611 21 23 is
352 1608 158 33 progressing.
545 1606 31 24 In

52 1660 61 25 your
123 1652 63 24 issue
195 1650 26 25 of
230 1649 131 24 December
371 1646 59 26 19th
442 1646 12 24 I
463 1653 37 17 see
516 1644 32 32 by
559 1653 15 16 a

54 1687 73 24 letter
147 1684 90 31 signed,
261 1681 178 26 R.F.Garbett
461 1679 54 25 that
538 1677 40 25 Mr

54 1723 95 25 Collins
160 1721 32 31 by
208 1721 39 24 his
268 1719 91 25 lecture
380 1717 45 25 has
448 1716 129 24 awakened

54 1761 43 24 the
109 1759 67 32 spirit
187 1758 27 25 of
223 1756 99 31 friendly
330 1756 159 29 controversy,
496 1752 80 26 which

53 1799 15 25 I
78 1799 89 31 always
178 1794 53 28 hail
242 1804 26 17 as
280 1804 14 16 a
306 1796 54 30 sign
383 1794 26 24 of
428 1794 100 30 healthy
538 1793 38 23 in-

53 1836 122 25 tellectual
192 1834 106 30 activity.
332 1832 14 25 I
368 1834 88 22 cannot
478 1830 99 31 compli-

54 1876 66 22 ment
132 1881 58 23 your
201 1870 185 31 correspondent
397 1869 31 24 R.
437 1869 29 24 F.
479 1868 34 25 G.
534 1875 42 23 up-

21 1916 9 4 -
57 1919 32 16 on
99 1911 39 24 his
146 1910 74 31 depth
232 1909 26 24 of
263 1907 111 32 thought,
385 1915 27 16 or
423 1907 154 30 argumenta-

54 1949 49 24 tive
124 1954 99 24 powers.
258 1945 86 31 Surely
363 1945 27 23 in
409 1944 118 30 lecturing
546 1951 32 17 on

54 1994 48 23 any
113 1985 70 32 given
192 1984 99 31 subject,
304 1983 20 24 it
334 1982 22 24 is
368 1989 64 17 more
443 1981 135 25 consistent

53 2023 37 26 for
97 2023 41 25 the
146 2024 101 24 lecturer
254 2024 25 21 to
287 2027 98 24 express
392 2020 39 25 his
439 2027 52 17 own
500 2018 76 28 ideas,

56 2069 26 16 m
88 2061 40 24 his
137 2069 52 16 own
200 2067 61 23 way,
275 2058 60 25 than
347 2059 24 23 to
379 2060 71 29 quote
458 2057 43 24 the
510 2057 68 30 opin-

54 2100 52 23 ions
122 2099 25 24 of
169 2098 84 24 absent
273 2095 143 25 authorities
439 2095 51 24 who
510 2094 68 24 differ

54 2137 61 24 from
127 2135 37 24 his
176 2144 61 19 own,
258 2134 26 23 in
295 2133 79 25 which
393 2140 55 16 case
459 2132 20 24 it
505 2132 73 24 would

56 2173 28 25 be
106 2172 87 31 simply
216 2171 90 30 setting
329 2169 66 25 them
418 2177 40 22 up,
482 2168 48 24 like
552 2176 27 16 so

56 2219 73 23 many
150 2210 122 31 ninepins,
303 2208 37 24 for
359 2208 41 23 the
422 2206 110 32 pleasure
555 2206 27 24 of

57 2250 119 31 knocking
188 2250 66 24 them
270 2248 80 23 down.
385 2247 51 24 The
456 2246 64 24 work
531 2246 26 23 of
565 2253 15 16 a

55 2290 79 31 public
146 2290 103 24 lecturer
270 2288 22 24 is
314 2286 118 31 certainly
453 2288 45 22 n0t
546 2285 34 24 all

56 2328 53 25 beer
120 2328 49 24 and
327 2325 39 24 Mr
372 2324 93 25 Collins
473 2324 13 23 I
499 2323 78 28 know,

56 2368 54 23 does
120 2368 44 22 not
173 2365 99 29 indulge
282 2364 28 23 in
321 2365 43 22 the
386 2370 54 20 one,
463 2361 49 25 and
533 2360 46 26 has

56 2405 40 24 too
106 2403 71 25 much
188 2401 63 33 good
270 2408 70 18 sense
351 2402 26 23 to
393 2399 126 25 introduce
536 2398 44 25 the

56 2442 76 24 other.
165 2441 51 23 The
227 2441 68 28 large
306 2445 70 23 array
399 2438 25 24 of
445 2443 88 18 names
555 2436 26 25 of

56 2486 59 17 men
125 2478 104 24 eminent
240 2476 36 24 for
287 2469 65 31 iheir
367 2474 111 30 learning
489 2473 26 24 in
526 2481 54 23 par-

56 2518 88 25 ticular
152 2516 126 26 branches'
340 2514 125 25 literature
476 2513 102 28 seienco,

56 2564 28 16 or
106 2556 150 31 philosophy,
279 2555 52 23 can'
345 2554 42 23 hot
407 2552 32 25 be
466 2551 114 31 accepted

56 2604 29 17 as
96 2604 14 15 a
120 2597 63 30 reply
195 2598 25 22 to
240 2594 40 25 Mr
303 2591 101 27 Colling.
439 2592 50 24 The
510 2591 69 31 opin-

56 2636 54 24 ions
122 2636 26 23 of
153 2635 42 25 the
207 2636 104 30 greatest
322 2633 26 24 of
359 2640 57 17 men
427 2638 41 17 are
487 2638 26 18 as
535 2638 43 17 no-

60 2676 70 30 thing
141 2676 21 23 to
173 2682 45 20 me,
231 2674 68 23 when
312 2670 57 30 they
381 2673 68 22 enter
461 2678 64 24 upon
537 2670 43 24 the

56 2713 132 24 discussion
199 2712 26 24 of
233 2711 105 30 subjects
347 2709 95 25 outside
454 2708 42 25 the
505 2707 73 26 realm
604 2718 1 2 •

56 2750 28 25 of
92 2749 110 32 practical
219 2748 199 25 demonstration.
437 2746 52 25 Not'
498 2753 45 17 one
555 2745 27 25 of

59 2788 40 24 the
110 2787 64 32 eight
186 2795 54 16 men
251 2786 85 24 named
353 2785 30 31 by
406 2784 40 24 Mr
468 2784 110 27 Garbett,

56 2826 71 23 know
138 2826 116 30 anything
265 2831 66 17 more
342 2823 74 25 about
423 2822 42 25 the
474 2821 106 25 creation

56 2870 27 17 or
102 2862 41 25 the
164 2865 99 25 creator,
288 2862 59 24 than
366 2861 32 24 he
421 2867 27 17 or
470 2860 21 24 I.
526 2859 53 24 The

55 2901 78 26 whole
165 2902 112 32 question
305 2900 25 25 of
360 2899 113 31 theology
505 2906 78 17 versus

54 2940 94 26 science
160 2944 69 23 turns
242 2948 63 22 upon
317 2940 43 24 the
372 2938 91 25 mental
475 2937 105 25 attitude

54 2981 162 23 orcondition
236 2979 27 24 of
280 2979 43 23 the
344 2977 105 28 student,
473 2976 132 27 whether^,

246 3017 58 25 with
324 3017 28 24 'I
373 3017 108 26 believe,'
503 3024 27 16 or
551 3021 6 12 *
567 3015 14 23 I

53 3059 95 26 know/'
181 3056 49 25 The
242 3056 54 24 title
313 3055 25 24 of
359 3054 39 25 Mr
399 3074 19 13 y
418 3053 156 25 Gladstone's

56 3102 6 11 <
73 3097 65 24 little
150 3094 77 27 book,'
239 3095 22 23 is
272 3094 27 24 in
310 3101 42 23 my
364 3092 99 32 opinion
485 3099 14 17 a
522 3090 56 24 mis-

55 3142 91 19 nomer,
160 3132 42 24 the
215 3131 137 25 Honorable
369 3130 142 31 gentleman
533 3128 45 24 has

56 3175 59 23 been
125 3179 14 17 a
152 3169 123 26 Christian
287 3168 136 32 appologist
445 3167 37 24 for
503 3174 74 22 many

54 3218 78 26 years,
145 3208 44 25 but
200 3207 26 24 in
236 3215 41 23 my
465 3205 41 24 the
524 3212 55 23 very

54 3248 143 28 foundation
209 3237 80 41 upojuf
294 3247 78 24 which
397 3245 28 24 he
447 3244 46 24 has
515 3243 63 25 built

54 3292 38 24 his
104 3288 63 25 faith
176 3288 15 23 b
195 3285 103 26 as/been
321 3284 109 26 knocked
452 3286 24 22 to
499 3285 79 23 atoms

54 3328 69 32 again
136 3325 49 25 and
196 3325 78 31 again.
308 3325 24 24 It
343 3325 22 23 is
377 3321 74 32 really
463 3321 113 31 amusing

54 3369 23 24 to
89 3364 69 26 nru'k
170 3364 37 24 the
219 3363 126 31 ingenuity
367 3360 59 26 with
446 3359 74 25 which
538 3358 39 24 the

54 3405 123 26 defenders
195 3403 27 25 of
242 3403 42 24 the
306 3401 91 25 mosaic
421 3406 155 23 cosmogony,

54 3452 44 17 can
110 3442 98 31 wriggle
219 3441 49 24 and
280 3441 62 23 twist
355 3447 27 16 aa
401 3438 114 24 occasion
534 3444 42 16 re-

55 3483 82 32 quires.
173 3480 135 25 Whenever
319 3480 57 28 they
397 3478 66 22 meet
486 3475 53 24 with
562 3482 15 15 a

21 3512 238 358 IQculty'which
272 3516 57 32 they
352 3515 90 24 cannot
464 3511 112 31 honestly

90 3541 63 44 lain,
166 3557 59 29 they
235 3556 75 23 resort
332 3555 25 22 to
380 3561 15 16 a
416 3549 170 33 philological,

90 3582 113 36 luisition
215 3602 32 16 on
252 3617 3 4 .
259 3591 141 33 synonines,
413 3597 27 16 or
462 3587 112 25 conveni-
582 3610 4 9 ,

90 3632 27 38 |y
126 3633 55 24 take
193 3640 32 22 up
236 3631 43 23 the
292 3625 141 30 contention
455 3626 55 24 that
532 3625 42 25 the

90 3655 13 42 I
127 3675 65 21 must
212 3671 30 25 be
263 3669 57 25 read
341 3668 104 29 literally
467 3673 27 18 or
526 3666 48 24 via

90 3718 25 15 sa
125 3718 26 16 as
162 3709 113 25 occasion
286 3715 57 21 may
360 3705 104 31 require.
476 3731 2 3 .
500 3703 88 38 What^

90 3756 14 15 n
125 3748 26 23 of
171 3754 114 18 common
308 3752 79 20 sense,,
407 3741 67 27 who/
484 3743 22 24 is
528 3744 43 24 not

90 3787 55 24 ided
154 3788 30 31 by
207 3785 122 33 prejudice
352 3792 26 17 or
400 3784 59 29 fear,
482 3784 89 25 cannot
576 3794 7 10 r

97 3827 103 32 through
214 3826 54 26 that
278 3824 38 26 old
328 3831 65 19 worn
416 3826 51 28 out,
490 3827 77 22 trans-

667 175 85 30 parent
771 174 109 30 quibbec,
903 174 74 25 about
1023 174 42 24 the
1087 174 58 30 clays
1168 174 24 24 of

666 211 44 24 the
721 211 108 24 Norman
842 211 145 32 Conqueror,
1000 219 27 16 or
1037 212 41 23 the
1089 211 59 24 davs
1168 211 24 24 of

668 248 82 29 Queen
762 248 74 24 Anne
845 249 12 23 ?
865 249 5 9 '
904 248 53 24 Ido
967 251 43 21 not
1020 247 93 25 intend.
1117 249 26 23 to
1153 248 37 24 in-

666 287 69 23 volve
746 293 60 24 your
814 285 64 25 little
889 286 94 31 journal
994 286 26 24 in
1032 286 42 24 the
1097 286 94 24 endless

666 324 58 23 coils
733 323 26 24 of
768 331 14 15 a
790 323 143 30 theological
939 323 92 27 debate,
1056 322 45 24 but
1108 324 14 22 I
1130 323 61 24 have

662 360 53 32 just
726 360 96 24 thrown
834 361 41 23 out
887 368 14 16 a
914 360 48 24 few
969 360 74 28 hints,
1056 361 25 23 to
1090 362 37 23 set
1147 369 41 23 my

666 398 91 25 Oxford
778 397 89 24 friends
889 398 101 30 reading
1012 397 62 24 their
1103 397 86 29 bibles,

667 437 48 24 and
727 437 89 29 calmly
828 436 114 30 thinking
950 444 56 15 over
1016 437 68 24 these
1102 437 87 30 impor-

668 475 54 23 tant
734 475 102 23 matters
848 473 37 25 for
907 473 155 25 themselves.
1096 473 13 25 I
1128 473 62 25 have

667 513 69 30 spent
748 519 68 24 years
828 512 25 23 in
864 511 114 30 studying
1001 512 48 23 this
1071 511 117 30 problem,

666 549 49 23 and
726 549 14 23 1
750 549 62 23 ha.v«
823 548 90 24 arrived
924 550 25 22 at
961 548 42 24 the
1015 549 136 23 conclusion
1164 550 27 23 of

665 597 43 16 our
720 588 79 25 friend
820 588 38 24 Mr
881 587 111 29 Garbett,
1016 587 55 25 that
1093 588 19 25 it
1136 588 51 32 (the

664 626 105 23 creation
781 626 76 30 story)
870 627 64 22 must
947 625 29 23 he
988 625 54 23 read
1054 633 27 16 as
1118 627 67 29 poet-

663 663 47 24 ical
720 663 119 30 language
911 662 50 24 The
973 661 110 25 evidence
1094 663 93 30 requir-

665 701 28 23 ed
705 700 25 24 in
743 699 103 32 Earthly
856 701 81 23 courts
949 700 25 24 to
985 706 104 21 recover,
1103 706 26 18 or
1152 707 35 17 se-

665 747 55 17 cure
733 738 97 31 worldly
841 740 126 27 treasures,
981 740 66 23 must
1056 740 28 23 be
1092 738 42 25 the
1143 746 45 17 un-

663 778 118 32 equivical
797 780 119 29 language
939 778 26 24 of
986 780 69 22 sober
1077 786 111 17 common

663 824 76 17 s^nse.
773 816 124 24 Prisoners
910 823 40 17 are
961 818 43 22 not
1016 816 125 24 convicted
1153 824 33 17 on

663 853 50 27 the.
717 853 68 24 florid
795 854 135 23 utterances
953 853 26 24 of
1134 853 52 24 lan-

638 900 5 20 ;
663 898 76 23 guage
784 910 2 5 ,
806 890 29 23 In
847 898 16 16 a
874 891 88 23 matter
974 889 85 29 which,
1072 890 61 25 from
1145 891 42 24 the

637 949 3 4 .
663 929 114 28 believers
788 930 69 30 point
876 929 27 24 of
923 930 67 27 view,
1014 929 82 24 affects
1118 938 70 16 mans

646 969 2 14 '<
662 967 91 25 eternal
762 967 108 28 wellfare;
879 974 41 17 are
927 974 33 17 we
969 968 25 23 to
1005 966 28 25 be
1042 967 86 30 guided

635 1004 8 31 ',
663 1007 103 31 poetical
776 1006 120 31 language
905 1007 11 23 ?

821 1070 2 4 .
860 1046 80 24 Yours
953 1046 40 26 &c,

661 1095 102 18 :,,,.;■
883 1103 3 7 ,
922 1083 113 24 Chables
1056 1082 24 25 J.
1093 1083 61 24 Eae.

663 1218 164 24 COOPER'S
835 1218 113 24 CREEK
957 1218 124 24 WATER
1089 1217 95 25 RACE.

697 1298 85 29 Sir,-—
783 1298 52 25 Tbe
846 1299 70 24 letter
934 1298 32 32 by
984 1298 102 25 'Water
1108 1298 81 25 Race'

662 1336 25 25 in
699 1344 59 24 your
769 1336 65 25 issue
845 1336 26 24 of
880 1336 52 25 Dec
943 1336 70 28 26th,
1025 1336 22 24 is
1058 1335 130 31 unworthy

661 1375 27 24 of
693 1375 130 27 comment,
835 1373 45 25 but
891 1373 14 24 I
915 1373 81 24 notice
1006 1373 28 24 in
1056 1373 42 24 the
1120 1380 67 17 same

661 1421 80 24 paper,
753 1420 34 17 an
797 1413 83 24 article
902 1420 32 17 on
958 1416 6 11 '
974 1411 115 33 Cooper's
1108 1411 79 26 Creek

662 1451 85 26 Water
759 1451 73 28 Race,
835 1453 5 9 1
865 1459 31 17 on
918 1451 88 28 which,
1028 1451 20 23 if
1072 1458 47 22 you
1139 1450 51 26 will

661 1491 84 32 kindly
757 1490 70 25 allow
840 1498 40 17 me
893 1498 14 16 a
917 1490 63 25 little
1001 1497 79 24 space,
1103 1490 14 24 I
1139 1490 51 24 will

661 1528 70 25 make
742 1536 14 16 a
765 1529 45 23 few
821 1527 113 25 remarks.
968 1527 69 25 Your
1045 1534 140 24 correspon-

661 1566 59 24 dent
732 1574 55 23 says
799 1566 54 24 that
866 1570 6 10 •
882 1566 41 24 the
941 1567 136 29 opponents
1098 1566 26 23 of
1145 1565 43 24 the

661 1611 54 18 race
731 1604 61 24 have
804 1603 71 24 failed
887 1604 25 24 to
924 1603 68 25 show
1013 1603 41 24 the
1077 1603 113 31 slightest

661 1643 66 25 valid
739 1651 88 17 reason
837 1643 38 26 for
898 1643 64 26 their
984 1643 154 31 opposition.'
1174 1642 16 25 I

661 1684 32 24 do
703 1686 44 23 not
758 1683 72 25 think
842 1683 55 24 that
908 1683 43 24 the
971 1683 68 24 Road
1061 1682 81 25 Board
1162 1689 27 18 or

663 1731 61 23 your
735 1723 187 31 correspondent
933 1723 61 24 have
993 1721 2 9 1
1006 1730 55 16 ever
1083 1721 105 31 thought

661 1761 21 24 it
694 1761 75 24 worth
781 1760 65 24 their
853 1761 71 23 while
936 1762 26 22 to
974 1759 99 32 enquire
1085 1759 105 25 whether

662 1799 69 25 there
743 1808 49 16 was
801 1808 47 22 any
860 1799 94 31 ground
975 1799 36 24 for
1034 1799 40 24 the
1097 1798 88 32 object-

661 1838 65 24 ions.
760 1837 68 28 Now,
851 1837 47 28 Sir,
919 1836 14 25 I
952 1837 71 25 think
1042 1837 54 23 that
1119 1836 19 25 it
1166 1836 22 24 is

663 1879 64 23 most
739 1877 81 24 unfair
832 1878 25 23 to
869 1884 97 17 assume
988 1876 56 24 that
1066 1883 58 17 men
1147 1883 39 17 are

663 1914 197 31 misanthropists
872 1914 103 24 because
987 1914 58 30 they
1063 1913 78 32 object
1163 1914 26 24 to

663 1954 90 31 having
764 1954 62 25 their
837 1956 75 22 water
924 1954 87 31 supply
1023 1953 57 25 shut
1091 1953 40 28 off,
1141 1952 49 25 and

664 1992 44 25 the
719 1992 116 32 objecters
847 1992 25 25 to
884 1992 41 24 the
936 1999 54 17 race
1002 1991 59 24 have
1073 1991 116 32 certainly

663 2030 68 29 done,
736 2030 105 31 nothing
853 2031 26 24 to
898 2030 74 24 merit
994 2029 43 24 the
1059 2029 131 24 illnatured

663 2067 75 25 abuse
748 2067 85 25 whiclv
847 2074 61 24 your
930 2066 191 32 correspondent
1141 2065 47 26 has

665 2105 108 32 thought
795 2105 35 28 fit,
853 2105 62 25 from
936 2105 58 25 time
1013 2109 26 21 to
1072 2104 61 26 time
1164 2106 25 23 to

665 2143 94 25 shower
771 2150 32 18 on
814 2142 81 25 them.
938 2154 3 11 :
967 2156 2 6 ■
1053 2162 2 3 .
1179 2142 2 26 I

695 2182 108 31 Perhaps
818 2182 47 28 Sir,
878 2189 15 17 a
903 2181 46 25 few
971 2181 66 25 facts,
1056 2180 51 25 will
1117 2182 1 10 1
1126 2180 63 25 show

663 2218 56 28 that
730 2222 69 24 there
816 2220 21 26 is
849 2229 66 17 nioro
928 2220 60 25 than
1016 2229 46 16 one
1162 2222 26 23 to

663 2259 43 26 the
719 2261 71 23 water
812 2267 55 18 race
887 2259 120 32 question.
1020 2255 5 10 J
1043 2259 20 24 A
1087 2257 103 26 number

663 2300 26 25 of
701 2300 41 25 the
748 2300 116 25 farmer's
876 2307 32 17 on
920 2299 41 25 the
975 2298 83 30 banks,
1064 2299 25 24 of
1112 2298 76 32 Coop-

664 2339 44 24 er's
720 2338 75 25 Creek
807 2345 54 17 own
873 2337 80 25 tracks
976 2337 27 25 of
1023 2337 56 24 land
1097 2337 32 24 in:
1146 2337 43 23 the

663 2375 117 30 riverbed,
792 2375 85 29 which,
891 2375 79 31 owing
989 2376 25 23 to
1037 2374 43 25 the
1103 2374 85 24 under-

663 2413 56 25 flow
741 2413 27 25 of
788 2416 79 25 water,
899 2420 76 24 grows
1000 2418 32 18 '&•
1056 2411 134 25 wonderful

666 2451 107 23 amount'
787 2450 26 24 of
832 2450 60 28 feed,
917 2458 59 16 even
995 2449 27 24 in
1045 2450 41 23 the
1117 2449 74 24 driest

665 2489 53 30 part
735 2487 26 24 of
777 2488 41 23 the
837 2495 65 23 year.
938 2486 92 26 Should
1054 2486 42 25 the
1117 2490 73 21 water

663 2527 29 26 be
703 2527 222 29 cuioff,-this-land
935 2526 80 25 would
1027 2526 29 25 be
1075 2526 112 25 rendered

664 2565 128 26 worthless
803 2566 25 23 at
840 2565 42 24 the
894 2565 60 24 time
963 2565 25 24 of
994 2565 41 24 the
1046 2572 57 24 year
1122 2564 68 25 when

664 2604 20 23 it
695 2604 20 23 is
727 2611 53 16 now
793 2603 27 24 of
830 2605 63 22 most
907 2603 70 23 value
985 2620 15 10 ,.
1005 2603 58 31 (viz)
1076 2603 39 23 the
1127 2609 65 17 sum-

665 2648 52 18 mer
751 2640 105 25 months.
891 2640 42 32 My
963 2640 88 28 father,
1086 2639 39 25 Mr
1158 2640 30 23 T.

664 2678 85 28 Harle,
773 2685 56 24 goes
852 2678 27 23 in
901 2676 91 33 largely
1013 2677 38 25 for
1069 2676 120 32 dairying,

663 2716 49 24 and
723 2716 37 25 for
771 2713 113 34 dairying'
891 2723 123 24 purposes,
1034 2714 20 25 it
1075 2714 23 25 is
1121 2714 67 37 absp-

663 2755 77 30 lutely
751 2761 125 23 necessary
887 2756 25 22 to
924 2753 61 25 have
997 2761 15 17 a
1023 2753 61 31 good
1104 2754 85 30 supply

663 2792 26 24 of
698 2800 59 23 pure
768 2793 92 28 water';
878 2791 49 24 this
940 2798 34 17 we
982 2791 63 24 have
1053 2793 27 22 at
1090 2794 99 27 present

663 2829 44 26 but
716 2838 26 16 as
753 2837 42 17 our
808 2828 86 31 supply
905 2828 160 26 .comes;from
1077 2827 112 32 Cooper's

653 2889 2 3 ,
663 2867 82 28 Creek,
758 2874 14 17 a
780 2868 74 23 water
862 2874 60 16 race,
940 2866 81 24 would
1043 2867 43 23 cut
1105 2866 20 24 it
1147 2866 41 24 off.

663 2906 12 24 I
691 2908 71 30 quote
773 2906 48 24 this
834 2914 55 16 case
912 2905 103 25 because
1035 2905 14 23 I
1074 2913 40 16 am
1136 2904 54 25 best

662 2946 144 31 acquainted
828 2946 56 23 with
908 2946 27 27 it,
955 2945 44 23 but
1021 2944 14 23 I
1064 2944 62 24 have
1159 2952 30 16 no

663 2986 74 24 doubt
749 2985 44 24 but
813 2985 69 23 there
902 2991 41 17 are
966 2984 83 24 others
1072 2982 118 33 similarly

663 3023 113 24 situated.
810 3022 14 24 I
836 3022 78 24 would
926 3021 50 25 like
989 3023 25 22 to
1038 3020 78 28 know,
1141 3020 47 28 Sir,

661 3061 52 24 how
726 3061 40 24 the
778 3060 69 24 Road
858 3059 82 24 Board
951 3066 112 24 proposes
1084 3059 26 23 to
1119 3059 66 24 meet

661 3101 70 24 those
743 3108 66 16 cases
811 3114 31 4 —
842 3099 56 24 how
908 3099 31 24 do
952 3099 57 30 they
1032 3106 101 22 propose
1152 3098 31 24 '.to

660 3142 153 28 compensate
826 3139 41 24 the
875 3138 101 25 farmers
989 3137 37 24 for
1038 3137 42 24 the
1091 3137 50 24 loss
1161 3137 28 24 of

660 3178 62 23 their
734 3179 73 22 water
818 3176 93 32 supply,
924 3175 49 25 and
984 3175 37 24 for
1041 3175 40 23 the
1104 3174 82 31 depre-

665 3215 90 24 ciation
766 3215 27 23 in
804 3214 43 25 the
858 3213 72 25 value
941 3213 26 25 of
986 3212 61 26 their
1069 3212 119 27 river-bed

661 3252 80 26 land?
795 3271 2 8 :

860 3288 78 26 Yours
951 3289 41 27 &c,

922 3326 27 24 T.
973 3326 95 28 Harle,
1081 3334 69 16 junb.

726 3435 52 26 MR
778 3435 156 26 TWOMEY
947 3435 36 24 IN
996 3433 124 25 REPLY.

688 3494 31 13 KN
730 3493 79 14 REPIiY
820 3492 30 15 TO
862 3492 15 15 A
889 3488 15 11 '*
915 3486 84 21 PREBS
1044 3490 105 16 ARTICLE.

646 3560 2 3 •
693 3551 134 31 Sn^rpFxtr
848 3550 41 24 the
911 3551 55 30 past
985 3549 43 24 few
1061 3548 77 24 weeks
1171 3546 12 24 I

626 3612 13 9 M
642 3601 6 17 f
657 3589 65 25 have,
727 3589 102 25 suffered
835 3589 64 24 from
910 3588 66 24 what
983 3588 19 24 is
1012 3585 94 27 termed
1141 3584 42 26 tha

657 3630 134 32 prevailing
953 3628 49 25 and
1021 3627 87 30 during
1129 3625 54 25 that

656 3671 60 25 time
727 3678 48 24 you
786 3671 62 24 have
860 3669 73 26 taken
945 3669 136 30 advantage
1096 3666 26 25 of
1142 3673 41 24 my

658 3708 164 34 Helplessness
833 3711 26 22 to
871 3702 198 35 embellishJiyour
1088 3704 95 32 leading

657 3747 113 26 columns
792 3747 58 23 with
872 3751 41 22 my
947 3734 80 46 na^fc.
1061 3743 122 31 Knowing

656 3786 56 25 how
723 3782 95 26 limited
829 3786 58 24 your
899 3769 159 49 reperto&'gf
1064 3778 3 30 ;
1078 3781 105 32 subjects

653 3824 30 28 is,
718 3820 48 25 and
801 3812 179 35 sympathising
999 3810 6 25 I
1049 3824 29 22 tn
1077 3831 5 4 .
1121 3827 61 25 your

1282 168 120 29 struggles
1414 168 26 23 to
1448 167 98 30 provile
1559 167 114 30 pabulum
1686 166 37 24 for
1743 174 61 22 your

1282 203 105 29 articles,
1399 204 14 24 I
1430 203 87 24 should
1528 205 44 23 not
1583 204 60 24 have
1655 203 109 31 objected
1775 205 26 23 to

1282 242 42 24 the
1331 250 43 17 use
1385 250 47 24 you
1443 250 40 16 are
1493 242 99 32 making
1603 243 26 24 of
1636 250 40 25 niy
1684 250 74 18 name
1778 244 24 23 to

1276 282 47 23 add
1334 282 101 24 interest
1455 283 25 23 to
1501 290 60 22 your
1582 289 80 23 paper,
1684 282 58 31 only
1763 282 38 25 for

1275 319 41 24 the
1326 319 50 24 fact
1385 319 53 24 that
1449 320 25 23 in
1485 318 48 25 last
1546 319 139 30 Saturday's
1700 320 63 23 issue
1786 320 13 23 I

1274 356 60 25 have
1346 356 59 25 been
1418 365 26 16 so
1456 356 71 32 badly
1539 357 92 24 treated
1643 356 54 25 that
1716 357 14 24 I
1751 356 46 26 foel

1273 393 43 24 the
1327 394 75 23 insult
1415 396 66 21 must
1493 395 28 23 be
1533 394 76 30 wiped
1620 396 43 23 out
1674 394 26 24 in
1712 395 50 24 ink.

1305 431 68 28 Now,
1387 431 47 28 Sir,
1458 431 15 23 I
1495 439 45 16 can
1564 439 37 16 eee
1623 432 94 30 plainly
1738 432 56 24 how

1272 468 54 27 that
1335 469 82 24 article
1429 476 68 17 came
1509 470 24 24 to
1552 470 28 23 be
1601 470 104 24 written.
1740 470 54 24 You

1270 508 63 22 went
1344 506 70 24 home
1425 510 26 20 to
1462 506 58 31 keep
1541 514 30 23 up
1595 506 140 25 Christmas
1767 508 26 23 in

1270 544 44 25 the
1325 544 77 31 grand
1414 544 39 24 old
1465 544 67 31 style,
1544 547 47 20 and
1608 543 44 25 left
1663 544 42 24 the
1714 544 81 31 junior

1270 581 61 24 devil
1354 582 24 23 in
1391 582 144 30 occupation
1546 581 27 24 of
1593 581 42 24 the
1647 581 76 28 chair,
1737 598 3 4 •
1747 583 47 22 and

1271 621 76 24 hence
1359 621 42 24 the
1423 621 91 24 article.
1549 620 72 27 Well,
1636 620 47 28 Sir,
1695 621 13 23 I
1730 621 63 30 hope

1270 667 47 23 you
1328 659 49 24 had
1389 668 14 15 a
1425 660 61 30 good
1510 659 60 24 time
1581 659 27 24 of
1622 659 28 27 it,
1663 659 44 24 but
1724 660 70 23 when

1270 706 47 24 you
1329 699 126 24 recovered
1477 698 192 29 consciousness,
1679 699 49 23 and
1745 699 49 24 dis-

1270 736 98 25 covered
1390 737 66 24 what
1479 736 39 25 the
1547 736 161 25 mischievous
1730 737 64 25 little

1269 776 48 31 imp
1329 776 49 24 had
1389 775 61 25 been
1472 776 81 30 doing,
1566 775 12 24 I
1590 783 40 16 am
1640 776 104 24 inclined
1768 778 25 23 to

1269 816 71 24 think
1351 816 42 24 the
1404 816 122 30 pleasures
1547 815 25 24 of
1582 815 127 25 festivities
1731 824 63 16 were

1270 856 131 23 somewhat
1434 854 104 24 marred.
1580 854 49 24 But
1652 854 13 24 I
1688 862 40 16 am
1750 857 45 22 not

1270 900 84 24 angry;
1367 892 126 31 drivelling
1502 892 88 31 idiotcy
1610 894 90 22 cannot
1721 892 73 25 make

1270 938 46 23 any
1327 938 44 16 one
1383 937 85 23 angry.
1501 929 13 23 I
1525 930 89 30 merely
1626 930 61 24 wish
1698 931 26 22 to
1733 930 60 30 drop

1269 976 15 15 a
1295 970 50 21 tear
1356 967 26 24 of
1402 966 130 32 sympathy
1543 966 60 25 with
1626 974 47 23 you
1684 967 27 23 in
1733 974 61 23 your

1268 1005 129 25 weakness.
1434 1005 36 25 No
1488 1005 76 25 doubt
1586 1006 41 24 the
1649 1006 145 31 temptation

1269 1052 30 16 on
1305 1044 138 24 Christmas
1454 1043 70 31 night
1531 1051 50 16 was
1585 1044 76 30 great,
1670 1044 48 23 and
1734 1044 60 29 alas,

1269 1081 108 24 editorial
1385 1081 60 24 flesh
1458 1081 19 23 is
1489 1081 67 24 often
1575 1080 73 24 weak.

1301 1120 60 25 And
1372 1129 55 16 now
1438 1122 38 23 for
1498 1120 41 25 the
1550 1120 44 25 life
1616 1121 24 24 of
1651 1129 40 16 me
1702 1120 14 25 I
1738 1129 56 16 can-

1269 1164 43 21 not
1335 1169 39 16 see
1396 1168 47 23 any
1462 1160 141 26 connection
1625 1160 108 25 between
1754 1161 41 24 the

1269 1198 93 31 change
1373 1199 26 24 in
1411 1199 41 24 the
1463 1198 124 25 incidence
1599 1199 25 24 of
1636 1199 110 24 taxation
1767 1199 27 24 in

1270 1239 72 27 1891,
1355 1238 49 24 and
1415 1246 42 23 my
1463 1245 148 24 appearance
1622 1238 26 24 in
1657 1246 15 16 a
1683 1238 75 25 Court
1770 1238 27 25 of

1270 1276 99 25 Justice.
1374 1277 27 23 in
1414 1277 72 24 1887.
1520 1276 65 24 That
1594 1284 55 16 case
1661 1277 133 30 originated

1269 1314 26 24 in
1307 1322 15 16 a
1333 1313 63 25 little
1417 1313 120 25 harmless
1549 1313 87 25 banter
1643 1330 4 4 ■
1658 1317 25 21 at
1692 1315 39 23 the
1754 1322 40 16 ex-

1269 1359 73 24 pense
1353 1352 26 24 of
1388 1352 40 23 Mr
1439 1351 23 24 J.
1486 1352 77 27 Ivess,
1575 1352 48 23 and
1634 1352 71 24 when
1717 1352 13 23 I
1752 1360 42 23 ap-

1269 1389 88 31 peared
1366 1389 26 23 in
1404 1388 75 25 Court
1486 1388 14 24 I
1508 1388 76 25 found
1591 1389 54 24 that
1652 1389 43 24 the
1703 1390 91 31 lawyer

1269 1429 13 24 I
1293 1428 49 24 had
1349 1428 107 32 engaged
1463 1428 49 24 had
1521 1428 126 31 neglected
1656 1428 39 24 his
1706 1428 86 26 duties,

1270 1470 12 22 I
1295 1477 48 16 was
1350 1468 169 31 consequently
1527 1468 161 24 undefended'
1697 1469 43 23 but
1750 1468 43 24 the

1270 1515 54 17 case
1336 1515 49 17 was
1397 1508 137 27 dismissed,
1547 1507 47 24 and
1605 1507 14 24 I
1630 1508 49 23 had
1690 1507 57 31 only
1770 1509 24 23 to

1269 1556 47 23 pay
1326 1548 43 24 the
1381 1550 64 23 costs
1456 1548 27 24 of
1489 1547 42 25 the
1539 1548 70 23 other
1621 1547 58 25 side.
1713 1547 82 25 When

1269 1585 109 31 nothing
1388 1593 74 16 worse
1471 1585 60 24 than
1543 1585 49 24 this
1603 1592 45 17 can
1660 1585 30 24 be
1701 1585 95 24 thrown

1269 1623 27 24 in
1307 1632 39 22 my
1357 1623 52 24 face
1420 1623 14 24 I
1444 1623 32 24 do
1486 1625 44 22 not
1539 1623 69 23 think
1620 1623 13 23 I
1644 1622 61 25 need
1716 1622 79 25 blush.

1269 1661 80 32 Every
1371 1669 45 17 one
1437 1661 144 24 remembers
1601 1660 42 25 the
1662 1659 133 26 illustrious

1270 1698 44 25 Dr.
1336 1699 129 30 Pangloss,
1477 1698 49 24 and
1538 1698 54 24 how
1614 1697 77 32 proud
1701 1698 32 23 he
1750 1697 46 25 felt

1269 1736 72 24 when
1352 1736 40 24 his
1403 1736 133 31 university
1552 1735 125 25 conferred
1688 1743 33 16 on
1742 1736 52 23 him

1270 1773 43 25 the
1324 1774 85 30 degree
1420 1773 26 25 of
1464 1773 29 24 A.
1506 1773 25 24 S.
1550 1773 26 24 S.
1610 1772 26 24 If
1644 1772 42 24 the
1708 1780 87 23 person

1269 1811 56 24 who
1342 1810 134 25 unearthed
1498 1810 50 24 this
1570 1809 48 26 five
1639 1818 68 22 years
1755 1809 40 24 old

1260 1872 2 2 .
1270 1850 65 29 story
1350 1848 49 24 had
1411 1848 61 24 been
1484 1847 115 25 educated
1622 1849 25 23 at
1669 1847 40 24 the
1732 1854 64 18 same

1269 1886 132 31 university
1414 1887 12 23 I
1439 1894 40 16 am
1491 1886 91 24 certain
1593 1886 30 23 lae
1635 1885 80 25 would
1733 1885 63 25 have

1270 1924 42 24 the
1324 1924 85 31 degree
1421 1924 26 24 of
1456 1923 88 25 A.S.S.
1557 1924 120 23 conferred
1691 1930 30 17 on
1743 1923 51 24 him

1269 1962 25 24 in
1317 1962 149 31 recognition
1488 1961 27 24 of
1533 1961 41 24 his
1606 1961 112 31 industry
1747 1961 47 24 and

1269 2007 112 18 acumen.
1415 1999 51 25 But
1494 1999 41 24 did
1559 2000 44 23 not
1630 1996 42 27 the
1703 1999 92 24 Christ-

1270 2037 90 24 church
1380 2037 79 24 Pbess
1477 2037 108 31 recently
1618 2036 124 31 published
1763 2044 32 16 an

1270 2075 79 32 abject
1372 2076 102 31 apology
1493 2075 37 23 for
1552 2074 91 31 having
1663 2074 96 24 libelled
1782 2082 14 15 a

1270 2115 103 29 country
1399 2112 110 31 publican
1521 2114 12 22 ?
1565 2112 25 24 If
1616 2120 34 20 so,
1689 2112 58 24 does
1774 2112 20 24 it

1260 2168 2 5 -
1270 2150 98 24 become
1379 2150 20 24 it
1410 2152 26 22 to
1448 2150 57 24 rake
1525 2157 32 23 up
1571 2150 47 23 this
1641 2150 64 29 story
1721 2148 75 25 about

1271 2195 48 17 me.
1794 2194 2 19 :

1270 2248 3 3 .
1303 2225 72 24 With
1402 2225 43 26 the
1473 2225 126 30 exception
1627 2224 26 24 of
1678 2224 43 25 the
1747 2224 49 24 last

1270 2263 110 25 occasion
1392 2270 32 18 on
1436 2262 78 25 which
1526 2262 32 24 he
1583 2262 82 31 spoke,
1695 2262 12 24 I
1735 2262 61 25 have

1270 2308 74 18 never
1355 2301 74 25 asked
1440 2308 27 17 or
1477 2300 128 31 prompted
1616 2308 47 23 any
1681 2308 45 17 one
1749 2300 47 25 else

1270 2341 26 22 to
1318 2340 43 23 ask
1389 2347 45 15 one
1463 2338 76 31 siugle
1566 2339 113 30 question
1706 2338 25 24 of
1757 2338 35 24 Mi

1271 2376 56 25 Rho
1335 2377 34 24 les
1381 2378 25 23 at
1418 2384 48 23 any
1477 2376 26 24 of
1517 2376 40 23 his
1568 2376 118 30 meetings
1706 2376 90 31 during

1270 2414 32 25 all
1310 2414 42 25 the
1364 2422 66 22 years
1454 2414 54 24 that
1527 2414 32 23 he
1566 2415 2 5 1
1581 2413 41 23 has
1643 2413 153 31 represented

1269 2452 49 24 this
1329 2452 101 24 district.
1465 2451 35 24 On
1524 2458 46 17 one
1593 2451 109 24 occasion
1724 2451 70 24 when

1269 2489 33 25 he
1313 2497 50 17 was
1375 2488 111 26 attacked
1502 2488 31 31 by
1556 2496 14 16 a
1598 2487 102 25 Timaru
1721 2496 75 23 papar

1270 2528 13 24 I
1294 2519 117 35 defended'
1424 2527 51 23 him
1502 2528 26 22 to
1551 2526 43 24 the
1621 2525 54 25 best
1703 2526 26 24 of
1754 2534 42 23 my

1270 2565 86 31 ability
1366 2574 6 21 ;
1389 2564 13 24 I
1413 2565 58 26 have
1483 2565 90 29 always
1592 2564 71 30 given
1680 2564 46 24 full
1747 2564 50 24 and

1271 2607 110 22 accurate
1392 2606 93 29 reports
1496 2603 27 25 of
1531 2603 40 25 his
1594 2603 109 31 speeches
1715 2612 6 21 ;
1743 2604 50 23 and

1272 2642 92 25 several
1375 2642 26 25 of
1411 2642 35 23 his
1457 2642 92 23 friends
1568 2641 109 24 thanked
1698 2649 40 16 me
1760 2641 36 24 for

1272 2681 40 24 the
1324 2680 103 24 fairness
1435 2679 60 24 with
1505 2679 79 24 which
1596 2679 13 24 I
1629 2679 93 24 treated
1743 2679 53 24 him

1272 2718 87 32 during
1370 2719 43 24 the
1423 2718 49 24 last
1484 2717 108 25 election.
1610 2716 22 25 If
1643 2716 40 24 Mr
1690 2717 104 24 Rhodes'

1271 2756 82 31 manly
1380 2756 115 24 instincts
1533 2755 49 24 had
1604 2754 59 24 been
1684 2754 111 31 properly

1272 2794 126 31 developed
1409 2793 32 24 he
1459 2792 80 24 would
1561 2792 101 27 confirm
1682 2791 34 25 all
1737 2791 57 28 this,

1272 2831 48 25 ard
1330 2832 69 30 point
1411 2831 42 24 out
1463 2830 44 25 the
1518 2837 84 22 wrong
1617 2829 62 24 done
1700 2829 25 23 to
1747 2836 47 20 me,

1270 2869 32 31 by
1314 2869 116 29 aocusing
1451 2875 40 16 me
1514 2867 26 23 of
1559 2866 91 29 having
1672 2865 123 24 disturbed

1270 2907 40 23 his
1338 2906 122 30 meetings.
1493 2904 51 24 But
1571 2903 43 25 the
1657 2903 86 31 people
1770 2902 27 25 of

1271 2943 109 24 Temuka
1392 2943 71 23 know
1472 2942 55 23 that
1549 2941 41 23 the
1613 2940 141 24 accusation
1773 2940 22 25 is

1270 2980 68 30 false,
1350 2988 25 16 so
1387 2980 19 23 it
1423 2987 44 17 can
1479 2978 57 31 only
1557 2978 56 25 hurt
1636 2976 40 26 Mr
1697 2976 98 27 Rhodes

1269 3017 106 25 himself.
1409 3016 50 24 But
1477 3015 120 30 evidently
1620 3021 67 16 some
1710 3013 27 25 of
1757 3014 38 23 Mr

1269 3055 104 25 Rhodes'
1387 3053 91 25 friends
1489 3052 72 25 think
1571 3052 37 23 .he
1620 3051 76 32 ought
1718 3053 26 23 to
1765 3051 30 25 be

1269 3092 114 32 regarded
1395 3099 27 17 as
1431 3091 43 25 the
1486 3091 102 30 monkey
1605 3090 22 24 is
1639 3090 117 31 regarded
1767 3090 27 24 in

1269 3131 107 23 Benares
1377 3143 31 4 —
1409 3136 27 17 so
1448 3128 83 24 sacred
1553 3128 55 24 that
1629 3126 32 26 he
1678 3129 65 23 must
1764 3127 30 25 be

1268 3168 100 25 allowed
1379 3168 25 22 to
1411 3166 55 31 play
1477 3166 66 24 what
1551 3165 90 32 pranks
1653 3165 31 24 he
1691 3165 103 31 pleases,

1268 3206 49 24 and
1328 3204 54 26 that
1392 3212 33 16 no
1436 3211 47 18 one
1491 3204 67 24 must
1570 3204 55 23 dare
1636 3204 27 23 to
1674 3206 120 22 comment

1269 3250 65 24 upon
1345 3243 38 24 his
1395 3243 102 24 actions.
1531 3241 64 31 Very
1604 3241 63 28 well,
1679 3241 68 29 then,
1759 3243 36 24 let

1268 3281 66 26 them
1345 3279 65 26 label
1423 3280 54 24 him
1516 3279 83 25 sacred
1656 3279 49 25 and
1725 3280 68 29 then,

1268 3319 26 24 of
1303 3326 90 21 course,
1406 3318 33 25 all
1451 3317 47 25 will
1509 3319 92 30 respect
1617 3319 60 23 such
1688 3326 30 16 an
1731 3325 62 17 awe-

1267 3356 118 31 inspiring
1404 3356 87 31 object.
1525 3355 72 25 Until
1617 3355 50 25 this
1686 3356 23 23 is
1731 3355 63 25 done

1267 3395 38 23 his
1317 3395 160 23 constituents
1489 3394 49 24 will
1550 3392 124 26 doubtless
1688 3394 104 24 exercise

1267 3434 40 22 the
1319 3432 67 30 right
1397 3434 26 22 to
1438 3431 102 25 criticise
1549 3431 39 24 his
1611 3431 103 27 actions,
1732 3438 60 17 even

1267 3472 26 22 at
1302 3469 43 24 the
1356 3469 50 24 risk
1427 3469 27 24 of
1474 3469 115 30 arousing
1611 3469 42 25 the
1676 3469 117 24 toothless

1267 3516 57 23 rage
1336 3507 26 25 of
1373 3506 41 25 the
1428 3505 175 25 Christchurch
1615 3505 88 25 Pbess.

1300 3544 54 24 And
1365 3552 55 16 now
1432 3543 66 24 what
1510 3543 45 24 has
1566 3543 39 24 led
1624 3544 26 22 to
1671 3542 33 24 all
1723 3543 70 23 this?

1267 3582 92 31 Simply
1391 3581 55 24 that
1466 3580 39 24 Mr
1531 3580 96 25 Rhodes
1650 3579 95 25 wanted
1768 3580 26 23 to

1266 3628 73 25 prove
1362 3618 54 26 that
1439 3617 90 32 capital
1561 3625 49 17 was
1632 3617 96 31 leaving
1750 3617 43 25 the

1267 3651 111 38 country,
1390 3657 43 24 but
1444 3664 28 17 as
1483 3655 43 26 the
1538 3657 42 23 tax
1591 3662 33 17 on
1639 3662 87 23 money
1746 3654 48 25 has

1265 3700 46 23 not
1321 3697 61 24 been
1392 3695 131 28 increased,
1532 3693 32 25 he
1575 3692 76 26 found
1660 3693 21 25 it
1688 3691 106 27 difficult

1265 3738 27 23 to
1307 3735 66 24 show
1396 3740 72 18 oause
1489 3732 54 31 why
1564 3731 21 24 it
1608 3730 87 25 should
1716 3730 76 25 leave.

1265 3775 42 24 He
1317 3772 121 27 therefore
1449 3769 108 27 restored
1572 3770 25 24 to
1619 3768 44 26 the
1685 3768 109 31 strategy

1268 3813 25 26 of
1303 3811 117 33 seating
1431 3817 46 19 one
1486 3808 77 33 single
1571 3807 82 27 clause
1662 3806 25 26 of
1695 3806 42 26 the
1745 3805 47 26 Act

1890 172 48 24 and
1951 174 25 24 of
1998 175 109 31 shutting
2127 176 39 24 his
2189 184 54 23 eyes
2265 179 26 23 to
2312 179 34 23 all
2368 179 45 24 the

1890 210 90 28 others,
1992 212 49 23 and
2050 220 31 16 on
2093 213 49 24 this
2154 214 29 24 he
2194 215 62 24 built
2269 223 31 23 up
2312 224 14 16 a
2337 216 75 24 fabric

1890 257 27 16 as
1949 250 102 26 baseless
2085 261 27 16 as
2134 252 42 26 the
2198 254 158 31 pagination
2379 263 33 17 on

1888 287 77 24 which
1978 288 29 24 he
2023 289 62 23 drew
2107 291 26 23 to
2155 292 123 23 construct
2300 292 28 23 it.
2363 292 48 24 His

1888 324 90 31 spoken
1991 327 135 24 utterances
2144 335 31 16 on
2198 329 50 24 this
2267 329 63 24 lead
2352 337 60 16 were

1889 363 132 25 somewhat
2032 363 70 32 hazy,
2123 366 47 23 and
2191 366 14 24 I
2226 367 90 30 merely
2337 367 76 25 asked

1888 398 52 25 him
1952 402 25 22 to
1988 402 72 24 make
2071 402 42 24 the
2131 405 90 23 matter
2247 412 69 16 more
2337 405 73 24 clear.

1889 438 57 25 This
1958 440 21 23 is
1991 440 38 25 the
2041 442 57 30 only
2117 442 108 31 question
2236 443 15 24 I
2272 443 62 25 have
2356 452 56 16 ever

1887 476 73 25 asked
1971 478 42 23 Mr
2022 478 103 30 Rhodes,
2140 480 47 24 and
2210 489 27 16 as
2260 482 13 23 I
2295 489 51 18 was
2367 484 46 23 not

1888 514 108 25 satisfied
2007 517 59 23 with
2078 517 38 24 his
2138 525 101 23 answer,
2250 519 14 24 I
2281 519 96 31 applied
2386 521 26 23 to

1888 551 40 25 the
1949 551 105 27 Premier
2086 554 36 25 for
2147 563 33 16 an
2201 557 163 30 explanation.
2398 557 14 24 I

1886 590 65 25 little
1963 591 104 32 thought
2082 602 41 22 my
2146 595 76 24 desire
2243 596 37 23 for
2302 601 110 20 accurate

1886 628 158 26 information
2055 631 80 24 would
2142 632 60 24 have
2210 632 104 31 brought
2322 641 41 16 me
2371 634 40 23 in-

1887 666 26 23 to
1925 666 57 23 snch
2005 668 161 29 prominence.
2202 669 69 25 With
2287 670 86 31 regard
2385 673 27 23 to

1887 702 43 25 the
1941 703 82 25 clause
2034 712 32 17 on
2083 706 81 24 which
2187 706 38 25 Mr
2248 708 96 24 Rhodes
2366 708 45 25 has

1887 741 60 24 built
1958 741 38 24 his
2008 746 134 27 argument,
2154 745 13 22 I
2174 745 62 24 need
2246 748 46 21 not
2306 749 68 28 quote
2380 746 30 25 it.

1888 779 55 25 You
1950 780 61 25 have
2019 782 96 30 already
2128 783 60 25 done
2201 792 26 17 so
2239 784 29 24 ad
2279 793 131 23 nauseum;

1887 817 44 24 but
1942 826 47 22 you
2001 819 61 25 have
2074 821 72 23 taken
2159 822 61 29 good
2229 830 54 15 care
2295 825 24 21 to
2328 823 84 30 ignore

1887 854 41 24 the
1939 855 48 23 t'aci
1999 856 54 23 that
2061 857 43 23 the
2112 856 70 24 Land
2194 858 48 24 and
2249 858 101 25 Income
2359 859 53 25 Tax

1886 892 46 25 Act
1958 894 105 31 literally
2078 895 99 25 bristles
2199 898 58 24 with
2279 899 133 30 provisions

1886 933 38 22 for
1961 934 144 31 preventing
2137 936 122 30 duplicate
2292 939 118 23 taxation.

1886 971 51 25 Not
1959 974 58 29 only
2039 974 56 28 this,
2118 974 43 24 but
2189 976 136 24 subsection
2349 979 14 23 5
2387 977 28 25 of

1886 1009 81 25 clause
1981 1012 30 23 10
2023 1013 103 29 actually
2138 1014 109 29 provides
2259 1014 53 24 that
2325 1015 87 24 should

1886 1054 49 23 any
1947 1047 58 24 kind
2017 1049 26 23 of
2052 1052 112 28 property
2180 1051 28 23 bo
2220 1051 87 32 doubly
2329 1052 82 28 taxed,

1886 1084 41 24 the
1940 1084 192 27 Commissioner,
2136 1090 67 22 must
2212 1088 85 25 refund
2305 1089 42 24 ihe
2356 1098 55 16 sum

1886 1123 143 31 wrongfully
2042 1125 124 24 collected.
2202 1127 75 27 Thus,
2290 1129 42 23 not
2354 1129 58 29 only

1885 1162 22 24 is
1928 1162 86 26 double
2044 1165 108 25 taxation
2176 1167 106 31 severely
2304 1167 108 31 guarded

1885 1200 103 31 against,
2001 1202 44 24 but
2056 1202 18 24 it
2085 1203 20 24 is
2116 1204 115 30 provided
2243 1205 54 25 that
2319 1213 89 24 money

1886 1241 153 30 erroneously
2048 1241 114 25 collected
2173 1243 27 23 in
2211 1243 54 24 that
2278 1251 51 24 way
2347 1247 64 21 must

1886 1275 30 25 be
1926 1277 126 24 refunded.
2086 1279 59 24 This
2156 1280 22 24 is
2196 1280 43 25 the
2260 1280 54 29 law,
2335 1282 75 24 what-

1885 1321 55 17 ever
1951 1315 196 33 money-lending
2157 1317 99 32 lawyers
2267 1326 57 24 may
2332 1326 41 24 say
2382 1320 27 24 to

1885 1351 43 25 the
1940 1354 117 30 contrary.

1918 1389 171 31 Comparisons
2097 1399 41 17 are
2150 1392 117 32 certainly
2278 1393 84 25 odious
2382 1402 28 16 as

1884 1427 99 31 regards
1994 1427 41 25 the
2055 1428 106 26 heathen
2184 1430 94 25 Chinee
2299 1432 49 24 and
2370 1432 41 24 Mr

1885 1466 107 25 Rhodes.
2027 1468 13 23 I
2052 1469 59 24 need
2123 1471 43 23 not
2178 1477 40 24 say
2229 1471 66 23 what
2305 1479 50 16 was
2366 1471 44 25 the

1883 1504 101 30 guiding
2001 1506 117 31 principle
2145 1506 28 25 of
2197 1508 41 24 the
2266 1508 145 32 Mongolian

1883 1545 125 30 prototype
2020 1553 47 23 you
2079 1546 61 25 have
2152 1547 59 24 been
2230 1555 27 17 so
2276 1548 83 31 stupid
2380 1556 28 17 as

1886 1584 26 23 to
1919 1583 96 30 provide
2034 1584 38 24 for
2098 1585 40 24 Mr
2167 1586 121 27 Rhodes..
2308 1587 14 24 I
2344 1587 66 26 shall

1887 1623 67 24 leave
1965 1630 47 24 you
2025 1625 26 25 to
2062 1624 76 25 finish
2150 1633 33 23 up
2196 1626 41 24 the
2260 1627 150 31 comparisoa

1885 1670 48 23 you
1944 1671 27 16 so
1982 1663 121 32 elegantly
2114 1665 84 31 began.
2233 1666 32 24 In
2276 1675 61 23 your
2356 1675 54 18 own

1886 1700 183 33 card-sharping
2090 1702 160 32 phraseology
2274 1712 47 22 you
2350 1704 61 25 have

1886 1737 52 24 said
1949 1738 41 24 Mr
2000 1738 97 25 Rhodes
2108 1740 48 24 had
2169 1741 42 23 the
2255 1741 66 31 right
2330 1741 81 25 bower

1887 1783 32 23 up
1946 1776 39 24 his
2013 1776 79 26 sleeve
2148 1780 25 22 in
2203 1780 50 24 this
2279 1780 133 25 wonderful

1887 1814 130 26 document
2028 1816 27 24 of
2064 1818 41 23 the
2115 1818 123 24 Northern
2260 1819 152 25 Investment

1888 1852 134 33 Company.
2056 1854 25 25 If
2090 1863 35 21 so,
2138 1856 28 24 he
2193 1856 86 31 played
2306 1857 20 25 it
2353 1865 58 24 very

1886 1891 80 29 badly.
2012 1891 80 26 While
2118 1893 144 32 flourishing
2276 1895 63 30 .Jjhjs
2347 1896 63 30 ,-Jri-
2428 1915 11 2 ..

1888 1931 139 32 uraphantly
2038 1933 27 23 in
2076 1933 44 28 air,
2133 1933 40 28 he..
2178 1938 84 27 says*'*
2270 1934 20 24 it
2312 1934 48 25 will
2381 1936 29 23 be

1886 1968 76 25 found
1985 1969 42 25 the
2050 1970 187 25 Commissioner
2255 1972 23 23 is

1886 2006 48 23 and
1945 2006 32 24 he
1989 2008 132 28 continues,
2164 2009 42 24 the
2221 2010 58 34 only
2300 2010 74 24 doubt
2396 2010 14 24 I

1887 2041 60 26 Have
2003 2044 42 24 the
2057 2044 93 33 subject
2161 2046 21 24 is
2194 2054 27 17 as
2242 2049 24 22 to
2288 2047 82 25 which
2386 2047 27 25 of

1886 2081 69 24 them
1956 2096 31 3 —
1989 2082 42 25 the
2076 2083 188 25 Commissioner
2307 2093 28 16 or
2370 2086 39 23 Mr

1886 2117 150 26 Ballance—
2036 2121 22 23 is
2070 2121 38 23 the
2119 2124 66 22 most
2203 2122 108 30 ignorant
2333 2130 28 16 as
2384 2124 26 23 to

1886 2155 42 24 the
1940 2157 124 30 operation
2075 2159 46 22 and
2134 2159 70 24 effect
2224 2159 26 25 of
2271 2159 42 24 the

1887 2193 69 25 Good
1988 2195 109 30 gracious
2106 2197 6 23 I
2140 2196 70 25 could
2236 2197 116 31 anything
2379 2197 32 25 be

1887 2239 67 16 more
1964 2233 108 30 pathetic
2094 2234 58 26 than
2176 2234 69 25 this?

1886 2268 32 25 he
1930 2277 64 24 says,
2039 2272 23 23 is
2083 2272 70 31 proof
2173 2273 25 23 of
2217 2280 42 24 my
2281 2274 126 28 assertion,

1883 2306 48 26 •but
1942 2308 40 25 the
1994 2308 188 27 Commissioner
2194 2310 52 25 who
2257 2311 110 31 supplied
2388 2312 21 24 it

1886 2345 22 24 is
1918 2353 83 24 wrong
2013 2347 48 24 and
2241 2348 30 25 In
2283 2348 42 25 the
2337 2357 71 17 name

1886 2384 28 25 of
1923 2392 111 18 common
2046 2394 79 21 sense,
2136 2387 20 24 if
2166 2388 42 23 the
2220 2387 190 26 Commissioner

1886 2422 23 24 is
1919 2430 82 23 wrong
2012 2423 46 25 and
2067 2425 113 30 ignorant
2191 2425 66 24 what
2267 2425 23 24 is
2300 2425 44 25 the
2366 2433 44 17 use

1888 2460 26 25 of
1922 2460 94 33 relying
2025 2470 30 16 on
2065 2463 47 23 this
2123 2463 127 25 document
2258 2465 11 23 ?
2302 2465 54 24 Has
2364 2467 44 22 not

1888 2498 39 24 Mr
1938 2499 98 25 Rhodes
2047 2502 144 31 completely
2205 2502 87 24 ruined
2312 2502 40 26 it?
2386 2503 26 25 If

1887 2536 42 25 the
1941 2537 187 26 Commissioner
2147 2540 21 24 is
2196 2547 83 24 wrong
2305 2541 27 24 in
2359 2549 50 24 any

1886 2577 139 29 particular,
2038 2586 30 15 no
2078 2579 106 24 reliance
2195 2587 44 16 can
2259 2580 28 24 be
2309 2580 44 31 put
2375 2589 33 16 on

1887 2614 121 32 anything
2017 2615 32 25 he
2058 2623 55 25 may
2125 2624 50 24 say,
2188 2617 47 24 and
2244 2617 49 25 this
2302 2616 107 27 wonder-

1886 2651 38 25 ful
1934 2652 130 25 document
2076 2655 27 27 is,
2116 2654 49 25 thei
2172 2655 71 29 efore,
2255 2655 57 32 only
2330 2656 80 25 useful

1884 2697 27 17 as
1922 2698 15 16 a
1949 2691 67 31 bogie
2028 2694 25 22 to
2064 2691 106 32 frighten
2181 2693 41 25 old
2233 2702 90 16 women
2338 2695 69 24 with.

1885 2728 14 24 I
1910 2728 80 25 notice
2002 2729 50 24 this
2064 2729 21 25 ia
2097 2730 42 24 the
2151 2738 40 17 use
2201 2739 47 22 you
2260 2740 40 16 are
2311 2733 101 31 making

1886 2765 26 24 of
1920 2766 27 24 it.
1982 2766 52 24 You
2046 2775 41 16 are
2098 2768 82 31 acting
2191 2776 32 18 on
2232 2769 42 25 the
2293 2770 117 32 principle

1886 2803 56 25 that
2041 2804 51 26 fool
2112 2806 84 24 makes
2353 2807 58 25 You

1886 2843 68 24 don't
1965 2844 69 24 mind
2051 2845 87 31 posing
2165 2853 26 16 as
2220 2853 14 17 a
2261 2846 50 25 fool
2331 2846 37 25 for
2395 2856 16 16 a

1887 2888 92 19 season,
1989 2881 26 24 in
2025 2882 44 25 the
2080 2883 64 32 hope
2156 2883 54 25 that
2232 2883 32 33 by
2286 2884 75 33 doing
2382 2893 29 17 so

1886 2926 49 23 you
1947 2920 47 23 will
2005 2919 29 24 be
2046 2920 54 25 able
2118 2923 26 22 to
2155 2922 50 24 fool
2226 2923 90 23 others.
2350 2920 90 36 FojftJ

1887 2964 73 21 away,
1994 2957 52 25 The
2057 2962 54 27 past
2122 2959 44 23 has
2176 2959 135 32 frequently
2322 2949 118 47 PJ^H

1886 2994 32 31 by
1930 2996 41 22 the
1998 3000 66 20 resut
2092 2997 26 23 of
2144 2987 296 47 electioiu^jjfl^^^H

1885 3032 105 26 number
2005 3041 48 24 you
2079 3042 46 17 can
2152 3025 288 47 niislfl^^^^^^^^f

1888 3070 94 32 though
1991 3072 104 32 perhaps
2107 3063 333 47 select^^^^^^^^^H

1888 3108 136 32 disregards
2036 3100 404 47 cleanlyJi^^^^^^^^^^^l

1887 3147 88 31 always
1987 3138 453 47 associat^^^^H^^^^^^^^|

2012 3177 428 47 hdM^^^^^^^^^^^^^H

538 51 167 31 OXFORD
745 51 90 32 AND
878 52 103 32 OUST
1025 53 221 32 OBSERVER
1289 54 235 35 SATURDAY,
1566 51 190 32 JANUARY
1799 54 29 34 9,
1859 54 87 29 1892.
