2470 3920
63 191 111 32 presided
185 192 25 22 at
223 190 40 23 the
285 188 79 30 piano.
411 187 103 30 Singing
534 194 48 15 was

50 224 5 6 '
63 230 160 31 interspersed
237 228 57 24 with
306 227 111 29 dancing,
430 234 13 15 a
456 226 63 30 good
529 233 52 16 var-

62 271 49 30 iety
124 271 26 23 of
159 277 82 23 games
254 267 102 25 suitable
367 266 37 24 for
413 266 32 23 all
455 273 56 23 ages
524 275 60 15 were

63 310 121 30 provided.
219 308 39 23 Mr
265 306 111 24 Hawker
387 304 69 24 acted
472 312 27 15 us
510 305 34 22 M.
560 306 26 23 C.

65 350 53 22 The
140 348 87 29 charge
260 353 49 16 was
332 344 55 30 oniy
418 351 45 16 one
487 344 101 30 shilling

64 388 110 25 children
186 387 52 24 half
248 386 70 32 price,
328 384 77 25 which
415 392 32 15 no
455 391 44 16 t.ne
508 384 79 23 would

63 426 47 24 call
133 423 180 27 unreasonable;
338 430 26 15 as
395 422 66 23 there
484 429 48 16 was
552 430 31 14 an

64 464 126 25 abundant
197 462 85 32 supply
291 461 24 24 of
321 459 180 25 refreshments.
536 459 51 23 The

65 504 80 31 object
157 504 28 23 of
192 504 68 23 these
273 500 84 25 socials
369 500 21 23 ip
412 499 110 25 however
545 501 43 21 not

66 551 27 15 so
115 542 71 23 much
204 541 66 29 gain,
293 546 26 16 as
340 541 24 21 to
386 537 136 30 emphasize
546 536 42 24 the

65 581 77 26 truth,
165 581 55 23 that
242 578 117 26 Christian
382 577 113 29 teaching
517 577 21 22 is
561 583 27 16 as

65 619 74 24 much
153 619 72 23 social
245 626 25 15 as
293 616 145 24 devotional.
474 612 113 25 Brother-

68 656 65 24 l.ocd
146 656 83 23 within
242 655 42 23 the
296 653 99 27 church,
409 652 47 23 and
480 651 108 24 brother-

66 694 68 24 hood,
141 693 94 24 outside
246 691 62 24 need
319 692 25 22 to
356 690 29 23 be
409 689 105 29 brought
536 688 52 23 into

65 736 104 24 contact,
181 741 26 15 so
220 740 26 15 as
259 736 24 18 to
305 733 40 20 act
368 729 48 23 and
437 731 66 21 react
523 735 65 22 upon

64 781 47 17 one
124 773 101 23 another
235 771 36 24 till
285 769 40 24 the
344 771 47 22 two
412 767 176 24 brotherhoods

64 822 43 16 are
136 811 90 25 weltsed
259 811 53 22 into
341 816 55 16 one.
431 806 89 25 Oxford
544 807 44 23 has

66 851 72 24 made
149 858 13 15 a
176 851 51 28 step
238 849 26 22 m
276 847 42 23 the
336 845 66 31 right
425 844 117 24 direction
566 844 26 23 of

65 889 104 23 another
187 887 66 25 kind,
265 885 26 23 m
304 884 105 29 forming
419 891 33 15 an
465 884 123 21 unsectar-

63 927 42 23 ian
118 924 114 29 debating
243 921 65 29 club;
322 920 19 24 it
352 920 21 24 is
385 919 74 24 much
475 920 24 22 to
512 918 28 23 be
551 926 34 15 re-

64 962 93 31 gretted
170 962 55 23 that
236 961 25 23 is
275 966 66 16 some
363 958 79 30 places
456 956 132 32 (Eangiora

65 1002 38 22 ibr
115 999 102 31 instant)
232 996 123 30 'religious
378 995 149 23 differences
549 1001 40 16 are

66 1040 58 30 kept
146 1035 70 33 open!.
259 1037 51 22 But
332 1037 25 22 to
384 1039 84 19 return
496 1035 25 21 to
544 1041 45 15 our

67 1078 88 26 Social,
169 1078 42 23 the
223 1077 98 29 support
333 1074 114 24 accorded
465 1080 47 16 was
533 1080 55 23 very

66 1116 122 31 gratfying
199 1117 26 21 to
237 1117 42 21 the
291 1115 141 28 promoters;
452 1112 52 22 who
527 1110 62 24 have

66 1164 35 15 no
123 1153 74 25 doubt
225 1153 55 23 fiat
305 1150 92 24 similar
418 1151 99 28 support
539 1147 52 24 will

68 1193 72 31 again
153 1193 28 23 be
193 1190 163 29 fortluoining
373 1197 32 15 on
416 1189 80 22 future
508 1195 82 16 occas-

68 1232 64 24 ions.

155 1332 175 26 DEBATING
349 1330 143 27 SOCIETY.

101 1418 53 24 The
171 1418 70 23 usual
261 1415 90 31 weekly
373 1414 107 30 meeting
501 1413 27 24 of
548 1413 41 23 the

69 1457 76 24 abov«
167 1463 48 16 was
238 1453 57 25 held
311 1460 50 17 'on
389 1451 110 30 Tuesday
532 1451 56 23 last.

69 1497 79 22 There
156 1503 52 15 yra,s
220 1502 14 15 a
245 1493 61 31 good
306 1495 3 8 1
317 1492 144 23 attendance
471 1493 25 21 ot
507 1498 81 15 mem-

69 1534 63 25 bers.
166 1533 30 23 In
216 1532 42 24 the
280 1530 101 24 absence
404 1530 25 24 of
447 1529 42 24 the
510 1528 78 24 Presi-

67 1574 68 28 dent,
151 1574 38 22 Mr
200 1570 116 26 Priehard
327 1569 56 25 took
395 1569 41 24 the
449 1568 74 24 chair.

102 1613 77 23 Thxse
191 1620 54 15 new
264 1609 120 25 members
403 1616 63 16 were
489 1607 90 25 elected
581 1633 5 9 j

69 1653 50 24 and
148 1660 49 16 one
229 1649 127 26 candidate
389 1648 125 31 proposed.
549 1647 39 23 Mr

69 1692 104 25 Garbett
182 1689 126 33 proposed,
327 1689 50 23 and
395 1688 36 24 Dr
453 1687 136 24 Volckman

67 1729 121 26 seconded
239 1728 63 24 That
322 1727 26 22 m
370 1734 54 16 case
452 1725 26 24 of
502 1733 86 22 papers

68 1766 149 31 embracing,
240 1764 48 26 and
309 1764 66 30 large
398 1762 101 32 subject,
518 1762 71 30 being

65 1806 67 28 read.,
145 1803 155 32 opportunity
323 1802 28 23 be
372 1802 72 30 given
472 1802 25 21 to
520 1808 66 15 some

67 1844 109 25 member
198 1845 24 22 to
245 1842 70 29 bring
334 1849 14 15 a
368 1848 74 23 paper
464 1840 25 23 m
511 1839 75 31 reply,

67 1882 103 27 limited,
193 1882 24 23 to
246 1887 42 24 say
318 1881 28 22 15
370 1879 106 23 minutes
499 1879 25 23 to
546 1877 42 24 the

67 1923 61 22 next
149 1929 28 15 or
205 1928 66 15 some
304 1919 146 29 subsequent
484 1919 106 27 meeting

71 1961 85 24 within
178 1968 15 16 a
359 1958 38 23 Mr
418 1957 86 30 -Ryder
536 1964 50 22 pro-

68 2000 75 32 posed
165 2007 26 16 as
206 2006 31 17 an
261 1997 156 25 amendmeofc
461 1996 64 23 That
548 1995 41 24 the

69 2046 56 17 case
147 2037 25 24 of
182 2046 14 15 a
217 2037 66 30 large
303 2034 92 31 subject
417 2034 72 29 being
509 2034 82 22 intro-

69 2075 86 28 duced,
168 2074 42 24 the
221 2075 59 23 time
302 2072 100 24 allowed
424 2074 24 21 to
471 2070 120 24 members

71 2115 26 23 to
106 2112 73 31 speak
191 2112 29 24 be
232 2109 117 38 expended
362 2112 24 21 to
405 2111 31 22 10

72 2152 53 24 The
142 2150 158 25 amendment
319 2156 49 16 was
389 2148 49 23 lost
447 2169 3 4 .
469 2147 48 24 and
549 2147 42 23 the

68 2189 95 24 motion
185 2187 98 25 carried.
320 2186 40 25 Mr
382 2184 117 25 Priehard
501 2187 5 7 1
509 2192 11 16 s
553 2192 38 16 ac-

68 2230 77 23 count
156 2228 37 24 for
203 2227 66 31 lamp
294 2234 48 16 was
369 2225 86 31 passed
477 2224 37 24 for
536 2231 55 24 pay-

68 2267 78 24 ment.
181 2265 35 24 Dr
228 2263 140 27 Volckman
390 2272 59 23 gave
465 2263 81 24 notice
568 2263 25 23 to

71 2312 71 17 move
154 2307 25 21 at
190 2305 58 22 next
258 2302 106 31 meeting
375 2302 53 24 that
439 2302 53 23 rule
511 2302 28 22 13
563 2300 28 24 be

71 2344 92 25 altered
175 2345 25 23 to
212 2351 14 16 a
238 2345 54 22 vote
309 2345 25 21 to
356 2342 30 24 be
408 2342 74 23 taken
503 2342 26 22 at
551 2340 42 24 the

69 2380 51 25 end
128 2380 25 24 of
163 2388 14 16 a
188 2379 85 24 debate
285 2378 127 31 according
424 2380 26 22 to
461 2377 42 24 the
522 2385 69 23 argu-

71 2427 89 19 ments.
194 2420 39 23 Mr
256 2418 101 25 Garbett
379 2426 60 22 gave
461 2417 80 24 notice
568 2418 25 23 to

70 2466 71 17 move
150 2458 54 23 that
215 2458 42 23 the
269 2456 64 24 rules
346 2456 27 23 of
381 2457 43 22 the
446 2455 95 30 Society
564 2455 29 23 be

73 2496 97 33 printed
192 2505 27 16 or
241 2495 131 25 circulated
405 2496 113 28 amongst
551 2493 42 24 the

71 2537 131 26 members,
236 2537 39 23 Mr
285 2535 82 31 Eyder
385 2542 60 24 gave
467 2535 79 23 notice
569 2535 25 22 to

71 2585 73 16 move
156 2577 54 23 that
226 2577 41 22 the
278 2575 47 23 last
347 2574 81 24 clause
450 2573 26 24 of
495 2573 53 24 rule
571 2575 22 26 9,

71 2617 32 24 .be
116 2616 90 24 altered
217 2618 25 21 to
255 2614 64 27 read,
332 2614 33 24 all
383 2611 69 26 other
475 2612 120 24 members

70 2655 69 25 :gshall
160 2657 44 21 not
227 2652 73 32 speak
323 2652 38 24 for
382 2660 66 16 more
472 2651 60 23 ttan
555 2653 40 21 ten

76 2693 115 24 minutes.
228 2692 39 23 Mr
287 2690 88 24 Parish
396 2689 118 32 proposed
541 2687 55 25 that

74 2731 44 25 the
141 2730 92 31 subject
243 2730 37 23 for
299 2729 74 28 nex%
379 2736 75 23 paper,
473 2725 76 34 night'
567 2726 29 24 be

74 2770 44 24 left
138 2776 70 23 open.
244 2766 123 26 Seconded
392 2766 29 31 by
450 2765 39 24 Mr
520 2764 76 24 Jones

76 2806 48 25 and
135 2806 100 23 carried.
269 2804 35 23 Dv
321 2804 137 24 Volckman
480 2803 116 29 proposed

70 2843 53 25 and
136 2843 38 23 Mr
184 2842 87 24 Parish
285 2840 125 28 seconded,
461 2839 134 24 That.each

73 2882 110 25 member
193 2881 30 24 be
234 2880 127 31 requested
372 2882 24 22 to
414 2879 95 30 bring,,a
530 2879 65 23 writ-

71 2924 46 23 ten
141 2921 92 30 subject
255 2921 36 23 for
313 2919 146 25 discussion,
481 2919 25 23 at
538 2919 58 23 next

71 2962 118 30 xaeeting,
207 2961 60 24 such
289 2958 105 33 subjects
416 2961 26 22 to
464 2958 29 26 he
495 2958 16 24 A
515 2958 82 24 drawn

73 3003 50 24 and
134 3002 55 23 that
200 3001 43 24 the
254 2999 108 25 member
374 2999 108 29 drawing
504 3006 14 15 a
541 2998 54 24 sub-

69 3043 53 29 ject
135 3039 28 25 be
175 3038 115 32 expected
302 3039 24 23 to
339 3036 73 31 speak
424 3045 31 16 on
472 3036 27 24 it.

108 3080 40 24 Mr
158 3079 125 30 Harbtdge
294 3078 59 23 then
370 3077 58 23 read
450 3076 42 24 the
514 3083 82 23 essays

71 3119 111 26 received
194 3127 30 15 on
269 3118 74 23 Force
355 3117 26 23 of
512 3115 48 23 arid
582 3123 14 15 a

71 3158 139 24 discussion
221 3157 27 23 m
259 3155 81 25 which
360 3154 93 25 several
475 3154 121 23 members

73 3198 59 24 took
143 3199 54 28 part
217 3195 120 25 followed.
506 3198 2 4 '
537 3203 2 21 ;

106 3233 52 25 The
181 3233 92 32 subject
296 3232 36 24 for
355 3232 42 23 the
419 3232 58 23 next
510 3229 85 24 debate

53 3295 1 4 .
69 3283 52 16 was
289 3271 97 24 Cricket
414 3271 29 24 V.
473 3269 120 24 Football.

73 3313 40 24 Mr
126 3312 90 24 Poison
229 3316 24 19 to
265 3318 74 22 argue
350 3310 26 23 m
388 3309 85 24 favour
484 3307 27 25 of
531 3305 64 27 Cric-

71 3351 49 26 ket,
134 3349 48 24 and
194 3349 39 24 Mr
247 3349 76 23 Luers
335 3349 25 23 lo
369 3347 131 30 champion
523 3345 72 24 Foot-

73 3391 59 24 ball.
167 3389 2 8 '
530 3395 3 15 :

139 3517 95 23 VIEW
263 3515 83 25 HILL
374 3512 126 26 LIBR
501 3512 22 24 ARY.

106 3616 52 23 The
169 3615 113 30 monthly
299 3614 108 30 meeting
418 3613 27 24 of
465 3612 42 23 the
529 3611 67 22 View

73 3652 54 24 Hill
145 3652 88 32 library
253 3651 140 26 committee
414 3658 51 16 was
487 3648 57 25 held
564 3656 31 16 on

73 3692 112 30 Tuesday
218 3691 111 30 evening.
374 3691 103 23 Present
507 3689 89 23 Messrs

73 3729 105 31 Wight,
191 3726 82 31 B'rinn,
298 3728 179 30 Smith/Pole,
503 3727 91 28 Maber,

73 3766 29 24 T.
115 3766 79 25 Harle.
204 3774 62 21 senr,
279 3767 28 23 T.
320 3767 75 24 Hafie
404 3762 64 35 junV
482 3765 49 25 and
555 3764 39 24 W.

73 3804 84 23 Harle.
202 3804 53 24 The
266 3804 107 24 minutes
385 3805 26 23 of
420 3805 41 23 the
475 3807 2 4 '
484 3804 111 29 previous

72 3839 107 31 meeting
214 3849 61 16 were
305 3840 57 24 read
384 3842 48 23 and
454 3840 141 25 confirmed.

674 186 52 24 The
738 187 118 29 secretary
867 184 56 25 read
941 184 39 23 his
1002 184 87 27 report,
1112 182 80 24 which

674 224 97 23 showed
790 232 14 15 a
826 230 57 23 very
911 222 150 27 satisfactory
1084 223 63 20 state
1169 220 26 23 of

673 261 89 24 affairs.
797 261 51 24 The
867 259 194 25 sub-committee
1082 257 111 32 reported

670 301 55 22 that
743 300 42 23 the
798 299 13 24 '
811 299 78 24 Social
903 297 134 30 .Evenings
1060 296 50 24 still
1138 303 57 15 con-

672 337 84 23 tinued
769 340 24 20 to
806 336 29 23 ba
847 344 14 15 a
873 343 103 19 success,
997 334 48 23 and
1056 329 54 27 tliait
1122 341 14 15 a
1159 336 47 26 tea};

672 376 48 24 and
733 379 97 21 concert
842 375 49 23 had
904 374 60 24 been
978 373 56 24 held
1047 372 77 29 whfch
1148 371 53 27 had;
1211 385 5 8 >

673 415 86 22 turned
773 417 41 20 out
827 421 55 21 very
895 412 61 28 well,
967 412 58 22 both
1039 410 99 30 socially
1148 409 49 23 and

673 452 148 30 financially.
868 450 21 23 A
912 454 54 19 vcte
988 449 26 23 of
1035 447 90 25 thanks
1147 454 49 16 was

673 491 87 31 passe:!
772 492 25 22 to
810 490 68 23 those
901 490 53 23 who
977 488 49 23 had
1049 487 103 24 assisted
1173 488 25 22 at

656 537 3 4 •
674 529 41 24 the
728 532 39 20 tea
779 529 47 22 and
838 536 59 15 cone
905 530 36 21 >rt.
976 527 25 23 It
1017 534 49 16 was
1087 524 110 25 resolved

675 570 24 21 to
708 569 62 22 have
781 567 42 24 the
837 567 85 30 library
935 564 161 26 candlesticks
1108 564 88 30 repair-

674 606 98 27 ed,-and
786 609 22 21 to
816 604 80 31 -spend
916 604 74 24 about
1013 602 67 31 eight
1103 601 94 32 pounds

675 644 26 22 m
712 644 42 23 the
767 643 117 30 purchase
905 642 25 23 of
950 649 54 15 naw
1028 640 82 23 books.
1145 638 52 23 The

675 682 139 24 committee
826 681 58 23 then
902 679 133 31 adjeurnsd
1057 681 25 22 to
1105 678 94 24 discuss

675 722 107 30 politics.

708 845 466 56 CORRESPONDENCE.

678 939 63 19 While
751 944 37 13 our
797 938 87 20 columns
894 942 34 13 are
935 941 50 19 open
995 939 19 14 lo
1024 934 30 19 all
1072 940 28 13 %oe
1120 934 24 18 do
1162 933 31 17 not

701 970 87 25 identify
793 969 98 19 ourselves
898 968 49 18 with
950 972 41 19 any
996 972 23 19 op
1023 966 66 19 inious
1093 962 100 28 expressed

701 1002 79 15 therein

737 1036 155 21 MATTERS
910 1035 36 22 IN
964 1033 168 24 GENERAL.

711 1119 30 22 To
765 1119 37 22 the
814 1117 84 23 Editor
907 1117 29 28 of
943 1115 35 24 the
1030 1113 124 26 Observer.'

708 1172 49 27 Sir,
759 1185 32 3 —
791 1171 67 23 Your
876 1168 112 24 versatile
1010 1164 187 32 correspondent

675 1211 99 22 Martha
793 1209 62 24 Jane
878 1214 99 24 appears
1000 1206 78 23 under
1100 1213 14 15 a
1136 1202 62 31 good

675 1258 71 22 many
760 1259 14 13 a
786 1251 34 28 hje
833 1256 62 15 asses
905 1247 45 23 bat
962 1246 76 24 under
1045 1252 65 16 none
1119 1251 26 16 so
1159 1242 38 23 be-

674 1286 121 31 comingly
807 1294 26 14 as
861 1284 200 28 Mater/'amih/nss
1083 1280 79 25 which
1185 1279 13 24 I

674 1326 62 22 trust
749 1325 42 23 she
805 1323 45 24 will
864 1323 26 23 m
902 1322 80 23 future
995 1320 72 30 adopt
1079 1327 27 15 as
1118 1326 14 15 a
1143 1324 52 24 per-

674 1364 101 22 manent
787 1360 134 32 autograph
934 1359 47 24 and
992 1359 25 22 m
1030 1357 69 24 order
1111 1358 25 22 to
1160 1357 35 22 at-
1210 1374 3 2 .

674 1402 62 22 tract
748 1400 41 24 the
801 1400 79 23 notice
892 1403 24 19 ot
927 1404 60 24 your
998 1395 96 25 readers
1117 1396 24 22 to
1153 1394 44 22 her

673 1439 134 24 charitable
819 1438 45 23 and
879 1436 142 25 benevolent
1040 1434 115 24 effusions
1177 1432 20 24 it

673 1477 80 24 would
764 1477 29 23 be
805 1475 54 25 well
871 1477 25 22 to
915 1473 82 25 attach
1010 1472 42 24 the
1074 1470 123 30 following

675 1515 113 28 heading.

707 1552 74 22 From
793 1555 43 19 our
847 1548 137 31 Sunnyside
994 1545 201 31 Correspondent.
1216 1567 2 2 .

870 1587 79 24 Yours
962 1587 40 26 &c,
1033 1584 62 20 ''"■■'■
1170 1602 2 1 ■
1209 1607 3 9 ,

983 1625 92 23 Pastor
1086 1623 79 24 Uxon.

709 1748 17 25 g
727 1757 32 19 IR)
763 1746 122 30 —Kindly
906 1743 89 32 permit
1025 1749 39 16 me
1086 1747 26 17 to
1134 1740 64 23 draw

675 1797 61 23 your
758 1778 132 33 attention'
907 1786 26 22 to
961 1792 15 16 a
998 1781 75 31 slight
1096 1778 103 26 mistake

675 1825 80 25 which
767 1830 101 25 appears
878 1823 27 23 m
928 1828 60 25 your
1010 1820 48 22 last
1080 1818 73 26 issue,
1172 1823 26 16 re

676 1871 44 17 our
742 1862 89 30 library
854 1859 83 25 social.
1061 1861 137 24 correspon-

677 1903 57 24 dent
746 1910 55 23 say
797 1910 22 23 3
810 1901 54 23 that
872 1899 53 24 Mrs
932 1897 56 25 Nell
999 1895 111 33 presided
1122 1896 24 22 at
1158 1893 42 24 the

675 1941 73 30 piano
760 1939 87 29 during
855 1937 42 24 the
908 1936 84 24 dance.
1026 1933 14 24 I
1049 1933 45 29 beg
1101 1934 25 22 to
1138 1932 62 23 state

678 1979 54 23 that
744 1978 49 22 this
805 1976 21 23 is
838 1977 43 21 not
894 1982 33 19 so,
941 1981 26 16 as
979 1972 43 23 the
1033 1971 62 24 Miss
1113 1969 87 24 Moun-
1218 1989 2 2 .

679 2025 53 23 seys
750 2015 83 29 kindly
850 2013 119 32 presided,
993 2010 52 24 Mrs
1144 2015 58 22 very

680 2056 83 30 kindly
774 2054 87 32 played
871 2053 37 24 for
924 2051 43 24 the
977 2050 55 24 first
1043 2049 76 23 dance
1130 2055 27 16 or
1176 2053 26 17 so

680 2096 66 31 only.
763 2095 39 31 By
810 2092 120 29 inserting
938 2091 50 22 'his
997 2096 47 23 you
1054 2087 48 24 will
1114 2085 86 30 oblige.

874 2129 81 26 Yours
968 2128 39 26 &c,

1005 2163 32 25 G.
1054 2164 99 22 Dumer.

727 2283 69 24 THE
815 2278 215 27 WEDNESDAY
1052 2276 101 25 HALF-

865 2309 170 36 HOLIDAY.

716 2401 50 28 Sib,
769 2415 31 3 —
800 2399 26 24 Is
849 2398 19 24 it
891 2405 14 16 a
927 2399 54 21 true
1000 2396 82 29 report
1103 2395 55 22 that
1190 2395 14 20 I

680 2440 78 23 hear?
776 2439 54 23 that
853 2443 44 17 our
918 2434 140 24 tradesmen
1080 2432 61 23 have
1167 2438 36 16 re-

683 2479 82 26 solved
786 2479 26 22 to
837 2476 111 23 abandon
977 2474 42 22 the
1054 2469 151 30 Wednesday

680 2516 56 24 half
755 2514 99 31 holiday
863 2514 12 22 ?
908 2512 25 24 If
954 2519 34 19 t.o,
1011 2510 42 24 the
1075 2509 80 24 action
1183 2507 21 24 is

682 2552 76 27 much
770 2556 26 21 to
808 2552 29 24 be
849 2550 120 31 deplored,
979 2549 19 23 it
1010 2549 21 22 is
1044 2556 14 15 a
1080 2545 124 31 distinctly

682 2592 127 31 retrogade
831 2590 148 23 movement.
1015 2587 24 23 It
1062 2587 21 23 is
1106 2584 100 25 allowed

682 2632 33 30 by
727 2628 143 32 thoughtful
887 2627 111 24 students
1021 2624 26 24 of
1067 2624 54 23 that
1141 2630 63 16 mar-

682 2670 93 25 vellous
787 2669 36 23 bit
835 2667 26 24 of
870 2665 151 25 mechanism
1038 2663 77 24 called
1138 2670 66 19 man,

682 2710 55 25 that
749 2709 42 24 the
800 2707 111 30 frequent
923 2704 158 24 breakdowns
1092 2703 26 23 m
1138 2702 67 24 these

682 2748 127 24 machines
819 2744 153 30 now-i-days
991 2750 27 16 so
1040 2748 121 19 common,
1185 2740 20 23 is

683 2785 101 29 entirely
796 2783 78 28 owing
886 2784 24 21 to
922 2781 65 23 their
1000 2780 71 28 being
1082 2778 82 23 driven
1181 2781 31 21 at.

685 2827 41 22 too
738 2822 67 32 great
817 2830 15 15 a
843 2829 67 22 pace,
923 2819 48 24 and
983 2818 54 24 that
1049 2817 20 24 if
1078 2817 26 23 m
1127 2817 81 29 sleepy

684 2863 74 30 going
781 2860 40 24 old
840 2858 130 27 Palestine,
994 2856 68 23 these
1082 2853 125 25 machiues

684 2900 112 32 required
806 2900 50 22 vest
878 2904 71 22 every
972 2895 101 24 seventh
1096 2895 45 28 day
1151 2901 6 20 ;
1176 2901 31 15 an

684 2937 135 27 additional
830 2935 109 30 half-day
956 2933 107 25 between
1081 2931 41 25 the
1145 2930 62 29 first,

679 2977 54 25 .and
744 2977 43 23 the
799 2973 100 26 seventh
910 2973 22 23 is
943 2971 75 24 much
1028 2970 91 24 needed
1132 2969 76 24 under

683 3018 44 23 the
735 3016 78 29 heavy
824 3011 129 32 full-speed
965 3010 78 24 ahead
1066 3010 96 29 driving
1183 3009 27 23 of

685 3064 44 15 our
739 3051 155 27 nine-teenth
907 3052 100 26 century
1019 3048 59 30 high
1098 3055 111 23 pressure

685 3093 157 25 civilization.
857 3105 2 3 •
876 3090 13 23 I
911 3097 46 15 can
979 3086 136 25 remember
1137 3094 27 16 as
1194 3094 15 15 a

686 3133 66 25 child
764 3131 88 32 gazing
868 3130 60 23 with
940 3126 191 33 open-moiitbed
1143 3133 64 16 won-

687 3174 41 23 der
740 3176 25 20 at
788 3171 42 24 the
852 3168 86 24 feaiful
958 3166 72 25 whirr
1052 3166 73 23 whirr
1148 3165 24 23 of
1195 3173 14 15 a

685 3212 79 23 watch
781 3211 42 22 the
845 3212 110 19 moment
978 3205 60 22 after
1061 3205 41 22 the
1125 3205 84 29 spring

685 3260 50 15 was
746 3249 99 25 broken,
859 3246 38 25 till
908 3246 43 23 the
965 3245 77 23 whole
1052 3243 101 30 stopped
1172 3245 36 21 for

686 3288 62 32 good
759 3286 48 25 and
819 3285 40 24 all.
894 3283 74 29 Many
981 3282 92 22 human
1084 3281 125 23 machines

685 3335 40 16 are
737 3326 27 23 m
775 3325 42 23 the
830 3330 66 16 same
912 3320 88 31 plight,
1025 3319 62 23 their
1110 3318 99 29 activity

683 3367 22 25 is
716 3366 44 23 but
773 3364 49 24 the.
826 3361 73 24 whirr
911 3360 73 23 whirr
997 3358 25 24 of
1032 3366 14 16 a
1059 3358 84 32 spriug
1153 3357 55 23 that

685 3406 44 24 'as
740 3403 93 26 broken
842 3401 62 24 from
917 3399 41 25 the
971 3401 37 21 stn
1009 3398 25 25 'l.
1059 3401 23 21 to
1106 3399 53 29 stop
1183 3399 24 21 at

684 3447 48 24 last
743 3443 60 26 with
815 3443 41 23 the
868 3448 67 16 same
946 3439 112 24 omnioud
1077 3438 114 24 stillness.

880 3478 78 23 Yours
971 3476 43 24 &c.

976 3513 90 20 Whirr
1078 3512 96 21 Whirr.

685 3640 201 64 LOCAL
906 3640 21 64 and
943 3637 265 63 GENERAL

715 3792 53 24 The
802 3790 122 28 Miogets,
926 3804 32 3 —
959 3788 85 24 These'
1074 3784 134 36 -vyoncl&ml

670 3837 2 1 '
680 3835 64 25 little
755 3833 85 33 people
851 3840 60 25 gave
928 3840 14 16 a
964 3833 74 23 series
1060 3830 27 25 of
1105 3828 112 32 popular-.

1278 186 209 22 .entertainments
1499 187 25 20 at
1536 186 42 22 the
1589 186 71 22 Towr.
1677 186 56 21 Hall
1742 186 62 21 East

1285 227 90 24 Oxford
1386 235 32 16 on
1437 227 88 31 Friday
1537 227 55 24 land
1618 227 118 30 Saturday
1757 226 47 23 last

1285 270 49 24 and
1346 279 59 15 wore
1416 279 55 20 very
1489 270 53 23 well
1555 269 141 31 patronized
1707 269 48 23 and
1778 277 26 16 so

1285 307 60 36 wetlj
1350 313 95 30 pleased
1463 321 60 15 were
1541 312 42 24 the
1604 319 128 22 managers
1750 310 54 24 that

1284 355 84 25 intend
1381 358 24 22 to
1417 355 53 31 give
1487 364 14 15 a
1513 354 103 24 farewell
1638 355 166 30 performance

1315 401 17 30 ,'j.
1331 392 5 10 1
1566 397 71 24 when
1651 405 32 16 we
1694 397 63 30 hope
1779 400 25 20 to

1284 441 67 29 see^a.
1358 441 60 31 good
1432 441 114 24 audience
1558 439 136 25 assembled
1707 442 24 21 to
1742 439 60 23 wish

1282 475 116 35 thetfit.ld
1410 484 49 24 folk
1471 484 125 31 good-bye.
1632 484 57 25 The,
1701 479 109 34 Midgets!

1280 535 61 24 gaye
1352 536 15 15 a
1393 529 166 26 performance
1581 529 25 21 at
1630 528 42 22 the
1692 526 60 23 Oust
1772 533 32 16 on

1282 571 107 30 Tuesday
1401 571 69 30 night
1491 573 24 21 to
1527 575 14 18 a
1565 569 53 24 thin
1640 569 86 28 house;
1745 568 57 31 only

1281 613 181 31 Tejymeetings
1474 620 65 17 seem
1566 614 26 22 to
1610 613 69 24 .draw
1701 611 25 23 m
1748 611 54 24 tLat

1281 657 114 24 Districts

1312 700 170 43 M^||||[trates
1507 707 89 25 Court.
1600 722 30 4 —
1631 707 68 24 Road
1721 707 81 23 Board

1280 760 25 19 y:
1316 752 91 25 several
1419 755 51 20 rate
1482 751 137 24 defaulters.
1654 750 149 30 Judgement

1264 805 11 13 v
1328 794 70 25 Blain
1400 795 39 23 tiff
1447 793 65 25 with
1534 796 72 22 costs.
1640 792 117 24 Prichard
1779 800 21 16 v.

1265 830 175 44 j^ifln%man.
1465 837 76 25 Claim
1555 837 35 23 £1
1611 838 26 22 9s
1656 836 38 23 (id.
1712 835 89 30 Judge-

1360 882 36 22 for
1408 881 109 23 Plaintiff
1528 880 58 23 with
1597 884 71 19 costs.
1686 878 116 24 Prichaid

1281 933 22 16 v.
1322 924 125 24 Edwards.
1481 923 36 26 In.
1532 922 51 25 this
1605 929 54 16 case
1691 920 110 25 Plaintift

1280 967 102 25 claimed
1394 969 25 21 to
1430 966 30 24 he
1472 965 81 29 heard,
1572 971 126 18 summons
1710 963 90 30 having

1284 1015 57 20 been
1354 1011 43 22 left
1408 1014 25 19 at
1445 1009 141 23 defendants
1603 1009 45 22 last
1670 1006 129 27 residence,

1282 1054 47 23 His
1340 1053 114 29 Worship
1466 1051 67 24 ruled
1545 1051 54 24 that
1611 1049 129 25 defendant
1752 1049 48 23 had

1282 1105 33 15 no
1327 1095 139 30 knowledge
1478 1095 25 23 of
1513 1094 95 24 service,
1619 1093 49 24 and
1691 1091 108 25 declined

1282 1142 24 22 to
1316 1140 58 23 hear
1385 1138 27 24 it.
1433 1152 2 5 ■
1446 1137 86 24 Fisher
1548 1145 23 16 v.
1589 1136 97 25 Nelson.
1721 1135 78 24 Claim

1284 1183 34 24 £7
1339 1184 42 21 11s
1398 1182 55 22 K)d.
1488 1180 147 30 Judgement
1646 1178 59 25 with
1727 1180 72 21 costs.

1313 1235 157 25 Wonderful
1492 1232 176 29 Discovery,—
1671 1230 23 25 lt
1721 1230 22 24 is
1765 1237 35 16 re-

1280 1279 84 31 ported
1376 1278 54 24 that
1442 1286 14 15 a
1466 1284 54 17 new
1529 1277 57 29 poet
1603 1276 45 22 has
1671 1274 60 24 been
1753 1273 53 24 dis-.

1280 1321 100 26 covered
1390 1321 26 23 m
1428 1320 67 24 View
1508 1319 59 23 Hill.
1588 1318 88 29 This/
1686 1319 66 21 mute
1763 1316 36 23 in-

1282 1366 106 31 glorious
1400 1364 89 23 Milton
1529 1362 73 32 (only
1614 1361 97 24 heis'nt
1722 1354 77 36 inutei)

1281 1410 21 22 is
1313 1407 111 31 reported
1435 1409 25 21 to
1472 1407 61 22 have
1545 1405 59 26 said;
1614 1404 54 24 that
1679 1403 42 24 the
1743 1403 58 29 oniy

1281 1451 88 25 difficul
1373 1453 25 28 ty
1410 1450 31 24 he
1457 1448 75 25 found
1551 1448 27 22 m
1589 1447 107 29 ..writing
1717 1448 83 31 poetry

1281 1502 49 17 was
1342 1493 100 30 making
1453 1492 42 24 the
1506 1491 62 23 lines
1576 1490 101 30 rhyme,'
1682 1488 44 23 hut
1745 1487 55 24 that

1282 1536 39 23 did
1334 1537 43 22 not
1389 1535 88 22 matter
1489 1536 26 20 a's
1526 1533 68 30 poets
1607 1538 59 16 were
1675 1528 99 25 allowed
1786 1526 14 26 '&

1256 1577 2 2 '
1280 1580 93 24 certain
1385 1579 104 27 amount;
1498 1577 26 23 of
1543 1571 97 28 iicense.
1674 1572 45 25 We
1741 1569 64 40 beajr.

1280 1624 56 23 that
1349 1623 29 22 he
1390 1622 21 23 is
1423 1620 72 24 about
1507 1622 25 21 to
1553 1618 85 24 favour
1660 1617 41 24 the
1724 1616 76 24 world

1280 1667 59 24 with
1348 1665 101 25 another
1457 1663 118 26 National.
1586 1661 116 25 Anthem.
1729 1682 2 3 .

1313 1719 69 25 Band
1420 1726 29 16 of
1459 1731 4 12 \
1487 1717 108 27 Hope,—
1600 1716 52 23 The
1689 1712 112 32 monthly

1283 1763 189 25 entertainment
1482 1761 27 23 m
1520 1758 144 26 connection
1682 1757 59 24 with
1759 1753 41 27 the

1282 1807 75 24 above
1378 1813 50 16 was
1449 1804 57 24 held
1528 1811 32 16 on
1582 1802 89 30 Friday
1698 1799 103 31 evening

1282 1850 55 26 last,
1360 1848 43 23 the
1425 1846 144 25 attendance
1590 1852 50 15 was
1662 1842 67 32 good,
1753 1841 48 24 arid

1282 1893 39 23 Mr
1348 1891 84 24 Duder
1452 1888 117 33 presided.
1604 1886 50 25 The
1680 1885 122 31 following

1280 1934 77 25 ladies
1379 1933 48 25 and
1449 1932 138 31 gentlemen
1609 1928 103 26 assisted
1743 1928 59 23 with

1282 1975 42 26 tlie
1336 1982 160 25 programme.
1530 1973 150 23 Kecitations
1691 1970 31 31 by
1741 1970 61 24 Miss

1284 2021 82 27 Bunn,
1390 2019 91 24 Messrs
1510 2017 89 22 Baxter
1632 2014 48 24 and
1710 2012 91 27 Duder,

1285 2064 72 26 Duet,
1370 2062 85 23 Missrs
1466 2061 55 29 Day
1533 2059 48 23 and
1593 2058 66 35 Pple,
1668 2057 89 30 ..Solo./
1770 2055 30 23 G.

1267 2116 4 2 -
1284 2105 73 31 King,
1390 2103 111 30 Beading
1520 2101 44 31 .by
1597 2100 39 24 Mr
1668 2097 125 26 Holbrook

1285 2149 64 29 Trio,
1373 2148 61 24 Miss
1456 2145 105 31 Wright,
1582 2144 91 24 Messrs
1692 2148 2 24 ;
1711 2141 91 24 Baxter
1817 2142 2 16 '

1285 2192 47 25 and
1345 2191 95 24 Morris.
1475 2189 40 24 Mr
1525 2187 98 31 Wright
1635 2184 117 26 delivered
1771 2191 31 17 an
1817 2184 2 3 '

1284 2236 118 24 excellent
1419 2233 106 26 address,
1548 2230 84 30 taking
1654 2237 14 16 a
1689 2226 115 33 practical

1284 2280 61 23 view
1356 2278 26 24 of
1392 2277 41 24 the
1445 2279 154 27 temperance
1617 2271 121 33 question.
1776 2293 2 6 ,

1300 2332 161 27 Eunaway,—
1463 2329 38 24 On
1511 2326 126 31 Thursday
1645 2325 48 24 last
1713 2332 14 16 a
1735 2324 69 23 horse

1284 2373 132 26 harnessed
1425 2374 24 22 to
1461 2379 14 17 a
1494 2370 90 30 buggy;
1593 2369 82 24 minus
1686 2368 32 23 its
1726 2366 78 24 blink-

1285 2426 37 16 ers
1334 2424 68 17 came
1414 2414 121 32 galloping
1547 2413 72 30 along
1630 2412 42 24 the
1684 2409 120 31 township

1286 2460 48 25 and
1345 2459 94 24 refused
1461 2460 24 21 to
1513 2456 30 24 be
1561 2454 112 31 stopped.'
1715 2452 89 24 Messrs

1285 2504 79 23 Liters
1375 2502 48 23 and
1442 2500 82 30 Lugar
1546 2497 113 25 cantered
1681 2495 61 25 after
1763 2495 42 24 the

1286 2553 114 22 runaway
1432 2544 48 24 and
1503 2540 130 26 succeeded
1654 2540 26 23 m
1704 2538 102 31 keeping

1287 2590 51 23 him
1352 2588 63 24 clear
1426 2587 25 23 of
1462 2584 123 26 collisions
1596 2583 48 24 and
1656 2582 59 25 after
1733 2581 74 30 doing

1271 2645 4 3 •
1287 2633 42 24 the
1341 2631 72 26 block,
1422 2629 83 25 round.
1509 2628 34 31 by
1555 2627 42 24 the
1758 2624 49 24 and

1264 2683 3 14 ;
1287 2674 107 30 through
1400 2673 61 24 East
1472 2671 87 25 Oxford
1569 2669 31 25 he
1607 2667 129 34 permitted
1742 2667 64 23 him-

1272 2731 4 13 ;
1288 2718 48 24 self,
1344 2720 24 21 to
1381 2717 27 23 be
1421 2714 114 32 captured
1548 2713 60 24 with
1621 2727 2 7 .
1630 2713 91 32 fjrst^a
1742 2711 73 26 little.

1277 2775 4 4 -
1287 2761 92 25 Bounce
1391 2759 46 24 and
1447 2759 58 23 then
1517 2765 14 16 a
1539 2756 35 25 lot
1588 2756 35 24 !of
1640 2754 126 31 soothing:
1775 2753 32 32 by

1264 2807 2 4 '
1289 2805 89 23 Messrs
1390 2801 85 25 Clolas-
1482 2800 46 25 arid
1550 2799 102 30 Lough;

1507 2924 96 27 LUCY
1614 2925 111 25 BOOTH
1742 2924 69 24 AND

1444 2968 73 25 HER
1535 2967 123 26 LOVER.

1321 3052 52 24 The
1395 3051 159 31 engagement
1576 3049 115 24 between'
1712 3046 99 26 Colonel

1289 3090 131 30 Larnpard,
1434 3090 25 22 of
1470 3089 40 23 rhe
1523 3087 125 25 Salvation
1660 3086 84 30 Army,
1763 3084 48 24 and

1255 3145 2 10 ;
1290 3131 60 23 Miss
1362 3130 68 30 Lucy
1442 3128 89 28 Booth,
1555 3136 14 15 a
1579 3126 119 32 daughter
1710 3125 26 24 of
1746 3124 63 25 Gen-

1289 3170 51 24 eral
1350 3169 80 23 Booth
1450 3169 36 30 (as
1506 3167 86 32 briefly
1614 3166 80 24 stated
1715 3165 30 31 by
1769 3165 42 24 the

1289 3207 103 23 London
1415 3221 3 4 ■
1430 3205 206 30 correspondent),
1670 3204 46 22 has
1749 3203 62 22 been

1265 3262 1 3 .
1289 3245 92 25 broken.
1388 3244 43 27 ;off.
1465 3244 21 22 A
1498 3243 72 23 home
1582 3250 72 22 paper
1672 3243 75 21 states
1759 3240 54 24 that

1289 3284 59 29 only,
1359 3283 41 24 the
1413 3283 68 24 otlier
1493 3281 65 24 wetk
1571 3281 99 31 polonel
1689 3279 124 31 Lampard

1289 3328 74 17 wrote
1374 3324 26 21 to
1410 3321 105 24 General
1529 3320 79 24 Booth
1621 3318 141 31 expressing
1773 3318 39 24 his

1286 3359 42 31 ioy
1336 3380 2 4 ,
1341 3359 47 23 and
1401 3357 150 25 satisfaction
1564 3360 25 20 at
1601 3357 39 23 his
1662 3356 149 30 prospective

1291 3397 82 27 union,
1386 3396 49 24 and
1446 3396 54 24 how
1513 3395 74 24 much
1598 3394 31 24 he
1641 3394 95 24 desired
1747 3392 19 25 it
1787 3396 24 22 to

1291 3437 55 23 take
1357 3436 75 31 place.
1467 3436 52 24 The
1530 3435 124 30 following
1672 3434 71 23 letter
1762 3441 49 16 was

1290 3476 128 24 addressed
1430 3476 30 31 by
1470 3476 52 22 him
1534 3477 26 21 to
1572 3474 41 24 the
1626 3473 105 25 General
1741 3481 6 16 :

1322 3518 112 29 London,
1458 3517 77 31 April,
1549 3537 3 3 .
1559 3517 69 27 23rd,
1640 3522 2 6 '
1661 3517 103 26 .1892.-
1769 3516 44 31 My

1289 3556 58 23 dear
1359 3555 111 29 General,
1474 3569 29 2 —
1505 3554 24 23 It
1540 3554 22 24 is
1581 3554 68 28 with.,
1657 3553 109 32 -feelings
1788 3553 27 25 of

1253 3611 1 4 .
1290 3595 58 29 deep
1360 3596 79 28 regret
1450 3594 50 24 and
1510 3594 85 23 shame
1607 3593 54 24 that
1673 3592 13 25 I
1704 3590 60 27 have
1787 3592 26 25 to
1820 3617 2 7 ;

1279 3654 1 6 ,
1291 3639 129 18 announce
1429 3635 25 22 to
1466 3640 47 24 you
1526 3632 54 25 that
1588 3632 14 24 I
1613 3633 62 24 have
1689 3632 54 30 .this
1767 3632 46 33 day

1291 3671 90 25 broken
1393 3671 35 24 off
1437 3671 42 24 the
1491 3674 159 27 engagement
1669 3671 81 24 which
1768 3671 46 24 has

1291 3711 98 25 existed-
1405 3711 115 27 between,
1546 3710 92 31 myself,
1667 3711 48 24 and
1745 3709 70 33 'your

1251 3746 2 39 [
1291 3751 118 31 daughter
1421 3751 76 31 Lucy.
1514 3766 2 3 •
1532 3751 55 24 You
1598 3759 41 16 are
1658 3759 78 16 aware
1759 3751 56 25 that

1291 3791 43 23 tie
1355 3789 54 24 first
1432 3789 167 31 adjvanoes,.;}]!
1616 3789 42 25 the
1680 3791 90 22 matter
1792 3790 26 23 of

1291 3828 50 25 this
1348 3829 160 31 engagement
1516 3835 60 20 were
1583 3827 72 26 made
1659 3827 31 32 by
1698 3835 41 18 me
1743 3827 72 26 when

1896 183 100 24 Colonel
2008 183 68 30 Lucy
2098 189 50 16 was
2170 181 26 23 m
2219 179 120 32 Bombay,
2351 186 68 16 some

1896 223 112 29 eighteen
2020 221 100 24 months
2132 228 52 23 ago.
2220 218 47 24 For
2279 219 50 23 this
2351 225 66 17 com-

1893 264 152 22 mencement
2058 262 25 23 of
2093 269 44 16 our
2149 259 112 25 intimate
2273 259 102 24 relation
2394 257 22 28 I,

1891 300 48 23 and
1962 300 57 29 only
2053 299 19 28 I,
2108 306 39 16 «m
2182 296 157 35 responsible.
2374 295 41 29 My

1890 345 100 15 reasons
2001 335 37 25 for
2050 336 50 23 this
2112 336 89 29 ending
2213 335 26 22 of
2250 333 42 24 the
2314 340 106 23 engage^,

1890 374 68 26 nien't
1970 383 40 17 are
2019 375 27 24 of
2055 383 14 16 a
2080 376 84 30 purely
2177 374 48 25 and
2238 372 113 32 personal
2366 372 49 24 and

1888 416 94 29 private
1993 417 95 25 nature,
2101 415 48 23 and
2163 422 40 16 are
2215 412 61 25 such
2287 420 27 16 as
2332 411 83 25 reflect

1889 454 113 23 discredit
2014 460 32 17 on
2057 460 32 17 no
2102 452 70 25 other
2185 452 42 24 but
2245 451 95 31 myself.
2375 449 40 24 All

1889 491 55 24 that
1956 491 12 24 I
1979 491 60 24 have
2060 498 56 17 seen
2128 499 29 18 or,
2173 490 71 24 know
2267 489 26 24 of
2315 487 101 26 Colonel

1888 531 67 30 Lucy
1968 531 45 23 has
2026 531 67 23 made
2107 538 38 15 me
2157 532 24 22 to
2196 530 60 30 fully
2276 527 137 32 appreciate

1887 568 42 24 the
1941 568 59 31 deap
2013 567 113 25 affection
2138 567 49 24 and
2199 567 85 31 highly
2307 566 105 25 adinira-

1870 613 8 14 '.
1887 606 52 24 tion
1951 607 55 23 that
2018 614 46 22 you
2079 606 49 23 and
2140 606 33 24 ail
2184 613 59 23 your
2255 606 84 30 family
2351 606 62 22 have

1887 646 37 23 for
1936 647 51 21 her.
2023 645 64 23 That
2100 653 40 21 my
2152 651 54 17 own
2218 645 82 23 action
2323 644 89 24 ihould

1888 691 78 19 cause,
1980 691 26 15 as
2018 682 13 23 I
2041 683 51 22 fear
2103 682 20 23 it
2135 686 65 19 must
2212 681 37 24 do.
2262 690 14 16 a
2287 682 67 30 large
2363 682 49 23 and

1888 721 130 24 continued
2031 727 109 17 measure
2152 722 25 21 of
2186 720 56 30 pain
2256 722 24 21 to
2297 720 44 24 her
2359 720 51 24 and

1888 762 25 21 to
1925 760 33 23 all
1969 760 70 23 those
2052 760 52 23 that
2115 761 51 23 love
2179 760 50 26 her,
2254 759 47 24 and
2325 759 88 24 should

1888 806 80 20 cause,
1982 800 47 25 too,
2043 798 91 23 serious
2146 797 49 24 Idas
2207 797 46 23 and
2267 797 102 31 damage
2387 801 25 20 to

1889 838 42 23 the
1943 837 82 31 Army,
2039 837 47 23 will
2098 837 29 23 bj
2139 846 14 14 a
2165 842 83 26 (source
2257 837 26 23 of
2290 837 52 30 prof
2346 837 66 23 ound

1890 883 105 16 remorse
2006 874 49 24 and
2067 882 87 19 sorrow
2168 877 23 22 to
2205 883 37 15 me
2254 878 25 20 to
2286 883 42 22 wy
2337 875 75 30 dying

1890 911 52 32 day.
1977 912 40 23 All
2029 911 41 24 the
2087 908 85 27 closer'
2185 912 145 24 association
2351 911 58 24 with

1889 950 107 29 yourself
2005 949 48 24 and
2065 950 42 22 the
2125 950 94 23 various
2241 950 122 23 members
2386 949 26 23 of

1890 995 59 22 your
1960 987 83 29 family
2057 987 47 23 and
2116 987 42 23 the
2164 990 82 20 centre
2257 987 26 22 of
2293 987 84 29 things
2384 987 28 23 m

1890 1027 42 23 the
1944 1027 75 30 Army
2030 1026 79 23 which
2123 1034 40 22 my
2170 1025 174 31 acquaintance
2352 1025 60 24 with
2420 1027 2 3 '

1890 1066 68 30 Lucy
1966 1066 45 23 has
2024 1065 102 30 brought
2142 1065 80 23 -about
2244 1065 45 23 has
2311 1063 101 24 imniea-

1891 1103 111 30 sureably
2013 1102 122 24 increased
2149 1102 40 24 the
2201 1101 144 24 admiration
2364 1101 49 24 and

1890 1142 139 25 confidence
2038 1142 12 23 I
2067 1142 68 25 have,
2151 1148 55 18 ever
2227 1141 52 28 felt,
2302 1141 49 23 and
2368 1141 45 24 has

1891 1182 87 23 caused
1991 1190 38 15 me
2041 1187 24 21 to
2082 1182 46 22 feel
2140 1189 41 21 my
2204 1188 52 15 own
2281 1183 65 21 utter
2368 1188 44 15 iin-

1891 1221 144 25 worthiness
2046 1221 26 23 of
2086 1220 41 24 the
2149 1220 68 31 place
2238 1220 48 23 and
2307 1220 112 31 position-

1891 1261 13 23 I
1915 1260 62 24 have
1988 1260 100 30 enjoyed
2111 1260 26 22 m
2159 1260 54 28 the,.
2224 1258 96 31 Army's
2341 1260 70 23 rank.

1893 1298 63 23 That
1969 1298 53 23 God
2035 1305 55 23 may
2103 1297 63 23 bless
2178 1304 49 24 yo'A
2237 1297 47 23 and
2297 1297 36 24 all
2344 1297 68 24 those

1892 1337 57 24 dear
1960 1340 25 21 to
1996 1345 46 23 you
2055 1345 30 16 on
2097 1336 80 25 whom
2190 1336 13 24 I
2220 1334 68 27 Jbave;
2306 1336 111 31 brought

1893 1383 85 16 sorrow
2001 1375 49 24 and
2071 1375 135 29 rnercii'uily
2229 1374 121 24 over-rule
2371 1374 43 24 the

1891 1415 44 23 sad
1956 1421 163 23 consequence
2139 1415 28 22 of
2187 1421 42 22 my.
2249 1414 81 23 action

1891 1454 29 24 be
1929 1462 41 22 my
1982 1453 123 24 continual
2118 1460 126 23 prayer.—
2245 1452 17 23 l
2270 1460 48 21 am,
2332 1446 89 35 (fj-jfiH!

1891 1494 43 27 ral,
1961 1500 72 23 jours
2054 1492 131 30 faithfully,
2216 1484 205 47 (sigiafced)_Jjj^M

1908 1568 60 24 Miss
1979 1567 67 30 Lucy
2058 1566 80 24 Booth
2140 1555 34 34 Js
2183 1566 89 30 utterly
2281 1555 140 51 pro^^Hj

1890 1606 31 30 by
1933 1606 42 24 the
1987 1604 73 25 shock
2073 1606 25 23 to
2110 1604 44 24 tl»
2166 1605 91 29 system
2275 1594 146 40 caus^Hß

1891 1646 50 24 this
1963 1646 78 23 event.
2076 1657 2 5 •
2132 1642 16 26 I

1971 1758 187 21 JONATHAN
2164 1757 87 22 HIGG
2256 1758 6 21 I
2267 1757 53 22 NS.

2004 1806 51 33 (By-
2067 1806 29 24 F.
2109 1804 32 26 J.)
2152 1805 151 31 Fabeelly.)

2133 1855 3 2 ■
2141 1839 4 21 \
2252 1856 2 1 ■

1882 1931 2 3 .
2066 1912 111 30 Chapter
2195 1911 37 24 V..

1950 1966 87 24 Holloa
2063 1964 55 25 Win
2120 1966 56 23 ton,!,
2204 1965 57 23 how.
2281 1956 161 47 gpp^^^H

1893 2006 52 24 said
1955 2006 42 24 the
2010 2007 118 29 stranger.

1954 2045 83 24 What!
2086 2043 137 24 exclaimed!
2243 2029 199 56 Whito^^H

1892 2084 54 25 that
1957 2092 49 22 yon

1950 2121 77 24 Thats
2038 2128 39 16 me
2089 2121 18 23 oor
2107 2121 7 23 3l
2112 2122 5 12 r
2117 2121 12 23 3
2142 2119 85 30 friend,
2239 2119 43 25 but
2293 2109 149 51 wl^^^H

1892 2161 74 24 deuce
1981 2161 21 24 is
2018 2159 158 32 wiGng^with
2194 2160 65 30 you?

2041 2199 67 24 mind
2117 2208 61 21 now,
2187 2199 40 24 I'll
2236 2199 41 24 tell
2285 2207 13 23 y
2300 2191 142 46 ol^^^H

1892 2247 49 16 war
1946 2239 31 28 Is,
2017 2237 146 35 meanwhile
2190 2244 51 24 you
2265 2230 177 43 must^^HH

1893 2277 137 31 something
2042 2279 25 21 to
2084 2278 51 27 eat*
2151 2276 46 24 and
2221 2277 34 23 Set
2277 2283 39 16 rue

1893 2319 60 24 duce
1964 2326 48 23 you
2023 2321 31 20 to-
2061 2324 39 23 my
2114 2316 51 24 wile
2174 2316 48 24 and
2228 2307 214 47 fainily.^^^^H

1924 2358 31 22 In
1967 2366 14 14 a
1994 2358 67 22 short
2074 2353 191 30 times^Qbj&sarji
2273 2348 169 43 was^H^H

1892 2398 27 24 at
1930 2397 42 24 the
1983 2396 70 27 table,
2063 2395 93 27 where,,
2164 2385 278 47 comfortably^H^H

1891 2435 32 23 he
1931 2434 91 24 related
2041 2434 25 22 to
2085 2432 39 24 his
2146 2431 91 24 friends
2267 2431 38 23 his

1892 2472 49 24 and
1951 2471 153 24 adventures.
2152 2487 2 3 .
2165 2472 3 4 '

1919 2509 57 31 |Che
1986 2509 91 24 friends
2094 2510 46 24 sat.
2143 2516 38 22 up
2188 2506 63 25 until
2306 2514 13 16 e
2321 2497 121 50 J^^^|

1889 2550 47 23 in*
1943 2556 56 17 over
2010 2547 42 25 old
2066 2546 82 29 times;
2176 2545 52 25 and
2246 2545 19 23 it
2287 2540 155 34 wa^^^^

1892 2582 146 41 reluctantly
2049 2586 54 24 thai
2115 2585 57 31 they
2194 2584 108 31 repaired
2313 2586 25 21 to
2359 2583 60 23 bed..

1922 2627 84 25 ;When
2017 2626 29 24 irk
2056 2625 41 24 his-
2106 2632 68 17 room
2185 2622 140 28 Robinson,.
2333 2620 109 27 seateiH

1889 2673 66 24 upon
1968 2665 38 24 hi
2006 2665 19 24 3
2019 2664 52 27 bed,
2084 2663 51 25 and
2155 2658 103 34 uuising
2283 2661 44 24 his-
2344 2660 71 29 knee,

1889 2704 76 30 fcfegaa
1977 2701 111 25 tathink.
2098 2701 3 8 :
2124 2704 18 11 (t
2151 2700 15 24 I
2175 2699 121 27 wonder,'.'
2308 2698 104 30 thought

1891 2742 156 34 ne.^'whats
2070 2746 85 23 wrong,
2173 2738 58 24 with
2254 2737 76 32 them;
2355 2736 57 30 they

1892 2789 42 16 are
1955 2781 36 23 all
2021 2778 176 29 confoundedly
2232 2777 50 26 aad,
2304 2776 111 24 Rebecca

1872 2833 2 12 :
1894 2819 139 32 especially-
2056 2817 79 25 Some-
2138 2817 53 24 love
2199 2815 69 25 affair
2278 2815 14 23 I
2303 2822 115 23 suppose..

1925 2859 42 22 11l
1988 2852 78 29 fossili.
2088 2855 20 23 it
2131 2856 42 23 out

1928 2897 43 24 He
1978 2897 64 22 went
2054 2897 26 21 to
2090 2894 44 24 bed
2146 2893 121 31 and.,slept
2280 2892 37 23 till
2336 2898 84 16 morn-

1896 2935 51 31 ing.
1991 2933 40 25 He
2051 2940 49 21 waq
2101 2928 98 35 '.always
2211 2938 35 16 an
2263 2929 62 31 early
2349 2929 72 27 riser,,

1897 2983 28 16 so
1933 2983 29 16 as
1969 2981 60 18 soon
2041 2980 31 17 as.
2084 2973 42 23 the
2138 2969 52 35 da^
2195 2970 110 24 dawned*
2317 2970 30 23 he
2370 2975 47 17 was

1896 3020 34 24 up
1938 3012 49 24 and
1997 3010 106 27 dressed,
2116 3010 36 24 he.
2159 3008 69 25 made
2241 3008 37 23 his
2302 3015 50 23 way
2374 3008 42 21 oub

1896 3053 26 24 of
1931 3053 39 24 the
1986 3053 76 23 house
2073 3052 53 23 into
2133 3050 42 24 the
2187 3047 128 31 farmyard,
2338 3046 79 24 where

1897 3077 229 50 h^rfw^Whiton
2147 3088 95 30 feeding
2271 3087 38 26 his
2341 3086 78 23 fowls-

1898 3133 64 24 How
1974 3130 51 26 dull
2037 3130 31 24 he
2091 3118 183 44 lo^yfr^iglit
2285 3123 157 32 Robinson/-

1897 3171 75 31 going
1988 3177 31 23 up
2042 3170 28 22 to-
2089 3158 203 41 I^Rplie'said,
2322 3168 15 21 ','
2349 3165 73 23 Usrod

1898 3207 141 34 Morning"'
2054 3210 27 20 to
2089 3215 49 23 you
2149 3214 39 22 ray
2201 3205 55 22 dear
2274 3204 75 22 host»r

1959 3245 70 28 Good
2049 3246 113 30 morning
2184 3252 40 22 my
2247 3243 55 23 deav
2323 3232 99 39 Ifriend,

1896 3287 54 24 how
1964 3286 64 23 have
2038 3292 48 24 you
2095 3293 3 17 :
2110 3283 62 30 slept
2182 3283 10 22 ?
2195 3283 14 14 M
2281 3307 3 4 .
2329 3285 9 25 \

1931 3331 15 10 ♦'
1955 3321 163 33 ELx'cellently.
2152 3323 49 23 Bat
2223 3309 219 43 Whiton{wl«H

1897 3373 14 16 a
1925 3361 117 27 beautiful
2057 3363 58 22 farm
2135 3368 47 23 you

1931 3403 17 14 '*-
1955 3402 59 30 Aye,
2027 3400 41 24 the
2080 3399 66 24 farm,
2154 3398 21 23 is
2187 3394 59 33 good
2266 3386 176 54 ono^^j^J

1958 3440 53 24 You
2023 3438 59 24 dont
2105 3436 52 25 look
2183 3441 53 23 very
2259 3422 183 56 b^^^^H

1898 3479 33 25 all
1952 3478 33 24 its
2005 3476 124 33 goodness.
2162 3473 25 23 It
2210 3464 232 51 |tf^^^^^^|

1896 3526 68 16 come
1981 3524 56 17 now
2051 3515 56 24 Win
2109 3518 50 22 ton,
2173 3512 26 23 be

1897 3556 91 23 Theres
2003 3551 138 30 something
2152 3541 290 50 troubh^^^^^^^H

1881 3591 75 31 .hear
1968 3593 30 27 it,
2009 3590 104 32 perhaps
2124 3588 12 22 I
2146 3594 46 16 can
2203 3576 239 53 help^^^^^H

1887 3635 2 1 *
1899 3650 5 6 ..
1932 3634 16 10 ''
1962 3629 70 25 Well,
2044 3628 26 24 m
2083 3626 40 24 the
2135 3624 53 24 first
2201 3614 241 54 placej^^^^H

1898 3671 26 24 m
1934 3679 14 15 a
1961 3670 68 24 short
2042 3668 57 24 time
2121 3664 45 24 will
2188 3651 254 58 belon^^^^^l

1900 3717 45 17 one
2236 3730 3 4 .

2044 3744 87 30 belong
2152 3744 26 22 to
2201 3732 241 54 soni^^^^^^H

1901 3786 98 31 explain
2025 3781 121 33 yourself.'
2241 3772 201 54 'i^^^^^l

1935 3828 15 13 v
1964 3825 63 30 Very
2039 3821 54 26 well
2106 3820 65 25 then.
2204 3810 238 52 I>V^^^^^^H

576 69 167 32 OXFOED
784 66 89 31 AND
917 64 101 43 CUSjT
1061 64 221 32 OBSEEVEH
1326 58 234 43 SATURDAY,
1568 93 14 4 ..
1604 62 105 33 JULY
1759 64 49 37 16,
1865 66 87 29 1892.
