2530 3960
88 526 2359 58 THE

88 583 944 1 OXFORD
1189 583 1258 1 OBSERVER

88 583 295 1 AND
481 583 983 1 CANTERBURY
1562 583 885 1 DEMOCRAT,

88 583 1180 1 CIRCULATING
1375 583 1072 1 THROUGHOUT

88 583 694 1 NORTH
921 583 1526 2 CANTERBURY.

1096 619 223 26 Established
1362 619 92 26 1889.

63 729 66 31 Vol
151 731 72 29 4—
222 727 60 31 No.
329 720 85 40 189.1

802 727 106 31 EAST
960 727 185 34 OXFORD,
1189 722 241 39 SATURDAY,
1479 721 155 32 MARCH
1657 722 48 34 25,
1733 723 76 30 J893

2022 724 135 29 Price—
2159 724 85 29 ONE
2281 722 144 31 PENNY

459 835 58 42 j,
556 835 60 41 s.
642 835 228 49 cook,

636 888 43 20 The
700 887 173 28 rcoph'i>*Chem
877 890 5 11 !
883 892 27 23 st,

752 925 92 25 washol
860 926 98 33 Street,

892 964 281 28 CHRISTCHUECH.

811 1019 128 31 (Opposite
951 1019 42 25 the
1014 1020 56 25 A.I.
1084 1020 89 34 Hotel)

102 1084 11 19 I
123 1084 54 21 have
186 1084 98 26 pleasure
294 1084 23 19 in
329 1084 105 26 thanking
444 1091 35 20 ray
489 1084 80 22 friends
579 1086 44 20 and
631 1087 123 26 supporters
764 1087 34 21 for
809 1087 35 21 Iho
861 1089 121 21 confidence
1063 1096 49 19 very
1131 1091 74 21 liberal
1223 1092 38 25 pat

75 1127 80 19 ronage
174 1120 70 21 which
254 1120 40 32 h|s
304 1120 52 22 been
363 1120 102 23 extended
475 1122 21 21 to
503 1128 34 15 me
543 1122 35 21 for
587 1122 36 22 the
632 1124 49 26 past
691 1129 67 21 years,
767 1124 12 21 I
790 1126 54 20 trust
854 1125 48 21 that
920 1126 12 21 I
952 1126 55 21 shall
1024 1127 63 21 merit
1105 1127 36 21 the
1160 1127 115 22 oontinued

75 1159 116 25 patronage
200 1157 23 21 of
232 1163 36 20 my
277 1157 81 22 friends
367 1158 44 21 and
419 1159 37 20 the
465 1159 71 26 public
544 1161 114 25 generally,
685 1161 83 26 During
778 1162 36 21 the
823 1169 61 19 years
892 1163 12 20 I
919 1163 54 21 have
987 1163 52 22 been
1049 1164 23 21 in
1089 1164 153 22 Christchurch
1256 1165 12 21 I

76 1194 54 22 have
139 1193 112 27 dispensed
259 1200 65 21 many
332 1195 118 21 thousands
459 1196 23 20 of
492 1197 150 26 prescriptions
652 1198 44 20 and
705 1199 138 26 successfully
852 1201 80 20 treated
944 1201 79 20 several
1045 1202 119 21 thousands
1193 1203 22 20 of
1233 1209 38 19 my

74 1231 100 27 patients.
202 1232 57 21 lam
268 1232 54 26 fully
330 1232 128 26 acquainted
466 1233 53 21 with
528 1234 37 21 the
578 1234 97 22 business
682 1235 23 20 in
716 1235 29 21 ah
755 1235 28 22 its
792 1235 111 26 branches,
913 1237 44 22 and
965 1238 82 27 itißmy
1058 1239 120 22 endeavour
1196 1240 79 26 always

110 1268 120 26 personally
244 1269 74 21 attend
328 1270 22 21 to
360 1270 34 21 the
402 1270 152 25 requirements
564 1272 43 21 and
614 1272 73 21 obtain
699 1272 37 22 the
745 1273 121 22 confidence
882 1275 22 20 of
922 1275 30 21 all
971 1275 141 29 who^kindly
1129 1277 76 22 favour
1237 1284 35 16 me

75 1305 52 22 with
137 1306 56 21 their
203 1306 124 27 patronage.

76 1345 65 21 TRY
160 1345 50 21 MY
234 1345 94 22 CURE
346 1345 148 27 FOR|ALL
511 1345 167 29 KINDS|OF
694 1350 82 21 SKIN
806 1351 175 22 DISEASE—

239 1381 12 21 I
261 1387 35 15 am
307 1381 135 28 exceedingly
451 1383 115 21 successful
577 1383 23 21 in
611 1390 36 21 my
652 1384 103 23 remedies
764 1385 33 22 for
807 1385 44 23 this
859 1387 124 27 complaint,
993 1388 54 23 have
1057 1395 13 16 a
1074 1389 59 27 large
1149 1390 91 22 number
1256 1392 22 21 ol

281 1419 151 21 testimonials.

77 1462 66 27 t'RY
162 1465 50 21 MY
228 1465 78 22 NEW
324 1465 144 22 REMEDY
487 1467 64 20 FOR
570 1466 98 23 LIVER
680 1467 225 25 COMPLAINTS
922 1472 70 21 AND
1012 1472 256 24 INDIGESTION-

239 1499 116 22 Hundreds
364 1500 22 21 of
395 1507 37 20 my
441 1501 96 27 patients
546 1501 54 22 have
611 1503 79 26 proved
698 1503 18 22 it
727 1504 75 27 highly
817 1506 143 27 satisfactory.

226 1547 80 33 Large
319 1548 76 26 Stock
412 1549 27 25 of
448 1549 34 25 all
494 1550 73 25 kinds
578 1550 26 26 of
614 1550 90 26 Patent
726 1552 135 27 Medicines
884 1556 26 24 at
938 1554 73 26 Store
1027 1556 93 25 Prices.

310 1601 22 25 A
343 1602 130 35 complete^
485 1603 152 26 Assortment,
656 1605 28 24 of
703 1606 177 32 Honioepathic
908 1607 142 27 Medicines.

142 1650 43 27 All
203 1651 126 28 DRUGS
344 1653 194 26 Cuaranteed
557 1654 84 33 Pure,
658 1654 74 27 Best
755 1655 129 36 Quality,
905 1658 56 25 and
979 1660 119 25 Lowest
1124 1660 92 26 Price.

277 1700 306 26 PRESCRIPTIONS
598 1704 120 32 carefully
736 1705 50 23 and
805 1707 114 29 correctly
941 1707 134 31 dispensed.

414 1752 614 42 coisrsuXiTATioisrs
1066 1760 194 35 free

509 1809 116 33 JOHN
647 1810 30 33 S.
702 1810 147 41 COOKE,

480 1872 145 33 Kegisterei
658 1873 210 27 Pharmacentical
885 1875 119 31 Chemist,

818 1922 111 28 Cashel
955 1924 117 33 Street,

949 1971 280 28 CHRISTCHURCH.

91 2004 830 28 ■■■Z
1010 2016 4 17 :
1258 2033 3 2 .
1296 2016 4 19 |

1338 886 184 49 JOHN
1588 891 292 56 INGRAM,

1337 974 60 24 HAS
1411 977 57 22 FOR
1482 977 71 22 SALE
1570 980 38 21 BY
1623 980 125 23 PRIVATE
1762 981 119 23 TREATY.

1447 1124 33 21 On
1491 1128 90 21 accourt
1592 1128 22 21 of
1623 1129 36 20 Mr
1668 1128 106 22 Johnson.

1339 1187 60 26 Shop
1406 1189 43 20 and
1463 1190 105 29 dwelling,
1578 1194 99 25 fronting
1688 1195 37 20 the
1736 1194 59 21 Main
1809 1194 68 23 Road,

1338 1216 99 24 opposite
1446 1216 94 24 Pearson
1561 1220 59 21 Park
1643 1227 29 15 on
1691 1222 47 19 half
1747 1227 29 15 an
1785 1222 62 20 'Acre
1857 1221 22 20 of

1337 1241 60 22 land.

1338 1406 57 24 That
1414 1410 134 24 two-storied
1565 1414 102 28 Building
1686 1423 27 14 on
1733 1416 36 22 the
1786 1415 96 26 Terrace,

1339 1438 98 24 opposite
1447 1437 45 23 Mrs
1501 1440 68 22 Leurs
1569 1441 5 8 1
1577 1457 5 5 .

1436 1544 33 21 On
1479 1547 91 22 account
1579 1549 23 21 of
1612 1549 35 21 Mr
1661 1550 30 21 H.
1702 1550 81 21 Hearn.

1336 1590 40 20 His
1386 1597 50 20 very
1452 1592 100 28 compact
1580 1597 57 21 little
1646 1599 102 26 Property
1765 1599 24 19 in
1808 1598 71 25 Queen

1335 1618 74 23 Street,
1420 1622 126 26 containing
1555 1622 65 22 about
1628 1625 28 26 A\
1665 1625 63 19 Acres
1738 1625 22 19 of
1767 1624 112 23 rioiland,

1336 1644 126 21 subdivided
1472 1646 48 22 into
1529 1651 80 19 several
1620 1651 64 19 small
1693 1651 114 25 paddocks,
1827 1650 50 20 with

1336 1670 55 23 good
1409 1671 73 23 House
1501 1674 95 26 thereon;
1616 1676 59 22 brick
1693 1677 54 21 well.
1771 1678 51 19 Cost
1842 1676 36 21 the

1336 1701 71 16 owner
1416 1699 63 21 £250.
1507 1702 51 21 Will
1569 1702 24 21 be
1603 1704 47 20 sold
1660 1705 22 19 at
1692 1710 13 14 a
1715 1710 49 20 very
1774 1703 96 21 consider
1872 1716 5 3 -

1333 1724 51 19 ab'e.
1388 1724 110 23 reduction
1508 1734 28 15 on
1546 1730 70 20 above
1625 1731 63 25 price.

1419 1804 33 21 On
1466 1809 91 20 account
1567 1808 23 21 of
1598 1809 44 21 Rev
1661 1810 30 20 M.
1708 1810 85 22 Baxter.

1336 1889 27 20 35
1385 1889 64 23 Acres
1473 1893 23 20 of
1518 1895 62 21 Land
1597 1897 73 25 nearly
1704 1898 96 25 opposite
1836 1898 37 21 the

1416 1928 122 28 Saleyards.

1334 2003 26 21 87
1374 2003 64 22 Acres
1447 2006 23 21 at
1479 2006 60 22 West
1548 2008 87 27 Oxford,
1648 2015 48 16 now
1708 2010 24 21 in
1743 2010 129 26 occupation
1885 2027 6 2 .

1417 2042 23 18 of
1454 2041 33 19 Mr
1496 2043 80 25 Meyer.

1392 2114 39 21 750
1444 2114 65 23 Acres
1523 2118 23 20 in
1560 2118 154 27 Rampaddock

1336 2187 69 26 Large
1416 2190 64 21 Stcra
1487 2192 99 25 opposite
1595 2193 92 26 Church,
1709 2194 55 21 East
1784 2196 86 20 Oxford.

1331 2262 106 28 Dwelling
1460 2264 74 24 House
1556 2267 112 27 adjoining
1694 2269 85 26 Orange
1807 2269 60 22 Hall-

1543 2452 36 21 TO
1593 2453 64 21 LET.

1492 2498 27 20 In
1536 2499 84 22 Horn's
1628 2500 84 23 Estate.

1331 2532 62 22 Good
1403 2533 98 28 dwelling
1510 2535 52 22 with
1572 2536 44 22 Ten
1626 2544 58 15 acres
1694 2539 24 20 of
1725 2538 59 22 land.

1334 2702 194 35 JOHN
1559 2705 311 36 INGKRAM

1485 2816 240 32 AUCTIONEER,

1419 2959 375 33 OXFORD.

1339 3132 142 48 MKS
1496 3135 377 60 MITCHELL,

1400 3200 278 43 BOARDINGHOUBE
1702 3206 121 40 KEEPER

1341 3258 195 34 EAST
1569 3261 309 38 OXFORD

1457 3320 105 24 TERMS
1583 3323 177 24 MODERATE

1340 3361 119 27 EVER?
1468 3363 190 28 ATTENTION
1672 3367 27 24 to
1708 3367 174 28 BOARDERS

1396 3488 86 43 Gh.
1525 3492 316 50 SMITH,

1348 3558 87 48 ZINC,
1459 3562 69 40 TIN,
1553 3564 65 39 AND
1642 3566 116 41 SHEET,
1784 3568 102 39 STEEL

1553 3630 138 24 WORKER

1383 3675 88 41 High
1494 3678 112 41 Street,
1630 3681 80 32 East
1733 3683 127 31 Oxford.

1310 3774 2 41 |
1349 3777 43 26 All
1403 3778 72 27 kinds
1487 3781 29 26 of
1529 3782 97 34 Pumps
1638 3784 77 26 Fixed
1727 3787 22 23 &
1766 3786 121 32 Eepaired

1463 3827 27 23 at
1503 3826 43 26 the
1560 3827 110 28 shortest
1681 3830 91 26 notice.

2078 889 115 26 GREAT
2225 891 86 26 SALE

2183 938 29 16 OF

1933 962 207 34 TEWELLRY,
2177 967 176 28 WATCHES,
2389 969 70 26 DIA-

1926 993 22 28 -0
2091 1000 97 25 MOND
2207 1002 120 30 GOODS,

1928 1034 126 27 SILTER
2072 1037 72 25 AND
2167 1039 295 36 ELECTRO-PLATE;

1926 1072 47 25 AT
1991 1074 22 23 A
2031 1074 172 27 DISCOUNT
2228 1078 43 24 OF
2288 1080 28 23 4s
2334 1079 37 24 IN
2389 1079 71 25 THE

2025 1114 126 29 POUND,
2164 1117 67 24 FOR
2245 1117 20 24 A
2283 1119 77 24 FEW

2076 1155 124 26 WEEKS
2210 1157 99 26 ONLY.

1961 1199 111 28 £10,000
2091 1200 72 25 value
2176 1202 25 24 to
2214 1201 76 26 select
2312 1204 66 24 from
2399 1204 26 24 at

1928 1256 68 45 M.
2058 1259 402 50 SANDSTEIN

1938 1334 107 22 DIRECT
2060 1336 386 30 IMPOETER,i;WATCHMAKEE

2072 1374 59 21 AND
2147 1375 164 26 JEWELLER,

1923 1408 112 23 CASHEL
2051 1411 39 21 ST.
2110 1412 87 26 WEST,
2212 1413 245 27 .OHIiISTOHURCH.

2069 1513 162 28 Established
2245 1518 73 25 1862.

1948 1587 30 20 M.
1991 1588 159 23 SANDSTEIN
2161 1592 40 21 has
2215 1593 116 26 appointed
2340 1593 44 22 Ma.
2394 1593 65 23 8.-H.

1920 1620 81 20 Parish
2017 1628 24 14 as
2057 1623 36 19 his
2108 1625 79 21 Oxford
2201 1626 103 25 AGENT,
2319 1627 49 21 who
2384 1628 43 21 will
2436 1633 14 16 a

1919 1656 44 20 any
1973 1652 52 21 time
2034 1660 94 19 procure,
2142 1661 28 15 on
2186 1657 147 27 approbation,
2353 1658 107 26 Watches,

1920 1684 83 26 Clocks,
2013 1687 43 20 and
2065 1688 116 27 Jewellery,
2191 1689 33 21 for
2240 1690 34 21 his
2288 1691 79 22 Oxford
2383 1693 76 22 clients

1922 1719 22 19 to
1954 1719 65 21 select
2032 1721 64 25 from,
2107 1723 23 19 at
2140 1722 37 21 tho
2194 1729 60 16 same
2263 1724 57 26 price
2336 1731 25 16 as
2368 1726 92 26 charged

1917 1750 23 21 at
1951 1750 36 21 the
1996 1751 153 23 Christchurch
2159 1755 178 23 Establishment.

1963 1804 57 42 M,
2065 1806 353 43 SANDSTEIN?

2065 1865 112 22 OASHEL
2190 1867 119 26 STREET,

2009 1908 357 30 CHRISTCHURCH.

1921 2126 77 57 A.
2026 2129 73 54 B.
2129 2129 323 63 Hassal]

2039 2220 293 40 SADDLER

2152 2283 61 21 AND

1917 2327 277 44 HARDWARE
2212 2331 245 43 IMPORTER?

2059 2392 92 26 HIGH
2170 2393 142 30 STREET,

1999 2444 365 58 OUST.

1919 2532 169 58 DESIRES
2106 2536 26 24 to
2144 2543 130 20 announce
2286 2538 57 26 that
2354 2538 28 26 in
2393 2540 61 24 view

1994 2567 27 25 of
2034 2568 44 24 tho
2100 2569 169 34 approaching
2290 2571 108 32 harvest,
2422 2573 32 24 he

1919 2604 46 25 has
1988 2605 73 25 made
2085 2614 33 16 an
2141 2608 125 26 extensive
2288 2610 122 31 purchase
2431 2611 28 25 of

1917 2642 134 25 BINDER
2074 2644 115 25 TWINE
2215 2646 50 24 and
2288 2648 164 25 MACHINE

1918 2681 78 25 OILS
2014 2681 81 26 which
2107 2683 32 24 he
2150 2683 22 26 is
2183 2685 117 32 prepared
2314 2687 26 24 to
2363 2687 90 32 supply

1918 2721 26 22 at
1956 2719 42 24 the
2010 2721 86 24 lowest
2108 2724 183 24 remunerative
2312 2725 89 31 prices.

1919 2792 53 25 The
1984 2792 126 34 following
2118 2794 92 26 brands
2219 2804 41 17 are
2268 2796 58 33 kept
2337 2797 28 25 in
2374 2797 81 26 stock:

1954 2836 132 33 Donaghy,
2105 2838 114 31 Manilla,
2233 2841 85 24 Mixed
2330 2842 50 25 and
2393 2842 65 25 Flax

1921 2875 106 29 Twines,
2047 2877 135 25 Auckland
2194 2879 74 24 Fibre
2281 2880 55 29 Cos,
2349 2881 107 26 Manilla

1921 2912 58 26 Star
1988 2914 50 23 and
2050 2914 70 29 Flax,
2142 2916 50 24 and
2213 2917 89 25 Mason
2324 2919 129 25 Struthera

1921 2952 56 25 well
1989 2952 90 26 known
2092 2953 106 26 LurHne
2210 2955 84 34 Hemp
2312 2957 95 26 Twine.

1957 2989 53 26 The
2022 2990 76 25 Stock
2110 2991 27 25 of
2148 2992 62 25 On,s
2222 2993 22 25 is
2256 2995 123 32 complete
2401 3004 57 17 con-

1924 3027 91 32 sisting
2038 3029 27 24 of
2092 3029 76 31 Lard,
2193 3031 93 31 Castor,
2319 3034 141 30 Vnlvoiine,

1925 3066 97 25 Golden
2041 3067 157 34 Machinery,.
2222 3070 84 30 Colza,
2327 3072 52 25 Pea
2399 3073 61 29 Nut,

1923 3106 136 30 Neatsfoot,
2078 3107 61 26 Raw
2162 3110 50 24 and
2236 3111 89 26 Boiled
2344 3112 116 26 Linseed.

1923 3145 109 32 Aprons,
2046 3147 49 24 and
2112 3147 129 27 Elevators
2259 3151 73 24 made
2352 3152 50 25 and
2425 3160 37 17 re-

1922 3186 86 31 paired
2029 3189 26 22 at
2095 3187 110 26 shortest
2239 3191 92 26 notice.
2368 3192 94 25 Binder

1924 3224 79 33 whips
2016 3225 97 26 Canvas
2125 3226 99 31 batons,
2237 3229 76 26 rivets
2326 3231 50 25 and
2389 3231 71 26 Pole-

1926 3266 89 31 straps,
2028 3265 60 33 kept
2095 3266 28 25 in
2143 3269 103 31 variety.

1943 3305 22 24 A
1976 3305 68 33 large
2055 3307 115 32 quantity
2182 3309 28 24 of
2220 3309 91 25 Horse
2320 3310 143 27 Medicines

1928 3345 92 33 always
2032 3354 33 17 on
2088 3347 69 25 hand
2179 3349 130 33 including
2331 3351 134 26 Elliman's

1930 3386 126 33 Slesinger
2079 3388 49 25 and
2151 3389 148 33 Abilgaards
2328 3392 138 26 Embroca-

1928 3425 63 28 tion,
2016 3425 147 33 Slesingcrs'
2193 3428 143 37 Leemings,
2372 3431 85 26 James
2460 3434 6 9 1

1930 3465 50 25 and
1991 3465 113 26 Stevens'
2118 3464 155 36 Blisterings,
2292 3471 95 31 Fryer's
2408 3471 58 25 Bal-

1931 3512 61 20 sam,
2018 3504 82 26 Sweet
2112 3505 79 30 Nitre,
2207 3507 94 32 Spavin
2314 3507 82 26 bruise
2408 3518 54 16 con-

1931 3544 88 29 dition,
2039 3545 50 23 and
2113 3546 90 24 Worm
2225 3547 125 29 Powders,
2371 3549 53 24 also
2453 3558 14 15 a

1930 3582 85 24 varied
2038 3582 69 24 stock
2131 3584 27 24 of
2180 3584 122 32 Saddlery
2319 3586 28 24 in
2371 3586 34 24 all
2434 3587 34 24 its

1931 3619 131 26 branches.

1966 3658 151 25 Horse-hair
2126 3659 50 24 and
2188 3659 121 27 Beeswax
2320 3662 147 31 purcLased.

1935 3698 97 26 Second
2043 3698 69 25 hand
2121 3700 98 24 saddles
2238 3700 95 32 bought
2356 3703 49 23 and
2428 3711 40 15 ex-

1934 3738 113 32 changed
2077 3738 38 25 fo.x
2147 3746 64 18 new.
2246 3741 81 31 Agent
2357 3741 38 25 for
2429 3742 39 25 the

1933 3777 127 32 Lyttelton
2072 3777 82 25 Times
2167 3778 135 33 Company,
2321 3780 49 24 and
2389 3780 79 25 South

1934 3815 97 25 British
2042 3815 137 26 Insurance
2187 3817 43 24 Co.
2267 3818 91 25 Orders
2371 3819 30 31 by
2413 3822 55 28 post

1934 3861 28 18 or
1974 3853 119 32 telegram
2101 3855 126 31 promptly
2239 3856 117 25 attended
2368 3859 33 22 to.

98 2082 37 51 T.
178 2082 46 60 J.
266 2082 358 56 WEEBER,

173 2143 72 32 High
258 2143 89 29 Street,
360 2143 64 25 East
444 2143 103 26 Oxford.

171 2203 124 27 PICTURE
315 2203 100 27 FRAME
439 2202 104 28 MAKER

91 2255 103 25 Picture
205 2256 95 25 Frame
309 2257 148 31 Mouldings
472 2265 28 17 or
523 2257 60 25 sale.

89 2295 84 32 Agent
179 2295 39 26 for
229 2295 39 26 W.
282 2295 143 26 Rainbow's
443 2297 186 32 Preparations.

142 2354 15 11 „
225 2335 138 26 Ellisdon's
375 2336 134 32 Neuralgic
520 2337 91 31 Drops.

141 2394 16 12 
225 2376 94 25 United
338 2377 137 26 Insurance
499 2377 133 33 Company

86 2416 28 25 of
125 2416 108 32 Sydney.

90 2527 22 25 A
124 2535 54 18 new
190 2526 37 26 lot
238 2527 29 25 of
278 2528 215 32 Paperhangings,
518 2529 51 32 just
592 2537 37 16 re-

93 2566 92 28 ceived,
198 2566 64 25 from
275 2566 115 31 sixpence
408 2575 45 23 per
472 2566 77 32 piece.

275 2690 313 45 STOCKS,

93 2750 346 32 MONUMENTAL
461 2751 173 38 MASON,

218 2803 133 30 Madras
375 2804 127 35 Street,

137 2854 455 32 CHRISTCHURCH.

100 2947 161 59 WISHES
280 2950 26 21 to
324 2948 87 24 inform
422 2956 100 23 persons
541 2949 23 23 in
574 2950 63 22 want

190 2980 27 25 of
232 2980 165 25 Monumental
422 2981 74 25 Work
525 2982 53 23 that
606 2981 31 24 he

73 3032 1 4 .
97 3013 97 25 intends
214 3016 25 22 to
263 3013 89 26 SELL
380 3013 61 26 HIS
477 3013 160 26 PRESENT

98 3046 117 25 LARGE
237 3045 118 31 STOCK,
373 3046 133 33 consisting
523 3047 25 24 of
561 3047 76 24 Gran-

100 3080 33 24 ite
151 3079 102 31 Marble,
279 3080 47 24 and
354 3081 68 24 other
449 3080 74 26 Sto?>e
552 3080 87 25 Monu-

100 3116 87 25 ments,
216 3117 24 20 at
271 3114 161 32 considerably
468 3114 169 25 REDUCED

100 3146 132 26 PRICES.
267 3147 56 24 Iron
342 3147 100 30 Fences,
462 3147 113 25 Concrete
592 3148 46 23 and

101 3180 74 25 Stoue
193 3179 126 32 Kcroings,
338 3181 100 24 ndi/ccd
449 3181 25 24 in
493 3181 69 31 jrice.
598 3180 41 25 In-

100 3213 127 32 scriptions
246 3213 47 25 and
312 3213 33 25 all
362 3213 67 25 work
447 3214 23 24 in
500 3214 139 24 connection

102 3247 56 23 with
179 3246 39 24 the
237 3247 68 24 trade
317 3248 61 23 done
390 3248 23 22 in
426 3247 131 24 finst-class
571 3249 68 29 style.

104 3278 74 31 Early
198 3280 133 30 inspection
351 3280 98 24 invited.
487 3280 93 25 Several
592 3288 50 17 new

103 3313 61 24 lines
181 3313 75 31 lately
286 3313 101 25 arrived.
423 3313 52 32 Any
504 3313 137 25 reasonable

103 3347 59 25 offer
179 3346 37 24 for
233 3347 40 24 the
292 3352 93 25 present
402 3347 70 25 stock
489 3347 49 25 will
566 3346 75 26 result

101 3380 25 24 in
144 3389 13 15 a
176 3380 58 25 sale.
272 3380 75 27 Want
371 3382 25 24 to
415 3381 90 25 realise.

104 3500 45 44 J.
173 3499 53 44 T.
256 3499 200 53 Brown,
479 3500 41 44 &
542 3500 96 44 Son

159 3565 111 21 TIMBER
281 3566 18 20 &
309 3565 73 21 COAL
396 3566 182 21 MERCHANTS.

282 3604 164 22 IMPORTERS

107 3643 35 27 Of
173 3642 141 27 TIMBER
344 3644 53 25 and
427 3643 49 26 All
506 3643 88 27 Kinds
618 3643 27 28 of

162 3688 186 28 BUILDING
375 3688 221 28 MATERIALS.

298 3735 152 28 CORNER

106 3786 166 27 COLOMBO
312 3786 19 24 &
361 3785 97 25 TUAM
494 3786 151 25 STREETS

269 3830 194 23 CIJBtSTOHURCII

735 2057 222 62 ROBERT
1041 2062 226 74 FISHER,

771 2137 178 27 GENERAL
971 2139 265 28 STOREKEEPER

747 2184 96 45 Teas,
884 2183 134 47 Coffees,
1057 2185 128 47 Cocoas,
1220 2197 22 28 a

834 2235 144 40 General
1000 2236 182 41 Groceries-

783 2287 143 30 WEST
990 2288 223 32 OXFORD.

771 2387 444 45 SADDLES,?.

729 2457 80 52 H.
836 2458 62 53 J.
916 2458 349 58 LAMING

824 2537 347 36 SADDLER

964 2582 64 21 AND

732 2617 288 42 HARNESS
1055 2620 212 40 MAKER

878 2671 72 25 Neae
968 2671 150 31 Saleyaeds,

766 2714 46 42 O
836 2714 66 42 X
926 2715 197 42 FOR
1146 2718 47 40 D
1217 2745 15 14 .

731 2789 87 26 Orders
831 2789 51 26 and
898 2789 105 33 Repairs
1014 2790 126 34 promptly
1151 2792 119 26 executed

895 2835 26 23 at
931 2833 87 25 lowest
1029 2837 75 22 rates.

836 2899 144 40 HORSE
1003 2899 164 41 COVERS

733 2951 100 39 made
844 2952 38 38 to
898 2951 103 40 Order
1016 2952 69 39 and
1099 2953 172 50 Repaired

792 3065 261 28 CALEDONIAN
1070 3067 145 28 HOUSE.

734 3128 220 45 JAMES

816 3184 84 28 BOOT.
917 3185 86 27 SHOE.
1018 3187 26 26 &
1059 3186 125 29 SLIPPER

870 3217 263 34 Manufacturer.

839 3264 117 31 WEST
990 3266 181 31 OXFORD.

736 3314 49 23 Has
796 3321 28 14 on
834 3315 62 20 hand
905 3321 13 15 a
928 3316 104 27 splendid
1039 3318 133 21 assortment
1178 3319 25 20 of
1208 3319 68 21 Boots

738 3348 44 20 and
793 3347 70 22 Shoes
872 3347 66 22 made
958 3354 29 15 on
997 3349 39 21 the
1044 3349 107 26 premises
1170 3352 26 20 at
1204 3351 71 26 prices

738 3379 53 21 that
800 3380 53 27 defy
862 3381 152 26 competition.
1042 3382 61 26 Boys
1111 3382 81 21 School
1218 3384 55 26 oots,

737 3412 58 21 back
805 3419 72 14 seams
886 3413 47 20 and
941 3413 63 21 front
1013 3413 63 21 hand
1083 3420 67 19 sewn,
1157 3416 84 20 cannot
1248 3416 28 21 be

738 3445 126 25 surpassed.
896 3445 69 21 Men's
974 3445 50 22 best
1029 3447 151 26 watertights,
1189 3448 87 27 pegged

738 3476 50 27 15/-.
828 3477 99 27 Bespoke
950 3477 142 26 department
1115 3480 105 26 carefully
1243 3481 35 21 at-

737 3507 70 22 tonde
837 3509 30 20 to.
896 3509 40 20 Pit
955 3509 46 21 and
1019 3509 170 30 Workmanship
1209 3513 69 21 Guar-

738 3540 87 21 anteed.
854 3540 93 27 Repairs
957 3541 77 25 neatly
1043 3542 47 20 and
1097 3543 115 27 promptly
1222 3544 57 22 done

738 3573 26 20 at
771 3572 132 21 reasonable
926 3573 59 21 rices

770 3627 59 23 anch
841 3626 196 23 Establishment:
1053 3628 61 21 Near
1132 3629 67 23 Town
1218 3630 62 27 Hall,

926 3655 59 22 Esst
994 3655 92 22 Oxford.

765 3731 50 38 G.
843 3730 48 39 E.
921 3730 343 51 WEYLANDT,

877 3794 112 28 FAMILY
1005 3796 146 28 BUTCHER.

788 3830 157 42 EAST
976 3831 264 46 OXFOBT>.
