2530 3960
50 184 42 24 the
105 191 44 24 age
162 182 26 25 of
203 182 79 32 rough
303 181 105 32 chipped
431 181 69 24 flints
524 187 60 23 gave

50 231 52 23 way
114 225 25 22 to
152 223 42 23 the
204 231 45 22 age
261 223 26 24 of
308 221 112 32 polished
443 222 71 22 stone
535 219 49 24 and

49 261 37 24 far
108 268 70 17 more
201 260 102 31 shapely
332 259 174 26 instruments,
541 257 43 23 the

50 302 71 23 stone
139 307 45 23 age
195 299 70 24 itself
275 301 25 22 at
322 300 50 23 last
390 299 103 30 passing
516 304 68 22 away

50 346 27 17 as
90 346 59 16 man
161 337 101 24 became
283 345 14 16 a
316 336 96 25 worker
435 337 26 23 in
485 335 98 28 bronze,

50 376 74 25 while
136 376 43 24 the
189 374 92 24 bronze
304 382 46 22 age
370 374 53 24 also
443 373 142 29 eventually

50 423 61 23 gave
123 422 54 22 way
188 412 83 25 before
283 412 42 25 the
343 420 69 16 more
435 410 149 26 serviceable

50 452 50 25 and
111 451 102 25 durable
224 451 66 25 iron.
324 451 32 24 In
368 450 42 25 the
422 452 95 22 remote
529 451 62 29 past,

50 491 50 25 and
111 490 75 26 white
198 497 60 16 man
278 497 51 16 was
351 489 103 31 passing
477 487 107 31 through

50 531 70 25 these
133 532 90 28 stages,
236 529 70 24 holes
318 529 26 23 in
355 528 42 24 the
421 528 78 27 earth,
525 527 60 24 dark

49 577 80 19 caves,
154 567 49 24 and
226 567 75 23 forest
323 574 108 15 recesses
456 573 62 16 wert
542 565 41 23 his

49 607 83 26 home,
145 605 39 24 his
196 604 56 25 food
264 603 138 32 consisting
419 603 27 25 of
467 603 43 24 the
518 621 6 5 .
533 602 52 24 ani-

49 645 64 24 mals
125 643 51 25 and
187 642 56 25 wild
257 643 72 23 fruits
342 642 49 24 and
415 643 67 23 roots
506 641 80 31 'living

49 682 49 25 and
121 680 111 33 growing
254 680 76 24 about
353 680 62 23 him.
451 679 70 24 Thus
550 678 33 24 he

48 722 67 25 lived
125 722 38 24 for
174 720 139 25 thousands
325 720 27 24 of
358 728 79 24 years,
456 719 130 32 gradually

50 760 131 31 spreading
210 767 58 16 over
296 759 43 24 the
363 758 94 25 earth's
480 758 105 27 surface,

50 797 127 32 subjected
188 798 26 23 to
226 796 195 31 ever-changing
443 795 143 25 conditions

50 838 56 29 and,
121 838 31 31 by
164 837 43 25 the
219 844 98 24 process
341 836 26 25 of
384 835 101 24 natural
510 834 76 25 selec-

50 877 61 29 tion,
125 876 130 31 becoming
276 874 131 33 gradually
430 873 106 32 adapted
560 875 25 22 to
628 878 1 38 j

50 918 79 30 them,
148 916 64 25 until
225 918 25 22 at
262 917 49 24 last
323 915 42 24 the
388 922 59 24 very
470 914 114 32 develop-

50 962 70 20 ment
132 956 28 26 of
169 956 40 24 his
226 955 155 26 intellectual
403 955 115 24 faculties
542 962 42 16 en-

50 997 73 25 abled
135 996 53 25 him
199 998 25 23 to
247 996 59 32 gain
329 995 43 25 the
395 996 109 29 mastery
525 1002 59 17 over

50 1035 44 24 the
104 1035 85 24 brutes
201 1033 169 31 immediately
383 1033 78 24 below
480 1032 54 24 him
557 1032 27 24 in

50 1075 44 24 the
106 1075 64 24 scale
193 1074 28 24 of
235 1074 133 23 existence.
403 1073 26 24 It
451 1073 46 23 has
520 1071 64 25 been

50 1112 54 25 said
115 1112 55 24 that
189 1110 56 26 God
256 1111 73 24 made
341 1118 59 16 man
417 1110 27 24 in
467 1110 39 24 his
530 1117 55 17 own

49 1153 90 30 image,
152 1151 45 24 but
208 1151 21 24 it
236 1151 82 25 would
330 1151 30 24 be
371 1159 69 16 more
452 1151 27 23 in
497 1150 88 24 accord

49 1192 61 25 with
122 1191 63 25 facts
197 1193 26 23 to
233 1198 42 25 say
289 1191 55 25 that
364 1198 60 17 man
443 1190 86 24 makes
550 1191 37 23 his

50 1233 61 31 gods
122 1233 27 24 in
161 1232 40 24 his
218 1240 55 16 own
290 1232 90 31 image.
417 1231 68 25 Thus
504 1231 83 24 brutal

50 1274 87 31 people
149 1271 138 32 invariably
303 1271 105 32 worship
420 1270 84 26 brutal
517 1270 68 32 gods.

52 1314 54 24 The
117 1313 61 31 gods
191 1312 26 25 of
238 1312 43 25 the
305 1320 102 23 savages
431 1320 41 16 are
495 1311 91 32 always

52 1362 102 23 savages
177 1353 95 24 deities.
307 1353 60 29 But,
391 1352 21 24 if
433 1353 21 24 it
477 1351 29 25 be
530 1351 56 25 that

52 1392 55 25 God
119 1391 72 26 made
203 1399 60 17 man
276 1391 25 25 in
315 1391 39 25 his
367 1399 55 17 own
431 1391 90 31 image,
535 1390 50 24 had

50 1439 37 17 we
106 1432 46 24 not
174 1438 15 16 a
222 1430 68 32 right
324 1431 26 23 to
384 1429 52 28 ask,
496 1428 88 25 Which

50 1478 61 17 man
184 1469 60 24 Was
253 1468 20 25 it
285 1469 42 23 the
340 1468 145 31 Mongolian
498 1475 27 16 or
543 1467 43 24 the

52 1507 146 28 Caucasian,
209 1506 43 25 the
264 1506 54 25 Red
327 1506 90 25 Indiau
426 1515 28 15 or
465 1506 43 24 the
522 1505 62 24 Teu-

51 1548 45 24 ton
106 1548 11 22 ?
156 1546 70 23 Were
240 1545 41 24 the
294 1544 71 25 Akka
377 1545 26 24 of
413 1544 64 25 East
490 1544 94 27 Africa,

51 1587 43 25 the
104 1586 98 30 Kalang
213 1585 26 24 of
249 1586 71 26 Java,
334 1585 42 24 the
390 1585 105 31 Simang
506 1584 26 25 of
543 1584 42 24 the

52 1625 92 31 Malay,
157 1623 61 25 each
230 1623 62 25 with
304 1623 82 24 brutal
395 1623 57 31 jaw,
470 1622 116 30 receding

51 1663 125 24 forehead,
189 1661 49 24 and
261 1661 194 31 corresponding
477 1661 47 24 low
547 1660 37 24 in-

51 1701 137 31 telligence,
224 1708 63 16 were
299 1700 70 24 these
378 1699 43 25 the
443 1699 95 31 images
562 1698 26 24 of

53 1742 55 25 God
119 1744 10 22 ?
163 1741 53 24 The
238 1740 51 25 fact
308 1748 50 17 was
387 1740 55 25 that
477 1739 110 25 civilised

51 1790 60 17 man
123 1783 68 23 must
203 1781 63 24 have
278 1790 15 15 a
304 1780 110 25 civilised
427 1780 55 31 god,
496 1779 48 25 and
567 1779 22 25 if

52 1820 70 25 these
133 1828 58 16 men
212 1826 62 18 were
298 1819 77 25 God's
397 1819 103 31 images,
524 1818 62 24 then

52 1860 110 25 civilised
170 1868 60 16 man
249 1868 50 16 v.a3
322 1861 52 23 not.
411 1859 53 24 The
486 1860 101 30 present

52 1901 125 25 condition
191 1900 26 25 of
238 1908 59 16 man
320 1908 51 16 was
394 1900 43 24 the
459 1899 78 25 result
561 1899 27 25 of

52 1939 124 25 centuries
196 1938 27 24 of
243 1938 140 31 struggling
399 1938 60 23 with
484 1937 100 24 adverse

52 1978 147 24 conditions.
223 1976 32 25 In
268 1976 42 25 the
321 1978 56 29 past
389 1984 60 16 man
461 1975 50 25 had
523 1974 61 26 been

52 2018 44 24 the
108 2018 66 24 slave
185 2019 24 21 to
221 2018 90 22 terrors
323 2016 86 24 reared
421 2016 32 31 by
465 2016 39 24 his
529 2024 55 16 own

50 2058 142 31 ignorance.
228 2056 33 25 At
273 2056 42 25 the
324 2056 72 24 dawn
405 2056 27 24 of
442 2057 75 24 social
541 2056 43 24 life

51 2096 43 25 the
112 2096 124 31 strongest
258 2103 60 16 man
341 2094 100 25 became
464 2094 53 25 first
541 2094 48 24 the-

50 2134 68 25 ruler
129 2134 49 25 and
201 2133 141 32 eventually
362 2133 42 25 the
426 2133 49 31 gcd
497 2133 27 24 of
542 2133 39 24 his

50 2175 70 28 tribe,
134 2174 104 30 holding
248 2174 138 30 absolutely
398 2173 42 24 the
451 2173 62 24 lives
531 2173 50 24 and

50 2213 110 26 liberties
172 2212 26 24 of
212 2212 40 24 his
275 2212 122 25 followers
421 2213 26 22 at
469 2211 40 24 his
532 2211 48 24 dis-

49 2254 78 32 posal.
163 2253 50 24 For
222 2253 123 25 centuries
355 2253 42 24 the
408 2252 78 25 forcos
499 2253 82 31 ruling

49 2300 64 17 were
135 2291 71 25 those
229 2291 27 24 of
276 2291 71 24 brute
370 2291 113 31 strength
493 2299 4 21 ;
517 2299 64 20 now,

49 2332 121 27 however,
183 2330 189 32 intellectuality
381 2331 57 24 held
452 2331 42 24 the
506 2338 75 24 sway,

50 2369 49 26 and
112 2368 149 34 by-and-bye
273 2369 50 24 this
335 2369 82 24 would
425 2368 31 25 be
476 2371 105 29 temper-

50 2409 31 24 el
92 2409 31 30 by
136 2416 14 16 a
161 2407 88 31 higher
261 2408 116 30 morality
390 2407 48 25 and
457 2416 15 16 a
494 2407 87 25 nobler

49 2445 141 32 humanity.
225 2445 71 26 Then
308 2454 60 16 man
379 2445 52 25 will
442 2446 102 31 develop
557 2447 25 23 to

49 2488 43 26 the
104 2487 101 32 highest
212 2487 145 30 possibility,
371 2486 43 25 the
431 2494 58 23 very
512 2486 69 24 char-

49 2526 137 27 acteristics
198 2527 43 24 out
252 2526 27 26 of
289 2526 81 25 which
382 2526 32 24 he
426 2526 50 24 had
487 2526 96 24 framed

48 2568 41 24 his
100 2566 65 26 ideal
177 2566 145 32 conception
332 2566 26 24 of
367 2566 75 32 deity.
477 2566 60 24 Just
554 2574 28 16 as

48 2614 61 18 man
129 2606 46 24 has
198 2604 54 25 s^id
275 2605 55 24 God
353 2604 21 24 i?
397 2606 63 28 love,
477 2604 101 31 justice,

49 2646 79 29 truth,
141 2645 88 28 virtue,
242 2651 28 18 so
292 2644 70 24 these
382 2645 52 23 will
452 2644 129 32 gradually

49 2686 101 26 become
162 2684 43 25 the
216 2684 200 31 predominating
428 2684 85 29 forces,
535 2693 45 15 un-

50 2724 30 27 til
92 2726 26 23 at
129 2724 57 28 last,
198 2723 156 31 irrespective
372 2722 27 25 of
419 2722 91 31 dogma
532 2723 50 24 and

50 2763 168 33 superstition,
242 2762 71 25 these
334 2762 88 25 nobler
453 2760 131 27 attributes

51 2803 73 26 alone
136 2801 66 27 shall
219 2809 67 24 sway
308 2799 131 29 mankind,
464 2800 65 25 until
551 2800 34 25 all

52 2844 65 26 shall
127 2842 45 26 feel
184 2842 48 25 and
245 2850 51 23 say,
344 2841 52 26 The
408 2841 79 26 world
498 2841 22 25 is
539 2849 45 18 our

48 2882 116 31 'country,
185 2879 122 26 mankind
327 2888 41 16 are
391 2888 46 16 our
459 2879 125 30 bi'ethern,

52 2921 51 26 and
114 2922 26 25 to
152 2919 31 26 do
195 2918 62 33 good
269 2919 21 25 is
299 2927 45 17 our
357 2918 130 32 religion."'

276 3046 92 26 FIRE.

88 3143 47 19 We
149 3144 41 17 are
211 3144 68 23 sorry
298 3143 26 18 to
342 3143 64 17 have
427 3143 26 16 to
471 3143 85 16 record
575 3143 14 15 a

54 3182 46 26 fire
119 3179 83 28 which
219 3178 125 30 occurred,
366 3178 113 32 adjacent
503 3179 25 23 to
548 3177 44 24 the

54 3225 72 26 West
138 3223 92 27 Oxford
252 3223 91 25 School
363 3224 25 23 at
411 3224 14 22 3
439 3220 100 26 O'clock
557 3229 33 16 on

54 3269 124 31 Saturday
205 3268 125 31 morning,
361 3266 147 32 completely
533 3274 56 16 con-

55 3314 102 31 suming
168 3320 15 17 a
202 3312 59 25 neat
272 3311 65 25 little
350 3312 97 30 cottage
459 3310 87 25 owned
558 3309 32 31 by

56 3357 41 25 Mr
108 3356 91 25 Edwin
210 3356 79 31 Paget
300 3355 27 24 in
344 3354 83 26 which
445 3354 32 24 he
491 3353 50 24 and
553 3353 40 24 bis

54 3400 88 32 family
153 3399 105 25 resided.
294 3398 53 26 The
364 3399 80 23 alarm
456 3405 51 17 was
519 3397 72 32 given

54 3445 34 33 by
100 3452 47 18 one
159 3443 27 25 of
194 3443 44 26 the
249 3442 121 30 children,
382 3441 57 26 who
449 3448 51 19 was
514 3440 78 32 sleep'*

54 3489 45 31 ing
110 3488 26 25 in
148 3486 44 26 the
204 3494 68 17 same
284 3493 70 18 room
366 3493 28 16 as
413 3485 41 24 his
476 3485 101 31 parents
585 3491 5 21 ;

53 3532 76 31 being
140 3530 83 26 awoke
242 3529 33 32 by
287 3529 44 25 the
345 3528 92 30 smoke,
451 3528 40 24 Mr
514 3527 78 31 Paget

53 3584 52 17 was
115 3573 127 32 naturally
254 3572 173 25 embarrassed
437 3571 68 25 what
523 3572 25 22 to
561 3570 31 24 do

53 3619 64 29 first,
131 3624 28 19 as
169 3624 38 19 we
227 3616 73 25 know
322 3615 33 33 by
373 3614 142 32 experience
535 3613 57 25 that

54 3666 15 22 3
82 3662 100 26 O'clock
193 3661 27 25 in
240 3660 44 26 the
296 3659 117 32 morning
423 3659 22 25 is
457 3659 76 24 about
548 3658 44 25 the

53 3709 67 25 most
142 3706 105 26 difficult
264 3704 62 26 time
343 3705 26 23 to
387 3702 78 31 sha.ke
488 3701 36 25 off
548 3701 43 25 the

52 3752 125 26 influence
189 3749 27 26 of
225 3749 43 24 the
287 3749 95 30 drowsy
395 3747 63 30 God,
478 3746 113 25 however

52 3798 40 24 Mr
103 3796 78 31 Paget
204 3801 51 18 was
275 3791 73 33 equal
361 3793 26 22 to
409 3791 44 24 the
475 3789 115 25 occasion

52 3841 49 26 and
110 3838 124 33 managed
246 3838 26 24 to
284 3835 92 27 bundle
388 3836 44 24 out
441 3834 43 25 the
493 3834 95 32 family,

52 3885 49 24 and
130 3884 59 23 thus
218 3881 72 24 avoid
319 3880 66 24 what
413 3878 81 31 might
525 3878 63 24 ha\e

675 184 89 31 proved
778 193 14 15 a
814 184 107 26 horrible
941 184 113 32 tragedy;
1078 183 131 31 returning

675 229 24 22 to
713 228 41 23 the
774 236 79 20 scene,
875 229 60 23 with
960 228 42 24 the
1025 228 135 24 assistance
1183 227 28 23 of

670 278 67 17 some
749 271 135 31 neighbors
901 271 55 24 who
979 271 50 24 had
1052 270 97 25 arrived
1172 278 32 16 on

671 314 41 24 the
725 315 93 29 ground
834 314 58 32 they
902 314 122 32 managed
1042 316 26 23 to
1080 314 61 30 drag
1162 314 45 23 out

671 366 14 15 a
699 359 45 23 few
762 358 98 24 articles
878 359 27 23 of
931 359 129 25 furniture,
1090 358 45 23 but
1164 357 43 24 the

671 400 61 26 bulk
744 401 26 25 of
781 401 42 25 the
839 401 138 25 household
990 401 75 32 good3
1078 401 44 25 hac
1139 402 26 23 to
1178 400 29 25 be

671 444 45 24 loft
729 447 24 21 to
767 445 42 24 the
823 453 81 23 mercy
917 445 26 24 of
961 445 43 24 the
1022 445 97 24 flames.
1155 444 53 24 The

672 488 80 24 whole
772 488 27 25 of
820 489 52 24 Mrs
899 489 100 31 Paget's
1023 489 113 31 clothing
1159 488 50 25 and

671 531 65 24 little
755 532 57 24 nick
824 532 85 30 nacks,
932 532 61 24 such
1006 541 27 15 as
1045 532 63 30 good
1120 532 89 24 house-

671 574 84 24 wive's
772 575 107 29 cherish,
901 584 63 16 were
976 575 143 25 consumed.
1155 575 54 24 The

672 617 83 25 actual
766 617 51 25 loss
830 626 57 24 may
898 618 31 25 be
946 621 46 29 put
1011 619 78 24 down-
1095 620 26 23 at
1133 617 76 26 about

672 662 59 28 40,
751 661 68 24 there
837 661 22 24 is
887 670 33 15 an
948 662 133 25 insurance
1110 662 26 24 in
1166 661 43 25 the

674 704 79 25 Globe
776 704 75 25 Office
874 713 33 16 on
931 704 41 25 the
995 705 77 25 house
1096 705 28 25 of
1148 706 60 23 85.

673 748 77 24 Much
762 748 132 32 sympathy
917 748 22 25 is
951 749 45 25 felt
1007 749 38 25 for
1068 749 44 25 the
1123 749 87 32 family

672 798 27 17 as
712 791 58 31 they
783 791 47 24 had
855 791 31 31 by
910 791 55 25 dint
976 792 27 24 of
1023 792 114 32 industry
1160 792 51 25 and

673 834 72 25 thrift
757 835 121 31 managed
891 836 26 23 to
928 837 41 30 get
986 836 113 31 together
1111 845 15 16 a
1138 838 71 30 natty

671 877 65 26 little
748 878 83 29 home,
844 878 72 26 when
925 878 44 26 the
978 880 67 24 cruel
1057 880 45 25 fire
1113 880 98 33 depriv-

671 921 31 25 ed
715 922 68 24 them
802 922 26 25 of
844 922 65 25 their
925 922 64 26 hard
1018 924 91 25 earned
1138 923 72 33 gains

670 967 92 23 almost
775 974 27 16 as
815 965 100 33 quickly
927 974 27 17 as
978 975 47 16 one
1047 967 73 26 could
1138 968 70 25 write

670 1017 33 16 an
717 1011 105 22 account
834 1010 27 24 of
871 1010 43 24 the
927 1010 168 33 catastrophy.

741 1126 400 37 CORRESPONDENCE.

673 1218 65 20 While
748 1224 38 14 our
795 1219 90 19 columns
896 1225 36 13 are
938 1226 51 19 open
1000 1220 20 19 to
1030 1220 31 19 all
1080 1226 29 14 we
1129 1221 26 19 do
1174 1223 36 17 not

698 1250 90 26 identify
793 1252 101 19 ourselves
899 1252 52 19 with
955 1257 42 21 any
1002 1252 96 25 opinions
1102 1252 109 27 expressed

698 1282 86 21 therein.

706 1352 49 25 MR
775 1353 217 27 MEREDITHS
1004 1355 170 26 ADDRESS.

724 1438 32 24 To
769 1439 36 24 the
821 1440 90 23 Editor
922 1442 30 27 of
959 1440 36 24 the
1009 1444 5 10 '
1028 1440 129 25 Observer.'

706 1492 52 29 Sir,
794 1493 13 24 I
815 1493 63 25 have
891 1494 58 24 read
957 1494 40 24 Mr
1007 1494 147 26 Meredith's
1166 1494 43 25 ad-

671 1530 68 25 dross
751 1533 26 22 at
789 1531 63 25 East
870 1532 101 28 Oxford,
993 1532 51 25 and
1067 1532 73 26 think
1164 1533 43 25 the

671 1571 171 25 Government
854 1572 77 31 ought
943 1573 27 25 to
982 1572 46 25 feel
1040 1572 88 33 highly
1150 1573 55 25 flat-

671 1609 68 24 tered
751 1609 30 31 by
795 1610 66 23 what
873 1610 32 23 he
917 1610 62 24 said.
1018 1611 10 22 I
1039 1611 83 24 notice
1139 1611 68 24 how-

671 1655 64 21 ever,
748 1647 56 24 that
814 1648 40 23 Mr
863 1648 132 29 Meredith,
1004 1649 26 23 in
1052 1648 40 25 his
1115 1649 92 31 eulogi-

671 1695 42 16 um
726 1695 33 16 on
771 1687 43 25 the
837 1689 153 24 economical
1012 1689 81 31 policy
1117 1689 27 25 of
1164 1689 43 25 the

671 1725 178 31 Government,
863 1726 104 25 omitted
986 1729 25 23 to
1032 1728 113 24 mention
1165 1727 43 25 the

697 1764 124 31 Payment
831 1765 28 24 of
869 1765 124 25 Members
1112 1766 40 32 By
1164 1767 42 23 the

671 1812 53 23 way
738 1804 47 29 Sir,
798 1805 14 23 I
824 1805 100 24 wonder
936 1805 67 25 what
1016 1806 40 24 Mr
1079 1807 125 24 Meredith

671 1844 46 25 has
729 1845 76 25 found
818 1854 85 23 wrong
913 1845 62 25 with
988 1845 43 26 the
1044 1849 6 11 '
1061 1846 52 26 Ten
1132 1846 72 26 Com-

671 1884 176 28 mandments,'
868 1884 55 25 that
936 1884 58 31 they
1007 1884 89 26 should
1108 1887 45 23 not
1176 1885 29 25 be

671 1924 89 30 taught
769 1924 26 22 in
808 1924 107 24 schools.
951 1925 26 23 If
992 1925 67 23 lam
1082 1927 45 23 not
1147 1933 58 23 very

671 1963 75 24 much
758 1964 133 28 mistaken,
905 1964 12 23 I
930 1964 76 24 heard
1019 1964 40 24 Mr
1082 1964 124 26 Meredith

671 2009 99 23 express
793 2002 103 24 himself
916 2002 26 24 in
962 2002 87 25 favour
1078 2004 27 24 of
1136 2003 72 25 Bible

671 2041 102 32 reading
784 2041 26 24 in
823 2042 97 24 schools
933 2042 91 31 during
1037 2042 39 26 his
1088 2044 116 24 electoral

671 2080 138 31 campaign,
823 2080 45 25 but
880 2080 56 25 that
945 2080 21 25 is
985 2083 48 23 two
1056 2089 71 23 years
1151 2089 54 24 ago,

671 2118 60 25 time
743 2118 99 32 enough
853 2119 38 25 for
911 2127 45 17 our
977 2119 95 32 worthy
1095 2120 112 25 member

671 2160 25 23 to
708 2159 96 31 change
815 2159 41 24 his
867 2159 71 24 mind
950 2159 94 26 several
1056 2160 82 25 times.

871 2198 82 25 Yours
966 2199 41 27 &c,

1001 2239 71 26 View
1097 2239 75 26 Hill.

785 2349 177 27 FARMER'S
988 2350 99 26 CLUB.

704 2433 75 36 Sir,
780 2434 91 25 -Could
891 2443 48 23 you
962 2434 45 25 tell
1030 2443 40 17 me
1092 2434 113 26 whether

669 2471 69 25 there
750 2473 22 24 is
790 2481 14 16 a
816 2472 125 25 Farmer's
960 2472 62 25 Club
1042 2472 28 25 in
1082 2473 123 25 existence

668 2512 27 25 in
713 2512 43 25 the
768 2512 91 25 Oxford
871 2511 97 26 district
980 2521 28 16 or
1028 2516 44 23 not
1082 2515 12 23 ?
1130 2514 75 25 Some

668 2561 72 23 years
752 2561 46 23 ago
810 2553 13 24 I
835 2553 111 25 received
969 2561 31 17 an
1024 2553 134 26 invitation
1178 2556 26 23 to

666 2591 54 31 join
734 2591 61 25 such
807 2599 33 16 an
851 2591 153 28 institution,
1018 2590 45 26 but
1087 2592 118 32 thinking

669 2630 19 23 it
701 2637 50 16 was
774 2631 58 29 only
856 2629 38 24 for
917 2629 104 24 farmers
1044 2638 33 15 on
1101 2638 14 16 a
1137 2630 68 32 large

670 2669 72 29 scale,
756 2669 13 24 I
781 2669 41 24 did
833 2671 45 22 not
887 2668 55 32 join
951 2669 77 24 them.
1065 2669 70 32 They
1152 2678 50 17 cre-

669 2709 56 25 ated
737 2718 69 16 some
818 2709 64 25 little
901 2709 46 24 stir
970 2709 49 24 and
1038 2710 60 25 read
1121 2719 15 16 a
1158 2710 46 25 few
1244 2728 1 13 ,

668 2758 88 22 papers
768 2758 32 15 on
814 2749 42 24 the
868 2749 110 31 growing
990 2749 26 24 of
1031 2750 99 30 turnips
1154 2750 50 23 and

669 2787 42 25 the
725 2789 134 23 treatment
871 2787 26 24 of
907 2786 69 26 stock
988 2786 50 26 and
1045 2787 72 25 other
1128 2787 75 25 farm-

669 2828 44 32 ing
736 2829 113 24 matters.
885 2827 32 25 At
941 2827 56 25 that
1016 2827 62 26 time
1113 2828 93 25 Oxford

669 2875 51 17 wa?
732 2869 43 22 not
788 2869 25 23 at
826 2866 33 25 all
871 2874 14 17 a
908 2866 109 31 farming
1038 2866 105 29 district,
1162 2867 43 25 the
1245 2857 5 50 j

671 2907 100 24 auction
784 2906 65 25 sales
861 2906 160 25 commenced
1033 2907 26 24 at
1076 2906 55 25 half
1142 2907 63 31 'past

670 2953 47 17 one
729 2945 49 23 and
790 2944 108 24 finished
910 2946 26 22 at
948 2953 15 15 a
977 2946 101 29 quarter
1101 2947 26 22 to
1148 2947 56 27 two,

670 2984 43 24 the
725 2983 90 24 timber
827 2990 52 18 was.
890 2982 42 25 the
945 2982 41 25 life
1010 2982 28 25 of
1058 2982 43 25 the
1124 2984 78 30 place.

671 3023 74 25 Since
757 3022 61 25 then
831 3022 86 30 things
928 3022 63 24 have
1014 3022 120 31 changed,
1159 3023 44 25 the

670 3060 90 26 timber
773 3060 67 25 trade
852 3059 22 25 is
885 3059 50 25 fast
946 3059 77 33 dying
1034 3062 52 27 out,
1099 3060 49 26 and
1160 3061 43 26 the

669 3100 108 32 farming
787 3100 114 25 interests
911 3100 140 32 increasing
1059 3109 58 25 very
1125 3102 76 25 much

671 3139 96 32 beyond
779 3139 166 31 expectation,
981 3139 34 24 As
1024 3146 49 24 you
1084 3147 58 24 may
1166 3148 41 17 see

673 3179 28 31 by
727 3177 101 31 looking
850 3177 80 24 round
950 3184 33 17 on
1006 3177 97 25 market
1137 3178 69 32 days,

674 3218 150 31 Thursdays.
860 3217 51 25 But
937 3217 79 25 where
1038 3217 23 25 is
1083 3217 43 26 the
1149 3218 60 25 Far-

674 3261 74 24 mer's
762 3258 64 25 Club
835 3259 12 24 ?
864 3259 21 24 if
896 3258 42 25 the
962 3257 56 26 club
1041 3258 22 25 is
1085 3259 27 24 in
1135 3259 74 26 exist-

675 3307 67 21 ence,
756 3299 53 24 how
822 3299 22 24 is
856 3299 20 24 it
888 3299 40 24 Mr
940 3298 98 29 Editor,
1051 3298 60 32 they
1123 3299 31 24 do
1165 3301 46 24 not

675 3339 83 30 roport
781 3337 66 25 their
877 3337 123 31 meetings
1011 3337 11 23 ?
1056 3337 73 24 Have
1162 3346 49 23 you

675 3377 76 26 fallen
764 3379 43 23 out
821 3377 60 24 with
895 3376 69 25 them
976 3376 50 25 and
1038 3377 90 25 caused
1142 3377 68 26 them

675 3420 26 23 to
713 3418 99 31 boy-cofc
823 3425 62 23 your
894 3424 76 23 paper
980 3418 11 22 ?
1010 3424 27 17 or
1049 3417 68 24 what
1127 3417 23 24 is
1167 3417 44 26 the

674 3466 89 17 reason
772 3466 36 15 we
817 3457 60 24 hear
884 3457 107 30 nothing
999 3456 27 25 of
1032 3457 66 24 their
1110 3457 98 31 doings.

674 3496 25 24 If
709 3504 32 16 on
754 3495 43 25 the
806 3495 71 25 other
890 3494 67 24 hand
969 3494 44 24 the
1026 3494 57 24 club
1095 3495 22 24 is
1137 3494 70 30 dead,

672 3534 55 31 wh_y
741 3535 44 24 not
797 3535 62 23 start
883 3532 105 25 another
996 3533 11 23 ?
1044 3532 88 32 Surely
1160 3532 44 26 the

673 3575 117 23 interests
802 3574 26 24 of
835 3581 45 16 our
889 3572 64 25 class
965 3572 96 31 require
1072 3573 29 28 it,
1114 3573 94 31 hoping

676 3614 37 25 for
731 3622 13 16 a
768 3614 77 31 reply.

875 3652 82 24 Yours
970 3652 41 28 &c,

1063 3690 113 26 Farmer.

842 3794 94 25 VIEW
951 3794 91 24 MILL.

709 3878 165 22 Football.
881 3876 48 24 We
941 3877 67 23 ineefc
1019 3883 45 17 our
1076 3876 41 24 old
1134 3874 75 26 rivals

1298 179 42 25 the
1353 180 91 25 Oxford
1456 181 143 25 footballers
1607 189 33 17 on
1653 181 90 24 Easter
1760 181 73 24 Mon-

1298 219 56 32 day,
1367 222 26 22 at
1406 221 107 24 Pearson
1536 221 75 27 Park,
1633 221 73 24 when
1729 229 15 16 a
1767 221 65 24 first-

1298 258 64 25 class
1374 267 72 23 game
1458 267 57 24 may
1526 259 31 25 be
1569 259 125 31 expected.
1731 259 12 24 I
1755 259 78 24 heard

1298 296 42 25 the
1352 297 126 31 following
1489 297 43 24 the
1549 298 72 24 other
1643 297 47 32 day
1710 297 27 24 in
1759 297 73 24 refer-

1298 342 59 17 ence
1369 336 26 24 to
1407 335 42 25 the
1462 335 93 26 match.
1590 335 162 32 Non-player,

1296 381 49 22 you
1358 381 41 16 are
1411 374 75 31 going
1497 375 26 23 to
1531 375 58 30 play
1602 374 93 24 Oxford
1717 373 75 31 again

1298 412 94 32 Player,
1437 413 57 29 Yp3,
1508 414 50 24 and
1571 413 56 25 beat
1770 412 60 32 N-p.

1326 451 85 25 Won't
1422 460 48 23 you
1493 452 53 24 fnd
1569 460 68 17 some
1661 450 120 33 difficulty
1804 450 28 25 in

1256 501 2 12 i
1297 491 95 32 raising
1401 500 15 16 a
1439 494 66 22 team
1517 494 9 22 ?
1543 492 14 24 I
1581 499 105 24 suppose
1709 499 49 24 you
1781 490 51 25 will

1297 533 45 23 not
1353 532 58 31 play
1434 532 84 24 unless
1540 540 49 23 you
1612 539 47 17 can
1681 533 42 29 get
1746 539 14 16 a
1783 530 48 25 full

1296 571 67 24 team
1374 570 26 24 '?*'
1435 570 30 24 P.
1566 570 50 25 will
1626 574 58 27 play
1695 570 21 23 if
1725 577 37 16 we
1771 569 59 31 only

1297 612 41 30 get
1350 610 177 30 half-a-dozen,
1541 610 45 25 but
1606 610 13 24 I
1631 609 73 26 think
1724 617 36 17 we
1783 615 47 18 can

1297 650 41 30 get
1350 657 14 17 a
1382 649 108 25 fifteen/'
1524 649 70 29 N.P.,
1639 649 52 24 But
1703 647 66 26 what
1780 647 52 25 will

1296 697 49 24 you
1357 689 31 25 do
1400 689 21 24 if
1430 697 68 16 some
1510 689 28 24 of
1547 689 43 24 the
1600 696 59 17 men
1672 688 31 25 do
1714 689 45 23 not
1771 689 59 23 turn

1297 737 34 24 up
1405 729 28 25 P.
1479 730 76 24 Trust
1567 730 25 24 to
1612 728 147 33 providence
1781 727 50 25 and

1298 776 45 17 our

1331 822 125 24 Hakvest.
1492 821 53 25 The
1556 821 101 25 harvest
1673 820 47 25 has
1743 819 90 26 turned

1298 861 43 24 out
1353 860 73 32 badly
1436 859 67 30 here,
1523 859 81 33 owing
1627 858 90 33 chiefly
1740 860 26 24 to
1788 857 44 26 the

1296 901 80 31 heavy
1388 900 79 25 winds
1479 901 91 31 during
1581 900 44 24 the
1637 908 121 16 summer.
1776 899 54 24 The

1297 949 61 23 poor
1366 940 66 32 yield
1443 941 113 31 together
1567 940 60 25 with
1640 939 44 25 the
1695 939 48 26 low
1764 939 68 32 price

1297 981 28 25 of
1333 981 71 31 grain
1416 982 21 23 is
1449 983 45 23 not
1505 989 57 23 very
1574 980 167 32 encouraging
1753 981 25 23 to
1790 979 43 24 the

1261 1040 3 2 .
1297 1019 112 24 farmers.
1446 1019 80 25 There
1539 1027 42 16 are
1603 1018 151 25 indications
1776 1017 58 25 that

1297 1064 37 18 we
1346 1065 41 17 are
1399 1057 75 32 going
1486 1059 25 23 to
1523 1056 63 26 have
1598 1064 15 17 a
1630 1064 83 17 severe
1736 1055 96 29 winter,

1298 1097 55 25 cold
1364 1097 109 25 weather
1486 1097 49 24 and
1548 1097 75 31 sharp
1635 1096 75 25 frosts
1722 1095 109 32 already.

1331 1162 116 24 Cricket.
1484 1162 53 24 The
1558 1160 135 32 beginning
1722 1160 28 24 of
1781 1159 51 25 this

1298 1208 88 18 season
1399 1208 50 17 saw
1461 1208 30 17 us
1499 1199 106 26 without
1616 1198 92 26 cricket
1720 1198 63 26 tools
1806 1205 28 18 or

1256 1233 2 37 I
1298 1240 116 31 matting,
1428 1240 50 24 and
1486 1240 62 25 with
1566 1248 14 16 a
1592 1239 97 32 ground
1700 1240 45 23 not
1757 1238 29 25 fit
1807 1239 26 24 to

1298 1281 57 31 play
1378 1288 33 17 on
1420 1288 6 22 ;
1456 1287 55 18 now
1534 1288 36 17 we
1593 1280 64 24 have
1679 1287 33 17 an
1720 1301 2 2 .
1733 1278 100 32 asphalt

1298 1319 78 32 pitch,
1388 1327 55 17 new
1452 1319 109 32 matting
1573 1318 50 25 and
1634 1318 73 29 tools,
1728 1317 50 26 and
1798 1317 34 25 all

1297 1358 131 32 requisites
1451 1358 38 25 for
1510 1366 16 17 a
1548 1357 65 25 club.
1649 1357 45 24 All
1723 1356 51 25 this
1807 1355 28 26 of

1256 1400 2 26 !
1298 1406 94 22 course,
1411 1398 47 25 ha3
1469 1399 44 24 not
1526 1397 62 26 been
1601 1397 64 26 done
1687 1396 108 27 without
1818 1404 14 17 a

1298 1440 62 31 good
1370 1438 55 26 deal
1443 1439 27 25 of
1491 1446 114 25 expense,
1629 1438 50 25 and
1702 1437 43 26 the
1765 1445 66 17 com-

1297 1480 88 24 mittee
1401 1480 86 24 intend
1500 1481 26 23 at
1538 1487 33 17 an
1583 1478 68 32 early
1662 1478 57 25 date
1731 1479 26 24 to
1768 1478 64 25 have

1298 1529 14 16 a
1321 1520 43 31 big
1372 1520 194 24 entertainment
1574 1519 28 24 in
1611 1518 40 25 aid
1661 1518 26 25 of
1694 1518 43 25 the
1748 1517 83 26 funds.

1299 1560 52 25 The
1364 1560 74 24 deeds
1450 1560 27 24 of
1486 1568 45 16 our
1542 1558 206 33 representatives
1759 1558 27 25 in
1791 1557 43 26 the

1298 1598 156 25 Association
1466 1599 55 30 Cup
1533 1597 121 28 matches,
1667 1604 87 24 proves
1777 1596 56 25 that

1298 1637 59 31 they
1369 1635 51 26 still
1434 1635 71 25 knoAv
1517 1636 56 24 how
1585 1637 25 22 to
1621 1635 92 24 handle
1726 1634 43 25 the
1780 1634 51 24 wil-

1297 1677 47 24 low
1355 1677 50 23 and
1418 1676 99 24 trundle
1529 1676 42 23 the
1583 1675 103 29 leather,
1700 1674 50 24 and
1772 1675 60 24 next

1298 1723 58 23 year
1368 1715 13 24 I
1392 1715 64 31 hope
1468 1717 26 22 to
1512 1722 40 17 see
1575 1714 69 24 View
1668 1713 55 25 Hill,
1745 1712 87 33 taking

1299 1755 42 25 the
1352 1755 55 31 leap
1419 1755 27 23 in
1458 1755 43 24 the
1510 1755 92 24 cricket
1625 1753 59 25 field
1707 1754 73 31 again
1805 1762 28 16 as

1297 1795 27 23 in
1336 1793 43 25 the
1392 1793 59 32 days
1463 1793 27 26 of
1500 1793 49 25 old.

1552 1866 31 18 4ft

1298 1923 202 60 LOCAL
1500 1923 41 60 and
1559 1923 285 58 GENERAL.

1256 2000 2 9 I

1332 2042 133 25 Swimming
1482 2042 96 30 Baths,
1615 2042 45 25 We
1672 2042 63 25 have
1754 2041 78 25 heard

1296 2087 161 31 incidentally
1469 2087 56 24 that
1548 2087 44 24 the
1614 2086 111 24 Domain
1748 2084 84 26 Board

1296 2131 88 24 intend
1397 2132 24 23 to
1433 2129 58 26 take
1501 2130 55 25 into
1567 2129 144 26 favourable
1734 2129 86 26 consid

1296 2174 96 25 eration
1404 2173 42 25 the
1458 2173 96 32 subject
1565 2173 27 25 of
1601 2173 111 31 erecting
1722 2181 14 16 a
1748 2173 81 25 swim-

1296 2218 71 31 ming
1388 2217 63 25 bath
1472 2218 27 23 in
1522 2218 110 24 Pearson
1655 2215 75 26 Park.
1766 2216 65 25 Well

1296 2262 64 26 done
1380 2262 150 31 gentlemen,
1554 2269 36 17 we
1614 2260 65 26 shall
1701 2261 63 25 have
1787 2260 43 26 the

1296 2305 114 32 pleasure
1422 2305 27 25 of
1465 2305 123 31 thanking
1607 2312 49 24 you
1679 2305 37 25 for
1735 2312 16 17 a
1767 2304 65 32 good

1296 2349 90 32 paddle
1397 2357 28 17 as
1437 2349 56 25 well
1516 2357 27 17 as
1566 2356 15 17 a
1600 2349 83 31 pretty
1707 2347 125 33 Sunday's

1297 2392 77 26 wash.

1330 2446 56 25 The
1404 2446 178 30 Unemployed,
1618 2446 39 25 An
1669 2446 42 26 old
1721 2446 112 25 roadster

1297 2491 56 25 who
1365 2491 47 25 has
1426 2490 53 32 just
1487 2491 111 31 humped
1609 2491 41 25 his
1670 2490 74 25 drum
1767 2490 65 26 from

1298 2535 126 29 Dunedin,
1442 2543 29 17 or
1482 2543 28 17 as
1521 2535 32 24 he
1565 2534 62 26 calls
1639 2535 20 24 it
1671 2534 96 25 carried
1789 2534 43 25 the

1296 2579 70 29 mail,
1376 2579 104 25 informs
1493 2587 29 17 us
1534 2579 56 25 that
1602 2579 43 24 the
1668 2578 68 26 work
1758 2578 75 32 being

1298 2623 94 24 carried
1404 2631 40 21 on,
1458 2631 33 16 on
1503 2623 43 24 the
1559 2623 80 30 Otago
1651 2622 111 28 Central,
1785 2630 47 16 un-

1296 2666 43 24 der
1352 2666 42 25 the
1405 2666 165 32 co-operative
1581 2666 129 31 principle,
1729 2673 103 24 appears

1297 2710 26 25 to
1334 2709 56 32 give
1402 2709 154 26 satisfaction
1576 2711 26 24 to
1625 2709 43 25 the
1691 2710 141 31 employees

1298 2752 50 24 and
1359 2752 32 24 he
1402 2752 108 25 believes
1522 2753 56 24 that
1590 2752 43 25 the
1646 2752 66 25 work
1723 2752 22 24 is
1764 2752 69 31 quite

1298 2804 27 17 as
1338 2796 86 32 cheap,
1437 2797 49 24 and
1498 2797 68 32 quite
1578 2804 28 17 as
1618 2796 55 25 well
1693 2796 139 32 performed

1298 2849 27 16 as
1337 2840 20 25 it
1369 2848 50 17 was
1432 2840 78 25 under
1522 2840 43 25 the
1576 2840 42 25 old
1640 2840 58 25 boss
1720 2843 113 24 contract

1299 2886 101 30 system.
1435 2884 41 25 He
1511 2886 78 23 states
1623 2884 122 29 however,
1777 2885 56 24 that

1299 2929 66 23 most
1376 2928 28 24 of
1413 2927 43 25 the
1468 2928 157 24 Australians
1648 2928 129 31 employed
1800 2937 33 16 on

1299 2971 44 25 the
1355 2971 66 25 work
1432 2971 88 25 intend
1532 2973 26 23 to
1569 2973 94 23 return.
1699 2971 40 25 He
1762 2980 70 17 men-

1298 3015 67 24 tions
1385 3014 57 25 that
1464 3022 122 24 swaggers
1609 3015 27 24 of
1656 3015 34 24 all
1713 3024 58 22 ages
1792 3024 41 16 are

1298 3059 82 31 pretty
1392 3057 125 32 plentiful,
1530 3058 49 25 and
1592 3058 43 25 the
1647 3058 101 33 coming
1771 3058 61 25 win-

1298 3103 38 24 ter
1346 3101 23 25 is
1380 3100 74 33 likely
1466 3103 26 24 to
1514 3110 75 24 prove
1612 3111 14 17 a
1649 3102 63 26 hard
1732 3111 47 17 one
1809 3105 25 24 to

1300 3153 69 17 some
1380 3145 27 25 of
1425 3145 79 25 them.

1334 3199 117 25 Harvest
1497 3200 195 30 Thanksgiving,
1727 3201 110 26 Harvest

1303 3244 188 33 Thanksgiving
1499 3244 105 26 services
1613 3245 51 25 will
1673 3245 30 26 be
1715 3246 122 32 preached

1303 3288 27 24 in
1343 3288 42 24 the
1394 3288 32 24 U.
1437 3288 36 24 M.
1486 3289 22 23 F
1525 3289 101 25 Church
1649 3290 65 24 East
1737 3290 100 29 Oxford,

1303 3331 33 32 by
1348 3331 42 25 the
1411 3331 53 25 Eev
1487 3333 32 24 E.
1544 3333 58 31 May
1604 3341 53 20 son,
1680 3341 33 17 on
1735 3333 103 32 Sunday

1302 3375 130 24 afternoon
1449 3375 62 25 20th
1533 3376 60 29 inst,
1617 3377 130 25 afternoon
1771 3378 66 28 2.45,

1303 3418 106 32 evening
1423 3420 65 23 G.30.

1418 3544 71 25 THE
1508 3546 214 25 ESPLANADE.

1337 3639 32 26 In
1388 3640 91 26 Oxford
1495 3643 44 25 out
1557 3642 73 27 West
1647 3645 26 25 at
1690 3644 43 26 the
1751 3645 48 25 end
1816 3645 28 25 of

1403 3682 42 24 the
1458 3682 77 26 Town

1305 3718 59 26 Lies
1376 3727 15 17 a
1408 3729 74 22 green
1496 3722 61 32 strip
1576 3723 27 25 of
1612 3722 60 26 land
1691 3723 95 33 though
1799 3725 43 25 it's

1406 3758 90 31 gained
1508 3769 70 16 some
1597 3769 109 22 renown,

1339 3797 93 25 Theres
1444 3798 85 26 broom
1541 3801 49 23 and
1602 3801 82 25 theres
1701 3810 72 24 gorse
1797 3803 45 26 but

1404 3838 26 25 of
1439 3847 70 23 grass
1518 3842 45 23 not
1575 3849 15 16 a
1609 3841 82 30 blade,

1306 3877 56 24 And
1373 3877 32 26 its
1418 3879 102 25 marked
1543 3889 32 19 on
1599 3881 43 30 the
1665 3890 59 27 map
1748 3892 26 16 as
1799 3884 43 27 the

2022 173 153 32 Esplanade.

1957 214 53 24 The
2020 212 100 26 fashion
2139 213 36 25 all
2196 211 73 27 dwell
2292 219 34 19 on
2349 212 44 26 the
2414 212 48 26 Es-

2021 250 101 31 plande,

1955 291 38 24 Its
2005 298 15 16 a
2032 290 74 32 hikey
2117 290 71 32 place
2199 290 22 26 is
2239 290 43 26 the
2305 290 155 33 Esplanade.

1959 343 82 26 When
2063 344 35 26 its
2120 344 102 32 planted
2245 344 61 26 with
2330 347 66 24 trees
2425 344 38 26 for

2025 384 93 25 shelter
2127 384 50 25 and
2186 384 77 26 shade

1926 424 54 25 The
1992 425 129 25 Oxonians
2143 425 52 26 will
2217 424 65 26 flock
2303 427 26 25 to
2349 425 44 26 the
2416 425 47 27 Es-

2025 464 116 33 planade,

1960 503 31 24 In
2004 503 73 25 times
2089 503 60 32 long
2160 511 47 25 ago
2218 503 43 26 the
2273 504 118 33 drainage
2412 511 51 19 waa

2026 541 49 25 bad

1925 579 91 25 Which
2030 580 91 24 caused
2132 587 34 18 an
2188 581 73 25 event
2284 579 56 27 that
2362 579 99 27 seemed

2025 617 86 26 rather
2128 617 53 30 sad,

1960 657 56 25 And
2028 657 100 32 injured
2147 666 16 16 a
2185 658 71 32 party
2277 666 15 17 a
2312 657 98 26 saddler
2429 657 33 33 by

2025 695 78 29 trade,

1926 733 36 25 As
1974 733 32 25 he
2015 733 44 25 fell
2067 733 28 25 in
2106 742 16 17 a
2132 733 59 26 hole
2202 741 35 18 on
2247 733 45 27 the
2311 734 153 33 Esplanade,

1960 772 55 24 The
2026 771 72 25 Boad
2109 772 84 25 Board
2206 772 64 25 sunk
2281 773 72 26 holes
2364 781 34 17 on
2420 772 45 26 the

2025 811 153 32 Esplanade,

1960 850 36 26 To
2005 850 89 26 absorb
2103 851 43 25 the
2155 851 56 26 rain
2218 859 34 18 on
2260 851 45 27 the
2314 852 144 34 Esplanade

1960 905 54 25 The
2026 905 99 25 saddler
2141 906 85 25 talked
2247 907 50 26 law
2319 915 144 24 compensa-

2026 946 54 24 tion
2091 954 50 17 was
2164 946 82 31 made,

1926 983 57 26 And
2000 983 44 26 the
2057 984 71 25 holes
2141 992 63 18 were
2225 984 69 28 filled
2306 993 34 26 up
2362 992 35 20 on
2419 986 44 27 the

2026 1021 153 33 Esplanade,

1961 1059 50 26 For
2028 1068 78 24 many
2117 1068 72 23 years
2199 1062 58 31 past
2268 1061 21 28 it
2305 1070 16 17 a
2344 1062 121 27 nuisance

2026 1099 47 26 has
2086 1100 62 25 been

1927 1139 57 25 And
1995 1147 16 18 a
2033 1141 85 31 yearly
2126 1141 5 3 '
2138 1148 107 24 expense
2268 1141 28 26 in
2316 1141 107 33 keeping
2442 1142 22 27 it

2026 1184 80 26 clean.

1962 1222 54 26 The
2028 1223 99 33 shingle
2140 1231 27 18 so
2179 1224 67 26 close
2258 1224 55 28 that
2325 1233 50 25 you
2397 1227 68 25 can't

2026 1270 44 17 use
2082 1270 15 17 a
2109 1262 84 32 spade,

1960 1300 38 25 Its
2010 1308 15 17 a
2033 1299 113 26 brilliant
2158 1302 56 31 spot
2225 1301 38 26 for
2275 1309 33 18 an
2319 1302 144 33 Esplanade

1960 1337 40 26 Oh
2012 1339 6 24 !
2035 1338 35 26 its
2080 1339 79 32 grand
2178 1341 27 24 to
2226 1339 49 27 live
2298 1348 34 19 on
2355 1338 44 29 the
2416 1341 47 27 Es*

2025 1378 114 33 planade.

1960 1433 59 26 Just
2031 1433 43 26 the
2086 1434 69 33 place
2167 1435 39 26 for
2216 1444 16 17 a
2243 1436 97 27 ramble
2352 1436 43 27 the
2414 1436 47 27 Es*

2026 1473 115 31 planade,

1928 1510 40 25 On
1980 1518 15 18 a
2006 1511 142 32 moonlight
2159 1511 73 33 night
2244 1512 38 27 for
2292 1513 79 33 youth
2380 1520 29 19 or
2425 1513 38 26 for

2025 1549 69 25 maid

1960 1588 26 25 If
1996 1588 97 33 they've
2105 1591 42 30 got
2159 1590 63 31 good
2244 1590 70 26 thiek
2336 1591 81 29 boots,
2440 1591 23 26 is

2026 1628 44 25 the
2082 1628 151 33 Esplanade,

1927 1666 51 25 But
1990 1668 71 24 we're
2073 1666 35 26 all
2125 1674 34 18 on
2181 1666 43 26 the
2247 1668 61 25 road
2330 1670 27 24 to
2376 1668 87 33 happi-

2026 1711 59 18 ness
2097 1712 65 23 now,
2346 1712 12 14 *

1961 1742 107 33 Though
2079 1743 71 26 there
2162 1743 46 26 has
2220 1743 62 28 been
2306 1753 16 18 a
2342 1745 38 27 bit
2401 1745 28 26 of
2449 1753 16 18 a

2026 1784 88 26 Water
2126 1784 67 26 Race
2204 1792 59 22 row,

1927 1821 54 26 The
1993 1822 66 26 Bace
2073 1823 50 25 will
2143 1832 32 23 go
2186 1825 59 31 past
2256 1825 27 26 at
2294 1823 73 32 least,
2380 1832 28 19 so
2430 1824 34 27 tis

2026 1861 61 30 said,

1961 1899 53 25 The
2026 1899 61 32 edge
2098 1900 28 25 of
2144 1899 43 26 the
2207 1901 65 25 trees
2292 1908 34 19 on
2348 1901 44 26 the
2415 1901 47 26 Es-

2026 1939 115 32 planade.

1927 1976 54 27 The
2001 1978 68 26 trout
2091 1977 51 27 will
2160 1979 42 31 get
2225 1978 43 26 fits
2291 1986 33 19 on
2346 1978 44 28 the
2413 1978 49 27 Es-

2024 2016 115 31 planade,

1960 2056 56 25 And
2028 2056 138 26 Whitebait
2183 2056 66 27 we'll
2268 2057 73 27 catch
2363 2063 34 21 on
2419 2056 44 28 the

2026 2094 152 33 Esplanade,

1925 2133 53 26 But
1990 2133 42 26 the
2044 2135 69 24 taxes
2125 2134 52 26 will
2193 2134 64 26 alter
2276 2143 46 17 our
2334 2133 60 27 time
2412 2134 14 26 I
2436 2141 26 19 m

2025 2172 88 28 afraid,

1958 2212 107 32 Though
2076 2212 21 25 it
2108 2214 77 23 won't
2197 2212 61 26 hurt
2270 2213 43 26 the
2325 2213 81 26 swells
2428 2219 33 19 on

2023 2250 43 26 the
2089 2250 155 34 Esplanade.

2206 2294 68 25 Toby
2292 2295 136 24 Twilight.

2078 2399 95 25 MORE
2192 2398 118 26 LIGHT.

1928 2481 18 25 S
1963 2489 51 17 was
2026 2490 15 15 a
2055 2481 105 26 Scholar
2171 2481 50 25 and
2232 2482 45 25 not
2288 2489 59 24 very
2368 2479 94 33 bright,

1926 2525 23 24 E
1968 2532 33 18 an
2025 2525 89 26 Estate
2139 2525 50 26 and
2212 2525 43 26 the
2283 2525 68 33 price
2373 2526 89 25 wasn't

1994 2568 74 32 light.

1926 2612 22 24 A
1965 2620 52 18 was
2027 2620 34 18 an
2072 2613 49 25 Ass
2132 2613 57 25 who
2201 2612 73 33 brays
2285 2620 61 18 once
2358 2612 102 30 aweek,

1926 2655 23 25 R
1966 2663 51 18 was
2040 2655 111 26 Richard
2173 2655 79 26 did'nt
2274 2664 56 17 care
2353 2655 39 26 for
2420 2655 40 26 In3

1994 2700 86 25 cheek.

1927 2743 19 25 C
1965 2743 87 25 stands
2062 2744 38 24 for
2111 2743 102 31 cheeky,
2225 2742 110 26 likewise
2347 2743 117 25 Chevi-ot

1928 2786 26 25 H
1972 2786 21 25 is
2005 2786 38 25 for
2050 2786 68 26 Hills
2130 2786 105 26 without
2247 2794 50 25 any
2314 2789 48 23 rot.

1926 2831 24 24 L
1966 2831 38 24 for
2014 2831 124 32 Licurgus
2149 2839 15 16 a
2176 2839 58 24 very
2246 2831 64 32 good
2322 2831 90 29 Greek,

1926 2875 14 24 I
1958 2875 70 24 don't
2037 2875 72 24 think
2121 2875 25 25 S.
2157 2875 30 24 L.
2198 2875 40 25 his
2248 2875 69 32 lingo
2329 2884 46 16 can
2388 2876 75 31 speak

1928 2918 23 25 G
1969 2918 152 25 Gentleman
2132 2918 55 26 who
2199 2918 86 26 makes
2297 2928 14 16 a
2319 2920 55 26 .fine
2386 2927 73 21 mejs,

1927 2961 27 25 H
1970 2961 104 32 holding
2086 2970 33 24 up
2130 2962 92 25 honest
2233 2962 52 25 folk
2293 2965 26 22 to
2337 2964 127 30 contempt

1994 3006 27 23 in
2034 3005 42 24 the
2099 3006 82 27 Press,

1927 3048 21 25 T
1967 3048 95 32 though
2074 3048 76 25 Latin
2163 3048 49 25 and
2225 3048 98 26 French
2332 3048 33 26 he
2376 3050 88 31 quote3

1996 3093 60 24 with
2074 3092 95 33 agility,

1930 3137 17 25 S
1966 3145 69 16 some
2046 3136 51 25 folk
2109 3136 33 25 ha
2155 3137 55 24 ther
2233 3136 71 26 doots
2328 3137 73 25 aboot
2424 3136 41 25 hi3

1997 3179 95 33 ability.

1931 3234 63 26 Now
2007 3233 93 28 Search
2112 3235 44 25 out
2168 3233 43 27 the
2233 3233 78 33 lights
2333 3234 64 26 from
2423 3233 42 26 the

1999 3278 96 25 'crostic
2107 3279 14 23 I
2133 3278 68 29 send,

1931 3322 39 32 By
1982 3322 103 30 reading;
2095 3330 41 16 me
2147 3322 73 25 down
2237 3321 64 25 from
2330 3321 135 32 beginning

2000 3367 26 23 to
2046 3365 57 25 end.

2186 3430 33 18 .+,

1932 3486 391 27 WAJMAKARIEI-ASHLEY
2342 3486 121 24 WATER

2066 3525 131 24 SUPPLY
2209 3524 124 25 BOARD.

1967 3608 61 24 This
2042 3607 81 25 Board
2135 3607 59 24 held
2205 3614 15 17 a
2232 3606 109 31 meeting
2352 3605 27 24 at
2399 3604 66 24 Ran-

1934 3647 84 33 gioara
2030 3655 33 17 on
2086 3645 155 32 Wednesday
2253 3645 123 31 morning,
2389 3643 41 25 Mr
2441 3641 26 27 J.

1934 3686 23 24 I)
1960 3685 76 26 jb3on
2047 3685 26 24 in
2098 3685 42 24 the
2163 3684 78 24 chair.
2276 3683 52 25 The
2351 3682 116 25 business

1934 3723 64 26 done
2009 3732 50 17 was
2071 3723 27 25 of
2107 3731 15 17 a
2133 3721 119 27 financial
2263 3722 138 27 character,
2423 3719 45 25 the

1936 3762 129 32 Secretary
2075 3761 75 32 being
2173 3760 136 25 instructed
2333 3761 28 23 to
2381 3758 86 26 adver-

1934 3803 47 25 tise
1992 3802 38 25 for
2041 3801 43 26 the
2096 3801 56 25 loan
2173 3801 27 24 of
2221 3801 112 27 81,000
2354 3797 113 33 required

1934 3842 38 26 for
1985 3843 43 25 tho
2038 3840 129 32 irrigation
2180 3839 90 25 works.

1968 3885 41 25 Mr
2020 3885 35 23 M.
2080 3884 84 24 Dixon
2186 3885 84 25 wrote,
2295 3882 94 28 stating
2412 3881 56 26 that

573 48 170 33 OXFORD
786 51 91 32 AND
923 50 107 33 OUST
1076 47 227 34 OBSERVER
1348 48 239 38 SATURDAY,
1632 50 152 32 MARCH
1828 52 49 34 25,
1915 52 89 30 1893.
