2530 3960
44 151 42 24 fclio
100 152 77 24 water
198 153 88 31 supply
311 152 101 25 schenis
433 151 82 26 would
538 153 46 24 not

43 191 91 24 banefit
146 192 63 29 him,
223 192 50 24 and
285 192 91 31 asking
388 192 43 25 the
454 192 82 24 Board
557 193 26 24 to

43 234 100 28 exempt
151 232 54 23 him
226 232 80 23 under
331 232 100 25 Section
452 233 41 27 30,
520 231 62 25 Sub-

44 271 95 24 section
151 272 24 26 2,
188 271 28 24 of
231 271 44 24 the
298 272 87 24 Water
409 271 95 31 Supply
527 272 57 24 Act.

44 309 54 24 The
107 309 73 24 letter
191 317 52 16 was
255 309 102 24 ordered
369 311 26 22 to
418 309 31 24 be
472 309 113 25 acknow-

44 347 95 31 ledged.
176 347 52 23 The
241 347 137 26 Chairman
390 347 115 31 reported
529 347 56 25 that

45 386 32 24 he
102 385 49 25 -~ad
173 385 161 25 interviewed
356 386 41 24 Mr
421 386 105 29 Gorton,
559 386 26 25 of

45 424 68 24 View
125 423 63 29 Hill,
201 423 28 24 in
249 423 124 25 reference
396 425 27 23 to
446 424 43 24 the
508 424 76 26 .main

45 470 56 16 rauo
130 462 110 31 through
280 462 41 24 his
360 464 125 30 property.
529 462 55 24 The

47 503 84 24 Board
140 502 101 25 decided
265 504 26 23 to
313 502 58 25 take
395 502 44 24 the
465 502 58 24 'and
545 511 38 16 re-

47 542 87 31 quired
144 542 79 24 under
243 542 44 25 the
310 542 88 24 Public
419 542 90 25 Works
531 542 54 25 Act.

47 580 174 26 Instructions,
230 588 64 17 were
317 580 75 32 given
416 582 24 23 to
465 580 123 25 advertise

48 618 38 24 for
98 626 15 16 a
125 617 57 26 loan
195 618 28 24 of
229 619 112 27 £31,000
352 619 28 23 in
402 626 47 17 one
470 626 65 22 sum,
562 627 28 16 or

49 658 109 25 sums.of
168 659 121 27 £10,000,
301 658 101 25 tenders
414 660 26 22 to
453 660 65 23 state
535 660 41 23 rat

49 696 26 25 of
89 696 111 24 interest-
207 696 114 32 required
331 704 7 22 ;
356 696 44 25 the
424 697 119 24 amounts
563 697 27 24 to

49 736 31 24 ba
92 736 126 24 advanced
230 737 27 23 in
280 737 37 23 six
339 736 105 24 months
464 736 63 24 after
550 744 40 16 ac-

49 775 120 30 coptancj,
188 773 27 25 of
236 773 95 25 tender.
368 773 62 25 This
449 781 62 17 cone
525 773 65 25 uded

51 812 43 26 the
101 812 124 26 business.

149 889 2 1 ■
165 893 3 3 •
265 885 2 21 :
267 902 32 5 —
299 885 47 23 \a~
426 902 26 5 —

147 956 358 40 MISCELLANEOUS.

86 1051 20 23 A
119 1052 104 30 country
235 1050 48 32 boy
295 1050 128 25 described
434 1050 111 24 heathen
563 1057 28 16 as

52 1095 6 10 •
68 1090 65 25 folks
145 1090 68 25 what
225 1091 70 25 don't
304 1091 65 32 fight
381 1098 58 17 over
451 1089 122 32 religion.'

80 1144 26 24 •A
120 1143 96 26 Seattle
226 1152 70 21 man,
308 1143 65 26 tired
393 1143 27 25 of
440 1143 45 25 the
501 1143 89 28 ,ordin-

52 1190 42 22 ary
119 1183 59 23 slow
202 1182 103 24 method
329 1182 27 24 of
376 1182 118 31 catching
527 1181 59 30 fish,

36 1221 95 23 ■•throw
143 1228 16 16 a
169 1220 104 30 lighted-
278 1219 74 27 bomb
376 1219 54 25 into
453 1220 44 24 the
520 1220 71 31 place

52 1253 137 31 wheiv-the
201 1259 78 25 fishes
283 1267 71 19 -were
377 1259 49 25 last
449 1259 68 25 week
541 1259 51 25 and

54 1299 105 26 awaityd
181 1298 195 32 developments.
412 1298 36 25 To
471 1298 41 25 his
541 1298 49 25 dis-

54 1341 58 29 gust
124 1347 15 17 a
146 1339 108 25 'retriver
266 1339 47 32 dog
325 1339 32 24 he
380 1339 51 24 had
454 1339 61 25 with
538 1339 54 25 him

52 1377 105 32 jumped
169 1377 54 24 into
235 1377 43 24 the
289 1378 83 23 water-
378 1378 50 23 and
440 1377 96 31 seizing
548 1378 19 24 tl
578 1385 14 17 e

32 1432 3 8 ■
54 1416 125 31 explosive
191 1416 27 24 in
230 1416 40 24 his
282 1416 89 24 mouth
395 1416 73 24 made
488 1416 38 25 for
549 1417 44 24 the

56 1455 80 24 shoro.
172 1454 84 25 When
267 1454 33 25 he
312 1454 91 25 landed
416 1454 42 25 the
471 1463 60 16 man
554 1463 36 16 re-

54 1493 82 25 alized
159 1493 55 24 that
239 1493 39 24 his
301 1493 59 31 only
382 1493 80 31 safety
482 1501 51 18 was
566 1493 28 25 in

54 1533 83 32 flight,
146 1533 47 24 but
200 1541 61 17 even
270 1533 56 25 that
336 1540 56 24 very
405 1534 86 31 nearly
502 1533 93 32 proved

54 1573 81 26 futi'e,
149 1580 27 15 as
188 1572 44 23 the
245 1571 98 25 trained
364 1572 95 23 animal
484 1573 71 23 made
580 1581 14 16 a

54 1611 46 26 bee
112 1609 51 26 lin6
172 1613 27 23 to
210 1611 93 24 deliver
315 1630 4 4 ,
324 1611 43 24 the
391 1611 90 32 trophy
505 1614 26 23 at
553 1612 41 24 bis

31 1672 2 1 .
55 1653 116 21 master's
190 1648 57 26 feet*
284 1648 40 27 Ho
348 1650 82 24 would
452 1650 64 24 have
540 1658 54 16 suc-

56 1689 98 28 ceoiied,
166 1689 48 25 but
226 1689 43 24 the
280 1688 76 26 bomb
367 1690 44 30 got
423 1689 26 24 in
461 1689 33 25 its
507 1689 88 31 deally

57 1727 67 25 work
134 1727 54 32 just
200 1727 26 24 in
240 1727 68 28 time,
332 1727 49 25 and
405 1735 61 17 soon
488 1727 109 33 nothing

58 1766 45 25 but
124 1766 42 24 the
189 1767 91 23 vacant
304 1767 55 30 spot
381 1765 80 25 where
486 1766 41 25 the
548 1767 49 31 dog

30 1830 2 2 .
48 1804 71 28 ,used
131 1806 26 22 to
169 1804 29 24 be
208 1803 50 25 and
271 1803 42 25 the
326 1803 137 26 breathless
474 1812 60 17 man
547 1813 50 17 was

59 1842 45 25 left
116 1844 26 23 to
155 1842 44 25 tell
211 1842 43 25 the
266 1842 60 25 tafe.

46 1907 3 11 '■
92 1907 67 24 Here
180 1907 22 24 is
214 1914 15 17 a
248 1908 69 30 story
327 1907 28 24 of
364 1914 15 17 a
402 1907 76 24 miser
500 1907 33 32 by
553 1907 43 25 the

59 1946 160 25 Roumanian
231 1954 97 24 papers.
364 1947 22 23 A
399 1946 81 25 Greek
492 1947 56 24 died
569 1948 27 24 in

31 1985 12 16 7
58 1984 48 30 th'e,
130 1984 74 25 sniatl
218 1986 70 23 'town
320 1985 28 24 of
374 1984 103 26 Caracal
504 1985 95 33 having

58 2025 93 31 always
163 2025 64 24 lived
250 2034 34 15 on
296 2025 50 24 the-
351 2025 65 25 alms
433 2026 28 24 of
475 2026 40 25 his
530 2035 66 17 com-

38 2063 2 4 '
57 2063 117 32 pufci'iotsV
207 2063 89 25 Before
308 2063 77 32 dying
395 2063 45 25 .he
460 2065 74 24 made
556 2065 41 25 his

59 2102 56 24 wife
136 2110 77 16 swear
231 2102 56 24 that
305 2101 44 26 she
366 2102 83 25 would
465 2102 62 33 bury
545 2103 54 25 him

58 2140 28 24 in
101 2140 46 24 the
176 2140 65 31 dirty
258 2140 42 24 old
317 2142 116 23 overcoat
453 2141 83 25 which
566 2142 32 25 he

59 2188 65 16 wore
147 2188 72 23 every
243 2180 55 32 day.
335 2180 55 24 The
414 2188 63 24 poor
499 2190 98 17 woman

35 2223 9 13 r
51 2219 59 25 iiad
110 2227 5 10 ;
122 2220 25 24 tb
146 2218 12 13 r
160 2219 54 26 aslt.
225 2219 43 25 the
292 2218 94 26 Greeks
398 2220 26 24 oi
446 2220 104 26 Caracal
573 2223 25 24 to

58 2259 59 31 help
140 2258 45 26 her
208 2260 25 23 to
251 2259 101 32 provide
369 2260 43 24 the
430 2262 66 23 costs
513 2261 37 25 of-
556 2262 43 24 the

58 2297 107 25 funeral.
200 2297 23 24 A
246 2298 63 30 good
320 2297 104 25 hearted
439 2298 81 25 Greek
533 2302 65 22 went

60 2340 26 23 to
99 2347 40 16 see
151 2338 45 24 her
207 2338 28 24 in
246 2338 46 24 her
304 2337 129 32 affliction,
446 2339 57 29 and,
517 2340 80 31 point-

59 2379 44 32 ing
125 2381 26 23 to
169 2379 44 25 the
229 2378 67 33 body
313 2379 54 24 said
383 2379 33 25 he
444 2381 82 23 would
543 2382 56 31 give

58 2418 47 25 her
117 2427 15 16 a
142 2418 81 25 better
235 2420 56 23 coat
311 2420 26 23 to
348 2418 64 33 bury
425 2420 43 24 the
489 2428 61 17 man
562 2422 35 24 in.

59 2458 73 25 Then
144 2458 46 25 she
200 2458 53 25 told
264 2458 55 25 him
343 2458 26 25 of
379 2458 44 26 the
435 2460 63 24 dead
515 2463 84 23 man's

60 2496 71 30 wish.
169 2496 53 25 The
239 2496 89 29 Greek,
353 2497 84 25 whose
460 2499 139 31 suspicions

60 2542 64 17 were
130 2543 5 5 ■
141 2535 143 30 awakened,
315 2536 51 25 told
388 2536 53 25 .her
469 2537 57 25 that
554 2538 45 25 s'he

61 2575 91 25 should
175 2575 138 31 certainly,
315 2577 45 23 not
383 2578 56 29 part
462 2577 62 24 with
555 2578 44 25 the

61 2612 65 32 body
148 2612 83 26 before
249 2613 45 25 she
311 2614 57 24 well
397 2615 131 24 examined
557 2616 42 26 the

60 2655 64 27 coat,
136 2653 38 25 for
185 2653 71 25 there
266 2655 68 23 must
343 2653 30 25 be
386 2662 68 17 some
465 2656 134 30 particular

60 2698 88 18 reason
171 2691 40 25 for
230 2691 44 25 the
296 2693 108 30 request.
440 2693 54 24 The
512 2694 87 26 widow

61 2728 124 32 unpicked
202 2729 42 25 the
266 2729 82 32 lining
371 2730 27 25 of
418 2730 43 25 the
485 2735 114 24 overcoat

61 2767 50 24 and
122 2767 78 25 found
220 2768 81 31 thirty
320 2767 49 25 five
392 2768 126 26 thousand
529 2770 70 26 franc

59 2805 68 25 bank
138 2808 81 27 notes,
237 2806 82 25 which
344 2806 42 25 the
406 2808 76 24 miser
505 2809 94 27 wished

60 2845 27 23 to
99 2843 57 25 take
167 2844 54 25 into
233 2844 44 25 the
288 2852 85 24 grave.
380 2846 61 24 with
453 2846 61 25 him.

94 2908 54 25 The
173 2911 15 12 *'
200 2910 110 32 warning
333 2910 116 25 calendar
506 2912 27 25 of
561 2913 38 25 Dr

60 2948 71 25 Falb.
145 2949 43 24 the
200 2949 120 25 Austrian
333 2951 193 33 meteorologist,
546 2954 51 31 giv-

59 2987 46 30 ing
117 2987 42 24 the
171 2987 70 25 dates
253 2988 27 24 in
289 2984 64 29 1893
366 2996 32 18 on
412 2990 80 25 which
505 2993 92 24 storms

60 3027 165 32 earthquakes
238 3029 49 23 and
299 3029 72 24 other
383 3029 73 26 kinds
468 3031 28 24 of
511 3034 86 23 terres-

59 3067 60 25 trial
141 3068 51 24 and
223 3069 169 31 atmospheric
426 3070 172 27 disturbances

30 3132 2 5 ,
59 3115 60 23 may
131 3107 29 25 be
172 3108 124 34 expected,
308 3108 47 25 has
376 3109 54 31 just
454 3110 62 25 been
536 3112 61 32 pub-

59 3147 82 26 lished
153 3150 26 23 at
193 3148 108 25 Vienna.
337 3149 37 24 Dr
391 3150 87 25 Falb's
501 3152 94 32 predic-

59 3186 68 25 tions
158 3186 53 33 (the
231 3188 77 31 Daily
332 3189 143 26 Chronicles
505 3199 92 17 corres-

59 3227 112 31 pondent
194 3228 67 30 say?)
285 3228 63 23 have
371 3229 111 25 hitherto
510 3232 89 23 turned

59 3267 44 23 out
116 3265 133 33 strikingly
261 3262 102 33 correcV,
377 3267 49 24 and
449 3267 22 26 it
489 3278 58 23 may
571 3271 29 24 be

59 3306 158 28 interesting,
231 3306 130 29 therefore,
376 3309 25 23 to
413 3309 69 30 pl.ice
506 3316 45 19 on'
562 3319 37 16 re-

59 3344 58 25 cord
131 3344 43 25 the
191 3345 62 32 days
275 3354 33 15 on
332 3345 82 25 which
439 3347 31 24 he
493 3349 107 29 predicts
609 3370 4 5 .

59 3385 181 25 disturbances.
277 3386 81 24 Thesa
371 3386 31 24 ho
426 3387 95 26 divides
543 3389 55 24 into

59 3425 12 24 t
84 3432 46 16 tree
143 3425 102 33 classes^
257 3425 132 32 according
401 3429 25 21 to
431 3427 74 24 .-their
526 3436 72 23 grav-

58 3464 46 29 ity.
140 3463 54 25 The
206 3464 60 31 days
279 3464 26 25 of
327 3465 140 25 maximum
491 3467 106 25 disUvb-

59 3499 34 25 ari
103 3508 19 17 :e
132 3500 33 25 he
178 3502 108 30 predicts
298 3502 49 24 will
363 3502 28 25 be
402 3504 51 24 Feb
468 3506 39 27 10,
533 3505 62 24 Mar.

62 3539 39 26 18,
121 3537 69 32 April
205 3542 38 26 l(i,
258 3540 58 31 May
329 3541 40 27 15,
384 3540 62 32 Sopt
470 3544 40 26 10,
536 3544 61 30 Sept

61 3577 40 25 26,
116 3576 46 24 Oct
174 3578 31 23 25
216 3579 49 22 and
278 3578 55 24 Nov
353 3580 40 23 2:3.
431 3580 48 25 His
503 3581 96 31 predic-,

61 3613 66 25 tions
139 3614 38 24 for
195 3615 42 24 the
261 3617 66 30 days,
340 3617 27 24 of
376 3629 4 3 •
388 3620 80 28 m.jjor
490 3619 108 25 disturb-

61 3660 75 17 ances
159 3662 41 16 are
224 3655 49 24 Jan
298 3657 23 26 2;
340 3656 52 25 Feb
416 3659 23 26 J,
559 3652 4 7 8
574 3660 23 27 2,

63 3692 59 31 Apri
147 3695 22 26 1,
188 3693 68 25 June
270 3696 51 29 li,.
328 3696 60 31 July
413 3698 40 28 1:5,
478 3698 56 30 Aug
558 3689 39 38 li,

63 3731 56 32 Aug
131 3734 40 27 27,
192 3735 48 23 Oct
251 3736 15 23 9
279 3736 48 23 and
341 3736 52 24 Doc
411 3739 40 22 23.
489 3738 108 32 Finally,

62 3772 71 24 there
145 3772 59 28 will,
218 3773 31 25 ho
261 3774 117 29 declares,
393 3776 28 25 bo
446 3777 81 26 minor
552 3779 47 24 dis-

62 3809 121 25 turbance
195 3819 32 15 on
240 3812 48 24 Jau
306 3815 36 25 IS,
362 3814 57 31 Mny
435 3817 22 26 1,
477 3816 69 32 May.
560 3819 39 27 ;X),

62 3848 69 27 June
141 3849 42 28 29,
196 3849 59 32 July
268 3852 31 23 iS
312 3852 49 24 and
373 3852 52 25 Dec
445 3855 22 23 8.

690 151 133 40 NEWS
846 152 52 31 OF
922 154 87 30 THE
1032 154 159 33 WORLD.

651 285 1 6 ,
711 259 142 31 THEFT
867 261 87 29 AND
970 262 212 32 FORGERY.

1030 314 144 31 London.

718 362 42 30 At
787 364 53 29 the
870 365 71 29 trial
955 394 3 4 .
970 366 32 28 iu
1033 368 183 30 connection

679 403 74 29 with
786 405 51 28 the
866 405 172 33 .Liberator
1067 407 150 40 Building

679 443 123 42 Society
825 445 118 32 frauds.
973 446 141 40 Kentish,
1146 449 70 30 who

677 495 62 20 was
765 486 31 29 in
828 486 118 32 Hobbs'
969 489 124 40 employ
1128 500 34 21 as
1198 501 18 19 a

677 526 95 36 o'evk,
786 528 146 30 admitted
946 530 131 38 charges
1087 531 33 29 of
1134 531 83 30 theft

677 568 62 29 and
785 569 135 39 forgery,
958 571 62 28 and
1056 573 159 29 confessed

677 608 70 29 thafe
794 610 86 29 while
929 612 181 39 concealing
1162 613 54 29 the

676 649 109 29 fraud?
807 650 39 29 he
871 651 139 30 lectuivd
1044 653 30 29 in
1098 654 50 29 aid
1184 655 33 29 of

676 690 148 40 religious
839 692 152 31 missions.

677 747 28 30 A
734 749 260 31 DIAIOTjIC/L
1024 751 194 31 CONSIIR-

902 801 93 32 AC/.

970 858 77 32 New
1069 860 106 30 Yokk.

720 909 185 40 Explosives
948 922 80 20 were
1057 913 97 29 found
1187 914 33 29 in

635 965 2 9 >
680 949 53 31 the
747 951 90 30 holds
848 953 32 29 of
892 953 87 31 three
990 954 115 30 vessels
1116 954 102 32 which

680 991 79 31 have
781 993 123 31 arrived
929 994 31 29 in
995 995 52 29 the
1081 996 138 30 harbour

680 1033 115 40 during
810 1034 52 30 the
877 1035 61 30 last
953 1036 61 30 lew
1039 1037 88 40 days,
1157 1038 61 29 and

679 1073 83 31 their
778 1085 145 29 presence
948 1076 54 31 has
1018 1078 76 29 been
1110 1079 108 30 traced
1233 1112 5 7 %

680 1118 32 26 to
727 1126 19 18 a
752 1117 191 39 -conspira-cy
959 1128 114 30 among
1088 1118 52 31 the
1155 1129 61 20 sea-

681 1167 79 19 men.
794 1156 32 31 It
840 1158 25 29 is
880 1168 70 20 now
967 1160 167 39 suggested
1150 1161 70 30 that

680 1198 54 29 the
760 1199 130 39 missing
925 1203 133 28 steamer
1092 1201 128 31 Narolic

680 1248 64 21 was
760 1239 103 30 blown
876 1251 41 19 up
932 1244 33 26 at
979 1252 60 18 sea.

755 1300 171 26 IMPERIAL
943 1302 196 26 INSTITUTE.

715 1352 53 25 Tljg
780 1352 92 26 Indian
884 1353 172 26 Government
1068 1355 50 25 will
1131 1355 61 25 send
1204 1363 16 16 a

682 1396 98 32 cavalry
793 1399 80 22 escort
884 1399 26 23 to
931 1398 87 24 attend
1030 1399 44 24 the
1088 1399 85 29 Qneen
1194 1400 26 23 at

682 1439 44 25 the
738 1440 108 32 opting
857 1440 27 25 of
902 1441 42 25 the
955 1441 118 31 Imperial
1089 1443 129 25 Institute.

682 1482 22 25 A
733 1484 78 24 desire
829 1484 47 24 has
893 1484 61 25 been
974 1486 131 31 expressed
1133 1486 27 24 in
1178 1487 44 25 tbe

681 1526 101 33 highest
805 1529 101 30 quarter
934 1528 56 25 that
1006 1528 3 4 '
1020 1529 42 24 the
1091 1529 130 26 Victorian

683 1571 81 24 Horse
778 1571 116 33 Artillery
907 1573 49 24 and
968 1573 60 25 New
1042 1574 82 25 South
1138 1574 83 26 Wales

684 1614 104 32 Cavalry
817 1615 174 26 detachments
1008 1625 57 15 bow
1094 1625 32 16 on
1157 1617 65 25 their

683 1666 51 25 way
762 1660 26 23 to
806 1659 119 31 England
944 1662 24 22 to
987 1661 56 23 take
1059 1662 56 29 part
1132 1661 28 23 in
1178 1662 43 24 the

650 1726 3 2 .
684 1701 111 33 military
814 1703 160 25 tournament
995 1704 64 24 shall
1084 1704 53 25 also
1157 1705 64 24 form

685 1749 52 27 part
750 1745 28 25 of
787 1746 53 24 Her
853 1746 129 32 Majesty's
995 1748 89 24 escort.

702 1794 71 24 THE
786 1794 128 25 PARISH
928 1795 168 26 COUNCILS
1112 1797 93 24 BILL.

718 1849 53 24 The
784 1849 90 25 Parish
886 1849 116 26 Councils
1012 1851 50 24 Bill
1074 1851 147 25 introduced

684 1892 54 25 into
761 1893 43 25 the
821 1893 87 26 House
926 1894 26 25 of
968 1894 135 26 Commons
1132 1895 32 32 by
1182 1896 40 24 Mr

684 1935 98 26 Fowler
802 1936 47 25 has
867 1937 62 24 been
957 1939 56 23 well
1040 1939 119 25 received.
1195 1940 27 24 It

675 1978 96 26 .allows
794 1980 158 33 compulsory
968 1981 122 31 purchase
1102 1982 27 25 of
1149 1982 73 26 allot-

684 2025 83 24 ments
802 2023 50 26 and
889 2025 153 28 reorganises
1077 2026 44 25 the
1154 2027 69 25 rural

684 2067 99 26 Unions
795 2075 28 18 as
834 2067 106 26 District
952 2068 125 27 Councils.

744 2119 71 23 THE
835 2118 134 25 GAMBIA
986 2120 178 26 INCIDENT.

719 2172 73 25 News
810 2172 46 25 has
886 2172 61 25 been
965 2175 110 24 received
1093 2175 56 25 that
1177 2176 44 26 th)

685 2215 199 27 Administrator
891 2216 26 26 of
924 2217 115 31 Gambia,
1050 2218 71 26 West
1131 2219 90 30 Africa,

684 2260 99 24 hoisted
811 2268 14 16 a
854 2260 51 32 flag
932 2262 27 24 in
984 2262 135 33 Pacnongo
1148 2266 73 28 town,

684 2303 82 26 which
794 2304 22 24 is
834 2304 108 25 situated
959 2305 87 25 within
1066 2307 42 24 the
1126 2307 96 26 British

686 2347 95 32 sphere,
795 2348 50 24 and
856 2348 56 25 that
924 2349 42 24 the
982 2349 99 26 French
1094 2350 128 28 Governor

684 2391 93 25 hauled
789 2392 43 24 the
843 2391 51 32 flag
906 2392 80 25 down.

752 2441 71 24 THE
842 2442 143 25 FRENCH
1002 2444 37 24 IN
1058 2444 91 26 SIAM.

720 2496 53 25 The
785 2496 68 32 King
865 2496 26 25 of
914 2496 69 26 Siam
995 2498 46 26 has
1063 2499 105 31 rejected
1180 2501 43 25 the

686 2534 99 25 French
801 2535 120 25 demands
941 2535 38 26 for
990 2536 44 25 the
1056 2537 166 27 delimitation

686 2574 28 24 of
733 2574 43 25 the
799 2575 130 32 boundary
948 2570 76 38 along
1048 2577 42 26 the
1114 2579 109 33 Mekong

686 2613 72 24 river.

752 2663 71 25 THE
842 2663 201 28 TICHBORNE
1061 2667 94 26 CASE.

721 2717 23 22 It
756 2717 22 23 is
790 2717 82 23 stated
893 2717 54 24 that
960 2726 15 16 a
997 2718 98 25 further
1117 2722 107 30 attempt

685 2753 52 25 will
750 2754 30 24 be
801 2754 84 25 made-
894 2756 26 23 to
931 2763 64 23 open
1018 2757 43 24 the
1085 2758 139 26 Tichborne

686 2799 64 18 cue.
785 2792 105 33 Eugene
910 2793 134 33 Flannery,
1068 2796 110 33 residing
1198 2799 26 23 at

686 2832 175 31 Wangaratta,
873 2833 70 25 seeks
956 2836 25 25 to
992 2843 75 22 prove
1075 2836 56 24 that
1143 2837 82 32 Roger

687 2870 18 16 T
707 2870 126 29 ichborne,
846 2871 43 24 the
901 2871 52 24 real
966 2872 54 25 hrir
1031 2875 26 23 to
1070 2874 44 24 the
1124 2876 99 29 estates,

687 2910 56 25 died
754 2911 27 24 in
794 2911 113 32 Geelong
917 2912 27 24 in
964 2914 63 24 185:)
1040 2923 27 15 or
1080 2916 73 28 185-t,
1175 2917 50 24 and

670 2957 4 4 ■
686 2957 51 17 was
749 2950 85 24 buried
858 2958 28 16 as
909 2958 15 16 a
946 2959 102 24 pauper.
1084 2953 53 25 The
1149 2954 76 33 dying

686 2995 59 16 man
781 2987 75 25 asked
901 2988 134 32 Flannory,
1072 2990 56 25 who
1173 3001 50 16 was

687 3025 131 31 Secretary
841 3027 26 23 to
891 3026 42 25 the
963 3026 113 27 Catholic
1105 3029 120 33 Friendly

687 3065 107 32 Society,
809 3067 25 23 to
847 3065 72 25 make
933 3066 38 25 his
985 3067 47 24 will
1047 3068 49 24 and
1108 3077 60 22 gave
1182 3070 42 25 the

685 3112 76 18 name
773 3105 26 25 of
820 3106 81 31 Ro^er
914 3106 147 26 Tiehborue.
1098 3109 126 33 Flannery

686 3152 57 23 s>.ys
773 3145 55 26 that
844 3161 3 3 •
865 3145 32 25 he
925 3147 98 24 refused
1060 3147 104 27 because
1192 3150 33 25 he

686 3183 108 32 thought
807 3184 42 24 the
862 3192 60 16 man
934 3192 51 16 was
995 3185 94 32 raving.

758 3246 2 3 .
799 3229 140 24 WILFUL
956 3231 158 24 MURDER.

719 3279 33 24 At
781 3288 32 16 an
832 3279 104 32 inquust
954 3288 29 16 on
1014 3280 41 25 the
1075 3281 63 31 body
1156 3283 28 24 of
1209 3292 16 16 a

685 3324 67 23 youn
752 3321 17 15 >
781 3318 108 24 married
901 3326 96 16 woman
1008 3319 90 25 named
1109 3320 114 31 Man!o-,

686 3355 116 25 drowned
814 3356 25 23 in
858 3355 82 25 Albert
954 3356 63 24 Park
1031 3358 109 31 recently
1153 3359 81 26 while-

687 3394 102 30 boating
802 3394 58 23 with
874 3394 45 23 her
931 3394 124 29 husband,
1068 3404 14 16 a
1095 3397 93 25 verdict
1201 3398 27 25 of

686 3433 30 24 wi
727 3433 36 24 ful
786 3433 101 24 murder
911 3441 50 16 \va:>
984 3436 119 24 returned
1127 3438 98 30 against

686 3471 43 25 the
747 3471 123 25 husband.
906 3472 53 25 The
983 3474 87 30 couple
1093 3474 49 25 had
1166 3476 59 33 only

686 3509 62 24 b^en
761 3510 106 23 married
881 3518 14 15 a
917 3511 97 23 month.
1051 3512 52 24 The
1126 3513 97 25 deceae-

686 3547 52 24 el'a
749 3549 102 29 parents
863 3547 49 24 had
926 3547 111 32 objeetel
1051 3551 24 23 to
1084 3551 42 24 the
1139 3553 84 24 match

685 3585 49 23 and
755 3586 59 30 only
837 3594 60 21 go.ve
924 3585 64 25 their
1011 3590 106 22 consent
1145 3598 32 15 on
1209 3599 15 16 a

686 3624 148 25 threatened
861 3625 148 32 elopement.
1049 3628 91 26 Where
1181 3631 43 26 the

684 3672 99 16 woman
795 3673 49 16 was
857 3665 115 26 drowned
987 3667 70 25 there
1079 3677 64 18 were
1164 3671 59 32 only

670 3704 84 24 •th:eo
779 3705 48 24 feet
851 3705 27 25 of
898 3707 83 27 water,
1007 3708 48 24 anl
1084 3709 51 24 this
1164 3704 85 36 fact,*-'

684 3750 12 16 c
707 3743 82 30 mpled
803 3744 57 23 with
874 3744 201 36 the^snowledge
1099 3747 56 26 that
1178 3749 44 25 the

683 3780 116 25 husband
814 3781 47 24 had
876 3781 72 25 taken
963 3785 43 23 out
1019 3792 15 16 a
1054 3784 66 32 joint

683 3828 61 16 nnoo
754 3820 79 32 policy
847 3821 27 24 of
883 3822 78 30 £700,
983 3823 40 25 led
1048 3826 24 23 to
1097 3827 125 32 suspicion

680 3859 75 32 boinj
767 3863 54 23 cast
834 3869 31 17 on
889 3862 63 26 him.

502 31 173 34 OXFORD
717 34 89 32 AND
852 36 107 32 OUST
1004 38 232 36 OBSERVER
1302 43 236 39 SATURDAY,
1583 48 151 34 MARCH
1778 53 50 42 25,
1874 53 91 33 1893.

1935 3672 105 26 Pointed
2064 3677 50 24 ml
2153 3679 139 27 Published
2304 3683 32 32 Ly
2363 3685 115 24 Richarjj

1970 3726 109 28 llolman
2100 3730 103 33 Parish,
2227 3736 28 24 at
2273 3735 41 26 bis
2333 3737 144 33 Registered

1969 3780 116 37 PrihtiDg
2098 3784 85 33 Office,
2206 3788 69 32 Hi^i
2302 3791 90 28 Street.
2417 3793 61 26 East

1969 3835 91 26 Oxford
2064 3858 5 5 .
2082 3838 153 28 Oanteburrv

2003 3890 136 31 Saturday,
2150 3893 91 26 March
2265 3897 32 24 25
2325 3899 74 25 1898.

2022 167 55 46 F.
2100 169 56 45 B.
2190 170 198 47 LANE.

1949 238 13 30 '*
2046 251 91 39 (Late
2153 253 36 31 E.
2207 253 163 42 Butcher.)

1949 308 256 40 Watchmaker,
2218 312 187 38 Jeweller,
2422 313 45 31 &c

1938 366 123 31 Importer
2089 369 28 24 of
2154 369 107 26 Musical
2300 370 176 31 Instruments,

1938 405 110 27 Victoria
2067 407 38 30 St,
2124 408 135 32 Eangiora.
2297 431 5 3 .

1938 504 15 27 fc
1957 506 117 32 peciality
2083 516 40 17 :—
2124 508 28 25 in
2160 510 109 31 superior
2280 510 111 33 English
2398 511 80 26 Lever

1937 544 119 27 Watches
2067 546 28 25 in
2107 549 71 23 extra
2189 550 87 30 strong
2286 557 69 17 cases
2365 550 74 25 made
2450 551 27 24 to

1937 590 42 24 my
1991 583 71 25 order
2074 586 26 23 to
2113 585 51 26 suit
2182 585 43 26 the
2247 587 183 31 requirements
2453 589 27 24 of

1936 620 52 25 this
2006 621 103 26 district.

1970 678 29 25 F.
2012 678 31 25 B.
2055 680 71 25 Lane
2139 681 70 25 visits
2232 682 94 24 Oxford
2349 682 126 33 monthly,

1938 718 98 32 staying
2043 720 26 24 at
2081 719 137 27 Mitchell's
2233 721 127 33 Boarding
2380 719 96 29 House.

1936 757 43 25 All
1990 759 94 30 repairs
2096 768 40 15 are
2148 760 64 26 done
2222 762 76 24 under
2309 771 44 22 my
2361 762 114 31 personal

1937 797 163 31 supervision,
2125 800 46 23 and
2196 800 14 23 I
2233 805 135 27 guarantee
2403 801 73 25 satis-

1934 837 102 26 faction.
2071 838 47 25 All
2128 838 103 32 jobbing
2239 840 45 25 left
2302 844 27 21 at
2352 840 127 26 Weeber's

1937 875 86 31 Fancy
2034 876 156 33 Eepository,
2213 878 65 25 East
2300 879 102 29 Oxford,
2424 879 52 26 will
2495 902 2 4 .

1936 917 94 24 receive
2041 925 43 24 my
2098 917 54 26 best
2164 918 125 25 attention
2307 919 51 24 and
2376 927 100 18 reason-

1937 955 55 26 able
2004 959 74 23 rates.

1970 1013 120 26 Caution.
2126 1015 39 25 No
2177 1016 148 26 connection
2344 1016 62 26 with
2428 1026 48 25 any

1937 1054 73 26 other
2029 1055 62 32 shop,
2104 1055 29 25 of
2142 1056 96 24 similar
2250 1056 109 26 address.

1935 1855 52 33 All
2006 1858 99 33 Wovk
2113 1861 80 32 done
2208 1873 38 21 on
2260 1864 51 31 the
2323 1864 153 34 Premises

2059 1907 62 30 and
2144 1911 205 37 guaranteed.

2109 2037 136 28 NOTICE.

1938 2077 14 26 I
1961 2079 59 24 wish
2031 2081 25 23 to
2069 2080 87 26 inform
2167 2090 41 25 my
2220 2082 92 28 Oxford
2323 2084 89 28 friends
2429 2088 47 26 and

1940 2117 42 25 the
1999 2119 95 30 general
2114 2119 86 27 Public
2217 2122 54 25 that
2290 2131 40 24 my
2353 2124 125 33 Eangiora

1942 2155 106 26 business
2060 2157 42 25 has
2108 2157 126 28 increased
2247 2164 25 22 to
2283 2159 59 28 sucli
2350 2164 35 24 'an
2396 2168 83 22 extent

1940 2195 53 25 that
2004 2196 14 24 I
2025 2197 60 24 shall
2097 2199 28 24 be
2137 2200 87 25 unable
2232 2203 26 22 to
2267 2202 56 25 visit
2333 2203 92 26 Oxford
2434 2213 45 17 un-

1938 2234 39 24 till
1987 2234 93 26 further
2090 2237 85 26 notice.
2243 2239 39 26 All
2305 2242 67 25 work
2383 2245 53 23 sent
2448 2244 30 32 by

1939 2274 112 26 Griffiths
2063 2276 68 31 Bro.,
2144 2277 111 32 Carriers,
2267 2281 48 24 will
2324 2282 88 26 receive
2423 2292 53 24 pro-

1937 2317 55 30 mpt
1999 2317 127 25 attention.
2139 2318 22 25 A
2170 2318 66 33 large
2246 2320 75 26 Stock
2330 2322 24 25 of
2363 2322 114 28 Watches

1936 2354 48 24 and
2002 2354 124 34 Jewellery
2138 2364 32 18 ou
2181 2357 73 27 hand.
2290 2359 128 28 Traveller
2439 2363 39 26 for

1935 2393 83 27 North
2030 2394 157 36 Canterbury
2198 2398 99 27 district
2309 2401 41 24 Mr
2358 2402 27 24 J.
2398 2403 78 26 Gent.

2086 2441 69 26 GUS
2173 2442 117 32 JONES,
2309 2444 132 34 Eangiora.

1936 2579 268 49 MISSINaWORD
2227 2585 248 25 COMPETITION.

2096 2609 40 21 See
2147 2630 4 3 .
2164 2610 193 28 '{OBSERVER."

1934 2643 95 26 NEXT
2048 2645 107 27 WEEK
2167 2649 6 23 !
2219 2648 97 28 NEXT
2333 2651 105 28 WEEK
2450 2655 5 24 1
2467 2655 6 24 1

1937 2852 221 25 OXFOBD
2205 2858 241 26 SJLK:EI&-y*

2042 2898 215 33 Established
2282 2905 88 30 1862.

1937 2951 124 33 FLOUE,
2074 2954 56 27 best
2140 2956 82 27 brand
2232 2959 61 33 only
2304 2960 68 34 kept.

1938 2994 143 33 SHAEPS,
2117 2996 206 37 OATMEAL,
2359 3006 109 26 BEAN

2029 3041 294 36 CHICKESPWHEAT,
2342 3050 42 25 &o.

1934 3081 45 28 AOJ
1996 3083 149 29 I/OWEvST
2164 3086 166 32 GUBEEOT
2345 3093 131 31 JRATO?.

1947 3229 3 2 •
2057 3215 302 52 WANTED..

1940 3347 176 59 WANTED
2135 3353 39 24 the
2186 3355 117 26 residents
2320 3357 26 24 of
2366 3358 39 25 the
2428 3359 49 25 Ox-
2495 3351 4 12 J

2030 3382 51 26 ford
2095 3384 95 27 district
2202 3390 25 22 to
2236 3389 70 25 know
2319 3392 53 24 that
2389 3390 30 27 A.
2443 3392 33 25 D.

1938 3424 106 31 Haesall,
2054 3427 67 30 Gust,
2135 3430 42 23 has
2187 3432 133 30 purchased
2334 3435 75 32 heavy
2419 3436 57 25 lines

1937 3464 25 24 of
1983 3464 89 28 Binder
2095 3468 81 26 Twine
2198 3472 47 24 and
2281 3473 112 27 Machine
2427 3476 50 26 Oils
2493 3489 6 14 o

1936 3503 79 25 which
2026 3505 29 25 he
2074 3507 20 24 is
2114 3510 111 29 prepared
2248 3514 26 22 to
2298 3513 42 24 sell
2364 3516 26 23 at
2413 3518 65 22 town

1936 3542 84 31 prices.

1490 159 185 37 NEW

1315 201 269 80 SPRIW
1590 205 261 82 SUMMER

1477 293 207 34 DBA.PEKY.

1359 385 58 44 R
1451 386 64 44 H.
1548 388 258 49 PARISH

1312 456 86 57 HAS
1433 456 79 25 NOW
1548 458 142 26 OPENED
1726 461 45 24 UP
1800 463 50 24 and

1389 491 76 31 ready
1482 491 39 24 for
1539 492 148 32 inspection,
1715 494 41 25 his
1781 495 70 25 First

1489 524 134 32 Shipment
1641 527 28 24 of

1308 565 320 28 FASHIONABLE
1647 571 201 26 DRAPERY

1479 621 113 27 GOODS
1621 624 69 25 FOR

1366 664 71 24 THE
1466 665 161 26 PRESENT
1658 668 144 35 SEASON.

1325 717 129 26 Imported
1489 720 96 26 Direct
1620 722 74 26 From
1727 724 106 24 London

1800 754 4 18 I

1407 781 33 16 ex
1458 781 34 17 s.s
1536 775 183 26 RIMUTAKA

1575 842 11 16 ♦
1586 848 37 4 —
1623 849 41 4 —
1670 852 2 1 -
1686 855 1 2 .

1345 878 54 25 The
1416 881 153 25 assortment
1585 882 23 24 is
1625 891 59 24 very
1706 882 77 32 large,
1802 884 51 25 and

1311 913 136 30 comprises
1465 914 34 25 all
1517 914 43 25 the
1585 915 100 26 Newest
1717 917 80 26 ioods
1814 919 39 24 for

1310 957 45 27 tbe
1374 957 102 27 Season.

1356 1043 76 26 Cases
1449 1045 52 24 and
1518 1046 75 25 .Bales
1612 1048 154 32 containing:
1768 1063 34 5 —

1317 1092 125 27 Domestic
1459 1094 104 26 Printed
1581 1096 106 27 Cottons
1700 1107 5 22 ;
1726 1098 127 33 Shirtings

1346 1137 71 32 Navy
1430 1137 54 25 Red
1492 1139 49 24 and
1553 1140 91 32 Indigo
1655 1141 95 30 Prints;
1764 1143 89 31 Greys,

1345 1179 104 26 Printed
1462 1181 182 28 Flannellettes
1652 1192 5 22 ;
1675 1185 93 25 Woven
1780 1186 73 24 Dim-

1346 1224 27 30 ty
1386 1223 121 26 Cottons:
1538 1226 105 25 Printed
1666 1227 72 30 ditto,
1761 1229 92 25 Chintz

1344 1261 105 25 Printed
1465 1263 104 25 Cottons
1580 1272 5 21 ;
1606 1265 79 31 Crape
1697 1266 138 27 Cretonnes
1846 1275 7 23 ;

1346 1304 73 25 Twill
1432 1305 147 32 Cretonnes,
1601 1308 114 30 Sateens,
1888 1303 2 29 !

1380 1359 76 25 Cases
1468 1360 50 25 and
1529 1360 75 26 Bales
1617 1363 147 33 containing
1774 1373 6 16 :
1783 1380 32 3 —

1315 1413 92 26 Cotton
1425 1415 90 32 Honey
1534 1416 80 26 Comb
1641 1419 105 30 Towels,
1774 1421 80 25 Table

1349 1458 121 32 Napkins,
1490 1460 91 32 Rough
1600 1461 93 26 Brown
1710 1463 126 26 Hollands
1847 1473 6 21 ;

1350 1502 89 25 Cream
1452 1503 133 30 Hollands,
1599 1505 78 25 Black
1686 1507 50 24 and
1748 1507 106 26 Colored

1349 1545 100 26 French
1466 1546 133 31 Mcrihoes,
1635 1549 77 26 Dress
1736 1550 117 31 Muslins,

1347 1584 100 25 Ladies'
1461 1586 50 24 and
1520 1586 97 25 Gents.'
1630 1588 83 25 Linen
1722 1589 131 25 Handker-

1349 1627 86 29 chiefs,
1470 1628 128 26 Nainsook
1627 1630 123 31 Muslins;
1788 1633 66 24 Mull

1350 1665 117 31 Muslins,
1498 1667 86 31 Fancy
1597 1668 125 32 Skirtings
1731 1680 7 18 ;
1769 1671 86 25 Teibet

1352 1702 134 32 Skirtings,
1505 1704 92 25 Nunns
1613 1705 124 33 Veilings-

1370 1741 75 26 Cases
1463 1743 50 25 and
1532 1743 75 26 Bales
1625 1745 160 34 Containing:
1788 1763 33 4 —

1315 1805 102 25 Printed
1436 1807 132 31 Moleskin,
1588 1808 69 26 Drab
1676 1809 91 26 Cotton
1781 1811 72 30 Cord,

1348 1844 80 25 Black
1459 1846 112 29 Sateens,
1602 1848 108 31 Silesias,
1741 1849 113 33 Finlay's

1329 1892 2 8 1
1349 1887 73 26 Twill
1444 1888 141 33 Sheetings,
1611 1890 111 27 Circular
1750 1893 105 26 Twilled

1348 1931 87 25 Pillow
1453 1932 100 29 Cotton,
1572 1934 77 25 Dress
1661 1935 119 32 Zephers,
1793 1938 62 24 Gal-

1348 1970 57 24 atea
1418 1969 104 30 Checks;
1537 1971 106 26 Galatea
1654 1973 105 33 Stripes;
1767 1975 87 33 Fancy
1888 1967 2 16 !

1348 2007 103 25 Cunard
1481 2008 104 33 Stripes,
1623 2010 104 26 Colored
1756 2012 98 27 Canvas

1349 2047 84 30 Cloth,
1444 2048 99 33 Turkey
1556 2049 72 25 Twill
1637 2051 216 31 CottonjWonien'

1348 2086 92 24 Cotton
1458 2087 76 30 Hose,
1562 2088 82 26 Men's
1658 2089 126 27 Shetland
1794 2091 59 26 Cot-

1347 2126 45 23 ton
1405 2125 84 25 Shirts
1501 2126 51 24 and
1563 2127 88 25 Pants.
1888 2143 2 12 ,

1376 2164 75 26 Cases
1465 2166 50 24 and
1527 2166 75 26 Bales
1621 2169 155 33 containing:
1781 2185 31 4 —

1315 2227 135 26 Unionand
1462 2229 81 25 Linen
1557 2230 81 31 Ticks,
1661 2231 85 32 Apron
1759 2233 94 32 Check,

1347 2272 64 24 Fine
1431 2273 72 24 Twill
1527 2274 66 31 Grey
1614 2275 82 25 Calico
1711 2277 142 33 Sheetings,
1888 2282 2 14 '

1348 2310 132 25 Imitation
1505 2311 85 25 Welsh
1622 2313 116 28 Flannel.
1770 2316 84 26 White
1888 2306 2 31 i

1347 2348 91 30 Quilts,
1457 2349 113 27 Harness
1588 2350 98 32 Covers,
1700 2353 57 26 Rail
1771 2354 82 33 Stripe

1347 2392 100 30 Cotton,
1467 2394 85 32 Hemp
1570 2395 131 34 Mattings.

1372 2432 75 26 Cases
1456 2434 50 24 and
1515 2434 77 26 Bales
1601 2437 159 33 containing:
1762 2453 33 5 —

1313 2502 80 26 Black
1404 2503 50 26 and
1468 2504 106 26 Colored
1588 2506 54 25 Silk
1658 2508 99 30 Gloves,
1778 2510 76 26 Swiss

1346 2542 113 33 Edgings
1466 2552 6 22 ;
1485 2544 148 32 Insertions,
1646 2547 66 26 Lace
1725 2549 127 33 Curtains,

1348 2581 153 31 Umbrellas,
1510 2583 109 31 Corsets,
1630 2586 80 26 Mens*
1722 2587 58 26 Felt
1788 2589 67 26 Hats

1347 2622 168 31 Floorcloths,
1529 2625 115 25 Harvard
1655 2627 122 33 Shirting,
1792 2629 62 26 Stri-

1346 2661 49 30 ped
1424 2661 143 27 Grandrille
1596 2664 121 33 Shirting,
1754 2667 101 33 Striped
1888 2667 2 26 !

1347 2700 109 32 Regatta
1467 2702 124 33 Shirting,
1601 2704 119 31 Flowers,
1731 2707 123 27 Feathers
1888 2702 2 42 |

1348 2738 129 26 Trimmed
1502 2741 51 23 and
1577 2742 163 27 Untrimmed
1777 2746 76 30 Hats,
1888 2744 2 29 !

1348 2778 101 26 Newest
1460 2780 96 32 Shapes
1565 2789 5 21 ;
1590 2782 43 25 the
1654 2783 94 32 largest
1778 2786 76 25 Stock

1347 2817 27 26 of
1385 2817 54 27 Silk
1449 2818 113 28 Ribbons
1569 2820 28 25 in
1606 2820 81 28 North
1698 2823 156 36 Canterbury

1375 2880 172 32 FRENCH
1563 2883 225 34 DELAINES.

1300 2952 6 7 .
1319 2938 46 20 TN
1389 2938 68 20 NEW
1481 2940 58 20 AND
1564 2941 108 22 OnOICE
1686 2944 167 24 .PATTERNS.

1319 2962 20 27 1
1373 2965 46 20 The
1428 2966 101 22 Prettiest
1548 2968 45 21 and
1600 2970 106 26 Cheapest
1726 2972 99 23 Summer

1477 3001 67 21 D.e.-s
1555 3002 136 23 Obtainable.

1320 3036 47 21 \Lr,
1383 3038 83 20 WOOL
1495 3039 55 27 10/0,
1576 3038 62 29 12/0/
1657 3043 48 26 17/0
1733 3044 94 23 DRESS

1313 3069 111 22 00T1.MN
1492 3072 56 28 5/11,
1574 3074 42 27 0/0,
1653 3076 40 27 7/3,
1733 3079 92 23 DBESS
1849 3072 9 7 '

1400 3140 132 70 1,000

1347 3213 113 26 FANCY
1473 3215 114 28 DRESS
1607 3218 213 35 MATERIALS,

1382 3257 51 33 7/9,
1454 3259 68 33 11/ii,
1541 3260 54 26 The
1619 3262 58 27 F...U1
1701 3264 85 33 Dress,

1390 3344 214 37 STERLTNG
1620 3352 154 34 VALUE;

1315 3417 76 26 Great
1420 3422 123 28 purchase
1570 3424 87 27 FAST
1689 3428 164 29 WASHING

1330 3455 134 33 PRINTS,
1483 3462 26 23 at
1527 3461 146 29 Melbourne
1692 3469 53 24 cost
1762 3469 75 31 price.

1486 3521 21 23 A
1527 3521 135 35 Speciality

1314 3558 105 28 MEN'S
1435 3561 97 28 SUITS
1549 3566 74 25 made
1642 3569 25 23 to
1687 3568 167 30 MEASURE

1349 3603 63 24 Over
1421 3606 47 24 100
1482 3607 116 27 Patterns
1611 3611 26 23 of
1647 3611 106 33 Kaiapoi
1766 3615 89 27 Tweed

1348 3652 26 25 to
1393 3651 96 27 Cboo.se
1508 3655 73 26 from,

1266 3734 7 24 J
1315 3732 67 26 ALL
1401 3734 115 28 GOODS
1545 3739 88 26 SOLD
1662 3743 26 24 at
1712 3744 144 29 Wholesale
1888 3747 2 26 I

1522 3787 6 4 -
1536 3771 93 28 Prices.
1887 3770 2 26 J

1320 3843 63 57 R.
1426 3845 72 58 H.
1531 3848 317 76 PARISH,
