2529 4020
48 243 315 39 THE
468 243 314 39 NEW
887 243 733 39 ZEALAND
1725 243 733 39 GAZETTE

48 282 2410 70 AND

48 352 1205 70 WELLINGTON
1374 352 1084 70 SPECTATOR

586 472 218 40 PUBLISHED
850 474 130 37 EVERY
1023 470 259 39 WEDNESDAY
1325 469 88 37 AND
1459 470 229 36 SATURDAY
1733 469 205 38 MORNING.

549 589 130 33 PORT
705 589 283 35 NICHOLSON,
1010 584 260 36 SATURDAY
1291 584 239 38 MORNING,
1551 587 265 31 DECEMBER
1839 590 50 33 25,
1913 590 87 28 1841.

75 601 65 31 No.
163 597 87 39 101.]

2272 587 99 39 [Vol.
2392 587 52 31 11.

2058 677 69 21 Port
2140 678 30 20 of
2185 679 124 22 London.

1944 709 88 22 Notice
2051 718 28 14 to
2099 719 44 14 the
2163 712 93 22 Public.
2258 724 28 4 —
2286 714 124 23 Travellers
2429 716 45 22 and

1893 735 72 22 others
1975 736 48 21 who
2034 737 54 21 send
2097 738 109 28 baggage,
2214 740 72 21 works
2296 741 25 21 of
2332 745 40 23 art,
2380 749 24 14 or
2411 742 63 22 other

1893 761 64 22 value
1966 767 104 23 property
2079 768 23 17 to
2111 765 111 27 England,
2239 766 82 22 should
2335 768 91 27 consign
2437 769 37 21 the

1893 788 108 28 packages
2010 793 23 18 to
2043 792 38 19 the
2091 798 50 14 care
2147 792 26 21 of
2179 799 14 14 a
2198 792 100 23 licensed
2304 794 171 23 Custom-house

1893 818 72 23 agent,
1981 822 24 15 as
2022 816 87 23 articles
2124 825 35 14 are
2176 818 126 28 frequently
2317 820 94 28 injured,
2429 822 46 21 and

1893 841 99 22 needless
2002 849 97 21 expense
2114 844 110 28 incurred,
2240 846 35 21 for
2291 846 37 22 the
2344 851 59 18 want
2420 848 25 22 of
2462 856 14 14 a

1893 874 79 21 proper
1980 876 80 20 person
2071 873 23 19 to
2104 870 51 22 take
2164 871 81 27 charge
2256 873 25 21 of
2297 873 64 22 them
2374 881 28 14 on
2419 874 57 22 their

1894 895 84 25 arrival,
1989 895 44 22 and
2043 903 37 14 see
2095 897 60 22 them
2173 899 97 27 entered,
2289 900 124 27 examined,
2431 902 45 21 and

1893 921 106 28 carefully
2012 923 117 27 repacked.
2163 924 49 22 The
2232 925 80 27 charge
2328 927 19 22 is
2362 927 37 22 the
2416 935 60 15 same

1893 947 97 23 whether
1999 956 24 15 so
2034 950 120 27 consigned
2164 958 26 15 or

1942 982 170 23 Custom-house
2123 984 116 28 Chamber,
2251 986 103 27 London,

1895 1049 137 48 DEVOY
2042 1051 44 21 and
2096 1052 53 26 CO.,
2163 1054 46 19 who
2223 1060 37 14 are
2276 1055 34 20 the
2326 1056 153 20 LICENSED

1974 1078 123 20 AGENTS
2106 1079 26 25 of
2141 1081 48 19 Her
2195 1082 114 25 Majesty's-
2314 1083 163 20 Commissioners

1894 1103 26 25 of
1931 1104 99 26 Customs,
2041 1107 42 18 and
2095 1107 66 20 under
2170 1109 64 25 heavy
2241 1110 63 20 bonds
2312 1110 42 25 for
2363 1111 35 19 the
2407 1110 69 26 sufety

1895 1130 26 26 of
1925 1134 102 23 property
2044 1134 109 25 consigned
2166 1137 23 18 to
2204 1137 64 24 t/iem,
2286 1137 44 26 beg
2348 1137 62 22 those
2427 1138 50 21 who

1895 1157 54 22 send
1957 1159 111 27 packages
2078 1164 22 17 to
2110 1161 56 21 their
2177 1169 57 20 care,
2249 1166 23 18 to
2282 1170 37 14 see
2329 1163 49 22 that
2386 1164 55 21 each
2450 1164 30 21 be

1895 1183 111 29 distinctly
2025 1187 94 21 marked
2264 1190 45 21 and
2328 1190 47 27 Co.,
2394 1190 85 22 Lower:

1895 1211 197 29 Tiiames-street,
2232 1217 134 22 andthebill
2373 1217 24 21 of
2403 1217 83 27 lading

1896 1244 24 15 or
1931 1239 85 27 receipt
2030 1239 124 24 forwarded
2171 1245 24 19 to
2213 1243 61 22 them
2293 1243 70 22 direct
2376 1244 31 26 by
2421 1248 58 24 post,

1896 1264 51 22 with
1956 1265 143 23 instructions
2109 1267 48 22 how
2168 1269 56 22 such
2232 1270 70 27 goods
2312 1277 37 15 are
2359 1274 22 18 to
2393 1272 28 20 be
2436 1271 43 22 dis-

1896 1291 67 26 posed
1973 1293 26 20 of
2009 1300 29 14 on
2048 1294 78 22 arrival
2135 1303 6 18 ;
2157 1296 45 21 and
2209 1304 24 14 as
2241 1304 67 19 every
2314 1297 99 27 package
2420 1301 59 18 must

1896 1318 27 21 be
1940 1319 85 26 opened
2046 1324 23 18 at
2087 1321 37 21 the
2142 1323 179 27 Custom-house,
2340 1324 21 21 if
2380 1331 44 20 any
2442 1331 38 15 are

1895 1344 87 29 locked,
1992 1345 37 23 the
2039 1347 55 27 keys
2103 1348 80 22 should
2192 1350 28 21 be
2230 1350 131 22 forwarded.

1924 1378 75 23 Goods
2009 1380 44 21 and
2062 1382 109 27 packages
2181 1391 38 13 are
2229 1384 123 22 forwarded
2361 1384 122 27 by'Devoy

1896 1406 44 21 and
1950 1406 38 21 Co.
1999 1410 23 18 to
2032 1408 30 21 all
2076 1412 59 23 parts
2149 1410 26 21 of
2187 1410 38 22 the
2241 1411 128 26 Continent,
2381 1411 36 21 the
2427 1411 55 21 East

1896 1432 44 21 and
1950 1433 62 22 West
2020 1434 82 27 Indies,
2112 1436 113 28 Colonies,
2233 1437 40 21 &c.
2284 1437 56 27 &c/;
2352 1437 51 27 and,
2414 1438 20 21 if
2446 1445 35 15 re-

1897 1459 83 28 quired,
1992 1465 50 17 sent
2055 1465 24 18 to
2088 1462 37 22 the
2138 1470 50 14 care
2204 1464 28 21 of
2240 1464 137 27 responsible
2392 1464 87 27 houses,

1896 1486 49 21 who
1960 1487 44 22 will
2021 1495 35 14 see
2074 1488 37 22 the
2126 1490 145 22 instructions
2287 1495 51 17 sent
2351 1491 53 22 with
2420 1491 61 22 them

1896 1514 131 27 punctually
2037 1516 105 21 attended
2152 1519 30 19 to.

1923 1540 39 21 All
1972 1541 68 26 goods
2049 1542 46 21 and
2103 1543 110 27 packages
2222 1544 35 21 for
2266 1544 112 28 shipment
2384 1547 60 19 must
2451 1545 32 22 be

1897 1568 158 26 accompanied
2065 1569 30 27 by
2110 1570 88 22 written
2212 1571 151 28 instructions,
2374 1571 52 22 with
2443 1571 38 22 the

1886 1601 2 23 j
1897 1601 65 14 name
1973 1594 44 22 and
2026 1595 90 22 address
2126 1596 25 22 of
2163 1597 41 21 the
2211 1598 82 27 parties
2301 1599 30 26 by
2343 1598 70 22 whom
2429 1598 53 26 they

1897 1627 36 14 are
1947 1625 57 23 sent,
2020 1622 45 22 and
2081 1622 38 23 the
2132 1627 103 19 contents
2248 1625 45 21 and
2307 1625 66 22 value
2389 1625 27 21 of
2427 1624 55 22 each

1898 1647 97 27 package
2005 1649 79 22 stated.
2112 1650 47 22 The
2175 1651 55 27 duty
2239 1652 111 22 outwards
2363 1653 19 21 is
2391 1655 43 19 10s.
2443 1660 39 19 per

1898 1674 60 22 £100
1974 1674 71 23 value.
2069 1683 2 4 •
2083 1676 46 22 The
2146 1681 48 18 rate
2209 1678 27 21 of
2248 1679 118 21 insurance
2383 1679 100 27 depends

1898 1708 60 20 upon
1969 1702 178 23 circumstances.
2177 1704 45 22 For
2237 1705 87 22 further
2339 1706 143 22 information

1898 1728 66 27 apply
1989 1732 22 17 to
2035 1730 44 21 Mr.
2100 1730 92 23 Samuel
2218 1732 99 27 Revans,
2338 1733 143 27 Wellington,

1899 1754 52 22 Port
1960 1755 130 23 Nicholson.

2120 1803 29 22 H.
2164 1803 95 28 READ,

2035 1837 115 22 Tinman
2161 1839 55 20 and
2226 1839 118 25 Brazier,

1976 1869 61 23 Near
2046 1870 38 22 the
2095 1871 154 28 Court-house,
2262 1872 144 27 Wellington.

2087 1926 34 19 A.
2135 1926 79 25 Hort,
2230 1925 69 27 jun.,

1975 1959 277 23 CUSTOM-HOUSE
2279 1961 130 23 AGENT.

1925 1992 91 27 August
2023 1994 37 25 27,
2072 1994 59 21 1841.
2168 2013 4 4 .

2091 2038 27 21 J.
2131 2039 39 20 M.
2185 2039 110 25 Taylor,

1976 2072 282 22 CUSTOM-HOUSE
2282 2074 131 23 AGENT.

1902 2106 111 27 Courtney
2023 2106 73 26 Place,
2107 2106 32 22 Te
2149 2107 55 21 Aro.

2089 2152 98 22 JABEZ
2201 2153 99 27 DEAN,

1959 2187 137 25 Plumber,
2112 2187 118 26 Glazier,
2244 2189 56 20 and
2313 2189 117 27 Painter,

1926 2222 174 25 Lambton-quay,
2117 2228 50 14 near
2184 2223 36 19 the
2234 2223 69 25 Royal
2321 2223 76 26 George
2411 2224 47 24 Inn,

1902 2255 172 48 RETURNS
2088 2255 34 22 his
2131 2255 87 23 sincere
2229 2253 80 25 thanks
2319 2257 35 21 for
2363 2257 38 21 the
2410 2257 80 23 liberal

1986 2286 93 24 support
2095 2282 29 22 he
2142 2283 41 21 has
2201 2283 117 27 received,,
2330 2284 46 21 and
2392 2284 54 27 begs
2465 2288 25 18 to

1901 2318 75 14 assure
1992 2309 62 22 those
2070 2310 129 26 gentlemen
2214 2310 49 22 who
2279 2318 54 19 may
2347 2311 80 22 favour
2442 2311 46 22 him

1901 2337 53 21 with
1972 2337 57 21 their
2045 2337 81 26 orders,
2144 2337 48 21 that
2211 2337 54 32 they
2281 2345 55 20 may
2354 2338 87 27 depend
2458 2346 32 14 on

1901 2364 112 22 materials
2022 2364 26 21 of
2058 2363 37 22 the
2105 2364 48 21 best
2159 2364 136 27 description
2302 2364 46 22 and
2354 2365 59 26 good
2418 2366 71 21 work-

1901 2391 109 26 manship,
2019 2391 118 21 combined
2145 2391 52 21 with
2204 2391 131 22 reasonable
2345 2392 92 27 charges
2444 2393 47 21 and

1900 2417 146 29 punctuality.

2109 2456 28 20 E.
2154 2456 125 25 Stafford,

1987 2490 78 24 Tailor,
2080 2490 174 26 Lambton-quay,
2272 2491 136 25 Wellington,

1904 2524 51 48 IN
1968 2523 117 27 returning
2095 2523 80 22 thanks
2185 2527 23 18 to
2219 2523 62 23 those
2296 2525 128 26 gentlemen
2440 2525 53 22 who>

1959 2551 57 21 have
2027 2551 92 21 favored
2128 2551 47 21 him
2184 2551 53 21 with
2248 2551 59 21 their
2314 2551 82 28 orders,
2405 2560 90 15 assures--

1903 2578 61 21 them
1974 2577 48 22 that
2031 2577 58 21 from
2099 2577 33 22 his
2143 2577 63 22 stock
2216 2585 29 14 on
2255 2577 68 28 hand,
2335 2579 45 21 and
2387 2579 58 22 from
2455 2587 35 14 re-

1903 2608 52 18 cent
1964 2604 91 22 arrivals
2065 2604 57 22 from
2131 2604 112 27 England,
2254 2605 29 22 he
2293 2605 46 21 will
2351 2605 27 22 be
2396 2606 97 23 enabled

1904 2635 22 18 to
1935 2631 67 22 make
2011 2639 30 20 up
2051 2631 88 21 articles
2147 2631 23 21 in
2180 2631 38 21 the
2228 2631 48 23 first
2284 2632 58 28 style
2352 2633 26 21 of
2387 2633 88 22 fashion
2483 2642 11 19 ;,

1904 2658 72 22 which
1985 2658 45 22 will
2039 2658 82 22 render
2128 2659 18 21 it
2154 2665 151 20 unnecessary
2314 2659 35 21 for
2363 2659 36 22 the
2416 2661 77 26 public?

1904 2688 22 18 to
1936 2685 57 22 send
2006 2689 23 17 to
2046 2685 38 21 the
2100 2685 163 27 neighbouring
2273 2686 103 22 Colonies
2384 2687 36 21 for
2434 2687 61 22 their

1905 2713 97 26 wearing
2013 2712 97 27 apparel.

1931 2746 59 21 N.B.
1991 2757 29 4 —
2020 2746 75 27 Every
2109 2746 76 21 article
2200 2746 125 22 warranted
2344 2747 26 21 of
2389 2747 38 22 the
2444 2748 49 22 best

1906 2773 93 27 quality,
2009 2776 47 24 cut,,
2065 2772 46 22 and
2120 2772 171 29 workmanships
2302 2773 45 22 and
2361 2781 29 15 on
2402 2782 91 15 reason-

1905 2799 50 25 able
1965 2803 77 18 terms.

1908 2844 260 48 CMOUNSHER^
2180 2844 97 28 Tailor,
2288 2845 54 27 begs
2351 2846 143 27 respectfully

1955 2882 10 10 •
1996 2875 22 17 to
2027 2871 83 22 inform
2121 2871 37 22 the
2174 2876 81 23 gentry
2265 2872 45 22 and
2324 2872 137 23 inhabitants
2471 2873 29 22 of

1907 2897 144 29 Wellington,
2063 2898 49 22 that
2121 2899 28 21 he
2163 2898 42 22 has
2214 2899 107 21 removed
2333 2902 23 19 to
2371 2899 124 23 Lambton-

1907 2932 66 21 quay,
1984 2929 55 18 next
2048 2925 55 22 door
2113 2928 22 19 to
2152 2926 76 27 Major
2238 2926 90 22 Durie's
2345 2930 64 24 store,
2420 2927 77 22 where

1906 2952 27 22 he
1944 2956 68 18 trusts
2022 2952 55 27 that,
2084 2953 30 26 by
2124 2953 124 27 producing
2258 2953 105 22 first-rate
2371 2954 126 22 workman-

1907 2979 54 29 ship,
1974 2980 105 27 elegance
2089 2980 27 22 of
2122 2984 44 23 cut,
2177 2980 47 22 and
2232 2980 114 22 moderate
2356 2981 97 28 charges,
2464 2982 31 21 he

1906 3006 44 22 will
1959 3007 28 21 be
1997 3007 120 27 supported
2125 3007 31 27 by
2164 3014 14 14 a
2187 3007 130 27 discerning
2326 3008 82 26 public.

2050 3052 174 25 Wellington
2236 3052 117 21 Tavern.

1908 3085 167 23 T7DWARD
2102 3085 98 22 DAVIS
2227 3085 54 28 begs
2304 3089 24 19 to
2350 3087 84 22 inform
2458 3089 39 22 his.

1907 3116 47 18 JJJ
1983 3112 86 22 friends
2078 3112 45 22 and
2131 3112 38 22 the
2179 3112 75 27 public
2263 3113 23 21 in
2296 3114 99 27 general,
2407 3114 48 23 that
2463 3116 33 21 he-

1906 3139 39 22 has
1961 3139 87 28 opened
2065 3139 37 21 the
2112 3139 139 27 Wellington
2263 3139 96 28 Tavern,
2371 3141 126 23 Lambton-

1906 3174 67 20 quay,
1983 3166 73 22 where
2067 3165 54 28 they
2129 3166 46 22 will
2188 3166 48 22 find
2244 3174 14 14 a
2267 3166 77 22 choice
2355 3167 105 23 selection
2470 3170 31 21 of

1905 3193 85 21 bottled
2004 3193 34 21 ale
2049 3193 45 21 and
2102 3196 84 24 porter,
2196 3193 73 28 spirits
2278 3193 46 22 and
2331 3195 70 22 wines
2415 3195 26 22 of
2446 3196 53 22 first

1905 3224 48 18 rate
1963 3220 93 27 quality.

1932 3254 58 21 N.B.
1992 3265 28 4 —
2022 3252 68 23 Good'
2097 3254 88 21 Burton
2194 3253 96 27 ale,*&c.
2299 3254 44 22 &c_

1933 3288 22 21 A
1963 3288 103 27 quantity
2072 3287 27 21 df
2103 3287 84 28 garden
2196 3287 70 26 seeds,
2273 3287 38 22 the
2319 3289 99 26 produce
2424 3290 26 22 of
2456 3290 41 23 the-

1907 3315 92 26 Colony,
2009 3316 36 20 for
2054 3314 56 22 sale.

1906 3358 201 51 WNEAL,
2127 3359 89 22 Watch
2237 3358 47 23 and
2305 3360 77 22 Clock
2398 3362 99 26 Maker,,

1979 3398 12 9 »
2034 3386 54 26 begs
2107 3385 143 27 respectfully
2269 3389 22 18 to
2309 3387 84 22 inform
2408 3388 38 22 the
2459 3389 39 23 ittr

1905 3414 113 21 habitants
2037 3413 26 21 of
2079 3412 53 22 Port
2139 3412 131 27 Nicholson,
2289 3414 49 27 &c,
2356 3414 48 22 that
2412 3414 31 22 he
2454 3414 43 22 ha'a

1906 3440 107 23 removed
2024 3439 35 22 his
2074 3439 101 22 business
2192 3440 51 21 S.E.
2253 3440 26 21 of
2290 3440 92 23 Messrs.
2390 3442 105 21 Bethune

1907 3468 45 21 and
1962 3467 117 25 Hunter's,
2089 3466 46 22 and
2144 3466 79 28 hopes,
2232 3467 30 27 by
2272 3468 63 21 strict
2344 3468 116 27 attention,
2471 3472 23 18 to

1906 3494 67 22 merit
1987 3501 13 14 a
2016 3494 150 21 continuance
2183 3494 26 21 of
2225 3494 56 21 their
2298 3491 99 31 favours,,
2411 3494 86 28 having

1906 3522 44 21 had
1959 3522 28 21 20
1997 3521 71 27 years'
2079 3520 132 28 experience
2222 3521 22 21 in
2255 3521 104 22 London.

1933 3555 40 22 All
1990 3555 68 22 kinds
2073 3555 28 22 of,
2110 3555 96 27 foreign,
2224 3555 92 28 British,
2329 3554 110 29 musical,^
2449 3556 48 23 and*

1905 3583 116 27 repeating
2027 3581 97 22 watches
2129 3583 47 20 and
2185 3582 83 27 clocks,
2276 3583 45 20 and
2328 3582 169 23 chronometers

1906 3609 96 22 cleaned
2008 3609 45 22 and
2062 3609 113 27 repaired.
2445 3615 5 3 '

2013 3642 89 22 N.B.—
2103 3642 97 22 Musical
2209 3642 70 22 boxes
2288 3642 111 27 repaired.
2413 3654 2 6 •

1975 3686 120 23 HARRIS
2114 3687 67 21 AND
2202 3686 54 27 CO.,
2275 3686 112 26 Builders,
2404 3687 44 27 beg
2470 3691 24 19 to

1945 3725 11 10 •
1986 3713 73 28 notify
2069 3717 22 18 to
2101 3713 38 22 the
2149 3713 111 21 Colonists
2270 3714 26 20 of
2302 3713 55 22 Port
2363 3713 131 29 Nicholson,

1905 3741 48 21 that
1962 3741 54 26 they
2025 3748 38 14 are
2072 3740 70 32 ready
2148 3744 23 17 to
2180 3740 130 22 undertake'
2315 3740 147 24 the'erection
2473 3743 29 20 of

1905 3775 43 20 any
1960 3767 136 28 description
2112 3767 25 21 of
2147 3767 123 30 Building^
2290 3767 64 27 They
2364 3775 37 15 are
2416 3772 83 18 exten-

1904 3795 70 28 sively
1991 3795 102 26 engaged
2108 3794 23 22 in
2148 3793 38 22 the
2202 3793 157 23 manufacture
2376 3795 27 21 of
2412 3795 85 28 bricks',

1904 3821 56 28 tiles,
1973 3822 38 22 &c.
2014 3838 9 11 r
2031 3821 47 22 and
2086 3821 52 27 they
2149 3824 64 23 trust,
2222 3821 36 27 by.
2265 3821 120 27 executing
2394 3821 31 23 all
2434 3823 65 21 work,

1903 3849 23 21 in
1937 3856 14 14 a
1961 3848 172 22 tradesmanlike
2150 3855 107 20 manner,,
2263 3851 24 18 to
2302 3848 88 22 receive
2408 3849 91 22 alnuies

1905 3876 25 21 of
1941 3875 38 22 the
1989 3878 93 25 support
2091 3875 27 21 of
2128 3874 36 22 the
2177 3874 119 22 Colonists.
2316 3875 5 3 '
2383 3882 2 5 ■

1931 3910 191 27 Lamblun-quay,
2132 3908 131 28 September
2271 3910 36 26 30,
2318 3910 61 21 1841.
2495 3913 3 6 '

1400 676 39 20 To
1455 675 131 27 Captains
1607 675 30 21 of
1651 675 88 26 Ships.

1279 709 91 48 THE
1383 708 228 22 UNDERSIGNED
1621 708 58 21 have
1690 715 13 14 a
1712 707 60 22 fresh
1782 707 81 28 supply

1352 735 26 22 of
1402 735 127 27 vegetables
1553 735 127 27 constantly
1703 742 30 14 on
1755 734 62 22 hand
1841 738 22 18 at

1276 762 130 22 reasonable
1416 762 79 27 prices.

1588 787 33 22 H.
1629 787 103 28 Taylor,
1742 787 45 22 and
1797 787 39 22 Co.

1305 822 155 27 Willis-street,
1472 822 127 22 December
1608 823 34 25 16,
1651 823 60 20 1841.

1277 867 169 49 BARRELS
1466 867 48 22 coal
1531 870 40 24 tar,
1581 866 46 22 and
1642 869 77 24 patent
1732 866 131 22 anti-corro-

1340 894 46 22 sive
1395 895 62 26 paint
1465 895 24 21 in
1499 893 70 28 casks,
1581 900 31 15 on
1622 893 46 22 sale
1678 896 23 18 at
1708 893 37 21 the
1757 893 75 21 Stores
1842 893 25 21 of

1649 926 73 23 Levin
1738 926 45 22 and
1797 927 39 21 Co.

1305 954 125 22 December
1439 954 34 27 17,
1482 956 63 19 1841.

1277 998 162 49 BARLEY,
1456 999 45 21 and
1512 998 80 27 barley
1601 998 45 22 and
1661 998 74 22 wheat
1750 1001 66 19 straw
1830 997 35 22 for

1354 1025 52 23 sale.

1666 1051 75 22 James
1755 1051 82 22 Watt.

1305 1086 149 28 Berhampore
1465 1086 73 27 Farm,
1551 1086 51 21 Oct.
1611 1087 35 25 28,
1657 1087 60 20 1841.

1279 1138 72 49 ON
1366 1138 83 27 SALE,
1468 1145 28 15 ex
1517 1140 60 24 Lucy
1594 1139 88 26 Skarpe,
1699 1139 101 24 Eleanor,
1820 1138 45 22 and

1355 1166 117 20 Middlesex
1478 1173 5 14 :
1485 1177 29 3 —

1307 1200 102 27 Superior
1418 1200 48 21 first
1474 1199 57 23 flour
1540 1200 24 21 in
1575 1199 64 23 sacks
1649 1199 46 22 and
1704 1199 72 27 casks,

1307 1227 73 21 Boxes
1390 1234 73 14 crown
1472 1227 60 27 glass
1541 1228 40 20 100
1592 1226 45 22 feet
1646 1226 45 22 and
1701 1227 30 21 all
1740 1226 63 27 sizes,

1306 1253 56 22 Zinc
1370 1253 23 22 in
1404 1253 79 28 sheets,
1494 1253 39 23 7ft.
1543 1254 46 22 3in.
1599 1254 30 26 by
1639 1253 39 21 2ft.
1689 1253 51 27 Bin.,

1307 1280 62 22 Ditto
1388 1280 106 22 diamond
1511 1281 79 27 plates,
1608 1283 38 19 cut
1664 1279 44 23 and
1726 1279 80 22 welted
1822 1280 45 21 and

1278 1307 69 27 ready
1355 1307 35 22 for
1399 1307 92 27 roofing,
1507 1307 94 23 without
1614 1307 39 21 the
1663 1307 110 26 necessity
1783 1307 27 21 of
1820 1314 47 14 em-

1278 1333 93 28 ploying
1380 1341 27 14 an
1423 1334 89 27 artisan,

1307 1360 56 22 Zinc
1372 1361 56 21 nails
1439 1364 24 19 to
1471 1361 83 26 match,

1307 1387 106 23 Blankets
1422 1391 142 24 super-stout,
1576 1389 44 25 8-4,
1631 1388 44 25 9-4,
1688 1387 45 22 and
1741 1389 58 25 10-4,

1307 1414 83 27 Tilting
1398 1415 35 21 for
1440 1415 117 21 bed-room
1567 1414 74 27 floors,
1652 1415 37 21 7-8
1699 1418 22 18 to
1731 1414 41 22 7-4
1780 1413 76 28 width,

1307 1441 64 22 Ditto
1380 1448 52 20 rugs
1442 1442 62 26 ditto,

1307 1468 64 22 Ditto
1380 1469 64 21 horse
1454 1469 78 26 cloths,

1307 1495 142 22 Assortment
1458 1496 26 21 of
1494 1495 120 23 children's
1625 1494 45 22 and
1678 1495 39 26 bo3
1717 1503 5 8 r
1724 1495 17 21 s'
1752 1495 71 27 shoes,

1308 1521 92 23 Printed
1415 1522 46 23 and
1477 1523 59 27 dyed
1554 1521 129 28 moleskins,
1701 1522 100 22 assorted
1818 1524 49 25 pat-

1280 1552 68 23 terns,

1308 1576 110 22 Coloured
1426 1576 73 27 lining
1507 1576 80 27 linens,

1308 1603 58 22 Irish
1375 1603 79 27 linens,
1466 1603 98 22 assorted
1575 1603 110 28 qualities,

1307 1630 44 22 Do.
1362 1630 105 22 coloured
1475 1630 46 21 and
1530 1630 67 22 white
1606 1630 69 27 drills,
1688 1629 60 28 ditto,

1308 1657 122 22 Embossed
1439 1657 128 22 velveteens
1576 1657 35 21 for
1620 1657 95 21 couches
1726 1664 24 14 or
1759 1655 80 28 chairs,

1308 1684 59 22 Irish
1375 1685 62 21 linen
1447 1683 99 22 holland.

1308 1719 77 27 Apply
1400 1721 22 19 to
1436 1718 44 22 Mr.
1498 1718 88 27 Penny,
1603 1725 24 14 or
1644 1720 23 18 at
1683 1717 92 22 Messrs.
1788 1716 37 22 W.
1842 1717 25 22 B.

1280 1745 94 22 Rhodes
1385 1745 45 21 and
1440 1745 51 21 Co's
1502 1745 70 21 Store.

1280 1791 171 49 HENRY
1476 1789 264 23 MARTINEAU
1768 1789 53 26 begs
1846 1792 22 18 to

1367 1818 82 21 inform
1461 1818 39 21 the
1516 1817 139 21 inhabitants
1673 1817 26 21 of
1712 1816 55 22 Port
1776 1815 94 23 Nichol-

1280 1853 47 19 son,
1339 1845 49 22 that
1395 1845 35 22 his
1443 1846 88 19 General
1547 1845 64 19 Store
1619 1843 18 22 is
1655 1850 49 15 now
1715 1850 57 20 open
1786 1843 35 21 for
1832 1843 37 21 the

1280 1873 46 22 sale
1336 1872 27 22 of
1370 1872 124 27 Groceries,
1506 1872 171 26 Ironmongery,
1688 1870 43 22 Tin
1747 1869 47 23 and
1803 1870 66 22 Brass

1279 1907 66 20 ware,
1357 1900 39 22 &c.
1407 1900 40 21 &c.

1308 1935 80 21 Patent
1397 1935 58 21 solar
1463 1934 73 27 lamps
1544 1933 25 22 in
1580 1935 63 25 great
1657 1933 11 21 1
1681 1945 78 21 Direct
1767 1944 57 22 from
1834 1944 36 22 the

1279 1965 94 24 variety,
1664 1963 11 19 V
1707 1972 127 21 Patentees.

1275 2000 12 10 '..
1305 1989 236 27 Patent_br_ass.jcdcKs.
1658 1988 10 26 J

1308 2019 188 26 Lambton-quay,
1508 2018 55 21 Dec.
1575 2020 33 24 16,
1618 2020 61 19 1841.

1284 2064 163 49 STORAGE
1461 2064 41 21 TO
1517 2063 39 22 BE
1571 2063 77 27 HAD,
1665 2064 68 27 apply
1742 2067 24 18 to

1646 2090 26 22 T.
1684 2091 32 21 M.
1728 2091 142 22 Partridge.

1309 2117 31 23 Te
1350 2118 48 21 Aro
1407 2118 83 21 Beach.

1523 2163 105 24 Bricks,

1284 2197 87 49 FOR
1387 2196 83 27 SALE,
1482 2199 23 20 at
1521 2198 45 21 60s.
1583 2205 42 19 per
1640 2197 120 22 thousand.
1794 2198 77 30 Apply

1342 2227 23 18 to
1382 2224 21 22 J.
1414 2224 101 26 .Pimble,
1527 2227 23 19 at
1562 2224 39 21 the
1619 2224 169 28 Sydney-street
1803 2226 69 21 Brick

1282 2251 45 22 and
1336 2251 49 22 Tile
1400 2250 88 27 Works,
1499 2254 24 18 at
1532 2251 37 22 the
1585 2259 50 14 rear
1646 2252 25 21 of
1683 2252 93 22 Colonel
1789 2252 82 22 Wake-

1471 2278 72 21 field's
1556 2278 123 22 residence.

1348 2312 78 21 Terms
1428 2323 26 4 —
1455 2311 52 22 cash
1518 2320 27 13 on
1557 2312 100 27 delivery
1667 2316 24 18 at
1700 2313 38 21 the
1747 2313 57 22 kiln.

1524 2356 104 22 Bricks.

1282 2391 140 49 BRICKS
1432 2398 30 14 on
1472 2391 46 22 sale
1527 2391 30 28 by
1567 2391 38 22 the
1614 2392 159 28 undersigned,
1788 2396 24 19 at
1825 2396 47 19 60s.

1358 2426 40 20 per
1407 2419 62 21 1000.

1310 2453 77 22 Terms
1388 2464 27 4 —
1416 2452 58 22 Cash
1483 2460 34 14 on'
1524 2452 99 28 delivery
1633 2456 23 18 at
1665 2453 38 22 the
1713 2453 55 23 kiln.

1691 2487 28 22 A.
1738 2487 108 22 Ludlam.

1310 2513 157 27 Willis-street,
1476 2513 53 22 29th
1540 2513 106 22 October.

1338 2559 39 20 To
1388 2559 86 20 Stand
1487 2560 30 19 to
1532 2558 86 21 Cover
1632 2558 56 21 this
1704 2559 112 25 Season,

1446 2593 32 20 At
1487 2593 142 25 Berhampore
1637 2593 71 26 Farm,

1283 2626 59 22 That
1350 2626 50 22 well
1409 2626 82 22 known
1501 2626 66 21 horse
1578 2626 88 26 Figaro,
1683 2626 38 22 the
1735 2629 107 25 property
1852 2627 25 21 of

1466 2653 77 21 James
1553 2652 68 28 Watt,
1632 2653 54 28 Esq.

1286 2687 144 49 FIGARO
1440 2694 45 15 was
1494 2686 77 22 foaled
1578 2687 26 21 in
1614 2687 125 21 December
1757 2687 62 27 1837,
1838 2690 39 24 got

1357 2714 30 27 by
1397 2714 116 27 Operator,
1526 2713 50 22 dam
1587 2713 118 28 Adelaide,
1715 2714 31 27 by
1753 2713 122 23 Theorum.

1313 2741 107 27 Operator
1429 2748 45 14 was
1482 2740 110 21 foaledin
1601 2741 62 26 1832,
1673 2743 39 24 got
1725 2741 33 26 by.
1772 2741 103 27 Emilius,

1273 2775 2 8 1
1285 2767 51 22 dam
1347 2767 121 22 Worthless
1477 2767 30 27 by
1517 2767 99 27 Walton,
1628 2770 40 19 out
1677 2767 26 22 of
1716 2767 122 22 Altisidora
1846 2768 30 28 by

1284 2794 59 23 Dick
1353 2794 117 22 Andrews.

1312 2828 73 27 Every
1394 2828 110 22 attention
1514 2827 46 22 will
1568 2828 29 21 be
1606 2827 54 28 paid
1668 2831 24 19 to
1705 2835 73 15 mares
1792 2831 52 19 sent
1854 2831 22 19 to

1282 2854 56 22 him.

1312 2888 96 28 Charges
1426 2888 35 22 for
1479 2887 57 22 each
1552 2895 70 20 mare,
1642 2888 54 22 with
1714 2896 14 14 a
1745 2892 130 23 guarantee,

1283 2923 69 14 seven
1361 2915 104 27 guineas;
1479 2915 96 22 without
1582 2919 132 23 guarantee,
1724 2916 44 22 five
1775 2916 102 28 guineas,

1284 2942 126 27 Groomage
1419 2941 114 22 included.

1481 2983 59 25 £20
1555 2987 126 21 Reward.

1286 3021 90 22 nnHE
1386 3021 70 22 above
1465 3021 85 22 reward
1560 3020 46 22 will
1614 3021 29 21 be
1652 3021 67 26 given
1735 3023 23 20 to
1768 3028 45 20 any
1825 3029 51 20 per-

1292 3042 30 28 X
1346 3055 41 15 son
1397 3055 24 14 or
1429 3055 94 20 persons
1533 3047 50 22 who
1592 3055 54 20 may
1653 3047 94 22 succeed
1755 3048 25 21 in
1788 3048 88 28 getting

1283 3082 32 20 up
1332 3075 39 22 the
1388 3075 54 22 boat
1458 3074 71 27 lately
1545 3075 46 21 lost
1604 3075 26 20 in
1649 3073 45 22 this
1708 3074 107 28 harbour,
1830 3076 45 21 and

1284 3099 82 25 known
1381 3109 23 14 as
1414 3102 39 21 the
1465 3104 105 25 property
1580 3101 27 22 of
1617 3101 34 21 W.
1663 3102 30 20 A.
1703 3101 108 28 Wansey,
1821 3103 54 27 Esq.

1284 3127 47 23 The
1347 3136 60 15 same
1422 3132 24 18 to
1460 3128 28 22 be
1504 3128 114 22 delivered
1634 3131 24 18 to
1672 3129 35 20 W.
1718 3129 90 27 Meech,
1822 3130 54 21 boat

1285 3155 93 27 builder,
1390 3155 145 27 Wellington.

1525 3207 109 21 Notice.

1286 3241 90 49 ALL
1399 3241 137 22 PERSONS
1555 3240 73 22 found
1646 3240 78 28 felling
1741 3241 89 28 timber,
1852 3250 24 14 or

1374 3268 103 27 carrying
1494 3268 18 21 it
1531 3275 64 19 away
1611 3268 59 21 from
1691 3268 37 21 the
1747 3271 61 19 town
1820 3277 55 17 .acre

1285 3295 93 21 marked
1390 3296 39 20 621
1446 3302 29 14 on
1494 3294 39 22 the
1551 3294 241 26 Surveyor-General's
1812 3296 62 27 Plan,

1285 3322 94 22 without
1396 3329 14 14 a
1427 3322 88 21 written
1534 3321 133 27 permission
1687 3322 80 26 signed
1784 3322 31 27 by
1839 3323 36 21 the

1284 3348 158 28 undersigned,
1451 3348 45 22 will
1504 3348 29 22 be
1541 3348 143 28 prosecuted.

1606 3382 25 22 C.
1648 3381 31 22 H.
1694 3381 154 24 Townshend.

1277 3431 3 4 ■
1312 3415 159 27 Willis-street,
1481 3415 72 27 Dec.l
1553 3415 30 27 6,
1595 3416 61 21 1841.
1664 3416 13 26 ;

1524 3460 107 20 Notice.

1286 3494 89 49 ALL
1390 3493 132 22 PARTIES
1536 3492 86 28 having
1631 3493 77 22 claims
1718 3501 35 15 on.
1760 3494 37 22 the
1806 3498 69 20 estate

1364 3520 26 22 of
1395 3520 38 22 the
1442 3520 45 22 late
1498 3520 29 22 G.
1538 3519 31 22 H.
1581 3520 93 27 Coglan,
1686 3520 46 23 will
1745 3522 76 26 please
1830 3523 45 21 for-

1284 3547 61 22 ward
1363 3547 37 22 the
1420 3555 61 14 same
1500 3546 35 22 for
1557 3548 154 21 examination
1736 3551 23 18 to
1782 3549 92 22 Messrs.

1285 3574 35 22 W.
1329 3574 28 22 B.
1371 3573 101 23 Rhodes.
1476 3573 46 22 and
1537 3574 47 27 Co.,
1600 3574 82 23 within,
1696 3582 68 15 seven
1781 3576 56 27 days
1853 3577 26 21 of

1282 3600 45 23 this
1336 3601 81 22 notice.
1563 3597 6 30 \

1310 3627 85 22 Parties
1411 3626 107 23 indebted
1536 3629 24 19 to
1571 3626 46 23 'the
1632 3627 49 22 said
1697 3631 70 19 estate
1785 3636 38 14 are
1840 3637 35 15 re-

1281 3654 93 28 quested
1394 3658 22 18 to
1434 3661 45 20 pay
1495 3653 38 22 the
1548 3657 94 19 amount
1659 3654 32 22 of»
1697 3655 62 24 their,
1771 3655 65 22 debts
1851 3660 23 18 to

1281 3681 92 22 Messrs.
1384 3681 35 22 W.
1430 3681 26 22 B.
1468 3680 92 23 Rhodes
1576 3680 47 22 and
1632 3681 47 27 Co.,
1686 3688 29 15 :or
1724 3682 55 28 they
1789 3683 46 21 will
1847 3683 27 22 be

1280 3708 126 28 proceeded
1416 3708 87 27 against
1510 3707 162 27 immediately.

1633 3741 95 22 Jemima
1743 3742 103 22 Coglan.

1303 3768 37 22 Je
1350 3768 54 25 Aro,
1414 3767 127 23 December
1552 3769 33 25 22,
1597 3769 64 20 1841.

1318 3814 40 20 To
1374 3812 131 27 Captains
1515 3813 56 20 and
1583 3812 92 22 Mates
1691 3813 31 20 of
1733 3815 113 20 vessels.

1279 3846 95 50 LOG
1392 3845 74 23 Books
1483 3846 37 22 for
1534 3846 51 22 Sale
1602 3850 24 18 at
1644 3845 38 23 the
1698 3847 72 22 Office
1788 3848 27 22 of
1828 3848 46 23 this

1355 3880 76 21 paper.

1310 3908 85 20 Gazette
1409 3906 78 26 Office,
1498 3906 59 23 Nov.
1568 3900 42 34 26/
1613 3908 62 21 184).

745 681 52 22 ON
824 680 181 22 MONDAY
1037 677 130 24 NEXT!

872 716 162 27 Wanganui.

665 752 158 49 MESSRS.
846 750 93 23 WADE
966 749 59 22 have
1049 749 37 22 the
1107 748 91 21 honour
1225 749 32 19 toi

755 786 117 15 announce
887 778 49 22 that
949 776 54 27 they
1018 775 62 23 have,
1091 773 104 24 received
1213 773 43 22 in--

664 806 119 22 structions
798 809 23 18 to
835 804 82 23 submit
925 807 22 18 to
961 802 76 28 public
1052 801 150 28 competition,
1219 807 28 15 on

664 832 108 28 Monday,
784 832 37 22 the
835 832 54 22 27th
905 830 129 26 December,
1046 830 60 25 1841,
1118 830 23 19 at
1151 827 37 22 the
1203 827 50 22 Ex-,

664 859 87 27 change
766 859 80 26 Room,
856 859 33 22 Te
905 858 52 26 Aro,
969 860 24 18 at
1000 857 13 20 1
1030 855 87 23 o'clock
1131 854 116 27 precisely,
1254 862 2 10 i

664 886 55 21 Nos.
727 887 28 20 45
774 886 46 22 and
834 887 27 21 39
878 892 29 15 on
922 884 38 22 the
969 883 57 22 Plan
1037 883 27 22 of
1074 883 134 25 Wanganui,
1223 888 24 15 in

663 912 44 23 lots
716 913 27 22 of
756 913 13 21 5
786 920 62 15 acres
862 912 60 22 each.
950 910 54 24 This
1019 912 112 26 property,
1148 908 58 21 from
1220 907 28 23 its

664 939 123 28 contiguity
796 943 23 18 to
833 939 38 22 the
880 936 110 30 proposed
998 940 68 23 town,
1079 935 77 28 (being
1171 934 82 23 within,

663 966 45 22 five
722 966 104 22 minutes'
836 966 58 21 walk
910 965 24 22 of
945 965 38 22 the
993 964 49 26 site)
1054 963 46 22 and
1108 961 98 22 situated
1219 970 29 13 on

663 992 39 23 the
712 993 62 27 High
785 993 64 22 Road
857 996 23 18 to
892 990 118 26 Taranaki,
1019 990 20 22 is
1049 989 49 22 well
1114 987 87 28 worthy
1210 989 38 22 the

663 1020 109 21 attention
783 1020 26 21 of
814 1026 92 21 persons
915 1018 25 22 of
945 1017 31 22 all
986 1016 88 28 classes,
1086 1024 24 14 as
1126 1015 50 22 well
1185 1015 69 23 those,

662 1046 120 28 intending
788 1050 24 18 to
821 1045 71 22 reside
902 1048 22 19 at
932 1044 44 22 this
989 1043 124 28 promising
1121 1043 128 22 settlement

663 1080 24 15 as
712 1073 64 22 those
800 1072 98 27 desiring
923 1070 117 29 profitable
1066 1071 138 22 investment
1227 1070 30 21 off

654 1104 2 5 '
663 1100 89 27 capital.
1255 1099 3 25 1

691 1131 59 25 Both
759 1133 37 22 the
804 1133 55 22 land
870 1133 44 22 and
921 1132 92 28 locality
1021 1139 37 15 are
1065 1130 81 23 second
1157 1133 22 19 to
1189 1130 69 29 none;j

662 1161 24 21 in
696 1161 129 26 Wanganui
832 1168 5 20 ;
855 1159 38 23 the
903 1159 138 23 auctioneers
1051 1158 54 27 only
1118 1157 40 23 ask
1167 1157 82 28 parties
1247 1156 6 9 I
1254 1170 4 7 -

663 1190 22 20 to
694 1188 89 27 inspect
791 1187 38 23 the
839 1187 56 22 Plan
905 1190 21 18 to
941 1186 64 22 learn
1021 1185 47 22 the-
1076 1185 114 22 situation,
1204 1184 46 22 and
1256 1198 2 10 ,

664 1214 71 22 either
745 1217 22 19 to
776 1215 90 27 enquire
877 1222 24 14 or
911 1213 102 22 examine
1024 1212 38 22 the
1070 1211 61 28 land,
1143 1211 44 22 and
1195 1211 54 28 they
1255 1218 3 6 '

663 1249 39 15 are
711 1241 124 28 persuaded
844 1241 39 22 the
892 1240 80 23 results
980 1239 46 23 will
1035 1239 30 22 be
1075 1239 146 26 satisfactory.
1248 1254 3 4 .

924 1274 64 26 Also,

772 1309 88 22 LAND
875 1308 36 22 IN
922 1306 221 24 WELLINGTON.

664 1344 48 21 The
721 1344 139 22 auctioneers
869 1343 45 22 will
928 1341 84 23 submit
1026 1340 70 23 Town
1111 1340 67 26 Acre,
1189 1339 69 26 Wely,

663 1370 96 28 lington,
769 1371 45 22 No.
824 1371 41 22 658
880 1377 31 15 on
926 1369 38 22 the
979 1368 66 27 Plan,
1053 1366 137 29 judiciously
1205 1366 51 28 laid;

921 1399 39 19 out
971 1395 26 22 in
1244 1407 9 11 ><

791 1431 63 22 TEN
868 1429 157 24 BUILDING
1038 1428 83 23 LOTS.
1244 1419 14 34 I

664 1458 54 23 This
730 1458 56 23 land
795 1458 19 22 is
830 1457 94 23 situated
940 1460 24 18 at
978 1456 40 22 the
1033 1458 99 20 extreme
1148 1454 68 22 north
1230 1454 24 22 of

663 1485 144 28 Wellington,
819 1493 30 14 on
865 1485 39 22 the
919 1484 54 27 only
981 1483 62 22 main
1053 1481 55 23 road
1124 1481 27 22 of
1160 1481 91 28 import-

665 1520 55 15 ance
734 1516 40 24 yet
785 1512 70 28 going
871 1514 39 19 out
924 1511 26 22 of
963 1509 145 27 Wellington,
1120 1509 47 21 and
1180 1509 20 21 is
1214 1508 37 22 de-
1258 1522 2 12 ,

665 1539 89 27 cidedly
771 1547 44 14 one
835 1539 26 22 of
877 1538 38 22 the
931 1538 50 21 best
998 1535 112 23 sheltered
1128 1535 46 23 and
1193 1538 59 20 most

663 1566 111 23 beautiful
783 1568 51 26 spot
841 1566 25 21 in
875 1565 31 22 all
914 1564 37 22 the
961 1564 51 27 City
1020 1564 27 21 of
1051 1563 146 27 Wellington.

927 1598 65 27 Also,

720 1632 232 24 LEASEHOLD
980 1630 216 28 PROPERTY;
1255 1622 5 49 j

665 1669 40 22 the
713 1669 62 22 lease
791 1668 46 22 and
849 1667 111 28 buildings
971 1667 26 22 of
1008 1667 53 22 half
1068 1675 28 14 an
1106 1674 51 15 acre
1168 1667 25 22 of
1199 1667 54 23 land

666 1696 117 28 adjoining
792 1695 38 22 the
840 1695 69 21 above
918 1695 70 21 Town
995 1695 61 21 Acre
1066 1695 54 26 (No.
1130 1695 58 26 658),
1199 1693 53 23 with
1253 1713 5 10 t

666 1731 14 14 a
689 1722 154 23 considerable
858 1721 101 27 frontage
973 1721 57 22 both
1046 1724 22 19 to
1084 1721 36 22 the
1135 1721 123 33 Tinakori-j

665 1750 59 24 road,
731 1749 46 23 and
786 1749 47 22 also
847 1752 24 18 to
880 1748 37 22 the
932 1748 82 25 beach,'
1026 1748 56 22 with
1098 1756 13 14 a
1124 1747 61 29 large
1202 1743 56 28 sub-l

666 1777 96 22 stantiaL
773 1776 50 25 clay
838 1776 70 22 house
923 1775 89 22 erected
1026 1782 30 15 on
1072 1775 25 28 it,
1115 1776 46 22 and
1175 1784 15 14 a
1204 1775 57 33 wellj

665 1804 81 22 fenced
762 1803 84 28 garden
863 1802 91 22 stocked
968 1802 54 22 with
1038 1803 136 26 vegetables.
1204 1803 57 26 One|

665 1831 66 22 small
745 1831 62 28 piece
825 1829 26 22 of
862 1829 44 22 this
919 1829 19 22 is
952 1829 84 22 sub-let
1054 1829 37 22 for
1103 1829 64 23 three
1180 1838 71 20 years,

665 1858 73 22 which
752 1857 74 22 leaves
840 1856 39 22 the
896 1859 77 19 tenant
989 1856 27 22 of
1026 1856 39 22 the
1081 1856 52 22 half
1143 1864 51 15 acre
1208 1861 24 18 at
1240 1859 20 20 &l

663 1885 74 22 rental
753 1884 28 21 of
792 1883 54 28 only
859 1883 35 22 £4
909 1890 38 21 per
961 1890 62 20 year.
1052 1883 45 22 For
1108 1883 87 22 further
1204 1882 54 34 parr'

664 1911 98 27 ticulars,
772 1911 67 28 apply
848 1913 24 19 to
881 1910 43 22 Mr.
936 1910 106 28 Heaphy,
1052 1918 30 14 on
1091 1910 38 22 the
1138 1911 111 28 premises!

924 1944 64 28 Also,

663 1980 23 22 A
696 1979 98 23 LEASE
808 1979 40 22 OF
862 1979 86 24 LAND
959 1979 80 25 -AND,,
1218 1980 33 22 IN

654 2002 35 11 *•—
690 2001 4 11 =
771 2005 31 5 —
802 2005 27 5 ~
837 2001 21 20 W
864 2001 86 21 llililK'
957 2004 15 18 a
977 2005 13 16 I
991 2002 65 20 UEE
1056 2003 81 19 T^™

663 2027 49 22 The
721 2027 98 23 erection
828 2027 19 21 is
858 2034 14 15 a
880 2027 131 22 substantial
1021 2027 182 28 wooden-house,
1214 2029 37 22 the

663 2058 52 18 rent
733 2062 55 18 very
802 2054 121 22 moderate.
951 2054 45 22 For
1011 2054 89 22 further
1112 2055 138 29 particulars,

664 2081 68 28 apply
746 2081 68 22 toMr.
825 2081 93 26 Branks,
929 2088 29 14 on
969 2080 39 23 the
1018 2082 115 26 premises.

692 2115 79 22 Terms
780 2114 85 28 liberal,
873 2114 25 22 in
906 2114 73 22 future
990 2114 181 24 advertisement.

809 2167 179 22 Commercial
1004 2168 102 21 Wharf.

682 2201 19 22 A
731 2201 147 22 MEETING
887 2201 26 22 of
919 2201 36 22 the
964 2202 135 27 proprietors
1108 2202 46 22 will
1162 2203 28 22 be
1199 2203 54 23 held

665 2223 52 27 jl\.
745 2231 23 19 at
784 2228 105 22 Barrett's
904 2228 72 25 Hotel,
989 2236 29 14 on
1034 2229 105 28 Tuesday
1149 2231 101 26 evening,

665 2255 40 22 the
713 2255 54 21 28th
774 2255 92 27 instant,
882 2258 24 18 at
914 2255 12 22 7
935 2251 93 32 o'clock,
1040 2259 24 18 to
1073 2256 53 22 take
1140 2257 49 21 into
1199 2265 53 14 con-

666 2282 120 22 sideration
813 2281 38 23 the
873 2281 138 33 expediency
1029 2283 27 21 of
1073 2283 122 27 extending
1214 2284 38 22 the

665 2309 77 27 wharf,
751 2309 46 21 and
804 2309 103 26 building
915 2316 13 14 a
937 2312 58 19 store
1004 2309 24 21 in
1038 2310 134 22 connection
1180 2311 73 22 there-

665 2335 61 23 with.
755 2336 85 22 Parties
855 2336 93 26 wishing
962 2339 24 19 to
1001 2336 95 23 become
1108 2337 143 28 subscribers,

666 2370 38 15 are
713 2363 85 21 invited
807 2366 24 18 to
840 2363 83 21 attend.

889 2408 52 21 For
955 2408 69 21 Sale.

664 2439 89 34 HpHE
770 2439 105 22 HOUSE
890 2440 105 27 occupied
1004 2440 31 28 by
1046 2440 38 22 the
1093 2441 157 28 undersigned,

675 2462 26 25 Jt
712 2464 99 24 situated'
816 2467 24 21 in
851 2466 183 29 Murphy-street,
1042 2467 54 23 with
1101 2468 39 22 the
1149 2467 60 23 lease
1218 2469 35 21 for

724 2494 69 22 about
807 2495 29 20 14
852 2501 64 20 years
934 2494 26 22 of
976 2494 52 22 half
1046 2502 29 14 an
1088 2502 52 15 acre
1157 2495 25 22 of
1199 2495 54 22 land

665 2520 111 22 attached.

999 2548 26 22 T.
1037 2548 33 23 M.
1077 2549 148 23 'Partridge.

870 2590 38 25 £5
921 2594 126 21 Reward.

663 2627 92 50 THE
769 2627 106 23 ABOVE
889 2627 143 22 REWARD-
1044 2627 45 22 will
1100 2627 29 23 be
1146 2629 68 26 given
1230 2631 22 19 to

737 2662 46 19 any
793 2662 42 14 one
843 2654 49 22 who
903 2654 47 22 will-
955 2655 52 26 give
1016 2655 145 21 information
1175 2659 24 17 to
1213 2655 38 22 the

653 2683 2 21 i
722 2681 159 27 undersigned,
892 2681 26 21 of
927 2681 38 22 the
974 2688 83 20 person
1064 2688 24 15 or
1095 2689 98 20 persons,
1202 2681 49 23 who

665 2709 80 33 persist
753 2709 24 21 in
788 2708 129 27 destroying
925 2708 38 22 the
972 2708 67 22 fence
1049 2709 26 21 of
1086 2716 51 15 acre
1150 2709 45 22 No.
1205 2710 47 27 203,

665 2737 23 23 in
700 2735 109 23 Dickson-
812 2738 74 20 street;

692 2763 58 22 Dec.
759 2763 34 25 24,
803 2763 63 21 1841.
1253 2767 8 16 V

667 2807 160 48 MESSRS.
842 2807 110 21 WILLIS
965 2807 46 22 and
1021 2807 54 28 CO.,
1086 2808 58 22 have
1161 2816 30 14 on
1207 2808 46 23 sale

741 2841 28 14 ex
781 2833 110 29 2tyne,'the
900 2833 114 28 following
1023 2835 72 26 goods
1105 2838 24 19 at
1138 2835 115 23 moderate

665 2861 79 27 prices.

682 2907 3 3 .
692 2887 127 22 Newcastle
829 2887 67 27 coals,

692 2914 65 22 Ditto
766 2913 148 28 grindstones,
923 2914 60 22 from
993 2915 9 21 1
1015 2915 50 22 foot
1072 2918 24 19 to
1105 2917 28 25 4J
1145 2916 52 27 feet,

694 2941 45 21 Bar
748 2941 45 21 and
800 2940 49 22 bolt
858 2941 57 27 iron,

693 2968 65 27 Rope
767 2967 26 22 of
803 2967 89 22 various
902 2967 62 28 sizes,

694 2995 104 21 Anchors
804 2994 60 21 from
873 2996 13 20 8
897 2998 47 19 cwt.
954 2997 24 19 to
988 2996 11 21 1
1011 2998 50 19 cwt.
1072 2996 44 22 and
1122 2996 80 28 under,

694 3021 71 22 Chain
776 3021 73 22 cables
858 3021 58 22 from
925 3022 12 25 £
945 3021 55 22 inch
1010 3025 23 18 to
1043 3023 12 20 1
1065 3022 53 23 inch
1129 3023 73 28 chain,

694 3048 94 22 Geneva
796 3048 25 21 in
828 3047 51 22 half
884 3048 68 28 pipes,

692 3075 65 22 Ditto
765 3075 25 22 in
800 3082 61 15 cases
872 3076 15 21 4
896 3075 69 29 galls.,

693 3102 62 22 Rum
763 3102 25 21 in
797 3101 130 28 hogsheads,

694 3129 84 27 Sherry
786 3129 23 21 in
819 3128 78 28 bottle,
1150 3135 9 11 *

694 3155 96 27 Spanish
798 3155 58 22 wine
865 3155 25 22 in
899 3155 61 28 pipes
970 3156 46 22 and
1024 3155 133 29 hogsheads,

670 3198 3 6 ,
694 3182 44 22 Ale
746 3182 25 22 in
779 3182 78 27 bottle,
887 3182 2 5 '
1103 3198 5 4 -
1135 3193 5 3 -

692 3209 71 22 Table
771 3209 81 22 raisins
861 3209 24 22 in
894 3209 56 22 281b.
962 3217 70 18 cases,

693 3236 105 26 Pudding
805 3236 81 21 raisins
895 3236 24 21 in
925 3235 70 23 28lbs.
1006 3236 46 23 and
1060 3237 69 22 56lbs.
1140 3245 69 20 cases,

694 3262 109 23 Carotells
813 3262 26 22 of
849 3266 107 24 currants,

694 3290 85 22 Biscuit
786 3289 22 22 in
819 3290 92 27 barrels,

692 3316 78 23 Dutch
779 3316 87 27 cheese,

693 3343 75 22 Prime
779 3343 67 22 India
854 3343 45 21 and
908 3350 58 15 mess
974 3338 59 32 beef,

692 3370 105 28 Tongues
807 3370 25 21 *n
840 3369 54 27 kegs
905 3369 43 22 arid
959 3372 10 23 \
979 3370 93 27 barrels,

693 3396 98 23 Linseed
800 3396 31 23 oil
838 3396 25 23 in
873 3396 61 22 casks
943 3397 36 26 (50
988 3397 83 27 galls.,)

693 3424 66 22 Ditto
790 3429 17 13 ■-■<
838 3423 25 22 in
873 3431 52 14 cans
938 3424 20 25 (5
969 3423 82 28 galls.,)

692 3450 140 28 Turpentine
840 3450 23 22 in
875 3457 51 15 cans
939 3450 20 27 (5
969 3450 83 28 galls.,)

693 3478 58 28 Soap
760 3478 23 21 in
793 3477 77 27 281b5,,
880 3477 75 27 561b5.,
966 3477 47 22 and
1021 3477 82 22 112lbs.
1113 3478 79 28 boxes,

654 3520 1 6 ,
671 3517 2 5 ■
692 3504 76 33 Wh^te
778 3504 64 28 paint
849 3504 24 22 in
883 3502 50 29 tin's,
943 3504 70 22 281bs.
1023 3504 45 22 and
1077 3505 77 26 561b5.,

686 3553 2 6 ,
694 3532 75 22 Green
780 3531 62 28 paint
851 3531 24 22 in
884 3531 59 27 kegs,

653 3562 2 8 1
692 3559 68 22 Sheet
767 3556 59 34 leadj

653 3606 2 8 ,
691 3586 77 26 Boxes,
773 3585 27 25 !of
809 3584 59 28 glass
879 3584 26 23 of
915 3585 62 27 sizes,

691 3608 62 27 Flint!
762 3612 58 27 glass
828 3612 24 21 in
861 3612 113 27 packages,
979 3611 108 28 assorted,

692 3639 140 22 Lambswool
840 3638 95 28 hosiery,
945 3638 75 27 white,
1030 3638 60 28 blue,
1101 3638 46 23 and
1156 3647 62 21 grey,
1245 3650 10 10 .•

692 3666 75 22 White
771 3665 109 27 'flannels,
891 3667 26 20 29
926 3665 60 26 inch,
997 3667 25 20 31
1033 3665 63 27 inch,

692 3694 134 26 Stationery,
836 3692 86 28 ledgers
932 3687 82 27 double
1025 3692 45 22 and
1080 3692 79 28 single,

690 3720 56 22 Fine
765 3720 100 27 printing
884 3719 71 27 demy,
972 3722 58 25 post,
1047 3719 108 28 foolscap,
1173 3720 78 22 white-

662 3755 49 19 cap,
721 3747 44 22 and
776 3746 101 28 imperial
885 3746 82 27 brown,

689 3774 82 22 School
781 3773 65 29 quills
856 3773 45 22 and
911 3773 62 22 office
983 3772 74 28 quills,

688 3800 72 23 Black
769 3800 52 23 lead
830 3800 90 28 pencils)
937 3800 39 22 red
993 3800 46 27 ink,
1059 3800 64 22 office
1140 3800 48 28 ink,
1205 3800 44 23 and

659 3827 54 23 blue
723 3827 68 27 fluid,.
912 3831 7 13 5

689 3854 118 22 Pickles'in
812 3854 67 26 'pints
889 3853 106 27 assorted,
1019 3870 4 4 ,

653 3878 2 10 1
691 3880 103 23 Mustard
804 3880 43 26 Jib.
858 3880 44 21 and
912 3880 51 21 lib.
973 3879 90 27 bottlesj

689 3908 115 26 Congreve
814 3906 156 23 candle-sticks
979 3906 46 23 and
1035 3906 108 23 matches.

73 690 152 24 Auckland'
235 689 60 22 and'
302 686 172 26 Wellington
493 683 112 22 Packet.

203 717 92 28 rtIHE
306 719 119 24 Auckland
440 719 47 22 and
493 717 139 26 Wellington

80 742 89 38 jmSij
210 742 32 30 X
277 749 84 22 Packet
376 747 148 21 Abtrcfombie
538 743 46 23 will
597 750 36 14 re-

203 781 54 17 turn
271 776 79 21 within
366 781 69 15 seven
451 773 55 28 days
520 771 57 23 after
592 769 41 22 her

47 796 152 38 ■3_3_L
204 803 81 24 arrival
292 806 23 18 at
323 802 49 21 that
380 802 51 27 port
437 808 5 19 ;
459 799 45 23 and
513 799 45 22 will
567 796 66 27 again

44 822 188 32 MES~~Cbe
242 828 135 30 despatched
385 828 57 21 from
452 827 53 22 Port
508 825 125 31 Nicholson

48 850 4 12 !
52 849 129 23 *GB~~
180 849 17 16 Br
204 856 153 25 withhvseveh
364 855 55 26 days
429 854 57 22 after
494 853 42 21 her
544 849 89 25 arrival.

72 889 45 23 For
125 888 83 28 freight
217 893 25 16 or
251 890 99 23 passage,
360 882 67 27 apply
436 884 25 18 to

288 917 75 27 Hort,
375 916 121 25 Mocatta,
512 912 46 23 and
567 912 38 21 Co.

191 973 59 21 Tor
263 970 109 26 Sydney
387 967 95 24 direct,

146 1008 30 20 To
190 1006 41 21 sail
244 1000 26 27 oh
278 1003 80 26 Friday
367 1001 58 25 next,
435 1001 54 21 Dec.
500 999 38 24 30,

211 1041 92 28 rpHE
324 1039 45 22 fine
391 1038 44 22 fast
453 1037 81 23 sailing
545 1035 88 26 'barque

74 1061 106 38 JSjjW^L
214 1061 37 30 JL
275 1067 101 26 Matilda,
401 1064 95 28 Captain
523 1062 109 24 Roberts;

71 1088 133 35 XTpSpag'
224 1096 41 21 has
282 1102 54 19 very
355 1091 99 28 superior
477 1088 156 24 accomm'oda-

62 1114 143 29 j&aa&dEr-
226 1123 47 21 tion
283 1122 35 21 for
329 1125 139 23 passengers.
497 1116 44 21 For
551 1114 82 26 freight

48 1142 161 35 ftWSff^g^
226 1156 26 15 or
265 1154 99 22 passage,
376 1145 67 28 apply
452 1147 23 18 to
491 1142 38 22 the
538 1142 95 26 Captain

44 1186 33 15 on
85 1178 75 27 board,
172 1183 25 16 or
206 1179 24 19 to

363 1199 84 21 Waitt
463 1196 45 22 and
520 1196 85 21 Tyser.

71 1231 146 27 Wellington,
228 1228 169 24 December.23,
409 1226 60 21 1841.

45 1277 157 27 Important
228 1277 31 20 to
284 1273 158 23 Merchants
470 1270 57 21 and
555 1267 77 27 Ship-

282 1306 115 17 owners.

48 1331 107 44 x^^g,
197 1344 92 22 FTHHE
297 1340 153 28 undersigned
467 1340 67 21 offers
543 1338 35 22 for
588 1337 45 23 sale

74 1363 102 40 ffiaßEjm
209 1363 26 29 X
259 1371 63 21 three
331 1369 121 22 schooners
463 1366 27 23 of
499 1366 35 26 70,
541 1365 35 27 45,
588 1363 46 24 and

44 1413 151 35 Milßgilll
214 1425 49 21 The
280 1425 57 20 Kate
355 1423 25 21 of
405 1422 27 22 70
451 1424 57 22 tons,
528 1418 41 23 has
590 1418 44 21 dis-

45 1444 150 31 Qg^
201 1450 98 28 charged
313 1450 42 22 her
371 1455 66 20 cargo
458 1446 120 27 alongside'
594 1444 39 22 the

45 1489 51 15 new
102 1483 66 26 jetty.
195 1479 46 23 For
250 1478 85 22 further
343 1475 139 29 particulars,
494 1472 68 28 apply
571 1475 23 19 to

413 1509 36 21 W.
461 1508 171 22 FITZHERBERT.

45 1543 34 22 Te
89 1542 54 27 Aro,
153 1541 61 22 Nov.
224 1542 33 24 26,
268 1539 61 22 1841.

270 1584 53 21 For
336 1582 71 24 Sale,

56 1615 106 39 s^iQg-,
198 1622 92 24 HHHE
315 1620 45 23 fine
388 1621 44 22 fast
459 1619 82 27 sailing
563 1622 72 20 cutter

71 1643 107 38 JH?~£§r
209 1643 26 28 JL
288 1649 115 26 Pickwick,
432 1647 27 22 of
483 1647 150 26 Launceston,

49 1669 150 40 >*I=#|&
245 1676 98 22 burthen
355 1676 69 21 about
431 1675 28 21 40
477 1677 59 20 tons;
563 1674 44 22 She
616 1674 19 21 is

46 1697 154 38 jSKpEsaffb
215 1711 15 14 a
238 1711 51 15 new
296 1702 77 27 vessel,
381 1702 52 22 sails
442 1702 50 26 fast,
503 1701 47 22 and
557 1701 19 22 is
585 1700 51 23 well

47 1724 152 35 TJffigffgjjP^
215 1730 72 22 found
301 1730 24 21 in
340 1733 78 23 stores,
433 1728 45 22 and
491 1728 41 22 has
548 1735 15 15 a
576 1727 60 28 good

46 1759 66 22 cabin
121 1759 36 21 for
165 1758 41 22 her
215 1758 53 22 size.
297 1756 84 28 Apply,
383 1759 22 19 to

405 1782 89 22 Willis
508 1781 54 27 and.
568 1782 39 21 Co.

205 1830 42 20 To
256 1829 34 21 be
299 1829 51 21 Xiet
365 1833 31 15 or
405 1827 74 25 Sold,

54 1857 109 41 .^yka,
218 1866 17 20 A
273 1863 176 23 BEAUTIFUL
467 1866 73 20 cutter
557 1863 78 28 rigged

66 1886 118 34 J&sEj&Sk
200 1886 53 28 -£*-
265 1892 54 22 boat
335 1891 25 22 of
376 1891 68 22 about
459 1890 35 22 six
509 1893 59 25 tons,
588 1890 50 23 half

49 1913 151 39 /JvlJsfiSp
214 1918 92 27 decked,
313 1925 82 20 copper
399 1917 108 28 fastened,
513 1917 54 23 with
574 1918 59 27 sails,

47 1940 153 36 gft~^f~B6l
213 1946 95 27 rigging,
318 1945 46 22 and
373 1944 132 28 everything
515 1945 118 27 complete.

214 1972 45 23 She
268 1973 19 21 is
303 1972 50 22 well
362 1971 97 27 adapted
471 1971 36 21 for
522 1972 46 21 this
583 1972 52 21 har-

43 2022 70 27 going
124 2025 24 18 to
162 2021 38 22 the
216 2027 52 14 new
282 2019 128 22 settlement
425 2019 35 21 of-
466 2017 96 24 Nelson.
589 2019 45 22 For

42 2048 139 28 particulars,
191 2046 69 29 apply
269 2048 23 19 to

423 2072 22 21 J.
461 2072 33 21 M.
503 2072 102 24 Taylor.

72 2102 33 22 Te
114 2102 55 26 Aro,
181 2101 57 22 Dec.
247 2102 35 24 20,
291 2100 60 21 1841.

186 2149 111 35 f^AVT.
319 2149 186 23 ROBERTSON
528 2150 44 22 will
595 2154 42 18 not

187 2180 42 19 V-/
252 2177 28 21 be
299 2177 136 22 answerable
454 2177 35 21 for
507 2184 46 20 any
571 2177 64 22 debts

45 2199 137 32 vrfJfir'BVg
212 2203 129 23 contracted
359 2204 31 27 by
407 2203 39 23 the
470 2211 58 15 crew
552 2205 26 21 of
597 2204 38 23 the

47 2233 64 24 Tyke.

73 2276 76 38 *]Sja.
186 2280 186 34 ptAPTAIN
388 2281 157 27 SALMON,
561 2283 27 21 of
597 2282 38 22 the

186 2308 42 20 V>
244 2307 122 28 Middlesex,
378 2307 45 23 will
433 2311 40 19 not
483 2308 55 22 hold
547 2309 93 23 himself

46 2330 135 31 ydJvrJWrT
192 2335 139 26 responsible
339 2335 36 21 for
381 2342 44 20 any
433 2335 64 22 debts
504 2336 132 22 contracted

43 2361 32 27 by
85 2361 33 22 his
129 2368 63 15 crew.

272 2407 54 20 For
339 2407 70 20 Sale.

219 2441 32 21 To
259 2441 23 20 be
290 2441 46 20 told
344 2448 12 13 a
366 2441 94 27 bargain,

47 2474 93 49 ONE
148 2477 55 20 neat
212 2478 94 24 cottage,
318 2474 38 23 the
366 2475 73 22 inside
449 2475 47 22 and
510 2476 54 22 roof
572 2475 64 23 lined

109 2502 25 21 in
148 2509 14 14 a
177 2501 125 23 handsome
320 2509 103 20 manner,
438 2502 56 22 with
508 2503 63 22 front
590 2503 46 22 and

44 2528 48 21 side
103 2528 65 22 doors
176 2536 4 18 ;
191 2528 104 27 together
303 2528 53 22 with
365 2536 15 15 a
390 2532 65 24 store,
463 2530 31 21 all
501 2530 104 27 frontage
612 2534 24 18 to

44 2555 113 24 Lambton
168 2556 67 26 Quay
242 2564 6 18 ;
263 2556 45 21 and
325 2563 13 14 a
348 2556 50 28 clay
407 2556 70 22 house
492 2560 23 18 at
531 2556 38 23 the
578 2556 58 23 back

43 2582 94 27 floored,
149 2582 124 28 sash-door,
285 2582 45 23 and
344 2582 30 22 all
388 2584 110 26 complete
513 2584 35 21 for
556 2584 80 22 imme-

43 2609 61 22 diate
112 2610 135 26 possession.
275 2609 44 22 For
329 2610 87 22 further
424 2610 133 28 particulars
567 2611 68 28 apply

42 2639 25 18 to
78 2635 43 23 Mr.
133 2636 68 27 Pope,
210 2644 30 14 on
251 2636 37 22 the
297 2637 115 27 premises.

214 2681 87 21 South
310 2682 50 20 Sea
370 2682 93 21 Hotel.

45 2713 160 24 /GEORGE
219 2714 113 23 YOUNG
346 2715 55 27 begs
414 2718 23 20 to
449 2716 86 23 inform
543 2716 39 23 the
592 2720 44 19 set-

45 2739 54 24 V~
106 2742 51 20 tiers
165 2741 26 22 of
193 2742 57 21 Port
254 2742 130 27 Nicholson,
391 2743 46 22 and
441 2744 131 26 gentlemen
576 2744 60 23 from

42 2768 41 21 the
92 2767 165 28 neighbouring
264 2768 110 26 Colonies,
381 2769 49 22 that
438 2770 39 22 the
487 2771 71 22 above
565 2771 70 22 house

42 2795 20 21 is
71 2802 51 15 now
132 2801 58 20 open
198 2803 6 19 ;
219 2795 75 22 where
303 2802 68 20 every
380 2796 135 28 description
526 2798 27 21 of
558 2798 76 27 wines,

42 2822 82 27 spirits,
135 2822 35 21 ale
183 2821 46 22 and
237 2824 81 25 porter,
328 2821 19 22 is
362 2823 129 27 constantly
499 2827 24 18 to
536 2822 29 23 be
574 2824 59 28 had-;

42 2848 47 22 and
104 2852 69 18 trusts
188 2848 31 27 by
230 2848 109 22 attention
355 2851 24 20 to
389 2846 108 32 business,
514 2854 24 18 to
546 2852 68 21 merit
622 2859 14 14 a

43 2875 66 22 share
119 2875 27 22 of
157 2875 59 22 their
224 2878 130 24 patronage.

71 2902 67 23 Good
150 2902 62 28 beds,
224 2902 46 22 and
284 2909 65 21 every
360 2903 172 23 accomodation
546 2904 35 22 for
591 2908 45 19 tra-

43 2929 89 22 vellers;

70 2956 24 22 A
103 2956 55 22 boat'
165 2959 24 19 to
198 2956 29 22 be
237 2956 45 22 had
292 2959 22 19 at
324 2956 30 22 all
362 2956 76 28 hours,
450 2956 45 29 day
504 2965 27 14 or
540 2958 72 28 night.

71 2983 126 22 Harmonic
205 2983 112 27 meetings
327 2990 68 21 every
404 2983 126 29 Thursday.

45 3028 41 21 To
103 3028 45 21 the
162 3028 172 26 Proprietors
351 3028 31 21 of
393 3029 77 21 Land
487 3029 30 22 in
525 3029 110 23 Wade's

291 3056 95 20 Town.

44 3089 54 50 A
111 3089 148 22 MEETING
266 3088 46 23 will
323 3089 28 22 be
360 3089 55 22 held
424 3093 24 18 at
456 3089 38 23 the
503 3090 132 28 Exchange,

123 3115 34 22 Te
166 3116 56 26 Aro,
233 3123 30 14 on
278 3115 105 33 Tuesday
391 3120 62 24 next,
465 3120 24 19 at
503 3118 26 21 11
541 3117 93 27 o'clock,

43 3145 25 18 to
78 3142 68 27 adopt
155 3149 113 16 measures
274 3142 35 22 for
316 3142 93 28 making
415 3143 39 25 the
463 3144 55 21 road
525 3144 112 28 proposed

44 3169 47 22 and
100 3169 110 27 surveyed
223 3169 31 27 by
264 3169 50 22 Mr..
320 3170 65 27 Park,
396 3170 98 28 through
509 3171 39 22 the
565 3171 71 22 above

43 3199 75 24 town;
140 3195 83 30 ajjlan
240 3196 26 21 of
282 3196 73 22 which
371 3204 53 20 may
439 3197 29 22 be
485 3205 54 15 seen
555 3202 24 18 at
597 3198 38 22 the

45 3222 65 23 office
118 3222 28 22 of
156 3221 36 23 W.
203 3222 27 23 B.
240 3222 91 23 Rhodes
339 3223 47 22 and
394 3224 39 23 Co.

71 3255 147 28 Wellington,
228 3256 127 22 December
362 3258 35 25 24,
409 3259 62 21 1841.

259 3301 39 21 To
308 3302 34 21 be
353 3302 71 25 sold,

148 3334 139 28 LICENSE,
297 3337 24 20 to
329 3342 43 15 run
383 3336 35 22 for
426 3336 39 22 the
474 3337 130 22 remainder
612 3338 27 22 of

52 3358 33 24 JL
108 3360 37 23 the
155 3368 60 20 year,
227 3362 27 21 of
258 3362 38 22 the
303 3361 130 24 Australian
440 3363 98 28 Tavern,
546 3364 88 28 Petoni,

33 3386 5 6 '
44 3385 107 29 formerly
160 3385 54 24 held
222 3388 32 28 by
263 3388 37 23 the
309 3388 46 23 late
365 3389 30 22 G.
406 3389 36 27 H.,
445 3390 94 27 Coglan.
555 3392 7 5 *

73 3414 70 28 Also,,
148 3417 23 18 to
186 3414 40 27 let,
237 3423 15 13 a
263 3416 61 26 good
339 3416 82 29 sailing
433 3417 61 28 boat,
503 3418 93 27 capable
612 3419 26 21 of

46 3440 90 28 earring
144 3442 78 26 10,OCO
232 3442 46 22 feet
289 3443 124 23 of^thnber.
442 3444 78 29 Apply
529 3449 24 18 to

308 3477 100 25 .Jemima
423 3479 102 27 Coglan,
537 3480 67 24 or?to>

45 3530 4 5 .
218 3527 3 3 .
252 3521 39 9 .-.,
316 3503 35 24 W.
362 3505 27 22 B.
399 3506 104 24 Rhopbs,
512 3507 46 22 and
568 3508 38 21 Co.

52 3546 160 23 TOHNSON
221 3547 73 22 -AND
308 3548 111 23 MOORE
431 3557 40 15 are
480 3558 55 15 now
540 3551 95 28 landing

45 3570 27 23 O
96 3580 28 15 ex
132 3574 124 27 Mandarin;
262 3574 51 29 and;
317 3575 44 22 will
371 3575 90 28 openta
470 3584 14 15 a
493 3578 43 22 few
547 3578 62 28 days,
620 3586 14 14 a

44 3598 76 23 choice
137 3601 46 22 and
197 3601 78 22 varied
291 3605 133 19 assortment
438 3604 28 21 of
479 3605 78 27 goods,
572 3614 61 14 com-

43 3626 84 27 prising
150 3628 103 27 drapery,
271 3628 89 28 hosiery
383 3629 173 30 haberdashfry,
574 3632 57 29 lace,

28 3671 2 4 .
43 3652 100 29 ribbons;
147 3654 107 28 parasols,
260 3655 82 27 gloves,
352 3656 58 27 baby
416 3656 70 28 linen,
495 3659 135 28 perfumery,

44 3678 96 24 London
150 3680 66 23 made
228 3682 110 27 superfine
353 3682 62 22 dress
428 3683 46 22 and
488 3684 65 23 frock
562 3690 68 24 coats,

42 3708 108 25 trowsers,
167 3708 130 28 waistcoats,
312 3712 73 24 gents,
402 3709 61 23 cloth
482 3718 59 20 caps,
558 3712 72 29 shoes,

42 3732 47 21 and
97 3733 71 32 single
178 3734 46 23 and
233 3735 81 23 double
320 3737 129 26 percussion
457 3737 46 23 and
508 3738 52 22 flint
565 3746 64 21 guns,

43 3758 47 23 real
108 3760 92 28 Witney
224 3762 110 28 blankets,
354 3766 39 18 cut
412 3764 66 27 glass,
498 3765 130 28 stationery,

43 3785 97 28 packing
154 3795 70 21 paper
238 3789 46 21 and
297 3792 80 25 trome,
392 3790 46 22 fine
452 3791 54 22 boat
521 3792 65 27 nails,
595 3793 36 29 pit

43 3818 46 15 Baw
109 3813 48 23 files
172 3815 49 22 andi
238 3816 92 27 general
348 3816 123 28 hardware,
494 3819 65 26 paint
579 3820 49 27 oils,

42 3838 92 23 brushes
140 3840 45 23 and
191 3842 106 27 painter's
304 3844 119 27 materials,
430 3844 111 22 medicine
548 3845 80 27 chests,

43 3871 109 21 congreve
165 3868 108 28 matches,
289 3870 45 22 fine
346 3870 82 28 butter,
445 3871 88 28 cheese,
543 3872 87 23 bottled

40 3892 71 28 fruits,
121 3893 186 31 picklesjtsauces,
318 3897 47 28 &c,
377 3897 41 23 &c.
