2559 4039
547 65 96 46 me
667 60 118 43 w«*»
811 44 218 53 &**m&
1044 36 188 60 &mftt*
1255 46 95 41 *»*>
1375 35 302 49 mflitttgtott
1701 31 257 49 »gtttatog.

108 162 169 27 SHIPPING
294 155 275 30 INTELLIGENCE.

661 151 24 23 of
699 150 146 27 importance.
893 143 50 24 The
955 140 105 32 problem
1070 137 74 26 which
1152 136 49 25 will
1211 136 30 23 he

661 182 82 31 sought
754 185 24 19 to
787 180 29 22 be
827 176 86 28 solved,
924 174 47 24 will
987 174 29 22 be
1035 172 39 24 the
1092 169 117 30 obtaining
1227 176 15 15 a

661 214 136 30 description
808 210 80 31 ofpig
898 209 50 23 that
958 206 47 24 will
1023 204 62 33 yield
1100 202 38 25 the
1154 202 88 30 largest

661 251 91 21 amount
764 245 25 23 of
803 244 33 23 fat
846 249 62 24 upon
927 239 39 24 the
985 237 103 25 smallest
1107 238 93 21 amount
1220 235 25 22 of

661 280 54 24 food
726 279 22 23 in
761 277 38 24 the
812 276 98 23 shortest
921 271 101 34 possible
1032 268 85 33 period*
1164 267 26 23 If
1203 273 40 24 pig

663 313 29 23 oil
703 309 184 29 manufacturing
898 307 104 23 becomes
1020 303 38 23 the
1075 301 98 29 fashion,
1194 299 49 23 fern

662 345 54 24 land
726 343 46 24 will
783 350 30 16 no
823 341 80 30 longer
914 340 29 22 be
954 335 132 26 considered
1096 333 94 25 inferior
1197 341 7 20 ;
1225 338 19 17 it

664 378 45 24 will
720 376 53 24 take
792 383 13 16 a
821 381 50 17 new
891 372 65 23 value
974 371 25 23 in
1018 368 38 24 the
1074 366 129 29 estimation
1222 364 23 24 of

663 411 38 23 the
712 409 84 32 public,
808 407 45 25 and
862 406 46 23 will
920 408 39 20 not
968 403 30 23 he
1009 400 91 25 deemed
1110 400 47 23 less
1167 398 77 23 value-

665 443 49 24 able
726 450 24 17 as
762 442 39 23 the
811 446 82 18 means-
901 437 25 24 of
941 435 112 29 affording
1063 440 29 17 an
1104 435 81 28 export
1192 430 54 24 than

665 484 64 23 grass
739 474 62 24 land.
836 470 109 30 Whaling
955 467 59 25 need
1025 467 54 24 then
1089 472 69 17 never
1168 464 28 23 be
1208 468 38 19 out

667 509 24 24 of
714 514 80 17 season
802 515 7 19 ;
828 505 39 23 the
884 503 67 24 shore
971 500 85 33 parties
1075 498 45 24 will
1139 501 53 21 turn
1208 496 38 25 the

667 541 72 24 tables
750 547 62 24 upon
822 538 38 23 the
872 536 66 30 ships
947 534 45 24 and
1007 533 58 24 have
1085 539 13 16 a
1117 529 128 32 monopoly.

667 574 58 25 Now
743 573 38 24 the
799 571 67 24 shore
878 569 84 31 parties
973 566 43 24 ask
1029 570 22 19 to
1063 565 28 23 be
1102 563 79 32 placed
1192 570 28 16 on
1232 571 15 14 a

667 607 87 30 footing
760 604 54 24 with
821 604 39 23 the
865 609 69 17 crews
940 600 24 24 of
971 599 100 29 whaling
1075 597 71 31 ships,
1152 604 33 16 we
1190 595 58 23 shall

660 649 2 18 ;
668 640 55 23 have
735 638 107 32 petitions
854 636 57 23 from
924 634 38 24 the
972 633 69 23 latter
1051 630 118 28 hereafter,
1191 628 57 23 call-

667 674 41 30 ing
718 679 61 24 upon
800 665 37 29 the
855 667 145 32 Legislature
1018 669 23 19 to
1059 667 73 20 create
1150 661 98 32 equality

668 707 30 29 by
709 705 93 31 putting
813 710 29 16 an
853 706 65 20 extra
929 700 54 29 duty
994 705 30 16 on
1036 697 38 24 the
1095 695 30 24 oil
1144 694 105 25 obtained

668 738 84 24 inland.
799 736 50 23 The
861 739 58 19 term
928 732 46 24 will
983 731 59 24 have
1053 738 14 16 a
1079 736 47 16 new
1134 727 114 30 meaning.

668 771 76 24 When
755 769 99 30 whaling
865 766 95 24 without
975 764 38 24 the
1034 762 66 25 shore
1121 761 128 24 terminates

669 804 38 24 the
718 804 84 31 parties
814 801 44 24 will
872 799 81 24 betake
964 795 137 26 themselves
1113 798 22 20 to
1148 794 28 23 oil
1196 800 53 23 pro-

670 838 79 30 curing
759 836 58 24 from
828 834 79 24 within
918 832 39 24 the
968 830 67 24 shore
1044 838 6 20 ;
1063 828 65 23 when
1138 827 38 24 the
1189 826 61 30 ships

669 879 29 22 go
709 870 34 24 off
757 869 66 24 shore
834 867 39 24 the
888 866 45 30 bay
950 863 85 33 parties
1054 860 46 25 will
1117 868 29 23 go
1164 858 85 25 inland.

670 903 51 24 The
731 907 77 26 trypot
818 900 45 24 and
874 899 38 25 the
924 899 64 23 lance
1007 894 47 25 will
1071 894 54 23 then
1142 892 48 25 find
1206 899 45 16 un-

670 936 91 30 ceasing
773 933 160 32 employment,
954 937 14 15 a
984 928 74 24 result
1073 926 105 31 devoutly
1190 929 23 20 to
1223 925 28 23 be

670 968 84 24 wished
766 968 28 29 by
807 966 31 23 all
849 971 95 25 persons
963 960 125 26 interested
1107 967 24 16 or
1152 958 101 30 residing

669 1002 24 23 in
704 1009 15 16 a
729 1000 82 30 colony
820 997 76 24 where
907 995 100 30 whaling
1013 995 21 22 is
1042 991 132 26 conducted.
1209 990 44 24 We

670 1035 57 23 have
746 1041 45 16 run
811 1039 61 22 away
891 1030 59 24 from
972 1035 42 16 our
1033 1026 96 32 subject,
1145 1024 47 25 and
1208 1023 46 24 will

671 1067 107 24 conclude
789 1066 30 30 by
831 1063 84 31 merely
928 1060 128 30 reminding
1069 1066 40 16 our
1124 1056 130 25 mercantile

672 1100 91 29 friends,
774 1099 49 24 ihat
835 1105 32 16 we
879 1096 48 25 still
937 1095 95 27 remain,
1044 1092 45 23 and
1100 1099 38 15 are
1149 1091 71 30 likely
1231 1094 23 19 to

671 1141 86 16 remam
778 1133 108 30 ignorant
907 1129 35 23 for
964 1135 64 16 some
1049 1124 91 24 months
1163 1124 26 23 of
1214 1122 39 24 the

672 1167 114 31 operation
796 1165 25 23 of
836 1164 38 23 the
886 1162 57 24 New
964 1159 80 25 Tariff.
1091 1157 25 25 It
1126 1165 52 23 may
1189 1157 66 23 lower

673 1201 37 23 the
721 1200 74 31 prices
808 1197 24 24 of
842 1196 31 24 oil
884 1195 45 24 and
939 1194 67 28 bone,
1020 1199 24 16 or
1055 1192 19 23 it
1084 1198 52 23 may
1147 1194 40 19 not
1196 1198 7 20 ;
1215 1189 41 24 but

672 1234 19 22 it
701 1234 20 22 is
733 1234 35 21 far
777 1237 37 18 too
827 1237 55 17 soon
895 1233 22 19 to
936 1227 68 24 know
1023 1225 37 23 the
1079 1222 136 30 effect,~and
1231 1223 25 24 in

674 1266 37 23 the
732 1265 121 23 meantime
872 1269 33 16 we
925 1268 40 23 say
981 1260 28 22 be
1021 1257 110 29 cautious,
1140 1256 27 24 do
1179 1260 39 19 not
1228 1255 28 24 be

674 1298 108 31 tempted,
794 1297 30 31 by
836 1303 44 25 any
891 1294 84 30 urging
985 1292 61 23 from
1057 1291 75 28 home,
1146 1294 22 19 to
1180 1289 52 23 take
1244 1296 13 16 a

674 1337 49 26 step
735 1331 74 24 which
818 1337 54 23 may
883 1328 28 24 be
923 1324 107 26 attended
1041 1323 54 25 with
1107 1330 78 17 severe
1201 1322 55 25 loss.

870 1387 73 25 THE
961 1385 103 26 BANK.

268 213 141 24 ARRIVED.

77 255 61 25 April
154 254 33 26 19,
206 253 101 21 schooner
321 252 66 18 Three
401 252 111 18 Brother*,
527 252 28 14 32
576 252 57 16 toni,

52 283 98 23 Jackson,
160 282 54 19 from
225 279 74 22 Queen
310 275 128 22 Charlotte's
449 273 80 21 Sound.

79 309 61 27 April
155 309 35 23 21,
206 308 69 19 cutter
287 303 111 22 Catherine
413 301 110 24 Johtuton,
534 299 24 20 11
578 300 56 21 tons,

52 337 83 24 Taylor,
145 336 54 20 from
209 331 125 27 Wanganui.

79 364 60 19 Same
157 362 46 25 day,
219 360 103 21 schooner
339 357 74 23 Mana,
432 357 35 23 27,
484 355 80 24 Swauy,
581 352 54 19 from

52 391 87 22 Nelson,
153 388 42 21 and
210 388 36 20 the
256 387 67 20 coast.

78 417 61 26 April
155 417 35 22 22,
206 414 79 26 barque
304 413 96 21 Theresa,
420 411 40 20 600
478 411 56 21 tons,
558 407 77 21 Bacon,

52 445 53 20 from
116 443 97 24 London,
225 442 35 20 via
268 439 106 22 Taranaki
383 439 42 20 and
437 437 89 21 Nelson.

79 471 60 26 April
148 470 35 24 23,
194 469 138 26 government
340 467 47 25 brig
406 463 103 24 Victoria,
519 461 40 21 200
578 461 58 21 tons,

53 498 58 21 from
122 497 90 20 Akaroa.
548 513 17 9 „

81 525 60 20 Same
150 524 47 27 day,
207 524 103 20 schooner
322 522 85 21 Sisters,
420 519 55 20 from
488 516 50 21 Port
548 516 77 22 Coope
628 527 11 14 r

294 580 114 22 SAILED.

82 616 61 27 April
153 616 33 24 16,
197 615 103 20 schooner
317 613 92 22 Aurora,
425 612 26 18 35
470 612 55 21 tons,
540 612 98 21 Higgins,

55 644 34 21 for
98 644 36 21 the
143 644 67 19 coast.

82 670 60 27 April
160 671 35 22 18,
212 668 46 26 brig
277 668 36 19 Sir
327 664 116 23 Archibald
463 662 110 27 Campbell,
590 661 49 23 205,

55 705 36 24 for
100 697 94 21 Batavia.

279 753 34 17 IN
328 752 85 18 PORT.

86 789 107 20 Schooner
200 787 76 20 Nelson
284 785 85 25 Paoiet,
378 784 26 20 20
410 785 57 22 tons,
476 781 59 21 Cole.
563 780 77 26 Agent,

60 816 97 26 Captain.

87 844 106 19 Schooner
204 840 109 21 Susannah
324 839 54 24 Ann,
390 838 35 25 79,
439 837 85 20 Brown.
552 837 89 23 Agents,

60 870 83 21 Samuel
152 869 41 20 and
203 868 88 26 Joseph.

87 897 106 20 Schooner
202 896 82 25 Emma,
296 894 25 20 14
333 896 55 21 tons,
400 890 136 22 Greenwood.
564 889 77 26 Agent,

60 925 80 20 Master

88 950 119 26 Brigantine
217 947 119 27 Vanguard,
345 947 24 20 61
380 948 57 22 tons,
444 945 92 21 Pelford.
550 945 91 23 Agents,

60 978 66 21 Waitt
136 978 40 21 and
185 977 71 25 Tyser.
324 985 5 3 •

89 1004 51 26 Brig
148 1004 91 26 Calypso,
249 1003 39 20 105
296 1003 56 22 tons,
360 1000 51 22 Han
415 999 43 21 old.
487 997 23 21 J.
516 997 31 21 M.
556 997 85 26 Taylor,

61 1034 75 24 Agent.

90 1060 105 19 Schooner
218 1058 70 23 Eliza,
314 1056 35 23 27,
375 1053 128 22 M'Donald.
545 1052 97 27 Captain,

61 1088 77 24 Agent.

90 1113 121 26 Brigantine
220 1112 111 23 Governor,
340 1110 47 24 147,
394 1109 139 20 Williamson.
555 1108 87 25 Agents,

61 1142 99 20 Boulcott
170 1140 42 20 and
222 1138 39 21 Co.

92 1168 73 20 Cutter
174 1168 75 22 Leven,
260 1166 26 19 24
296 1166 58 22 tons,
365 1162 63 22 Joist.
457 1163 87 25 Agents,
562 1161 83 21 Samuel

61 1195 42 21 and
112 1195 88 25 Joseph.

91 1222 106 20 Schooner
214 1220 66 21 Three
297 1218 109 24 Brothers,
424 1218 27 20 32
468 1219 56 22 tons,
542 1216 102 20 Jackson.

63 1249 83 26 Lewyn,
157 1249 76 25 Agent.
639 1265 6 8 ,

91 1276 75 21 Cutter
187 1274 109 22 Catherine
312 1273 107 23 Johnston,
440 1272 24 20 11
484 1274 56 21 tons,
560 1270 85 26 Taylor.

63 1304 97 26 Captain,
171 1303 78 26 Agent.

94 1331 106 21 Schooner
216 1330 73 23 Mana,
306 1328 26 21 27
347 1329 55 23 tons,
419 1327 83 25 Swany.
529 1325 118 20 Waittand

63 1359 73 26 Tyser,
146 1359 87 24 Agents.

93 1385 81 27 Barque
186 1385 95 23 Theresa,
297 1383 41 19 600
350 1384 56 22 tons,
420 1382 80 20 Bacon.
528 1379 120 27 Ridgway's

65 1413 41 21 and
117 1413 47 23 Co.,
176 1412 87 25 Agents.

96 1440 141 20 Government
246 1437 47 26 brig
304 1437 102 24 Victoria,
416 1436 41 21 200
470 1437 56 21 tons,
537 1434 111 20 Richards.

95 1467 105 18 Schooner
212 1465 85 20 Sisters.

69 1529 91 49 New
190 1529 212 49 Zealand
432 1529 211 49 Gazette

108 1581 66 21 AND
187 1578 213 24 WELLINGTON
420 1578 197 23 SPECTATOR.

167 1634 152 24 Wednesday.
334 1634 75 21 April
423 1634 34 24 24,
474 1633 56 21 1844.

1876 119 83 24 hostile
1971 122 23 19 to
2005 115 39 24 the
2064 114 89 24 welfare
2174 113 25 24 of
2219 112 46 26 this
2287 112 80 31 colony
2389 114 71 30 might

1876 152 54 24 lead
1937 151 38 23 the
1986 149 114 30 Manager
2112 147 28 24 of
2154 146 39 23 the
2206 145 68 24 Bank
2285 153 22 16 to
2319 145 75 31 adopt.
2438 149 22 24 If

1878 186 24 23 in
1914 192 42 23 any
1970 190 52 17 case
2033 180 64 25 there
2108 187 54 23 may
2172 179 57 23 have
2241 178 58 23 been
2318 178 142 31 imprudence

1879 226 26 15 or
1917 215 165 27 wastefulness,
2095 213 38 24 the
2145 212 70 23 Bank
2225 212 21 22 is
2257 215 23 18 at
2298 211 58 24 least
2375 214 86 32 equally

1879 249 143 33 responsible
2050 247 36 23 for
2107 246 47 23 this
2185 244 71 24 result
2283 244 53 22 with
2356 244 64 24 those
2439 253 21 18 to

1880 284 76 22 whom
1966 283 19 22 it
2004 282 42 23 has
2063 279 65 24 made
2149 278 118 28 advances,
2286 276 44 23 and
2343 284 32 16 we
2386 277 55 26 have
2449 289 15 17 a

1881 315 71 31 right,
1963 313 73 25 which
2050 320 33 16 we
2095 319 37 17 are
2152 310 95 24 assured
2266 310 38 23 the
2323 310 141 30 Legislature

1883 348 46 23 will
1940 352 40 19 not
1999 345 125 32 disregard,
2144 349 24 19 to
2185 344 68 23 insist
2271 343 49 23 that
2337 343 39 23 the
2395 346 67 24 whole

1883 387 167 24 consequences
2073 378 26 24 of
2124 385 46 23 any
2191 384 62 16 error
2274 376 82 24 should
2378 382 40 19 not
2438 380 26 23 be

1884 414 87 23 thrown
1980 412 138 31 exclusively
2130 418 61 24 upon
2203 418 43 15 one
2256 414 66 26 party
2332 419 8 20 ;
2359 411 45 23 and
2420 412 44 25 that

1883 451 68 28 party
1961 451 40 18 not
2012 446 54 29 only
2078 445 38 23 the
2128 444 101 23 weakest
2239 442 44 25 and
2293 442 59 25 least
2360 444 104 33 wealthy,

1884 480 42 23 but
1937 479 48 24 also
1998 479 36 22 the
2045 486 44 15 one
2100 478 30 30 by
2142 477 75 24 whom
2228 484 44 23 any
2283 477 47 23 loss
2345 477 75 24 would
2438 479 26 24 be

1884 517 62 20 most
1954 511 103 30 severely
2067 510 49 24 felt.

1921 545 70 24 From
2006 544 66 23 these
2090 543 177 24 considerations
2283 543 19 23 it
2319 543 84 24 results
2422 545 45 26 that

1886 580 39 23 the
1948 585 75 24 power
2042 576 74 24 which
2140 576 38 24 the
2200 576 69 24 Bank
2290 584 50 16 now
2359 576 68 24 seeks
2447 583 20 20 to

1886 612 77 24 obtain
1976 611 20 23 is
2003 617 162 23 unnecessary,
2177 610 43 23 and
2241 609 87 24 further
2343 609 51 25 that
2404 610 20 24 if
2437 611 32 25 for

1886 646 40 24 the
1938 643 93 25 asumed
2043 644 151 23 convenience
2206 642 26 23 of
2241 642 37 24 the
2285 642 69 24 Bank
2363 644 19 23 it
2392 643 77 26 should

1886 679 30 24 be
1928 676 129 31 eventually
2068 675 104 32 granted,
2182 676 20 23 it
2213 675 70 31 ought
2294 680 23 19 to
2335 675 29 24 be
2384 684 85 17 accom-

1887 710 84 33 panied
1982 710 52 23 with
2048 708 128 25 conditions
2187 708 44 24 and
2243 709 141 24 restrictions
2403 709 67 25 limit-

1887 747 43 29 ing
1952 745 30 22 its
2004 743 109 28 exercise,
2135 742 44 24 and
2199 741 113 32 guarding
2333 743 91 30 against
2445 745 26 22 its

1888 778 79 24 abuse.
2003 776 79 24 These
2091 774 82 25 should
2182 775 36 29 be,
2234 776 44 23 Ist.
2297 774 62 25 That
2371 776 30 23 all
2413 781 59 20 notes

1889 810 83 25 should
1983 810 27 23 be
2023 808 95 33 payable
2128 809 25 23 in
2164 809 75 31 specie
2250 816 29 16 on
2290 808 106 24 demand.
2422 810 51 25 2nd.

1890 845 63 23 That
1963 843 38 24 the
2013 847 50 19 rate
2074 842 25 24 of
2113 842 96 23 interest
2219 841 83 24 should
2309 842 29 23 be
2349 842 89 24 limited
2454 848 19 20 to

1890 878 40 23 the
1941 884 62 17 same
2012 881 51 19 rate
2086 875 49 24 that
2149 875 55 31 they
2213 882 54 23 may
2285 875 78 23 obtain
2380 875 37 24 for
2439 876 35 24 the

1891 912 56 22 time
1958 910 68 29 being
2036 910 26 24 in
2074 909 38 23 the
2125 908 165 31 neighbouring
2298 908 109 24 colonies.
2427 910 46 24 3rd.

1891 943 64 24 That
1966 943 23 23 in
1999 950 30 15 no
2041 949 52 15 case
2105 942 23 22 in
2141 941 73 23 which
2226 941 38 23 the
2277 941 68 23 Bank
2356 941 43 23 has
2412 941 64 25 takea

1892 975 116 25 collateral
2020 975 120 22 securities
2157 973 82 24 should
2257 975 19 22 it
2296 974 27 23 be
2344 975 96 23 enabled
2458 980 18 19 to

1893 1017 42 16 sue
1947 1016 61 24 upon
2020 1009 30 25 its
2062 1007 61 29 bills,
2140 1007 44 24 and
2195 1007 51 24 4th.
2265 1007 62 25 That
2339 1012 24 18 at
2373 1008 58 24 least
2450 1016 26 16 no

1894 1042 61 24 fixed
1966 1046 108 27 property
2086 1040 81 24 should
2179 1040 28 23 be
2218 1040 49 23 sold
2286 1041 59 23 until
2365 1041 59 24 after
2445 1042 33 24 the

1895 1076 128 31 expiration
2043 1073 26 24 of
2085 1074 55 23 such
2163 1081 14 16 a
2195 1074 78 31 period
2290 1082 24 16 as
2326 1074 75 24 would
2413 1074 65 26 afford

1896 1114 23 18 to
1939 1108 38 24 the
1996 1107 80 24 debtor
2095 1115 12 15 a
2130 1107 132 23 reasonable
2283 1112 106 26 prospect
2407 1108 25 23 of
2446 1116 33 17 re-

1896 1142 105 31 deeming
2012 1142 26 23 it.
2080 1141 47 25 For
2145 1140 37 23 the
2196 1145 43 18 two
2250 1140 43 24 last
2305 1141 129 30 provisions
2445 1142 34 23 the

1895 1175 131 31 legislation
2050 1174 24 23 of
2100 1178 60 19 most
2182 1174 27 23 of
2235 1182 40 15 our
2298 1174 62 23 older
2384 1174 95 24 colonies

1896 1208 116 24 furnishes
2030 1207 117 23 abundant
2165 1207 139 30 precedents,
2323 1207 45 23 and
2381 1214 41 16 'we
2440 1208 41 24 will

1897 1246 95 19 venture
2005 1245 23 19 to
2041 1248 42 22 say
2095 1241 49 22 that
2157 1241 63 22 there
2232 1248 68 15 never
2311 1248 46 15 was
2370 1248 13 15 a
2396 1248 51 16 case
2461 1243 20 22 in

1898 1274 74 24 which
1984 1274 53 31 they
2050 1281 58 15 were
2120 1281 62 15 more
2203 1274 156 31 imperatively
2381 1275 100 30 required

1900 1307 56 23 than
1968 1308 24 22 in
2005 1315 40 15 our
2058 1314 57 15 own.

2100 2129 94 23 WIND
2217 2128 96 24 MILL.

1934 1340 44 24 We
1989 1348 38 15 are
2041 1340 96 23 anxious
2149 1345 24 18 to
2189 1340 73 31 guard
2274 1341 89 30 against
2375 1348 13 15 a
2403 1341 81 31 misap-

1900 1373 137 32 prehension
2050 1373 73 24 which
2135 1374 17 24 it
2171 1374 18 22 is
2211 1373 107 31 probable
2330 1381 52 23 may
2394 1375 60 22 exist
2464 1375 21 22 in

1900 1408 39 23 the
1947 1406 61 25 mind
2020 1407 23 23 of
2055 1406 96 31 Captain
2162 1406 94 31 Fitzroy
2265 1414 61 24 upon
2335 1407 47 23 this
2391 1407 93 30 subject;

1902 1441 50 23 that
1962 1441 24 22 in
1999 1439 130 31 conferring
2143 1439 121 32 privileges
2283 1447 60 24 upon
2356 1440 38 23 the
2413 1440 72 29 Bank,

1902 1474 29 23 he
1942 1474 20 22 is
1975 1474 92 30 serving
2079 1474 45 22 this
2145 1474 148 29 community.
2329 1473 44 23 We
2385 1473 58 23 have
2455 1478 30 19 at-

1902 1507 107 31 tempted,
2024 1507 44 22 and
2081 1514 31 15 we
2128 1506 87 23 believe
2227 1506 157 31 successfully,
2397 1511 23 18 to
2429 1507 57 23 show

1903 1540 50 23 that
1964 1548 43 22 any
2020 1540 124 23 additional
2161 1539 110 32 privilege
2291 1539 47 25 will
2349 1540 28 23 be
2388 1540 79 31 giving
2476 1549 10 15 a

1903 1581 75 24 power
1991 1573 49 23 that
2057 1581 53 23 may
2120 1573 30 23 be
2170 1573 57 23 used
2247 1576 23 20 to
2282 1580 41 16 our
2344 1573 142 30 destruction,

1904 1607 45 23 and
1960 1614 32 16 we
2004 1606 46 23 feel
2061 1606 93 23 assured
2168 1606 49 23 that
2223 1614 25 15 so
2256 1614 56 15 soon
2319 1614 25 15 as
2356 1606 37 23 his
2406 1606 80 24 Excel-

1904 1640 66 30 lency
1981 1640 20 23 is
2012 1639 68 23 made
2091 1646 74 17 aware
2176 1639 24 24 of
2218 1639 46 23 this
2283 1639 54 29 fact,
2349 1639 29 24 he
2390 1639 46 24 will
2455 1641 31 22 in-

1905 1674 44 22 sist
1959 1672 49 24 that
2014 1672 79 24 before
2105 1680 45 23 any
2158 1672 130 24 Ordinance
2300 1672 34 24 for
2343 1673 39 23 the
2392 1681 95 22 purpose

1905 1707 21 23 is
1937 1705 83 32 passed
2037 1706 91 31 beyond
2147 1707 30 22 its
2196 1705 52 25 first
2265 1710 71 27 stage,
2349 1707 19 22 it
2387 1706 59 24 shall
2465 1707 23 23 be

1906 1744 52 19 sent
1969 1743 23 20 to
2010 1739 47 24 this
2069 1739 130 24 settlement
2217 1740 26 23 in
2254 1739 65 24 order
2332 1739 48 24 that
2392 1747 32 16 we
2443 1747 45 24 may

1907 1773 57 23 have
1973 1780 30 16 an
2009 1773 147 31 opportunity
2165 1773 24 23 of
2196 1773 134 31 expressing
2339 1780 41 16 our
2390 1773 99 30 opinions

1907 1814 61 23 upon
1992 1806 38 23 the
2051 1806 97 31 subject.
2193 1805 83 24 Under
2293 1806 44 23 due
2356 1806 134 30 regulations

1907 1840 40 23 the
1959 1839 68 24 Bank
2039 1847 52 23 may
2104 1839 28 23 be
2144 1839 26 23 of
2185 1840 87 22 service
2284 1844 21 18 to
2328 1846 36 21 us,
2377 1839 42 23 but
2430 1839 60 24 with-

1909 1878 40 19 out
1960 1873 57 23 such
2034 1873 142 23 restrictions
2187 1880 26 16 as
2225 1880 32 15 we
2276 1872 56 23 have
2344 1872 92 31 pointed
2448 1877 42 25 out,

1910 1907 46 23 this
1964 1907 138 27 institution,
2115 1905 73 24 which
2199 1905 43 24 has
2250 1905 90 31 already
2353 1905 92 24 drained
2458 1907 33 23 the

1910 1940 81 30 colony
2003 1940 25 23 of
2036 1939 83 31 capital
2132 1944 22 18 to
2167 1947 28 16 an
2206 1943 77 20 extent
2293 1938 35 24 far
2340 1939 89 30 beyond
2439 1940 54 23 what

1911 1981 42 15 our
1963 1973 91 22 readers
2061 1972 72 22 would
2143 1973 106 29 imagine,
2258 1972 44 22 and
2312 1972 76 23 which,
2392 1972 46 30 lia^
2441 1972 52 22 done

1912 2013 27 16 us
1952 2013 28 14 no
1993 2005 65 23 other
2076 2005 87 23 service
2174 2005 55 22 than
2247 2004 48 23 that
2307 2004 25 23 of
2350 2004 122 31 supplying
2483 2013 10 14 a

1912 2046 69 24 paper
2000 2046 117 22 currency,
2131 2046 51 23 may
2205 2037 26 23 be
2248 2037 81 23 turned
2347 2041 23 19 to
2387 2037 38 23 the
2438 2042 54 18 utter

1912 2072 139 23 destruction
2064 2071 24 24 of
2098 2072 37 23 the
2148 2071 137 23 settlement.

1949 2185 35 24 To
2006 2185 99 24 Messrs.
2119 2184 139 24 Simmond's
2276 2183 45 24 and
2341 2184 111 30 Hoggard
2465 2184 31 22 the

1916 2219 71 24 credit
1999 2220 25 22 of
2039 2218 152 30 establishing
2209 2218 38 23 the
2265 2217 51 24 first
2332 2213 70 29 Wind
2415 2217 52 23 Mill
2477 2225 20 15 m

1917 2253 45 23 this
1972 2258 58 26 part,
2043 2253 21 22 if
2079 2257 39 18 not
2131 2251 23 23 in
2166 2258 44 23 any
2222 2255 58 27 part,
2293 2251 26 23 of
2333 2250 58 24 New
2403 2250 94 24 Zealand

1916 2287 20 22 is
1949 2286 51 24 due.
2037 2285 72 24 Their
2130 2285 53 23 Mill
2205 2285 20 22 is
2244 2284 87 25 erected
2352 2291 31 16 on
2402 2283 35 24 Te
2456 2284 42 23 Aro

1918 2319 60 30 Flat,
1991 2319 44 24 and
2055 2319 42 23 has
2115 2325 51 17 now
2186 2318 60 23 been
2262 2318 24 23 in
2308 2318 116 30 operation
2443 2325 56 15 some

1918 2353 63 31 days.
2009 2352 53 24 The
2073 2351 111 31 difficulty
2196 2351 54 26 with
2261 2351 73 23 which
2347 2350 54 31 they
2413 2350 55 23 have
2478 2355 19 18 to

1919 2386 96 24 contend
2027 2387 20 23 is
2065 2386 38 23 the
2123 2384 125 33 inequality
2261 2384 25 23 of
2302 2384 68 23 wind.
2405 2384 34 23 At
2457 2391 42 15 cer-

1919 2421 47 22 tain
1978 2427 93 16 seasons
2084 2419 23 24 of
2123 2418 38 24 the
2173 2425 53 26 year
2239 2417 37 24 the
2287 2417 60 23 wind
2359 2417 23 23 in
2396 2417 44 23 this
2451 2416 47 23 har-

1919 2453 58 24 bour
1987 2453 122 23 alternates
2121 2451 113 31 suddenly
2246 2451 44 23 and
2308 2458 68 22 every
2388 2450 43 23 few
2446 2450 54 23 min-

1919 2492 51 18 utes
1982 2487 101 22 between
2095 2490 64 27 great
2172 2485 102 31 strength
2286 2484 44 25 and
2343 2485 83 22 almost
2435 2484 52 23 calm
2493 2492 6 19 ;

1920 2520 41 23 but
1971 2519 46 24 this
2036 2519 127 31 inequality
2174 2519 19 23 is
2210 2525 34 16 we
2262 2518 87 24 believe
2368 2517 99 32 peculiar
2483 2521 19 18 to

1921 2558 64 26 spots
1997 2552 141 24 surrounded
2148 2552 29 30 by
2187 2551 59 31 hilly
2257 2554 104 26 countfy.
2386 2551 34 24 At
2430 2549 72 28 Otaki,

1923 2587 140 28 Manawatu,
2087 2586 57 23 New
2166 2585 133 30 Plymouth,
2323 2584 46 23 and
2393 2584 37 23 the
2453 2584 51 22 East

1924 2620 77 28 Coast,
2014 2620 19 23 it
2044 2620 46 23 will
2102 2619 28 23 be
2149 2617 71 24 found
2240 2617 39 24 the
2297 2617 60 24 wind
2376 2617 20 22 is
2409 2625 13 15 a
2434 2616 71 30 steady

1922 2661 84 24 power.

1958 2686 100 25 Messrs.
2071 2684 150 25 Molesworth
2243 2684 43 24 and
2299 2683 100 24 Ludlam
2412 2692 36 16 are
2460 2689 44 18 now

1925 2721 102 29 erecting
2034 2728 16 15 a
2061 2719 71 23 Wind
2144 2718 54 24 Mill
2210 2726 29 15 on
2257 2718 38 23 the
2313 2718 69 28 Hutt,
2396 2717 73 24 which
2479 2724 28 15 we

1914 2761 2 16 :
1924 2754 87 23 believe
2024 2753 47 24 will
2081 2753 28 23 be
2120 2753 25 24 in
2158 2753 116 30 operation
2285 2755 24 20 at
2319 2758 30 16 no
2359 2751 86 24 distant
2455 2750 51 23 date.

1925 2787 66 24 With
2001 2787 64 23 these
2084 2791 43 19 two
2140 2785 72 24 Wind
2223 2785 74 28 Mills,
2310 2784 45 24 and
2368 2784 49 24 Mr.
2431 2783 76 25 Catch-

1926 2821 72 31 pool's
2010 2820 80 24 Steam
2102 2819 68 24 Grist
2181 2819 62 28 Mill,
2255 2819 38 22 the
2306 2818 110 23 colonists
2428 2817 45 24 will
2484 2817 23 23 be

1929 2853 109 31 tolerably
2059 2852 51 24 well
2130 2852 106 31 supplied
2255 2851 56 23 with
2332 2850 40 24 the
2392 2859 79 17 means
2490 2848 19 24 of

1926 2887 108 31 grinding
2045 2886 40 25 the
2097 2886 64 30 grain
2175 2884 89 31 already
2276 2892 77 23 grown
2370 2885 24 22 in
2406 2884 39 23 the
2457 2883 50 23 colo-

1928 2928 39 23 ny.
2002 2920 34 23 At
2054 2926 31 16 no
2105 2919 85 23 distant
2209 2918 51 24 date
2284 2926 31 14 we
2336 2918 60 31 hope
2418 2918 47 23 that
2483 2923 25 16 we

1929 2953 58 24 shall
1999 2958 23 18 at
2033 2953 60 23 least
2112 2953 100 31 produce
2232 2951 31 24 all
2280 2951 39 24 the
2337 2952 68 30 grain
2417 2959 31 16 we
2461 2949 47 24 need

1928 2987 36 23 for
1984 2987 67 23 home
2072 2986 161 32 consumption
2243 2994 9 19 ;
2270 2985 44 23 and
2333 2985 56 23 then
2409 2992 33 16 we
2460 2982 49 25 shall

1930 3021 90 31 require
2031 3027 63 16 more
2106 3019 50 24 mill
2167 3027 76 24 power
2251 3018 56 24 than
2316 3022 23 19 at
2350 3022 94 28 present
2454 3017 55 23 there

1930 3055 21 23 is
1961 3062 45 23 any
2018 3061 140 26 appearance
2170 3053 24 23 of
2203 3060 42 16 our
2254 3052 71 31 being
2334 3050 110 33 provided
2455 3048 52 26 with.

1931 3087 87 24 Indeed
2030 3090 19 22 it
2060 3087 75 24 would
2152 3087 30 23 be
2194 3094 15 15 a
2225 3085 82 31 saving
2325 3090 23 19 to
2366 3085 40 23 the
2418 3090 90 18 commu-

1931 3122 49 30 nity
1993 3128 57 17 even
2060 3128 52 16 now
2132 3124 24 19 to
2175 3120 57 23 have
2252 3118 116 24 sufficient
2384 3118 50 24 mill
2445 3121 63 28 power

1932 3159 23 20 to
1966 3155 68 31 grind
2052 3159 24 19 to
2097 3153 38 24 the
2156 3157 79 20 extent
2254 3152 25 23 of
2294 3160 41 15 our
2354 3150 155 32 consumption,

1932 3189 35 23 for
1978 3189 19 23 it
2008 3187 76 25 would
2094 3187 29 24 be
2143 3186 72 25 found
2234 3193 62 17 more
2311 3184 120 33 profitable
2442 3189 22 19 to
2474 3184 35 22 im-

1932 3227 53 27 port
1999 3222 39 24 the
2057 3221 74 24 wheat
2149 3220 44 24 and
2213 3219 68 33 grind
2299 3219 20 23 it
2337 3218 64 29 here,
2412 3217 57 24 until
2484 3221 25 17 we

1933 3255 98 32 produce
2043 3255 91 31 enough
2144 3254 34 24 for
2197 3261 42 16 our
2250 3252 168 31 consumption,
2430 3251 49 23 than
2490 3252 19 19 to

1933 3290 85 31 import
2028 3289 68 24 flour.

1968 3322 52 24 The
2038 3323 117 23 existence
2175 3321 24 23 of
2214 3319 61 25 mills
2293 3319 46 26 will
2359 3326 69 23 prove
2446 3324 26 17 an
2481 3316 28 23 in-

1935 3356 121 26 ducement
2074 3361 23 19 to
2116 3354 101 33 produce
2234 3354 73 32 grain,
2320 3353 35 22 for
2373 3352 54 23 with
2440 3351 32 23 the
2482 3348 27 23 fa-

1936 3389 63 32 cility
2010 3390 25 24 of
2051 3389 133 30 converting
2204 3388 19 23 it
2243 3388 47 22 into
2309 3386 68 29 flour,
2389 3392 66 23 every
2465 3388 44 26 gen-

1926 3424 4 5 '
1937 3423 85 24 tleman
2033 3423 46 24 and
2090 3422 104 24 labourer
2206 3420 46 23 will
2262 3420 31 24 be.
2302 3419 71 24 found
2385 3424 23 19 to
2420 3418 52 23 have
2482 3414 27 23 bis

1937 3457 73 23 desire
2022 3461 23 19 to
2057 3456 99 31 produce
2169 3454 113 24 sufficient
2299 3452 76 24 wheat
2394 3457 24 19 to
2432 3446 77 37 provide

1938 3491 90 30 against
2040 3490 39 23 the
2091 3488 143 30 uncertainty
2247 3487 25 22 of
2285 3486 71 32 being
2374 3485 50 24 able
2434 3489 23 19 to
2466 3487 43 28 pur-

1938 3524 68 24 chase
2017 3522 113 33 imported
2140 3521 68 28 flour,
2215 3520 89 31 greatly
2314 3518 126 25 increased.
2472 3513 39 47 H^

1939 3557 44 24 and
2000 3556 29 25 he
2050 3556 73 28 alone,
2135 3554 50 24 who
2197 3561 43 16 can
2250 3553 99 32 produce
2366 3553 37 23 his
2415 3557 47 18 own
2471 3545 41 27 food

1939 3592 24 23 in
1975 3599 14 16 a
2000 3589 140 30 community
2150 3588 66 24 beset
2235 3587 55 24 with
2310 3586 38 24 the
2361 3583 124 27 difficulties
2493 3583 18 19 to

1940 3624 73 24 which
2041 3631 34 15 we
2096 3629 37 16 are
2154 3621 108 32 exposed,
2288 3628 42 16 can
2350 3620 29 23 be
2398 3611 114 31 considered

1940 3659 56 23 safe.
2032 3657 47 23 Let
2090 3662 67 24 every
2169 3662 53 16 man
2233 3654 29 24 be
2273 3653 54 32 diily
2335 3648 125 36 impressed
2470 3645 42 24 witt

1941 3692 53 28 this,
2006 3690 45 24 and
2063 3694 36 19 act
2109 3696 64 24 upon
2182 3688 28 29 it,
2227 3687 45 25 and
2283 3687 38 24 the
2339 3685 99 33 security
2448 3681 23 24 of
2484 3678 28 24 the

1942 3724 139 29 community
2093 3722 46 24 will
2150 3722 28 24 be
2189 3719 148 34 guaranteed.

2113 3782 125 28 GRAND
2254 3779 99 26 JURY.

327 1679 67 20 OIL.

103 1723 24 24 It
152 1730 44 16 was
219 1721 103 31 reported
346 1728 28 15 on
396 1719 39 24 the
458 1719 80 23 arrival
563 1717 25 24 of
614 1717 38 24 the

71 1756 116 25 Theresa's
199 1755 59 28 mail,
271 1754 49 24 that
329 1754 31 23 oil
371 1752 43 24 and
425 1752 59 24 bone
496 1752 42 23 had
548 1751 103 24 declined

71 1790 24 23 in
112 1789 96 24 London
227 1793 21 18 to
270 1788 93 23 ruinous
381 1787 82 30 prices.
501 1785 37 24 On
557 1785 96 30 enquiry

72 1830 33 16 we
122 1822 46 24 find
185 1822 48 23 that
253 1820 62 24 there
331 1828 37 15 are
386 1827 29 15 no
432 1818 101 31 grounds
550 1818 36 23 for
605 1817 49 23 that

72 1859 135 25 statement;
227 1862 29 15 on
268 1853 39 24 the
319 1858 111 24 contrary,
444 1852 63 22 there
518 1851 41 23 has
571 1851 57 23 been
641 1858 13 15 a

72 1888 69 31 slight
152 1888 97 24 advance
260 1894 61 24 upon
334 1886 37 23 the
387 1885 44 24 last
442 1886 73 30 prices
527 1884 91 31 quoted.

106 1921 50 24 The
167 1928 61 17 same
246 1919 54 25 mail
319 1920 19 22 is
351 1918 72 24 stated
442 1923 23 18 to
482 1917 56 24 have
556 1916 98 31 brought

72 1953 215 26 recommendations
305 1952 29 31 by
347 1960 13 15 a
378 1950 97 25 London
489 1950 75 31 Agent
574 1955 25 18 to
618 1950 36 23 his

73 1987 195 31 Correspondents
286 1985 62 28 here,
360 1989 22 19 to
400 1985 46 29 buy
457 1989 24 18 at
501 1992 13 14 a
524 1991 54 22 very
589 1987 65 26 great

75 2020 97 24 advance
183 2027 28 16 on
222 2019 45 24 last
278 2025 66 23 years
355 2017 87 31 prices;
453 2015 102 23 /without
566 2016 90 29 assign-

73 2055 40 29 ing
134 2060 42 23 any
187 2058 92 17 reasons
293 2050 49 30 why
354 2049 55 23 such
422 2057 13 15 a
447 2056 79 15 course
537 2048 74 23 would
628 2048 29 23 be

74 2087 61 23 wise.
171 2084 50 25 The
233 2083 70 24 result
311 2083 25 24 of
345 2083 75 30 acting
429 2089 62 23 upon
502 2081 76 23 advice
590 2081 66 30 given

74 2121 24 23 in
116 2119 104 28 London,
239 2124 59 24 upon
319 2116 38 23 the
378 2122 139 25 appearance
536 2114 25 23 of
581 2114 77 30 things

75 2153 63 24 there
150 2156 80 19 cannot
241 2151 29 23 be
281 2149 84 33 proved
376 2149 78 23 within
467 2148 78 23 twelve
557 2152 23 19 to
592 2147 65 27 eigh-

75 2191 52 19 teen
138 2184 90 24 months
240 2184 65 23 after.
341 2182 43 23 We
400 2181 82 24 should
499 2180 46 24 like
557 2185 23 19 to
592 2179 67 24 know

75 2220 50 23 how
138 2226 66 22 many
216 2217 25 24 of
250 2217 38 23 the
300 2216 104 30 ordinary
416 2215 59 23 class
487 2214 25 23 of
526 2218 80 27 agents
618 2221 40 15 are

78 2255 127 28 competent
221 2256 23 17 to
265 2253 58 19 state
334 2248 39 24 the
392 2247 108 32 probable
516 2248 62 30 price
590 2246 25 24 of
631 2254 29 15 an

78 2285 77 24 article
167 2283 105 31 eighteen
291 2281 90 24 months
402 2281 76 23 before
489 2280 37 24 the
547 2279 79 32 period
637 2284 23 18 at

78 2318 72 24 which
161 2318 19 22 it
192 2316 43 24 will
253 2316 28 23 be
299 2316 25 22 in
341 2314 96 24 market.
474 2314 26 23 If
509 2312 71 25 called
591 2321 29 15 on
638 2317 22 19 to

78 2351 82 24 reduce
178 2349 37 24 the
225 2350 122 29 reasoning
364 2352 23 20 to
397 2348 99 30 writing,
508 2354 32 16 we
552 2354 38 16 are
606 2353 54 17 con-

79 2384 78 29 fident,
167 2384 19 23 it
197 2382 73 24 would
281 2382 28 23 be
320 2380 70 25 found
400 2380 82 31 wholly
494 2379 134 31 inadequate
639 2384 22 18 to

80 2422 96 19 warrant
187 2416 76 30 acting
273 2422 68 24 upon,
355 2414 19 24 if
381 2418 40 20 not
432 2412 154 31 monstrously
595 2412 66 24 falla-

80 2452 63 20 cious
155 2449 44 23 and
210 2448 91 24 absurd.

115 2483 42 24 We
174 2483 58 30 hope
249 2490 30 15 no
296 2485 96 27 attempt
402 2480 46 24 will
467 2479 29 25 he
508 2479 63 24 made
590 2483 24 19 to
626 2483 35 19 act

80 2525 61 23 jupon
158 2516 57 23 such
231 2515 126 31 dangerous
375 2514 85 23 advice.
496 2512 51 24 The
564 2517 60 18 want
641 2511 24 25 of

81 2550 59 32 good
157 2549 66 24 casks
240 2549 21 23 is
279 2556 14 16 a
303 2552 64 27 great
378 2545 121 25 drawback
515 2545 46 24 this
573 2553 89 21 season,

82 2584 44 24 and
137 2583 45 23 will
193 2583 29 30 by
233 2582 39 23 the
282 2586 65 19 extra
357 2580 94 30 leakage
472 2580 19 23 it
502 2579 43 24 will
557 2579 107 24 occasion

84 2617 25 24 of
126 2615 67 30 itself,
206 2615 43 23 add
261 2613 154 31 considerably
427 2618 22 18 to
470 2612 38 24 the
518 2612 62 31 price
592 2611 72 24 which

84 2657 52 24 may
145 2649 29 23 be
192 2648 51 31 paid
254 2648 35 23 for
307 2646 31 25 oil
346 2655 8 20 ;
375 2646 43 24 and
429 2646 22 23 if
465 2645 58 31 good
541 2645 69 24 casks
627 2651 38 17 are

84 2681 104 26 obtained
199 2682 18 23 it
233 2680 47 24 will
291 2680 28 24 be
328 2685 26 18 at
364 2687 14 15 a
395 2683 63 26 great
470 2678 97 24 advance
580 2686 30 15 on
622 2678 43 22 last

85 2723 65 24 years
170 2715 83 32 prices,
269 2713 75 24 which
364 2713 45 22 will
428 2711 98 33 produce
545 2712 38 23 the
603 2718 62 17 same

84 2749 76 23 effect.

121 2782 72 24 Great
207 2780 87 30 change
308 2780 24 23 in
340 2779 37 24 the
384 2778 93 24 relative
484 2777 64 24 value
558 2777 25 23 of
593 2784 75 24 sperm

87 2816 44 24 and
142 2814 67 25 black
221 2813 30 25 oil
261 2814 20 22 is
294 2813 80 30 taking
383 2812 73 31 place.
493 2811 81 31 Sperm
587 2810 31 23 oil
626 2810 42 23 has

155 2848 86 32 greatly
247 2845 137 25 diminished
394 2846 24 22 in
427 2845 66 23 value
504 2844 30 30 by
543 2844 38 23 the
590 2850 79 17 causes

88 2882 73 25 which
180 2882 56 23 have
258 2879 89 32 greatly
366 2878 115 24 advanced
503 2877 38 23 the
560 2876 67 24 value
648 2876 23 24 of

88 2915 68 24 black
173 2915 31 23 oil
211 2923 7 20 ;
237 2913 53 31 they
301 2920 39 16 are
359 2912 135 23 discoveries
515 2911 23 22 in
550 2910 120 30 clarifying

91 2949 24 24 of
124 2948 66 24 black
202 2947 30 23 oil
243 2946 44 23 and
304 2947 175 29 improvements
490 2944 24 24 in
525 2944 38 23 the
574 2943 96 23 burners

91 2983 24 23 of
133 2982 80 30 lamps.
247 2979 77 24 These
342 2979 135 22 discoveries
494 2977 43 23 and
554 2978 114 29 improve-

91 3019 73 20 ments
183 3014 56 23 have
257 3011 113 25 advanced
387 3010 68 24 black
468 3010 30 24 oil
516 3010 43 23 and
576 3008 95 25 lowered

91 3056 82 24 sperm,
190 3055 25 15 so
227 3046 49 23 that
287 3052 49 15 now
348 3044 38 23 the
402 3043 85 24 former
498 3044 20 22 is
538 3050 62 16 more
617 3043 54 23 than

91 3081 61 25 three
162 3080 64 24 fifths
242 3078 40 24 the
294 3078 64 24 value
370 3077 25 24 of
411 3077 39 28 the
461 3077 66 23 latter
534 3085 6 21 ;
564 3076 107 30 formerly

92 3115 38 25 the
140 3114 82 24 former
242 3120 45 15 was
305 3111 54 31 only
371 3118 41 17 one
423 3110 77 24 fourth
517 3109 37 24 the
574 3109 63 31 price
651 3108 20 25 of

93 3149 36 22 the
139 3147 74 24 latter.

126 3181 43 23 We
191 3178 97 25 insertel
310 3184 44 17 two
376 3177 91 24 articles
490 3176 69 31 lately
581 3176 25 23 in
628 3182 42 17 our

94 3214 108 27 columns,
215 3212 78 32 copied
300 3212 57 22 from
364 3211 125 23 American
499 3217 88 24 papers,
599 3216 30 17 on
637 3208 37 24 the

94 3247 88 31 subject
200 3247 24 24 of
247 3245 94 30 making
360 3244 30 23 oil
410 3243 59 24 from
491 3243 51 31 pigs
563 3243 41 23 fat.
653 3240 22 25 It

95 3287 94 25 appears
211 3280 49 22 that
277 3278 38 23 the
334 3276 155 25 manufacture
509 3276 41 23 has
571 3275 57 24 been
641 3281 34 17 at-

96 3313 79 25 tended
186 3312 54 23 with
253 3319 25 16 so
289 3311 68 23 much
369 3317 91 17 success
471 3311 25 22 in
503 3309 115 28 America,
628 3307 48 25 that

96 3348 17 23 it
131 3348 40 22 has
190 3345 95 25 lowered
304 3344 37 23 the
361 3344 60 31 price
440 3343 26 23 of
489 3350 75 24 sperm
585 3342 31 23 oil
626 3341 50 30 fifty

96 3385 63 20 cents
169 3388 40 24 per
220 3378 84 32 gallon,
317 3385 25 15 or
354 3377 52 24 £25
424 3383 41 24 per
485 3381 48 18 tun.
580 3375 59 24 This
657 3374 19 24 is

96 3414 93 24 another
195 3419 73 19 .cause
280 3409 74 24 which
364 3415 62 18 must
437 3414 37 19 act
484 3416 66 24 every
560 3408 74 24 where
654 3412 23 20 to

96 3448 39 23 the
146 3447 161 28 disadvantage
319 3443 24 23 of
360 3450 75 24 sperm
442 3442 39 23 oil.
517 3442 24 24 It
549 3441 46 24 will
607 3441 70 23 either

98 3480 106 24 diminish
215 3479 39 24 the
261 3476 96 25 demand
365 3476 34 23 for
406 3483 76 23 sperm
491 3475 31 23 oil
529 3475 24 22 in
562 3474 115 28 America,

98 3522 25 15 or
134 3517 93 28 prevent
237 3513 19 22 it
264 3511 59 23 from
334 3509 68 30 being
413 3514 29 17 on
453 3508 39 22 the
503 3508 108 24 increase.
629 3511 8 4 *
649 3508 28 23 In

94 3548 42 24 •the
146 3548 83 24 former
240 3552 53 16 case
310 3542 108 25 America
437 3541 46 26 will
503 3541 54 22 send
574 3548 63 16 more
657 3545 22 18 to

99 3581 92 31 Europe
211 3579 55 25 than
284 3575 141 28 heretofore;
447 3575 25 22 ia
491 3574 37 23 the
547 3573 74 29 latter,
641 3574 38 22 she

100 3622 51 22 may
164 3621 25 16 or
199 3620 52 23 may
263 3619 26 16 or
300 3615 47 23 not,
365 3610 116 29 contigent
501 3614 60 24 upon
580 3607 101 23 whether

100 3647 45 24 this
157 3646 88 32 portion
256 3644 26 24 of
296 3643 59 24 their
365 3642 86 31 fishing
468 3642 20 22 is
500 3640 117 26 increased
628 3638 54 25 with

101 3687 99 17 success.
214 3702 3 3 .
244 3676 75 25 While
340 3684 32 16 we
394 3683 38 16 are
443 3682 30 16 on
485 3673 44 24 this
541 3672 96 32 subject,
650 3680 31 15 we

93 3713 81 24 -would
196 3711 69 24 invite
288 3709 39 26 the.
333 3732 4 3 .
345 3709 112 25 attention
475 3708 26 22 of
526 3714 41 16 our
587 3710 96 25 country,

101 3746 86 24 friends
199 3744 71 25 tothe
282 3742 89 24 articles
387 3746 23 19 to
421 3741 73 24 which
508 3748 31 15 we
550 3739 58 25 have
618 3737 65 26 made

101 3780 122 24 reference.
265 3775 26 25 If
312 3775 38 24 the
367 3775 135 24 Americans
520 3781 42 16 can
573 3772 68 24 make
654 3771 28 25 oil

102 3812 118 31 profitably
231 3810 58 25 from
301 3809 53 31 pigs
364 3808 36 24 fed
412 3807 96 31 entirely
519 3814 61 24 upon
601 3805 81 24 Indian

103 3853 61 21 corn,
176 3852 33 17 we
217 3842 81 26 should
308 3841 66 24 think
385 3842 19 22 it
415 3841 73 30 might
505 3840 28 24 be
552 3838 67 26 made
629 3838 54 25 with

93 3900 4 4 .
102 3885 89 25 greater
195 3877 66 32 profit
267 3876 57 23 fcora
330 3875 50 31 pigs
386 3874 35 23 fed
427 3881 62 24 upon
493 3873 57 29 fern,
557 3873 44 24 and
606 3871 77 31 finally

103 3913 35 23 for
145 3920 14 16 a
165 3911 63 24 short
237 3908 78 33 period
327 3915 35 17 on.
368 3907 83 24 Indian
462 3914 62 17 corn.
552 3906 25 24 A
588 3913 49 17 new
648 3906 35 24 in-

102 3945 123 25 .duceroent
235 3944 21 22 is
267 3941 85 25 offered
363 3945 22 20 to
394 3948 50 16 rear
451 3941 61 30 pigs,
521 3939 45 24 and
577 3939 39 24 the
625 3937 58 33 right

103 3985 28 21 pr
141 3981 59 21 most
210 3975 119 33 profitable
340 3973 67 26 breed
417 3973 45 25 will
470 3974 92 24 become
571 3980 15 16 a
599 3972 84 31 subject

1977 3843 51 25 The
2049 3841 82 25 Grand
2151 3841 58 30 Jury
2224 3838 66 25 made
2302 3838 39 23 the
2352 3834 113 29 following
2473 3834 42 28 p«'

1944 3873 131 28 sentiment.
2147 3894 5 5 .
2415 3889 5 12 /
2478 3896 7 7 ,
2503 3893 4 5 .

1978 3910 56 24 The-
2062 3908 81 25 Grand
2149 3901 10 15 N
2173 3907 58 31 Jury
2257 3906 26 23 in
2311 3902 135 29 concluding
2471 3901 45 43 twsj

1944 3937 90 31 labours'
2062 3940 149 34 respectfully
2228 3942 93 30 present
2337 3937 59 28 that,
2401 3932 10 28 I
2417 3935 53 25 from
2488 3932 28 19 tw

708 1446 94 29 Among
815 1443 36 23 the
864 1442 142 23 Ordinances
1018 1444 23 18 to
1060 1438 29 23 be
1101 1436 123 25 submitted
1237 1441 21 19 to

677 1478 37 24 the
726 1477 139 32 Legislative
878 1474 95 24 Council
992 1477 23 19 at
1035 1472 30 23 its
1077 1475 55 19 next
1152 1470 106 30 meeting,

677 1512 45 23 will
733 1509 110 33 probably
853 1509 29 23 be
894 1516 42 15 one
954 1512 22 17 to
989 1505 80 24 enable
1080 1503 38 24 the
1136 1503 89 24 Branch
1238 1503 23 23 of

678 1545 37 23 the
728 1544 79 24 Union
818 1542 70 24 Bank
908 1538 136 26 established
1056 1538 61 27 here,
1130 1541 25 19 to
1164 1544 40 16 sue
1217 1536 44 23 and

678 1582 22 19 to
720 1578 28 22 be
766 1576 57 23 sued
842 1576 25 22 in
886 1575 39 22 the
948 1580 67 17 name
1040 1571 24 23 of
1088 1571 30 23 its
1145 1576 115 24 manager.

679 1611 50 23 The
738 1610 71 24 result
820 1608 25 24 of
855 1607 55 23 such
922 1614 28 16 an
961 1606 138 25 Ordinance,
1112 1603 81 23 should
1204 1603 18 22 it
1232 1602 30 23 be

678 1643 89 32 passed,
780 1641 45 24 will
832 1641 66 24 affect
910 1648 25 15 so
945 1639 80 31 deeply
1037 1637 37 23 the
1086 1636 89 23 welfare
1183 1636 25 23 of
1217 1635 45 23 this

679 1676 146 30 community,
838 1674 50 23 that
898 1681 33 15 we
942 1672 44 24 feel
1004 1672 20 23 it
1041 1676 22 18 to
1076 1670 27 23 be
1115 1677 41 15 our
1173 1669 54 31 duty
1239 1673 23 19 to

679 1710 56 23 offer
746 1716 63 17 some
820 1707 155 25 observations
985 1712 64 24 upon
1060 1703 38 23 the
1110 1702 96 31 subject.

714 1743 24 23 It
748 1742 74 30 might
832 1741 29 23 be
873 1740 90 30 enough
974 1743 23 18 to
1009 1742 59 19 state
1086 1736 48 23 that
1147 1736 36 23 the
1194 1735 69 24 Bank

681 1777 22 22 in
716 1775 96 30 seeking
822 1775 35 22 for
867 1781 14 16 a
891 1772 126 32 legislative
1029 1770 156 30 interposition
1197 1769 22 22 in
1232 1769 31 22 its

681 1809 83 28 behalf,
770 1810 20 21 is
797 1807 77 24 bound
880 1811 22 18 to
910 1811 47 18 rest
965 1806 29 22 its
1001 1804 65 24 claim
1074 1810 29 16 on
1109 1810 62 15 some
1178 1801 86 31 ground

681 1843 24 22 of
715 1842 76 32 public
802 1840 85 30 utility.
924 1838 23 25 It
958 1839 19 22 is
990 1837 84 30 asking
1085 1836 34 22 for
1132 1843 15 15 a
1158 1834 106 32 privilege

682 1874 120 33 possessed
813 1874 29 30 by
856 1881 28 15 no
896 1872 64 23 other
980 1870 91 30 trading
1088 1867 141 33 partnership
1242 1869 22 22 in

682 1909 37 23 the
744 1908 72 31 place,
834 1906 45 24 and
897 1906 18 22 it
936 1909 62 19 must
1017 1904 24 22 in
1060 1902 65 24 order
1148 1906 23 18 to
1188 1901 77 23 entitle

682 1942 63 24 itself
754 1946 23 18 to
789 1941 46 23 this
844 1938 118 32 privilege,
975 1944 69 25 prove
1062 1936 38 23 the
1112 1930 154 41 performance

682 1982 30 17 on
722 1975 31 22 its
763 1978 52 27 part
826 1973 26 23 of
866 1979 62 16 some
938 1971 104 23 function
1058 1968 75 30 highlj
1150 1966 117 37 beneficial

684 2012 22 19 to
725 2007 37 24 the
880 2003 44 24 and
945 2001 118 32 incapable
1072 2000 28 24 of
1116 1999 108 32 complete
1243 2006 24 16 or

684 2039 143 30 satisfactory
839 2037 120 23 execution
970 2035 95 23 without
1076 2033 39 24 the
1125 2032 107 32 privilege
1244 2034 24 21 in

685 2073 112 31 question.
834 2070 55 24 And
907 2069 88 23 besides
1016 2067 46 23 this
1074 2068 17 22 it
1110 2067 20 23 is
1150 2065 75 25 bound
1246 2070 22 18 to

686 2106 84 24 submit
780 2110 23 18 to
816 2104 112 23 whatever
933 2101 134 24 limitations
1074 2099 44 24 and
1129 2098 140 25 restrictions

686 2147 51 22 may
748 2139 28 23 be
787 2136 110 32 imposed,
910 2136 44 23 and
971 2139 23 19 to
1008 2134 56 30 obey
1076 2133 112 23 whatever
1199 2139 70 22 regu-

686 2173 82 23 lations
780 2171 54 23 with
844 2169 81 32 regard
936 2173 23 19 to
972 2166 136 31 conducting
1117 2166 30 23 its
1157 2165 112 27 business,

688 2213 50 22 may
751 2205 29 23 be
788 2203 131 32 prescribed
936 2202 30 30 by
978 2201 38 23 the
1027 2199 152 31 Legislature,
1190 2205 26 16 as
1232 2198 39 23 the

688 2238 114 24 condition
814 2237 25 23 of
849 2236 37 23 the
897 2239 67 28 grant
975 2234 26 23 of
1009 2241 45 24 any
1066 2232 56 23 such
1133 2238 74 25 power
1218 2238 25 16 as
1254 2231 18 22 it

688 2271 74 24 seeks.
798 2270 44 23 We
855 2269 87 23 believe
952 2267 51 24 that
1020 2267 45 23 this
1075 2272 76 25 power
1171 2265 19 23 is
1201 2264 70 24 need-

689 2305 44 23 less
751 2304 45 24 and
813 2311 52 22 may
875 2302 29 23 be
923 2300 152 25 mischievous
1086 2307 6 21 ;
1114 2298 42 23 but
1175 2297 97 24 whether

689 2338 46 23 this
747 2337 92 32 opinion
851 2337 28 22 be
890 2335 52 23 well
953 2342 24 16 or
994 2334 27 23 ill
1038 2331 107 28 founded,
1157 2331 63 23 there
1230 2338 43 16 can

689 2372 28 22 be
737 2378 30 16 no
787 2370 71 23 doubt
869 2368 25 24 of
910 2368 38 23 the
965 2366 114 31 necessity
1091 2365 25 24 of
1131 2372 64 15 some
1214 2368 60 19 most

689 2405 113 29 stringent
818 2402 141 32 regulation*
975 2401 24 22 in
1011 2399 66 24 order
1093 2403 23 19 to
1128 2397 85 32 qualify
1229 2396 45 24 and

691 2438 73 31 guard
775 2438 31 22 its
816 2436 110 23 exercise.

724 2471 51 23 The
786 2469 81 24 Union
879 2467 68 25 Bank
962 2474 47 16 was
1029 2464 137 25 established
1185 2464 22 23 in
1227 2463 46 23 this

690 2504 63 32 place
764 2503 54 23 with
830 2510 14 16 a
860 2501 42 24 full
923 2499 133 30 knowledge
1077 2498 25 23 of
1117 2499 39 22 the
1174 2497 99 22 circum-

691 2542 89 19 stances
791 2537 24 22 in
826 2535 73 23 which
911 2535 18 23 it
938 2533 73 24 would
1032 2533 27 23 be
1076 2530 87 33 placed.
1166 2542 33 5 —
1199 2530 77 29 Every

691 2571 57 28 risk,
771 2570 45 23 and
838 2568 39 24 the
898 2566 64 25 risks
983 2573 59 16 were
1072 2571 130 20 numerous,
1229 2570 47 16 was

691 2605 104 22 foreseen
806 2602 43 24 and
871 2599 109 33 provided
1000 2599 43 23 for.
1091 2598 35 23 Its
1150 2596 127 32 operations

692 2645 58 15 were
762 2634 111 32 arranged
883 2634 43 23 and
938 2633 57 23 have
1002 2632 59 23 been
1072 2631 89 24 carried
1171 2633 38 20 out
1218 2637 60 23 upon

691 2669 124 32 principles
826 2667 45 25 and
881 2668 22 22 in
915 2674 14 16 a
940 2666 66 24 mode
1018 2665 53 30 only
1089 2669 23 19 to
1132 2664 28 23 be
1176 2662 102 32 justified

693 2704 31 30 by
735 2703 38 23 the
783 2701 101 32 peculiar
897 2700 175 23 circumstances
1081 2699 24 22 in
1116 2697 75 23 which
1202 2700 19 19 it
1231 2704 48 15 was

696 2742 22 17 to
729 2736 29 23 be
769 2734 87 32 placed.
858 2746 34 5 —
893 2733 102 24 Because
1007 2732 39 23 the
1055 2731 80 30 colony
1145 2737 45 16 was
1209 2730 23 22 in
1251 2737 28 16 an

697 2769 116 24 uncertain
821 2767 107 32 position,
940 2765 118 24 uncertain
1079 2772 24 15 as
1122 2762 108 32 regarded
1243 2762 38 24 the

696 2806 93 20 amount
801 2802 24 23 of
834 2801 93 23 busines
939 2803 23 19 to
973 2799 28 23 be
1013 2797 134 29 conducted,
1159 2796 37 23 the
1207 2803 75 23 power

697 2836 24 23 of
736 2834 151 30 maintaining
898 2841 13 16 a
929 2840 68 24 paper
1016 2839 108 23 currency
1126 2843 33 3 —
1161 2830 36 23 the
1216 2829 66 23 value

698 2869 24 23 of
738 2869 117 23 securities
867 2867 34 23 for
921 2866 111 24 advances
1032 2877 33 4 —
1067 2865 43 23 and
1128 2863 39 24 the
1188 2867 91 19 amount

698 2902 44 24 and
759 2907 149 26 permanence
931 2899 25 24 of
980 2906 45 23 any
1041 2901 81 28 export
1139 2895 63 25 trade
1202 2908 34 4 —
1238 2895 38 24 the

698 2935 118 25 Directors
837 2934 26 23 of
886 2933 38 23 the
943 2932 69 24 Bank
1036 2930 77 24 issued
1130 2934 65 19 notes
1206 2928 75 24 which

700 2976 57 16 were
768 2973 41 18 not
819 2965 142 26 redeemable
972 2966 24 23 in
1009 2966 82 30 specie,
1105 2963 44 24 and
1159 2961 125 25 demanded

699 3010 15 16 a
722 3006 47 20 rate
781 3001 26 24 of
821 3002 95 22 interest
932 2999 44 23 and
995 3006 32 16 an
1042 3001 93 20 amount
1147 2996 25 24 of
1187 2996 98 30 security

698 3033 160 34 proportioned
870 3038 23 19 to
905 3032 38 24 the
955 3031 114 31 imagined
1080 3030 57 24 risk.
1185 3029 54 23 And
1259 3029 24 23 in

700 3076 67 23 every
779 3067 136 24 transaction
936 3066 47 23 into
993 3064 77 24 -which
1089 3064 39 23 the
1140 3062 112 31 Manager
1263 3062 30 23 oi«

701 3102 37 23 the
748 3100 68 25 Bank
825 3100 43 24 has
880 3099 91 24 entered
982 3099 64 23 since
1064 3097 31 24 its
1116 3095 171 25 establishment

702 3135 38 24 the
752 3139 85 28 system
848 3132 119 33 originally
977 3132 47 23 laid
1035 3130 65 24 down
1111 3130 31 31 by
1155 3129 37 24 the
1202 3128 84 25 Direc-

701 3173 49 19 tors'
769 3168 41 23 has
830 3167 58 24 been
903 3165 119 31 inflexibly
1041 3163 109 33 pursued.
1187 3161 38 28 IJe
1245 3162 43 23 has

701 3201 112 32 persisted
831 3201 25 22 in
884 3199 117 31 requiring
1022 3206 31 22 tip
1081 3202 24 19 to
1130 3196 39 24 the
1197 3200 92 26 present

701 3238 101 20 moment
821 3241 15 15 a
853 3237 48 19 rate
921 3231 24 24 of
966 3233 96 22 interest
1084 3231 61 29 forty
1163 3236 41 24 per
1227 3232 60 20 cent.

703 3267 80 31 higher
795 3267 54 23 than
861 3266 41 22 has
914 3265 57 23 been
980 3264 36 24 for
1026 3272 14 16 a
1047 3261 154 26 considerable
1208 3262 81 31 period

703 3299 126 25 demanded
842 3299 30 30 by
884 3298 38 23 the
933 3297 64 24 other
1008 3297 110 23 branches
1131 3295 26 24 of
1171 3294 38 24 the
1227 3302 62 17 same

703 3334 70 24 Bank
784 3331 139 26 established
941 3332 25 22 in
981 3330 40 24 the
1039 3329 170 32 neighbouring
1228 3328 62 24 colo-

704 3368 12 23 n
716 3368 12 23 i
729 3375 32 21 eSj
762 3379 33 5 —
797 3374 29 16 aia
828 3366 14 23 d
854 3365 28 24 he
903 3365 42 23 has
958 3363 125 31 uniformly
1103 3361 125 25 demanded
1246 3361 45 24 and

704 3400 104 24 received
830 3407 29 16 an
882 3401 94 20 amount
1003 3397 26 24 of
1061 3397 101 30 security
1192 3395 35 24 for
1255 3394 36 24 his

705 3434 111 23 advances
839 3431 73 24 which
932 3430 75 24 would
1023 3430 58 24 have
1109 3430 58 24 been
1196 3429 24 23 in
1248 3428 43 24 the

706 3468 91 30 highest
808 3466 81 31 degree
899 3463 164 25 unreasonable
1074 3462 73 25 under
1162 3469 44 24 any
1225 3461 67 24 other

706 3501 185 23 circumstances.
927 3497 37 31 By
974 3504 79 16 means
1063 3496 26 24 of
1102 3495 66 25 these
1178 3495 115 24 excessive

707 3534 118 23 securities
837 3531 44 24 and
894 3530 25 25 of
928 3529 45 24 this
983 3529 58 31 high
1055 3534 48 19 rate
1116 3528 24 24 of
1149 3529 96 23 interest
1254 3528 39 23 the

707 3567 76 23 affairs
793 3567 24 22 of
827 3565 39 24 the
877 3563 70 25 Bank
957 3563 58 24 have
1026 3563 58 23 been
1095 3570 26 16 so
1133 3561 125 25 conducted
1266 3569 25 15 as

708 3600 50 23 that
763 3601 29 23 its
799 3598 98 25 realized
901 3597 81 32 profits
987 3603 31 25 up
1027 3600 21 20 to
1054 3596 38 23 the
1097 3600 93 27 preseßt
1194 3599 101 19 moment

708 3633 84 23 exceed
804 3633 38 23 the
853 3635 94 20 amount
959 3630 24 24 of
990 3628 148 31 outstanding
1149 3628 88 29 claims,
1251 3628 44 24 and

709 3666 50 24 that
770 3666 20 23 if
804 3666 39 22 the
861 3664 72 24 whole
946 3663 25 24 of
984 3662 62 25 what
1063 3669 57 16 now.
1132 3662 100 23 remains
1251 3661 44 24 due

710 3704 23 18 to
744 3699 39 23 the
792 3697 174 26 establishment
977 3703 60 17 were
1046 3694 47 25 lost
1105 3695 19 23 it
1143 3694 75 24 would
1234 3694 30 24 he
1282 3702 14 16 a

710 3733 79 30 gainer
800 3732 30 31 by
841 3732 30 23 its
882 3730 154 24 transactions
1042 3729 25 23 in
1075 3728 46 25 this
1133 3728 72 31 place.
1241 3727 56 24 And

710 3765 65 24 when
787 3772 28 17 an
826 3764 131 24 institution
968 3762 24 24 of
1009 3762 46 24 this
1069 3766 80 19 nature
1160 3765 76 19 enters
1247 3762 49 22 into

710 3807 14 15 a
735 3798 141 32 speculation
888 3796 54 25 with
954 3796 45 24 this
1009 3795 42 24 full
1062 3794 135 31 knowledge
1215 3794 24 24 of
1256 3794 40 23 the

709 3832 101 32 possible
820 3830 71 29 risks,
903 3829 99 33 shaping
1012 3829 32 23 its
1060 3828 71 24 whole
1147 3826 151 33 proceedings

711 3873 26 16 so
756 3873 25 16 as
802 3869 22 20 to
843 3863 93 34 provide
954 3863 35 24 for
1009 3862 32 24 all
1058 3854 176 38 contingencies,
1253 3861 46 23 and

712 3898 56 25 does
776 3900 26 23 in
813 3899 47 23 fact
877 3896 83 25 realize
977 3904 14 16 a
1009 3894 155 25 considerable
1183 3894 68 34 profit
1267 3894 32 31 by

713 3932 37 24 the
773 3931 147 31 transaction,
938 3934 41 19 not
997 3928 87 31 merely
1095 3928 43 23 has
1146 3927 20 22 it
1175 3934 30 17 no
1217 3927 50 24 title
1276 3931 23 20 to

714 3965 122 26 additional
859 3963 107 31 security,
989 3962 55 23 but.
1050 3968 34 17 we
1102 3967 40 17 are
1160 3959 93 28 entitled
1275 3963 24 20 to

1268 134 59 24 infer
1349 131 49 24 that
1415 137 45 23 any
1491 127 137 33 application
1650 129 24 23 a£
1695 124 38 23 the
1757 127 94 27 present

1269 169 100 21 moment
1380 164 35 23 for
1425 169 86 24 powers
1523 160 74 24 which
1604 160 20 22 it
1629 158 42 23 has
1679 164 68 16 never
1752 156 99 23 hitherto

1269 197 106 33 required
1385 200 61 19 must
1456 195 29 23 he
1496 193 65 25 made
1573 193 36 23 for
1629 197 63 18 some
1712 190 65 23 other
1796 196 55 23 pur-

1269 239 55 24 pose
1334 230 55 23 than
1399 228 51 24 that
1470 228 26 23 of
1516 226 108 30 enabling
1645 224 30 23 its
1696 222 113 29 Manager
1829 226 23 18 to

1270 264 106 24 continue
1397 261 36 24 his
1457 259 158 25 transactions.
1662 256 24 24 It
1704 256 19 23 is
1744 254 34 24 far
1792 261 61 16 more

1270 296 110 33 probably
1392 294 37 24 the
1441 294 52 24 first
1508 298 51 26 step
1575 290 97 25 towards
1692 298 15 14 a
1725 287 138 39 settlement

1272 330 24 23 of
1311 331 31 21 its
1354 328 75 23 affairs
1440 328 25 22 in
1477 327 46 23 this
1533 326 64 31 place
1610 332 25 15 as
1645 332 13 14 a
1674 321 146 32 preliminary
1831 324 23 19 to

1272 364 29 22 its
1314 360 137 25 withdrawal
1462 360 58 24 from
1531 359 39 23 the
1582 357 88 29 colony.

1307 395 48 24 Not
1373 393 85 31 merely
1469 393 102 23 however
1582 390 43 23 has
1637 390 37 23 the
1686 387 109 33 privilege
1807 393 48 16 now

1273 428 84 30 sought
1368 426 29 31 by
1410 426 38 23 the
1460 425 69 24 Bank
1539 425 57 22 been
1613 422 84 32 proved
1709 426 22 19 to
1747 421 30 23 be
1787 419 69 24 need-

1273 462 47 24 less
1332 461 24 22 in
1368 460 64 23 order
1450 464 23 18 to
1484 459 39 23 the
1539 456 118 33 profitable
1678 454 97 24 conduct
1786 453 24 24 of
1827 453 30 22 its

1274 494 113 27 business,
1397 492 44 23 and
1450 491 85 31 unjust,
1545 498 25 15 as
1578 491 30 22 its
1617 489 95 23 absence
1722 487 41 23 has
1773 486 83 30 always

1274 526 87 25 formed
1373 533 28 16 an
1413 525 97 24 element
1522 525 22 22 in
1555 522 65 25 those
1629 520 147 25 calculations
1787 519 24 23 of
1820 519 37 22 the

1274 560 120 24 Directors
1404 566 63 23 upon
1478 557 73 23 which
1566 555 45 24 this
1628 553 86 25 branch
1725 560 46 16 was
1784 552 73 23 estab-

1275 592 81 28 lished,
1368 592 42 23 but
1420 592 19 22 it
1450 590 74 24 would
1536 588 76 25 confer
1620 595 14 16 a
1645 594 74 24 power
1730 586 50 23 that
1787 585 71 31 might

1275 627 28 22 be
1316 624 109 25 exeouted
1436 628 24 19 at
1470 631 56 16 once
1535 627 23 19 to
1570 622 38 23 the
1618 625 59 19 utter
1687 620 51 22 ruin
1747 619 26 23 of
1782 618 76 31 nearly

1276 667 68 22 every
1354 656 124 25 individual
1489 657 23 22 in
1525 655 38 24 the
1570 653 147 29 community.
1753 651 31 24 In
1792 658 68 23 every

1276 696 95 25 country
1383 690 39 24 the
1439 689 82 30 selling
1539 688 61 31 price
1612 686 26 24 of
1651 689 108 28 property
1770 684 66 24 bears
1848 692 12 15 a

1276 725 85 24 certain
1374 724 91 23 definite
1477 722 94 23 relation
1592 725 23 18 to
1627 719 38 23 the
1677 722 94 20 amount
1783 717 24 24 of
1822 717 38 24 the

1276 757 135 30 circulating
1422 756 108 24 medium.
1566 754 35 23 To
1615 752 55 24 such
1683 752 24 22 of
1717 747 49 27 our*
1770 750 91 24 readers

1276 799 26 15 as
1315 798 38 15 are
1364 790 98 23 familiar
1473 788 55 24 with
1544 787 39 25 the
1603 785 88 31 subject
1709 792 44 23 any
1763 783 68 32 proof
1839 783 24 23 of

1277 824 47 24 this
1343 823 140 32 proposition
1503 822 20 22 is
1540 820 112 28 needless,
1666 818 44 23 and
1721 822 23 19 to
1756 817 76 23 others
1844 817 18 22 it

1277 865 54 23 may
1340 856 28 23 be
1378 856 65 23 made
1452 853 133 32 intelligible
1595 853 30 30 by
1635 852 37 23 the
1683 851 148 31 depretiation
1839 849 25 24 of

1278 890 83 24 almost
1373 896 67 24 every
1450 888 87 31 species
1544 886 25 24 of
1578 890 106 27 property
1694 884 48 24 that
1753 883 41 23 has
1806 883 57 24 been

1278 922 115 33 produced
1400 922 78 23 within
1486 921 38 23 the
1533 921 44 22 last
1587 926 63 24 year,
1658 917 97 31 through
1764 916 37 24 the
1810 924 52 15 con-

1279 956 98 24 traction
1389 955 24 23 of
1422 955 39 23 the
1472 954 73 23 issues
1557 952 25 24 of
1599 951 38 24 the
1655 950 76 24 Bank.
1776 949 26 23 If
1811 948 53 24 then

1281 989 38 24 the
1331 987 69 25 Bank
1412 987 83 24 should
1510 994 42 16 use
1570 985 38 24 the
1626 991 75 25 power
1712 983 35 23 for
1757 981 74 24 which
1847 982 18 22 it

1281 1023 19 23 is
1312 1029 52 16 now
1375 1021 115 32 applying,
1503 1019 44 24 and
1559 1027 33 15 we
1609 1025 51 23 may
1672 1017 28 23 be
1713 1015 93 24 assured
1817 1015 49 23 that

1281 1055 64 24 there
1356 1056 21 23 is
1396 1061 29 16 no
1446 1053 112 23 intention
1578 1056 23 19 to
1620 1051 64 23 allow
1695 1050 19 23 it
1733 1053 22 19 to
1767 1052 50 20 rust
1827 1048 37 24 for

1282 1093 60 19 Want
1353 1088 25 24 of
1388 1087 109 27 exercise,
1507 1086 19 22 it
1540 1093 54 22 may
1604 1084 33 30 by
1647 1092 13 15 a
1670 1089 162 25 perseverance
1843 1082 24 25 in

1282 1123 30 23 its
1324 1126 92 26 present
1427 1127 88 20 course,
1528 1126 26 16 so
1566 1117 106 24 diminish
1691 1116 37 24 the
1740 1119 93 20 amount
1844 1114 25 24 of

1283 1157 30 22 its
1326 1159 72 23 notes,
1405 1153 76 24 which
1491 1152 59 23 form
1562 1159 41 16 our
1615 1150 53 32 only
1677 1148 133 30 circulating
1818 1155 49 18 me-

1283 1188 71 28 dium,
1374 1195 25 16 as
1417 1192 22 18 to
1458 1185 68 24 make
1542 1185 39 23 the
1601 1184 61 30 price
1674 1183 26 22 of
1716 1182 30 22 all
1761 1186 108 29 property

1283 1221 59 24 little
1359 1228 62 16 more
1434 1220 54 24 than
1505 1218 110 25 nominal.
1651 1216 37 30 By
1698 1215 131 29 restricting
1839 1215 29 22 its

1284 1257 73 22 issues
1380 1255 18 22 it
1418 1252 134 26 diminishes
1571 1251 39 23 the
1629 1248 138 33 purchasing
1786 1255 82 23 power,

1285 1288 45 24 and
1342 1288 45 22 this
1406 1286 75 30 might
1501 1284 70 31 easily
1582 1284 28 23 be
1629 1282 85 23 carried
1731 1286 25 18 to
1767 1281 57 22 such
1840 1288 30 15 an

1285 1326 79 19 extent
1375 1328 25 15 as
1421 1319 49 24 that
1482 1319 112 23 whatever
1606 1320 106 29 property
1724 1322 44 15 was
1788 1313 83 24 offered

1285 1355 36 23 for
1333 1354 55 28 sale,
1399 1352 83 24 should
1493 1351 82 24 realize
1587 1350 54 30 only
1652 1357 29 15 an
1692 1347 179 25 inconsiderable

1285 1387 91 32 portion
1388 1390 39 19 not
1438 1384 86 31 meiely
1535 1384 26 24 of
1568 1384 30 23 its
1611 1382 95 31 original
1717 1381 70 31 price,
1797 1380 42 24 but
1851 1380 23 23 of

1287 1422 50 23 that
1349 1420 72 24 which
1430 1419 32 23 all
1473 1418 84 31 parties
1566 1415 75 26 would
1650 1415 43 24 feel
1703 1422 44 15 was
1757 1415 31 22 its
1798 1413 74 24 actual

1287 1454 74 23 value.
1397 1452 133 31 Supposing
1546 1450 50 24 that
1607 1457 25 15 as
1648 1452 107 27 property
1766 1455 46 15 was
1824 1446 49 24 sold

1288 1487 71 24 under
1372 1486 131 24 executions
1515 1488 23 19 at
1558 1483 38 24 the
1608 1483 46 23 suit
1665 1481 25 24 of
1706 1481 38 23 the
1755 1480 69 24 Bank
1835 1480 38 25 the

1288 1524 92 28 present
1401 1519 112 30 Manager
1531 1516 82 24 should
1633 1516 73 23 retain
1723 1515 24 22 in
1767 1513 37 23 his
1824 1521 50 16 own

1289 1554 80 28 hands,
1382 1561 24 15 as
1425 1560 33 15 we
1477 1559 53 22 may
1540 1550 29 23 be
1587 1548 94 25 assured
1702 1547 28 24 he
1741 1547 83 28 would,
1837 1547 37 23 the

1289 1587 72 23 whole
1375 1587 24 23 of
1414 1585 38 24 the
1464 1585 61 31 price
1537 1583 106 28 realized,
1654 1582 19 22 it
1690 1582 20 22 is
1720 1580 93 24 obvious
1826 1580 48 23 that

1289 1622 58 22 after
1358 1628 14 15 a
1383 1619 65 24 short
1468 1618 53 23 time
1542 1616 63 24 there
1618 1614 72 24 would
1710 1614 28 23 be
1750 1613 126 30 absolutely

1289 1661 30 16 no
1332 1660 81 23 money
1423 1651 42 24 left
1477 1650 127 24 wherewith
1617 1653 23 19 to
1651 1647 68 24 make
1731 1654 45 23 any
1787 1646 87 23 further

1289 1687 132 31 purchases,
1434 1684 45 24 and
1500 1687 106 28 property
1616 1681 74 31 might
1709 1681 28 22 be
1748 1679 87 31 bought
1853 1679 22 23 in

1292 1721 29 30 by
1333 1719 38 24 the
1384 1718 68 24 Bank
1464 1718 34 23 for
1509 1717 46 23 less
1571 1716 56 23 than
1645 1723 13 15 a
1669 1712 115 25 hundreth
1794 1716 50 27 part
1855 1712 24 23 of

1291 1755 30 22 its
1333 1752 96 31 original
1441 1752 68 30 price.
1546 1749 48 24 But
1606 1747 86 31 though
1704 1750 106 28 property
1819 1753 58 16 were

1292 1787 53 24 thus
1367 1784 127 33 recklessly
1516 1782 115 24 sacrificed
1634 1794 31 3 —
1667 1781 38 23 the
1727 1780 147 23 unfortunate

1292 1820 126 31 proprietor
1430 1817 73 24 would
1515 1821 41 18 not
1574 1815 39 24 the
1624 1815 46 23 less
1681 1813 29 24 be
1726 1813 69 23 liable
1807 1817 22 19 to
1841 1812 37 23 the

1293 1853 70 24 Bank
1375 1853 33 23 for
1426 1851 39 24 the
1484 1850 101 27 balance,
1599 1848 45 23 and
1664 1855 13 16 a
1689 1851 56 19 state
1757 1846 27 23 of
1802 1846 76 30 things

1293 1886 74 32 mighc
1378 1886 28 23 be
1417 1883 115 34 produced
1550 1883 29 31 by
1592 1890 26 15 so
1638 1880 69 24 much
1725 1887 62 16 more
1799 1879 82 23 fearful

1295 1921 54 23 than
1357 1927 42 23 any
1406 1917 73 25 which
1486 1917 63 24 other
1556 1916 97 24 colonies
1661 1914 57 23 have
1723 1912 156 32 experienced,

1295 1954 50 23 that
1355 1953 54 22 here
1421 1952 38 22 the
1470 1954 94 19 amount
1575 1949 24 22 of
1610 1948 38 23 the
1661 1954 110 23 currency
1784 1945 97 32 depends

1295 1994 61 22 upon
1368 1985 46 22 this
1425 1992 43 14 one
1479 1982 129 23 institution
1625 1980 73 23 alone.
1733 1979 77 22 There
1822 1978 20 21 is
1853 1985 28 15 no

1296 2025 83 25 person
1399 2018 24 22 in
1442 2016 39 23 the
1503 2015 63 31 place
1587 2013 51 23 who
1656 2019 60 16 owes
1735 2018 45 23 any
1791 2015 92 18 amount

1296 2052 103 22 however
1423 2048 74 29 small,
1522 2047 49 24 who
1597 2045 73 31 might
1691 2050 39 17 not
1753 2044 29 23 be
1805 2043 77 23 driven

1297 2083 99 31 through
1419 2091 29 15 an
1468 2081 118 24 Insolvent
1607 2079 90 28 Court;
1722 2076 110 31 although
1848 2077 36 23 bis

1298 2118 106 29 solvency
1424 2116 73 23 under
1515 2122 44 22 any
1571 2112 73 24 sound
1664 2117 87 25 system
1762 2109 74 24 would
1857 2110 27 22 be

1297 2151 91 31 beyond
1404 2158 14 15 a
1429 2148 112 32 question.
1577 2145 130 30 Assuredly
1718 2151 40 16 our
1780 2143 104 30 Legisla-

1299 2190 50 18 ture
1361 2184 45 23 will
1417 2189 71 25 pause
1500 2181 76 23 before
1585 2179 54 31 they
1647 2178 91 23 commit
1750 2185 14 15 a
1774 2184 75 24 power
1860 2184 24 14 so

1299 2217 131 24 irresistible
1443 2221 24 18 to
1478 2215 38 23 the
1533 2213 73 24 hands
1625 2212 24 23 of
1658 2220 44 22 any
1714 2210 59 31 body
1786 2210 24 23 of
1825 2217 59 21 men,

1300 2258 57 16 even
1367 2250 87 30 though
1475 2248 58 24 their
1554 2246 78 25 claims
1651 2250 23 18 to
1686 2243 129 25 confidence
1829 2250 57 15 were

1300 2285 36 23 far
1347 2288 89 27 greater
1452 2282 53 23 than
1525 2288 45 23 any
1583 2278 74 24 which
1670 2285 41 17 can
1729 2278 28 22 be
1770 2276 71 31 urged
1853 2276 34 23 for

1302 2318 39 23 the
1353 2317 79 23 Union
1446 2314 77 27 Bank.
1645 2332 10 12 ¥
1653 2330 4 3 -

1337 2355 52 24 And
1406 2355 19 23 it
1444 2358 61 20 must
1524 2352 29 24 be
1566 2350 87 25 further
1670 2350 71 23 borne
1752 2349 23 22 in
1787 2347 71 29 mind,
1871 2348 20 23 if

1303 2389 64 24 there
1378 2389 29 23 be
1419 2395 44 22 any
1474 2385 136 33 probability
1624 2384 24 22 of
1662 2383 48 23 loss
1721 2387 23 18 to
1756 2381 38 23 the
1813 2381 75 29 Bank,

1303 2422 75 24 which
1389 2429 33 16 we
1434 2420 28 23 do
1479 2424 39 19 not
1537 2418 95 27 believe,
1653 2415 87 31 though
1759 2415 19 23 it
1796 2415 45 23 will
1862 2422 27 16 no

1304 2455 71 24 doubt
1386 2455 28 23 be
1426 2452 144 31 strenuously
1582 2450 72 31 urged
1666 2457 60 23 upon
1747 2448 39 23 the
1805 2448 85 30 Legis-

1304 2489 69 23 lative
1387 2486 104 29 Council,
1503 2485 51 24 that
1564 2485 46 25 thjs
1622 2483 42 24 has
1676 2481 101 24 resulted
1796 2481 94 30 entirely

1304 2523 59 22 from
1376 2522 29 23 its
1417 2528 51 16 own
1481 2518 157 33 proceedings.
1683 2515 40 32 Up
1747 2519 23 19 to
1783 2523 13 14 a
1807 2515 83 22 certain

1305 2555 80 32 period
1400 2554 39 23 the
1461 2553 112 30 Manager
1594 2548 141 31 encouraged
1753 2547 139 32 speculation

1307 2589 26 23 of
1357 2588 82 24 almost
1458 2594 43 23 any
1521 2584 56 24 kind
1595 2584 30 30 by
1644 2584 37 22 his
1693 2582 67 30 ready
1773 2581 118 23 advances.

1307 2622 38 31 By
1357 2622 38 23 the
1412 2620 106 25 facilities
1538 2617 73 24 which
1629 2617 29 22 he
1677 2614 100 25 afforded
1794 2614 44 24 and
1856 2614 37 24 the

1307 2656 64 30 large
1383 2655 74 23 issues
1468 2652 70 24 which
1552 2652 28 22 he
1592 2650 73 28 made,
1676 2649 83 31 parties
1784 2655 57 16 were
1857 2648 36 23 in-

1309 2689 80 28 duced,
1401 2687 45 24 and
1455 2688 24 21 in
1492 2693 69 22 many
1572 2691 65 16 cases
1648 2682 94 31 directly
1754 2681 142 31 encouraged

1310 2727 23 19 to
1346 2726 63 19 enter
1427 2727 61 24 upon
1506 2718 130 31 operations
1658 2715 73 24 which
1747 2714 75 24 would
1839 2714 56 23 have

1310 2756 57 23 been
1379 2753 138 33 imprudent,
1530 2755 81 27 except
1622 2757 61 24 upon
1694 2749 38 23 the
1744 2748 153 24 nnderstand-

1311 2790 39 29 ing
1363 2788 49 24 that
1423 2787 39 23 the
1475 2784 192 26 accommodation
1679 2782 96 31 granted
1792 2786 23 19 to
1835 2781 62 24 them

1311 2822 74 23 would
1395 2825 40 20 not
1445 2820 29 23 be
1485 2819 141 27 withdrawn,
1638 2816 44 24 and
1690 2815 74 25 would
1777 2815 20 24 if
1806 2815 90 24 needful

1311 2856 29 23 be
1347 2853 120 26 extended.
1498 2851 124 31 Suddenly,
1632 2850 94 24 without
1735 2857 45 23 any
1790 2853 108 27 apparent

1312 2897 75 21 cause,
1400 2886 110 30 certainly
1521 2885 96 24 without
1628 2892 44 22 any
1684 2890 67 16 cause
1761 2883 87 29 arising
1859 2886 40 19 out

1313 2923 25 23 of
1352 2921 39 24 the
1402 2921 176 23 circumstances
1587 2918 26 23 of
1628 2917 37 23 the
1677 2916 88 31 colony,
1786 2923 13 16 a
1818 2914 80 31 totally

1313 2955 104 24 different
1429 2958 85 27 system
1526 2960 45 15 was
1582 2950 106 32 adopted.
1728 2949 78 30 Every
1817 2948 83 31 engine

1314 2994 24 19 at
1359 2988 38 24 the
1420 2986 100 33 disposal
1541 2986 26 23 of
1592 2984 39 24 the
1655 2983 67 24 Bank
1745 2990 47 16 was
1814 2986 42 26 put
1876 2981 24 24 in

1313 3023 86 23 motion
1411 3026 23 18 to
1443 3024 100 20 contract
1556 3020 28 22 its
1592 3019 83 27 issues,
1684 3016 44 24 and
1739 3015 109 24 diminish
1860 3014 39 24 the

1315 3060 93 20 amount
1417 3054 24 24 of
1451 3055 30 22 its
1494 3053 119 23 advances.
1641 3050 45 24 We
1697 3049 57 24 need
1766 3053 40 19 not
1813 3048 89 24 trouble

1316 3088 114 25 ourselves
1443 3092 22 19 to
1477 3086 68 23 detail
1557 3085 39 23 the
1606 3083 84 24 results
1709 3082 25 24 of
1752 3081 46 25 this
1813 3081 45 24 line
1879 3081 26 23 of

1316 3121 96 25 conduct
1420 3130 7 20 ;
1449 3128 41 16 our
1501 3119 91 24 readers
1604 3118 43 23 hav
1646 3140 5 8 f
1648 3125 12 15 e
1677 3116 45 24 had
1733 3114 117 25 abundant
1860 3122 43 24 op-

1316 3155 136 32 portunities
1464 3153 24 25 of
1503 3152 141 30 witnessing,
1664 3149 45 25 and
1728 3149 64 23 there
1811 3155 38 17 are
1858 3147 46 24 few

1317 3189 50 23 who
1380 3189 56 23 have
1448 3191 41 19 not
1505 3184 150 33 experienced
1672 3184 30 23 its
1722 3182 86 24 effects.
1855 3181 49 24 But

1319 3222 62 23 there
1392 3222 21 23 is
1425 3227 43 17 one
1477 3219 72 24 result
1559 3218 76 23 which
1654 3224 34 16 we
1705 3220 63 20 must
1788 3215 116 31 distinctly

1318 3255 106 28 indicate,
1436 3254 98 23 because
1545 3253 19 23 it
1574 3252 43 23 has
1629 3259 14 15 a
1653 3250 71 24 direct
1735 3250 96 29 bearing
1842 3255 62 25 upon

1319 3289 38 23 the
1370 3287 104 32 question
1491 3285 74 25 which
1587 3293 35 15 we
1639 3292 38 16 are
1696 3290 51 17 now
1765 3282 139 31 discussing.

1320 3321 77 31 Every
1416 3319 125 25 individual
1564 3318 50 24 who
1637 3325 47 16 was
1706 3315 107 25 indebted
1831 3320 24 18 to
1866 3314 39 24 the

1321 3354 68 25 Bank
1400 3354 35 24 for
1448 3354 111 23 advances
1571 3351 106 24 intended
1695 3354 23 20 to
1737 3349 29 24 be
1787 3348 118 32 employed

1319 3389 25 23 in
1355 3391 136 29 permanent
1506 3387 179 30 improvements
1695 3382 71 25 found
1784 3381 36 24 his
1839 3389 66 16 mean

1321 3422 26 23 of
1360 3425 110 28 payment
1487 3419 63 24 dried
1569 3426 41 23 up,
1627 3416 45 25 and
1691 3416 54 24 thus
1756 3415 95 23 without
1862 3422 45 24 any

1321 3455 58 24 fault
1389 3454 24 24 of
1427 3454 38 22 his
1484 3460 58 21 own,
1563 3451 95 24 without
1670 3454 173 26 extravagance,
1862 3448 45 23 and

1323 3496 56 17 even
1387 3487 96 24 without
1493 3484 154 32 imprudence,
1667 3483 120 31 excepting
1800 3489 25 16 so
1836 3481 35 24 far
1883 3488 24 17 as

1323 3530 25 16 as
1358 3522 19 23 it
1389 3528 46 16 was
1446 3519 131 32 imprudent
1587 3522 25 19 to
1624 3521 60 20 trust
1695 3516 38 23 the
1744 3515 59 32 good
1814 3515 58 24 faith
1885 3515 26 24 of

1323 3556 38 23 the
1373 3553 77 29 Bank,
1462 3553 29 23 he
1503 3560 46 15 was
1564 3551 43 24 left
1625 3549 89 33 subject
1731 3554 23 19 to
1776 3556 14 16 a
1809 3548 99 24 burthen

1323 3589 59 23 from
1394 3586 75 25 which
1488 3585 71 24 under
1578 3585 40 23 the
1636 3588 61 20 most
1716 3582 131 25 favourable
1865 3582 44 23 cir-

1324 3626 143 20 cumstances
1477 3619 29 24 he
1517 3618 66 24 could
1598 3617 54 31 only
1670 3617 84 24 relieve
1771 3615 94 24 himself
1878 3615 33 31 by

1324 3662 66 25 years
1411 3654 25 24 of
1452 3652 88 32 painful
1561 3650 115 32 frugality.
1712 3650 78 23 These
1804 3655 105 26 persons,

1324 3695 125 21 moreover,
1470 3694 33 15 we
1522 3685 97 28 believe,
1640 3683 95 25 without
1754 3691 14 16 a
1785 3682 73 31 single
1869 3690 42 16 ex-

1325 3722 97 32 ception,
1446 3720 57 24 have
1522 3719 68 32 given
1608 3722 24 19 to
1650 3717 38 24 the
1707 3716 69 25 Bank
1795 3716 117 24 securities

1324 3763 57 23 very
1396 3755 34 23 far
1450 3753 124 30 exceeding
1596 3752 25 23 in
1638 3751 66 23 value
1722 3750 38 24 the
1779 3753 94 20 amount
1890 3748 25 24 of

1326 3796 45 25 any
1382 3795 51 17 sum
1445 3786 74 24 which
1531 3793 52 23 may
1600 3785 58 24 have
1677 3784 59 24 been
1754 3782 117 25 advanced
1889 3786 24 19 to

1327 3822 72 29 them,
1410 3820 46 25 and
1465 3821 19 23 it
1497 3818 73 25 wonld
1587 3818 30 24 be
1636 3817 61 25 cruel
1716 3817 25 24 in
1755 3817 40 23 the
1804 3820 110 23 extreme,

1326 3856 46 24 and
1387 3853 132 34 practically
1535 3856 62 20 most
1617 3851 80 32 unjust
1712 3855 23 20 to
1752 3857 84 25 expose
1852 3849 63 23 them

1328 3889 94 24 without
1441 3887 129 32 protection
1587 3890 24 19 to
1629 3886 114 23 whatever
1764 3890 118 18 measures
1902 3889 15 17 a

1328 3922 115 24 mistaken
1454 3920 84 31 policy,
1550 3927 25 16 or
1586 3927 14 15 a
1610 3918 85 31 feeling
1714 3918 24 23 of
1759 3916 119 29 irritation,
1890 3922 26 17 or

1328 3956 39 24 the
1392 3954 148 23 instructions
1569 3952 27 23 of
1620 3952 86 29 parties
1732 3949 130 25 indifferent
1891 3954 26 17 or

2401 84 1 12 c
