2529 3989
31 36 2411 108 THE

31 144 381 107 NEW
539 144 888 107 ZEALAND
1554 144 888 107 GAZETTE

31 251 2411 108 AND

31 359 1085 107 BRITANNIA
1237 359 1205 107 SPECTATOR.

560 530 130 35 PORT
711 527 286 36 NICHOLSON,
1018 522 259 35 SATURDAY
1561 518 189 34 AUGUST
1773 521 52 34 22,
1846 520 91 29 1840.

2415 513 29 35 I.

32 542 86 38 -NV
123 576 6 6 r
127 536 74 45 2d.J

87 632 82 22 W3W
188 630 169 22 ZEALAND
376 627 183 23 COMPANY.

32 685 99 30 Ojapita^
141 685 117 26 £100,000,
272 683 24 21 in
306 684 55 20 4000
369 681 82 23 Shares
460 680 25 22 of
495 679 48 22 £25
553 676 63 28 each,

254 710 32 22 all
295 709 52 28 paid
356 716 37 20 up.

101 767 2 7 '
113 766 119 22 Governor
237 771 7 15 :
257 760 53 26 Tlie
316 763 65 21 Earl
391 769 27 14 of
427 761 114 23 Durham.

76 799 98 28 Deputy,
178 798 129 23 Governor:
322 796 87 21 Joseph
423 795 81 26 Somes,
519 793 54 28 Esq.

263 830 115 22 Directors
386 836 6 15 :

88 858 62 24 Lord
160 858 70 26 Petre,

88 884 63 22 Hon.
162 884 90 22 Francis
261 883 91 26 Baring,
363 882 69 26 M.P.,

86 911 62 21 John
159 910 100 21 Ellorker
268 909 110 23 Boulcott,
395 908 60 24 Esq.,

87 936 60 21 John
159 934 97 21 William
267 932 92 26 Buckle,
370 932 60 26 Esq.,

87 960 87 25 Russell
185 960 76 26 Ellice,
272 958 61 28 Esq.,
341 969 5 3 -

86 988 79 23 James
174 986 80 23 Brodie
265 985 99 27 Gordon;
376 985 61 27 Esq,,

87 1015 98 22 Thomas
193 1013 66 22 Alere
270 1012 106 26 Hankey,
386 1011 61 29 Esq.,

89 1041 97 22 William
198 1040 59 21 Hutt
273 1038 61 28 Esq.,
346 1038 68 27 M:P.,

88 1069 95 23 S.tewart
192 1066 161 28 Majoribanks,
366 1065 60 27 Esq.,

89 1096 35 21 Sir
134 1094 98 22 William
242 1091 151 27 Molesworth,
402 1091 70 27 Bart.,
481 1089 70 28 M.P.,

90 1120 130 24 Alexander
229 1119 79 26 Nairn,
320 1118 60 28 Esq.,

89 1148 62 22 John
161 1147 66 27 Pirie,
237 1146 60 27 Esq.,
310 1145 130 26 Alderman,

89 1175 36 22 Sir
135 1174 88 26 George
233 1172 100 26 Sinclair,
345 1172 72 26 Bart.,-
425 1171 69 26 M.-P.,

88 1201 64 25 J.olin
162 1200 58 23 Abel
230 1198 80 27 Smith,
320 1199 61 27 Esq.,
392 1198 69 27 M.P.,

89 1228 60 22 Wm.
160 1228 135 27 Thompson,
308 1226 59 26 Esq.,
379 1224 130 27 Alderman,
520 1222 70 27 M:P.,

90 1256 35 21 Sir
135 1254 80 26 Henry
225 1252 78 27 Webb,
314 1252 69 27 Bart.,

91 1281 85 22 Arthur
185 1279 78 26 Willis,
275 1279 61 27 Esq.,

90 1308 88 26 George
189 1305 118 22 Frederick
317 1307 88 24 Young,
417 1303 53 28 Esq.

148 1341 128 25 Secretary:
292 1338 61 22 John
366 1337 82 27 Ward,
460 1337 52 28 Esq.

36 1400 91 51 THE
136 1400 61 22 main
206 1399 97 22 features
311 1399 25 20 of
343 1398 37 21 the
388 1402 82 24 system
478 1397 27 21 of
508 1395 115 24 coloniza-

110 1428 48 21 tion
169 1425 94 28 adopted
273 1425 30 27 by
314 1425 36 22 the
364 1425 121 27 Company,
501 1432 45 17 are,
548 1434 29 6 —
577 1424 44 25 -Ist,

35 1456 39 21 the
84 1454 45 23 sale
139 1454 26 21 of
175 1452 72 27 lands,
259 1456 25 17 at
298 1459 28 14 an
340 1451 99 22 uniform
453 1450 45 22 and
512 1449 112 23 sufficient
637 1454 1 31 j

37 1482 71 27 price;
126 1480 45 22 and
183 1479 76 26 2ndly,
276 1478 38 21 the
329 1478 152 27 employment
496 1476 26 22 of
535 1485 13 13 a
562 1475 61 26 large

37 1508 87 27 portion
134 1506 26 22 of
166 1505 36 22 the
212 1505 209 27 purchase-money,
432 1512 24 14 as
466 1511 28 15 an
505 1502 118 27 Immigra-

37 1535 47 21 tion
94 1533 71 22 Fund.
195 1532 28 21 In
233 1531 62 22 these
305 1535 103 23 respects,
425 1530 38 22 the
472 1530 119 27 principles
601 1529 26 21 of

37 1560 69 23 South
120 1559 113 22 Australia
248 1558 56 21 have
319 1558 57 21 been
391 1557 103 22 followed
507 1564 24 14 as
546 1555 78 28 nearly

33 1595 28 15 «a
80 1587 171 22 circumstances
266 1584 79 27 would,
366 1584 23 22 in
404 1583 38 23 the
459 1586 91 25 present
565 1589 57 20 case,
630 1593 3 6 -

37 1614 88 28 permit.

64 1640 48 23 The
125 1638 72 28 grand
212 1638 74 27 object
299 1637 27 22 of
340 1637 39 22 the
393 1644 56 19 new,
463 1643 25 15 or
499 1636 124 27 improved,

37 1671 84 24 system
131 1666 27 21 of
167 1665 37 22 the
215 1665 97 27 disposal
326 1664 26 22 of
368 1663 96 23 colonial
477 1663 72 27 lands,
567 1662 19 22 is
602 1666 23 18 to

37 1693 99 28 regulate
152 1692 36 21 the
202 1691 80 28 supply
298 1691 26 22 of
339 1698 51 14 new
403 1689 62 27 land,
480 1690 32 27 by
527 1687 37 25 the
579 1688 46 22 real

38 1723 69 19 wants
120 1719 26 22 of
160 1719 37 21 the
212 1718 117 26 Colonists,
345 1725 25 14 so
386 1716 47 22 that
448 1717 36 21 the
498 1717 55 21 land
569 1715 56 22 shall

38 1754 68 15 never
123 1747 29 20 He
169 1745 71 22 either
258 1743 190 30 superabundant,
468 1750 26 15 or
513 1742 112 26 deficient,

34 1774 74 21 «ither
124 1776 38 18 too
177 1771 77 27 cheap,
272 1779 26 14 or
317 1774 36 18 too
373 1771 59 22 dear.
471 1770 21 22 It
509 1769 41 22 has
569 1769 56 21 been

37 1800 78 23 •hovrn
125 1800 48 21 that
182 1798 38 22 the
230 1799 43 21 due
282 1799 133 26 .proportion
430 1797 102 22 between
547 1796 80 28 people

38 1827 47 22 and
91 1827 55 21 land
151 1833 51 20 may
207 1825 29 22 be
244 1825 127 26 constantly
377 1823 93 24 secured
476 1823 30 27 by
512 1823 115 22 abandon-

37 1853 41 27 ing
87 1853 37 22 the
135 1852 37 23 old
181 1856 83 23 system
275 1851 27 22 of
313 1859 95 19 grants,
420 1851 45 22 and
474 1851 114 26 requiring
599 1856 27 14 an

38 1880 99 23 uniform
148 1880 59 27 price
218 1886 39 21 per
265 1886 58 19 acre,
339 1878 34 22 for
383 1878 28 22 all
421 1884 49 16 new
479 1876 73 26 lands,
564 1876 63 22 with-

40 1911 40 18 out
90 1906 124 22 «xcntion.
244 1905 25 21 If
279 1905 38 21 the
327 1905 60 27 price
398 1905 28 21 be
440 1907 39 19 not
493 1907 38 18 too
545 1900 50 28 low,
610 1903 18 21 it

37 1933 77 23 deters
123 1932 135 28 spectators
267 1931 58 22 from
340 1931 118 28 obtaining
470 1931 61 26 land,
548 1929 52 23 with
616 1937 12 13 a

40 1961 57 21 view
107 1966 23 15 to
139 1960 89 26 leaving
238 1958 57 22 their
304 1962 104 28 property
418 1958 22 22 in
451 1965 14 13 a
475 1957 75 22 desert
562 1959 65 23 state,

38 1987 49 22 and
100 1987 52 21 thus
164 1988 105 21 prevents
279 1985 108 26 injurious
398 1984 133 27 dispersion;
546 1984 19 20 it
574 1982 53 27 also,

39 2014 31 25 by
82 2012 134 27 compelling
223 2018 67 19 every
297 2011 103 20 labourer
407 2014 23 17 to
439 2010 59 21 work
505 2010 36 20 for
548 2015 79 19 wages,

41 2038 57 22 until
107 2038 30 21 he
146 2037 40 22 has
195 2036 67 22 saved
276 2036 39 21 the
326 2037 53 26 only
388 2043 78 15 means
476 2035 26 21 of
513 2034 117 26 obtaining

40 2064 61 25 Jand,
112 2065 86 21 insures
212 2070 14 14 a
240 2063 80 27 supply
334 2063 28 21 of
372 2062 79 22 labour
465 2061 34 23 for
513 2061 55 22 hire.
599 2061 28 26 If,

40 2099 31 14 on
82 2091 37 21 the
129 2090 64 22 other
201 2089 68 27 hand,
286 2089 37 22 the
333 2089 60 27 price
402 2089 28 22 be
441 2092 39 18 not
489 2092 38 18 too
536 2087 61 28 high,
613 2087 17 21 it

42 2118 87 22 neither
138 2117 99 21 confines
247 2116 38 22 the
295 2116 88 22 settlers
398 2115 75 23 within
487 2122 14 15 a
516 2121 65 22 space
597 2114 33 21 in-

41 2143 161 28 conveniently
216 2150 95 19 narrow,
327 2150 42 14 nor
384 2142 53 22 does
451 2143 18 21 it
483 2144 97 25 prevent
593 2141 37 21 the

40 2171 81 28 thrifty
135 2171 103 21 labourer
252 2169 58 22 from
324 2170 119 25 becoming
458 2176 13 15 a
480 2169 150 25 land-owner,

44 2199 57 21 after
110 2197 101 26 working
221 2204 60 14 some
292 2196 54 22 time
356 2196 35 21 for
401 2202 78 21 wages.

75 2225 19 22 A
111 2224 118 25 sufficient,
246 2223 41 21 but
305 2227 40 17 not
363 2230 62 14 more
445 2222 53 22 than
519 2220 111 24 sufficient

43 2251 61 28 price
115 2251 35 21 for
162 2250 28 22 all
205 2257 49 14 new
268 2249 61 27 land,
345 2249 20 22 is
379 2249 38 22 the
432 2249 61 22 main
508 2249 86 21 feature
609 2247 26 21 of

44 2278 40 22 the
101 2284 50 15 new
165 2280 82 25 system
263 2276 27 22 of
305 2276 157 22 colonization.
495 2275 22 22 It
533 2274 99 22 obviates

42 2312 70 19 every
124 2311 83 20 species
223 2303 26 21 of
261 2303 115 26 bondage;
395 2303 30 26 by
440 2302 119 28 providing
573 2306 60 16 com-

42 2331 92 23 binable
143 2330 85 26 labour,
239 2329 17 21 it
265 2329 92 22 renders
366 2329 102 28 industry
475 2336 54 21 very
538 2327 94 29 produc-

44 2359 54 25 tive,
109 2357 46 23 and
162 2357 120 21 maintains
292 2356 54 22 both
356 2355 53 28 high
425 2363 78 20 wages,
520 2355 46 22 and
580 2354 52 27 high

45 2385 89 28 profits;
157 2384 17 22 it
189 2383 77 21 makes
284 2383 38 21 the
340 2383 82 27 colony
438 2390 23 14 as
477 2383 116 21 attractive
610 2388 23 14 as

45 2411 104 28 possible,
164 2409 54 23 both
234 2413 22 19 to
271 2409 122 28 capitalists
407 2410 46 21 and
468 2413 21 17 to
503 2409 116 21 labourers
627 2416 5 18 ;

45 2438 47 22 and
101 2442 40 18 not
150 2437 85 27 merely
245 2440 21 18 to
275 2436 70 27 these,
359 2437 41 21 but
409 2437 53 26 also,
472 2437 29 26 by
512 2434 123 26 bestowing

45 2472 31 15 on
92 2465 37 21 the
139 2464 89 27 colony,
245 2463 35 22 the
292 2463 73 22 better
379 2463 115 22 attributes
511 2463 26 21 of
553 2468 29 16 an
598 2461 37 21 old

45 2492 93 26 society,
148 2495 23 18 to
179 2489 63 23 those
250 2490 49 22 who
306 2489 57 23 have
371 2498 14 13 a
392 2489 88 23 distaste
488 2489 35 22 for
531 2489 59 21 what
595 2487 40 22 has

47 2514 124 26 heretofore
179 2517 59 22 been
249 2517 37 22 the
300 2517 112 28 primitive
422 2516 114 23 condition
548 2514 26 24 of
584 2521 50 15 new

46 2545 109 19 «olo»ies.
587 2548 13 16 /

60 2593 4 5 %
73 2571 49 23 The
131 2573 63 25 great
203 2571 74 27 object
286 2571 26 20 of
322 2571 38 21 the
369 2571 61 26 price
439 2571 19 21 is
470 2573 22 19 to
506 2575 78 17 secure
599 2571 37 18 the

47 2603 59 17 most
115 2597 109 23 desirable
233 2597 141 27 proportions
382 2597 98 21 between
496 2596 80 27 people
591 2594 44 22 and

47 2623 55 23 land
108 2632 5 18 ;
129 2625 40 21 but
178 2622 100 28 thfe^plan
288 2623 41 21 has
338 2623 39 21 the
384 2622 86 22 further
476 2623 70 21 result
553 2621 27 22 of
585 2628 52 20 pro-

48 2651 84 26 ducing
141 2658 14 14 a
164 2656 104 20 revenue,
286 2649 72 22 which
374 2646 50 24 will*
433 2653 40 18 not
487 2649 55 27 only
557 2646 79 28 supply

46 2677 41 23 the
98 2677 104 28 requisite
217 2676 66 27 profit
298 2680 22 18 to
335 2676 38 21 the
388 2675 154 23 shareholders
557 2674 26 22 of
597 2672 39 23 the

45 2705 126 26 Company,
195 2703 41 22 but
258 2702 113 22 furnishes
393 2703 37 21 the
453 2709 78 15 means
550 2702 33 21 for
607 2707 28 15 an
651 2707 1 28 j

49 2730 155 28 Immigration
216 2729 71 27 Fund,
289 2742 31 4 —
321 2736 13 14 a
341 2728 58 23 fund
405 2728 127 28 constantly
540 2727 97 29 applica-
651 2724 1 37 J

48 2757 39 23 ble
102 2761 23 18 to
141 2757 37 22 the
195 2764 95 20 purpose
306 2756 26 22 of
344 2756 106 27 bringing
463 2756 80 22 labour
559 2759 24 17 to
599 2754 38 21 the

49 2784 82 25 colony
131 2796 31 5 —
164 2783 48 23 that
226 2783 25 27 is,
268 2783 24 22 in
309 2783 93 26 causing
418 2783 37 22 the
472 2783 50 21 best
540 2788 55 16 sort
615 2780 25 21 of

47 2811 152 22 colonization
209 2813 23 18 to
241 2809 96 33 proceed
347 2813 24 17 at
381 2809 37 22 the
432 2813 96 23 greatest
541 2807 96 29 possible

49 2842 55 18 rate.
134 2837 53 23 And
194 2837 44 22 this
245 2844 19 14 is
271 2836 38 22 the
317 2836 83 22 second
407 2836 86 22 feature
503 2836 27 21 of
541 2835 39 22 the
588 2841 50 15 new

51 2869 90 23 system.
324 2868 5 6 '
653 2873 1 19 I

77 2891 48 22 The
136 2890 151 28 employment
297 2890 27 22 of
338 2889 38 22 the
390 2890 209 27 purchase-money,
615 2893 24 15 or

49 2917 40 22 the
98 2917 108 28 principal
216 2921 50 24 part
275 2917 26 21 of
311 2917 24 26 it,
345 2917 25 21 in
380 2917 126 26 conveying
515 2916 86 22 settlers
616 2916 22 18 to

51 2943 44 23 the'
99 2944 87 27 colony,
197 2943 41 22 has
247 2943 38 22 the
294 2943 115 27 following
419 2943 86 21 effects.'
531 2942 22 22 It
562 2940 78 22 makes

50 2970 41 22 the
103 2971 132 27 purchasers
250 2970 26 21 of
291 2970 54 21 land
359 2977 38 14 see
411 2970 91 26 plainly,
519 2968 48 22 that
583 2966 57 22 their

52 3004 84 20 money
145 2997 43 21 win
198 2997 30 21 be
235 2996 107 22 returned
351 2996 23 22 in
389 2996 38 22 the
440 2996 73 27 shape-
521 2996 27 21 of
561 2992 80 24 labour

106 3023 138 28 population.
252 3025 16 22 ',
273 3023 23 21 It
305 3022 71 27 tends,
392 3022 24 22 in
426 3022 51 27 fact,
493 3025 22 18 to
524 3022 69 21 lower
603 3019 37 22 the

52 3057 119 20 necessary
190 3048 106 23 standard
314 3050 27 20 of
355 3049 68 27 price,
439 3048 102 27 because,
560 3045 53 23 with
628 3052 13 15 a

52 3080 106 19 constant
165 3076 73 22 influx
248 3076 26 21 of
284 3075 79 29 people
374 3079 22 18 to
406 3074 38 23 the
453 3076 88 27 colony,
550 3074 38 21 the
599 3073 42 21 due

52 3104 128 27 proportion
186 3103 101 21 between
294 3102 80 28 people
381 3102 45 22 and
432 3102 54 22 land
493 3109 52 20 may
552 3102 29 21 be
587 3099 54 27 kept

32 3136 4 5 '
54 3137 31 20 up
93 3131 29 26 by
133 3138 13 14 a
155 3131 68 20 lower
231 3130 67 26 price,
311 3129 54 21 than
375 3129 21 21 if
406 3129 63 21 there
479 3135 57 15 were
546 3134 30 15 no
585 3126 55 21 such

52 3156 150 28 immigratibn
209 3161 7 16 :
235 3157 21 20 It
266 3156 112 21 therefore
384 3155 129 22 diminishes
521 3154 38 22 the
566 3152 76 28 period

52 3183 84 27 during
145 3182 71 22 which
227 3182 36 22 the
272 3182 105 22 labourer,
390 3185 61 19 must
462 3181 60 22 work
537 3181 36 21 for
586 3179 55 26 hire,

54 3210 46 22 and
108 3210 31 27 by
149 3210 37 21 the
199 3209 63 27 rapid
277 3216 102 19 progress
395 3208 71 22 which
480 3208 18 21 it
513 3208 93 27 imparts
620 3208 23 18 to
651 3221 7 6 „

55 3236 39 22 the
101 3237 51 27 b,est
160 3240 46 18 sort
214 3236 27 22 of
251 3235 156 26 colonization,
424 3236 18 21 it
456 3234 101 28 explains
573 3236 23 17 to
606 3232 37 21 the

54 3262 118 28 tabouring
181 3263 57 21 class
249 3263 25 21 of
279 3262 148 26 immigrants,
439 3261 47 22 that
495 3267 68 20 every
571 3265 42 15 one
622 3258 25 21 of

54 3290 64 22 them
132 3290 47 21 who
196 3290 20 21 is
230 3288 137 22 industrious
383 3287 45 22 and
446 3287 84 27 thrifty,
547 3291 53 20 may
615 3284 29 21 be

28 3326 7 8 *
56 3324 50 14 sure
116 3320 23 18 to
148 3316 92 22 become
252 3319 42 18 not
308 3314 85 28 merely
407 3321 30 14 an
452 3321 75 14 owner
542 3312 26 22 of
583 3311 61 25 land,

56 3343 42 22 but
113 3343 47 21 also
175 3343 24 21 in
218 3342 35 21 his
273 3345 59 21 turn,
353 3348 29 14 an
403 3340 115 28 employer
536 3339 26 22 of
582 3337 69 22 hired-

55 3369 123 26 labourers,
189 3376 14 14 a
212 3371 82 19 master
305 3368 25 21 of
340 3371 109 18 servants.

87 3396 66 22 From
162 3391 63 26 these
234 3394 183 26 considerations,
432 3393 38 22 the
479 3393 118 26 Company
606 3391 40 20 has

58 3422 99 28 adopted
174 3422 38 21 the
229 3429 60 14 same
306 3424 83 24 system
406 3420 26 22 of
448 3419 114 28 disposing
576 3417 27 21 of
619 3417 28 21 its

59 3453 67 18 waste
138 3448 72 28 lands,
226 3455 24 15 as
265 3448 41 21 has
320 3446 91 28 already
425 3446 87 32 proved^
523 3443 79 29 highly
614 3443 33 21 fa-

59 3475 106 23 vourable
179 3479 23 18 to
217 3474 37 23 the
268 3474 183 28 productiveness
466 3472 25 23 of
506 3472 104 25 industry
624 3470 23 21 in

58 3502 72 22 Stitath
141 3501 119 23 Australia.
291 3501 27 22 In
329 3508 12 15 a
352 3507 50 15 new
413 3499 87 32 colony,
515 3497 95 34 planted
624 3504 23 14 m

59 3536 14 15 a
83 3528 73 22 fertile
165 3528 45 22 and
226 3528 113 22 extensive
354 3527 111 32 territory,
480 3530 20 17 it
513 3533 20 14 is
548 3523 99 26 obvious,

59 3554 51 22 that
127 3554 38 23 the
181 3554 170 22 establishment
365 3554 27 21 of
407 3552 55 23 such
477 3560 13 14 a
505 3555 84 25 system
604 3550 19 21 is
637 3557 14 13 a

61 3585 82 18 matter
160 3581 25 21 of
202 3580 38 21 the
256 3580 91 27 deepest
365 3583 101 18 moment
481 3584 24 16 to
522 3578 38 22 the
576 3576 75 22 future

62 3607 90 22 welfare
163 3607 29 24 of.
201 3606 91 27 society.
426 3606 19 20 it
459 3605 44 21 the-
510 3605 53 20 best
575 3603 77 21 effects

124 3632 53 21 with
187 3632 130 21 confidence
326 3632 29 21 be
365 3630 135 27 anticipated
506 3638 7 13 :
528 3637 14 14 a
548 3631 105 20 constant

117 3659 89 26 regular
216 3658 79 27 supply
305 3657 26 22 of
342 3664 50 15 new
401 3657 54 21 land
464 3657 23 21 in
503 3655 43 22 due
560 3660 93 23 propor-

59 3687 48 21 tion
118 3689 23 17 to
152 3684 37 22 the
209 3687 69 18 wants
287 3684 27 21 of
324 3691 13 14 a
346 3683 129 28 population
488 3681 126 26 increasing
625 3679 30 27 by

61 3712 72 22 births
143 3711 45 22 and
202 3711 150 26 immigration
359 3718 5 18 ;
383 3709 30 23 all
428 3708 37 23 the
480 3709 136 25 advantages
630 3709 24 19 to

64 3738 72 23 which
145 3737 102 22 facilities
253 3737 29 24 .of
294 3740 108 25 transport
412 3735 45 23 and
464 3733 189 25 communication

62 3773 39 15 are
112 3763 103 24 essential
223 3772 5 17 ;
244 3764 109 32 certainty
368 3763 27 22 of
404 3763 75 26 limits,
496 3761 45 23 and
556 3759 98 27 security

63 3792 27 22 of
101 3792 48 21 title
160 3795 21 18 to
191 3794 105 24 property
305 3791 23 21 in
343 3789 65 26 land;
425 3789 36 23 the
472 3791 97 25 greatest
583 3786 71 22 facili-

61 3820 43 21 ties
114 3820 32 20 on'
155 3817 115 28 acquiring
279 3817 38 21 the
328 3816 43 22 due
381 3816 101 28 quantity
489 3824 5 18 ;
510 3815 38 22 the
559 3816 97 24 greatest

63 3846 190 26 encouragement
266 3847 23 19 to
460 3841 45 23 and
513 3839 141 27 settlement;

63 3872 46 23 and
123 3872 42 23 the.
176 3874 59 19 most
247 3870 65 28 rapid
326 3876 103 24 progress
442 3869 23 27 of,
482 3868 39 22 the
535 3866 81 30 people
628 3866 25 23 in

65 3895 101 27 material
175 3897 95 24 comfort
279 3897 47 22 and
333 3895 69 23 social
661 3914 2 11 (

94 3925 54 23 Port
156 3925 131 26 NichoUon,
299 3923 65 29 April
375 3924 32 28 14,
418 3923 61 22 1540.

685 623 111 21 UICION
811 621 100 21 BANK
924 621 44 20 OF
983 617 219 23 AUSTRALIA.

649 656 93 22 London
760 655 93 25 Office,
861 653 52 22 -No.
929 654 34 24 38,
981 652 50 21 Old
1048 651 193 22 Broad-street..

703 708 92 28 Capital,
805 708 122 26 £500,000;
946 704 54 30 paid
1008 711 37 21 up,
1060 704 117 27 £300,000.

879 760 112 22 Directors
997 765 7 15 :

703 788 88 27 George
801 787 49 22 Fife
860 785 84 29 Arigas,
955 785 61 27 Esq.,

703 815 84 22 Robert
797 813 92 27 Brooks,
901 812 60 27 Esq.,
969 830 4 3 .
995 830 6 3 -

704 842 76 21 James
788 840 63 22 John
860 840 123 24 Cummins,
994 837 59 26 Esq..
1075 847 3 5 •
1086 848 4 3 ■
1155 840 7 9 {

703 868 85 21 Robert
797 866 122 25 Gardener,
930 864 67 27 Esq.,.
1004 861 150 26 Manchester,

704 893 60 22 John
776 893 68 25 Gore,
856 892 59 26 Esq.,

704 918 90 22 Charles
804 917 108 27 Hindley,
922 915 61 27 Esq.,
995 915 68 26 M.P.,

703 943 127 27 Benjamin.
834 943 25 20 E.
870 943 80 24 Lmdo,
958 941 60 28 Jis'q.,

705 969 90 22 Charles
805 967 96 23 Edward
908 967 110 27 Mangles,
1029 967 61 27 Esq.,

705 995 142 28 Christopher
857 995 102 26 Raw'son,
970 993 59 28 Esq.,
1042 993 99 27 Halifax,

705 1023 96 22 Thomas
811 1022 78 26 Sands,
901 1021 60 27 Esq.,
973 1019 123 29 Liverpool,

705 1050 76 21 James
790 1048 70 27 Bogle
870 1047 79 27 Smith,
959 1047 60 28 Esq.,

706 1077 76 21 James
792 1075 97 23 Ruddell
897 1074 70 27 Todd,
978 1073 53 29 Esq.

652 1110 115 22 Trustees:
792 1110 96 21 George
907 1108 63 21 Carr
995 1108 74 26 Glynj
1079 1109 3 3 '
1092 1106 60 28 Esq.,
1172 1105 63 22 John

689 1137 73 27 Gore,
773 1136 60 28 Esq.,
849 1135 45 22 and
903 1134 75 23 James
988 1134 22 21 J.
1022 1134 116 25 Cummins,
1148 1132 52 28 Esq.

654 1170 112 22 Bankers:
789 1169 92 23 Messrs.
905 1168 75 27 Glyn,
1004 1167 129 26 Hallifax,
1143 1165 93 27 -Mills,

898 1195 44 22 and
955 1195 39 21 Co.

734 1231 130 27 Secretary:
880 1229 93 22 Samuel
983 1228 111 25 Jackson,
1104 1226 52 28 Esq.

690 1263 99 23 Colonial
800 1264 128 27 Inspector:
943 1262 23 22 J.
977 1262 25 22 C.
1013 1260 123 27 M'Laren,
1150 1259 52 28 Esq.

774 1317 70 21 New
861 1315 123 22 Zealand
1002 1313 114 22 Branch.

655 1350 65 23 Local
732 1350 114 22 Directors
852 1357 5 14 :
874 1349 57 22 Geo.
943 1349 21 21 S.
976 1348 83 26 Evans,
1147 1343 95 29 D.C.L./

717 1378 61 21 Edw.
788 1377 75 22 Betts
874 1376 102 26 Hopper,
987 1374 61 28 Esq.,
1061 1373 46 22 and
1117 1371 58 24 Geo.
1185 1383 19 7 -■•■
1219 1392 7 7 „
1234 1393 5 3 .

863 1403 107 25 Hunter,
980 1401 54 27 Esq.

656 1438 108 27 Manager
772 1444 5 14 :
793 1437 62 21 John
867 1436 81 25 Smith,
961 1435 59 26 Esq.,
1035 1433 45 21 late
1091 1432 26 22 of
1128 1432 36 22 the
1175 1431 66 21 Com-

704 1463 91 23 mercial
804 1463 65 21 Bank
879 1462 27 22 of
917 1461 110 27 England,
1038 1459 152 23 Manchester.

763 1496 114 23 Branches
887 1499 24 18 at
925 1494 97 27 Sydney,

928 1521 88 22 Hobart
1024 1520 76 26 Town,

929 1548 148 25 Launceston,
1088 1545 47 23 and

927 1575 54 22 Port
992 1574 79 26 Philip.

656 1612 53 21 Port
717 1610 132 27 Nichohon,
859 1608 81 24 March
948 1609 35 26 24,
995 1609 60 21 1840.

658 1665 90 48 THE
764 1664 115 22 Directors
895 1662 26 21 of
936 1661 38 22 the
991 1660 57 22 New
1063 1658 100 23 Zealand
1178 1657 64 23 Land

731 1692 116 27 Company
861 1689 84 27 hereby
961 1688 50 27 give
1029 1687 80 25 no'ice,
1128 1685 47 22 that
1191 1685 52 27 they

658 1719 55 21 have
720 1725 112 15 effected
845 1724 28 14 an
884 1721 170 16 ARRANGEMENT
1062 1713 53 21 with
1125 1712 34 22 the
1169 1712 73 21 Union

658 1745 62 22 Bank
735 1745 26 21 of
778 1743 119 26 Australia,
914 1741 43 22 No.
975 1742 33 25 38,
1024 1740 44 22 Old
1084 1739 158 24 Broad-street,

660 1771 99 25 London,
770 1771 34 21 for
813 1770 38 21 the
864 1767 168 23 establishment
1045 1767 26 21 of
1084 1773 14 14 a
1115 1764 129 23 BRANCH

659 1798 86 22 BANK
760 1797 34 22 IN
810 1795 71 23 NEW
896 1794 157 26 ZEALAND,
1067 1792 95 27 through
1173 1790 71 23 which

659 1825 37 21 the
704 1825 101 21 business
818 1823 27 21 of
856 1822 38 22 the
913 1822 55 21 New
985 1819 100 23 Zealand
1099 1819 65 21 Lund
1180 1818 66 21 Com-

659 1858 58 21 pany
727 1851 44 21 will
780 1851 27 21 be
817 1847 134 24 transacted.
978 1847 49 21 The
1043 1847 113 21 Directors
1172 1844 73 22 there-

659 1879 46 21 fore
714 1876 144 24 recommend
868 1880 22 17 to
907 1874 110 23 Colonists
1033 1873 38 21 the
1088 1872 74 22 Union
1181 1871 63 22 Bank

660 1905 26 21 of
703 1904 113 22 Australia
834 1910 23 14 as
876 1910 28 14 an
929 1900 170 22 establishment
1121 1905 125 21 possessing

660 1931 55 21 their
732 1931 69 21 entire
825 1929 136 25 confidence,
982 1927 45 21 and
1046 1926 50 22 able
1115 1929 21 18 to
1154 1924 92 28 provide

660 1957 123 27 eifectually
800 1957 35 21 for
851 1956 36 22 the
902 1954 106 22 financial
1022 1956 71 18 wants
1108 1952 27 21 of
1147 1950 36 23 the
1200 1951 47 22 first

660 1984 133 22 settlement.
820 1996 4 3 -

827 2008 34 27 By
872 2007 64 22 order
946 2007 27 20 of
983 2006 37 21 the
1030 2006 80 25 Board,
1255 2010 2 23 j

905 2039 84 22 JOHN
1005 2039 102 26 WARD,
1124 2038 122 26 Secretary.

661 2076 54 22 New
726 2075 100 23 Zealand
835 2074 65 22 Land
910 2073 134 27 Company's
1053 2072 79 26 Office,

689 2105 18 22 1,
718 2103 159 24 Adam-street,
889 2100 105 27 Adelphi,
1004 2099 52 22 27th
1066 2099 68 26 Aug.,
1146 2099 60 20 1839.

724 2156 129 22 PUBLIC
875 2155 91 21 BALL
990 2154 75 21 AND
1087 2152 97 21 FETE.

883 2188 142 15 COMMITTEE.

807 2209 37 18 Mr.
854 2210 17 16 J.
883 2209 102 18 DORSET,

809 2230 58 21 Major
878 2230 22 16 D.
912 2230 16 16 S.
940 2228 83 20 DURIE,

809 2251 35 17 Mr.
855 2251 76 16 JAMES
942 2249 74 18 WATT.

809 2272 35 17 Mr.
856 2271 97 17 GEORGE
964 2270 85 18 DUPPA,

809 2293 35 17 Mr.
856 2293 19 15 F.
886 2293 22 15 A.
919 2289 176 19 MOLESWORTH,

809 2313 36 17 Mr.
856 2312 97 17 ROBERT
964 2312 23 16 R.
999 2311 102 18 STRANG,

810 2335 35 16 Mr,
856 2333 99 17 G£ORGE
966 2332 87 19 WHITE,

811 2354 35 18 Mr.
857 2355 22 16 R.
891 2353 120 17 BARRETT.

810 2376 32 16 Dr.
853 2374 132 18 JOHNSTON,
997 2373 55 19 M.D.,

766 2408 5 4 .
811 2396 55 20 Major
880 2395 88 17 BAKER.

811 2416 35 18 Mr.
856 2416 65 18 JOHN
931 2415 78 19 WADE,

811 2437 35 18 Mr.
857 2436 107 17 DODERY,
1040 2441 6 3 -
1258 2428 2 27 !

811 2458 74 21 Captain
898 2456 129 18 CHAFFERS,

811 2479 35 17 Mr.
856 2478 65 17 JOHN
931 2476 139 18 THOMPSON;

740 2508 35 17 Mr.
785 2508 17 16 J.
814 2506 101 18 DORSET,
926 2505 91 19 Secretary
1028 2503 36 17 and
1075 2503 103 17 Treasurer.

694 2536 47 21 The
757 2536 53 21 Fete
828 2534 42 21 will
888 2533 50 21 take
954 2532 63 27 place
1030 2538 24 19 a_s
1071 2538 55 14 soon
1141 2530 63 34 after^
1215 2528 37 22 the

667 2562 163 28 appropriation
841 2561 25 21 of
870 2560 40 22 the
917 2559 69 21 Town
997 2557 101 23 Sections
1108 2564 24 14 as
1143 2556 36 22 the
1188 2556 64 21 Com-

667 2590 75 21 mittee
753 2587 123 23 determine
887 2586 44 22 will
943 2585 44 22 suit
1002 2584 75 27 public
1093 2582 158 23 convenience.

694 2622 47 21 The
759 2621 113 26 following
886 2620 36 21 list
938 2618 27 21 of
981 2618 122 21 diversions
1124 2616 61 21 have-
1195 2616 56 21 been

668 2648 137 22 determined
814 2654 68 20 upon,
889 2645 45 22 and
944 2644 37 22 the
987 2644 111 21 members
1105 2643 26 21 of
1143 2643 36 21 the
1187 2642 66 22 Com-

668 2676 81 21 mittee-
754 2674 82 22 named
845 2681 37 14 are
890 2676 22 17 to
921 2672 28 21 be
959 2670 119 23 addressed
1082 2670 127 27 respecting
1216 2669 37 21 the

668 2705 174 24 arrangements.

695 2736 21 21 A
731 2736 95 21 Rowing
838 2734 93 25 Match,
943 2731 122 26 consisting
1075 2729 26 23 of
1113 2729 70 22 whale
1189 2729 64 22 boats

669 2763 78 22 owned
755 2763 30 26 by
796 2761 38 22 the
843 2759 109 23 residents
961 2759 27 21 of
998 2758 54 22 Port
1059 2756 133 23 Nicholson.
1222 2757 33 21 Ist

668 2790 68 27 prize,
747 2789 47 22 .€2O
800 2796 6 17 ;
820 2787 52 26 2nd,
882 2787 47 22 £10
936 2793 5 19 ;
957 2785 47 27 3rd,
1011 2785 40 21 £5.
1081 2783 36 22 No
1125 2790 49 15 race
1180 2783 75 22 unless

669 2816 43 21 five
721 2816 63 21 boats
795 2817 61 19 start.
886 2813 113 21 Entrance
1014 2811 42 26 fee,
1074 2811 33 21 £2
1124 2809 54 23 each
1194 2810 60 21 boat.

670 2843 53 22 And
741 2850 14 14 a
773 2843 95 20 Sailing
888 2840 93 24 Match,
1001 2838 30 27 by
1050 2838 64 21 boats
1129 2836 80 22 owned
1225 2836 30 27 by

669 2869 114 22 residents.
813 2870 34 20 Ist
855 2867 67 28 prize,
931 2866 47 22 £10
985 2873 5 19 ;
1006 2864 51 27 2nd,
1065 2864 42 22 £5.
1136 2863 119 27 Entrance,

670 2896 30 23 £1
707 2904 5 19 ;
715 2908 30 4 —
746 2895 122 27 managing
877 2892 106 27 member,
996 2892 62 27 Capt.
1069 2890 106 22 Chaffers.

698 2930 21 21 A
727 2930 77 21 Canoe
812 2928 70 26 Race,
890 2927 31 27 by
926 2926 101 24 Natives,
1034 2924 48 22 £10
1089 2927 23 18 to
1119 2923 28 22 be
1155 2922 103 23 awarded

672 2963 24 14 as
714 2964 14 14 a
745 2956 67 27 prize,
832 2954 45 22 and
895 2961 14 13 a
926 2952 60 21 War
1006 2951 80 22 Dance
1097 2958 5 19 ;;
1104 2961 32 5 —
1136 2950 122 27 managing

672 2982 106 27 member,
788 2982 46 21 Mr.
845 2980 27 23 R.
883 2980 95 21 Barrett.

700 3016 26 21 A,
733 3015 98 21 Hurdle
845 3013 71 22 Race.
945 3013 35 20 Ist
997 3011 73 26 horse,
1087 3010 61 25 £15;
1171 3008 47 22 2nd
1235 3012 23 18 to

673 3050 51 13 save
734 3041 33 22 his
778 3041 80 21 stakes.
887 3039 114 21 Entrance
1010 3037 42 26 fee,
1068 3036 34 22 £3
1115 3036 53 21 each
1185 3035 74 22 horseT

673 3069 70 22 Three
754 3068 76 22 horses
839 3070 22 18 to
876 3069 60 22 start,
955 3072 25 14 or
996 3071 29 14 no
1042 3070 51 15 race
1099 3071 4 19 ;
1106 3074 31 5 —
1138 3062 121 27 managing

673 3095 106 27 member,
790 3095 45 21 Mr.
846 3093 76 22 James
931 3088 70 25 Watt.
1011 3099 3 4 ■

700 3129 21 21 A
733 3128 71 21 Rifi.e
814 3125 95 24 Match.
936 3126 35 20 Ist
980 3124 68 27 prize,
1056 3123 55 26 £25,
1120 3126 23 18 to
1152 3121 107 29 purchase

674 3163 14 14 a
696 3155 47 22 rifle
752 3163 5 17 ;
772 3154 53 26 2nd,
836 3154 53 24 £10,
901 3156 21 17 to
932 3151 109 27 purchase
1051 3157 12 14 a
1077 3149 91 33 fowling
1183 3149 62 26 piece
1253 3156 6 18 ;

673 3182 46 26 3rd,
731 3182 40 26 £5,
781 3184 23 18 to
810 3179 108 29 purchase
926 3185 13 14 a
943 3178 66 21 brace
1017 3177 26 20 of
1049 3176 83 28 pistols.
1148 3175 111 21 Entrance

674 3209 41 25 fee,
726 3208 31 22 £1
766 3216 6 19 ;
774 3219 30 5 —
805 3206 121 27 managing
938 3204 118 26 members,
1072 3202 90 22 Messrs.
1177 3201 82 23 Moles-

675 3234 69 23 worth
754 3234 45 22 and
807 3234 90 26 Duppa.

701 3267 141 22 Wrestling
859 3266 93 25 Match,
969 3265 116 21 Climbing
1101 3262 81 28 Poles,
1200 3261 59 23 Foot

676 3295 82 25 Races,
780 3293 40 21 &c.
858 3292 48 22 £20
922 3291 103 21 awarded
1047 3290 34 21 for
1099 3289 38 22 the
1155 3295 74 19 same;
1231 3299 28 5 —

676 3320 120 27 managing
823 3319 117 26 members,
971 3317 90 22 Messrs.
1095 3315 92 28 Dodery
1218 3314 41 23 and

677 3348 94 22 Barrett,
1087 3340 86 23 --*.-■

868 3392 5 4 .
884 3370 64 22 THE
963 3370 89 22 BALL.
1072 3385 3 3 .

705 3405 61 23 Each
776 3405 125 22 subscriber
910 3404 24 21 of
946 3403 34 22 £2
989 3404 19 21 is
1017 3402 94 23 allowed
1117 3405 23 19 to
1148 3401 111 23 introduce

678 3433 37 22 the
733 3432 69 22 ladies
828 3431 26 22 of
877 3430 232 28 his>-.icquaintance;
1111 3441 32 4 —
1144 3427 115 28 managing

679 3460 116 25 members,
806 3458 75 27 Major
888 3457 73 22 Baker
971 3456 45 22 and
1026 3456 91 22 Messrs.
1128 3455 83 22 Dorset
1220 3453 39 23 and

680 3487 27 21 R.
718 3486 93 26 Strang.-

707 3512 38 22 All
752 3512 109 22 members
867 3511 26 21 of
900 3510 36 22 the
945 3509 132 23 Committee
1083 3516 39 14 are
1129 3508 130 27 empowered

682 3545 21 16 :o
713 3540 87 21 receive
810 3537 166 27 subscriptions.

686 3592 69 47 ON
765 3591 79 22 SALE
854 3598 12 14 a
874 3590 61 26 large
945 3589 104 27 quantity
1057 3587 26 22 of
1088 3586 64 27 good'
1156 3586 38 22 Oi
1201 3594 6 19 l;
1223 3585 36 22 alsc

745 3629 5 2 -
760 3617 71 26 cheap
847 3620 76 22 strong
930 3615 63 21 'cord
997 3621 4 6 1
1008 3618 95 18 trousers
1117 3613 45 21 and
1173 3612 86 27 jackets;

685 3645 75 26 prints,
781 3643 101 24 calicoes,
907 3641 105 26 hosiery,*
1025 3639 46 22 and
1088 3639 78 26 shoes;
1187 3639 72 26 paintSj

685 3671 96 26 vinegar,
793 3668 46 22 and
848 3668 55 27 shag
913 3667 99 22 tobacco.

712 3728 117 23 Britannia
838 3727 69 22 Hotel
916 3727 45 22 and
971 3727 81 22 Stores.

901 3783 47 20 ON
959 3782 94 21 SALE.

686 3810 69 49 BY
764 3810 38 22 the
819 3809 162 27 Undersigned,
993 3812 23 19 at
1025 3807 37 22 the
1073 3810 55 19 west
1140 3806 45 22 end
1194 3806 27 21 of
1233 3805 26 22 the

752 3837 83 25 Beach,
844 3836 117 23 wholesale
966 3835 60 28 only,
1036 3841 15 15 a
1056 3833 103 29 quantity
1166 3832 26 23 of
1199 3832 60 28 spiriti

685 3867 22 21 at
716 3872 54 20 very
778 3864 43 22 low
830 3863 80 32 prices,
1053 3886 21 23 T
1075 3902 5 6 .
1095 3886 42 23 RO
1138 3883 106 26 SKELL.
1256 3900 3 5 .

711 3917 53 22 Port
773 3916 134 26 Nicholion,
917 3915 61 23 June
987 3916 34 23 30,
1032 3914 61 21 1840.

1289 624 15 21 V
1392 615 111 23 FRESH
1526 613 191 22 ARRIVALS.

1265 647 90 50 MR.
1369 647 143 24 TELFORD
1524 647 42 22 has
1580 645 104 23 received
1698 643 148 23 considerable

1354 676 100 21 addition
1463 678 24 18 to
1496 674 35 22 his
1541 673 69 23 Stock
1619 672 26 22 of
1656 671 84 27 Goods,
1755 670 46 22 and
1808 670 39 22 has

1263 710 50 15 now
1324 706 22 18 to
1356 703 55 21 offer
1420 703 34 21 for
1462 701 55 26 sale,

1269 749 5 2 .
1291 730 122 21 Blankets
1423 729 25 22 of
1458 727 100 28 superior
1567 725 93 28 quality.

1291 756 47 22 The
1349 756 80 21 Ladies
1439 761 40 16 can
1493 754 57 21 have
1567 751 91 23 several'
1669 751 78 27 family
1762 751 86 20 articles

1264 783 24 21 in
1298 786 68 24 tapes,
1377 783 95 24 threads,
1483 780 85 27 sewing
1576 778 43 23 silk
1629 777 120 27 and.twist,
1757 775 93 23 worsted

1265 809 45 22 and
1319 809 97 28 darning
1425 811 93 22 cottons,
1529 805 97 27 needles,
1635 805 83 26 combs,
1730 804 40 21 &c.

1292 836 80 20 Cunnv
1383 836 105 19 PoWDEfc.

1278 873 3 7 ,t,
1281 874 4 11 t
1292 861 97 23 Cheese,
1399 859 24 21 in
1434 857 63 23 small
1507 856 87 28 supply.

1274 885 75 22 '^Fine
1374 885 60 27 Cape
1457 883 119 29 powdered
1597 882 84 27 butter,
1710 880 89 29 pickled
1823 886 27 16 ox

1267 915 99 24 tongues,
1376 912 46 21 and
1431 911 63 27 tripe.

1281 941 2 12 '
1293 939 155 22 Gentlemen's
1456 938 81 22 beaver
1545 935 58 27 hats,
1615 934 81 23 Scotch
1705 941 59 21 caps,

1293 966 52 22 Sou'
1356 965 109 23 Westers
1476 963 45 22 and
1531 962 127 23 umbrellas.

1293 993 84 22 Scales
1387 992 45 22 and
1441 990 118 27 Weights,
1574 988 136 23 mechanics'
1725 986 65 28 tools,
1808 986 43 22 and

1268 1026 59 16 some
1336 1019 130 26 stationery.

1282 1043 5 11 '
1294 1045 88 23 Several
1392 1045 68 23 milch
1469 1050 66 15 cows.
1606 1056 4 4 ■

1293 1073 54 22 Two
1355 1072 83 23 vessels
1448 1069 140 29 expecte&jto
1597 1075 72 16 arrive
1678 1075 24 15 in
1712 1075 14 15 a
1737 1068 43 21 few
1785 1068 64 25 .days,

1268 1099 51 22 with
1328 1099 57 28 pigs.
1413 1098 67 26 Early
1491 1096 164 28 application's
1670 1092 180 25 recommended.

1294 1127 123 26 Britannia,
1429 1124 50 24 15th
1491 1124 94 27 August,
1596 1124 60 21 1840.

1399 1179 132 23 SCOTCH
1545 1176 177 22 WHISKEY.

1270 1215 165 49 J^ANDED,
1451 1220 38 22 per
1505 1212 38 22 the
1558 1210 93 26 KATE,
1656 1252 4 7 <

1263 1276 4 4 •
1297 1269 123 27 Britannia,
1431 1266 50 25 15th
1491 1266 97 27 August.

1400 1319 152 23 WEEKLY
1566 1316 162 23 MARKET.

1273 1355 26 26 iI\
1299 1356 63 25 7TR.
1377 1355 23 23 J.
1414 1352 142 25 TELFORD
1571 1352 41 20 has
1625 1348 110 27 arranged
1744 1351 23 18 to
1774 1346 58 23 have
1841 1353 14 14 a

1262 1376 69 25 J&±.
1361 1385 93 15 weekly
1477 1383 94 15 market
1598 1383 29 14 on
1651 1373 138 24 MONDAY
1813 1373 42 21 and

1272 1402 167 24 SIfTURDAY
1453 1402 167 25 EVENINGS,
1636 1406 23 16 at
1667 1401 36 20 his
1713 1399 141 26 Warehouse,

1336 1433 16 19 4
1362 1436 22 16 to
1394 1433 14 19 7
1418 1428 92 26 o'clock,
1521 1428 69 26 being
1603 1426 110 23 intended
1728 1425 81 31 chiefly
1823 1425 33 21 for

1329 1455 192 24 accommodation
1540 1454 28 22 of
1585 1454 143 21 Workmen's
1747 1451 108 23 Families.

1272 1484 45 21 The
1336 1484 115 26 following
1468 1481 89 22 articles
1575 1480 45 22 will
1637 1480 28 21 be
1684 1479 49 22 sold
1750 1479 25 21 in
1794 1478 62 21 small

1272 1510 125 27 quantities,
1409 1513 23 18 at
1441 1507 130 24 reasonable
1580 1507 71 27 prices
1657 1514 6 13 :
1665 1517 31 5 —

1300 1536 73 27 Flour,
1394 1533 102 28 oatmeal,
1516 1540 73 20 sugar,
1608 1536 44 23 tea,
1677 1532 77 27 coffee,
1776 1531 79 26 butter,

1265 1562 92 28 .cheese,
1369 1562 96 27 candles,
1477 1567 59 21 soap,
1548 1561 41 21 &c.
1601 1560 40 21 &c.

1300 1590 53 22 Port
1361 1590 129 24 Nicholson,
1501 1588 60 21 June
1572 1587 34 26 15,
1616 1587 72 24 1840.,

1434 1642 97 23 LAND
1550 1640 145 21 ORDERS.

1276 1677 161 50 SEVERAL
1444 1677 41 21 lots
1493 1675 26 21 of
1525 1674 69 22 Tcwn
1602 1673 45 22 iad
1654 1673 98 27 Country
1759 1672 97 22 Sections

1337 1705 35 21 for
1382 1704 57 27 Sale,
1452 1704 27 25 by
1498 1701 89 22 Piivate
1603 1701 112 21 Contract.
1744 1699 75 27 Apply
1834 1702 22 17 to

1264 1744 3 6 .
1275 1732 27 21 It.
1316 1732 27 21 R.
1361 1731 97 26 Strang,
1479 1728 60 27 Esq.,
1557 1727 108 26 Solicitor,
1683 1727 43 21 No.
1740 1727 20 25 4,
1780 1726 76 21 Clyde-

1263 1755 5 7 '
1276 1762 89 22 terrace,
1376 1765 26 14 or
1411 1762 23 17 to
1444 1757 42 21 Mr.
1498 1755 21 21 J.
1531 1754 98 22 Telford.
1658 1753 91 22 Several
1759 1752 26 22 of
1797 1752 59 21 these

1275 1792 60 15 acres
1345 1784 44 22 will
1398 1785 29 21 be
1437 1781 146 26 sub-divided,
1596 1785 22 17 to
1629 1780 45 22 suit
1683 1780 137 26 purchasers.

1265 1812 3 3 '
1303 1812 52 21 Port
1364 1810 129 25 Nicholson,
1503 1807 67 28 April
1578 1809 34 25 24,
1623 1809 61 19 IS4O.

1486 1863 49 21 ON
1550 1862 96 21 SALE.

1279 1901 88 49 MR.
1382 1900 22 21 J.
1419 1897 143 24 TELFORD
1577 1896 54 26 begs
1646 1898 23 18 to
1684 1894 109 26 intimate,
1813 1892 43 22 that

1366 1927 29 21 lie
1405 1926 40 28 h^is
1455 1931 27 16 on
1494 1924 57 26 Sale,
1563 1927 24 18 at
1595 1922 34 22 his
1641 1922 84 26 House,
1735 1924 22 19 at
1767 1920 37 21 the
1815 1923 41 18 east

1277 1954 42 22 end
1337 1954 27 21 of
1383 1954 39 21 the
1440 1950 133 28 Company's
1592 1948 155 26 Warehouses,
1771 1954 30 14 on
1823 1946 33 22 the

1278 1981 79 25 Beach,
1369 1988 28 14 an
1408 1981 132 20 assortment
1550 1976 26 22 of

1305 2013 122 22 Hardware
1437 2013 24 21 of
1470 2010 40 22 the
1519 2009 49 23 first
1577 2008 94 29 quality,
1693 2025 4 3 .
1708 2009 9 5 '

1304 2040 67 22 Flour
1380 2040 46 21 and
1435 2036 103 27 oatmeal,

1303 2068 77 25 Sugar,
1392 2070 43 23 tea,
1446 2064 43 23 and
1500 2061 77 28 coffee,
1587 2080 4 3 .

1303 2093 91 27 Cheese,
1405 2093 79 24 butter,
1496 2090 45 22 and
1550 2089 89 22 various
1649 2088 64 22 other
1722 2088 94 21 articles.

1304 2121 106 26 Superior
1427 2117 89 28 Brandy
1527 2117 45 21 and
1582 2117 66 21 Rum.

1277 2154 56 22 N.B.
1335 2166 32 4 —
1369 2153 53 22 OIL
1436 2152 44 22 and
1495 2150 88 23 LAMP
1597 2149 108 27 WICKS,
1718 2152 24 18 at
1749 2147 107 22 moderate

1531 2178 78 27 prices.

1307 2208 52 21 Port
1369 2206 129 24 Nicholson,
1510 2204 60 22 June
1582 2205 32 25 18,
1625 2204 62 21 1840.

1490 2260 47 20 ON
1555 2258 96 21 SALE.

1284 2297 87 25 T^/TR.
1386 2293 144 25 TELFORD
1545 2292 42 22 has
1605 2299 29 15 on
1653 2290 54 27 sale,
1724 2288 138 24 Marmalade

1282 2319 58 27 iVX
1372 2323 45 22 and
1434 2320 92 24 Pickles.

1306 2357 58 22 N.B.
1366 2369 31 4 —
1399 2357 36 21 An
1451 2353 115 24 increased
1585 2352 80 28 supply
1688 2350 27 23 of
1732 2350 67 22 Boots
1820 2348 43 23 and

1281 2383 74 28 Shoes,
1368 2383 45 22 and
1421 2381 122 23 Warren's
1553 2385 146 17 celebrated
1710 2378 125 21 Blacking.

1308 2418 54 21 Port
1372 2416 128 25 Nicholson,
1512 2413 60 22 June
1582 2415 33 24 18,
1626 2414 61 24 1840,

1483 2468 180 21 REGATTA.

1285 2505 88 48 MR.
1389 2504 22 22 J.
1428 2501 142 25 TELFORD
1580 2500 40 22 has
1630 2507 28 14 on
1669 2499 53 27 sale,
1731 2498 80 22 ladies'
1822 2497 43 22 and

1372 2529 147 29 gentlemen's
1529 2528 61 21 dress
1597 2528 65 20 boots
1672 2526 45 22 and
1726 2525 77 27 shoes;
1822 2524 43 22 and

1282 2566 13 14 a
1303 2559 61 26 large
1373 2559 133 20 assortment
1515 2555 25 21 of
1550 2557 87 23 regatta
1647 2553 102 26 shirting.

1308 2591 109 22 N.8.--
1427 2591 21 21 A
1475 2587 171 23 SELECTION
1678 2586 38 22 OF
1745 2584 120 23 LADIES'

1283 2618 106 23 STRAW
1401 2615 139 24 BONNETS
1551 2615 62 21 HAS
1623 2613 87 23 COME
1717 2613 39 21 TO
1766 2611 97 26 HAND,

1282 2644 44 23 and
1336 2652 14 13 a
1358 2644 62 27 large
1429 2643 101 28 quantity
1540 2642 26 21 of
1578 2640 96 22 PLAIN
1691 2639 117 23 PRINTS.

1369 2698 209 24 ARCHIBALD
1592 2696 189 22 ANDERSON

1284 2734 106 49 BEGS
1409 2737 23 19 to
1449 2732 83 23 inform
1550 2731 39 21 the
1606 2729 82 28 public,
1716 2729 48 22 that
1781 2728 29 22 he
1828 2728 39 22 has

1359 2760 89 29 opened
1456 2766 13 16 a
1478 2759 63 21 Store
1552 2761 23 18 at
1581 2756 131 27 Thorndon,
1721 2763 29 14 on
1759 2756 38 21 the
1804 2755 65 21 north

1286 2787 42 23 end
1337 2787 27 22 of
1375 2787 38 22 the
1423 2785 79 27 Beach,
1521 2784 74 22 where
1609 2783 30 22 he
1655 2783 45 21 will
1716 2783 81 26 always
1813 2781 55 22 have

1286 2822 27 14 on
1322 2814 62 22 hand
1394 2822 14 14 a
1416 2812 79 30 supply
1510 2811 26 22 of
1545 2811 40 21 the
1600 2809 116 28 following
1729 2809 95 26 articles,
1839 2815 30 15 on

1285 2841 44 22 sale
1338 2844 25 19 at
1371 2841 112 22 moderate
1493 2838 79 28 prices.

1312 2868 101 22 Jackets
1423 2866 43 23 and
1475 2865 133 26 Trowsers,
1622 2863 25 23 in
1663 2863 116 27 corderoy,
1794 2863 76 21 bever-

1288 2899 57 22 teen,
1356 2894 46 22 and
1411 2894 66 22 duck.

1314 2921 122 27 Shirting,
1459 2919 24 23 in
1507 2918 46 22 fine
1578 2919 87 26 regatta
1673 2933 5 2 -
1688 2916 112 26 coloured,
1820 2916 50 20 blue

1289 2948 85 27 stripes,
1385 2947 45 23 and
1439 2944 141 25 unbleached
1590 2947 83 19 cotton.

1315 2975 140 26 Groceries,
1470 2975 25 19 at
1509 2971 104 23 different
1626 2970 86 28 prices;
1733 2973 43 23 tea,
1796 2968 74 25 coffee,

1406 3006 88 22 pepper,
1504 2998 46 22 and
1558 2998 54 22 rice.
1643 3013 3 4 .

1315 3027 81 22 Wines
1407 3027 44 21 and
1460 3025 101 25 Spirits,'
1569 3024 27 21 of
1606 3023 118 22 wholesale
1733 3023 92 27 quality.
1851 3042 5 4 .

1317 3054 112 22 OiLs.and
1438 3053 65 22 Lamp
1513 3050 76 22 Wick.

1317 3081 135 21 Hardware
1461 3077 46 22 and
1517 3078 115 25 Cutlery,
1643 3076 27 22 of
1681 3076 29 21 all
1718 3076 74 26 kinds,
1800 3076 43 21 and
1852 3076 27 21 of

1317 3134 29 21 A.
1362 3133 30 21 A.
1408 3133 45 21 also
1468 3130 55 27 begs
1541 3133 23 18 to
1580 3130 82 21 inform
1679 3129 38 21 the
1735 3128 75 28 public
1829 3128 48 22 that

1291 3161 51 25 they
1353 3159 46 23 can'
1404 3159 29 22 be
1441 3156 109 29 -supplied
1566 3156 54 22 with
1636 3156 59 28 good
1710 3155 61 22 fresh
1789 3158 86 19 mutton

1292 3186 43 22 and
1344 3186 57 27 pork
1412 3185 65 30 daily.

1315 3213 131 24 Thorndon,
1456 3210 54 28 July
1520 3211 20 25 8,
1551 3211 62 21 1840.

1295 3267 69 49 ON
1389 3267 58 26 Sale,
1462 3269 24 17 at
1504 3264 152 22 COGLAN'S
1674 3262 113 22 Waterloo
1797 3263 80 27 Stores,

1377 3292 121 25 Britannia,
1516 3294 23 19 at
1555 3298 54 20 very
1625 3290 99 22 reduced
1742 3289 78 28 prices,
1837 3288 40 23 the

1294 3320 112 27 following
1415 3318 87 24 articles
1509 3325 6 14 :

1320 3347 62 26 Rice,
1394 3354 39 20 per
1441 3347 49 24 bag,
1502 3344 36 22 3d.
1547 3351 42 20 per
1597 3343 32 22 lb.

1319 3374 78 26 Sugar,
1406 3373 37 22 4d.
1452 3378 39 21 per
1500 3371 40 27 lb.,
1549 3377 61 21 soap,
1620 3377 40 21 per
1665 3369 52 27 box,
1725 3368 50 27 BJd.

1322 3399 110 23 Hollands
1442 3404 43 23 gin,
1503 3399 46 20 50s.
1569 3398 21 26 4,
1611 3396 44 22 and
1670 3398 46 20 245.
1733 3398 14 20 2
1756 3395 43 27 gal.
1815 3402 66 15 cases.

1321 3427 88 21 Tuscan
1426 3426 103 25 bonnets,
1545 3424 89 21 various
1641 3423 64 27 sizes,
1716 3422 58 22 from
1791 3424 43 20 10s.
1844 3421 37 23 6d.

1296 3453 109 28 upwards.
1556 3464 5 3 -

1323 3479 53 22 Salt.
1380 3479 54 22 beef
1441 3481 21 19 at
1469 3478 13 20 3
1485 3476 35 26 jd.
1530 3483 41 21 per
1578 3476 31 22 lb.
1618 3483 41 20 per
1667 3479 76 19 tierce.

1324 3505 59 23 Pork
1393 3505 36 22 6d.
1440 3511 38 20 per
1486 3504 31 21 lb.
1527 3510 41 20 per
1576 3502 77 22 tierce.

1351 3532 55 27 July
1416 3531 32 27 17,
1459 3531 61 20 1840.

1300 3584 104 50 NOW
1418 3581 154 27 LANDING,
1588 3587 28 16 ex
1631 3580 93 28 KATE,

1375 3610 103 28 .Brandy,
1895 3610 2 17 I

1382 3638 67 26 Rum,
1464 3645 3 13 ;
1482 3646 2 6 -
1583 3648 4 2 -

1381 3663 81 23 Scotch
1470 3660 108 29 whiskey,

1381 3691 58 29 Giny
1451 3693 122 11 ■>'■<•'■-■

1383 3712 55 27 And
1448 3722 11 15 a
1467 3713 105 28 quantity
1583 3712 27 23 of
1623 3712 104 28 wrought
1741 3712 48 23 fre«
1801 3715 85 24 stoneß,

1355 3742 95 23 suitable
1459 3740 36 23 for
1503 3739 40 22 fire
1554 3739 82 28 places,
1647 3739 40 23 &c.

1493 3773 105 24 WAITT
1612 3772 69 24 AND
1693 3772 139 26 TINLINE,

1517 3810 13 10 »
1757 3798 130 24 Thorodon.

1328 3831 92 26 August
1429 3830 31 27 14,
1470 3828 63 21 1840.
1760 3841 22 3 --
1805 3838 3 5 •

1303 3881 182 52 WANTED,
1505 3888 15 14 a
1540 3879 97 23 number
1658 3879 28 23 of
1703 3879 184 24 Brick-makers.

1400 3909 74 29 Apply
1483 3910 24 19 at
1516 3907 38 22 the
1591 3907 95 22 Gaz«tt«
1724 3906 79 22 Office.

2032 609 127 21 PUBLIC
2173 608 136 22 NOTICE.

1879 642 213 49 INTIMATION
2107 642 33 22 IS'
2149 640 126 23 HEREBY
2288 640 108 28 GIVEN,
2415 639 52 23 that

1938 669 37 21 the
1984 668 114 26 following
2107 668 88 22 articles
2204 668 24 21 of
2240 667 127 22 Provisions
2377 666 45 23 will
2435 667 30 22 be

1878 694 103 29 supplied
1990 699 23 18 to
2024 694 112 27 Families,
2147 697 24 19 at
2177 694 36 21 the
2222 693 57 22 New
2288 693 101 22 Zealand
2398 694 69 21 Com-

1878 722 82 27 pany's
1970 722 81 26 Stores,
2061 721 95 32 payable
2166 728 29 15 on
2210 719 113 28 delivery.-
2334 732 4 5 -
2371 732 3 4 •

1908 755 86 26 Flour,
2006 761 44 15 one
2059 753 75 23 barrel
2143 757 23 18 at
2176 760 61 20 once,
2248 757 24 17 at
2279 751 138 24 Five-pence
2424 758 42 22 per

1879 781 86 28 pound.
2186 777 28 13 **'

1909 814 62 21 Beef
1979 812 46 23 and
2036 813 69 26 Pork,
2116 812 24 22 in
2148 812 117 28 quantities
2272 811 26 22 of
2300 811 78 28 281b5,,
2388 811 79 27 5611)9.,

1881 840 94 26 3121b5.,
1984 843 22 18 at
2017 840 122 21 Six-pence
2149 846 40 20 per
2197 838 82 28 pound.

1909 873 102 25 Biscuit,
2027 872 24 22 in
2070 879 62 15 same
2142 871 118 28 quantities
2276 878 24 14 as
2308 870 38 22 the
2356 870 59 22 Beef
2421 869 46 23 and

1883 899 66 27 Pork,
1960 903 24 18 at
1991 901 165 19 Three-pence
2165 905 39 21 per
2213 898 82 27 pound.

1910 932 156 28 Applications
2076 936 22 18 to
2112 932 28 22 be
2156 931 63 23 mads
2227 931 109 24 .between
2352 932 26 21 10
2395 930 46 22 and
2453 931 16 20 4

1881 959 96 22 o'clock.
1988 975 3 3 •
2199 971 4 4 •
2366 961 4 7 '
2380 964 4 14 i

1909 992 37 22 No
1957 991 85 23 dealers
2052 998 25 16 or
2086 991 74 22 others
2171 990 101 29 supplied
2286 994 23 18 to
2323 990 42 22 sell
2380 990 75 28 again.

2113 1025 125 23 GEORGE
2249 1025 137 26 HUNTER,
2434 1025 4 20 i

2209 1058 144 28 Storekeeper
2363 1057 105 24 General.

1909 1094 123 27 Britannia,
2043 1094 51 23 17th
2104 1092 60 29 July,
2176 1095 58 21 1840.

1914 1148 238 21 COMMERCIAL
2166 1148 65 21 INN
2246 1147 21 21 &
2282 1146 158 22 TAVERN.

1886 1183 91 47 MR.
1987 1181 35 23 W.
2035 1181 121 23 ELSDON
2163 1181 52 26 begs
2221 1185 22 17 to
2250 1181 83 21 inform
2340 1179 35 23 his
2384 1179 87 23 friends

1959 1209 43 21 and
2008 1207 39 23 the
2056 1209 79 26 public,
2143 1208 49 22 that
2197 1207 36 22 the
2239 1207 70 22 above
2317 1207 69 21 house
2394 1207 19 21 is
2418 1213 53 15 now

1884 1243 66 20 open,
1962 1235 44 22 and
2011 1235 82 28 parties
2098 1235 103 26 favoring
2205 1233 45 23 him
2257 1233 52 22 with
2318 1233 57 21 their
2379 1237 92 24 patron-

1885 1270 41 19 age
1944 1262 43 22 will
2006 1261 49 22 find
2073 1268 67 20 every
2156 1260 191 23 accommodation
2363 1259 36 22 for
2408 1260 64 22 -their
2481 1261 4 4 '

1886 1289 100 26 comfort,
1995 1288 96 27 coupled
2100 1287 52 22 with
2162 1287 138 22 moderation
2308 1287 24 21 in
2343 1286 101 27 charges.

1912 1322 85 26 Wines,
2008 1322 81 26 spirits,
2100 1320 45 23 and
2154 1320 84 23 bottled
2250 1320 36 22 ale
2300 1320 46 22 and
2360 1323 76 24 porter
2450 1319 28 22 of

1887 1349 112 22 excellent
2008 1348 94 27 quality.
2370 1355 7 10 >

1915 1374 57 23 Cold
1980 1375 73 26 joints
2061 1374 83 26 always
2152 1373 75 27 ready.

1916 1401 104 21 Genuine
2035 1400 95 26 Englisn
2144 1398 80 23 cordial
2234 1399 47 27 gin.

1916 1426 124 22 Harmonic
2050 1426 109 27 meetings
2175 1433 64 21 every
2250 1425 109 28 Saturday
2368 1425 106 28 evening.

1914 1482 92 20 PORT
2025 1481 197 20 NICHOLSON
2241 1481 117 21 HOTEL
2371 1481 76 20 AND

2107 1508 153 20 TAVERN.

1888 1542 36 48 J
1954 1540 105 24 ALLEN
2076 1541 55 27 begs
2145 1545 23 17 to
2183 1541 81 21 inform
2280 1541 35 21 his
2329 1541 86 22 friends
2431 1540 46 23 and

1929 1579 11 11 •
1971 1568 37 22 the
2025 1567 82 28 public,
2123 1567 49 23 that
2187 1567 28 22 he
2222 1567 42 22 has
2275 1568 86 27 opened
2369 1568 35 22 his
2418 1568 58 22 New
2485 1587 5 2 .

1890 1595 86 27 House,
1992 1595 47 21 and
2048 1595 19 21 is
2076 1595 75 27 happy
2166 1598 24 18 to
2199 1598 55 18 state
2264 1595 48 21 that
2326 1595 28 21 he
2365 1595 46 21 has
2417 1595 61 27 good

1890 1622 65 26 Beds,
1967 1621 44 22 and
2021 1628 67 21 every
2098 1621 192 22 accommodation
2301 1628 60 20 upon
2371 1620 40 23 the*
2418 1625 61 17 most

1890 1648 129 22 reasonable
2036 1652 75 18 terms.
2127 1657 4 3 •
2145 1648 47 22 The
2208 1648 52 22 boat
2280 1647 198 28 Enterprize.-will

1890 1679 55 17 start
1950 1675 57 21 from
2017 1674 35 22 his
2059 1675 79 21 House
2145 1682 67 20 every
2217 1675 104 26 morning
2327 1679 22 17 at
2358 1676 13 20 9
2382 1673 94 28 o'clock,

1889 1702 35 21 for
1933 1701 129 27 Thorndon,
2072 1701 34 21 for
2115 1701 37 22 the
2163 1708 140 21 conveyance
2311 1701 26 21 of
2344 1701 134 26 Passengers

1890 1728 46 22 and
1944 1728 93 27 parcels,
2048 1728 44 21 and
2102 1732 77 18 return
2188 1728 23 21 in
2220 1730 38 19 the
2269 1728 103 26 evening.
2393 1743 5 4 -
2417 1744 8 3 ~
2433 1742 21 6 -~-

1917 1761 58 22 N.B.
1991 1761 28 22 In
2029 1762 127 21 connexion
2166 1760 51 22 with
2227 1760 37 23 the
2274 1760 78 27 above,
2363 1760 22 22 J.
2396 1760 31 22 A.
2436 1759 43 23 has

1890 1788 35 21 his
1935 1788 130 21 Butcher's
2077 1788 68 26 Shop,
2157 1788 118 25 Grocery,
2290 1787 132 27 Provision,
2433 1787 46 22 and

1891 1815 113 21 Drapery
2015 1814 94 27 Stores,
2122 1814 72 22 where
2204 1814 36 21 the
2250 1814 75 27 public
2336 1821 42 14 can
2387 1814 35 22 be.
2427 1820 52 20 sup-

1890 1841 62 27 plied
1966 1840 52 23 with
2035 1849 67 19 every
2112 1841 76 22 article
2200 1841 21 21 in
2231 1840 39 23 the
2280 1840 69 22 above
2360 1839 119 28 branches,

1890 1868 47 21 and
1947 1868 51 21 with
2007 1868 60 26 good
2077 1868 45 21 and
2132 1867 69 28 cheap
2211 1867 35 27 oil,
2257 1870 83 24 cotton,
2351 1867 41 22 &c.

1974 1922 142 26 QUEEN'S
2131 1921 96 21 HEAD
2243 1921 178 20 TAVERN...
2435 1937 11 3 .-

1892 1955 36 47 J
1962 1954 43 22 HO
2009 1954 63 22 WES
2095 1954 55 27 begs
2159 1959 25 16 to
2196 1954 80 22 inform
2291 1953 35 22 his
2335 1954 85 22 friends
2434 1953 47 23 and

1933 1992 11 10 •
1976 1981 37 21 the
2022 1981 83 26 public,
2121 1981 49 20 that
2184 1980 41 23 the.
2229 1981 71 21 above
2314 1980 70 22 house
2394 1981 19 21 is
2427 1987 52 15 now

1893 2014 66 20 open,
1977 2013 54 15 near
2046 2006 38 22 the
2101 2006 75 22 Police
2193 2006 82 26 Office,'
2281 2005 130 27 Thorndon,
2421 2006 60 22 -and

1892 2040 93 20 persons
2002 2033 119 26 favouring
2138 2032 48 22 him
2206 2032 51 22 with
2276 2032 56 22 their
2357 2036 125 24 patronage

1893 2060 45 22 will
1948 2060 47 22 find
2005 2067 68 19 every
2083 2059 199 22 accommodation.

1920 2086 84 27 Wines,
2020 2086 81 28 spirits,
2116 2086 46 22 and
2175 2085 84 22 bottled
2267 2085 35 22 ale
2311 2084 47 23 and
2370 2089 76 25 porter
2455 2085 30 23 of

1893 2114 100 26 superior
2001 2112 94 28 quality.

1921 2140 56 21 Cold
1984 2140 70 27 joints
2064 2140 81 26 always
2154 2138 75 28 ready.

1894 2194 145 48 WAITT
2057 2194 45 21 and
2117 2193 131 22 TINLINE
2262 2193 58 22 have
2337 2194 34 21 for
2391 2194 50 22 Sale
2445 2197 40 19 -at

1990 2220 60 22 their
2056 2220 117 22 wholesale
2182 2220 41 21 and
2230 2220 62 22 retail
2300 2220 92 27 general
2401 2224 80 23 stores,

1891 2248 90 27 joining
1994 2247 38 22 the
2043 2247 113 21 Waterloo
2166 2247 78 27 Stores,
2252 2246 132 27 Thorndon,
2395 2254 14 14 a
2417 2247 66 27 large

1895 2275 102 27 quantity
2017 2274 27 22 of
2058 2274 37 21 the
2114 2274 113 26 following
2248 2273 71 27 goods
2338 2273 30 22 of.
2380 2274 104 27 superior
2498 2286 4 4 •

1895 2301 86 28 quality
1989 2308 5 14 :
1997 2313 31 4 —

1922 2327 74 28 Flour,
2007 2328 130 26 American,
2145 2326 87 23 Hobart
2240 2326 76 28 Town,
2327 2326 46 22 and
2382 2326 100 29 Sydney,

1896 2354 55 22 first.
2209 2361 3 5 •
2387 2361 3 2 '

1922 2381 54 27 Tea,
1990 2387 75 21 sugar,
2079 2382 80 25 butter,
2176 2380 55 22 Irish
2245 2380 46 22 and
2305 2380 60 28 Cape
2379 2380 26 22 of
2417 2379 66 23 Good

1898 2407 75 28 Hope.
2003 2425 4 3 .
2411 2422 4 3 •
2434 2406 6 13 r

1924 2435 84 21 Cheese
2018 2434 24 22 in
2053 2434 49 27 tins,
2114 2433 51 27 rice,
2177 2434 55 22 wine
2242 2434 25 21 in
2276 2433 69 22 bottle
2356 2433 45 22 and
2411 2432 72 23 wood.

1924 2461 78 21 Porter
2011 2461 46 21 and
2067 2461 52 26 ales,
2130 2461 23 21 in
2163 2460 68 22 bottle
2241 2460 45 22 and
2295 2460 71 22 wood.

1923 2488 55 21 Best
1997 2487 111 22 Schedam
2128 2486 110 23 Hollands
2256 2488 23 21 in
2293 2493 75 21 cases,:
2381 2486 104 23 Jamaica

1895 2521 60 14 rum.

1923 2540 106 28 Vinegar,
2041 2547 60 21 soap,
2112 2539 98 26 candles,
2218 2539 77 27 coffee,
2304 2546 90 21 pepper,
2405 2538 51 23 salt.

1923 2567 109 26 Tobacco,
2044 2566 93 27 English
2147 2566 45 21 and
2201 2566 74 22 Dutch
2285 2566 92 22 tobacco
2385 2566 70 28 pipes,
2461 2580 3 3 •

1924 2594 55 26 Oils,
1990 2594 135 26 turpentine,
2135 2593 79 27 paints,
2222 2592 92 28 pickles,
2399 2594 3 7 l

1924 2620 75 22 Scales
2009 2619 46 22 and
2064 2620 99 26 weights,
2174 2627 57 14 cross
2240 2622 39 19 cut
2287 2626 62 20 saws,
2363 2618 46 23 and
2417 2625 69 22 every

1898 2646 134 28 description
2043 2646 26 21 of
2074 2647 150 26 ironmongry.
2266 2658 4 3 -
2313 2655 17 5 ••
2347 2655 4 4 ■

1924 2674 71 27 Slops,
2007 2673 150 22 shoemaker's
2167 2672 111 28 grindery,
2288 2679 79 21 gunny
2371 2672 77 28 Tjags,'

1925 2700 114 26 Blankets,
2051 2701 51 20 10-4
2120 2700 51 21 11-4
2189 2700 55 26 12-4,
2262 2699 169 27 wiridow'glass,
2446 2718 5 3 .

1926 2726 47 23 Salt
1982 2727 54 21 beet
2043 2729 46 19 and
2097 2726 63 27 pork,
2171 2725 65 22 cedar
2244 2726 87 26 boards,
2342 2726 108 26 muskets;

1927 2753 134 27 Stationery,
2079 2759 101 17 canvass,
2196 2759 14 14 a
2219 2752 86 28 plough
2317 2752 46 23 and
2376 2752 109 27 harrows,

1900 2780 47 21 and
1956 2787 14 14 a
1978 2779 103 29 quantity
2091 2778 26 22 of
2123 2779 105 22 Derwent
2237 2778 51 28 hay.

1902 2833 157 50 BUTTER,
2076 2833 24 22 in
2117 2832 85 28 firkins,
2216 2833 35 22 for
2267 2832 50 23 Sale
2331 2833 32 28 by
2377 2832 38 23 the
2431 2833 47 23 Sub

1978 2860 101 22 scribers.
2119 2862 4 5 '

2064 2893 27 21 T.
2109 2892 31 22 M.
2158 2892 181 23 PARTRIDGE
2354 2892 45 22 and
2414 2893 47 22 CO.

1903 2948 185 22 SHINGLES!
2103 2948 184 22 SHINGLES!
2302 2947 173 21 SHINGLES
2487 2947 7 23 !

1905 2982 91 27 rpHE
2010 2980 158 28 Undersigned
2174 2980 44 23 -has
2227 2981 36 22 for
2272 2980 50 23 Sale
2333 2980 65 23 ONE
2411 2980 83 23 HUN-

1912 2999 30 32 JL
1949 3024 9 6 ..
1975 3008 82 22 DRED
2067 3008 169 22 THOUSAND
2244 3007 84 23 VERY
2337 3006 156 24 SUPERIOR

1906 3035 71 23 NEW
1987 3034 150 23 ZEALAND
2147 3034 160 23 SHINGLES.
2337 3052 3 3 .

2217 3067 144 22 WILLIAM
2370 3066 115 24 LYON.,.

1910 3121 220 50 STATIONERY
2157 3120 60 22 FOR
2246 3120 85 26 SALE,
2350 3119 51 23 ,AT
2411 3119 5 23 \
2429 3119 66 24 THE

1949 3168 5 3 .
2178 3146 152 22 OFFICE:—
2447 3151 6 20 :

2051 3187 137 18 WHOLESALE
2201 3187 45 15 AND
2260 3186 92 16 RETAIL.

1939 3215 55 23 Fine
2003 3215 48 22 laid
2058 3218 56 25 pott,

1940 3243 54 21 Fine
2003 3241 63 23 thick
2075 3248 62 16 wove
2147 3243 75 26 quarto
2226 3243 62 24 .post,
2295 3253 4 5 .

1940 3269 62 22 Ditto
2058 3268 56 22 ditto
2145 3271 77 18 octavo
2231 3267 10 26 d
2241 3267 41 26 0,,.
2295 3288 3 3 .

1940 3295 117 28 Superfine
2066 3301 62 15 wove
2137 3297 78 25 quarto
2222 3293 58 22 satin
2288 3296 60 25 poat,-

1941 3323 62 21 Ditto
2057 3321 57 22 ditto
2141 3323 77 19 octavo
2227 3319 64 28 ditto,

1941 3349 62 21 Ditto
2013 3347 49 23 thin
2072 3347 45 22 laid
2126 3350 78 25 quarto
2213 3346 62 28 ditto,

1942 3375 62 22 Ditto
2059 3373 57 23 ditto
2126 3377 77 19 octavo
2213 3373 61 28 ditto;
2477 3385 3 13 :

1942 3401 116 28 Superfine
2070 3400 61 27 large
2144 3399 49 23 thin
2205 3399 52 23 blue
2272 3406 63 17 wove
2347 3401 80 28 quarto
2439 3401 59 26 post,

1914 3427 109 28 stamped,

1943 3454 115 27 Superfine
2067 3453 47 22 laid
2123 3452 102 29 foolscap,

1944 3480 71 27 Large
2025 3479 49 23 thin
2084 3483 79 24 quarto
2172 3483 54 25 post,

1943 3507 58 21 Note
2011 3513 76 21 paper,
2095 3520 8 3 -
2217 3518 6 2 -
2246 3516 12 3 -

1943 3533 81 21 Brawn
2032 3540 77 21 paper,
2116 3531 101 30 imperial
2224 3539 59 22 cap.,
2297 3556 5 3 .

1944 3559 48 28 Bag
2000 3559 64 27 ditto,

1945 3586 62 23 Kent
2016 3585 63 28 ditto,

1944 3612 72 29 Royal
2025 3612 70 28 hand,

1945 3639 99 23 Lumber
2053 3639 63 27 ditto,

1945 3665 55 23 Blue
2010 3665 74 28 demy,
2213 3670 4 6 l

1945 3692 75 27 Demy
2025 3692 99 27 blotting
2130 3698 76 23 paptr.

1946 3718 88 22 Double
2041 3725 83 22 crown,

1947 3744 70 23 Small
2024 3744 69 29 hand,

1947 3771 87 27 Crown,

1947 3797 73 23 Blank
2029 3798 72 27 cards,

1948 3824 149 22 Memoranda
2104 3823 78 28 books,

1948 3851 46 22 Pen
2003 3850 97 28 holders,
2112 3851 68 23 wafer
2189 3853 89 26 stamps,
2285 3850 52 24 lead
2344 3850 95 29 pencils,
2449 3850 57 24 slate

1919 3877 64 27 ditto,
1999 3877 68 23 India
2084 3878 89 27 rubber,
2191 3878 84 28 sealing
2291 3885 58 21 wax,
2367 3878 65 24 office
2449 3885 56 23 pen-

1920 3904 86 28 knives,
2017 3905 40 21 See.
2069 3904 40 22 &c,
2120 3905 39 21 &c.
