2529 3989
518 62 102 30 THE
644 60 110 32 NEW
776 57 229 34 ZEALAND
1028 57 225 32 GAZETTE
1275 57 105 32 ANIX
1384 50 287 39 .BRITANNIA
1693 54 296 31 SPECTATOR.

1955 135 89 23 COL
2057 131 156 27 ONIAL
2243 134 59 24 NE
2312 133 31 23 W
2354 134 79 22 S.

42 148 101 29 Daniell,
156 148 44 23 and
212 147 85 24 carried
308 146 159 30 unanimously
475 153 6 15 :
482 157 34 5 —

70 180 59 21 That
137 179 45 22 this
191 179 98 25 meeting
297 177 87 22 receive
395 176 52 22 with
456 179 62 23 great
522 175 106 27 .pleasure

42 205 39 23 the
98 206 61 27 reply
176 205 26 21 of
219 205 37 21 the
275 202 261 23 Lieutenant-Governor
553 205 23 17 to
591 200 37 22 the

41 232 92 22 address
143 231 67 22 voted
218 231 31 26 by
259 230 35 21 the
305 229 86 21 settlers
402 232 23 18 at
436 229 52 23 Port
498 227 128 26 Nicholson,

43 259 46 21 and
97 258 48 21 that
155 257 37 22 the
202 256 81 22 thanks
293 256 25 20 of
331 255 36 21 the
379 255 96 26 meeting
492 261 37 14 are
546 254 42 21 due
605 257 23 17 to

43 284 48 22 Col.
107 283 123 21 Wakefield
244 282 33 21 for
294 282 37 20 the
341 281 83 26 .ability
441 280 45 21 and
503 287 81 19 energy
598 279 30 21 he

41 309 42 23 has
97 308 133 23 manifested
246 309 23 20 in
285 306 134 26 advocating
433 306 37 21 the
487 306 102 20 interests
605 304 26 21 of

43 336 39 20 the
92 335 134 21 settlement.

76 363 66 23 After
158 362 45 22 this
217 360 124 24 resolution
358 359 46 24 had
419 359 59 24 been
498 358 92 33 carried,
610 358 18 23 it

23 395 3 7 '
41 403 47 16 was
100 395 79 28 niov,ed
198 394 50 23 that
261 393 49 24 Col.
329 391 129 25 Wakefield
477 388 82 27 should
574 391 54 23 take

23 424 72 32 Cthe...
101 428 69 29 chair,
190 428 24 22 in
233 426 64 24 order
319 426 49 23 that
386 425 38 24 the
443 425 89 24 settlers
556 424 73 31 might

26 461 109 31 /express
147 461 59 22 their
219 461 66 22 views
297 459 26 23 of
339 459 37 23 the
387 459 98 30 position
495 457 74 23 which
576 457 52 30 they

23 501 3 6 •
42 494 115 31 occupied,
170 493 45 23 and
226 493 38 23 the
280 492 147 31 proceedings
445 495 23 19 to
486 490 28 23 be
534 490 95 30 adopted

41 527 24 22 in
90 534 163 22 consequence.
298 525 24 23 A
345 525 70 23 series
438 523 25 23 of
485 523 143 27 resolutions,

23 558 93 29 (.which
129 558 43 23 will
184 558 29 23 be
224 558 70 23 found
307 558 23 22 in
347 556 95 23 another
454 556 97 27 column,
571 562 58 15 were

41 591 56 23 then
109 590 90 32 passed,
212 591 45 22 and
269 598 12 16 a
292 590 131 31 deputation
444 596 51 14 was.
508 587 121 31 appointed

42 625 23 22 t6
78 628 92 27 present
181 628 31 19 to-
221 624 38 23 Sir
278 623 91 29 George
389 621 74 31 Gipps
482 628 14 15 a
513 619 116 24 memorial

41 657 98 23 founded
152 664 62 23 upon
227 656 62 23 those
302 655 143 23 resolutions.
485 653 21 23 It
518 661 46 14 was
576 652 52 23 then

42 690 103 23 resolved
158 690 49 22 that
226 697 13 14 a
258 688 132 30 requisition
409 685 83 25 should
510 686 27 23 be
553 685 75 23 drawn

42 719 40 34 iip,
96 722 41 24 and
151 722 80 31 signed
242 721 31 30 by
284 721 38 23 the
335 720 114 28 colonists,
468 719 101 30 desiring
580 718 48 23 Mr.

43 754 31 25 E.
96 757 29 21 G.
144 755 130 23 Wakefield
294 759 23 17 to
339 757 35 19 act
397 760 24 16 as
444 757 67 26 agent
534 751 35 23 for
591 751 38 23 the

43 788 103 31 Colony;
167 788 44 22 and
230 787 56 23 after
302 795 13 14 a
330 790 51 19 vote
401 785 25 23 of
447 784 85 23 thanks
550 788 23 19 to
592 783 37 23 the

179 821 38 23 the
229 820 100 29 meeting
341 817 130 32 adjourned.

691 142 24 24 It
725 149 46 16 was
778 142 54 23 then
839 142 80 24 movjud
925 142 30 30 by
1022 140 98 29 Hunter,
1130 139 109 24 seconded

656 176 30 30 by
695 175 65 31 Capt.
775 175 83 28 Smith,
872 174 74 29 R.A.,
959 173 47 24 and
1016 173 160 30 unanimously

694 224 7 4 -
727 209 146 27 Resolved,
909 233 3 5 ,
1004 229 3 12 t
1089 229 4 5 .s..
1101 233 7 6 s
1115 234 4 3 .
1132 231 9 6 „

715 238 61 26 That
788 249 13 14 a
812 233 120 31 Memorial
949 238 98 24 founded
1059 246 60 23 upon
1131 237 38 24 the
1181 237 58 24 fore-

656 274 69 29 going
736 273 136 23 resolutions
882 271 28 23 be
922 271 118 30 prepared,
1052 271 50 25 .and
1119 269 121 32 presented

657 309 21 18 to
692 305 42 26 .the
751 304 126 25 Governor,
888 304 25 22 of
929 302 143 24 NewJSouth
1171 311 7 18 ;
1193 301 48 25 ,and

656 337 104 23 thatl)r.
774 336 77 24 Evans
864 335 44 24 and
925 335 31 23 R.
972 335 33 23 D.
1026 334 98 23 Hanson
1143 333 95 24 and'H.

658 369 113 31 Moreing,
793 369 91 30 Esqrs.,
907 367 29 24 do
957 367 59 24 form
1033 375 14 15 a
1065 367 131 31 deputation
1218 370 31 19 to;

656 407 92 26 present
759 402 38 23 the
1149 411 13 8 *•

691 443 24 23 It
726 450 45 16 was
783 442 54 23 then
847 440 81 25 moved
938 440 31 31 by
980 440 45 23 Dr.
1035 440 85 27 Evans,
1131 438 110 24 seconded

657 476 28 29 by
699 475 47 23 Mr.
760 474 155 29 Molesworth,
928 473 44 23 and
983 472 160 30 unanimously

725 508 146 26 Resolved,

718 540 71 27 That,
800 539 34 23 for
856 539 39 26 Jhe
917 545 98 23 purpose
1038 537 25 23 of
1089 537 105 30 securing
1214 544 27 15 an

658 572 131 24 authorized
796 571 174 31 represenljative
979 571 24 22 in
1012 570 114 30 England,
1138 569 105 31 qualified

659 610 21 18 to
693 613 54 22 urge
760 612 70 24 upon,
834 603 39 24 the
882 603 166 28 .Government
1066 603 38 23 the
1123 603 78 23 claims
1220 601 25 23 of

659 638 37 23 the
708 638 89 23 settlers
807 638 25 22 in
843 637 48 23 this,
900 641 51 26 port
962 640 23 19 to
998 635 38 24 the
1046 636 66 24 lands
1122 636 56 30 they
1186 635 56 22 have

658 671 133 31 purchased,
803 678 25 15 as
841 670 50 23 well
903 677 24 15 as
939 673 23 19 to
967 683 4 9 t
974 668 105 24 advocate
1087 668 58 23 their
1152 667 90 31 general

659 705 112 26 interests,
790 703 45 23 this
847 703 99 29 meeting
958 701 27 24 do
998 701 144 23 recommend
1153 701 38 23 the
1202 708 39 22 ap-

658 737 125 31 pointment
796 736 23 23 of
835 735 47 23 Mr.
897 735 30 23 E.
942 734 30 24 G.
986 733 134 25 Wakefield.
1133 741 24 15 as
1177 736 67 27 agent

659 771 34 22 for
705 770 36 23 the
753 769 59 31 body
832 769 24 22 of
877 768 114 27 colonists,
1012 766 43 24 and
1073 766 73 23 desire
1165 765 48 23 that
1231 773 13 15 a

659 798 133 35 requisition
814 806 23 18 to
859 801 49 23 that
930 800 66 23 effect
1018 800 27 22 be
1068 797 111 32 prepared
1200 797 44 23 and

659 835 80 30 signed
752 835 29 29 by
793 835 38 22 the

796 995 84 31 euding
894 997 92 29 August
999 997 22 26 4,
1038 997 71 22 1840.

681 898 69 23 THE
770 897 175 24 PICKWICK
971 896 90 24 CLUB
1087 896 44 23 OF
1150 894 76 25 NEW

868 929 172 20 ZEALAND.

664 965 85 26 Report
760 965 25 21 of
800 965 37 20 the
846 965 135 20 Committee
993 965 36 20 for
1040 965 37 19 the
1087 965 51 20 first
1146 965 94 26 quarter,

1266 138 78 24 nobler
1355 138 59 27 end..
1418 138 54 24 than
1484 138 38 24 the
1534 145 61 16 mere
1613 137 95 31 passing
1724 136 26 24 of
1763 144 30 16 an
1804 136 45 24 idle

1267 171 64 23 hour.
1367 170 58 24 This
1445 171 99 30 opinion,
1564 170 74 25 which
1649 174 25 19 at
1683 170 51 23 first
1745 163 106 29 obtained!

1268 203 152 23 considerable
1432 203 116 28 credence,
1567 202 82 24 tended
1660 202 25 22 in
1696 209 61 15 some
1769 202 80 29 degree

1261 241 30 18 ;to
1314 236 86 26 curta.il.
1412 235 38 27 the
1469 235 81 31 sphere
1569 235 25 23 of
1611 243 40 14 our
1663 235 114 23 exertions
1785 243 5 18 ;
1810 234 40 23 but

1267 276 33 16 we
1312 276 36 15 are
1360 268 75 31 happy
1447 273 23 17 to
1484 273 57 19 state
1554 268 49 22 that
1614 267 37 23 the
1669 272 50 18 true
1736 267 114 23 character

1268 301 25 22 of
1301 301 39 22 the
1352 301 59 22 Club
1422 301 20 22 is
1454 308 49 15 now
1511 308 25 15 so
1543 300 51 23 well
1606 299 142 28 understood,
1763 299 48 23 that
1816 307 33 15 we

1268 333 58 23 rank
1339 337 104 26 amongst
1455 340 39 17 our
1505 332 97 24 number
1614 332 38 23 the
1663 336 88 26 greater
1761 332 88 30 portion

1268 365 26 23 of
1303 365 37 23 the
1357 365 71 23 talent
1446 365 45 23 and
1508 365 169 31 respectability
1690 364 24 23 of
1722 364 38 23 the
1772 363 73 23 settle-

1261 407 1 5 1
1268 402 70 22 ment,
1362 397 44 24 and
1423 397 50 23 that
1491 405 32 15 we
1542 405 39 15 are
1598 397 60 30 daily
1670 397 114 29 receiving
1795 396 55 23 such

1269 431 126 22 accessions
1413 438 25 15 as
1457 437 28 16 no
1497 430 79 31 longer
1594 429 76 23 leaves
1682 430 18 22 it
1712 437 12 15 a
1735 433 81 18 matter
1829 428 26 23 of

1270 463 68 23 doubt
1349 463 50 22 that
1406 463 38 23 the
1604 462 58 25 Club
1671 462 13 25 '.'
1693 462 26 23 of
1728 461 56 24 New
1792 461 59 23 Zea-

1268 495 54 23 land
1333 496 19 22 is
1364 496 103 22 destined
1478 500 22 18 to
1514 499 88 19 exerta
1614 499 64 26 great
1689 494 45 23 and
1752 494 99 30 salutary

1270 529 109 22 influence
1398 536 29 15 on
1446 528 38 23 the
1507 527 91 24 welfare
1616 528 25 22 of
1656 527 38 24 the
1706 527 53 23 land
1774 527 25 23 of
1811 534 40 16 our

1270 560 112 31 adoption.
1418 560 108 31 Already,
1540 557 88 34 though
1639 560 42 23 but
1692 568 13 15 a
1715 560 42 23 few
1776 559 75 24 weeks

1270 593 56 24 have
1338 593 90 31 elapsed
1439 595 61 22 since
1513 593 39 24 the
1571 597 169 26 arrangements
1760 593 34 22 for
1814 592 37 24 the

1270 628 112 29 reception
1395 627 25 23 of
1434 626 74 24 books
1526 626 57 23 have
1592 626 57 23 been
1663 625 132 31 completed,
1819 633 32 15 we

1270 660 94 22 number
1374 659 104 31 upwards
1491 659 24 23 of
1527 661 47 22 100
1592 659 104 23 volumes
1708 658 25 23 of
1742 658 38 23 the
1792 663 59 18 most

1270 692 101 23 valuable
1384 692 76 23 works
1472 692 24 23 of
1507 692 36 23 the
1563 692 52 30 day,
1634 692 44 23 and
1693 692 19 22 it
1729 692 20 22 is
1768 691 43 22 due
1830 695 22 18 to

1270 724 38 24 the
1321 725 58 23 Club
1392 729 22 19 to
1427 729 56 19 state
1496 725 49 23 that
1554 725 63 23 these
1625 732 37 16 are
1670 724 31 23 all
1713 730 138 18 contribu-

1271 765 70 16 tions
1350 765 30 16 of
1397 765 123 16 members
1528 767 6 19 ;
1555 757 53 24 thus
1627 757 90 30 leaving
1729 757 37 22 the
1786 756 67 23 funds

1271 791 25 22 of
1305 791 37 22 the
1355 790 59 24 Club
1427 791 81 28 almost
1520 791 72 21 intact
1603 790 36 22 for
1649 790 40 22 the
1707 789 111 30 purchase
1831 788 25 23 of

1270 823 56 22 such
1336 823 123 29 periodical
1475 822 44 22 and
1528 822 64 22 other
1603 821 151 31 publications
1764 828 25 15 as
1801 828 52 23 may

1271 854 27 23 be
1309 854 97 29 thought
1416 854 33 23 fit.

1304 887 49 23 The
1378 887 134 23 Committee
1530 886 58 24 have
1611 886 69 24 much
1702 886 104 31 pleasure
1830 886 23 23 in

1271 920 93 30 stating,
1378 920 49 23 that
1449 920 37 23 the
1505 920 68 23 funds
1592 919 26 24 of
1628 920 37 23 the
1679 919 59 24 Club
1755 927 37 15 are
1804 919 24 22 in
1841 927 13 14 a

1270 957 60 19 most
1340 953 135 30 flourishing
1487 953 122 28 condition,
1623 952 44 23 and
1679 952 49 22 that
1745 960 14 15 a
1779 951 74 23 consi-

1272 985 88 25 derable
1367 986 97 25 .balance
1475 986 99 23 remains
1589 986 24 22 in
1629 985 38 23 the
1685 984 71 24 hands
1774 984 25 23 of
1814 984 39 23 the

1272 1018 131 29 Treasurer,
1422 1019 58 23 after
1501 1019 86 30 paying
1611 1018 36 23 the
1672 1018 121 22 incidental
1813 1025 40 15 ex-

1270 1059 95 23 pences;
1385 1052 71 28 these,
1470 1059 31 16 we
1514 1051 57 24 need
1583 1051 100 30 scarcely
1696 1051 101 27 dbservei
1816 1058 38 15 are

1272 1085 24 22 in
1318 1085 36 23 the
1372 1085 50 23 first
1440 1085 69 23 much
1520 1092 62 16 more
1594 1085 73 29 heavy
1680 1084 54 23 than
1745 1084 54 30 they
1810 1091 43 15 can

1271 1117 29 24 be
1310 1118 24 23 in
1345 1125 45 23 any
1406 1117 135 31 succeeding
1559 1122 99 26 quarter.

77 870 35 22 At
123 878 12 14 a
146 871 101 26 meeting
266 870 24 20 of
313 869 37 20 the
368 868 140 21 inhabitants
528 866 25 22 of
575 866 56 22 Port

43 901 134 26 Nicholson,
191 899 54 22 held
256 903 24 17 at
290 899 127 25 Britannia,
437 906 28 12 on
479 897 151 28 Wednesday,

27 933 56 23 ..the
98 931 55 25 19th
164 932 64 26 inst.,
248 930 102 23 William
362 928 137 28 Wakefield,
519 927 67 31 Esq.,
607 928 24 22 in

43 965 40 24 the
103 965 69 28 chair,
192 965 17 22 it
230 971 47 15 was
293 962 83 24 moved
452 961 48 23 Mr.
524 960 107 28 Hanson,

29 998 4 6 '
45 998 112 24 seconded
179 997 30 30 by
229 997 48 23 Mr.
296 995 87 28 White,
407 994 44 24 and
473 993 159 31 unanimously

113 1031 149 26 Resolved,

104 1064 62 23 That
178 1063 38 23 the
228 1063 123 23 territories
358 1061 126 31 purchased
491 1061 30 30 by
531 1060 38 23 the
577 1060 57 23 New

32 1101 4 10 1
47 1097 101 24 Zealand
160 1096 118 31 Company
290 1096 24 22 in
326 1095 57 23 New
402 1093 101 25 Zealand
519 1101 58 16 were
595 1101 39 14 ac-

47 1130 80 31 quired
134 1131 21 21 in
165 1129 86 31 perfect
258 1129 133 29 conformity
400 1127 52 23 with
461 1134 28 16 an
498 1125 137 24 established

32 1158 5 6 '
47 1162 106 32 practicej
166 1162 134 31 recognized
312 1167 24 17 at
353 1161 58 23 least
428 1167 66 23 upon,
509 1167 42 15 one
570 1167 64 15 occa-

33 1212 4 6 .
47 1197 19 22 si
70 1204 29 15 on
109 1196 30 30 by
151 1195 38 23 the
202 1195 155 23 Government
367 1193 31 23 of'
407 1193 72 23 Great
487 1192 96 27 Britain,
591 1191 44 23 and

34 1239 3 6 ■
47 1228 174 30 sanctioncd'by
233 1228 38 23 the
289 1226 102 31 example
405 1226 24 23 of
444 1225 38 23 the
494 1229 141 26 representa-

33 1262 61 21 tive
106 1261 25 22 of
146 1261 50 22 that
208 1261 156 22 Government
375 1259 23 22 in
411 1258 57 23 New
478 1258 108 22 Zealand.

108 1294 62 23 That
181 1293 38 23 the
231 1292 89 24 British
332 1291 162 27 Government,
510 1291 29 29 by
554 1289 82 23 admit-

49 1327 50 30 ting
110 1327 38 23 the
160 1325 151 32 independent
324 1324 141 30 sovereignty
474 1323 26 23 of
513 1322 38 23 the
562 1323 74 22 native

36 1373 4 4 •
50 1360 70 23 chiefs
141 1359 26 23 of
188 1358 64 23 these
270 1357 94 28 islands,
390 1357 43 22 and
456 1357 31 29 by
504 1356 133 30 appointing

36 1400 4 4 •
50 1393 98 31 Captain
167 1392 97 24 Hobson
290 1399 25 14 as
342 1390 93 28 Consul,
456 1388 118 31 expressly
597 1396 38 15 ac-

50 1425 100 23 credited
174 1430 24 17 to
221 1428 57 19 treat
296 1422 53 23 with
373 1423 55 22 such
448 1421 70 24 chiefs
541 1421 36 23 for
598 1421 39 23 tha

50 1459 87 21 cession
148 1457 25 23 of
179 1458 57 22 their
245 1457 118 29 sovereign
371 1455 80 31 rights,
458 1455 43 23 has
510 1462 14 15 a
534 1461 103 16 fotiori

181 1490 58 22 their
251 1489 48 23 title
311 1494 23 18 to
346 1489 90 29 dispose
449 1488 24 22 of
489 1487 58 23 their
558 1487 61 23 land.

109 1524 61 22 That
181 1522 121 30 according
313 1526 23 19 to
355 1521 38 22 the
411 1520 122 32 principles
553 1520 25 22 of
600 1520 38 22 the

47 1556 103 31 English
160 1556 50 27 law,
226 1555 112 30 solemnly
348 1553 102 23 affirmed
461 1554 24 22 in
498 1553 37 23 the
547 1552 91 31 highest

49 1594 65 19 court
125 1590 25 26 pf
160 1588 129 31 judicature
299 1588 23 22 in
333 1586 115 31 England,
457 1587 18 22 it
487 1586 19 22 is
518 1586 60 23 clear
590 1585 48 23 that

42 1624 31 25 .jn
86 1631 43 22 any
140 1622 80 30 colony
233 1620 107 31 acquired
348 1620 31 30 by
392 1620 95 27 cession,
500 1619 37 23 the
549 1618 54 23 laws
617 1619 23 22 of

40 1656 49 23 •the
97 1655 68 24 ceded
173 1659 95 25 country
275 1654 87 23 remain
370 1654 23 21 in
401 1653 60 22 force
468 1652 59 22 until
538 1651 100 30 changed

49 1689 31 30 by
93 1696 27 15 an
132 1689 47 22 Act
191 1687 25 23 of
231 1687 38 23 the
282 1686 108 32 Imperial
405 1685 152 31 Legislature,
573 1693 24 14 or
609 1684 29 31 by

41 1718 48 27 'the
102 1722 65 30 King
178 1722 23 22 in
220 1720 103 28 Council,
344 1719 44 23 and
407 1719 49 22 that
473 1718 31 23 all
524 1717 72 31 rights
616 1722 22 18 to

42 1759 115 26 property
169 1762 37 15 are
219 1752 78 24 sacred
308 1752 46 24 and
369 1751 120 23 inviolable
499 1760 5 20 ;
530 1750 44 24 and
590 1750 49 23 that

50 1788 39 23 the
107 1792 107 26 property
233 1786 26 23 of
280 1786 38 23 the
339 1785 117 31 Company
475 1788 23 19 to
516 1783 38 24 the
573 1783 65 23 lands

43 1821 61 31 'they
117 1821 66 23 claim
194 1821 24 21 in
231 1820 54 23 New
300 1818 107 28 Zealand,
428 1817 44 23 and
486 1818 57 22 have
555 1816 50 24 sold
616 1821 22 19 to

43 1854 47 28 _the
100 1853 139 24 landowners
248 1853 25 22 of
284 1851 45 24 this
337 1851 72 31 place,
418 1859 46 14 was
472 1850 53 30 duly
533 1849 107 31 acquired

50 1887 122 30 according
184 1891 22 18 to
219 1886 38 22 the
270 1884 136 24 established
421 1884 41 23 law
473 1885 25 21 in
510 1883 57 23 New
580 1882 59 24 Zea-

50 1920 55 23 land
127 1920 77 23 before
223 1920 19 21 it
259 1919 91 22 became
370 1926 13 14 a
405 1917 129 30 possession
555 1916 25 23 of
601 1916 38 22 the

47 2054 28 19 •to
92 2049 54 23 land
166 2050 24 22 in
209 2049 58 23 New
285 2047 108 28 Zealand,
412 2054 51 16 now
486 2047 24 22 in
533 2054 106 21 progress

51 1952 100 31 English
162 1952 90 27 Crown,
266 1951 44 23 and
320 1958 38 15 are
371 1950 111 23 therefore
493 1949 79 22 sacred
581 1948 57 23 from

94 1985 156 22 interference.

179 2016 30 29 by
214 2016 39 23 the
259 2014 45 25 Bill
315 2014 36 23 for
357 2014 38 23 the
406 2013 130 24 settlement
544 2013 24 23 of
578 2013 60 23 titles

51 2082 98 31 through
157 2082 39 23 the
207 2081 139 31 Legislative
355 2080 96 24 Council
459 2079 25 24 of
500 2079 57 24 New
566 2079 73 23 South

47 2115 89 29 TVales,
150 2116 18 22 it
179 2116 20 22 is
210 2114 114 32 proposed
335 2118 23 18 to
377 2113 91 30 destroy
487 2112 30 23 all
536 2112 61 23 titles
618 2117 22 17 to

49 2148 56 25 ]and
116 2150 22 22 in
152 2148 58 23 New
223 2147 107 29 Zealand,
350 2147 104 22 however
468 2146 50 30 just
529 2147 24 21 in
565 2145 75 23 them-

51 2182 81 29 selves,
153 2190 24 14 or
196 2180 113 24 whatever
324 2179 75 31 might
416 2180 28 22 be
463 2179 38 22 the
518 2178 79 31 length
618 2178 25 23 of

51 2216 55 22 time
117 2215 34 23 for
163 2214 75 23 which
250 2213 53 30 they
314 2213 57 22 have
384 2211 96 24 existed.

110 2248 62 23 That
184 2248 35 22 for
231 2246 38 24 the
284 2253 94 16 reasons
397 2245 74 23 stated
489 2245 23 22 in
532 2244 38 23 the
586 2251 54 22 pre-

52 2281 80 31 ceding
143 2280 144 27 resolutions,
308 2279 45 22 this
365 2279 100 29 meeting
476 2278 20 22 is
509 2277 25 23 of
550 2277 92 31 opinion

52 2314 49 23 that
113 2314 56 23 such
181 2313 55 28 Bill,
249 2312 21 23 if
284 2311 89 32 passed,
388 2311 74 23 would
472 2310 29 23 be
514 2315 128 26 repugnant

47 2353 28 21 ,to
87 2347 38 23 the
136 2347 67 30 spirit
214 2345 25 23 of
254 2345 37 23 the
309 2344 99 31 English
422 2344 161 27 Constitution,
596 2343 46 23 and

47 2385 110 26 .contrary
169 2384 22 18 to
203 2379 39 23 the
261 2385 94 24 express
372 2378 66 23 letter
451 2376 24 24 of
491 2376 38 23 the
541 2376 101 31 English

49 2413 54 28 ]aw.

52 2464 4 6 .
110 2446 62 24 That
183 2453 57 16 even
251 2445 20 23 if
285 2444 58 24 such
354 2452 58 15 were
424 2448 40 19 not
478 2443 37 23 the
529 2450 59 21 case,
602 2442 38 23 the

51 2481 98 30 position
160 2479 24 24 of
200 2479 38 23 the
251 2479 55 23 New
320 2477 101 23 Zealand
431 2477 118 30 Company
562 2475 42 23 and
618 2475 25 23 of

52 2513 65 23 those
128 2512 49 23 who
191 2512 56 23 have
259 2510 127 32 purchased
403 2509 53 24 land
468 2510 57 22 from
538 2509 69 26 them,
620 2509 20 22 is

52 2545 125 31 altogether
190 2544 103 23 different
304 2544 58 22 from
375 2543 49 23 that
436 2542 25 23 of
476 2542 65 23 other
553 2549 87 15 owners

52 2579 26 26 pf
93 2578 53 23 land
157 2578 24 22 in
194 2577 58 23 New
263 2576 108 28 Zealand,
390 2576 97 22 because
507 2575 49 22 that
570 2574 70 23 Com-

51 2618 62 24 pany
124 2611 57 22 have
193 2609 117 31 expended
328 2609 25 22 in
371 2612 88 26 respect
477 2607 26 23 of
519 2607 55 23 land
591 2606 50 23 sold

50 2645 32 29 by
101 2644 61 23 them
180 2643 35 23 for
234 2642 38 23 the
289 2649 111 23 purposes
419 2641 25 22 of
466 2641 141 29 emigration,
628 2648 13 14 a

53 2685 51 16 sum
117 2676 23 24 of
158 2679 51 21 15s.
218 2683 41 24 per
271 2682 58 21 acre,
340 2675 68 30 being
416 2676 35 22 3s.
463 2681 40 24 per
515 2681 51 15 acre
579 2681 63 14 more

49 2710 58 30 Jhan
120 2710 37 23 the
169 2714 68 26 upset
245 2709 62 31 price
319 2707 25 24 of
358 2707 77 32 public
452 2707 66 23 lands
534 2707 24 22 in
578 2705 64 24 these

52 2743 99 25 Islands.

111 2776 61 23 That
183 2775 40 24 the
235 2775 90 23 settlers
337 2775 23 22 in
372 2773 45 24 this
435 2776 59 28 port,
513 2772 45 24 and
578 2772 64 23 other

51 2809 135 32 purchasers
205 2808 26 24 of
253 2808 53 23 land
322 2808 59 22 from
404 2806 38 23 the
464 2806 58 23 New
541 2805 101 24 Zealand

54 2843 125 31 Company,
191 2842 58 23 have
264 2841 112 24 therefore
394 2848 14 15 a
426 2839 67 23 claim
511 2843 23 19 to
552 2839 29 23 be
600 2846 41 15 ex-

52 2876 89 31 empted
152 2876 58 22 from
221 2875 39 23 the
278 2874 114 31 operation
406 2873 24 23 of
445 2872 39 23 the
497 2872 47 23 Bill
555 2872 35 23 for
602 2871 39 23 the

52 2909 129 24 settlement
193 2908 26 23 of
233 2907 61 24 titles
302 2908 29 25 .in
347 2907 58 23 Mew
554 2903 45 25 and
619 2909 23 18 to

52 2942 28 24 be
100 2941 123 24 confirmed
239 2941 25 22 in
282 2940 38 23 the
338 2940 131 31 possession
488 2937 25 24 of
532 2937 38 23 the
587 2937 55 23 land

52 2975 54 30 they
117 2975 57 22 have
188 2973 115 31 acquired.

112 3007 61 23 That
185 3006 45 23 this
242 3006 100 29 meeting
353 3004 54 23 take
414 3004 38 23 the
462 3007 89 27 present
559 3010 83 24 oppor-

53 3041 74 30 tunity
139 3039 26 24 of
180 3039 134 31 expressing
327 3038 57 23 their
404 3044 65 16 sense
489 3037 24 22 of
536 3036 37 23 the
593 3036 51 30 just

54 3074 44 23 and
111 3072 124 25 honorable
250 3071 96 24 conduct
365 3070 25 23 of
411 3070 38 23 the
467 3070 57 23 New
543 3068 101 24 Zealand

56 3106 117 31 Company
185 3107 24 21 in
221 3105 30 23 all
262 3104 58 23 their
333 3103 149 23 transactions
494 3102 54 22 with
562 3101 81 30 regard

54 3142 24 21 fo
90 3139 37 22 the
137 3138 120 31 purchase,
278 3137 53 28 sale,
351 3135 44 24 and
409 3135 130 24 settlement
550 3135 26 22 of
589 3134 55 23 land

55 3172 23 22 in
91 3171 55 24 New
158 3170 101 25 Zealand
268 3180 6 18 ;
294 3169 45 23 and
350 3169 49 23 that
409 3169 24 22 in
444 3168 37 22 the
489 3173 67 17 event
565 3167 25 23 of
598 3175 46 22 any

55 3204 55 25 such
127 3204 149 32 proceedings
290 3203 70 29 being
378 3201 96 31 adopted
491 3201 30 30 by
538 3201 38 22 the
593 3200 50 23 Go-

56 3243 116 18 vernment
183 3239 24 21 oi'
224 3237 56 23 ISew
289 3235 75 23 South
371 3234 78 23 Wales
458 3241 24 16 as
492 3241 51 22 may
553 3234 91 29 deprive

56 3270 38 28 the
103 3271 118 31 Company
233 3269 45 23 and
287 3268 38 23 the
338 3267 88 23 settlers
440 3267 24 22 of
480 3266 37 23 the
529 3265 54 23 kind
590 3265 54 30 they

56 3304 56 26 have
125 3302 133 32 purchased,
271 3301 46 23 this
336 3300 100 25 meeting
454 3298 56 31 fully
522 3298 49 30 rely
583 3305 61 23 upon

56 3337 38 23 the
107 3337 119 29 Company
238 3339 23 19 to
273 3333 54 24 take
338 3340 116 16 measures
471 3331 43 23 for.
524 3331 79 30 giving
607 3335 37 20 „to

56 3370 38 23 the
113 3369 116 27 colonists,
252 3367 71 24 either
342 3368 53 21 here
414 3373 24 16 or
458 3364 128 27 elsewhere,
599 3385 7 8 4
605 3363 40 23 the

56 3406 78 20 extent
146 3402 25 23 of
185 3401 55 24 land
250 3399 73 25 which
343 3399 52 30 they
411 3397 57 24 have
487 3396 115 32 professed
623 3401 21 18 to

56 3436 49 28 sell,
118 3432 44 27 arid
173 3434 82 32 pledge
268 3432 135 25 themselves
415 3436 22 19 to
450 3434 94 28 support
554 3429 44 23 and
609 3429 37 23 aid

56 3468 38 24 the
105 3469 79 29 Agent
196 3468 25 23 of
235 3467 39 23 the
294 3465 118 32 Company
430 3465 24 23 in
473 3471 44 23 any
535 3467 62 26 steps
616 3462 29 23 he

55 3509 52 23 may
118 3501 46 23 find
177 3500 121 31 expedient
309 3498 35 24 for
357 3498 48 23 that
415 3504 106 25 purpose.

64 3534 5 4 '
114 3534 62 24 That
192 3533 46 24 this
252 3533 100 30 meeting
371 3530 142 30 considering
529 3528 38 24 the
581 3533 64 26 great

56 3567 44 24 and
121 3567 81 23 almost
221 3564 183 32 unprecedented
423 3563 65 22 value
511 3562 74 23 which
602 3561 43 23 has

127 3598 117 24 conferred
254 3605 60 22 upon
326 3596 39 23 the
376 3595 54 23 land
440 3596 24 21 in
480 3594 57 23 Port
548 3594 97 23 Nichol-

23 3627 83 33 son,
125 3632 30 30 by
172 3631 40 23 the
230 3629 173 24 establishment
419 3628 25 22 in
459 3626 49 23 this
527 3630 51 27 spot
591 3625 27 23 of
633 3632 13 16 a

56 3672 131 19 numerous,
209 3662 85 28 united,
322 3660 45 25 and
392 3659 126 24 influential
544 3657 58 31 body
614 3657 34 23 'of

57 3697 98 29 settlers,
166 3695 45 24 feel
223 3695 49 23 that
283 3694 72 24 under
367 3693 29 24 all
409 3693 175 23 circumstances
597 3691 49 23 that

57 3732 60 30 body
125 3736 95 25 .possess
235 3728 38 23 the
288 3735 78 23 power
385 3726 24 23 of
431 3725 130 29 conferring
579 3723 66 31 equal

57 3765 66 22 value
134 3770 63 24 upon
208 3768 45 23 any
264 3759 53 25 land
327 3759 106 24 whereon
451 3758 53 30 they
520 3765 52 22 may
585 3761 60 18 esta-

56 3797 60 24 blish
140 3794 144 28 themselves,
313 3792 45 23 and
386 3792 49 23 that
457 3791 53 30 they
534 3789 112 24 therefore

47 3829 131 32 .especially
198 3825 145 25 recommend
371 3824 38 24 the
437 3824 157 22 maintenance
624 3822 24 23 of

46 3854 81 36 ,'tfnion
137 3868 85 24 amopg
234 3860 39 23 the
284 3857 133 33 capitalists,
433 3857 44 22 and
489 3856 37 23 the
539 3855 106 31 adoption

58 3895 26 24 of
98 3886 183 33 suchimeasiires
292 3899 26 16 as
328 3898 54 23 may
471 3888 37 24 the
525 3883 122 35 labouring

48 3928 3 6 1
57 3928 131 31 population
198 3932 138 26 prosperoxis
343 3923 45 24 and

1908 184 67 23 New
1987 185 126 23 Zealand
2125 182 215 26 Commissioners*
2352 182 73 24 Bui.
2426 194 31 5 —
2457 205 5 9 ,

1875 215 49 21 The
1932 216 132 26 Legislative
2072 215 91 26 Counpil
2171 222 42 18 was.
2225 214 106 27 occupied
2339 213 39 22 the
2387 212 72 23 whole

1877 241 25 22 of
1919 242 104 26 Tuesday
2039 241 45 22 and
2099 241 126 27 yesterday,.
2231 240 24 22 in
2272 240 92 28 hearjng
2378 238 82 28 parlies

1877 268 87 26 against
1973 268 37 22 the
2119 268 26 21 of
2155 268 42 21 this
2207 267 46 22 bill.
2282 266 46 23 The
2342 268 118 24 argument

1877 295 25 21 of
1913 294 51 25 Mr..
1969 294 74 28 Busby
2054 302 44 14 was
2108 294 67 22 based
2181 315 4 8 k
2188 301 61 19 upon
2259 293 38 22 the
2307 292 44 21 fact
2365 292 26 21 of
2404 292 57 21 New

1877 320 101 23 Zealand
1993 320 84 28 having
2092 321 55 20 been
2164 318 172 27 acknowledged
2352 325 28 14 an
2390 318 71 25 ..inde-

1877 346 99 27 pendent
1993 350 55 17 state
2056 354 6 18 ;
2085 346 37 21 the
2140 346 79 25 native,
2232 345 70 22 chiefs
2316 344 83 26 having
2414 347 47 20 met

1877 372 85 21 several
1973 372 64 26 times
2046 372 46 30 an
2088 372 27 30 4
2100 371 102 22 declared
2212 371 37 21 the
2262 367 200 38 independence.^

1878 398 57 21 their
1945 402 100 22 country,
2057 398 72 21 wnich
2143 397 135 22 declaration
2296 403 42 15 was
2352 393 110 30 solemnly

1877 424 89 24 ratified
1974 425 30 27 by
2011 425 38 21 the
2058 424 81 22 British
2145 426 153 24 government.
2328 423 41 21 Mr.
2378 422 87 27 Busby^

1878 450 83 28 having
1976 452 58 22 been
2053 450 102 28 severely.
2168 449 132 25 Questioned
2305 471 4 4 .
2316 449 29 27 by
2353 448 52 32 Lthe_
2416 448 46 24 Go-

1878 484 88 19 vernor,
1983 473 107 26 admitted
2106 476 49 22 that
2169 476 38 21 the
2218 476 141 23 declaration,
2363 475 26 21 of

1878 504 115 26 pendence
2004 511 42 15 was
2057 504 75 21 drawn
2142 511 28 19 up
2178 503 31 26 by
2217 502 97 27 himself,
2328 501 45 22 and
2382 501 81 27 agreed

1879 534 21 17 to
1910 530 30 27 by
1950 530 37 21 the
1998 530 69 21 chiefs
2081 533 22 18 at
2119 529 37 22 his'
2167 529 99 27 request,'
2280 536 24 14 in
2321 527 142 28 conjunction

1879 556 52 22 with
1946 556 48 22 that
2004 557 25 20 of
2044 556 37 21 the
2092 556 156 30 missionaries;
2265 555 101 22 and-th'at
2375 554 34 22 his
2420 553 44 30 and,

1879 583 57 21 their
1945 584 59 21 titles
2014 586 21 18 to
2048 583 54 21 land
2112 590 56 15 were
2178 583 75 21 drawn
2263 590 31 19 up
2303 583 28 25 by
2342 581 54 21 him.
2425 580 37 22 He

1879 609 114 26 admitted,
2012 610 53 25 also,
2081 610 48 23 that
2144 609 35 22 the
2197 609 69 21 chiefs
2284 608 47 22 who
2345 610 47 19 met
2406 614 58 14 were

1879 634 97 25 selected
1985 637 36 28 by,
2025 636 92 21 himself
2121 644 4 19 ;
2145 635 42 22 and
2202 635 48 21 that
2266 635 53 27 they
2336 641 55 15 were
2410 632 55 23 such

1879 670 52 14 men
1942 670 24 14 as
2003 662 74 21 would
2088 663 27 20 do
2125 662 112 21 whatever
2245 661 29 22 he
2286 660 83 22 desired

1880 689 27 21 In
1919 689 50 26 fact,
1987 692 23 19 to
2025 696 39 20 say
2075 687 93 28 nothing
2177 688 28 22 of.
2214 688 37 21 the
2262 687 147 28 impropriety-
2416 683 25 24 of
2453 692 14 15 a

1879 719 147 22 government
2035 715 94 22 officer's
2141 715 129 25 becoming,.
2274 721 20 14 a.
2304 713 83 28 perfect
2396 711 70 24 .land-

1877 742 87 27 jobber,
1976 742 44 22 and
2034 741 143 28 purchasing*
2180 739 125 23 thousands
2310 739 33 26 tof
2354 746 61 14 acres
2431 739 35 21 in-

1880 768 91 27 cluding
1980 768 54 21 both
2044 768 107 21 harbours
2168 767 44 21 and
2228 766 125 25 townshipsj
2370 765 38 21 the
2425 764 41 22 im-

1879 795 100 24 pression
1999 802 28 13 on
2044 794 39 21 the
2098 793 73 22 minds
2188 793 25 21 of
2232 793 38 21 the
2288 791 105 23 audience
2409 791 58 24 after,

1881 819 94 27 hearing
1983 820 35 21 his
2027 820 80 26 speech
2119 827 43 13 was
2176 819 42 26 (we
2230 819 28 21 do
2268 822 40 18 not
2317 825 37 19 say
2364 817 18 21 it
2394 817 19 21 is
2429 817 38 25 the,

1881 846 53 26 fact)
1951 847 48 21 that
2011 846 42 21 Mr.
2064 846 77 27 Busby
2156 845 64 22 made
2237 845 34 21 his
2288 844 62 22 office
2368 843 43 21 and
2429 842 39 28 the,

1880 872 113 22 influence
2002 873 18 21 it
2028 880 57 19 gave
2098 872 47 22 him
2155 871 133 28 completely
2298 870 137 22 subservient
2444 871 23 21 td

1881 899 33 21 his
1922 899 103 27 personal
2030 901 93 19 interest
2128 898 43 22 and
2177 898 50 22 that
2232 898 25 21 of
2263 900 38 18 the
2308 896 147 22 missionaries
2460 896 7 26 i

1881 925 49 21 who
1940 932 82 21 appear
2030 929 23 17 to
2063 925 57 21 have
2135 925 97 21 likewise
2248 921 115 25 dedicated
2380 922 37 22 the
2433 923 34 20 in-

1881 951 87 22 fluence
1990 950 72 23 which
2080 952 53 27 they
2152 951 73 22 derive
2242 951 58 21 from
2317 949 56 22 their
2391 947 77 29 s'^tjrdd

1882 978 63 22 office
1955 982 22 18 to
1988 978 37 22 the
2038 978 130 27 acquisition
2178 978 26 21 of
2215 977 88 22 wealth.
2331 976 46 21 The
2386 974 81 28 speech

1882 1005 25 21 of
1929 1005 43 21 Mr.
1992 1004 137 22 Wentworth
2149 1012 43 14 was
2211 1004 27 21 of
2256 1011 14 14 a
2294 1009 51 20 very
2365 1002 103 21 different

1882 1031 120 22 character.
2033 1031 35 21 He
2079 1035 33 18 set
2122 1035 39 17 out
2169 1031 30 27 by
2209 1030 115 26 declaring
2334 1029 36 21 the
2381 1028 86 28 procla-

1882 1059 95 21 mations
1988 1058 26 22 of
2025 1059 127 21 Governors
2168 1058 71 27 Gipps
2255 1057 45 21 and
2317 1056 91 21 Hobson
2425 1061 43 15 vm-

1882 1085 131 21 foundedin
2025 1085 50 26 law,
2093 1084 43 22 and
2155 1084 108 22 therefore
2280 1082 48 23 null
2343 1082 46 21 and
2403 1081 64 27 void;

1882 1111 138 22 maintained
2030 1111 37 22 the
2079 1111 60 27 right
2155 1111 23 21 of
2197 1117 92 20 savages
2306 1113 21 18 to
2343 1108 88 27 dispose
2446 1108 26 21 of

1882 1138 58 23 their
1948 1138 72 27 lands,
2037 1138 46 22 and
2098 1138 80 27 quoted
2193 1145 15 13 a
2223 1137 51 21 host
2291 1136 25 24 of,
2331 1134 136 27 authorities;

1882 1165 54 21 both
1945 1164 59 28 legal
2009 1165 50 28 ,and
2068 1164 118 26 historical,
2199 1167 22 18 to
2232 1170 68 20 prove
2310 1159 33 24 his
2352 1161 115 27 positions:

1882 1191 48 21 The
1947 1195 128 24 arguments
2091 1191 26 21 of
2132 1191 36 21 the
2183 1188 94 24 learned
2293 1188 134 28 gentleman,
2444 1195 25 14 as

1884 1218 48 22 well
1942 1225 24 14 as
1975 1218 63 22 those
2049 1218 25 21 of
2087 1217 88 22 Messrs.
2189 1216 117 22 A'Becket
2316 1214 43 23 and
2366 1213 100 27 Darvall,

1882 1245 46 21 will
1940 1245 36 25 be,
1982 1245 72 21 found
2067 1245 24 20 in
2109 1251 40 14 our
2164 1244 113 26 columns;
2299 1241 43 22 and
2356 1249 33 14 we
2404 1240 65 22 think

1884 1271 47 21 that
1941 1272 53 26 they
2002 1272 57 20 have
2070 1270 65 22 made
2145 1273 37 18 out
2191 1277 14 14 a
2213 1269 59 27 good
2289 1276 47 15 case
2350 1268 25 21 in
2391 1268 76 29 favour^

1883 1298 26 21 of
1921 1298 36 21 the
1968 1298 76 21 claims
2055 1298 26 20 of
2092 1297 53 21 such
2161 1297 54 21 New
2227 1295 99 22 Zealand
2335 1294 134 28 proprietors

1883 1332 24 14 as
1916 1324 57 21 have
1984 1324 65 21 made
2058 1324 42 21 fair
2110 1323 44 22 and
2160 1323 109 27 equitable
2277 1323 125 26 purchases.
2422 1320 47 21 The

1884 1350 59 26 right
1952 1350 25 21 of
1990 1351 36 20 the
2037 1350 56 21 New
2102 1350 134 21 Zealanders
2248 1353 22 16 to
2281 1348 84 26 dispose
2375 1346 26 22 of
2412 1346 57 22 their

1883 1376 61 23 land,
1956 1377 45 20 and
2011 1376 37 21 the
2057 1376 60 26 right
2131 1375 25 20 of
2170 1374 83 23 British
2268 1374 95 26 subjects
2380 1377 22 17 to
2416 1379 52 21 pur?

1885 1402 65 22 chase
1958 1402 24 27 it,
1988 1409 64 19 were,
2062 1409 33 14 we
2103 1402 69 26 think,
2181 1400 134 27 sufficiently
2322 1399 145 31 establisKedij

1884 1429 42 21 but
1934 1437 32 13 we
1977 1428 128 28 apprehend
2116 1428 47 21 that
2171 1428 37 21 the
2218 1427 89 27 ground
2321 1433 59 21 upon
2397 1426 73 21 which

1886 1455 36 22 the
1941 1455 93 22 learned
2051 1454 103 28 speakers
2173 1454 122 27 attempted
2314 1457 21 17 to
2354 1452 60 27 deny
2432 1452 37 22 the

1884 1489 74 19 power
1968 1482 26 21 of
2001 1481 35 21 the
2046 1488 75 15 crown
2131 1485 21 17 to
2162 1481 92 31 appoint
2263 1488 14 14 a
2291 1479 139 22 commission
2445 1482 22 18 to

1884 1512 36 23 try
1930 1508 37 22 the
1974 1508 96 26 .validity
2081 1508 25 21 of
2121 1507 37 22 the
2168 1507 58 22 titles
2242 1506 104 28 acquired
2362 1506 30 26 by
2408 1505 61 22 these

1883 1535 128 27 purchases,
2028 1541 61 21 upon
2107 1534 118 27 principles
2242 1534 26 21 of
2282 1532 81 28 equity,
2380 1532 43 21 will
2441 1532 28 21 be

1884 1561 71 22 found
1971 1561 123 27 altogether
2109 1560 131 25 untenable;
2261 1567 24 14 as
2298 1559 49 27 will,
2363 1559 105 26 likewise,

1885 1587 48 22 that
1942 1588 30 26 by
1982 1588 71 21 which
2063 1588 19 21 it
2091 1588 18 21 is
2120 1586 121 28 attempted
2256 1590 23 18 to
2294 1586 57 27 deny
2367 1585 37 21 the
2424 1585 45 21 Go-

1885 1614 165 22 vernment-the
2061 1614 60 26 right
2128 1618 21 17 to
2160 1621 86 14 resume
2256 1613 55 22 such
2319 1612 64 22 lands
2397 1619 25 14 as
2432 1619 37 14 are

1885 1649 118 19 necessary
2013 1641 34 22 for
2058 1641 153 21 Government
2220 1646 111 21 purposes,
2346 1639 32 26 by
2394 1638 76 27 giving

1886 1668 127 26 equivalent
2023 1667 165 27 compensation
2202 1666 35 21 for
2249 1666 69 21 them.
2350 1665 67 27 Upon
2433 1664 44 23 the'

1886 1694 69 21 whole
1966 1702 33 13 we
2009 1701 37 14 are
2058 1694 114 26 decidedly
2182 1693 26 21 of
2218 1693 91 27 opinion
2323 1691 48 22 that
2378 1699 19 16 .a
2411 1698 59 19 00017

1886 1722 90 21 mission
1988 1720 79 22 should
2074 1721 27 21 be
2110 1719 125 29 appointed,
2246 1719 24 27 if,
2280 1727 23 14 as
2311 1726 30 14 we
2348 1718 58 21 have
2412 1717 57 28 little,

1886 1747 75 27 doubt,
1973 1748 18 21 it
2006 1755 40 14 can
2063 1748 28 21 be
2106 1747 57 21 done
2176 1746 91 27 legally,
2284 1745 43 22 and
2343 1745 49 21 that
2407 1743 64 23 those

1886 1774 48 21 who
1945 1781 38 14 are
1994 1774 114 21 conscious
2126 1774 25 21 of
2164 1773 36 22 the
2217 1773 76 27 equity
2311 1771 24 22 of
2346 1771 58 21 their
2420 1778 51 19 pur-

1886 1800 77 22 chases
1980 1808 41 14 can
2035 1801 58 21 have
2109 1800 93 26 nothing
2215 1803 23 18 to
2251 1799 49 21 fear
2314 1799 56 21 from
2387 1797 56 22 such
2459 1804 13 14 a

1885 1834 109 15 measure.
2035 1827 49 22 The
2102 1826 102 22 interests
2230 1826 26 21 of
2277 1825 37 22 the
2338 1824 134 28 proprietors

1886 1853 139 27 themselves,
2037 1854 38 21 the
2086 1856 130 24 paramount
2226 1852 70 27 rights
2311 1851 25 22 of
2348 1851 39 21 the
2400 1850 72 22 abori-

1885 1880 70 27 gines,
1966 1880 47 22 and
2022 1880 36 21 the
2065 1880 92 27 general
2164 1879 88 22 welfare
2262 1879 25 21 of
2293 1878 36 22 the
2333 1884 49 17 new
2390 1877 82 27 colony

1886 1907 30 20 all
1924 1907 97 21 demand
2028 1907 49 21 that
2084 1914 60 14 some
2152 1906 54 21 such
2216 1910 47 22 step
2270 1904 79 23 should
2354 1903 28 22 Be-

1886 1933 51 27 and,
1949 1941 29 14 on
1989 1934 36 20 the
2039 1934 62 21 other
2117 1933 65 26 hand,
2190 1933 19 20 it
2222 1927 46 26 will
2283 1932 28 21 be
2326 1931 37 21 the
2380 1930 54 27 duty
2449 1927 26 24 of

1887 1960 37 20 the
1935 1960 115 20 executive
2061 1964 22 16 to
2096 1960 63 25 give,
2163 1966 12 14 a
2179 1980 4 8 t
2189 1958 78 21 liberal
2284 1957 149 22 construction
2449 1960 23 17 to

1886 1985 38 22 the
1933 1989 85 24 reports
2029 1985 27 21 of-
2065 1985 37 22 the
2112 1985 184 22 commissioners,
2317 1990 23 14 so
2356 1990 24 14 as
2394 1986 40 17 not
2449 1986 22 18 to

1886 2011 76 23 attach
1975 2012 28 21 ah
2013 2012 76 22 undue
2099 2012 137 26 importance
2246 2014 23 18 to
2280 2010 36 21 the
2324 2016 60 15 mere
2392 2012 80 18 nature

1886 2039 26 21 of
1919 2039 36 21 the
1966 2039 114 26 purchase,
2090 2038 91 22 without
2191 2045 14 13 a
2213 2044 80 20 proper
2309 2035 163 23 consideration

1886 2065 26 21 of
1920 2065 36 21 the
1963 2066 172 21 circumstances
2142 2064 70 22 under
2218 2063 73 22 which
2298 2063 18 21 it
2322 2070 44 14 was
2371 2062 99 27 effected^

1886 2092 45 21 and
1942 2092 36 21 the
1989 2092 142 26 uncertainty
2146 2091 99 26 existing,
2257 2093 23 18 at
2294 2089 35 21 the
2344 2089 53 21 time
2411 2096 24 14 as
2450 2093 22 17 to

1886 2118 38 22 the
1941 2118 75 22 future
2032 2121 113 24 prospects
2155 2117 24 22 of
2191 2117 40 21 the
2244 2116 134 22 settlement.
2380 2127 31 4 —
2412 2115 62 22 Aus-

1886 2152 127 14 tralasian
2031 2145 139 21 Chronicle.

1921 2180 188 24 Immigration.
2112 2192 33 4 —
2146 2179 23 23 A
2190 2179 98 23 number
2309 2178 24 23 of
2357 2178 116 23 extensive

1886 2211 54 22 land
1959 2212 134 27 proprietors
2107 2212 24 20 in
2147 2211 42 21 this
2205 2210 88 27 colony,
2310 2209 48 21 who
2376 2216 37 14 are
2430 2207 43 34 dis^

1886 2238 100 22 satisfied
2002 2238 53 22 with
2070 2237 54 23 both
2142 2237 34 21 the
2199 2241 94 22 systems
2311 2235 71 22 under
2401 2234 73 22 which

1886 2265 140 26 immigrants
2036 2272 38 14 are
2083 2264 94 27 brought
2184 2267 40 17 out
2230 2263 61 26 here,
2299 2262 56 22 have
2363 2261 111 28 proposed

1886 2295 22 17 to
1914 2291 62 21 'raise
1987 2299 14 13 a
2009 2291 146 27 subscription
2166 2291 25 20 of
2202 2289 47 23 £50
2259 2290 57 21 from
2329 2286 54 24 each
2393 2295 80 20 person

1886 2318 115 27 requiring
2014 2319 105 21 numbers
2129 2317 25 21 of
2164 2317 58 21 farm
2233 2319 110 22 servants;
2359 2315 31 27 by
2399 2314 73 22 which

1888 2345 52 26 they
1951 2350 79 22 expect
2043 2349 22 17 to
2083 2345 55 21 raise
2154 2344 102 25 £50,000.
2286 2342 59 22 With
2364 2341 42 22 this
2424 2348 48 15 sum

1889 2371 51 31 they
1951 2379 92 20 propose
2059 2375 23 17 to
2099 2370 87 27 employ
2201 2369 141 26 trustworthy
2359 2371 77 24 agents
2451 2368 25 22 of

1888 2397 57 22 their
1955 2406 57 17 own,
2022 2397 46 22 and
2082 2405 42 20 pay
2135 2397 52 21 such
2197 2397 65 21 other
2272 2402 106 21 expenses
2390 2402 23 14 as
2429 2394 45 22 will

1886 2425 29 21 be
1924 2425 103 21 incurred
2036 2425 24 21 in
2075 2424 118 27 procuring
2208 2430 14 14 a
2238 2422 104 22 selection
2359 2421 25 22 of
2399 2421 74 24 useful

1887 2451 79 26 people
1982 2451 59 24 from,
2055 2451 38 21 the
2107 2450 59 21 rural
2181 2449 98 21 districts
2295 2449 26 21 of
2336 2448 36 21 the
2388 2448 87 22 mother

1888 2481 106 23 country;
2014 2477 72 21 which
2100 2477 52 26 they
2166 2475 108 23 calculate
2288 2475 43 21 will
2343 2477 93 19 amount
2451 2477 23 18 to

1887 2504 68 21 about
1974 2504 60 22 £300
2057 2503 34 21 for
2110 2510 66 19 every
2194 2502 73 22 vessel
2290 2501 107 27 freighted
2422 2500 52 22 with

1888 2530 127 27 emigrants,
2030 2538 53 14 over
2093 2529 44 22 and
2147 2530 68 20 above
2228 2528 37 21 the
2274 2528 85 26 bounty
2369 2531 23 17 to
2401 2527 28 21 be
2439 2535 35 13 re-

1888 2557 78 21 ceived
1973 2557 56 21 from
2037 2557 37 21 the
2084 2556 54 22 land
2144 2555 62 23 fund.
2215 2574 3 2 .
2230 2555 69 27 Thus,
2307 2555 22 21 in
2337 2555 38 20 the
2382 2553 93 27 gradual

1888 2583 146 27 expenditure
2043 2583 27 24 .of
2081 2583 38 23 the
2238 2586 22 17 at
2270 2582 56 21 least
2333 2583 76 25 30,000
2419 2580 55 22 such

1887 2617 92 20 persons
1990 2618 23 14 as
2023 2617 37 15 are
2070 2609 89 22 wanted
2166 2608 73 22 would
2248 2609 28 21 be
2285 2607 131 22 introduced
2425 2608 47 21 into

1887 2636 39 22 the
1936 2637 87 26 colony.
2103 2636 58 21 have
2170 2642 29 14 no
2211 2635 111 27 objection
2333 2639 21 16 to
2363 2633 42 22 this
2413 2632 60 31 copV-

1889 2664 72 26 pan'y;
1981 2663 41 21 but
2035 2670 33 14 we
2086 2670 59 14 warn
2161 2662 60 21 them
2237 2662 50 20 that
2302 2669 31 13 we
2349 2660 56 22 shall
2422 2660 53 22 look

1890 2696 52 20 very
1953 2689 110 28 narrowly
2073 2689 56 21 after
2140 2689 54 21 their
2202 2691 84 24 system
2293 2688 24 21 of
2323 2688 152 27 provisioning

1889 2716 44 21 and
1943 2716 194 26 accommodating
2147 2716 57 20 their
2213 2715 120 26 emigrants
2340 2722 5 18 ;
2362 2721 23 14 as
2393 2713 49 22 well
2450 2721 24 14 as

1889 2745 21 18 to
1922 2743 37 21 the
1969 2743 145 26 proceedings
2125 2742 25 21 of
2161 2742 55 20 their
2224 2744 78 24 agents
2309 2741 23 20 in
2340 2740 123 27 England—
2463 2745 12 23 f-

1889 2776 23 14 so
1928 2769 48 21 that
1990 2769 36 21 the
2041 2769 54 21 land
2110 2768 56 22 fund
2181 2775 53 20 may
2249 2771 42 18 not
2304 2768 26 20 be
2341 2766 100 22 diverted
2451 2769 23 18 to

1888 2799 65 23 party
1962 2803 113 20 purposes,
2086 2802 42 14 nor
2138 2795 35 21 the
2182 2795 87 26 bounty
2279 2793 94 22 claimed
2387 2793 35 22 for
2436 2792 38 23 the

1888 2822 149 22 introduction
2062 2822 26 21 of
2140 2821 139 26 Canterbury
2298 2827 57 19 men,
2404 2819 71 22 Brad~-

1889 2849 77 25 shaws,
1982 2848 114 26 Chartists,
2112 2848 45 22 and
2166 2848 37 21 the
2213 2848 53 21 like.
2269 2859 30 4 —
2301 2847 56 21 Ibid.

1922 2884 169 24 Australian
2104 2884 104 23 Mining
2220 2883 135 24 Company.
2358 2895 34 3 —
2392 2883 23 26 A.
2425 2877 51 28 neV

1889 2923 110 21 company
2009 2916 40 21 lias
2060 2916 57 21 been
2124 2914 85 22 formed
2216 2914 73 22 under
2296 2913 36 22 the
2340 2913 69 25 above
2418 2912 54 27 tide,

1889 2942 35 22 for
1933 2942 37 22 the
1980 2950 94 20 purpose
2085 2942 25 22 of
2121 2942 88 26 sinking
2219 2948 14 14 a
2240 2941 60 21 mine
2307 2940 22 21 in
2337 2936 36 25 the
2382 2939 93 27 vicinity

1889 2970 26 20 of
1927 2969 96 31 Sydney,
2035 2972 23 18 to
2067 2972 60 18 meet
2137 2968 35 21 the
2187 2968 127 25 increasing
2329 2966 96 21 demand
2439 2965 36 22 for

1890 2996 48 21 coal
1948 2997 23 19 in
1982 2996 43 20 this
2035 2996 70 26 place.
2133 2994 47 22 The
2190 2994 80 27 capital
2286 2993 40 22 has
2340 2993 66 22 been-
2415 2992 61 22 fixed

1889 3026 23 17 at
1919 3023 67 25 £100,
1990 3024 46 24 000,
2044 3022 24 21 in
2076 3022 31 21 fiv
2103 3039 7 7 h
2107 3029 13 14 e
2126 3020 111 22 thousand
2244 3020 75 21 shares
2327 3020 24 21 of
2357 3019 47 22 .€2O

1889 3048 155 28 Applications
2053 3048 36 21 for
2098 3054 73 15 snares
2180 3054 38 15 are
2234 3050 23 17 to
2274 3046 28 21 be
2317 3046 63 21 made
2397 3050 24 17 at
2436 3044 44 23 the.

1889 3075 65 22 Bank
1964 3075 26 21 of
2001 3074 120 22 Australia.
2133 3095 3 4 .
2149 3073 45 21 The
2210 3076 59 17 want
2286 3072 26 21 of
2328 3079 12 14 a
2357 3071 79 27 supply
2453 3072 26 21 of

1890 3102 59 21 coals
1959 3101 40 22 has
2008 3101 57 21 been
2074 3095 103 32 long'felt
2186 3099 23 21 in
2220 3098 97 27 Sydney,
2326 3098 44 21 and
2377 3105 32 14 we
2416 3098 59 21 have

1889 3135 30 15 no
1934 3128 70 21 doubt
2018 3127 48 22 that
2081 3127 38 21 the
2135 3125 107 28 purchase
2256 3125 27 20 of
2300 3121 74 25 shares
2391 3124 23 21 in
2430 3124 44 21 this

1891 3162 110 20 company
2011 3154 44 21 will
2065 3160 68 21 prove
2143 3160 17 15 a.
2170 3151 117 28 profitable
2302 3151 145 22 investments
2453 3150 26 22 of

1890 3181 87 27 capital.
2002 3180 49 25 .But
2071 3179 43 22 will
2128 3182 41 26 jiot
2183 3178 53 29 this,
2244 3177 103 24 interfere
2367 3177 53 22 with
2437 3177 39 22 the

1890 3207 152 27 Agricultural
2051 3205 131 28 Company's
2193 3201 88 25 charter
2287 3204 98 21 ?-~lbid.

1925 3243 184 23 Government
2128 3240 132 27 Gazette,
2279 3239 63 23 July
2357 3241 23 21 1.
2382 3251 31 4 —
2416 3239 60 23 Pro-

1891 3268 118 27 clamation
2022 3274 31 25 by
2065 3272 37 21 the
2121 3271 115 21 Governor
2249 3270 113 28 declaring
2375 3270 49 21 that
2437 3269 38 22 the

1891 3300 85 22 district
1986 3300 25 21 of
2023 3299 53 22 Port
2086 3298 80 26 Phillip
2178 3297 41 21 has
2231 3297 58 21 been
2300 3297 89 21 divided
2397 3297 24 20 in
2433 3299 43 18 two

1891 3327 106 25 districts;
2009 3324 95 27 namely,
2111 3324 43 21 No.
2160 3325 18 25 9,
2313 3324 51 21 Port

1891 3352 105 23 bounded
2006 3359 28 14 on
2046 3352 38 20 the
2094 3350 122 22 north-east
2231 3351 30 26 by
2277 3350 37 21 the
2330 3350 60 21 main
2406 3356 70 19 range

1890 3380 101 21 between
2001 3378 37 21 the
2048 3378 59 21 river
2124 3377 75 21 Ovens
2215 3378 45 20 and
2277 3377 37 20 the
2331 3375 156 27 Goulbourn;-

1891 3413 28 14 on
1931 3406 37 21 the
1978 3408 47 18 east
2033 3404 31 27 by
2074 3404 37 21 the
2121 3403 126 22 Australian
2256 3403 57 31 Alps
2321 3410 5 18 ;
2342 3409 27 15 on
2377 3401 38 22 the
2423 3404 54 19 west

1890 3432 31 26 by
1931 3432 37 21 the
1978 3431 106 26 Weariby
2093 3430 64 26 river,
2168 3429 44 22 and
2220 3437 13 14 a
2240 3429 46 21 line
2293 3430 22 20 in
2324 3428 153 25 continuatiqft

1891 3458 26 21 of
1928 3458 37 21 the
1976 3457 107 22 direction
2093 3456 89 22 thereof
2192 3455 179 32 north-westerly
2382 3458 95 18 towaraa

1893 3484 36 21 the
1938 3483 129 22 Australian
2074 3483 120 27 Pyrenees;
2206 3482 45 22 and
2257 3482 44 22 No.
2309 3484 30 23 10,

1891 3511 47 26 Bay
2068 3509 77 22 bound
2151 3516 27 15 on
2185 3509 38 21 the
2232 3512 47 18 east
2288 3509 33 26 by.
2328 3507 149 28 the,Wejnsby

1892 3537 64 26 river,
1968 3537 44 21 and
2022 3544 13 14 a
2043 3536 46 22 line
2098 3536 24 21 in
2132 3536 154 22 continuation
2295 3534 93 26 thereof
2400 3534 78 22 north-

1893 3563 100 31 westerly
2003 3563 93 21 towards
2107 3563 37 21 the
2158 3562 126 22 Australian
2299 3561 116 28 Pyrenees,
2432 3560 45 22 and

1893 3590 127 25 embracing
2030 3589 37 21 the
2078 3589 71 21 whole
2164 3592 93 23 country
2269 3592 22 17 to
2301 3588 36 21 the
2347 3590 54 19 west
2410 3594 24 14 as
2443 3587 35 21 far

1892 3624 23 13 as
1926 3616 69 22 South
2006 3615 120 22 Australia.
2155 3615 25 21 In
2193 3615 114 21 reference
2318 3617 21 18 to
2349 3613 38 21 the
2397 3613 81 21 above-

1892 3642 130 22 mentioned
2030 3641 165 28 proclamation,
2212 3641 37 25 tljo
2265 3639 112 26 following
2392 3639 86 26 gentle-

1892 3676 51 14 men
1964 3675 37 15 are
2020 3667 121 28 appointed
2164 3666 175 22 commissioners
2358 3665 26 21 of
2403 3672 74 14 crown

1891 3695 65 21 lands
1962 3695 89 26 beyond
2059 3695 37 21 the
2103 3693 133 23 boundaries
2244 3693 26 21 of
2276 3692 102 26 location,
2386 3691 43 21 viz.
2438 3699 5 13 :
2446 3703 31 5 —

1893 3721 43 21 No.
1952 3723 21 24 9,
1992 3723 102 19 Western
2110 3721 53 21 Port
2178 3719 92 26 district,
2289 3719 24 21 F.
2331 3718 28 21 A.
2376 3718 100 27 Powlett,

1893 3747 59 26 Escn,
1962 3747 134 23 Melbourne
2103 3755 4 18 ;
2124 3746 42 22 No.
2174 3747 32 25 15,
2216 3745 106 21 Portland
2329 3745 48 27 Bay
2384 3744 92 28 district,

1893 3774 24 22 F.
1936 3776 81 25 Fyans,
2035 3774 60 27 Esq.,
2115 3772 106 26 Geelong.
2239 3772 59 21 'The
2312 3778 110 19 governor
2437 3770 40 22 has

1893 3800 107 27 accepted
2016 3800 37 22 the
2068 3799 134 27 resignation
2218 3798 33 22 of
2263 3798 31 22 H.
2314 3798 23 20 F.
2357 3797 119 27 Gisborne,

1895 3827 59 28 Esq.,
1966 3834 23 14 as
2000 3826 164 22 commissioner
2178 3825 25 21 of
2219 3831 74 15 crown
2310 3823 68 29 land.3.
2389 3823 34 22 for
2439 3824 38 22 the

1895 3853 52 22 Port
1956 3853 81 28 Phillip
2046 3853 103 25 districts,
2160 3851 72 22 which
2242 3851 49 21 that
2300 3849 127 29 gentleman
2436 3850 40 22 haif
2483 3853 15 12 *

1893 3879 106 23 tendered
2009 3879 20 22 in
2043 3885 150 22 consequence
2203 3878 27 20 of
2236 3877 119 22 continued
2363 3876 23 22 ill
2394 3876 75 22 health

1893 3918 30 5 —
1926 3907 57 21 Ibit>.
2102 3900 46 34 -%r.
2155 3925 5 2 -
2177 3917 5 11 /

704 2702 75 30 Justly
782 2722 4 6 t
792 2701 78 32 proud,
892 2709 25 15 as
929 2708 33 15 we
972 2700 46 23 had
1035 2707 81 15 reason
1133 2698 79 30 tp.be,
1232 2697 25 24 of

669 2735 39 24 the
722 2743 89 15 success
823 2742 33 16 we
868 2734 45 23 had
924 2733 115 27 achieved,
1052 2732 45 24 and
1108 2731 25 24 of
1143 2731 38 23 the
1193 2738 61 16 com-

669 2768 56 24 forts
738 2768 73 23 which
822 2775 58 17 were
893 2767 59 30 daily
965 2766 102 31 growing
1077 2773 31 23 up
1120 2764 86 24 around
1218 2771 35 20 us,

669 2802 63 23 there
755 2809 45 15 was
819 2806 40 25 yet
882 2808 42 15 one
945 2804 67 26 great
1030 2798 152 24 desideratum
1186 2809 29 4 —

669 2836 91 22 various
767 2834 58 24 band
838 2835 58 22 from
909 2832 98 24 kindred
1017 2832 83 23 realms
1111 2838 34 15 we

670 2868 42 23 and
725 2868 86 30 though
828 2867 80 23 united
925 2867 23 22 in
967 2865 40 24 tbe
1018 2886 9 16 v
1024 2864 73 32 grand
1113 2870 100 24 purpose
1232 2862 25 23 of

670 2901 124 30 extending
805 2900 37 23 the
853 2900 114 29 blessings
985 2898 26 23 of
1026 2896 138 25 civilization
1183 2900 21 18 to
1217 2895 38 23 the

669 2934 67 23 noble
748 2934 42 23 but
801 2933 112 30 untaught
925 2931 101 24 children
1039 2930 25 23 of
1072 2930 39 22 the
1123 2929 83 27 desert,
1220 2936 34 15 we

671 2966 65 23 could
758 2971 41 18 not
819 2966 43 23 but
880 2965 103 31 perceive
1002 2963 38 23 the
1058 2963 114 29 necessity
1192 2961 62 22 there

670 2999 88 24 existed
768 2999 35 23 for
813 2999 99 28 forming
924 3004 62 16 some
998 2996 60 23 bond
1070 2995 24 23 of
1101 2996 72 22 union
1183 2994 72 22 which

670 3032 73 31 might
755 3032 47 23 still
819 3038 63 16 more
901 3029 84 31 closely
1005 3029 61 22 unite
1086 3028 38 23 the
1143 3027 113 23 scattered

671 3066 110 22 elements
788 3065 25 23 of
822 3072 41 16 our
875 3064 92 29 society.
1006 3061 57 24 This
1073 3066 61 18 want
1146 3060 41 23 has
1197 3060 58 23 been

671 3098 104 31 supplied
785 3098 31 30 by
833 3097 39 23 the
913 3095 121 24 Pickwick
1053 3094 59 23 Club
1119 3103 5 19 ;
1168 3093 43 23 and
1222 3100 33 15 we

670 3131 83 32 rejoice
766 3135 22 18 to
801 3138 46 23 say,
867 3129 48 23 that
935 3129 22 23 in
974 3128 38 22 the
1031 3127 49 23 face
1091 3127 25 23 of
1126 3126 129 23 difficulties

671 3164 82 23 almost
772 3162 200 28 insurmountable,
995 3161 19 22 it
1032 3160 39 23 has
1090 3158 123 24 succeeded
1232 3158 24 22 in

671 3196 148 31 establishing
831 3196 35 23 for
877 3194 63 24 itself
943 3203 16 14 a
966 3194 114 23 character
1087 3192 35 23 for
1129 3191 127 29 unanimity

671 3230 45 23 and
728 3229 166 31 respectability
906 3227 84 24 second
1002 3232 22 18 to
1036 3234 29 14 uo
1084 3224 128 25 institution
1231 3223 27 23 of

671 3264 31 21 its
719 3262 64 28 kind,
802 3262 43 22 and
863 3260 80 28 which,
963 3260 69 23 based
1052 3267 25 15 as
1095 3259 18 22 it
1129 3258 23 23 is
1171 3264 27 16 on
1217 3256 38 23 the

671 3295 122 31 principles
805 3294 27 23 of
840 3293 88 24 mutual
938 3293 85 23 benefit
1040 3291 44 24 and
1101 3290 153 27 information,

673 3333 81 18 cannot
766 3327 38 24 fail
816 3331 23 18 to
851 3326 59 23 raise
922 3326 19 22 it
952 3330 22 18 to
987 3333 14 14 a
1015 3324 46 23 still
1078 3324 76 23 loftier
1166 3323 90 23 .station

673 3361 52 23 with
738 3359 38 24 the
795 3360 101 30 growing
913 3357 128 32 prosperity
1059 3357 25 23 of
1101 3357 38 22 the
1160 3356 94 29 Colony.

673 3393 43 24 We
727 3393 57 24 have
797 3391 89 25 alluded
897 3396 22 19 to
932 3391 37 23 the
982 3390 129 23 difficulties
1131 3389 38 22 the
1189 3387 65 28 Club,

673 3434 30 16 on
713 3427 30 22 its
755 3425 143 32 origination,
917 3424 45 23 had
978 3428 24 18 to
1021 3422 96 24 contend
1131 3420 55 24 with
1193 3430 5 20 ;
1218 3420 38 23 the

672 3464 59 19 most
743 3460 93 23 obvious
849 3458 25 23 of
883 3458 62 23 these
957 3464 59 15 were
1028 3455 37 23 the
1085 3454 112 24 scattered
1213 3453 43 23 and

672 3492 114 24 unsettled
798 3496 57 19 state
868 3491 24 23 of
901 3491 38 23 the
951 3489 146 29 community,
1108 3487 45 23 and
1165 3486 37 23 the
1212 3485 44 24 dif-

672 3526 90 23 ference
775 3525 25 23 of
813 3524 86 30 feeling
917 3522 45 23 and
985 3522 92 30 opinion
1099 3519 75 23 which
1176 3523 81 18 -'must

673 3558 137 30 necessarily
821 3557 61 23 exist
898 3556 101 22 between
1016 3552 137 25 individuate
1172 3551 24 23 of
1213 3551 43 22 dif-

673 3591 72 22 ferent
762 3589 121 23 countries.
913 3587 79 25 These
1012 3585 119 26 obstacles,
1238 3584 20 22 it

673 3630 47 15 was
738 3622 38 22 the
786 3621 101 30 primary
899 3618 74 32 object
992 3617 25 24 of
1029 3617 37 23 the
1082 3617 139 30 originators,
1233 3615 26 23 of

674 3655 38 23 the
724 3654 57 24 Club
794 3648 31 28 to*
828 3653 96 26 obyiale,
938 3658 57 16 were
1008 3650 104 31 speedily,
1131 3655 125 22 overcome,

673 3687 45 24 and
747 3686 79 32 deeply
856 3684 124 32 impressed
1004 3683 52 26 with
1069 3689 10 19 .:
1086 3683 38 22 the
1153 3681 103 24 eventual

673 3721 138 30 importance
823 3718 25 24 of
858 3718 56 23 such
926 3725 29 15 an
966 3716 135 28 institution,
1114 3715 39 23 the
1160 3722 44 23 gay
1213 3713 45 24 and

674 3752 141 31 thoughtless
827 3758 41 16 son
881 3751 24 23 of
922 3750 65 28 Erin,
1007 3749 38 23 the
1064 3748 57 24 calm
1140 3747 118 29 reflecting

674 3785 144 28 Scotchman,
832 3784 43 24 and
884 3784 38 23 the
931 3784 66 22 blunt
1006 3781 44 24 and
1059 3780 77 31 manly
1146 3778 111 32 English-

673 3826 60 21 man,
758 3817 61 24 alike
831 3817 48 24 lent
897 3817 58 22 their
974 3815 104 30 energies
1096 3817 23 19 to
1139 3812 49 24 the-
1195 3811 61 23 task.

675 3852 51 23 One
748 3850 134 24 formidable
902 3848 101 24 obstacle
1014 3846 47 23 still
1077 3845 131 27 remained;
1229 3852 29 15 an

670 3885 95 31 .opinion
777 3883 44 23 had
830 3890 58 23 gone
900 3880 84 25 abroad
995 3879 50 24 that
1056 3879 38 23 the
1113 3878 86 29 society
1211 3884 46 15 was

673 3917 84 30 merely
771 3925 13 15 a
796 3914 109 26 convivial
918 3921 49 21 one,
989 3912 44 24 and
1049 3909 166 32 contemplated
1228 3915 30 17 no

703 1945 138 23 Undaunted
852 1945 30 29 by
895 1944 91 30 danger,
1000 1943 30 30 by
1042 1943 47 27 toil,
1102 1942 45 23 and
1157 1942 31 31 by
1209 1941 44 23 dif-

666 1978 87 29 ficulty,
778 1977 43 23 and
843 1976 150 30 undismayed
1016 1976 30 28 by
1066 1975 38 22 the
1123 1975 68 22 fierce
1209 1974 50 23 arid'

664 2009 97 31 jealous,
767 2016 89 24 savage,
874 2016 32 15 we
918 2008 54 23 held
984 2015 41 15 our
1036 2015 49 22 way
1098 2006 97 31 through
1209 2006 43 28 ,the

668 2042 111 23 trackless
792 2046 68 19 waste
873 2042 25 22 of
906 2046 89 22 waters,
1012 2040 34 23 till
1058 2040 38 23 the
1108 2040 145 30 magnificent

668 2075 54 23 hills
733 2076 25 22 of
774 2075 56 23 New
849 2074 100 24 Zealand
966 2074 67 22 burst
1049 2081 61 23 upon
1130 2080 41 16 our
1183 2080 54 23 gaze
1244 2081 6 19 ;

668 2108 61 28 then,
753 2108 88 28 indeed,
866 2115 32 16 we
920 2107 72 22 found
1014 2107 49 22 that
1086 2114 41 15 our
1146 2106 105 30 energies

669 2141 72 23 would
758 2141 28 23 be
806 2145 41 27 put
866 2146 21 18 to
906 2148 14 16 a
938 2147 78 16 severe
1039 2139 43 23 and
1101 2139 78 30 trying
1199 2143 51 18 test.

670 2174 47 23 Not
732 2182 14 15 a
757 2174 78 28 house,
858 2178 39 19 not
908 2181 13 16 a
933 2173 41 23 hut
985 2180 47 15 was
1050 2176 23 19 to
1092 2172 27 23 be
1132 2179 61 22 seen,
1207 2171 49 23 and-

668 2207 35 23 far
726 2215 25 16 as
774 2207 38 23 the
835 2214 40 23 eye
896 2206 67 23 could
985 2205 74 28 reach,
1080 2204 37 24 the
1129 2204 131 24 boundless-

668 2241 70 22 forest
762 2240 80 31 spread
861 2241 40 24 in..
903 2239 30 23 all
952 2239 38 22 the
1009 2238 52 23 wild
1079 2237 133 24 luxuriance
1230 2237 25 23 of

668 2279 81 17 nature
757 2283 6 19 ;
776 2274 41 22 but
833 2281 30 15 un
867 2272 106 30 cheering
992 2279 26 15 as
1029 2279 45 15 was
1087 2270 37 24 the
1136 2274 113 27 prospect,

669 2307 39 22 the
720 2314 60 16 same
795 2307 68 22 noble
875 2305 97 31 impulse
984 2304 72 23 which
1068 2303 44 24 had
1125 2303 87 24 carried
1224 2311 28 15 us

670 2340 97 30 through
790 2347 24 15 so
834 2347 67 22 many
921 2338 105 30 dangers,
1049 2336 118 24 sustained
1184 2344 27 15 us
1228 2336 23 23 in

668 2373 47 25 this
728 2373 75 30 trying
814 2372 65 28 hour,
891 2371 44 24 and
946 2378 37 16 ere
1004 2378 12 16 a
1034 2370 59 23 little
1111 2369 79 23 month
1207 2369 47 23 had

669 2406 98 31 elapsed,
792 2405 38 23 the
852 2404 55 24 rude
936 2403 150 31 inhospitable
1107 2402 76 23 desert
1205 2409 47 16 was

669 2438 149 24 transformed
830 2439 48 22 into
890 2437 37 24 the
938 2436 102 32 peaceful
1052 2435 84 24 abodes
1147 2435 26 23 of
1179 2435 74 30 happy

668 2472 45 23 and
735 2472 119 23 contented
876 2471 103 29 industry
981 2482 33 4 —
1015 2469 65 23 while
1103 2473 23 18 at
1145 2468 107 23 intervals

668 2505 74 31 might
764 2505 28 23 be
814 2512 54 16 seen
887 2503 38 24 the
946 2507 56 19 neat
1022 2502 42 23 but
1086 2501 166 31 unpretending

668 2543 101 25 cottages
781 2538 23 22 in
815 2536 73 24 which
900 2543 62 16 some
975 2535 26 23 of
1009 2535 38 23 the
1063 2534 90 23 noblest
1173 2534 21 23 of
1213 2541 41 15 our

668 2571 60 28 land,
753 2571 117 30 despising
885 2569 37 23 the
939 2569 132 28 enervating
1086 2567 109 23 luxuries'
1206 2566 25 23 of
1240 2574 14 15 a

668 2604 57 22 false
736 2603 44 22 aud
792 2601 155 24 conventional
955 2601 92 29 society,
1061 2608 58 15 were
1132 2603 91 19 content
1230 2603 23 19 to

669 2636 55 23 seek
735 2635 76 24 health
823 2635 46 23 and
880 2634 123 31 happiness
1119 2632 39 23 the
1170 2639 81 23 green-

670 2669 62 23 wood

696 1056 29 23 In
736 1063 127 24 pursuance
875 1055 24 23 of
912 1055 40 27 ,the
967 1055 105 30 pleasing
1090 1059 39 26 yet
1147 1054 97 23 arduous
1253 1054 2 18 i

663 1089 51 23 task
726 1089 72 22 which
816 1089 41 22 has
857 1110 4 9 (
875 1088 58 23 been
955 1087 103 31 imposed
1074 1095 61 23 upon
1154 1096 36 20 us,
1213 1094 31 16 we

663 1122 73 23 would
746 1122 52 30 beg,
817 1122 78 23 before
913 1122 105 29 entering
1040 1121 47 22 into
1111 1120 87 28 details,
1222 1125 22 18 to

664 1155 53 23 take
728 1163 13 15 a
752 1155 60 23 brief
828 1158 125 27 retrospect
971 1153 25 23 of
1013 1153 36 23 the
1070 1154 174 22 circumstances

664 1188 70 23 under
757 1187 74 24 which
851 1187 38 23 the
931 1186 118 24 Pickwick
1069 1186 60 23 Club
1149 1186 25 23 of
1190 1186 55 23 New

664 1220 100 24 Zealand
798 1228 45 15 was
854 1219 94 28 formed,
969 1219 45 23 and
1033 1219 85 30 despite
1136 1218 73 24 which
1228 1219 18 22 it

665 1261 48 16 now
729 1253 51 23 bids
800 1253 41 22 fair
860 1258 23 17 to
901 1252 65 28 rival,
985 1252 21 22 if
1021 1256 39 18 not
1076 1252 23 22 in
1119 1251 128 31 originality

664 1286 44 24 and
715 1294 86 24 jpower,
818 1290 24 18 at
851 1285 57 23 least
919 1286 24 22 in
955 1285 127 23 usefulness
1094 1284 45 23 and
1149 1284 97 23 benevo-

664 1319 72 29 lence^
747 1320 34 26 its,
789 1324 63 25 great
863 1322 125 30 prototype.
1028 1317 55 23 Cast
1099 1324 32 15 we
1141 1325 42 14 our
1193 1325 53 22 eyes

663 1351 130 28 backward,
816 1352 62 27 then,
885 1376 11 7 t>
901 1355 23 19 to
948 1350 38 23 the
1006 1358 52 22 very
1070 1354 78 18 recent
1160 1350 83 29 period,

666 1385 71 26 when,
750 1384 94 30 bidding
856 1383 64 23 adieu
932 1388 23 17 to
967 1383 39 22 the
1021 1383 53 22 land
1092 1382 23 23 of
1126 1390 41 14 our
1178 1382 68 27 birth,

666 1418 44 22 and
722 1418 28 22 all
769 1418 30 22 its
809 1416 110 24 hallowed
931 1414 155 28 associations,
1105 1414 45 23 and
1167 1414 81 23 stimu-

667 1451 58 22 lated
736 1451 31 29 by
779 1450 37 23 the
828 1449 72 31 proud
912 1449 66 31 spirit
990 1449 25 22 of
1032 1448 124 31 enterprise
1174 1447 80 22 which-

667 1484 40 22 has
720 1491 51 15 ever
782 1483 57 23 been
847 1482 37 23 the
893 1480 172 25 characterestic
1072 1481 25 22 of
1103 1480 37 23 the

666 1517 63 27 born,
750 1516 38 23 the
889 1523 34 15 we
941 1522 57 23 gave
1018 1518 22 18 to
1059 1513 38 23 the
1112 1513 81 23 breeze
1211 1513 39 22 the

666 1549 104 30 swelling
790 1549 42 23 sail
854 1548 74 23 which
945 1555 47 15 was
1011 1551 22 18 to
1050 1546 54 23 waft
1121 1554 28 15 us
1169 1551 22 17 to
1210 1545 39 23 the

666 1582 54 22 land
731 1582 24 22 of
765 1590 40 15 our
817 1579 114 33 adoption!
964 1579 66 31 High
1040 1587 24 15 as
1077 1586 57 16 were
1146 1579 53 23 then
1210 1586 41 15 our

666 1616 142 29 aspirations,
830 1615 45 22 and
885 1614 111 30 sanguine
1014 1621 24 14 as
1048 1620 58 15 were
1119 1620 41 15 our
1173 1612 76 31 hopes,

667 1647 38 23 the
717 1647 88 24 boldest
816 1647 25 23 of
850 1647 38 23 the
901 1646 150 24 adventurous
1065 1646 59 22 band
1137 1645 65 23 could
1211 1649 40 19 not

666 1681 41 22 but
725 1681 45 23 feel
794 1681 48 22 that
864 1680 28 23 he
915 1687 46 15 was
984 1679 88 30 casting
1092 1679 29 22 all
1141 1686 60 22 upon
1213 1677 38 23 the

666 1714 84 23 hazard
762 1714 24 22 of
802 1713 37 24 the
859 1713 42 28 die,
920 1712 46 24 and
981 1712 50 23 that
1047 1712 96 30 landing
1160 1719 60 22 upon
1239 1719 14 14 a

667 1755 81 22 savage
765 1747 44 23 and
820 1746 97 32 perhaps
929 1754 13 14 a
957 1745 83 23 hostile
1051 1745 66 22 shore
1136 1743 59 31 (rich
1209 1744 43 23 and

666 1780 110 23 beautiful
788 1788 24 15 as
824 1781 18 21 it
852 1779 75 31 might
937 1777 40 32 be)
990 1779 19 22 it
1020 1785 45 15 was
1077 1778 52 30 only
1136 1778 31 29 by
1175 1777 48 23 dint
1230 1778 24 21 of

668 1813 110 23 ceaseless
791 1813 39 22 toil
842 1809 43 26 and
893 1812 135 30 unflagging
1035 1818 160 23 perseverance
1204 1809 50 24 that

667 1846 29 23 he
709 1846 65 23 could
785 1846 57 30 hope
855 1850 23 18 to
891 1844 71 24 strike
975 1849 40 18 out
1026 1844 34 23 for
1068 1843 96 24 himself
1174 1851 13 15 a
1197 1843 56 30 path

668 1884 23 17 to
703 1879 37 23 the
760 1879 94 23 comfort
873 1878 44 23 and
936 1877 167 31 independence
1120 1876 75 24 which
1215 1876 38 22 the

668 1912 102 22 crowded
781 1912 64 22 cities
858 1912 25 22 of
891 1911 36 23 his
939 1910 128 23 fatherland
1085 1909 89 23 denied.

1314 1183 121 22 SYDNEY
1449 1183 210 22 LEGISLATIVE
1674 1181 139 23 COUNCIL.

1465 1228 96 17 Tuesday,
1574 1228 52 16 June
1637 1228 19 15 30.

1294 1249 37 16 The
1348 1249 82 16 business
1449 1249 20 16 of
1484 1249 31 16 the
1531 1248 108 20 Legislative
1653 1247 73 16 Council
1741 1246 114 17 commenced

1272 1270 92 19 yesterday
1372 1272 19 13 at
1399 1270 30 15 the
1437 1270 52 15 usual
1500 1270 53 15 hour.
1574 1269 40 16 The
1625 1268 56 16 whole
1692 1268 20 16 of
1721 1268 31 16 the
1764 1267 91 17 Members

1273 1294 45 12 were
1326 1294 76 16 present,
1410 1290 44 16 with
1463 1291 29 15 the
1500 1289 94 21 exception
1607 1289 20 16 of
1637 1289 33 16 Air.
1683 1288 94 18 Blaxland,
1792 1288 38 15 who
1839 1288 16 15 is

1273 1311 37 16 still
1319 1311 69 16 unwell.
1410 1310 37 17 The
1458 1311 37 16 first
1502 1311 62 16 orders
1571 1310 20 15 of
1598 1310 30 15 the
1635 1310 34 19 day
1676 1313 45 12 were
1729 1309 26 16 for
1762 1309 32 15 the
1806 1308 50 16 hear-

1273 1331 32 21 ing
1318 1332 19 15 of
1348 1332 51 15 those
1412 1332 67 20 parties
1493 1331 40 15 who
1546 1331 35 15 had
1592 1330 100 20 petitioned
1704 1329 70 20 against
1785 1329 30 15 the
1825 1329 31 16 bill

1273 1352 100 19 commonly
1380 1352 57 15 called
1444 1352 30 14 the
1482 1352 44 15 New
1533 1350 79 16 Zealand
1618 1350 45 15 Title
1669 1350 41 15 Bill.
1715 1355 5 9 ■.
1731 1350 69 17 Before,
1808 1349 48 15 how-

1274 1376 46 14 ever,
1329 1372 30 15 the
1367 1371 51 16 order
1426 1371 19 16 of
1456 1371 30 15 the
1498 1372 34 18 day
1544 1374 36 12 was
1592 1370 64 18 called,
1668 1370 32 15 the
1717 1369 89 16 Governor
1820 1369 36 16 laid

1275 1395 46 16 npon
1329 1392 30 15 the
1366 1392 47 15 table
1420 1395 12 11 a
1438 1393 67 16 return,
1518 1390 60 16 -which
1585 1390 37 15 had
1629 1390 45 15 been
1686 1389 73 16 ordered
1771 1393 23 12 on
1801 1393 11 11 a
1818 1393 38 16 pre-

1275 1416 51 11 vious
1333 1412 38 19 day,
1380 1416 22 11 on
1410 1411 31 15 the
1453 1411 67 15 motion
1534 1411 20 15 of
1562 1411 35 15 Mr.
1610 1411 61 15 James
1680 1409 100 19 M'Arthur,,
1797 1409 20 16 of
1827 1409 29 16 the

1274 1432 74 16 number
1363 1432 20 16 of
1394 1432 50 15 trials
1461 1432 56 15 which
1533 1431 36 16 had
1579 1431 55 16 taken
1645 1431 50 19 place
1708 1430 17 16 in
1734 1430 30 15 the
1773 1430 83 19 Supreme

1275 1452 84 16 Criminal
1367 1452 54 16 Court
1428 1452 66 20 during
1500 1452 31 16 the
1540 1452 78 16 sessions
1630 1452 20 14 of
1660 1451 88 20 February
1762 1451 35 15 and
1809 1450 47 20 May,

1277 1473 45 18 1840,
1331 1473 42 15 with
1381 1473 30 15 the
1418 1474 94 15 sentences
1519 1472 59 15 which
1586 1472 37 18 had,
1635 1472 44 15 been
1691 1471 68 20 passed,
1772 1471 35 15 and
1819 1470 37 17 also

1276 1492 30 16 the
1312 1492 80 17 different
1400 1494 76 14 statutes
1483 1492 57 16 under
1545 1492 59 16 -which
1611 1492 31 16 the
1647 1491 117 17 indictments
1772 1491 36 15 had
1813 1491 43 16 been

1276 1513 41 14 laid.

1298 1534 15 16 A
1326 1533 74 21 petition
1407 1534 47 16 from
1468 1534 23 16 H.
1499 1534 18 17 C.
1531 1533 74 19 Wilson,
1621 1533 47 20 Esq.,
1684 1532 70 21 against
1768 1532 31 16 the
1813 1532 45 16 New

1277 1554 77 17 Zealand
1365 1555 39 16 tiilc
1415 1555 38 17 bill,
1467 1559 34 12 was
1513 1554 95 20 presented
1625 1554 22 20 by
1661 1553 34 17 Mr.
1708 1553 98 19 M'Arthur,
1821 1553 36 16 and

1278 1575 40 16 read
1327 1576 16 16 to
1352 1576 31 16 the
1395 1575 78 17 Council.
1496 1575 71 16 Colonel
1582 1574 67 16 Wilson
1664 1574 18 16 in
1695 1575 36 15 this
1743 1576 74 18 petition
1830 1576 28 14 set

1277 1596 46 16 forth
1331 1596 28 16 his
1366 1596 96 20 objections
1469 1597 18 14 to
1498 1596 32 16 the
1542 1595 37 18 bill,
1595 1595 68 19 stating
1677 1595 18 16 in
1710 1595 29 16 the
1752 1595 38 15 first
1801 1594 55 20 place,

1277 1617 39 16 that
1323 1617 22 16 he
1352 1621 36 12 was
1397 1616 29 16 the
1433 1616 98 21 proprietor
1539 1616 20 16 of
1563 1618 34 14 two
1604 1617 66 15 estates
1679 1616 19 16 of
1703 1616 40 15 5000
1752 1619 48 12 acres
1807 1615 49 18 each,

1277 1638 36 15 and
1320 1638 38 16 that
1365 1638 23 15 he
1395 1642 35 11 was
1438 1639 47 14 most
1493 1637 80 16 desirous
1584 1637 41 15 that
1631 1636 31 16 the
1674 1637 112 19 sovereignty
1798 1636 19 15 of
1827 1636 30 15 the

1277 1658 58 16 island
1343 1658 64 16 should
1413 1659 22 14 be
1442 1658 55 16 ceded
1506 1659 16 14 to
1538 1657 37 16 Her
1590 1656 82 20 Majesty,
1687 1657 20 15 in
1721 1658 50 14 order
1783 1656 38 16 that
1835 1656 23 16 he

1277 1679 57 20 might
1341 1679 51 20 enjoy
1399 1679 30 15 the
1437 1679 94 19 privileges
1540 1678 34 16 and
1581 1677 100 21 piotection
1689 1677 19 16 of
1717 1682 10 11 <i
1742 1677 68 16 British
1817 1677 41 16 sub-

1276 1700 36 20 ject
1317 1705 4 13 ;
1334 1700 30 15 but
1371 1702 19 13 .it
1400 1699 28 16 the
1437 1703 49 12 same
1493 1700 50 17 time,
1552 1698 38 16 that
1597 1698 17 16 if
1620 1698 29 15 the
1656 1698 31 15 bill
1694 1702 35 11 was
1737 1698 63 19 passed
1808 1698 19 15 in
1834 1697 24 16 its

1278 1722 70 18 present
1363 1722 51 16 state,
1428 1720 24 16 he
1464 1724 34 11 was
1510 1719 21 16 of
1540 1719 73 20 opinion
1625 1719 38 15 th.it
1672 1720 14 14 it
1694 1719 59 15 would
1760 1718 56 16 alarm
1823 1719 35 15 and

1277 1743 73 18 prevent
1366 1740 62 21 people
1442 1740 94 16 otherwise
1551 1743 19 12 so
1583 1739 85 19 inclined,
1685 1740 46 15 from
1748 1739 73 20 settling
1835 1743 23 11 on

1279 1762 50 16 these
1335 1761 57 19 lands,
1407 1761 34 16 and
1454 1760 96 20 rendering
1560 1760 51 16 them
1624 1760 86 16 available
1717 1760 23 20 by
1746 1759 112 16 cultivation.

1300 1782 48 16 After
1362 1782 30 16 the
1402 1781 76 21 petition
1489 1781 37 16 had
1538 1781 43 16 been
1594 1780 74 17 ordered
1676 1783 17 13 to
1701 1781 20 15 be
1729 1780 86 19 received,
1823 1780 35 16 Mr.

1279 1802 53 16 Jones
1337 1802 66 21 begged
1410 1804 18 14 to
1436 1802 34 16 call
1479 1802 30 16 the
1517 1801 88 16 attention
1614 1801 20 16 of
1639 1801 35 16 His
1681 1801 108 20 Excellency
1801 1803 18 13 to
1828 1800 30 16 the

1278 1823 117 20 proceedings-
1399 1824 17 15 at
1425 1822 74 17 Norfolk
1506 1822 67 18 Island,
1582 1822 58 15 under
1646 1821 31 16 the
1685 1821 94 16 command
1787 1821 19 16 of
1816 1821 34 21 Cap

1279 1844 37 16 tain
1331 1843 120 18 Maconochie,
1467 1842 58 17 which
1537 1847 46 11 were
1596 1842 99 16 calculated
1707 1844 17 14 to
1735 1842 77 20 produce
1828 1842 30 16 the

1279 1867 45 13 most
1332 1865 67 15 serious
1407 1864 60 16 effects
1474 1868 22 12 on
1505 1863 31 16 the
1543 1863 60 16 minds
1613 1863 17 16 of
1637 1863 32 16 the
1679 1865 69 14 convict
1755 1863 103 19 population

1279 1885 20 16 of
1303 1885 35 16 this
1346 1885 67 20 colony.
1436 1884 34 17 His
1479 1884 106 20 Excellency
1593 1883 58 17 stated
1659 1883 40 16 that
1705 1883 31 16 the
1743 1883 115 20 pioceedings

1279 1906 19 16 of
1303 1906 71 19 Captain
1387 1905 120 19 Muconochie,
1520 1909 20 11 as
1550 1904 87 20 regarded
1648 1903 31 16 the
1692 1903 166 20 doubly-convicted

1279 1926 56 16 felons
1341 1926 40 16 who
1390 1930 45 11 were
1443 1927 41 14 sent
1490 1926 46 15 from
1543 1926 48 17 here,
1600 1925 35 15 had
1647 1926 38 14 met
1692 1925 43 15 with
1747 1924 28 16 his
1783 1924 74 16 decided

1279 1947 146 20 disapprobation,
1434 1946 36 16 and
1477 1947 39 15 that
1523 1946 24 16 he
1559 1945 36 17 had
1606 1945 60 19 lately,
1680 1945 18 15 in
1710 1945 79 15 addition
1801 1947 17 13 to
1831 1945 27 15 his

1279 1971 81 16 previous
1368 1967 115 15 instructions
1491 1968 19 13 to
1516 1966 40 15 that
1563 1966 57 17 effect,
1629 1969 53 16 given
1693 1965 76 20 positive
1782 1966 76 15 instruc-

1279 1987 47 15 tions
1333 1988 17 15 to
1357 1987 73 20 Captain
1439 1985 116 17 Maconochie
1562 1986 40 15 that
1613 1985 29 16 his
1655 1988 68 16 system
1736 1987 49 14 must
1795 1987 32 14 not
1837 1986 21 15 be

1279 2007 88 16 extended
1374 2011 18 12 to
1399 2007 80 16 convicts
1491 2006 113 21 transpoited
1618 2009 18 12 to
1649 2006 75 15 Norfolk
1738 2006 61 15 Island
1813 2006 45 16 from

1279 2028 43 16 New
1330 2028 54 16 South
1393 2028 65 16 Wales.

1300 2049 33 16 Mr.
1345 2049 60 19 Busliy
1412 2053 35 11 was
1456 2047 56 17 called
1519 2047 19 16 in
1545 2047 35 16 and
1587 2047 57 16 heard
1654 2047 20 16 in
1688 2047 99 20 opposition
1798 2049 18 14 to
1828 2047 30 16 the

1279 2069 44 17 New
1337 2069 77 17 Zealand
1429 2068 47 17 Title
1491 2068 42 16 Bill.
1555 2068 35 16 Mr.
1603 2068 60 19 Busby
1675 2067 18 16 in
1707 2072 10 11 a
1726 2067 43 20 long
1780 2068 78 18 address,

1279 2090 52 15 dwelt
1338 2094 47 16 upon
1392 2089 31 16 the
1431 2089 83 20 injustice
1526 2088 57 16 which
1596 2089 58 15 would
1666 2089 21 15 be
1700 2088 45 15 done
1756 2089 19 14 to
1787 2088 74 16 himself

1272 2111 42 15 •and
1327 2112 17 14 to
1358 2111 51 15 those
1423 2110 40 16 vrho
1477 2110 36 15 had
1528 2109 100 20 purchased
1639 2108 52 17 lands
1698 2108 45 16 from
1750 2108 44 19 him,
1802 2109 15 15 if
1823 2109 36 16 this

1279 2131 35 19 Pill
1322 2135 33 12 was
1359 2131 68 21 .passed
1435 2131 37 16 into
1479 2131 39 15 law.
1541 2129 34 17 Mr.
1587 2129 60 21 Busby
1655 2133 36 12 was
1705 2133 48 12 more
1765 2129 94 20 especially

1362 2154 17 13 to
1388 2152 29 15 the
1425 2152 40 15 fifth
1472 2151 61 16 clause
1540 2150 19 16 of
1564 2150 30 16 the
1603 2150 41 19 BHI,
1653 2150 59 16 which
1719 2150 65 16 defines
1792 2150 67 16 certain

1277 2173 79 19 portions
1364 2173 20 15 of
1390 2173 29 16 the
1432 2174 82 17 territory
1527 2172 20 15 in
1556 2171 21 16 Jf
1579 2175 27 12 ew
1621 2171 84 18 Zealand,
1720 2171 98 16 calculated
1832 2171 27 16 for

1279 2193 96 20 townships
1383 2193 35 16 and
1425 2193 52 16 other
1483 2195 91 18 purposes,
1583 2192 31 15 the
1622 2191 62 16 claims
1691 2193 19 14 to
1717 2191 63 18 which,
1790 2192 70 15 accord-

1272 2213 40 21 ing.
1315 2216 19 14 to
1341 2214 36 15 this
1383 2213 41 17 fifth
1431 2213 60 16 clause
1498 2212 36 16 will
1547 2216 31 12 not
1590 2213 21 15 be
1623 2211 103 21 recognized
1741 2216 19 11 or
1774 2216 44 11 even
1833 2216 27 12 re-

1273 2234 120 19 .c'oinmended
1402 2236 16 14 to
1427 2235 20 15 be
1456 2233 96 16 confirmed
1559 2233 22 20 by
1588 2233 32 15 the
1627 2236 142 13 commissioners
1778 2232 80 21 appoint-

1278 2255 23 16 ed
1314 2255 56 16 under
1381 2255 31 16 the
1420 2254 41 16 Bill.
1484 2254 33 16 Mr.
1529 2254 61 19 Busby
1603 2253 71 16 alluded
1686 2254 18 15 to
1716 2253 29 15 the
1757 2257 103 12 unceremo-

1278 2275 53 17 nious
1340 2277 73 15 uuiiiner
1420 2275 18 16 in
1448 2275 59 16 which
1515 2275 23 15 he
1550 2274 36 15 had
1599 2274 45 15 been
1658 2274 82 16 iemovi:d
1752 2274 45 15 from
1809 2274 49 16 oilice

1278 2296 35 16 and
1320 2296 84 20 deprived
1413 2296 20 16 of
1438 2296 29 16 his
1474 2296 63 19 salary,
1553 2294 35 16 and
1601 2294 75 16 insisted
1683 2298 47 16 upon
1746 2294 31 16 the
1792 2295 68 20 magni-

1279 2317 42 16 tude
1329 2318 18 15 of
1353 2317 30 16 the
1397 2316 83 20 injustice
1495 2315 60 16 which
1568 2315 60 16 would
1642 2315 21 16 be
1677 2314 111 21 perpetrated
1801 2315 15 16 if
1829 2315 30 16 the

1278 2337 51 17 lands
1337 2337 58 17 which
1402 2337 23 16 he
1437 2337 35 16 had
1486 2336 89 20 acquired,
1591 2340 24 12 on
1629 2336 59 16 which
1703 2336 21 15 he
1736 2336 36 15 had
1787 2335 74 17 himself

1279 2358 47 17 lived
1333 2359 26 15 for
1367 2357 68 17 several
1442 2361 56 17 years,
1507 2357 35 16 and
1550 2361 23 12 on
1581 2356 58 16 which
1646 2356 29 16 his
1682 2356 79 16 children
1771 2356 35 16 had
1814 2357 44 15 been

1272 2376 56 21 'born,
1335 2383 45 12 were
1388 2383 39 12 now
1435 2378 53 16 taken
1497 2378 45 16 from
1552 2377 42 16 him.
1618 2377 34 16 Mr.
1664 2376 60 20 Busby
1736 2377 66 19 quoted
1814 2377 45 16 from

1279 2399 70 17 various
1357 2399 138 21 parliamentary
1503 2399 112 17 documents,
1630 2397 35 16 and
1673 2397 37 16 also
1721 2397 46 16 from
1780 2397 80 16 the'des-

1271 2435 2 1 .
1279 2420 81 20 patches.
1364 2420 74 15 relative
1452 2421 18 14 to
1484 2419 45 16 New
1543 2418 85 18 Zealand,
1648 2418 37 16 and
1700 2418 29 16 the
1743 2417 116 17 instructions

1272 2441 64 15 'which
1343 2441 36 15 had
1387 2441 45 15 been
1439 2440 54 19 given
1500 2441 19 14 to
1526 2439 75 20 Captain
1609 2437 80 20 Hobson,
1698 2439 84 19 showing,
1790 2439 70 16 accoicl-

1279 2461 31 21 ing
1321 2463 17 14 to
1346 2461 28 16 his
1381 2460 141 20 interpretation,
1531 2460 40 15 that
1580 2459 31 15 the
1618 2458 99 17 intentions
1729 2458 19 16 of
1759 2459 30 15 the
1801 2459 59 16 Home

1280 2482 120 16 Government
1407 2485 45 11 were
1460 2482 29 14 nor
1498 2480 43 16 such
1550 2484 19 11 as
1576 2482 18 13 to
1606 2481 77 14 warrant
1698 2479 30 16 the
1743 2483 61 12 course
1818 2484 42 16 pur-

1279 2503 45 15 sued
1331 2503 21 20 by
1360 2502 28 17 Sir
1392 2502 70 19 George
1470 2501 61 20 Gipps.
1557 2500 35 16 Mr.
1599 2500 61 19 Busby
1668 2503 35 12 was
1712 2500 101 19 afterwards
1818 2501 42 15 s>ub-

1278 2522 57 21 jected
1343 2526 17 13 to
1367 2524 23 14 an
1399 2522 121 16 examination
1529 2521 23 20 by
1559 2521 34 15 His
1599 2521 108 19 Excellency
1712 2521 35 15 and
1754 2524 48 12 some
1807 2521 20 15 of
1830 2521 30 16 the

1280 2544 87 16 members
1374 2543 19 16 of
1400 2543 30 16 the
1435 2542 81 19 'Council,
1524 2546 19 11 3s
1552 2543 17 14 to
1578 2541 30 16 the
1621 2542 63 15 extent
1695 2541 20 15 of
1723 2541 29 15 his
1763 2541 97 20 purchases

1280 2564 35 16 and
1322 2564 30 16 the
1360 2563 139 17 considerations
1507 2562 59 16 which
1573 2562 24 15 he
1604 2561 35 16 had
1646 2562 54 20 given
1707 2561 27 15 for
1741 2561 30 16 the
1778 2561 52 16 lands
1837 2562 23 16 he

1280 2584 35 17 had
1322 2584 83 20 acquired
1409 2589 4 14 ;
1425 2583 36 16 aud
1468 2583 42 19 also,
1519 2587 19 12 as
1547 2584 19 14 to
1573 2582 28 16 his
1609 2582 59 16 duties
1676 2587 19 11 as
1703 2582 66 15 British
1775 2582 84 19 resident,

1280 2605 35 16 and
1329 2605 27 16 his
1370 2604 117 21 proceedings-
1500 2604 19 15 at
1534 2604 42 15 New
1583 2602 78 16 Zealand
1674 2602 18 16 in
1704 2602 89 16 reference
1804 2604 18 14 to
1830 2603 30 16 the

1280 2625 129 17 confederation
1417 2625 20 16 of
1442 2625 30 16 the
1480 2623 65 19 Chiefs,
1560 2624 36 15 and
1609 2623 31 16 the
1651 2623 177 20 acknowledgement
1842 2623 20 16 of

1280 2646 30 16 the
1319 2646 41 16 New
1369 2645 78 17 Zealand
1455 2645 39 20 flag.

1301 2667 34 15 Mr.
1342 2666 110 17 Wentworth
1465 2669 36 13 was
1515 2666 45 15 next
1574 2664 57 17 called
1645 2665 18 15 to
1677 2664 31 16 the
1720 2664 37 18 bar,
1772 2663 36 17 and
1823 2664 38 17 that

1280 2687 72 16 learned
1359 2687 103 20 gentleman
1470 2686 115 16 commenced
1596 2686 23 19 by
1632 2684 97 21 informing
1743 2685 31 15 the
1788 2684 73 17 Council

1280 2708 39 16 that
1329 2708 21 16 he
1359 2708 86 20 appeared
1450 2707 51 16 there
1508 2711 23 11 in-
1536 2706 73 16 defence
1618 2706 19 15 of
1641 2706 29 16 his
1678 2709 39 13 own
1724 2705 62 16 claims
1795 2707 17 14 to
1819 2705 42 16 laud

1281 2728 97 21 purchased
1384 2728 46 16 from
1438 2728 30 15 the
1474 2727 71 16 natives
1554 2727 19 15 of
1580 2727 45 15 New
1630 2726 78 16 Zealand
1716 2726 41 16 both
1762 2726 59 16 before
1826 2726 35 16 and

1280 2749 46 16 after
1332 2749 30 16 the
1368 2748 137 21 proclamations
1513 2747 58 16 which
1579 2747 37 16 had
1623 2747 43 16 been
1675 2747 59 15 issued
1746 2747 23 19 by
1780 2747 34 15 His
1826 2747 32 15 Ex-

1271 2768 2 21 I
1281 2769 77 21 cellency
1364 2769 101 21 respecting
1472 2769 29 16 the
1510 2768 118 16 colonization
1636 2768 19 15 of
1660 2768 40 15 that
1708 2767 80 20 territory
1794 2768 22 19 by
1823 2767 38 16 Her

1271 2796 2 5 1
1282 2790 74 21 Majesty
1362 2790 31 16 the
1401 2790 62 18 Queen
1475 2790 20 16 of
1505 2789 89 20 England.
1616 2789 58 15 These
1684 2787 143 21 proclamations,
1839 2788 22 16 he

1280 2811 104 18 contended,
1392 2811 52 16 could
1451 2812 31 15 not
1489 2811 22 15 be
1517 2809 106 20 recognized
1635 2813 18 12 as
1666 2808 53 19 Valid,
1731 2813 19 10 as
1762 2808 42 20 they
1816 2812 45 12 weie

1280 2832 32 15 not
1317 2832 79 16 founded
1402 2836 24 11 on
1432 2830 103 21 previously
1545 2831 80 15 existent
1635 2830 40 16 law.
1697 2829 43 17 This
1751 2829 76 19 position
1839 2829 22 15 he

1271 2855 2 16 ;
1280 2853 65 19 proved
1352 2853 22 19 by
1380 2852 89 16 reference
1473 2853 19 14 to
1496 2851 32 16 the
1536 2851 125 18 Commentary
1668 2849 20 16 of
1692 2849 57 20 Judge
1754 2849 107 16 Blackstone

1281 2877 22 11 on
1310 2872 31 16 the
1348 2873 75 19 subject.
1445 2872 29 16 He
1480 2871 89 17 therefore
1575 2870 118 18 maintained,
1705 2870 38 16 that
1750 2870 23 15 he
1783 2874 36 12 was
1830 2871 31 15 not

1280 2893 60 16 hound
1347 2895 17 14 to
1371 2893 62 21 regard
1440 2893 51 16 those
1498 2892 143 21 proclamations,
1656 2891 35 16 and
1706 2890 44 17 that,
1756 2890 23 16 he
1793 2890 35 16 had
1841 2895 20 12 as

1281 2914 53 15 much
1341 2914 49 20 right
1395 2916 18 13 to
1420 2914 71 19 acquire
1496 2913 44 16 land
1547 2912 19 16 in
1574 2912 46 16 New
1627 2911 78 17 Zealand
1712 2910 45 17 from
1763 2911 31 15 the
1801 2911 60 16 native

1271 2940 2 16 I
1280 2934 96 21 proprietor
1384 2934 44 16 after
1436 2934 46 16 their
1488 2933 133 21 promulgation
1629 2937 18 12 as
1656 2932 58 17 before
1722 2931 19 16 it.
1763 2931 19 16 If
1787 2935 34 16 any
1828 2931 33 16 law

1271 2960 2 16 I
1282 2955 30 16 did
1319 2956 47 15 exist
1376 2955 57 16 which
1445 2955 53 16 could
1509 2955 78 15 warrant
1599 2953 31 16 the
1641 2952 137 21 proclamations
1790 2956 19 12 or
1820 2953 41 15 bear

1271 2977 2 9 1
1281 2976 50 16 them
1339 2977 36 17 out,
1383 2976 44 16 then
1434 2975 13 16 it
1456 2979 37 12 was
1503 2975 28 15 for
1541 2975 31 15 the
1584 2973 106 17 authorities
1701 2973 70 20 issuing
1782 2973 30 16 the
1823 2977 39 16 pro-

1282 2996 102 16 clamations
1392 2997 18 15 to
1418 2996 50 16 show
1474 2996 52 15 these
1533 2994 48 17 laws.
1604 2994 29 16 He
1639 2994 81 16 believed
1732 2994 39 16 that
1782 2997 22 13 no
1817 2994 44 16 such

1281 3016 34 16 law
1321 3016 29 17 did
1357 3016 54 16 exist.
1433 3016 28 16 No
1469 3015 55 21 Royal
1533 3019 20 11 or
1559 3015 110 19 Vice-Regal
1674 3014 127 20 proclamation
1809 3015 52 15 could

1271 3042 2 11 i
1280 3037 70 16 initiate
1397 3037 34 15 law
1437 3041 21 12 or
1465 3036 94 20 supersede
1567 3035 30 17 the
1604 3035 93 16 functions
1703 3034 19 16 of
1727 3035 31 15 the
1770 3034 92 17 Constitu-

1271 3051 2 21 I
1281 3058 54 16 tlonal
1460 3056 116 18 Authorities,
1589 3055 58 16 where
1660 3055 45 16 such
1716 3055 104 16 authorities
1832 3055 30 16 did

1282 3079 51 18 exist,
1341 3078 35 16 and
1383 3078 19 15 in
1409 3076 36 17 this
1453 3078 87 17 instance,
1547 3076 31 16 the
1585 3074 129 22 proclamation
1719 3075 92 20 including
1818 3076 44 15 New

1282 3098 77 16 Zealand
1366 3098 62 16 within
1437 3097 30 17 the
1472 3096 113 21 jurisdiction
1600 3097 20 15 of
1630 3096 44 16 New
1681 3096 55 16 South
1745 3095 63 19 Wales,
1821 3100 42 12 con-

1281 3119 74 16 stituted
1362 3118 31 17 the
1399 3117 95 17 Councilor
1497 3117 37 16 this
1541 3117 63 20 colony
1611 3117 30 16 the
1649 3116 106 21 Legislative
1761 3116 100 21 Authority,

1280 3139 46 17 from
1333 3139 57 17 which
1399 3139 29 16 thfe
1435 3139 39 18 law,
1482 3138 16 16 if
1503 3142 36 16 any
1545 3142 36 12 was
1589 3139 18 14 to
1615 3138 22 16 be
1644 3137 100 19 instituted,
1754 3137 64 15 should
1822 3141 41 16 pro-

1282 3160 47 16 ceed.
1350 3159 51 18 Until
1408 3160 39 16 that
1454 3161 39 18 step
1500 3159 36 16 did.
1538 3158 42 17 take
1588 3158 56 20 place,
1651 3158 24 16 he
1682 3157 101 16 contended'
1794 3158 38 15 that
1839 3159 27 15 no'

1280 3180 128 21 proclamation
1416 3180 21 16 of
1441 3182 118 18 government
1566 3179 54 16 could
1627 3179 45 15 have
1680 3178 31 16 the
1720 3178 47 16 force
1775 3178 20 16 of
1804 3178 33 16 law
1844 3180 18 14 to

1281 3203 73 18 prevent
1362 3201 30 16 the
1400 3200 110 20 ncquisition
1522 3200 20 16 of
1552 3199 52 16 lands
1615 3200 23 19 by
1649 3199 68 16 British
1728 3199 77 19 subjects
1816 3199 46 16 from

1271 3235 2 4 .
1282 3222 43 15 New
1335 3221 78 17 Zealand
1427 3221 59 16 Chiefs
1501 3224 19 13 as
1535 3220 65 16 before.
1623 3220 38 16 The
1674 3219 72 16 learned
1760 3219 102 20 gentleman

1271 3240 2 19 i
1281 3244 45 14 next
1333 3246 49 12 came
1390 3244 17 14 to
1414 3242 31 16 the
1451 3241 90 21 preamble
1550 3241 19 16 of
1574 3241 32 16 the
1613 3240 36 19 bill,
1663 3239 58 16 which
1733 3239 78 16 declares
1823 3239 40 17 that

1282 3263 30 15 the
1320 3263 58 16 native
1387 3262 55 17 chiefs
1454 3263 47 14 have
1514 3265 23 12 no
1552 3260 48 21 right
1613 3262 19 14 to
1646 3260 76 16 alienate
1736 3260 53 16 lands
1804 3260 57 16 which

1282 3283 63 20 belong
1351 3285 18 14 to
1376 3283 31 16 the
1420 3284 60 15 native
1492 3282 54 16 tribes
1561 3281 116 20 collectively.
1700 3280 43 17 This
1757 3281 69 19 ground
1839 3281 23 16 he

1282 3304 87 20 disputed,
1378 3304 35 15 and
1421 3303 77 16 referred
1506 3304 18 14 at
1531 3302 63 21 length
1602 3304 19 13 to
1632 3302 31 15 the
1675 3301 68 16 Annals
1750 3301 20 16 of
1775 3300 86 19 America,

1273 3324 28 16 ■in
1308 3326 72 19 support
1388 3324 20 16 of
1412 3324 29 16 his
1453 3323 102 20 objections,
1568 3322 118 20 showjng^hy
1700 3326 95 12 numerous
1809 3322 54 16 refer-

1282 3349 52 12 ences
1342 3345 35 16 and
1385 3344 106 21 quotations,
1499 3344 40 15 that
1545 3344 31 15 the
1584 3342 69 17 British
1661 3343 121 15 Government
1790 3342 35 16 had
1832 3345 31 13 not

1282 3365 42 20 only
1330 3365 103 20 recognized
1440 3364 30 17 the
1477 3365 84 15 inherent
1566 3363 73 24 lighy-oC
1644 3363 32 18 tlifc;
1682 3363 102 19 Aboriginal
1789 3363 74 16 Indians

1282 3387 55 19 tojthe
1345 3386 37 18 soil,
1391 3387 22 19 by
1420 3385 114 20 recognizing
1540 3384 99 20 the.claijns
1644 3384 19 15 of
1665 3384 51 15 those
1721 3384 39 15 who
1764 3383 99 20 purchased

1281 3404 43 19 land
1331 3406 44 16 from
1381 3407 56 17 them,
1444 3407 33 15 but
1484 3406 36 16 had
1527 3401 145 24 alaVpurchased
1684 3404 51 16 lands
1748 3404 114 18 themselves,

1282 3431 44 12 even
1334 3427 47 18 after,
1390 3427 30 16 the
1432 3426 82 20 territory
1524 3425 37 16 had
1566 3425 54 18 .bt^eh,
1631 3425 57 18 taken,
1700 3424 99 20 possession
1813 3424 20 16 of
1841 3425 22 18 by

1282 3448 49 20 right
1337 3448 20 16 of
1361 3449 92 18 conquest,
1461 3446 35 16 and
1503 3446 89 20 parcelled
1600 3446 32 15 out
1638 3445 18 16 in
1665 3444 129 19 commissions,
1806 3444 57 16 under

1283 3468 30 16 the
1326 3470 48 18 great
1386 3468 42 18 seal,
1442 3467 38 16 into
1493 3466 126 20 proprietories
1634 3465 34 16 and
1682 3464 119 20 corporations
1829 3464 34 17 Mr.

1283 3488 108 17 Wcntworth
1398 3487 103 18 contended,
1510 3486 44 18 also,
1562 3486 40 16 that
1609 3486 24 15 he
1641 3485 35 16 had
1685 3485 37 15 also
1728 3485 19 15 in
1760 3484 28 16 his
1801 3484 62 17 favour

1283 3509 29 16 the
1320 3511 68 17 greater
1395 3508 64 21 degree
1470 3508 19 15 of
1501 3506 110 17 civilization
1627 3505 57 16 which
1701 3505 69 16 existed
1781 3507 82 17 amongst

1284 3530 29 16 the
1322 3528 157 18 NewiZealaaders
1491 3528 51 16 than:
1549 3526 31 16 the
1595 3526 75 16 Indians
1684 3526 20 15 of
1715 3525 87 16 America.
1825 3525 38 16 The

1283 3550 70 17 learned
1366 3549 102 21 gentleman
1483 3547 72 17 alluded
1568 3548 19 14 to
1601 3546 48 16 what
1661 3550 35 12 was
1703 3546 82 19 repoited
1792 3547 17 14 to
1817 3546 46 15 have

1283 3571 53 16 fallen
1343 3570 46 16 from
1396 3569 30 16 the
1435 3569 96 17 Governor,
1539 3567 72 20 namely
1611 3575 21 3 —
1634 3567 38 15 that
1684 3571 23 11 no
1718 3566 66 16 British
1795 3566 68 19 subject

1283 3596 35 11 was
1326 3591 21 18 in,
1351 3595 11 11 a
1368 3590 77 20 position
1453 3591 17 14 to
1479 3589 46 16 form
1530 3592 11 12 a
1545 3592 39 12 new
1592 3587 62 20 colony
1661 3587 75 16 without
1743 3587 30 15 the
1781 3591 82 15 previous

1284 3611 79 17 sanction
1371 3611 19 16 of
1395 3610 84 19 Majesty*
1484 3609 36 16 and
1527 3611 19 13 to
1554 3608 97 16 constitute
1659 3612 11 12 a
1677 3610 117 16 Rovernmeni
1803 3608 60 15 whose

1283 3632 43 16 laws
1333 3632 34 16 and
1373 3630 113 21 jurisdiction
1493 3629 61 16 would,
1559 3629 22 16 be
1588 3628 56 16 valid.
1665 3627 36 17 Mr.
1713 3627 108 16 Wentworth
1834 3627 29 16 did

1284 3654 33 17 not
1322 3651 75 18 contend
1404 3651 39 16 that
1450 3650 76 19 Majesty
1532 3649 53 16 could
1592 3650 33 14 not
1632 3648 102 16 afterwards
1756 3649 17 14 tc
1774 3651 11 16 P
1797 3647 19 16 in
1828 3648 36 15 and

1284 3676 69 12 ansuine
1360 3676 59 16 power
1426 3675 42 11 over
1475 3671 56 17 them,
1538 3670 33 16 but
1578 3669 23 16 he
1609 3669 31 16 did
1647 3668 77 16 contend
1730 3668 40 16 that
1782 3672 34 15 any
1823 3668 42 15 sub-

1281 3693 37 19 ject
1324 3697 19 12 or
1349 3692 78 19 subjects
1434 3695 45 12 were
1487 3691 102 18 competent
1597 3690 19 15 to
1624 3689 46 16 foim
1677 3693 10 12 a
1694 3688 67 21 colony,
1775 3688 35 16 and
1817 3690 47 14 erect

1284 3718 11 11 a
1301 3713 115 20 government
1424 3711 20 16 of
1453 3711 47 15 their
1507 3714 47 14 own,
1570 3710 36 16 and
1680 3709 93 18 therefore,
1788 3709 29 15 the
1826 3713 39 15 pro-

1284 3732 81 21 ceedings
1380 3733 19 16 of
1410 3732 30 16 the
1456 3732 41 15 Port
1511 3730 98 16 Nicholson
1624 3730 84 16 colonists
1722 3733 44 12 were
1780 3729 85 20 perfectly

1284 3754 50 20 legal.
1349 3764 3 4 .
1358 3753 37 17 The
1402 3751 73 17 learned
1482 3751 103 21 gentleman
1594 3749 67 21 quoted
1675 3750 50 16 Vatel
1740 3749 19 17 in
1766 3751 74 19 support
1847 3750 19 15 of

1284 3775 36 16 this
1327 3773 44 17 view
1379 3773 20 16 of
1404 3773 31 16 the
1442 3772 87 20 question,
1545 3771 36 16 and
1589 3775 20 11 as
1621 3770 15 17 it
1649 3775 36 11 was
1700 3770 68 21 getting
1781 3770 35 15 late
1824 3770 41 19 (live

1284 3794 72 19 o'clock)
1367 3793 35 17 Mr.
1409 3793 55 16 Jones
1472 3792 76 20 thought
1555 3792 23 15 he
1590 3791 38 16 had
1639 3792 58 15 better
1707 3791 86 20 postpone
1801 3791 31 15 the
1839 3795 27 11 re-

1284 3815 80 17 mainder
1374 3814 21 16 of
1404 3814 29 16 his
1447 3813 94 21 argument
1556 3813 18 14 to
1589 3812 118 20 Wednesday,
1721 3812 43 19 (this
1773 3811 45 20 day),
1831 3811 33 16 Mr.

1285 3834 107 18 Wentworth
1400 3834 108 20 acquiaesed,
1515 3832 99 21 promising
1621 3832 40 16 that
1667 3832 29 16 his
1703 3834 93 18 argument
1802 3831 63 18 should

1284 3858 32 14 not
1322 3856 21 16 be
1348 3855 101 22 protracted
1458 3855 17 15 in
1483 3855 123 15 coiisenuence
1613 3852 20 17 of
1639 3853 30 16 the
1677 3852 56 24 delay,
1749 3853 33 18 but
1793 3852 39 16 that
1842 3852 23 17 he

1284 3876 57 16 would
1348 3876 51 16 leave
1405 3875 28 17 his
1440 3875 55 17 books
1503 3874 36 16 and
1549 3877 64 16 papers
1625 3872 67 17 behind
1706 3872 47 20 him;
1766 3872 35 16 and
1813 3872 53 17 think

1284 3902 23 12 no
1313 3900 49 13 more
1369 3897 53 15 about
1430 3895 30 16 the
1467 3897 67 14 matter
1540 3893 47 18 until
1594 3890 81 20 he'eame
1683 3893 58 16 before
1750 3893 50 16 them
1808 3893 58 20 again.'

1286 3926 14 3 —
1305 3918 76 13 Sydney
1388 3916 100 15 Colonist.
1703 3918 14 10 -^
