2529 3989
1892 3857 94 25 Printed
2002 3857 48 23 and
2066 3857 119 28 published
2206 3861 25 20 at
2249 3858 39 23 the
2306 3858 73 22 Office
2389 3857 42 24 'of:
2441 3857 44 25 .the
2490 3870 2 5 •

1944 3884 57 23 New
2007 3884 105 23 .Zealand
2123 3884 96 24 Gazette
2221 3884 58 24 .and
2287 3884 121 24 Britannia
2414 3884 79 30 SpeH^

2014 3910 59 25 Port
2082 3911 132 28 Nicholson,
2224 3911 61 24 Nevr
2406 3925 6 4 •
2471 3926 5 4 ■

74 192 46 25 We
130 193 57 24 have
198 193 103 31 English
318 193 144 30 intelligence
481 197 23 19 to
525 193 38 23 the
580 192 48 24 2nd

41 226 27 24 of
82 226 76 32 April,
175 226 45 23 and
224 231 107 27 -present
342 234 41 15 our
394 225 91 24 readers
496 225 53 24 with
562 233 13 15 a
585 225 42 23 few

44 264 108 18 extracts.
160 264 6 4 '

41 294 87 35 [PROM
144 305 52 17 THE

76 331 52 24 The
285 331 51 30 (the
349 339 69 22 organ
426 331 27 23 of
460 331 39 23 the
506 331 122 30 Ministry)

24 379 2 8 ■
39 368 93 26 isports
143 363 100 24 thatthe
255 364 83 24 Queen
351 365 20 22 is
382 369 177 18 encbijw&s*.--,.
571 380 6 4 .
616 380 15 5 -.

24 398 26 26 %*'
74 395 53 25 The
137 396 83 31 Whigs
231 402 59 18 were
303 397 23 22 in
338 396 73 28 office,
425 395 42 23 but
478 403 29 15 on
516 395 42 23 the
569 392 58 27 26tli

137 429 52 31 they
208 435 60 17 were
286 428 101 25 defeated
405 429 24 22 in
447 428 38 23 the
505 428 81 23 House
605 429 26 22 of

40 461 124 25 Commons
182 461 35 23 for
236 461 40 23 the
293 461 77 24 fourth
392 461 54 23 time
468 460 46 24 this
536 468 90 16 season.

39 493 108 25 As-a'set
158 494 35 23 off
206 498 24 19 to
242 494 39 23 the
291 495 63 23 fresh
373 493 129 32 Municipal
513 493 113 31 Corpora-

39 527 50 23 tion
100 527 54 29 Bill,
166 526 65 24 Lord
243 527 94 31 Stanley
349 526 131 25 introduced
498 534 14 15 a
528 526 56 28 Bill,
602 526 25 23 in

38 559 69 24 order
119 564 21 19 to
151 560 127 23 assimilate
288 560 40 23 the
344 560 146 30 registration
502 559 24 23 of
541 558 86 24 Voters

39 586 26 30 in
78 592 92 24 Ireland
181 592 55 24 with
248 592 50 24 that
309 593 24 23 in
349 592 99 31 practice
465 592 26 23 in
508 591 117 31 England.

42 624 60 25 This
113 632 46 17 was
169 625 103 32 opposed
286 625 32 32 by
336 625 39 23 the
394 625 118 30 Ministry,
531 624 46 24 and
587 624 40 24 the

39 658 174 23 O'Connellites
225 658 56 23 with
291 662 66 27 great
366 658 110 30 ferocity;
495 657 42 23 but
546 665 29 15 on
587 656 39 24 the

39 690 105 29 division,
157 691 63 23 there
229 698 59 16 were
295 692 24 22 in
328 691 79 23 favour
417 691 24 23 of
448 690 39 24 the
500 689 54 29 Bill,
567 692 57 26 250,

39 724 91 30 against
140 724 25 28 it,
178 725 58 27 234,
249 723 107 32 majority
366 724 91 30 against
465 722 38 24 the
515 722 112 32 Ministry

42 758 39 22 16.
118 757 34 23 As
164 764 56 16 soon
232 764 26 16 as
270 757 46 23 this
333 757 98 23 division
446 762 48 17 was
512 755 112 29 declared,

40 789 95 24 Colonel
147 789 125 31 Sibthorpe
284 789 121 24 addressed
412 789 38 24 the
462 788 110 32 Speaker,
581 789 45 23 and

39 822 51 23 said
102 822 55 29 that,
169 822 58 23 after
239 823 57 28 that,
308 822 29 24 he
351 822 72 31 hoped
434 822 39 23 the
492 822 66 23 noble
575 822 52 23 lord

37 853 75 31 (John
131 855 115 29 Russell),
265 855 73 23 would
358 856 105 22 continue
483 860 22 17 to
523 854 104 31 humbug

39 888 40 22 the
90 893 94 25 country
196 896 29 15 no
238 888 89 31 longer.
363 888 49 24 But
422 889 18 21 it
451 887 75 24 would
533 895 92 24 appear,

39 920 40 23 the
91 920 110 30 Ministry
212 921 123 22 continued
347 925 23 18 to
382 920 52 23 hold
446 928 38 15 on.

72 952 53 24 The
135 952 111 32 principle
258 959 116 17 measures
388 952 78 24 before
485 952 141 24 Parliament

37 992 68 23 were,
130 993 13 16 a
163 986 43 23 bill
227 991 25 18 to
274 987 102 22 re-unite
399 985 38 24 the
460 985 120 31 provinces
602 985 26 23 of

38 1017 83 33 Upper
133 1018 44 24 and
189 1018 82 25 Lower
285 1018 99 30 Canada,
403 1018 43 24 and
463 1027 14 15 a
494 1018 41 24 bill
552 1019 73 22 intro-

37 1051 74 24 duced
123 1052 28 31 by
163 1051 64 24 Lord
239 1052 96 31 Stanley
347 1056 23 19 to
382 1051 101 32 regulate
496 1051 37 24 the
551 1051 74 32 regis-

36 1085 86 23 tration
138 1084 25 23 of
175 1089 78 19 voters
271 1086 24 22 in
314 1084 101 24 Ireland.
459 1084 50 24 The
533 1084 94 23 Canada

37 1116 43 24 bill
97 1117 103 32 provides
217 1117 38 24 for
273 1117 38 24 the
330 1117 96 23 election
444 1117 27 23 of
487 1117 139 30 thirty-nine

37 1150 190 31 representatives
237 1150 60 24 from
306 1150 56 23 each
374 1150 25 23 of
412 1150 38 24 the
462 1151 126 30 provinces,
601 1155 24 18 to

37 1187 63 19 meet
122 1183 23 23 in
168 1191 42 15 one
231 1183 73 24 house
325 1183 26 24 of
375 1183 130 31 assembly;
528 1183 37 23 for
586 1183 39 23 the

38 1217 156 29 appointment
204 1216 32 31 by
253 1216 38 24 the
309 1217 83 23 Crown
410 1216 25 23 of
456 1217 39 22 the
512 1216 114 23 members

37 1249 27 23 of
73 1250 39 22 the
123 1249 127 32 legislative
262 1250 96 28 council,
370 1253 40 20 not
420 1249 69 23 fewer
499 1250 24 22 in
529 1250 97 22 number

37 1281 56 24 than
111 1286 90 26 twenty,
220 1283 52 23 who
278 1282 59 23 -will
356 1283 71 22 retain
448 1283 64 22 office
524 1282 35 23 for
570 1282 52 28 life;

36 1314 39 24 the
86 1316 139 30 resumption
245 1316 31 30 by
294 1316 39 23 the
353 1315 80 24 Crown
445 1315 26 23 of
492 1315 37 23 the
550 1315 75 23 duties

36 1348 151 23 surrendered
209 1353 23 18 to
257 1349 37 23 the
318 1348 71 24 house
413 1348 25 23 of
459 1348 112 31 assembly
594 1348 32 32 by

37 1380 65 25 Lord
108 1381 83 33 .Ripon
199 1389 6 19 ;
224 1381 46 23 and
282 1381 37 24 the
336 1386 67 26 grant
418 1381 26 23 of
462 1389 14 15 a
492 1387 134 25 permanent

37 1413 104 24 civiriist
151 1414 24 23 of
183 1415 115 26 £27,000
310 1422 42 23 per
363 1422 92 20 annum,
464 1418 40 19 out
516 1415 25 22 of
550 1414 75 23 which

36 1446 58 25 fund
118 1448 36 23 the
177 1455 120 22 governor,
320 1448 39 23 the
379 1447 92 31 judges,
495 1447 45 23 and
561 1446 65 24 other

36 1480 164 24 functionaries
224 1480 27 24 of
271 1481 38 23 the
332 1484 149 27 government
499 1488 36 15 are
554 1484 24 18 to
596 1480 30 23 be

36 1512 54 32 paid
99 1522 7 19 ;
124 1512 42 24 and
178 1512 60 24 from
257 1513 38 23 the
315 1521 62 15 same
396 1520 80 15 source
494 1512 37 23 the
551 1520 75 15 crown

36 1545 47 23 will
92 1545 29 23 be
137 1545 140 31 empowered
294 1550 23 18 to
336 1550 68 26 grant
418 1545 107 31 pensions
545 1549 23 18 to
587 1545 38 23 the

37 1583 94 19 amount
142 1578 24 24 of
182 1579 98 28 £5,000
292 1585 26 16 or
335 1579 97 27 £6jOOO
444 1586 15 15 a
467 1585 63 23 year.
573 1577 52 24 The

37 1610 55 24 debt
104 1611 26 23 of
138 1611 80 31 Upper
232 1611 94 24 Canada
336 1612 21 22 is
369 1616 23 18 to
406 1611 94 23 become
520 1611 39 22 the
571 1610 55 23 debt

37 1644 25 24 of
68 1644 38 23 the
112 1644 86 24 United
205 1644 133 24 Proviuces.
353 1643 126 31 Municipal
485 1644 140 22 institutions

36 1684 40 16 are
95 1682 23 18 to
142 1678 27 22 be
189 1677 113 23 extended
319 1678 25 22 in
363 1676 81 32 Upper
461 1675 100 30 Canada,
580 1676 46 23 and

37 1710 94 32 planted
141 1711 23 22 in
177 1710 83 23 Lower
273 1709 93 25 Canada
373 1719 7 19 ;
394 1714 69 19 waste
474 1709 65 24 lands
556 1714 23 19 to
596 1710 30 23 be

39 1743 58 28 sold,
110 1743 44 24 and
165 1742 38 24 the
215 1743 110 31 pro.ppeds
337 1748 23 18 to
371 1743 29 23 be
418 1741 90 34 applied
528 1747 23 18 to
570 1751 54 22 pro-

38 1781 62 18 mote
112 1777 142 29 emigration,
268 1784 28 15 on
309 1775 40 24 the
356 1776 122 31 principles
487 1775 138 23 established

36 1808 31 32 by
80 1809 48 23 Mr.
140 1808 139 24 Wakefield.
297 1806 5 4 '
314 1809 24 23 A
351 1813 101 27 separate
462 1808 43 24 bill
516 1808 45 23 had
568 1808 57 24 been

37 1842 137 31 previously-
191 1842 143 29 introduced,
356 1842 29 30 by
405 1841 74 24 which
501 1841 38 24 the
558 1841 66 24 lands

37 1874 105 24 reserved
152 1875 35 23 for
199 1875 39 23 the
252 1875 132 23 Protestant
403 1874 76 31 clergy
498 1882 37 16 are
554 1881 23 16 to
595 1875 29 23 be

37 1908 51 23 sold
99 1909 38 23 for-
145 1908 39 24 the
195 1908 144 24 endowment
351 1908 24 23 of
384 1907 31 24 all
427 1913 59 18 sects
499 1907 25 24 of
542 1907 82 23 Chris-

37 1942 60 22 tians
109 1942 29 22 in-
144 1941 38 24 the
194 1940 90 32 colony.
320 1941 25 24 It
355 1940 82 32 passed
454 1941 24 22 in
497 1940 36 23 the
553 1940 70 23 Com-

36 1981 66 16 mons
107 1975 53 22 with
167 1982 63 15 some
236 1975 136 30 opposition,
384 1973 42 24 but
432 1973 65 23 when
504 1973 121 31 presented

36 2008 23 23 in
71 2007 40 23 the
125 2007 80 24 House
217 2007 28 23 of
253 2007 76 23 Lords
338 2007 61 23 there
408 2014 45 15 was
465 2015 14 14 a
491 2006 133 30 disposition

36 2039 123 30 expressed
170 2044 24 18 to
201 2039 3 4 '
213 2043 88 19 muster
319 2039 39 23 the
377 2039 100 30 Bishops
497 2038 44 23 and
565 2038 59 23 their

36 2071 121 24 adherents
167 2072 91 29 against
269 2072 26 23 it.

69 2104 151 25 Rumoured
229 2105 126 23 Changes
363 2112 28 16 in
398 2111 52 17 the
460 2104 127 24 Cabinet.
589 2116 36 5 —
637 2107 1 35 j

36 2137 77 25 There
135 2146 78 17 seems,
232 2146 30 16 an
281 2138 103 23 absolute
403 2144 146 17 certainty
568 2137 25 23 of
610 2146 14 14 a
637 2146 1 12 i

36 2172 132 31 change-^
192 2171 40 23 the
253 2173 153 21 construction
425 2171 26 23 of
466 2171 39 23 the
524 2170 97 24 cabinet.
637 2172 1 22 I

36 2205 53 23 One
95 2209 82 27 -report
187 2205 29 28 is,
229 2205 46 22 and
286 2206 18 21 it
321 2205 21 22 is
359 2205 59 22 from
435 2204 57 30 high
510 2208 111 26 quarters,
636 2203 2 22 I

36 2238 50 24 that
98 2238 62 23 Lord
171 2238 135 30 Brougham
318 2238 20 22 is
351 2242 22 18 to
391 2245 64 15 come
473 2238 24 22 in
515 2245 25 14 as
561 2237 62 23 Lord

37 2270 71 32 Privy
122 2271 60 28 Seal,
194 2271 23 22 in
228 2271 48 23 lieu
287 2271 25 22 of
326 2270 64 23 Lord
408 2269 151 28 Lansdowne,
579 2269 45 23 and

36 2308 23 20 to
70 2304 53 23 lead
134 2305 22 22 in
168 2304 39 23 the
220 2303 124 23 Lords-for
357 2303 125 23 ministers.
518 2302 105 24 Another

36 2337 21 24 is
67 2337 52 23 that
130 2337 62 23 Lord
205 2336 102 24 Howick
321 2337 44 23 and
385 2335 96 25 Charles
493 2335 73 24 Wood
584 2343 38 16 are

37 2375 23 18 to
72 2375 77 18 return
162 2375 23 18 to
197 2370 67 23 office
276 2377 29 16 on
318 2370 38 23 the
367 2370 133 23 retirement
518 2368 25 24 of
561 2368 63 24 Lord
636 2384 2 5 .

37 2403 150 28 Melbourne^
206 2403 43 23 but
261 2407 29 21 at,
302 2410 45 23 any
365 2406 48 20 rate
431 2403 19 22 it
467 2409 74 16 seems
560 2406 22 19 to
594 2402 29 23 be

38 2436 93 24 avowed
152 2435 49 24 that
224 2436 105 23 material
352 2435 100 31 changes
471 2443 37 15 are
527 2440 24 18 to
570 2434 54 24 take

37 2469 73 31 place,
125 2469 43 23 and
180 2476 37 16 are
229 2476 51 16 now
291 2469 25 23 in
327 2476 114 24 progress,
462 2467 54 23 with
535 2475 13 16 a
566 2468 56 23 view
637 2467 1 32 j

36 2506 24 20 to
71 2502 40 23 the
123 2502 132 23 retirement
267 2502 23 23 of
305 2502 39 23 the
363 2502 66 23 Juste
448 2500 82 24 Milieu
548 2506 74 26 party,
637 2519 1 9 ,

35 2535 47 24 and
105 2535 38 23 the
165 2535 101 23 infusion
290 2535 25 23 of
330 2534 63 24 fresh
410 2535 76 23 forces
503 2534 58 23 from
586 2534 38 23 the
637 2532 1 35 J

34 2573 104 19 «xtreme
149 2568 116 23 Liberals.
603 2574 5 5 *
637 2569 1 12 '•

71 2601 41 23 On
124 2601 36 23 the
177 2601 59 23 24th
256 2600 84 24 March
359 2601 38 23 Sir
414 2600 41 23 W.
476 2599 148 24 Molesworth

36 2641 60 24 gave
113 2634 75 23 notice
206 2634 26 23 of
245 2641 19 16 a.
279 2634 86 23 motion
384 2634 35 23 for
442 2633 116 31 Tuesday,
582 2633 43 25 7th

38 2667 78 32 April,
126 2673 22 17 to
160 2666 44 24 call
215 2666 41 23 the
274 2667 111 23 attention
404 2666 25 23 of
444 2666 39 23 the
502 2666 80 23 House
600 2670 24 19 to
637 2671 2 21 :

29 2700 50 26 -the
90 2704 76 28 report
178 2700 25 23 of
212 2699 40 23 the
270 2699 191 31 Transportation
479 2699 144 23 Committee.
637 2697 2 21 !

72 2733 54 24 The
152 2732 136 31 University
312 2732 26 24 of
359 2732 88 24 Oxford
471 2731 41 24 has
535 2732 91 23 dubbed

39 2766 85 25 Prince
136 2765 82 24 Albert
229 2774 15 15 a
255 2765 89 24 Doctor
355 2766 25 22 of
390 2765 60 24 Civil
462 2765 64 23 Law.

72 2800 26 23 A
297 2800 101 29 meeting
416 2805 46 16 was
481 2798 52 23 held
545 2805 29 16 on
587 2797 39 24 the

39 2833 60 24 26th
111 2832 90 29 March,
219 2837 24 18 at
255 2831 38 24 the
306 2831 158 24 Freemasons'
485 2831 98 28 Tavern,
601 2836 25 18 at

37 2866 77 23 which
125 2866 137 23 resolutions
278 2872 58 16 were
354 2864 84 32 passed
457 2864 22 23 in
499 2865 127 30 opposition

39 2904 23 19 to
74 2899 40 23 the
127 2898 60 23 Irish
205 2898 130 30 Municipal
427 2897 75 24 which
520 2904 46 16 was
586 2897 40 23 de-

39 2932 91 23 scribed
140 2939 25 16 as
184 2940 14 15 a
215 2938 111 17 measure,
340 2930 124 25 calculated
481 2935 24 19 to
523 2934 104 28 promote

40 2965 92 30 Popery
143 2964 44 24 and
199 2964 139 29 overthrow,
338 2964 184 24 Protestantism.
637 2965 2 31 j

72 2998 54 23 The
137 2998 66 23 death
220 2998 26 23 of
264 2997 47 24 Mr.
332 2996 116 26 Roderick
465 2996 134 29 O'Connor,
613 3004 14 15 a

36 3036 90 19 master
136 3032 23 22 in
170 3030 38 24 the
222 3030 63 24 Irish
304 3031 73 23 Court
395 3030 25 23 of
584 3029 43 24 has

40 3069 36 18 set
87 3064 39 23 the
135 3064 94 30 lawyers
243 3064 26 22 of
278 3063 88 24 Dublin
383 3070 32 16 on
432 3062 40 23 the
492 3070 52 17 Qur
555 3069 69 16 vive.

39 3097 52 24 The
103 3097 63 31 place
177 3097 21 23 is
210 3095 51 25 said
272 3101 23 19 to
314 3096 29 24 be
361 3095 73 24 worth
451 3095 60 24 from
528 3095 99 28 £3,000

39 3135 24 19 to
75 3130 96 28 £4,000
183 3138 13 15 a
208 3137 63 23 year.

72 3163 26 23 A
109 3167 79 26 strong
199 3167 148 26 controversy
357 3162 103 31 is-going
476 3169 31 16 on
525 3161 103 23 between

36 3195 42 24 the
95 3195 133 24 ministerial
248 3195 45 23 and
312 3195 127 31 opposition
454 3195 104 30 journals
577 3201 50 16 res-

35 3229 96 32 pecting
152 3228 39 24 the
213 3228 77 31 policy
309 3229 26 22 of
351 3228 38 23 the
407 3235 47 15 war
472 3226 53 25 with
543 3226 83 24 China.

37 3262 55 23 The
105 3262 114 31 questions
232 3261 26 23 of
290 3261 62 23 Cash
363 3261 44 23 and
522 3260 49 23 also
588 3266 39 16 oc-

38 3302 62 23 cupy
111 3294 69 24 much
191 3294 25 23 of
224 3294 41 23 the
277 3294 77 31 public
365 3294 119 24 attention.

73 3327 54 23 The
137 3327 108 30 practical
257 3327 83 23 results
349 3327 24 23 of
378 3327 38 22 the
429 3327 82 30 Penny
518 3326 109 30 Postage,

37 3369 28 15 so
79 3360 34 24 far
126 3368 23 14 as
163 3359 52 30 they
227 3360 58 23 have
296 3360 59 23 been
366 3359 152 29 ascertained,
528 3366 39 16 are
579 3358 50 23 said

40 3398 23 19 to
74 3393 30 24 be
115 3392 80 32 highly
207 3392 152 32 satisfactory.

74 3426 53 24 The
138 3425 177 24 accouchement
326 3426 26 23 of
359 3426 39 23 the
410 3425 109 24 Duchess
526 3424 28 24 de
562 3423 67 24 Berri

37 3459 60 24 took
108 3459 63 31 place
184 3466 28 16 on
224 3458 41 22 the
279 3458 57 23 12th
349 3459 89 23 March.
476 3457 50 25 The
606 3457 26 23 of

38 3492 42 24 the
91 3492 64 31 royal
166 3491 76 23 infant
253 3491 21 23 is
286 3496 40 17 not
337 3490 138 25 mentioned.

83 3525 100 23 Prince
202 3524 109 24 Albert
312 3536 34 4 —
347 3523 83 32 Friday
448 3523 87 32 night's-

137 3564 130 17 announces
279 3556 49 23 that
340 3556 37 23 the
386 3557 82 24 Queen
475 3557 41 23 has
526 3556 103 23 invested

42 3591 85 25 Prince
138 3590 82 23 Albert
231 3589 55 23 with
298 3589 39 23 the
354 3590 100 29 insignia
459 3584 32 28 *of
537 3588 93 31 Knight

39 3623 85 24 -Grand
140 3622 70 23 Cross
229 3621 27 24 of
272 3622 39 23 the
331 3622 68 23 Bath.
442 3622 25 23 It
481 3623 20 22 is
521 3622 47 22 also
587 3629 42 15 an-

39 3655 106 25 nounced
156 3659 23 19 to
246 3654 50 23 Her
314 3654 121 31 Majesty's
452 3654 112 31 pleasure,
581 3659 50 17 trat

38 3689 42 22 the
98 3687 120 24 Eleventh-
230 3686 126 31 Regiment
373 3687 26 23 of
419 3687 72 30 Light
508 3687 122 30 Dragoons

38 3721 87 23 should
146 3721 27 23 be
198 3719 86 29 armed,
304 3719 97 28 clothed,
413 3719 44 22 and
474 3718 112 32 equipped
603 3727 26 14 as

43 3754 112 28 Hussars,
169 3753 45 23 and
224 3753 31 23 be
267 3752 72 24 called
352 3752 83 24 Prince
447 3751 103 23 Albert's
570 3759 57 16 own.

83 3787 48 23 His
149 3785 76 31 Royal
244 3785 121 31 Highness
384 3785 84 24 Prince
487 3784 82 23 Albert
587 3784 42 23 has

38 3819 109 31 signified
156 3824 23 18 to
191 3818 66 24 Lord
274 3818 128 31 Burgherst
418 3817 38 23 his
475 3817 113 23 intention
607 3817 26 23 of

171 3859 14 16 a
196 3856 83 27 patron
290 3851 26 24 of
325 3851 38 24 the
375 3850 77 31 Royal
470 3849 118 31 Academy
607 3850 25 23 of

39 3885 91 28 Music,
140 3884 49 24 also
203 3892 31 16 an
252 3884 85 24 annual
355 3883 142 25 contributor
515 3887 24 19 to
551 3890 14 16 a
574 3890 55 22 very

37 3915 86 31 literal
133 3920 99 21 amount.

690 133 92 24 House
801 141 32 16 of
853 132 137 29 Commons,
1010 132 98 23 March
1133 133 75 22 12.—
1211 132 27 23 1n

657 166 64 31 reply
732 171 23 19 to
767 174 14 15 a
790 167 105 30 question
913 166 58 22 from
991 165 47 23 Mr.
1058 164 99 28 Acland,
1178 164 61 23 Lord

657 199 60 23 John
727 199 94 24 Russell
833 199 50 22 said
894 198 38 23 the
949 205 82 24 papers
1048 197 94 23 relative
1161 201 23 19 to
1203 197 36 23 the

657 237 67 26 grant
731 233 25 22 of
765 233 114 27 £30,000
891 232 35 22 for
938 231 38 22 the
987 237 111 24 purposes
1105 229 26 24 of
1140 230 99 23 national

658 264 117 24 education
787 264 75 23 would
878 264 28 23 be
919 263 95 31 .printed
1031 261 124 25 forthwith.
1193 261 45 24 Mr.

658 298 121 23 Goulburu
795 296 105 32 repeated
917 304 13 16 a
943 296 106 30 -question
1062 295 31 23 he
1105 294 47 29 ljad
1168 294 71 24 asked

657 337 29 15 on
702 338 14 15 a
734 331 83 22 former
836 325 77 35 night,'
927 328 95 24 relative
1038 332 23 18 to
1078 335 31 15 an
1126 327 113 23 exclusive

648 362 138 30 tsystemwof
796 369 7 5 v
806 362 126 24 educa*ion.
932 380 7 7 J
939 362 28 22 in
984 361 58 24 New
1061 360 74 23 South
1153 359 85 24 Wales.

657 394 62 27 Lord
731 394 176 30 Jolmjlussell-
917 394 49 22 said
984 392 38 24 he*
1032 392 44 24 had
1094 392 101 24 received
1212 400 27 15 no

656 427 87 24 further
753 427 145 23 information
906 426 31 29 b,n
944 426 38 23 the
994 425 97 30 subject.

689 460 164 23 Expedition
867 467 32 15 to
912 459 94 23 GftiNA.
1008 470 33 4 —
1043 457 44 24 We
1097 464 38 17 are
1146 456 95 25 enabled

657 497 20 18 to
690 493 38 31 lay
738 493 77 22 before
826 500 43 15 our
880 491 90 24 readers
983 491 47 23 this
1048 490 65 24 week
1130 498 14 15 a
1156 495 84 20 correct;

655 530 122 18 statement
792 524 25 24 of
838 525 40 23 the
895 524 136 31 particulars
1048 522 26 24 of
1094 522 39 23 the
1156 522 84 23 vessels

655 558 74 24 which
750 558 59 24 have
826 557 92 31 already
939 556 81 29 sailed,
1039 555 45 24 and
1102 562 39 16 are
1160 559 38 28 yet
1218 560 22 18 to

655 591 51 29 sail,
717 591 36 23 for
771 591 39 24 the
826 597 100 25 purpose
944 590 27 23 of
989 588 141 31 vindicating
1153 588 86 23 British

655 623 88 25 honour
754 632 30 15 on
789 623 38 23 the
836 628 63 18 coast
906 623 25 23 of
940 622 84 24 China.
1052 621 51 23 The
1111 620 128 30 Blenherm,

656 658 32 24 74
699 665 68 23 guns,
781 656 71 24 sailed
863 656 72 23 direct
944 656 39 24 for.
993 655 74 24 China
1083 654 66 23 from-
1158 653 81 24 Ports-

655 690 86 28 mouth,
763 689 56 26 17th
838 689 141 31 February;.
991 688 110 27 Melville,
1121 689 35 23 74
1172 695 66 22 guns,

653 722 60 24 from
724 722 39 24 the
776 722 62 32 Cape
845 730 14 20 f
864 722 134 30 Wellesley,
1012 722 33 24 74
1055 728 67 23 guns,
1202 720 40 23 the.

655 755 83 23 Indian
749 756 85 22 station
843 762 16 21 ;'
864 754 96 29 Blonde,
969 755 44 27 '46,
1025 753 70 23 direct
1106 752 59 23 from
1185 752 53 31 Ply-

654 789 89 28 mouth,
756 788 59 24 26th
827 787 119 31 February
954 796 7 19 ;
981 786 83 29 Druid,
1078 787 40 27 48;
1130 785 59 23 from
1202 786 36 23 the

655 821 70 31 Cape,
737 823 36 21 via
786 821 100 30 Sydney,
904 821 41 23 sth
963 819 161 28 November;.'
1132 818 105 31 Plyades,

657 856 37 26 18,
713 855 71 23 direct
800 854 59 23 from
879 853 130 31 Plymouth,
1027 851 61 25 23rd
1104 851 132 31 February;

655 887 103 29 Nirarod,
772 889 40 26 20,
824 887 60 22 from
897 886 132 30 Plymouth,
1038 884 57 24 24th
1111 884 124 30 February,

654 919 54 23 with
715 919 112 31 duplicate
841 919 146 23 instructions
994 918 37 22 for
1037 916 105 24 Admiral
1150 916 73 23 Elliot
1231 925 5 19 ;

655 951 113 29 Modeste,
782 954 37 26 18,
833 951 59 23 from
904 951 38 22 the
953 950 71 30 Cape,
1038 949 42 24 sth
1093 949 143 28 November;

653 983 133 30 Wanderer,
802 985 38 28 18,
858 983 70 24 sailed
940 982 35 24 for
992 982 39 24 the
1050 982 62 31 Cape
1131 981 26 23 of
1174 982 64 23 Good

655 1017 69 32 Hope
735 1025 30 16 on
782 1017 37 24 the
843 1016 57 25 12th
919 1016 25 24 of
961 1015 124 31 February,
1103 1015 60 23 from
1183 1015 55 31 Ply-

653 1051 87 29 mouth,
765 1050 53 24 with
842 1049 79 25 orders
942 1053 24 19 to
992 1048 105 24 Admiral
1120 1047 74 24 Elliot
1216 1053 25 21 to,

653 1084 96 30 proceed
760 1083 53 24 with
833 1083 31 24 all
881 1083 37 23 his
937 1086 111 19 corvettes
1067 1080 45 24 and
1128 1080 55 24 take
1201 1081 40 24 the'

654 1116 119 24 command
791 1117 23 23 in
834 1116 83 24 China.
964 1114 96 25 Besides
1080 1114 71 23 these-
1167 1112 69 33 ship's,

653 1150 95 23 another
770 1149 158 31 seventy-four
954 1148 42 23 has
1018 1149 57 22 been
1097 1147 139 31 dispatched.

653 1183 34 23 At
699 1182 149 24 Portsmouth
860 1182 63 23 there
934 1189 38 16 are
983 1186 57 18 now'
1045 1180 92 31 waiting
1153 1180 83 30 orders,

654 1215 38 24 the
704 1216 82 31 Pique,
799 1218 32 21 38
840 1224 7 20 ;
861 1214 168 29 Andromache,
1042 1216 31 21 28
1083 1223 7 19 ;
1097 1218 43 24 ,ten
1153 1214 85 23 vessels

645 1249 66 23 •from
724 1250 38 23 the
775 1248 82 24 Indian
869 1249 91 27 station,
978 1248 59 22 from
1053 1249 30 21 18
1096 1251 22 19 to
1131 1249 32 21 28
1180 1255 57 22 guns

653 1282 64 28 each,
728 1287 52 26 part
796 1282 24 23 of
837 1282 39 23 the
895 1281 82 24 Indian
996 1288 57 23 navy
1064 1289 5 19 ;
1091 1284 43 19 two
1153 1281 84 22 vessels

653 1314 116 33 frdm^the
787 1315 63 30 Cape
855 1330 6 3 -
867 1316 93 26 station,
982 1310 36 28 18*
1029 1321 59 23 guns
1097 1312 63 30 ,each
1168 1322 7 17 ;
1195 1318 42 18 two

652 1348 59 23 from
723 1348 38 23 the
773 1347 73 24 South
860 1349 123 22 American
995 1352 92 21 station,
1100 1348 30 22 18
1149 1346 44 23 and
1205 1348 31 21 28

653 1389 59 22 guns
724 1380 56 24 each
790 1389 6 20 ;
811 1386 43 18 two
865 1381 59 23 from
940 1380 39 24 the
996 1380 57 23 New
1070 1379 73 24 South
1161 1378 76 23 Wales

653 1415 91 28 station,
759 1416 30 21 18
802 1413 45 23 aud
857 1415 31 21 28
900 1420 61 24 guns
972 1413 69 28 each;
1060 1411 44 23 and
1121 1416 43 18 two
1176 1412 61 29 large

654 1451 116 24 steamers,
787 1446 115 31 supposed
919 1451 22 18 to
961 1446 27 23 be
1008 1445 37 23 the
1064 1445 113 22 Sesostris
1194 1444 43 23 and

655 1479 89 24 Queen.

688 1512 24 23 It
723 1513 20 22 is
755 1512 48 23 said
815 1512 50 22 that
878 1511 38 23 the
921 1524 4 6 •
934 1511 71 23 Duke
1018 1510 24 23 of
1050 1509 150 29 Wellington,
1214 1509 21 22 in

654 1544 138 31 compliance
803 1544 55 22 with
871 1544 38 22 the
921 1544 77 22 advice
1011 1542 25 22 of
1045 1542 35 22 his
1093 1541 95 23 medical
1201 1545 34 19 at-

653 1577 112 28 tendents,
777 1577 42 23 has
831 1575 139 24 determined
982 1580 23 18 to
1017 1575 67 23 retire
1096 1573 59 23 from
1166 1575 69 22 active

652 1610 48 28 life,
714 1615 23 18 at
748 1610 38 23 the
799 1610 60 22 close
873 1609 24 23 of
906 1609 38 23 the
956 1612 92 26 present
1060 1608 96 23 session.

686 1643 49 24 Mr.
748 1643 95 24 Villiers
856 1642 41 23 has
1057 1640 36 23 his
1111 1641 85 22 motion
1209 1648 27 15 on

653 1674 38 24 tlie
708 1684 55 14 corn
780 1676 55 22 laws
855 1675 57 23 from
932 1672 129 32 Thursday^
1081 1673 37 23 the
1137 1672 59 25 26th
1215 1677 21 19 to

653 1709 115 30 Tuesday,
781 1709 38 22 the
832 1710 56 21 31st
899 1707 91 24 March.

686 1743 35 22 At
732 1742 38 23 the
781 1742 71 28 levee,
865 1749 29 16 on
905 1740 91 30 Friday,
1010 1740 38 23 Sir
1056 1738 80 25 Moses
1144 1738 92 24 Monte-

652 1775 56 23 fiore
732 1782 45 16 was
799 1774 122 31 presented
932 1778 23 18 to
973 1773 41 23 her
1034 1771 101 32 Majesty
1154 1772 30 31 by
1202 1772 34 22 his

653 1808 75 23 Grace
741 1808 38 23 the
799 1807 72 24 Duke
889 1806 25 24 of
930 1806 107 28 Norfolk,
1057 1813 29 15 on
1106 1805 35 22 his
1160 1810 76 18 return

652 1841 59 23 from
723 1849 14 15 a
747 1845 52 19 tour
810 1841 24 22 in
845 1839 44 25 .the
909 1839 63 31 Holy
992 1838 75 24 Land.
1104 1838 38 23 Sir
1160 1838 76 22 Moses

652 1873 120 32 presented
785 1881 28 15 an
826 1872 94 24 address
938 1872 25 23 of
979 1871 182 31 congratulation
1179 1871 57 23 from

652 1907 38 22 the
704 1907 87 22 British
803 1906 70 23 Jews.

686 1938 51 25 The
749 1940 118 23 Leicester
878 1938 94 32 petition
984 1938 36 23 for
1031 1937 37 23 the
1080 1937 76 31 repeal
1168 1937 26 23 of
1200 1936 36 24 the

653 1980 53 16 corn
727 1973 56 23 laws
805 1973 42 22 has
869 1971 101 24 received
993 1973 88 26 14,000
1099 1971 137 28 signatures.

686 2006 84 28 At.-.the
782 2005 121 30 Salisbury
918 2005 94 27 assizes,
1032 2003 70 28 three.
1115 2003 121 28 Chartists,

652 2038 39 23 W.
706 2038 28 24 P.
749 2038 108 27 Roberts',
870 2045 29 15 an
911 2041 104 26 attorney
1035 2040 23 18 at
1081 2034 69 29 Bath,
1177 2034 59 24 Win:

653 2071 98 28 Carrier,
764 2071 46 22 and
823 2069 63 24 Wm.
908 2069 75 28 Potts,
1003 2076 58 16 were
1080 2067 116 24 convicted
1198 2067 5 11 ;
1203 2065 36 26 *bf

652 2102 142 25 treasonable
805 2102 46 24 and
863 2102 109 24 seditious
984 2102 113 30 language
1109 2106 23 17 at
1143 2109 14 15 a
1165 2105 70 18 meeti
1232 2099 4 13 1

652 2137 40 31 ing
703 2135 53 25 held
768 2142 23 17 at
802 2136 101 23 Devizes
923 2143 28 15 on
964 2135 47 26 the.
1019 2138 34 20 Ist
1065 2134 25 23 of
1098 2133 77 32 April,
1194 2133 44 24 and

652 2170 123 23 sentenced
787 2174 22 18 to
821 2174 44 18 two
877 2168 73 31 years'
963 2168 181 30 imprisonment.

686 2202 51 25 The
750 2203 57 23 New
818 2201 93 25 French
921 2200 162 28 Ambassador,
1097 2199 37 24 M.
1144 2199 92 28 Guizot,

651 2236 20 23 is
690 2245 14 14 a
723 2236 139 26 Protestant,
892 2235 71 29 being
980 2234 39 23 the
1036 2234 52 22 first
1104 2241 30 14 on
1151 2232 87 24 record.'

656 2268 43 24 His
719 2269 140 30 Excellency
877 2269 57 22 rises
953 2270 68 28 eve*ry
1038 2266 107 30 morning
1163 2270 24 18 at
1201 2266 37 22 six

652 2302 95 28 o'clock,
760 2302 46 23 and
817 2306 23 18 at
852 2308 69 17 seven
932 2300 36 23 his
989 2304 114 26 secretary
1121 2300 21 21 is
1161 2299 24 23 in
1202 2304 36 17 at-

652 2335 119 22 tendance.

686 2367 130 28 Falmouth,
824 2368 24 22 in
857 2366 108 28 Jamaica,
973 2365 46 23 and
1027 2365 58 24 Port
1093 2364 144 29 Melbourne,

652 2401 22 23 in
688 2401 56 23 New
758 2401 73 23 South
845 2399 85 28 Wales,
941 2399 59 23 have
1011 2398 58 24 been
1081 2397 104 24 declared
1191 2398 54 23 free-

652 2434 44 23 and
709 2434 157 30 warehousing
878 2437 71 26 ports.
1241 2429 7 30 \

687 2467 74 23 Count
775 2467 137 30 Esterhazy,
925 2464 153 24 chamberlain
1092 2464 25 23 of
1125 2463 39 24 the
1180 2462 59 25 Em-

652 2508 66 23 peror
730 2500 25 23 of
763 2499 103 28 Austria,
880 2499 52 22 died
942 2499 28 28 in.
976 2497 94 24 March.

686 2533 191 23 Temperance,
879 2542 34 5 —
914 2531 23 23 It
955 2532 20 22 is
993 2529 132 32 impossible
1144 2534 24 19 to
1187 2528 53 25 shut

653 2567 63 23 one's
728 2572 41 24 eye
781 2570 22 19 to
815 2565 40 23 the
874 2568 64 27 great
956 2564 71 23 moral
1045 2563 127 23 revolution
1189 2570 49 15 now

652 2600 25 22 in
697 2607 83 15 course
801 2598 27 23 of
843 2598 70 30 being
931 2596 95 24 effe'eted
1043 2595 139 31 throughout
1201 2594 39 24 the

653 2632 108 23 southern
773 2635 63 29 parts
849 2631 26 23 of
883 2629 100 28 Ireland,
993 2628 100 31 through
1104 2627 38 23 the
1154 2635 85 23 agency

653 2665 26 23 of
686 2664 40 24 the
739 2664 59 23 Rev.
813 2662 119 25 Theobald
942 2661 110 25 Mathew.
1090 2660 23 23 It
1128 2661 20 22 is
1167 2660 73 23 stated

654 2697 50 24 that
715 2697 78 31 nearly
805 2704 13 16 a
829 2696 89 24 million
929 2695 26 23 of
964 2693 199 25 individualshave
1171 2693 69 23 taken

653 2731 40 23 the
705 2735 143 26 temperance
858 2728 81 32 pledge
951 2733 24 18 at
986 2727 36 23 his
1034 2726 80 28 hands,
1134 2727 46 22 and
1191 2726 49 23 that

654 2772 13 15 a
680 2772 51 15 case
743 2763 26 23 of
777 2763 89 30 relapse
878 2763 20 22 is
909 2760 82 29 rarely,
1004 2760 21 23 if
1033 2767 61 21 ever,
1111 2763 47 20 met
1177 2759 69 28 with.,

653 2809 35 5 —
689 2796 98 24 Globe.

689 2830 181 23 Stonyhurst.
872 2840 34 4 —
906 2826 52 24 The
969 2826 86 24 Jesuits
1064 2825 30 23 of
1102 2824 139 32 Stonyhurst

656 2862 102 32 College,
777 2863 22 22 in
819 2861 40 24 the
871 2860 116 31 county-of
1003 2859 134 28 Lancaster,
1148 2854 100 36 applied^,

654 2896 24 23 in
697 2895 137 28 December,
858 2894 72 28 1838,
956 2897 22 19 to
990 2891 242 39 liorji^o^^Rjjs^ell
1234 2884 16 32 j

654 2928 36 24 for
702 2928 38 24 the
758 2927 109 33 privilege
886 2927 26 23 of
927 2926 70 30 being
1013 2925 159 30 incorporated
1189 2925 61 37 \vlthj

655 2962 38 23 the
707 2961 134 30 University
855 2960 25 23 of
889 2958 105 29 London,
1012 2957 144 31 and,issuing

655 2995 78 23 ficates
745 2999 23 19 to
781 2994 55 23 such
846 2993 27 23 of
882 2993 58 22 their
959 2991 103 23 students
1081 2998 25 16 as
1123 2998 60 16 were
1201 2990 46 23 de-

655 3029 75 22 sirous
743 3028 24 22 of
776 3027 121 29 becoming
913 3024 129 24 candidates
1060 3024 35 23 for
1114 3024 93 30 degrees
1219 3024 22 22 in

655 3061 50 23 that
716 3060 133 30 uuiversity,
885 3058 43 24 We
940 3066 38 15 are
991 3057 75 31 happy
1078 3061 21 19 to
1111 3056 76 24 learn-
1194 3056 48 24 that

655 3093 41 23 her
709 3094 102 31 Majesty
826 3092 43 23 has
886 3092 58 23 been
963 3090 129 32 graciously
1109 3088 92 33 pleased
1219 3094 23 19 to

657 3127 76 22 confer
756 3134 29 15 on
807 3125 63 23 them
892 3125 47 23 this
957 3123 109 32 privilege
1088 3123 30 30 by
1137 3127 114 24 warrant,,

656 3159 67 23 dated
738 3159 114 29 February
864 3159 42 27 24,
1105 3161 4 5 '
1174 3151 54 17 '"*

690 3191 44 23 We
745 3195 75 26 regret
838 3195 24 18 to
880 3194 58 18 state
955 3189 50 23 that
1019 3188 40 23 the
1073 3188 46 23 late
1136 3187 106 24 overland

657 3223 108 32 despatch
775 3224 59 23 from
848 3222 68 23 India
926 3222 79 30 brings
1022 3221 145 30 intelligence
1183 3221 59 23 from

657 3257 73 26 South
742 3256 120 24 Australia
876 3255 27 23 of
918 3254 39 25 the
972 3254 66 23 death
1055 3254 26 22 of
1096 3253 50 23 that
1162 3254 81 22 distin-

656 3289 97 31 guished
776 3289 44 24 and
847 3287 161 31 indefatigable
1036 3287 83 28 officer,
1138 3292 4 3 •
1149 3286 94 23 Colonel

657 3322 102 24 William
771 3322 80 31 Light,
863 3321 74 23 which
949 3320 56 24 took
1021 3319 64 32 place
1096 3323 23 19 at
1130 3319 113 23 Adelaide

657 3363 29 16 on
698 3356 39 23 the
751 3355 57 24 16th
819 3355 102 23 October
932 3354 51 27 last,
1003 3352 45 24 and
1059 3360 33 16 we
1104 3356 83 20 cannot
1202 3352 42 24 but

657 3389 49 23 fear
723 3389 59 23 from
800 3388 36 22 his
853 3388 46 22 last
916 3386 78 24 letters
1010 3391 25 18 to
1053 3385 37 23 his
1111 3385 86 23 friends
1221 3386 22 23 in

658 3421 115 31 England,
793 3421 50 22 that
860 3421 20 22 it
896 3419 41 24 has
955 3419 58 24 been
1031 3417 108 25 hastened
1158 3418 41 31 by.
1206 3418 45 24 the*

657 3454 131 31 ungrateful
810 3457 122 19 treatment
959 3452 28 23 he
1015 3450 44 24 had
1088 3443 160 38 experienced!

658 3487 73 24 which
742 3486 131 31 eventually
883 3485 73 24 broke
966 3485 37 23 his
1018 3484 85 32 gallant
1120 3483 66 26 hear,t
1200 3476 54 39 and)

658 3522 74 30 spirit.
1060 3524 9 6 *
1172 3518 5 4 '
1241 3537 10 14 j

693 3554 23 23 It
728 3554 19 23 is
760 3553 88 32 spoken
860 3552 26 24 of
895 3560 25 15 as
932 3560 14 14 a
953 3551 114 30 ,certainty
1078 3549 52 34 Jhat
1149 3548 99 25 Charles'

659 3586 99 24 Kemble
770 3585 45 24 will
826 3585 101 32 perform
944 3584 35 23 for
984 3583 93 29 /twelve
1095 3583 79 30 nights
1193 3590 52 23 pre-

658 3620 65 23 vious
740 3624 23 19 to
781 3619 36 23 his
836 3618 56 23 final
908 3617 115 23 secession
1036 3616 61 25 .from
1116 3615 39 23 the
1165 3614 80 31 'stkge,

659 3652 28 23 he
706 3652 82 30 having
810 3650 108 31 accepted
940 3649 39 24 the
1001 3649 113 31 tempting
1136 3648 68 23 offers
1224 3647 24 23 of

660 3684 107 23 Madame
780 3683 101 25 Vestris.

693 3717 69 23 Since
778 3717 37 22 the
835 3715 83 23 arrival
936 3714 25 23 of
977 3713 39 23 the
1035 3715 31 23 79
1088 3712 157 31 Highlanders

659 3750 21 22 in
693 3750 157 26 Manchester,
875 3751 84 26 twenty
976 3746 27 23 of
1019 3746 37 23 the
1074 3746 108 23 soldiers'-

657 3783 58 23 been
727 3782 86 30 bought
825 3780 35 23 off
871 3781 29 29 by
910 3779 140 31 respectable
1061 3786 78 23 young
1150 3785 95 17 women.

692 3814 51 24 The
756 3813 137 31 Neapolitan
905 3812 82 24 official
1143 3811 104 24 contains

658 3856 13 15 a
682 3847 63 32 royal
756 3847 130 27 ordinance,
900 3845 113 30 restoring
1032 3844 37 24 the
1090 3844 65 24 order
1177 3844 24 24 of
1211 3844 35 23 St.

658 3880 63 23 John
732 3879 26 25 of
774 3878 136 28 Jerusalem,
933 3878 45 23 and
996 3878 116 29 restoring
1130 3876 39 25 the
1187 3876 66 38 eighty

659 3912 188 25 Commanderies
859 3915 24 20 to
895 3911 39 24 the
945 3910 106 31 Knights
1063 3910 27 24 of
1098 3909 83 25 Malta.

516 50 102 31 THE
641 49 113 32 NEW
777 48 230 32 ZEALAND
1029 47 227 32 GAZETTE
1281 46 102 31 AND
1406 44 273 33 BRITANNIA
1701 44 294 33 SPECTATOR.

137 133 224 24 ENGLISH
391 132 160 25 NEWS.

1316 127 103 19 BANK
1432 127 44 19 OF
1490 127 91 19 PORT
1594 127 207 19 NICHOLSON.

1268 158 307 29 CAPlTftL^£sp:<SH>;nN
1591 160 64 21 2.500
1673 159 121 23 SHARES
1812 160 37 22 OP

1337 201 8 7 ,
1374 196 38 12 w~-
1692 185 14 7 "'
1737 192 21 14 %t
1770 189 6 18 ;
1835 180 12 14 T

1266 220 33 22 To
1307 220 30 21 be
1344 220 119 22 increased
1472 223 22 18 at
1504 219 38 22 the
1553 219 118 22 discretion
1685 220 28 21 of
1723 220 129 25 thp^Birec-

1294 251 52 21 tors,
1354 242 498 33 by-the.is3ue.of^l.opoadclitt6nil-Shares,

1267 284 4 10 ;
1294 276 23 18 to
1326 272 36 23 be.
1364 272 49 22 sold
1421 272 36 21 for
1466 272 36 22 the
1513 272 91 22 benefit*
1606 272 26 21 of
1643 272 37 22 the
1690 272 72 22 Bank.
1779 286 5 4 -

1294 326 57 24 'The
1363 326 136 32 advantages
1510 327 115 32 produced
1635 327 31 31 by
1675 335 15 15 a
1697 327 72 23 Local
1775 326 78 30 Bank,

1266 360 55 23 both
1342 368 25 15 as
1384 368 16 15 a
1408 360 131 31 ''profitable
1561 361 138 22 investment
1716 360 25 23 of

1265 393 49 22 and'
1328 399 26 15 as
1372 400 14 14 a
1404 400 79 14 means
1506 393 25 21 of
1553 393 193 22 accommodation
1768 397 23 18 to
1814 393 40 22 the

1267 423 147 30 community,
1422 431 39 15 are
1473 428 36 18 too
1521 424 51 22 well
1584 424 139 22 established
1729 428 24 19 to
1763 425 91 29 require

1267 464 43 22 any
1323 455 120 24 Comment
1461 460 24 19 at
1505 460 100 26 present.
1641 455 77 24 There
1739 456 21 23 is
1782 460 40 19 not
1841 465 13 14 a

1267 489 72 30 single
1350 488 90 24 British
1453 488 97 31 Colony/,
1554 488 25 23 of
1586 496 45 23 any
1638 488 141 30 importance
1785 488 69 23 with-

1267 526 39 19 out
1316 525 25 20 at
1349 521 60 26 least
1420 525 49 20 one'
1475 517 55 27 such
1638 521 45 23 and
1694 521 26 22 in
1737 528 66 23 every
1815 521 39 23 in-

1266 560 77 18 stance
1354 554 65 24 these
1429 555 141 22 institutions
1579 561 38 16 are
1624 561 30 16 no
1664 554 47 22 less
1722 561 13 15 a
1742 561 80 16 source
1830 554 24 22 of

1379 587 42 23 the*
1429 587 164 23 Shareholders
1612 587 56 23 than
1685 587 34 22 of-
1727 587 84 22 benefit
1829 590 25 19 to

1266 620 38 24 the
1323 620 152 30 community.'
1511 620 31 23 In
1549 620 67 28 -fact,-
1629 620 68 22 while
1704 620 49 23 -the
1758 618 96 24 -Banks

1266 653 74 23 which
1362 653 58 23 have
1445 653 64 22 been'
1530 652 154 23 established--
1695 653 30 31 by
1753 652 101 31 English

1266 686 87 31 capital*
1359 686 24 23 in
1394 686 39 23 the
1444 686 161 23 Australasian
1618 685 107 24 Colonies
1744 685 74 24 divide
1830 690 23 19 at

1266 720 43 23 the'
1314 722 87 20 utmost
1411 718 60 23 from
1485 721 11 22 7
1509 723 24 19 to
1548 721 29 21 10
1588 726 41 23 per
1642 723 70 24 cent.,
1730 718 38 24 the
1784 719 69 30 profit

1266 752 25 24 of
1304 751 122 24 theJkocal
1438 751 82 24 Banks
1536 759 95 23 average
1648 752 61 23 from
1729 754 29 21 15
1778 755 22 20 to
1820 753 33 22 20

1266 786 110 30 percent.
1412 784 59 23 This
1483 784 119 24 difference
1614 785 19 22 is
1646 785 71 30 easily
1729 784 124 24 accounted

1266 818 48 23 for-:
1340 823 67 25 every
1426 817 124 24 individual
1562 818 29 23 -in
1610 826 14 15 a
1638 818 94 30 Colony-
1738 817 115 31 naturally

1265 850 84 31 prefers
1372 858 13 15 a
1408 850 68 23 Bank
1494 850 55 24 with
1569 850 76 25 whose
1664 851 125 30 Managers
1807 851 45 23 and

1266 882 223 36 Proprietoxs^he^Js
1506 884 142 30 acquainted,
1666 884 48 23 and
1721 903 12 11 v
1730 882 123 31 in^which

1264 916 28 23 he
1304 915 95 23 himself
1412 909 122 37 mayEave
1546 924 14 15 a
1570 916 72 24 direct
1657 917 103 28 interest,
1772 921 23 18 to
1807 924 45 16 one

1264 948 125 23 conducted
1400 949 29 29 by
1447 954 124 25 strangers.
1608 949 30 23 In
1650 949 68 23 order
1730 954 24 17 to
1772 956 80 15 secure

1264 987 23 17 to
1299 982 38 22 the
1348 982 113 31 proposed
1475 982 67 22 Bank
1560 982 47 22 this
1625 980 126 31 advantage
1770 982 24 21 in
1811 980 41 23 the

1264 1014 77 23 fullest
1352 1014 90 30 degree,
1460 1014 37 23 the
1509 1013 78 24 shares
1598 1014 58 23 have
1674 1013 58 23 been
1750 1013 61 23 fixed
1828 1018 24 18 at

1264 1047 57 23 such
1332 1055 29 15 an
1372 1051 101 24 amount,
1487 1054 24 15 as
1523 1051 23 18 to
1558 1046 66 23 allow
1635 1053 45 23 any
1693 1046 121 31 Capitalist
1827 1046 25 23 in

1264 1081 38 22 the
1317 1080 88 30 Colony
1417 1084 23 19 to
1450 1080 94 23 become
1556 1087 12 15 a
1576 1079 161 23 Shareholder.
1773 1078 79 31 Every

1264 1121 49 21 one,
1327 1112 120 29 therefore,
1466 1112 46 23 will
1529 1112 68 23 have.
1605 1119 29 16 an
1651 1112 97 23 interest
1769 1112 24 22 in
1811 1110 41 24 the

1258 1147 132 31 .prosperity
1401 1145 44 24 and
1457 1144 100 31 staßility
1568 1145 27 23 of
1609 1145 38 23 the
1659 1144 76 29 Bank,
1749 1143 44 24 and
1803 1144 49 24 will

1263 1181 51 30 give
1326 1180 18 22 it
1354 1187 14 15 a
1380 1178 131 31 preference
1522 1178 55 23 both
1595 1178 25 23 in
1637 1176 96 32 making
1750 1176 102 32 deposits

1264 1213 43 23 and
1320 1211 135 30 circulating
1466 1212 28 22 its
1506 1215 73 20 notes.

1297 1245 50 24 The
1361 1245 90 31 Capital
1463 1244 30 28 of,
1502 1244 39 23 the
1553 1243 68 24 Bank
1632 1243 43 24 has
1685 1243 59 24 been
1755 1243 62 24 fixed
1827 1248 25 19 at

1264 1276 122 30 £50;00'0j
1400 1286 13 14 a
1424 1286 51 15 sum
1487 1277 72 23 which
1571 1278 18 22 it
1600 1277 21 23 is
1633 1276 108 24 assumed
1757 1276 45 23 will
1821 1276 29 24 be

1263 1311 114 24 sufficient
1394 1311 35 23 for
1448 1310 39 23 the
1496 1314 93 27 present
1600 1314 71 19 wants
1690 1310 26 23 of
1730 1309 39 24 the
1787 1317 64 16 com-

1264 1345 96 30 munity.
1397 1344 58 22 This
1468 1343 90 31 Capital
1569 1350 50 21 can,
1639 1343 110 28 however,
1769 1343 27 22 be
1813 1344 38 21 in-

1264 1377 90 24 creased
1368 1381 23 18 at
1403 1376 38 23 the
1453 1377 121 22 discretion
1586 1376 24 23 of
1626 1376 38 23 the
1678 1376 126 28 Directors,
1820 1375 32 31 by

1264 1410 38 23 the
1312 1411 62 22 issue
1391 1410 26 22 of
1434 1411 73 21 1.000
1526 1409 122 23 additional
1668 1409 93 28 Shares,
1780 1413 22 18 to
1822 1409 29 23 be

1264 1442 104 31 disposed
1391 1442 90 25 ofr-tfor'
1499 1442 38 26 the
1560 1442 85 23 benefit
1662 1442 26 23 of
1708 1441 38 24 the
1755 1441 99 26 ..Share-

1264 1475 88 23 holders
1362 1484 6 19 ;
1388 1474 45 24 and
1444 1476 19 22 it
1475 1476 20 22 is
1513 1474 113 31 proposed
1635 1474 55 27 .that
1701 1474 38 24 the
1750 1473 69 24 Dee'd
1820 1475 8 8 r
1829 1472 25 25 df

1264 1508 136 23 Settlement
1411 1507 58 24 shall
1482 1508 89 23 contain
1583 1516 14 14 a
1607 1509 123 29 provision,
1749 1507 103 23 authori-

1263 1542 51 29 sing
1326 1540 38 24 the
1374 1541 108 30 majority
1493 1541 25 23 of
1532 1540 38 24 the
1589 1540 166 24 Shareholders
1773 1545 22 18 to
1814 1540 37 23 in-

1264 1581 75 16 crease
1358 1574 38 23 the
1415 1573 89 31 Capital
1519 1578 22 18 to
1555 1573 55 24 such
1621 1573 89 23 further
1721 1577 93 19 amount
1826 1581 25 15 as

1264 1614 50 23 may
1327 1608 22 21 in
1362 1606 59 24 their
1433 1607 92 31 opinion
1535 1606 29 23 be
1578 1606 104 32 justified
1700 1606 30 31 by
1742 1606 39 23 the
1792 1613 58 24 aug-

1264 1639 89 24 mented
1365 1639 108 24 demands
1486 1640 25 23 of
1525 1639 38 24 the
1576 1639 96 30 Colony.

1297 1672 50 24 The
1360 1673 106 23 business
1477 1673 25 23 of
1516 1672 39 23 the
1567 1672 69 23 Bank
1650 1672 47 23 will
1715 1672 27 24 be
1762 1671 89 32 strictly

1264 1705 48 23 that
1331 1705 24 23 of
1377 1714 14 15 a
1414 1705 67 24 Bank
1500 1705 23 23 of
1548 1705 114 23 Discount
1680 1705 44 23 and
1742 1705 108 31 Deposit.

1264 1738 50 24 The
1327 1743 47 18 rate
1385 1738 27 23 of
1424 1738 104 23 discount
1540 1743 22 18 to
1574 1738 28 23 be
1617 1740 30 22 10
1657 1745 42 24 per
1711 1743 58 18 cent.
1777 1742 9 24 *;
1805 1738 46 23 and

1264 1775 14 21 5
1291 1779 41 24 per
1339 1776 60 19 cent,
1408 1771 46 23 will
1464 1771 28 23 be
1504 1771 94 23 allowed
1608 1778 63 24 upon
1683 1771 99 31 deposits
1794 1771 35 23 for
1838 1778 13 16 a

1264 1805 78 30 longer
1352 1805 79 30 period
1443 1805 55 22 than
1510 1812 13 15 a
1535 1804 86 28 month,
1622 1816 35 4 —
1657 1810 40 17 not
1709 1809 21 18 to
1743 1804 28 23 be
1784 1804 67 23 with-

1264 1838 77 23 drawn
1351 1838 72 22 under
1438 1840 30 20 10
1480 1837 62 30 days'
1556 1838 82 22 notice.

1425 1896 261 23 REGULATIONS.

1299 1932 23 22 l.
1323 1933 7 12 :
1330 1942 27 4 —
1357 1929 51 24 The
1417 1930 90 31 Capital
1519 1929 26 23 of
1559 1930 38 23 the
1606 1930 119 31 Company
1732 1933 23 19 to
1765 1929 86 23 consist

1264 1963 33 24 of.
1303 1963 123 27 £50.000,
1438 1964 25 22 in
1475 1965 76 22 2.500
1564 1962 85 24 Shares
1662 1964 23 22 ot
1702 1964 54 23 £20
1769 1962 64 23 each.

1297 1998 24 22 2.
1323 2008 33 4 —
1358 1996 52 23 One
1421 1996 76 30 pound
1509 2004 41 22 per
1561 1996 67 23 share
1640 2001 22 17 to
1680 1996 29 22 be
1726 1995 54 31 paid
1797 2003 55 22 pre-

1264 2029 63 22 vious
1339 2032 22 18 to
1373 2028 39 22 the
1424 2028 101 23 election-
1532 2029 25 21 of
1572 2028 126 27 Directors,
1712 2029 20 21 oi
1751 2027 71 23 which
1838 2035 14 15 a

1264 2061 82 23 week's
1356 2061 77 31 public
1447 2061 74 23 notice
1538 2060 46 23 will
1600 2060 29 23 be
1648 2061 82 29 given;
1751 2059 44 24 and
1812 2061 37 22 £1

1264 2093 122 24 additional
1405 2099 23 18 at
1447 2093 39 24 the
1503 2095 127 30 expiration
1650 2093 26 23 of
1698 2092 55 24 each
1771 2093 79 23 month

1264 2128 58 22 from
1333 2126 49 24 that
1394 2126 86 31 period,
1497 2126 59 24 until
1572 2127 36 24 £5
1624 2126 42 23 has
1676 2126 58 23 been
1746 2126 52 30 paid
1809 2133 41 23 up.

1298 2162 23 22 3.
1324 2172 33 4 —
1358 2159 100 24 Further
1469 2159 56 23 calls
1537 2164 22 18 to
1572 2159 30 24 be
1619 2159 66 23 made
1704 2163 23 19 at
1746 2159 38 23 the
1802 2158 49 23 dis-

1264 2193 84 24 cretion
1364 2193 25 22 of
1404 2192 38 24 the
1461 2192 143 28 Directors;'
1614 2192 45 23 and
1671 2192 63 23 three
1751 2191 100 24 months'

1264 2227 104 30 previous
1386 2227 76 21 notice
1480 2226 20 22 oi
1520 2226 55 22 each
1594 2226 43 22 call
1655 2230 23 18 to
1697 2226 28 22 be
1743 2226 67 30 given
1828 2226 24 22 in

1265 2259 37 24 the
1345 2259 56 22 New
1414 2259 101 23 Zealand

1297 2294 24 21 4.
1325 2304 33 3 —
1358 2292 37 23 No
1407 2300 83 22 person
1501 2296 23 18 to
1536 2292 28 23 be
1581 2292 94 23 allowed
1693 2295 23 20 to
1734 2291 119 23 subscribe

1264 2325 35 24 for
1309 2332 63 16 more
1384 2324 55 24 than
1452 2328 32 20 50
1496 2325 93 23 Shares.

1298 2361 24 21 5.
1323 2370 34 4 —
1358 2358 51 22 The
1421 2357 99 24 Officers
1532 2358 25 22 of
1571 2358 38 22 the
1622 2357 119 31 Company
1755 2361 23 19 to
1796 2364 57 16 con-

1264 2392 43 23 sist
1325 2391 30 23 of.
1369 2391 54 23 nine
1443 2391 129 24 Directors-,
1579 2391 56 23 and;
1642 2399 13 14 a
1675 2390 103 29 Cashier,
1797 2390 56 23 with

1264 2424 56 24 such
1339 2424 125 23 assistance
1481 2432 24 14 as
1524 2424 52 23 the'
1580 2424 121 23 Directors
1717 2431 53 23 may
1787 2423 66 23 deem

1266 2464 128 23 necessary.

1299 2492 24 22 6.
1325 2502 34 4 —
1360 2490 50 23 The
1428 2490 120 23 Directors
1565 2493 23 20 to
1606 2489 30 23 be
1653 2488 88 25 elected
1758 2488 35 24 for
1809 2496 45 16 one

1265 2531 60 23 year,
1338 2523 30 30 by
1380 2523 39 23 the
1430 2522 164 24 Shareholders
1603 2531 6 20 ;
1629 2527 23 18 at
1669 2521 39 24 the
1726 2522 127 31 expiration

1266 2556 25 23 of
1305 2556 48 23 that
1370 2555 88 31 period,
1478 2563 42 15 one
1538 2554 60 24 third
1618 2555 25 23 of
1657 2554 40 24 the
1713 2554 102 28 number,
1829 2559 24 18 to

1265 2590 28 22 be
1304 2588 140 24 determined
1455 2588 31 31 by
1498 2588 40 28 lot,
1558 2587 60 24 shall
1635 2588 77 28 retire,
1730 2587 45 24 and
1793 2587 61 23 their

1265 2622 63 31 place
1346 2621 28 24 be
1392 2620 63 24 filled
1471 2621 31 31 by
1519 2620 63 23 fresh
1596 2621 105 28 election,
1701 2633 33 5 —
1735 2620 39 23 the
1785 2621 69 22 retir-

1266 2656 39 29 ing
1316 2654 119 23 Directors
1446 2658 23 19 to
1478 2654 31 23 ■be
1521 2653 93 32 capable
1625 2654 25 23 of
1664 2653 143 25 re-election.

1301 2688 23 25 7.
1326 2699 34 4 —
1360 2686 52 24 The
1430 2687 96 23 Cashier
1544 2691 22 18 to
1579 2687 29 23 be
1627 2686 123 32 appointed
1765 2687 31 30 by
1814 2686 41 24 the

1266 2721 126 26 Directors,
1405 2720 46 23 and
1461 2719 128 24 removable
1602 2724 23 19 at
1636 2720 60 23 their
1706 2720 113 31 pleasure.

1301 2756 23 21 8.
1326 2765 34 5 —
1361 2753 163 24 Qualification
1542 2752 25 23 of
1588 2753 121 23 Directors
1726 2757 24 19 to
1769 2753 29 23 be
1822 2754 32 23 15

1262 2786 99 24 .Shares.
1376 2808 4 4 ,
1383 2809 6 6 v
1428 2784 4 7 '
1466 2787 9 12 •'

1300 2821 24 22 9.
1325 2831 35 4 —
1361 2818 29 23 In
1402 2817 31 24 all
1443 2819 112 30 meetings
1566 2818 26 23 of
1607 2817 179 30 Shareholders,-
1795 2818 60 23 Pro-

1266 2853 97 31 prietors
1381 2855 23 19 to
1419 2851 64 23 have-
1490 2859 41 15 one
1544 2856 49 18 vote
1604 2852 36 22 for
1651 2859 69 24 every
1732 2854 14 22 5
1760 2852 94 23 Shares.

1303 2887 39 22 10.
1344 2897 33 4 —
1377 2884 38 24 No
1424 2884 48 24 Bill
1483 2888 22 20 to
1517 2884 30 24 be
1555 2884 133 24 discounted
1695 2888 81 27 except
1782 2884 74 24 under

1267 2918 38 24 die
1316 2910 269 44 sanc'tion^tirtip'ei^bf
1599 2917 39 24 the

1267 2952 20 23 if
1297 2950 103 32 objected
1410 2955 23 19 to
1445 2951 38 31 by,'
1487 2942 42 32 fee
1541 2951 25 23 of
1575 2950 64 24 three
1650 2951 26 23 of
1685 2950 39 24 the
1735 2951 121 23 Directors

1267 2988 100 28 present.

1304 3019 37 22 11.
1343 3029 35 5 —
1379 3017 115 31 Meetings
1507 3021 23 19 to
1541 3017 29 23 be
1586 3016 54 24 held
1655 3016 146 32 half-yenrly,
1821 3017 36 23 for

1268 3050 38 24 the
1316 3058 99 24 purpose
1426 3050 26 23 of
1467 3050 116 31 declaring
1594 3050 136 29 Dividends,
1744 3050 43 24 &c.

1304 3086 38 21 12.
1344 3095 35 5 —
1379 3083 23 24 A
1425 3087 123 19 statement
1568 3083 27 23 of
1616 3083 38 23 the
1658 3083 94 23 '"-affairs
1771 3083 25 23 of
1817 3083 40 23 the

1269 3116 68 24 Bank
1348 3121 23 18 to
1386 3116 30 23 be
1434 3115 46 24 laid
1495 3116 79 23 before
1592 3115 39 22 the
1650 3115 164 23 Shareholders
1833 3119 25 19 at

1269 3149 55 24 each
1346 3148 57 24 such
1428 3148 137 30 half-yearly
1586 3148 110 29 meeting,
1720 3148 45 22 and
1786 3148 71 22 after-

1269 3182 72 23 wards
1368 3180 122 32 published
1517 3181 25 22 in
1568 3180 39 23 the
1669 3180 58 23 New
1755 3179 103 24 Zealand

1302 3273 25 24 A
1338 3273 67 24 Deed
1415 3273 26 23 of
1457 3273 143 26 Settlement,
1617 3276 23 19 to
1650 3272 30 23 be
1693 3272 81 31 signed
1783 3272 31 31 by
1826 3272 31 23 all

1269 3307 38 23 the
1328 3302 171 32 Shareholders,
1519 3305 137 31 embodying
1677 3306 65 23 these
1760 3305 43 24 and
1827 3305 31 24 all

1270 3339 64 24 other
1350 3346 122 24 necessary
1483 3338 146 31 regulations,
1647 3339 47 24 will
1708 3339 27 24 be
1746 3339 113 31 prepared

1260 3381 35 15 >as
1307 3371 101 32 speedily
1420 3379 25 16 as
1457 3371 106 32 possible.

1287 3430 257 32 PROPOSITIONS
1558 3438 31 16 at
1602 3439 51 16 the
1668 3431 172 25 MEETING.

1306 3466 22 21 1-.
1330 3476 34 4 —
1364 3463 62 24 That
1433 3464 38 23 the
1478 3464 139 31 Prospectus
1623 3472 50 17 now
1680 3464 55 24 read
1742 3464 27 23 be
1777 3464 81 32 adopt-

1271 3498 28 24 ed
1310 3496 44 24 and
1365 3497 99 30 printed.

1304 3532 24 21 2.
1330 3542 34 4 —
1365 3529 74 28 That,,
1450 3530 98 30 Captain
1571 3529 101 24 Edward
1699 3529 93 24 Daniell
1813 3530 45 23 and

1273 3563 95 24 Messrs.
1384 3562 127 31 Partridge,
1526 3562 72 29 Watt,
1612 3561 88 29 Millar,
1713 3563 45 23 and
1770 3563 89 28 Pierce,

1271 3596 28 23 do
1315 3596 57 23 form
1391 3603 15 16 a
1423 3596 144 24 Provisional
1579 3595 138 25 Corunittee
1729 3600 22 20 to
1764 3603 65 24 carry
1843 3596 14 23 U

1273 3633 52 23 into,
1332 3629 83 27 effect.,
1461 3646 3 3 .
1490 3640 9 16 ,-
1519 3642 4 3 -
1611 3637 13 18 :„•
1649 3629 64 27 *>*•'..

1873 120 16 40 I'
1931 126 140 21 TIMBER
2078 126 5 22 !
2089 127 317 33 JTIMBSiy^T,J^CBfPR
2414 128 28 25 !.„

1883 149 173 59 MESSRS^
2263 153 52 28 ana.
2326 160 146 23 SCANLON

1969 190 68 17 -most
2059 185 151 29 respectfully-
2220 186 84 22 inform
2311 183 54 27 'fthe
2371 194 7 5 -
2384 187 86 27 Public,

1882 213 50 21 that
1936 211 177 29 'they-will'hflve
2123 220 13 14 a
2255 213 79 31 supply
2343 213 129 28 of^flooring
2476 226 4 3 -

1882 239 92 27 boards,-
1981 239 99 21 weather
2091 239 115 27 boarding,
2218 237 253 31 J'andTincn'bqardau

1882 265 54 22 with
1945 265 112 28 scantling
2066 265 26 22 of
2102 273 46 20 any
2156 265 147 27 dimensions,'
2315 266 28 21 in'
2348 264 125 29 tKehvyard

1882 296 24 18 at
1909 291 38 23 the
1952 292 58 22 back
2015 292 26 22 of
2045 292 37 22 the
2088 292 147 22 Commercial
2242 290 229 32 Tavern,;Britaniiia.

1889 345 4 5 ,
1911 325 38 22 All
1960 325 76 22 orders
2045 325 131 28 punctually
2185 325 109 22 attended
2360 322 15 9 ''

2087 378 68 23 PO&
2170 381 96 20 SALE.
2345 401 4 3 .

1883 413 48 45 A
1945 411 111 28 HOUSE,
2077 413 137 26 containing.
2221 413 62 21 three
2301 420 88 15 rooms.
2395 412 75 25 and-.a

1931 447 4 11 :
1946 447 3 3 ■
1960 444 101 23 passage,
2082 438 52 21 with
2150 439 113 25 windows,
2367 438 102 29 flooring,
2478 457 9 5 .

1883 464 51 25 &c.,'
1942 463 54 21 with
2003 470 28 14 an
2043 463 125 26 out-house,
2176 464 123 27 consisting
2310 464 25 21 of
2340 460 159 31 -akitcnetffa^

1882 493 141 22 store-room,
2042 489 45 22 and
2103 493 89 18 servant
2194 490 99 27 's-roomj
2303 490 29 22 all
2341 491 134 24 fencedMtJv
2481 489 15 14 rr

1882 515 101 22 Situated
1990 522 30 14 on
2026 515 38 22 the
2068 515 83 28 beach/
2155 515 128 23 Britannia.'
2299 516 171 28 Enquireatthe

1906 542 94 21 Gazette
2031 541 79 23 Office.
2203 548 7 4 *
2272 545 5 3 '
2335 539 125 29 ''.--',:•

1934 595 62 22 ERY
2005 592 165 26 SUPERIOR
2184 595 204 25 CHAMPAGNE
2403 594 69 26 A«D

1961 622 131 23 CLARET.
2215 633 4 4 -
2294 630 27 12 .-•
2379 627 71 21 [*-»-:

2197 652 17 13 *
2228 648 87 26 JOHN
2323 649 127 25 PIERCE^

1908 682 119 22 Britannia
2036 682 70 23 Hotel
2115 682 46 23 and
2170 683 82 22 Stores.
2261 703 7 4 .
2280 690 35 13 *'—
2311 691 6 3 -
2317 688 3 5 1
2356 686 3 4 '
2383 703 6 4 ,
2400 686 4 3 '

1882 743 219 25 WHOLESALE
2132 744 125 24 PRICES
2291 730 177 41 CURRENT,

2029 802 163 23 IMPORTED
2208 803 112 23 GOODS:
2352 825 3 4 .
2366 825 3 3 .
2423 800 4 4 '

1951 842 134 16 CORRECTED
2100 844 36 14 UP'
2144 844 27 14 TO
2186 844 86 15 FRIDAY
2285 844 112 16 EVENING.
2406 849 3 4 ■

2223 863 17 19 jg
2260 869 16 12 j.
2282 862 37 19 ~d.
2331 867 6 9 ;
2374 864 28 19 Jt'
2412 869 16 13 ».
2452 864 15 19 A

1880 882 68 23 Rum:
1964 882 25 23 P.
2000 882 26 22 B.
2038 883 33 27 P.,
2087 883 56 28 duty
2155 884 57 28 free;

1873 909 92 9 '—"*-*-
1988 916 41 19 per
2036 910 91 26 gallon*
2265 912 57 20 9-0
2329 912 38 19 -ii
2374 907 97 26 0^12*16

1880 935 61 22 Gin:
1961 935 55 21 Pale
2223 938 15 19 0
2264 937 14 20 8
2305 938 15 19 6
2335 938 20 19 .'.
2374 933 70 26 aW
2456 938 15 21 0

1962 961 62 26 Case,
2040 963 15 20 4
2067 961 87 27 gallons
2162 963 46 20 4-5.
2224 963 11 20 1
2265 963 11 21 1
2304 964 16 20 0
2336 976 19 7 ..
2374 964 26 21 1.
2413 964 21 21 5.
2455 965 16 21 0

1880 987 109 22 Brandy:
2005 987 59 22 First
2071 988 92 27 quality,
2170 995 41 20 per
2379 996 2 5 ■
2394 1006 3 5 ,
2416 1003 2 5 .
2438 997 4 4 ■

2029 1013 75 27 gallon
2224 1016 14 20 0
2252 1015 28 21 14
2305 1016 130 21 0..0.16.
2456 1018 15 20 0

2002 1040 89 22 Second
2097 1040 108 27 quality..
2224 1043 14 19 0
2252 1043 26 19 13
2305 1043 15 19 0
2336 1043 54 20 ..0
2435 1038 5 11 r
2456 1044 15 21 0

2002 1066 71 22 Third
2082 1067 55 21 ditto
2160 1081 45 7 ....
2224 1069 19 20 0.
2252 1069 26 21 12
2305 1069 15 21 0
2336 1083 20 7 ..
2374 1070 54 26 0,13
2456 1071 15 21 6

1880 1092 85 23 Brown
1986 1093 88 22 Stout:
2097 1093 113 23 Truerrian
2258 1104 4 4 •
2391 1091 5 5 '
2415 1098 4 4 '

2116 1119 47 23 and
2170 1120 39 22 Co.
2224 1120 14 23 7
2264 1122 16 20 0
2305 1122 37 20 0.
2350 1135 5 7 .
2374 1122 14 23 7
2402 1122 69 30 10-&0

1880 1145 93 24 Porter
1982 1154 6 14 :
2017 1145 102 29 Dunbar,
2130 1147 25 21 in
2162 1147 46 22 bot.
2233 1153 4 3 •
2271 1149 7 5 '
2448 1149 10 26 ';

2049 1180 40 19 per
2097 1173 43 22 doz
2223 1175 55 20 016
2304 1175 51 21 0..
2373 1176 15 21 0
2402 1176 26 21 18
2456 1177 15 21 0

1880 1199 52 23 Ale
1940 1207 4 14 :
1962 1199 27 22 In
1998 1199 78 28 bottle,
2091 1206 39 21 per
2140 1199 65 23 doz..
2224 1202 14 20 0
2253 1201 26 21 16
2305 1202 15 20 0
2337 1215 19 7 ..
2374 1203 15 20 0
2403 1203 34 21 18-
2456 1204 15 20 0

1880 1225 82 24 Wine:
1977 1225 90 29 Sherry,
2078 1234 39 20 per
2125 1227 51 27 pipe
2186 1228 52 20 ..28
2264 1229 14 19 0
2305 1229 15 20 0
2335 1230 54 20 ..40
2414 1230 15 20 0
2456 1231 15 19 0

1988 1253 71 26 Ditto,
2075 1260 40 21 per
2129 1254 79 22 dozen.
2225 1255 52 21 15
2305 1256 14 19 0
2336 1269 19 6 ..
2373 1256 15 21 2
2403 1256 26 22 10
2456 1258 15 19 0

1880 1279 87 23 Sugar:
1984 1279 119 23 Mauritius
2111 1287 42 21 per
2161 1284 49 18 cwt.
2224 1282 15 21 2
2265 1283 13 19 5
2306 1283 15 20 0
2337 1295 20 7 ..
2374 1283 20 20 2.
2415 1283 20 20 8.
2449 1283 22 21 >0

1988 1307 82 21 Brown
2224 1309 14 21 0
2264 1310 15 20 0
2305 1309 50 21 0..
2375 1309 52 22 115
2455 1310 15 21 0

1989 1333 97 23 Refined
2101 1333 52 28 loaf,
2170 1341 42 20 per

2014 1357 24 25 lb
2224 1363 13 19 0
2264 1362 14 20 0
2293 1363 27 20 10
2335 1376 19 6 ..
2373 1363 15 21 0
2414 1363 14 21 0
2442 1363 26 21 11

1879 1386 62 22 Tea:
1959 1386 89 28 Hyson,
2058 1394 39 20 per
2108 1387 61 21 chest
2186 1389 52 20 ..10
2252 1389 26 20 10
2305 1389 14 20 0
2335 1390 53 20 ..12
2402 1389 26 21 12
2456 1390 15 21 0

1880 1413 87 21 Cotfee
1974 1421 5 13 :
1991 1413 65 27 Java,
2067 1421 39 20 per
2115 1413 23 22 lb
2224 1416 13 20 0
2266 1415 9 21 1
2304 1416 15 20 3
2335 1429 6 6 .
2349 1429 6 7 .
2373 1417 15 19 0
2415 1416 10 21 1
2456 1417 14 20 6

1880 1439 69 22 Rics:
1962 1439 111 22 Common
2082 1447 41 20 pec
2127 1443 49 19 cwt.
2186 1455 19 6 ..
2226 1442 11 20 1
2266 1442 11 20 1
2306 1439 36 23 o''.
2350 1456 5 6 .
2375 1443 11 20 1
2414 1443 14 20 3
2456 1444 15 20 0

1956 1463 100 25 "Good'".
2061 1472 8 14 ;
2079 1465 24 21 iC
2104 1462 33 24 IT-.
2146 1464 59 23 .?...
2225 1468 11 20 l
2250 1483 3 3 .
2264 1468 30 20 6-
2304 1469 126 20 o*»-r-lr*»

1879 1491 117 23 Tobacco:
2012 1492 142 28 Negrohead,
2171 1498 41 22 per

2038 1519 23 22 lb
2225 1521 14 21 0
2266 1521 11 21 1
2306 1521 14 21 8
2336 1535 5 5 .
2350 1535 5 6 .
2374 1523 15 19 0
2414 1521 14 21 2
2456 1522 14 22 3

1880 1545 86 23 Cigars
1974 1553 5 14 :
1991 1545 102 28 Manilla,
2101 1553 41 20 per
2149 1548 60 25 1000,

2016 1573 55 27 duty
2085 1573 54 26 free,
2155 1580 55 20 very

2017 1606 75 15 scarce
2262 1601 15 21 0
2303 1602 14 20 0
2333 1615 19 6 ..
2370 1603 16 19 0
2411 1601 15 21 0
2455 1603 15 21 0

1988 1625 129 23 Havannah
2245 1634 61 14 none
2315 1627 23 21 in
2343 1627 102 23 .market.
2454 1634 4 5 '

1988 1652 126 22 Chinsurah
2223 1655 14 20 4
2264 1655 14 20 0
2305 1655 14 20 0
2334 1664 20 10 .-.
2372 1656 14 19 5
2413 1656 14 20 0
2454 1657 16 19 0

1880 1679 59 21 Salt
1946 1686 5 14 :
1968 1679 126 28 Liverpool,
2105 1687 41 20 per
2155 1683 38 19 ton
2201 1681 36 21 .8
2264 1682 14 20 0
2304 1681 14 21 0
2335 1695 6 6 .
2349 1695 6 6 .
2362 1682 26 21 10
2414 1683 17 20 0.
2454 1683 17 21 0

1880 1706 59 22 Soap
1947 1713 5 14 :
1980 1705 103 23 Hawes's
2106 1706 102 27 London,

2005 1740 41 19 per
2054 1736 39 18 ton
2210 1734 28 21 70
2264 1735 14 21 0
2304 1734 16 21 0
2335 1734 53 22 ..75
2414 1735 15 21 0
2456 1736 19 25 0.

1880 1759 106 21 Candles
1992 1766 6 14 :
2005 1759 94 27 English
2108 1766 55 21 wax,
2170 1767 40 20 per

2024 1785 24 22 lb
2224 1788 14 20 0
2263 1787 15 21 3
2304 1787 15 21 0
2335 1801 6 6 .
2349 1801 6 7 .
2373 1789 16 20 0
2414 1787 14 21 3
2456 1788 15 22 6

2011 1812 80 22 Mould
2223 1815 14 20 0
2265 1814 10 20 1
2304 1815 50 19 0..
2373 1816 15 21 0
2415 1815 11 20 1
2455 1816 15 20 4

1881 1838 63 22 Pork
1951 1846 5 13 :
1973 1838 66 27 Irish,
2050 1846 40 20 per
2099 1839 73 22 barrel
2185 1854 5 6 .
2198 1854 5 6 .
2223 1841 14 20 5
2264 1842 14 20 0
2305 1841 14 19 0
2335 1854 6 6 .
2349 1855 5 5 .
2373 1843 15 20 0
2414 1842 14 20 0
2456 1843 15 19 0

1881 1865 68 21 Hams
1957 1881 6 5 .
1979 1860 129 33 Yorkshire,
2123 1873 40 19 per
2171 1867 24 21 lb
2203 1882 6 6 .
2224 1869 15 19 0
2268 1868 9 20 1
2308 1867 10 21 1
2336 1881 7 6 .
2350 1881 6 7 .
2375 1870 15 19 0
2417 1868 10 20 1
2457 1869 14 20 6

1880 1892 106 22 Butter:
2002 1892 66 27 Irish,
2079 1900 39 20 per
2126 1893 30 21 lb.
2187 1895 53 20 ..0
2267 1895 10 20 1
2306 1895 15 19 8
2336 1908 21 6 ..
2375 1897 15 19 0
2417 1895 11 21 1
2444 1895 28 22 20

1881 1918 130 23 Potatoes:
2032 1919 57 22 New
2102 1919 108 28 Zealand,

2057 1953 40 19 per
2106 1950 39 18 ton
2158 1961 46 6 ....
2223 1947 14 21 5
2265 1949 14 20 0
2306 1948 14 20 0
2336 1961 6 6 .
2350 1961 5 7 .
2374 1947 15 23 7
2414 1949 15 20 0
2457 1949 14 21 0

1880 1972 90 22 Cheese
1977 1979 6 14 :
1999 1971 106 23 Cheshire
2224 1975 14 20 0
2266 1975 11 20 1
2305 1975 50 19 3..
2374 1977 16 19 0
2416 1975 56 21 110

1998 1999 56 21 Pine
2064 1999 74 26 Apple
2159 2002 80 18 ....0
2267 2001 10 20 1
2305 2001 84 21 4..0
2415 2003 14 18 0
2457 2003 14 18 0

1880 2024 104 21 Starch:
2000 2024 43 21 Per
2052 2024 23 21 lb
2224 2027 15 19 0
2267 2027 9 19 1
2306 2027 50 19 9..
2374 2028 15 20 0
2414 2027 15 19 2
2457 2028 14 19 0

1880 2050 57 21 Oil:
1953 2050 104 26 Linseed,
2068 2058 40 20 per
2116 2051 75 27 gallon
2202 2067 6 6 .
2224 2053 14 19 0
2264 2053 14 20 9
2306 2053 14 19 0
2336 2066 20 6 ..
2374 2055 15 19 0
2403 2053 25 20 II
2456 2054 33 20 0-

1954 2076 77 28 Black,
2042 2084 41 20 per
2092 2078 55 21 ditto
2160 2080 79 20 ....0
2264 2079 16 21 4
2306 2079 84 23 6..0
2413 2085 14 14 a
2457 2080 15 20 6

1880 2103 72 22 Pitch
1966 2111 6 14 :
2004 2103 139 29 Stockholm,
2171 2111 41 21 per

2029 2130 72 22 barrel
2226 2132 9 20 1
2253 2132 26 21 15
2307 2133 14 19 0
2336 2146 20 6 ..
2376 2133 11 21 1
2404 2132 26 21 18
2457 2133 15 20 0

1880 2156 62 23 Tar:
1958 2156 54 22 Coal
2225 2159 52 21 115
2306 2160 14 20 0
2337 2173 19 6 ..
2375 2161 14 20 2
2415 2160 15 20 0
2457 2161 15 19 0

1963 2184 122 21 American
2224 2187 14 19 3
2265 2187 14 20 0
2306 2187 14 19 0
2336 2199 19 7 ..
2374 2187 16 21 4
2415 2187 76 27 0-0;.

1880 2210 116 22 Mustard
2003 2218 6 13 :
2026 2210 42 22 Per
2077 2210 71 23 dozen
2161 2226 45 6 ....
2226 2213 11 20 1
2253 2213 27 21 16
2307 2214 14 20 0
2337 2227 6 6 .
2351 2227 6 6 .
2375 2215 15 19 0
2416 2213 14 21 0
2457 2213 25 21 0\

1883 2238 96 21 Pickles
1990 2245 6 13 :
2028 2238 116 26 Assorted,
2172 2245 41 20 per
2473 2241 23 18 *:.

2054 2264 57 26 doz.,
2136 2268 76 23 quarts
2227 2266 10 20 1
2266 2267 14 20 2
2307 2267 15 20 0
2338 2279 20 7 ..
2377 2267 9 21 1
2404 2266 27 21 10
2457 2267 16 20 0

1881 2290 124 22 Muskets:
2021 2290 92 23 Walnut
2119 2291 93 23 stocked
2228 2293 10 21 1
2267 2294 13 20 8
2307 2294 15 20 0
2337 2307 20 6 ..
2375 2295 15 20 0
2416 2293 14 21 0
2457 2294 16 20 0

1882 2318 71 21 Beef:
1970 2317 78 27 Fresh,
2068 2325 88 15 carcase
2171 2325 41 21 per

1998 2344 25 21 lb
2158 2343 46 23 :...
2223 2347 15 20 o
2266 2347 10 21 i
2305 2347 15 21 o
2336 2361 19 6 ..
2374 2349 15 19 o
2414 2347 15 21 o
2456 2348 20 25 o.

1882 2370 100 22 Mutton
1991 2378 5 13 :
2018 2371 93 22 Carcase
2122 2379 39 20 per
2170 2372 23 21 lb
2203 2388 7 6 .
2225 2374 14 20 0
2268 2374 9 21 1
2306 2375 15 19 0
2337 2387 7 7 .
2351 2388 6 6 .
2375 2375 15 21 0
2416 2374 14 20 0
2457 2375 14 20 0

1883 2397 75 22 Pork:
1974 2397 77 27 Fresh,
2069 2405 87 15 carcase
2172 2406 41 20 per

2001 2423 30 22 lb:
2052 2426 89 19 .:.....
2227 2427 14 20 0
2268 2428 14 20 0
2308 2427 14 20 5
2339 2440 19 7 ..
2377 2428 15 20 0
2417 2427 29 21 0»
2459 2427 15 21 8

1883 2449 90 23 Flour:
1991 2450 44 22 Per
2044 2454 39 19 ton
2210 2454 29 20 42
2266 2455 14 19 0
2306 2455 15 19 0
2336 2455 53 20 ..45
2416 2455 14 19 0
2457 2455 16 19 0

1882 2476 78 22 Milk:
1977 2476 43 22 Per
2026 2478 59 26 pint.
2226 2481 14 20 0
2266 2481 14 20 0
2306 2481 15 21 4
2337 2494 20 7 ..
2376 2482 54 20 0-0
2459 2482 15 20 0

1883 2504 92 21 Plank:
2003 2503 54 22 Port
2072 2504 140 28 -Nicholson,
2461 2515 6 3 -

2031 2537 41 20 per
2082 2533 39 20 100
2130 2532 77 21 feet..
2226 2534 54 20 018
2308 2535 14 19 0
2338 2547 20 7 ..
2377 2534 10 20 1
2404 2534 27 20 10
2441 2534 32 21 ;0

2003 2556 122 28 Hokianga
2226 2560 14 20 2
2267 2561 13 19 5
2308 2561 82 20 0..2
2404 2561 27 20 10
2459 2561 15 20 0

1882 2583 130 22 Scantling
2019 2591 6 14 j
2042 2584 43 22 Per
2092 2586 39 21 100
2141 2585 53 22 feet.
2202 2600 5 5 .
2227 2587 54 21 018
2308 2588 14 20 0
2339 2601 7 6 .
2353 2601 5 6 .
2378 2588 10 20 1
2416 2587 14 20 5
2459 2588 15 20 0

1883 2610 127 22 Shingles:
2026 2610 44 23 Per
2078 2612 52 22 1000
2228 2614 54 20 110
2308 2612 83 24 0..'2
2417 2614 14 20 5
2459 2615 15 20 0

1872 2655 2 33 !
1883 2662 62 23 Boat
1956 2662 74 24 Hire:
2046 2664 44 22 Per
2094 2664 52 28 day,
2151 2665 63 22 with-

2075 2695 40 18 out
2122 2686 73 28 hands
2205 2694 37 20 .0
2255 2693 27 21 16
2309 2694 14 21 0
2340 2707 7 7 .
2353 2707 7 7 .
2379 2694 11 21 1
2418 2694 14 20 5
2460 2695 16 20 0

1883 2715 86 24 Wages
1976 2724 6 14 :
2011 2716 139 30 Mechanics,
2176 2725 41 21 per

2037 2744 62 22 week
2230 2747 12 21 1
2257 2747 27 21 16
2311 2748 14 20 0
2341 2760 21 7 ..
2379 2747 15 21 2
2421 2747 13 21 8
2462 2749 15 21 0

2021 2770 126 24 Labourers
2165 2774 119 20 ....110
2311 2775 84 20 0..0
2421 2775 13 19 0
2461 2776 16 20 0

1918 2829 51 24 The
1988 2830 66 24 New
2073 2831 128 26 Zealand
2221 2833 125 24 Gazette
2369 2833 53 29 will,
2440 2834 38 24 for

1885 2862 38 23 the
1934 2868 100 26 present,
2047 2864 28 24 be
2082 2864 122 31 published
2210 2866 97 31 weekly,
2316 2874 68 23 every
2393 2867 84 24 Satur-

1885 2896 43 30 day
1940 2898 114 30 morning.
2068 2918 6 5 ,
2092 2899 31 23 So
2143 2907 55 15 soon
2217 2907 26 16 as
2261 2901 19 22 it
2299 2901 19 22 is
2336 2900 141 32 sufficiently

1885 2930 132 31 supported,
2041 2932 18 23 it
2082 2932 45 23 will
2150 2932 29 24 be
2204 2932 79 24 issued
2307 2933 170 32 semi-weekly.
2496 2936 6 4 '

1886 2964 128 32 Subjoined
2025 2972 39 16 are
2075 2965 38 23 the
2125 2970 71 19 terms
2205 2974 6 15 :
2212 2977 35 5 —

1920 3005 81 24 Price
2020 3013 31 16 of
2070 3013 51 16 the
2141 3006 99 24 Paper.
2242 3019 35 5 —
2277 3007 73 31 Forty
2372 3007 108 31 shillingi

1885 3045 41 24 per
1938 3046 93 22 annum,
2050 3039 96 32 payable
2157 3040 24 22 in
2193 3040 101 24 advance
2302 3049 7 20 ;
2328 3048 26 16 or
2366 3048 43 16 one
2421 3041 58 23 shiU

1885 3072 51 30 ling
1945 3071 36 25 for
1993 3073 84 30 single.
2080 3073 118 24 numbers.
2266 3083 19 19 -^

1892 3120 5 5 '
1908 3106 259 34 fAbyERTisEMEijTs.
2169 3124 34 4 —
2204 3104 119 33 S&tfin'es
2340 3113 53 24 and'
2398 3113 81 29 under,

1886 3143 88 23 3sV«6d.
1984 3135 396 48 l^Tie^rstinsetl^fn^one'
2384 3145 96 33 shilling

1886 3176 35 22 for
1939 3175 56 24 each
2013 3168 149 39 subsequent
2170 3177 114 24 insertion
2291 3186 7 19 ;
2322 3178 60 25 from
2388 3180 49 23 -six
2456 3185 24 18 to

1886 3213 39 19 ten
1936 3209 66 28 lines,
2015 3210 44 23 five
2071 3203 112 39 SMliings-
2187 3210 37 24 for
2235 3210 41 25 the
2294 3211 70 29 first/
2369 3212 48 24 and
2435 3220 45 16 one

1887 3242 94 31 shilling
2003 3243 46 23 and
2201 3244 37 24 for
2259 3244 56 24 each
2336 3245 144 31 subsequent

1887 3276 108 23 insertion
2005 3284 7 20 ;
2113 3282 47 19 ten'
2169 3276 69 30 lines,
2256 3278 45 23 five
2318 3277 107 32 shillings
2444 3279 36 24 for

1887 3310 38 24 the
1937 3311 51 23 first
1999 3314 39 20 ten
2050 3310 66 29 lines,
2129 3310 45 24 and
2184 3311 125 31 fourpence
2322 3318 42 24 per
2381 3311 45 25 line
2444 3311 36 25 fforr
2478 3331 9 10 r

1887 3345 38 23 the
1937 3351 80 17 excess
2029 3343 26 24 of
2053 3357 12 15 v
2069 3342 50 25 that
2125 3344 113 28 number;
2257 3344 45 25 and
2314 3349 116 28 twopence
2437 3352 43 25 per

1886 3376 168 29 linjetfor-eacTf
2057 3377 143 32 subsequent
2212 3378 119 24 insertion.

1920 3418 200 27 Advertisements
2130 3417 47 24 will
2188 3422 42 20 not
2240 3422 90 28 apjiear,
2337 3419 26 23 in
2381 3418 39 25 the
2427 3441 4 6 _,
2438 3426 43 16 en*

1887 3452 69 30 suing
1966 3451 106 28 number,
2085 3451 19 23 if
2118 3450 105 25 received
2310 3451 57 25 than

1943 3484 98 27 o'clock,
2064 3492 56 15 a.m.
2160 3483 207 25 Advertisements*
2438 3489 5 3 '
2452 3485 31 25 be

1888 3517 128 24 continued,
2021 3516 46 24 and
2080 3516 97 32 charged
2188 3516 60 24 until
2262 3517 204 26 counter-ordered
2472 3527 9 21 ;

1889 3550 56 24 such
1956 3549 67 26 order
2035 3555 62 18 must
2106 3549 30 23 be
2154 3553 51 20 sent
2224 3553 23 20 to
2265 3549 40 25 the
2323 3550 76 24 Office
2416 3551 67 26 three

1889 3584 55 31 days
1950 3583 79 24 before
2036 3583 147 31 publication,
2191 3583 47 24 and
2244 3588 64 19 must
2313 3583 28 24 be
2349 3584 25 23 in
2381 3585 100 31 writing.
2486 3606 3 4 ,

1922 3623 41 24 All

1890 3652 172 38 cationsrtq^he
2075 3655 55 25 Edit
2131 3656 87 33 ojr^are
2232 3657 123 32 requested
2397 3654 110 41 b£.ssjs

1890 3689 96 26 dressed
1996 3694 24 19 to
2029 3687 50 26 this
2092 3689 82 25 Office.
2183 3696 3 4 '
2252 3696 18 7 -
2300 3696 3 5 •
2332 3692 9 4 ~
2367 3685 18 22 ■'
2400 3689 5 22 '-
2424 3700 20 11 *«
2442 3685 5 14 ;
2452 3682 19 33 -t-

1880 3730 7 4 *
1899 3726 94 27 ..iFook
2002 3729 66 24 work
2061 3723 5 12 1
2079 3729 49 24 and
2137 3728 41 33 joh
2189 3729 106 33 printing
2311 3730 27 26 of
2352 3738 71 24 every
2438 3729 51 26 de^'

1891 3763 118 32 senption,
2021 3758 112 30 executed
2142 3762 56 27 with
2208 3762 129 35 dis'patch,.
2339 3763 49 27 and
2404 3763 65 28 io'Jtb
2469 3760 30 23 11^

1890 3797 52 24 best
1951 3795 70 31 style.
2064 3802 3 3 '
2117 3805 3 4 •
2179 3812 17 3 •■
2226 3793 10 23 ■'.
2249 3800 97 28 ■'^'""^
2364 3793 43 41 .}^
2417 3810 4 6 ,
2479 3793 21 9 '~

1273 3676 261 49 FAlNTS^oils.^nd

1330 3714 5 3 -
1353 3703 64 22 Nails
1428 3703 45 22 and
1480 3703 62 22 locks
1554 3704 25 21 of
1589 3704 31 21 all
1629 3703 66 24 kinds
1702 3711 8 21 ;

1352 3729 109 25 Window,
1465 3729 65 28 glass;
1540 3731 27 21 13
1577 3730 30 28 by
1617 3732 35 26 9y
1662 3738 6 3 ■
1693 3728 9 11 *
1794 3727 28 24 ''9
1837 3737 12 9 *

1353 3754 82 55 ftr
1632 3782 5 2 -
1737 3805 5 2 .
1797 3755 66 50 •'.*:

1353 3808 75 26 Rice,'
1495 3829 6 4 .
1748 3809 7 5 *

1332 3850 13 11 
1354 3835 60 22 Rose
1424 3835 64 25 Cork,
1492 3835 82 28 butter,

1354 3861 96 28 Arrack,
1462 3863 39 22 &c.
1513 3862 42 22 &c.
1654 3882 7 3 .
1828 3881 3 3 .

1473 3888 27 23 T.
1515 3887 35 25 M.
1565 3885 185 31 PARtRJDGE
1758 3889 47 24 and
1814 3889 48 24 CO.

1302 3915 61 22 June
1371 3916 22 20 9.
1459 3931 3 3 ■
1525 3933 5 3 .
1633 3931 4 4 .
1651 3926 3 3 •
1725 3922 3 3 •
1737 3925 3 4 ■
1749 3917 7 8 s
1753 3932 3 3 .
