2550 4050
586 506 220 40 PUBLISHED
852 506 131 38 EVERY
1029 504 257 39 WEDNESDAY
1331 503 86 36 AND
1463 502 228 39 SATURDAY
1737 502 203 37 ifIORNINC.

572 623 130 32 PORT
725 622 286 38 NICHOLSON,
1034 618 261 36 SATURDAY
1315 616 237 41 MORNING,
1576 614 190 38 AUGUST
1785 623 52 33 20,
1861 622 91 29 1842.

2215 638 7 9 .
2257 619 101 41 [Vol.
2380 618 68 33 111.

76 618 185 50 N0.16.9;;]',

1232 55 100 32 THE

59 114 454 145 NEW
585 109 944 140 ZEALAND
1603 109 861 137 GAZETTE

53 259 2413 98 AND

53 357 1149 97 WELLINGTON
1317 357 1149 97 SPECTATOR.

181 726 5 4 '
200 725 53 21 For
266 720 104 23 Nelson
385 720 92 21 direct.
619 710 2 8 '

89 752 73 34 JwKT
219 757 93 33 rpHE
317 756 44 22 fine
366 756 45 22 fast
417 755 80 27 sailing
503 755 127 27 brigantine

78 778 112 38 jSg_s©<
213 778 59 29 "X"'
294 783 119 27 Vanguard,
425 783 99 26 Murray,
534 786 82 18 master
622 790 6 20 ;

75 805 135 38 xTrSSß___'
233 812 39 22 she
291 810 45 23 will
353 812 61 21 meet
431 809 54 22 with
500 809 130 22 immediate

54 840 158 31 __aE_=_E_l
233 838 106 28 dispatch.
348 838 49 23 The
405 837 114 26 Vanguard
524 837 20 20 is
550 836 79 22 known

54 858 167 38 SsSSSSid'
233 873 25 14 as
273 872 44 15 one
331 864 26 28 9^
370 864 39 22 the
425 864 78 21 fastest
510 863 83 22 vessels
602 870 28 14 on

218 893 4 3 '
232 891 38 23 the
280 894 66 24 coast,
357 891 47 22 and
411 891 19 22 is
436 890 51 23 well
496 890 96 28 adapted
596 890 36 22 for

50 927 134 24 passengers.
197 921 5 8 '
212 919 44 22 For
370 925 25 15 or
410 924 100 22 passage,
526 917 67 27 apply
608 920 23 18 to

51 949 36 22 the
98 947 93 29 Captain
193 954 37 15 •on
238 945 79 28 board,
324 948 28 19 'or
360 946 23 21 to

97 983 4 15 »
113 985 3 4 •
312 976 3 17 ;
319 979 4 4 '
331 983 4 8 X
355 978 90 22 -Waitt
460 976 46 23 and
518 976 84 22 Tyser.
622 984 3 4 •

75 1009 90 26 August
174 1009 33 25 16,
219 1003 61 26 18421
312 1011 17 15 vi
557 1030 3 5 t
600 1011 3 4 '

50 1059 86 51 FOR
150 1058 94 27 SALE,,
249 1064 32 15 ex
287 1058 122 24 Indemnity,
421 1056 58 21 from
489 1053 102 27 London,
600 1054 32 26 by

120 1086 37 21 the
166 1084 152 27 undersigned
325 1093 5 12 ;
332 1094 28 5 —

73 1114 22 22 A
105 1112 100 28 quantity
215 1111 27 22 of
251 1110 97 29 superior
358 1109 38 22 old
405 1108 62 22 Cuba
477 1113 79 21 cigars,

74 1139 97 28 Salmon,
219 1138 29 35 '~)
346 1143 3 8 '

74 1166 105 27 Turkeys,

75 1196 78 27 Fowls,

75 1249 60 28 Beef,
151 1239 7 10 '
258 1245 40 22 All
315 1252 26 14 on
357 1242 123 28 Goldney's
496 1240 78 28 highly
590 1240 42 22 im-

77 1277 98 26 Mutton,
188 1294 4 4 .
243 1281 11 19 f
284 1271 81 28 proved
385 1268 116 30 principle,
521 1267 55 22 with
593 1267 39 22 the

77 1303 68 22 Mock
157 1302 73 27 turtle,
285 1299 59 21 bone
353 1298 32 21 in.

63 1341 3 4 •
77 1331 37 21 Ox
122 1332 101 23 tongues,
236 1351 4 6 ,

78 1357 78 21 Calves
163 1352 69 31 head,
267 1368 3 4 •

78 1383 77 22 Calves
164 1383 52 26 feet,

80 1410 110 22 Lobsters.
235 1404 14 31 J
265 1416 2 7 '

80 1437 52 21 Also
143 1444 14 14 a
166 1436 102 27 quantity
278 1435 25 21 of
309 1434 67 22 wines
386 1432 44 22 and
444 1432 73 27 spirits
535 1438 24 14 m
572 1431 61 21 three

53 1465 70 21 dozen
131 1470 68 20 cases,
211 1462 27 22 of
244 1461 97 28 superior
350 1459 83 28 quality
434 1470 29 4 —

78 1489 73 28 Hock,
494 1511 5 8 y

78 1517 148 27 Champagne,

80 1543 44 23 Old
131 1546 57 25 port,
352 1543 2 9 '

80 1571 86 27 Sherry,

79 1596 118 27 Hollands,
515 1613 4 5 .
553 1612 2 4 .

80 1624 96 27 Brandy,

80 1652 50 21 Eau
139 1651 27 21 de
178 1650 104 27 Cologne,
436 1670 3 9 ,

81 1679 51 21 Iron
146 1677 27 22 of
188 1677 56 22 sizes
259 1675 122 23 calculated
400 1675 35 21 for
448 1673 101 28 shoeing,
566 1673 71 21 round

54 1705 44 23 and
107 1711 84 22 square.

312 1729 99 21 Simonds
426 1728 46 22 and
485 1728 126 22 Hoggard.

54 1764 184 26 Lambton-quay,
250 1761 142 27 Wellington,

121 1797 88 27 August
221 1797 24 26 8,.
251 1797 61 20 1842.
346 1816 3 5 ,
622 1808 3 5 •
640 1816 2 10 ,

55 1849 86 50 FOR
155 1847 85 27 SALE,
255 1854 29 14 ex
298 1847 68 26 Lady'
371 1847 66 25 Leigh
453 1844 46 23 and
515 1844 65 22 other
592 1844 47 22 late

125 1875 91 22 arrivals
225 1883 5 13 :
232 1885 28 4 —

81 1902 97 23 Seconds
186 1901 64 27 flour,

80 1930 73 22 Patna
160 1928 53 27 rice,

81 1957 58 21 Java
148 1955 76 27 coffee,

80 1982 96 24 Manilla
186 1989 71 20 sugar,
320 1999 2 6 ,
374 2002 12 7 w
409 2004 3 4 ,
450 2004 3 5 ,
474 2003 6 3 .
519 1990 3 7 •
581 1986 23 18 A,
616 1996 11 8 ..
643 2002 3 4 .

76 2006 67 24 Ifttch
153 2007 96 27 andtar,

82 2035 49 22 Coir
138 2042 60 19 rope,
205 2033 3 5 '

81 2061 89 27 Brandy
179 2061 23 21 in
213 2060 64 22 wood
284 2060 44 22 and
338 2067 67 20 cases,
416 2067 54 19 very
479 2058 67 28 good,

82 2089 52 21 Best
141 2087 104 23 hollands
254 2087 23 22 in
287 2087 40 21 red
338 2094 66 20 cases,

80 2116 58 22 Rum
149 2114 44 23 and
200 2114 77 22 arrack
287 2114 23 21 in
318 2114 66 21 hhds.

82 2143 42 21 Gin
133 2143 24 21 in
165 2141 67 22 hhds.
242 2141 45 21 and
296 2141 68 27 pipes,

81 2169 53 22 Port
140 2168 45 22 and
195 2169 76 26 sherry
278 2168 25 21 in
313 2167 62 21 hhds.
386 2166 44 22 and
440 2169 89 25 quarter
540 2165 69 25 casks,

80 2196 57 26 Port,
156 2195 82 27 sherry,
256 2195 43 21 and
315 2194 107 26 Madiera,
439 2189 137 25 Rutherford
593 2190 46 23 and

54 2223 92 28 Drury's
154 2221 78 28 brand,

81 2249 142 28 Champagne
233 2249 23 21 in
267 2255 67 19 cases,

80 2274 91 24 Powder
179 2282 23 16 m
213 2276 27 22 25
247 2275 29 21 1b.
288 2274 69 27 casks,

81 2303 90 22 Several
181 2300 200 24 double-barrelled
390 2307 62 21 guns,

80 2330 90 22 Timber
180 2329 93 22 suitable
283 2329 34 21 for
327 2328 28 21 all
364 2327 102 28 building
473 2333 113 22 purposes.

371 2362 81 22 Waitt
467 2361 45 22 and
525 2361 84 21 Tyser.

80 2398 142 27 Wellington,
234 2396 53 29 July
297 2399 33 24 12,
341 2397 60 21 1842.

280 2449 42 19 On
341 2448 70 24 Sale,

55 2484 90 49 THE
158 2482 77 23 BEST
249 2481 76 22 CASE
340 2481 65 27 GIN,
420 2481 23 21 in
454 2487 61 15 cases
529 2479 46 23 and
590 2479 52 22 half

127 2517 69 15 cases.
225 2524 3 4 .

367 2535 82 21 Waitt
465 2533 46 22 and
525 2534 84 21 Tyser.

82 2564 59 22 June
150 2565 35 25 24,
197 2564 60 21 1842.

188 2630 2 8 ,
236 2615 67 20 Seed
312 2615 137 20 Potatoes.

56 2649 92 49 ONE
157 2648 65 22 TON
230 2648 25 22 of
259 2648 39 22 the
307 2648 48 22 best
361 2647 105 22 Derwent
474 2649 105 25 potatoes,
590 2647 49 27 just

131 2675 105 23 received
245 2675 30 28 by
284 2675 38 22 the
335 2675 114 27 Exporter,
466 2674 58 22 from
540 2674 97 27 Sydney,
646 2674 2 5 '

82 2703 43 21 For
134 2702 47 22 sale
190 2702 31 27 by

376 2729 83 22 Waitt
470 2728 46 22 and
524 2728 86 22 Tvser.

84 2762 145 28 Wellington,
240 2762 54 28 July
303 2764 33 25 22,
347 2764 60 21 1842.

202 2813 170 26 Wellington
386 2813 103 21 House.

149 2846 138 17 WHOLESALE
302 2846 45 15 AND
366 2847 83 15 RETAIL
465 2846 80 15 STORE.

56 2874 149 51 SAMUEL
220 2873 46 22 and
279 2873 118 22 JOSEPH
411 2873 42 27 beg
463 2877 23 17 to
503 2873 80 22 inform
600 2872 39 23 the

118 2900 140 23 inhabitants
273 2900 26 22 of
310 2900 53 22 Port
378 2900 128 26 Nicholson,
524 2899 50 22 that
586 2899 54 28 they

52 2928 59 22 have
120 2927 88 23 arrived
216 2927 58 22 from
284 2926 97 28 Sydney,
390 2933 28 16 ex
425 2928 117 25 Exporter,
552 2926 51 23 with
609 2934 31 15 an

54 2956 112 21 extensive
177 2954 67 22 Stock
254 2954 25 21 of
292 2954 82 26 Goods,
388 2953 71 22 which
475 2953 55 28 they
541 2953 52 22 offer
609 2961 30 14 on

54 2982 49 22 sale'
117 2985 24 19 at
155 2989 15 14 a
185 2980 116 23 moderate
318 2981 75 27 price,'
405 2984 23 18 at
445 2980 65 23 those
520 2980 120 24 .extensive

54 3009 106 27 premises
183 3008 70 27 lately
271 3006 106 28 occupied
393 3007 30 27 by
441 3007 130 22 WATERS
594 3007 46 22 and

56 3036 107 26 SMITH,
178 3034 39 23 the
226 3034 113 27 following
348 3034 76 28 goods,
433 3034 74 22 viz.—
534 3051 4 4 .

81 3062 157 22 Gentlemen's
247 3060 109 29 superfine
366 3061 59 22 cloth
435 3063 67 26 coats,
515 3065 4 18 ;

82 3089 60 23 Pilot
150 3088 46 24 and
207 3088 90 28 Witney
306 3091 66 24 coats,
409 3109 3 3 .

82 3117 61 22 Drab
153 3115 45 23 and
207 3114 68 23 black
284 3114 59 23 cloth
351 3117 108 25 trowsers,

75 3143 94 22 .Marble
179 3142 46 22 and
235 3142 101 22 Grecian'
341 3141 91 22 doeskin
441 3141 46 22 and
495 3142 83 22 Tweed
588 3141 36 22 do.

80 3170 112 22 Moleskin
203 3169 45 22 and
258 3168 54 24 cord
320 3171 107 25 trowsers,
524 3182 4 3 •
534 3176 2 5 ■
615 3173 3 5 '
641 3176 5 4 '

80 3197 70 22 Black
158 3197 60 21 satin
228 3196 129 27 waistcoats,
368 3206 8 9 ■•

82 3223 96 28 Figured
186 3223 132 27 woistcoats,
329 3222 108 22 Valencia
445 3222 46 22 and
500 3222 53 22 buff
558 3222 34 22 do.

80 3250 55 23 Blue
145 3250 46 23 and
199 3248 68 24 black
278 3249 60 23 cloth
348 3249 44 28 do.,
408 3249 149 28 gentlemen's
571 3249 67 23 white

56 3277 41 21 and
104 3281 86 24 regatta
198 3277 74 27 shirts,
298 3276 167 17 '-.'''••'
608 3284 4 3 ■
641 3277 5 11 '

82 3304 54 23 Blue
145 3304 45 22 and
198 3304 68 23 black
270 3303 66 25 .cloth
342 3304 94 27 jackets,
486 3326 3 4 .
616 3307 3 10 '
644 3308 3 5 '

80 3331 111 23 Moleskin
201 3331 46 23 and
254 3331 59 28 jean,
315 3331 94 27 jackets,
419 3344 3 3 •
464 3341 2 6 ■
505 3344 3 3 •
540 3351 4 3 .
644 3338 3 7 ■

80 3357 44 23 Pea
133 3358 47 22 and
188 3357 99 30 monkey
292 3357 94 29 jackets,
535 3375 17 10 .

80 3384 59 23 Pilot
148 3385 45 22 and
202 3385 101 28 flushing
311 3388 107 23 trowsers,

81 3411 154 23 Gentlemen's
242 3411 96 24 worsted
347 3411 46 23 and
400 3411 81 23 lamb's
491 3410 58 22 wool
565 3410 73 24 stock-

54 3437 55 29 ings,
120 3439 36 21 do.
167 3439 70 26 socks,
253 3453 2 6 ,
449 3454 3 4 .
470 3434 7 30 ',

80 3465 90 22 Ladies'
179 3460 66 27 black
253 3465 95 23 worsted
356 3465 46 23 and
411 3465 68 23 white
487 3464 129 28 stockings,'.

80 3491 155 23 Gentlemen's
242 3492 64 26 boots
316 3493 44 22 and
369 3493 70 28 shoes,
518 3514 2 5 ,
572 3499 18 22 ;;

80 3518 88 22 Ladies'
178 3519 47 21 and
233 3518 119 24 children's
361 3520 70 27 shoes,

79 3545 74 22 Prints
163 3545 44 21 and
216 3545 99 28 calicoes,
325 3545 60 30 lace,*
390 3546 90 29 edging,
489 3546 47 23 and
543 3545 95 28 quilling

52 3574 53 25 nett,
124 3577 3 4 •
138 3583 5 6 •
386 3580 11 12 <.
419 3577 4 5 *

79 3598 71 22 Black
159 3598 47 22 and
215 3598 104 23 coloured
327 3599 42 23 silk
378 3600 181 28 handkerchiefs,

79 3625 81 22 Cotton
169 3624 176 29 handkerchiefs,

78 3652 63 22 Drab
150 3651 46 23 and
204 3651 68 23 black'
280 3652 129 29 cashmeres,
419 3654 76 22 tailors
503 3654 132 27 trimmings,

79 3678 219 28 Youth's'superfine'
304 3678 104 29 clothing,
467 3679 3 6 '
552 3682 6 8 '

78 3705 49 23 Bed
136 3705 52 22 tick'
192 3705 46 22 and
248 3705 77 27 check,
334 3706 102 24 blankets
445 3707 46 23 and
498 3704 60 32 nigs,

78 3732 76 22 White
164 3735 167 25 counterpanes,
343 3733 80 23 camlet
432 3734 81 29 clocks,

79 3759 102 26 Manilla,
191 3758 61 29 palm
261 3759 51 28 leaf,
323 3759 44 22 and
375 3760 54 23 brab
442 3761 56 28 hats,

78 3786 52 28 Tea,
143 3792 73 21 sugar,
226 3785 52 23 and.
281 3785 74 29 coffee,
564 3797 3 8 >

79 3812 58 23 Beef
144 3813 44 22 and
196 3813 64 27 flour,
270 3813 100 22 Mustard
380 3813 44 23 and
432 3813 93 30 pickles,

77 3839 53 23 And
137 3839 64 23 other
208 3839 88 23 articles
305 3842 37 20 too
351 3847 120 16 numerous
482 3845 23 19 to
514 3843 106 21 mention.

56 3890 65 49 ON
237 3891 33 32 by^
277 3891 195 28 theundersigned
473 3904 28 5 —

128 3918 62 22 Mess
198 3918 57 28 pork
263 3918 25 22 in
299 3918 91 23 barrels.

400 3945 21 23 J.
432 3947 33 22 M.
477 3947 102 23 Taylor.

78 3970 51 26 July
139 3973 33 23 19,
184 3972 59 22 1842.
421 3982 9 11 -.

663 718 62 22 Sale
743 718 38 27 by
794 717 123 22 Auction
937 715 31 22 of
986 715 147 28 Elegantly
1149 713 99 22 Bound

825 757 5 4 .
860 762 2 5 ,
872 750 5 21 ;
903 744 103 21 Books.

662 779 93 50 MR.
767 778 86 23 JOHN
867 777 96 23 WADE
975 777 57 27 b»gs
1040 779 24 20 to
1074 781 117 17 announce
1201 774 49 22 that

753 806 30 22 he
801 805 46 23 will
865 805 41 22 sell
923 804 30 27 by
966 804 75 30 public
1056 802 98 25 auction,
1174 804 23 19 at
1213 800 41 23 his'

662 835 83 26 Stores,
765 833 32 22 Te
816 833 55 26 Aro,
887 838 28 16 on
934 830 108 32 Tuesday;
1058 831 59 25 next,
1136 825 40 24 the
1194 827 56 23 23rd

662 861 90 26 instant,
771 862 24 19 at
811 861 10 19 1
839 857 101 27 o'clock,,
950 865 16 21 a,
980 856 82 24 choice'
1074 857 132 21 assortment
1226 855 27 22 of

662 887 113 28 elegantly
789 885 76 23 bound
880 884 75 27 books,
973 883 135 28 comprising
1122 881 71 22 about
1207 882 43 22 400

662 914 102 22 volumes
787 913 26 22 of
823 932 3 4 ,
832 911 103 28 political,
960 908 141 28 theological,
1126 908 122 28 historical,

662 939 123 28 theatrical,
802 938 115 27 classical,,
924 937 45 22 and
984 935 96 29 poetical
1098 935 78 27 works,
1195 933 54 24 with

663 966 69 23 some'
739 967 27 21 of
776 965 38 23 the
832 964 96 23 choicest
941 963 86 27 novels,
1038 963 25 21 in
1072 961 72 23 which
1158 961 48 23 will
1220 961 29 23 be

662 993 70 22 found
751 992 35 23 Sir
804 992 86 22 Walter
907 990 81 23 Scott's
1006 988 116 28 complete,
1141 988 109 23 Bulwer's

662 1023 59 19 most
731 1018 111 29 approVed
849 1017 77 27 works,
938 1018 41 21 &c.
990 1017 42 21 &c.
1183 1024 4 4 '
1237 1024 5 2 ■
1256 1024 3 9 >

877 1051 81 20 TERMS,
974 1051 65 14 CASH.

690 1080 90 27 August
792 1081 31 25 16,
832 1080 64 23 .1842.

750 1120 172 23 Dissolution
937 1120 30 21 of
980 1118 182 27 Partnership.

663 1155 94 31 rpHE
770 1154 147 24 BUSINESS
931 1153 100 23 hitherto
1041 1152 82 22 carried
1140 1158 30 16 on
1180 1151 71 23 under

670 1176 30 29 X
738 1182 39 22 the
786 1182 52 22 firm
850 1182 26 21 of
881 1181 89 27 Wright
982 1181 46 21 and
1038 1179 85 26 Clarke,
1131 1189 3 6 <
1139 1178 112 23 Licensed

663 1209 142 28 Victuallers,
815 1207 144 28 Wellington,
964 1208 21 22 is
995 1207 44 22 this
1050 1207 43 26 day
1103 1205 111 23 dissolved
1220 1205 31 27 by

663 1236 86 23 mutual
759 1238 98 20 consent.
868 1254 4 3 .

662 1269 1 3 '
691 1263 38 22 All
764 1270 90 21 persons
886 1261 108 23 indebted
1031 1264 22 18 to
1087 1259 89 28 Wright
1207 1258 45 23 and

664 1289 81 23 Clarke
756 1299 6 4 -
769 1297 37 15 are
830 1288 117 29 requested
968 1291 24 19 to
1015 1295 45 20 pay
1084 1286 36 22 the
1143 1292 62 16 same
1228 1289 24 18 to

665 1318 90 21 Messrs.
771 1315 72 23 Waitt
856 1315 43 22 and
912 1315 80 31 Tyser,_
1011 1313 137 26 Merchants,
1169 1313 26 21 of
1206 1312 46 22 this

663 1344 64 27 place
734 1352 5 19 ;
755 1342 47 23 and
810 1342 31 22 all
856 1342 76 22 claims
941 1341 91 28 against
1044 1341 38 21 the
1092 1343 69 19 estate
1171 1347 37 15 are
1217 1346 36 15 re-

665 1370 101 27 queste.dV
776 1373 23 19 to
814 1369 29 22 be
861 1368 89 23 handed
969 1371 24 19 to
1012 1368 91 22 Messrs.
1121 1366 73 22 Waitt
1209 1366 44 22 and

664 1399 70 26 Tyser
741 1397 35 22 for
784 1395 140 29 liquidation.

987 1421 112 23 William
1112 1421 111 26 Wright,

988 1449 98 21 George
1101 1447 100 23 Clarke.

693 1477 104 28 Witness,
808 1477 76 22 Moses
893 1475 66 24 Yule.

666 1512 77 22 Dated
757 1513 24 20 at
789 1511 143 27 Wellington,
943 1510 39 22 the
998 1510 51 22 15th
1065 1508 43 28 day
1117 1508 27 23 of
1155 1508 97 27 August,

667 1541 4 33 ■_
929 1538 61 33 1842^
1169 1555 4 4 ,

823 1583 90 26 Maps,
924 1582 106 24 Charts,
1041 1582 55 24 &c,

669 1617 91 49 THE
775 1614 152 29 undersigned
940 1614 41 23 has
994 1613 167 29 just<*eceived
1176 1621 14 14 a
1198 1620 55 15 con-

743 1644 113 27 signment
874 1642 28 23 of
913 1649 65 21 maps
997 1641 47 22 and
1061 1640 73 23 charts
1152 1640 60 22 from
1230 1640 23 22 J.

669 1671 93 28 Wyld's,
786 1670 96 27 Charing
905 1669 73 27 Cross,
1004 1667 144 29 Geographer
1170 1670 23 19 to
1216 1666 38 23 the

669 1699 86 26 Queen,
766 1697 47 23 viz:
814 1708 30 5 —

697 1725 72 27 Large
780 1727 46 19 two'
832 1724 62 22 sheet
904 1729 51 21 map
965 1722 28 22 of
999 1721 55 22 New
1064 1720 107 28 Zealand,

668 1757 4 3 '
697 1752 50 22 One
757 1751 64 22 sheet
828 1757 53 21 map
891 1750 25 22 of
922 1749 58 22 New
989 1748 106 28 Zealand,

672 1792 4 6 -
697 1778 105 22 Chaffers'
820 1778 64 22 chart
899 1776 25 23 of
938 1776 83 22 Cook's
1040 1776 85 26 Straits,
1143 1774 54 22 with
1216 1773 37 23 the

662 1806 74 22 -latest
746 1805 117 27 additions,

698 1832 106 22 Chaffers'
813 1831 64 23 chart
886 1830 26 23 of
917 1830 54 22 Port
980 1829 130 27 Nicholson,

668 1867 2 3 •
697 1859 133 22 Mercator's
839 1858 63 22 chart
910 1857 26 22 of
947 1856 39 23 the
996 1856 76 27 world,
1084 1856 40 22 &c.
1134 1855 42 22 &c.
1186 1855 40 22 &c.

1028 1890 110 22 William
1153 1889 73 22 Lyon.

669 1920 86 22 Corner
764 1919 25 22 of
795 1919 152 22 Willis-street
955 1917 45 23 and
1012 1917 188 26 Lambton-quay.

728 1963 6 7 t
844 1945 57 22 June
910 1947 35 24 21,
955 1945 63 21 1842.

662 1989 101 15 .!....,-;.
795 1983 434 33 '-■'''^^-'_>6^lce'Ofl^e;^etfingtbri;
1256 1983 2 5 '
1263 1985 3 10 ;

981 2015 91 27 August
1112 2016 61 21 1842.

778 2051 129 27 Borough
922 2049 32 22 of
966 2049 180 26 Wellington.

670 2085 92 48 THE
778 2084 114 26 following
905 2082 173 26 Proclamation,
1090 2082 113 27 declaring
1218 2082 37 22 the

744 2112 69 22 Town
833 2110 25 22 of
875 2110 138 26 Wellington
1028 2114 23 17 to
1068 2109 29 22 be
1113 2111 22 19 a'
1144 2108 110 28 Borough,

669 2138 100 28 defining
786 2138 38 21 the
842 2137 68 22 limits
933 2137 95 26 thereof,
1053 2136 44 21 and
1117 2135 40 22 the
1180 2132 77 32 period

669 2165 78 22 within
757 2164 73 23 which
840 2164 75 22 claims
925 2166 23 19 to
957 2163 40 22 the
1006 2163 61 27 right
1074 2163 24 22 of
1105 2162 83 28 voting,
1200 2162 56 23 shall

668 2192 30 22 be
707 2191 128 28 registered,
845 2191 21 22 is
875 2190 119 28 published
1002 2190 37 22 for
1051 2190 91 26 general
1150 2190 107 21 informa-

669 2220 55 27 tion,
753 2219 30 27 by
812 2218 108 23 direction
949 2218 25 21 of
998 2216 36 23 his
1057 2216 138 28 Excellency
1217 2216 38 23 the

670 2246 122 22 Govemoi.

879 2272 113 22 Michael
1008 2270 111 28 Murphy,

927 2305 70 23 Chief
1008 2305 74 22 Police
1091 2305 138 27 Magistrate.

854 2360 213 22 Proclamation.

671 2396 29 27 (L
711 2396 32 26 S.)
773 2397 33 25 By
823 2395 44 21 His
877 2395 127 25 Excellency
1021 2393 111 22 William
1152 2392 104 27 Hobson,

806 2423 97 26 Esquire,
932 2422 89 26 Captain
1039 2422 22 19 in
1080 2421 47 20 Her
1145 2421 113 26 Majesty's

807 2451 68 26 Royal
884 2451 68 24 Navy,
963 2449 44 21 and
1023 2449 103 20 Governor
1140 2448 43 20 and
1199 2448 59 20 Com-

807 2478 87 21 mander
917 2478 23 20 in
961 2477 65 25 Chief
1044 2477 23 19 in
1086 2476 40 20 and
1145 2481 47 15 over
1210 2475 48 21 Her

807 2507 110 25 Majesty's
928 2505 78 26 Colony
1016 2505 23 19 in
1047 2504 51 20 New
1105 2503 100 25 Zealand,
1216 2503 43 21 and

806 2536 29 19 its
844 2533 160 27 Dependencies,
1016 2532 42 20 and
1068 2532 50 20 Vice
1123 2531 100 21 Admiral
1233 2530 28 26 qf

811 2562 35 20 the
854 2568 61 19 same,
927 2560 45 27 Sfc,
985 2560 38 28 Sfc.

666 2595 206 51 WHEREAS,
887 2595 30 27 by
933 2601 29 15 an
978 2594 126 21 Ordinance
1121 2592 93 23 enacted
1227 2592 30 28 by

764 2623 38 21 the
814 2623 115 21 Governor
940 2621 26 22 of
976 2621 58 21 New
1040 2620 105 26 Zealand,
1157 2620 54 22 with
1220 2619 38 22 the

668 2650 79 23 advice
757 2650 45 22 and
817 2653 91 19 consent
922 2649 25 21 of
959 2648 39 22 the
1014 2646 134 28 Legislative
1166 2646 93 23 Council

668 2677 94 26 thereof,
774 2677 88 22 Session
873 2678 20 25 2,
904 2675 44 22 No.
957 2677 21 25 6,
992 2674 93 22 entitled
1094 2675 35 20 An
1141 2675 118 20 Ordinance

669 2707 22 18 to
696 2705 90 26 provide
794 2705 41 25 for
847 2704 36 20 the
896 2703 155 21 establishment
1061 2703 40 20 and
1109 2702 118 26 regulation
1235 2702 28 26 of

668 2733 120 26 Municipal
799 2732 152 26 Corporations,
965 2731 20 21 it
993 2730 20 22 is
1023 2729 99 28 enacted,
1134 2729 49 22 that
1193 2736 67 20 every

670 2759 127 23 settlement
804 2759 76 21 within
889 2758 37 22 the
938 2757 92 27 Colony,
1045 2756 83 27 having
1144 2763 15 15 a
1166 2756 93 28 popula-

670 2787 47 21 tion
727 2787 26 21 of
765 2790 41 18 two
816 2785 110 23 thousand
935 2785 67 25 souls,
1015 2781 57 25 shall
1080 2783 27 23 be
1118 2791 13 14 a
1145 2782 113 28 Borough,

670 2812 47 22 and
726 2813 48 22 that
785 2813 43 21 His
838 2811 139 27 Excellency
987 2811 38 22 the
1036 2811 117 21 Governor
1161 2809 57 23 shall
1228 2810 30 22 by

670 2839 172 27 Proclamation,
854 2839 86 22 declare
950 2839 39 21 the
1000 2845 61 15 same
1070 2839 23 20 to
1099 2837 28 22 be
1133 2844 15 14 a
1154 2837 106 27 Borough

672 2866 76 22 within
755 2866 38 22 the
802 2866 106 27 meaning
919 2867 26 20 of
956 2865 38 21 the
1004 2865 48 21 said
1062 2863 135 28 Ordinance,
1214 2864 46 22 and

661 2909 2 4 .
670 2893 58 22 shall
738 2896 23 19 at
769 2893 37 22 the
817 2900 61 14 same
888 2893 60 26 time,
966 2891 55 22 with
1037 2891 37 22 the
1089 2891 78 22 advice
1185 2891 26 22 of
1220 2890 40 23 the

670 2920 124 22 Executive
827 2919 99 26 Council,
956 2918 74 22 define
1060 2917 43 23 the'
1124 2917 136 23 boundaries

669 2946 94 22 thereof.

700 2973 59 27 And,
779 2973 105 26 whereas,
903 2972 19 22 it
936 2973 19 21 is
972 2971 47 23 also
1035 2971 101 28 enacted,
1152 2971 50 23 that
1216 2971 44 23 His

670 3000 138 27 Excellency
817 2999 38 23 the
866 3000 123 25 Governor,
1000 2998 56 22 shall
1065 2999 29 26 by
1103 2998 57 23 such
1169 2998 91 23 Procla-

670 3028 84 21 mation
764 3034 24 14 as
803 3025 116 28 aforesaid,
936 3026 111 27 prescribe
1063 3032 15 14 a
1088 3025 79 28 period
1180 3025 80 23 within

670 3053 75 24 which
753 3053 30 23 all
799 3053 78 23 claims
891 3056 24 19 to
929 3053 38 21 the
980 3053 61 26 right
1055 3052 27 22 of
1091 3053 78 26 voting
1183 3055 23 19 at
1220 3052 39 22 the

670 3080 96 23 election
774 3081 26 22 of
809 3081 38 21 the
857 3080 47 22 first
913 3079 102 27 Council,
1025 3079 58 22 shall
1091 3079 28 22 be
1130 3079 74 28 made,
1214 3079 46 22 and

670 3107 57 23 shall
736 3108 91 28 appoint
836 3114 14 15 a
858 3107 26 23 fit
891 3114 80 21 person
980 3109 25 19 to
1014 3106 86 22 receive
1109 3106 57 22 such
1172 3106 85 27 claims,

670 3134 45 22 and
724 3138 23 19 to
757 3138 36 19 act
802 3142 24 15 as
835 3134 115 27 returning
964 3133 76 23 officer
1049 3136 24 18 at
1086 3133 55 23 such
1157 3133 101 23 election.

669 3161 54 22 And
733 3161 104 28 whereas,
849 3161 38 22 the
895 3161 69 22 Town
973 3161 26 21 of
1005 3160 143 27 Wellington,
1160 3160 100 22 contains

669 3196 14 14 a
691 3188 129 29 population
829 3188 27 22 of
865 3188 103 28 upwards
976 3187 27 22 of
1014 3190 43 19 two
1066 3187 110 23 thousand
1190 3187 68 23 souls.

698 3218 63 25 Now,
782 3215 117 28 therefore,
919 3215 20 27 I,
959 3215 40 21 the
1019 3215 124 26 Governor,
1164 3215 24 21 in
1207 3222 52 19 pur-

670 3249 82 15 suance
767 3242 26 22 of
809 3242 38 22 the
861 3242 126 27 provisions
1005 3242 27 21 of
1042 3246 2 5 '
1051 3241 36 22 the
1106 3241 50 23 said
1174 3241 84 23 recited

671 3269 133 28 Ordinance,
823 3269 28 22 do
864 3269 86 28 hereby
965 3269 108 28 proclaim
1083 3268 37 22 the
1129 3268 50 22 said
1188 3268 70 22 Town

670 3296 27 21 of
720 3295 141 28 Wellington,
874 3299 22 18 to
907 3295 45 23 rbe.
960 3303 14 20 a.
994 3295 109 28 Borough,
1126 3295 77 22 within
1220 3295 39 22 the

670 3323 107 27 meaning
795 3323 26 22 of
838 3318 39 26 the
891 3320 49 25 said.
950 3322 137 25 .Ordinance.
1123 3323 57 21 And
1199 3322 13 22 I
1223 3324 3 6 '
1232 3322 27 22 do

669 3349 93 28 hereby,
864 3349 37 22 the
912 3354 4 5 '
926 3349 79 22 advice
1030 3349 26 22 of
1077 3349 37 22 the
1134 3349 123 22 Executive

670 3377 101 27 Council,
782 3376 74 22 define
865 3375 52 23 and'
927 3376 89 21 declare
1033 3376 37 21 the
1083 3376 136 22 boundaries
1237 3376 26 21 of

663 3403 45 23 ,the
715 3403 49 22 said
774 3403 105 27 Borough
889 3403 25 21 of
924 3403 148 27 Wellington,
1080 3406 21 19 to
1112 3403 108 29 comprise
1228 3403 32 22 all

668 3430 65 23 lands
742 3430 78 22 within
829 3429 38 23 the
875 3430 45 21 line
931 3432 35 20 set
974 3430 68 26 forth,
1053 3431 24 21 in
1086 3430 38 23 the
1130 3430 130 28 Surveyor's

669 3457 65 27 Plan,
750 3460 24 19 at
788 3457 38 22 the
841 3457 87 22 outside
941 3457 134 22 boundaries
1089 3457 25 22 of
1131 3456 129 27 the,<public

668 3491 96 21 reserve,
771 3484 25 22 in
806 3484 38 22 the
853 3484 52 27 plan
915 3483 26 22 of
951 3483 40 22 the
1001 3486 59 20 town
1067 3484 26 21 of
1103 3484 54 21 Port
1166 3483 94 23 Nichol-

668 3518 49 20 son,
728 3511 112 28 approved
848 3511 31 27 by
888 3511 43 22 His
941 3510 138 28 Excellency
1086 3511 38 22 the
1133 3511 125 26 Governor,

668 3538 47 22 and
733 3545 24 15 so
770 3538 69 22 much
855 3538 26 22 of
891 3537 37 23 the
945 3537 99 23 harbour
1061 3545 24 14 as
1100 3538 19 21 is
1135 3535 125 29 comprised

668 3564 77 23 within
755 3572 14 15 a
777 3564 76 23 radius
862 3564 25 23 of
898 3572 68 15 seven
974 3564 66 23 miles
1049 3564 107 23 fromthe'
1167 3564 91 23 Market
1264 3568 4 15 :

670 3592 68 23 Place
746 3595 24 19 at
779 3592 147 28 PahPhpitea,
938 3591 116 23 described
1061 3592 25 21 in
1093 3591 40 23 the
1138 3592 49 21 said
1194 3591 64 22 Plan.

696 3618 55 23 And
762 3618 11 23 I
784 3618 27 23 do
818 3618 83 33 hereby
910 3618 47 23 also
967 3618 95 28 declare,
1075 3618 48 25 that
1137 3615 37 26 air
1181 3618 77 22 claims

669 3649 23 19 to
702 3646 38 22 the
748 3645 65 28 right
818 3646 26 22 of
849 3646 83 27 'voting
941 3649 23 20 at
974 3646 39 22 the
1023 3645 94 23 election
1127 3646 26 21 of
1164 3645 38 22 the
1211 3645 47 22 first

670 3672 93 23 Council
781 3673 25 22 of
821 3672 39 23 the
879 3672 107 26 Borough
1000 3673 25 22 of
1038 3672 145 29 Wellington,
1199 3671 59 23 shall

667 3700 31 22 be
711 3700 66 23 made
795 3700 77 22 before
891 3700 38 25 the
951 3700 102 23 thirtieth
1077 3699 71 27 (30th)
1172 3699 44 27 day
1236 3698 26 22 of

668 3728 98 27 August,
778 3728 67 21 1842..
867 3726 52 23 And
930 3726 46 23 Ido
987 3727 92 27 appoint
1084 3726 101 23 Michael
1194 3726 64 21 Mur-

668 3754 53 28 phy,
733 3754 100 28 Esquire,
844 3757 24 19 to
877 3753 87 23 receive
974 3752 56 24 such
1040 3753 83 28 claims,
1134 3753 47 22 and
1190 3756 22 18 to
1224 3754 47 23 act,,

668 3789 25 14 as
702 3781 116 27 returning
827 3780 75 23 officer
911 3784 23 19 at
943 3780 57 22 such
1010 3780 101 23 election.

698 3808 73 22 Given
780 3808 73 21 under
860 3815 38 20 my
907 3808 64 21 hand
984 3808 46 21 and
1044 3806 46 23 seal
1105 3806 46 23 this
1167 3808 92 26 twenty-

667 3835 48 22 first
725 3835 43 27 day
778 3835 26 22 of
815 3834 60 28 July,
887 3836 60 21 1842.

1086 3860 37 22 W.
1134 3859 98 22 Hobson

778 3895 35 28 By
821 3895 36 23 his
867 3894 159 27 Excellency's
1035 3893 124 27 command,

671 3921 2 7 1
872 3922 41 22 For
919 3921 43 22 'the
973 3921 99 22 Colonial
1082 3921 122 27 Secretary,
1270 3924 2 18 i

948 3948 51 23 Jas.
1011 3949 89 21 Stuart
1109 3947 123 23 Freeman.

820 3976 50 21 God
887 3983 54 14 save
959 3983 46 14 the
1020 3975 89 22 Queen.

1328 718 16 13 r
1444 710 89 22 Beach
1547 710 147 25 Frontage.

1281 743 114 33 rpO;BE
1409 743 87 27 SOLD,
1502 743 25 22 in
1536 743 44 22 lots
1590 741 26 23 of
1621 745 41 19 not
1669 741 45 23 less
1722 741 53 23 than
1782 743 26 21 20
1815 742 47 22 feet

1288 764 28 29 X
1334 784 3 3 ■
1360 770 30 22 in
1408 770 100 27 breadth,
1527 770 39 21 the
1585 768 71 23 whole
1675 769 27 22 of
1709 786 1 5 ,
1722 769 38 21 the
1778 768 82 23 section

1278 797 37 27 ,No
1313 812 7 9 J
1321 812 1 5 ,
1322 819 8 9 ij
1331 795 38 23 4Bs
1380 804 29 14 on
1419 796 38 22 the
1464 796 55 22 Plan
1528 797 27 22 of
1558 796 39 21 the
1606 795 69 22 Town
1685 795 27 22 of
1718 795 141 28 Wellington,

1278 819 84 31 having
1369 823 113 27 frontages
1491 830 59 21 upon
1562 822 182 27 Lambton-quay
1750 822 42 22 and
1800 829 61 20 upon

1279 849 239 28 Wellington-terrace.
1547 847 111 24 One-half
1670 850 27 20 of
1709 848 38 22 the
1756 848 106 28 purchase

1279 883 81 21 money
1366 876 46 22 will
1420 875 28 23 be
1454 875 94 23 allowed
1555 879 25 18 to
1584 875 87 22 remain
1678 882 61 19 upon
1750 878 111 23 mortgage

1279 904 35 21 for
1322 903 44 22 five
1374 910 79 20 years,,
1461 906 24 18 at
1500 904 26 20 10
1540 910 47 20 per.
1595 904 57 19 cent.
1681 901 80 22 Terms
1769 908 51 21 may

1279 929 90 23 learned
1379 937 30 14 on
1419 929 134 28 application
1564 932 23 19 to

1544 963 100 21 Hanson
1659 961 46 22 and
1719 962 114 22 Alzdorf.

1294 1017 6 14 :
1317 1026 3 5 .
1393 1008 122 25 Country
1529 1007 79 21 Land
1622 1007 43 20 for
1678 1007 70 20 Sale.

1281 1042 67 22 mO
1362 1041 40 22 BE
1416 1040 79 23 SOLD
1511 1041 36 22 IN
1562 1039 82 29 LOTS,
1660 1043 22 18 to
1700 1040 44 22 suit
1759 1040 33 22 the
1809 1047 54 14 con-

1289 1063 29 28 X
1354 1068 109 23 venience
1473 1068 25 22 of
1503 1068 139 28 purchasers.
1651 1066 45 23 No.
1703 1067 47 22 3in
1759 1066 35 23 the
1802 1070 61 19 town

1281 1095 90 27 district,
1381 1094 44 23 No.
1435 1096 29 21 44
1471 1095 25 22 in
1504 1094 39 23 the
1557 1094 61 23 Hutt
1627 1094 92 26 district,
1730 1093 45 22 and
1782 1094 43 21 No.
1836 1095 27 20 68

1280 1123 24 21 in
1314 1122 43 22 'the
1376 1121 92 22 Porirua
1487 1121 86 22 district
1580 1129 6 14 :
1597 1120 54 22 half
1661 1119 27 22 of
1703 1116 39 26 the
1757 1120 106 27 purchase

1280 1155 82 21 money
1371 1148 45 22 will
1429 1148 29 22 be
1467 1148 94 23 allowed
1575 1151 24 18 to
1607 1146 87 23 remain
1704 1154 28 14 on
1743 1150 119 24 mortgage,

1280 1179 24 19 at
1313 1177 27 20 10
1346 1182 41 21 per
1397 1178 58 19 cent.
1483 1175 45 22 For
1536 1174 138 29 particulars,
1685 1174 67 27 apply
1761 1177 21 18 to

1350 1214 5 5 -
1550 1202 99 21 Hanson
1662 1202 46 20 and
1722 1200 114 22 Alzdorf.

1300 1247 87 20 Town
1402 1247 54 20 and
1470 1247 124 25 Country
1608 1245 78 21 Land
1700 1246 28 20 to
1744 1245 32 21 be
1789 1246 58 20 Let.

1284 1279 167 51 SECTIONS
1466 1279 46 22 and
1526 1280 101 26 portions
1643 1278 26 21 of
1682 1278 98 22 Sections
1795 1278 24 21 in
1834 1277 29 23 all

1352 1309 61 25 parts
1428 1306 27 22 of
1468 1306 39 21 the
1524 1306 71 21 Town
1615 1305 26 22 of
1654 1304 143 28 Wellington,
1817 1305 46 22 also

1282 1334 99 26 Country
1390 1333 101 22 Sections
1505 1332 23 22 in
1540 1333 38 22 the
1594 1331 97 23 districts
1707 1332 26 21 of
1745 1331 35 23 the
1797 1331 66 28 Hutt,

1283 1360 38 22 the
1334 1360 87 27 Karon,
1435 1359 36 22 the
1481 1359 77 27 Ohiro,
1570 1358 46 23 and
1626 1358 39 21 the
1674 1358 99 23 Porirua.
1800 1358 63 28 Long

1283 1387 75 22 leases'
1362 1386 26 23 of
1394 1386 38 22 the
1449 1389 94 23 country
1552 1385 56 23 land
1623 1385 46 22 will
1682 1385 30 22 be
1726 1385 91 27 granted
1836 1392 27 15 on

1283 1413 130 23 reasonable
1422 1417 74 18 terms.
1525 1412 45 23 For
1578 1412 132 28 particulars
1719 1412 64 28 apply
1792 1416 23 17 to

1310 1447 98 22 Hanson
1418 1446 46 22 and
1477 1447 117 25 Alzdorf,
1603 1445 195 28 Thorndon-quay,
1809 1452 25 15 or
1843 1449 20 18 to

1309 1473 95 23 Robert
1414 1474 93 27 Stokes,
1518 1473 66 23 Land
1598 1473 112 26 Surveyor
1725 1473 45 21 and
1780 1473 83 27 Agent,

1465 1499 218 24 Woolcomb-street.

1280 1559 6 20 ;
1305 1559 7 4 -
1337 1555 67 21 Port
1416 1554 153 22 Nicholson
1583 1553 56 20 and
1647 1552 163 27 Wanganui.

1285 1587 165 52 SEVERAL
1463 1587 69 22 Town
1547 1585 47 24 and
1609 1586 100 27 Country
1728 1586 96 21 Sections
1842 1585 21 22 in

1348 1613 63 23 these
1420 1614 95 22 districts
1523 1617 24 20 to
1557 1614 28 21 be
1595 1613 49 22 sold
1653 1619 24 15 or
1693 1609 38 26 let.
1761 1613 41 22 For
1815 1619 48 21 par-

1277 1652 2 5 '
1283 1641 90 24 ticulars
1381 1640 47 23 and
1437 1644 73 24 terms,
1521 1640 68 29 apply
1598 1642 24 19 to

1587 1672 96 22 Robert
1698 1672 28 22 R.
1742 1672 96 22 Strang.

1311 1701 89 26 August
1407 1701 20 26 4,
1440 1702 60 21 1842.

1286 1746 68 49 TO
1371 1746 42 22 BE
1432 1745 80 23 SOLD
1533 1744 113 27 CHEAP,
1670 1744 54 22 with
1743 1743 120 23 immediate

1358 1773 129 27 possession;
1508 1780 13 15 a
1540 1771 118 23 well-built
1677 1771 93 22 wooden
1789 1771 74 27 house,

1284 1799 54 23 with
1347 1799 54 29 shop
1411 1799 99 27 window,
1522 1806 30 15 on
1560 1799 39 22 the
1608 1795 80 25 beach.
1715 1798 74 28 Apply
1796 1800 24 20 to

1453 1833 50 23 Mr.
1517 1833 76 27 Nbal,
1609 1832 82 22 Watch
1701 1832 84 27 Maker,

1328 1886 2 5 _
1649 1860 112 22 Lambton
1770 1860 71 26 Quay.

1303 1925 4 5 ,
1326 1898 8 6 v
1490 1905 170 21 Manewatu.
1695 1910 3 5 ■

1390 1938 84 28 SALE,
1492 1946 14 14 a
1519 1937 104 23 valuable
1639 1938 85 21 section
1742 1938 25 21 of
1776 1937 54 22 land
1846 1940 17 19 at

1287 1959 47 33 JC^i
1340 1959 155 33 ,ys)/L&nevi&ia,
1513 1964 99 24 selected
1620 1964 72 23 under
1703 1965 44 21 No.
1759 1965 21 22 of
1792 1964 71 22 choice

1286 1990 49 25 42(£
1370 1993 45 21 Mr.
1435 1992 86 27 Kettle,
1542 1992 119 26 Surveyor,
1681 1990 45 23 will
1750 1991 57 22 shew
1830 1990 33 23 the

1287 2020 94 26 ground.

1315 2047 44 21 For
1368 2049 75 23 terms,
1455 2045 67 29 apply
1533 2047 22 20 to
1566 2044 38 24 the
1613 2044 130 28 proprietor,

1660 2077 31 22 A.
1707 2077 35 21 W.
1757 2077 83 22 Shand.

1288 2128 85 21 Town
1397 2127 55 21 and
1475 2128 124 24 Country
1617 2126 78 21 Land
1715 2127 30 19 to
1766 2126 47 20 Let
1834 2131 29 15 on

1475 2155 80 26 Long
1575 2154 109 20 Leases.

1288 2181 99 50 NOS.
1404 2181 25 22 of
1445 2180 37 23 the
1500 2184 61 19 town
1580 2187 61 14 acres
1660 2187 30 14 on
1706 2179 39 22 the
1764 2180 99 26 Surveyor

1475 2207 2 6 '
1486 2206 117 24 General's
1614 2206 62 27 Plan,

1395 2237 42 20 224
1561 2234 42 22 510
1725 2234 39 21 263

1281 2271 3 5 •
1289 2262 45 22 For
1341 2261 138 29 particulars,
1490 2261 67 28 apply
1566 2265 23 18 to
1597 2282 2 6 ,

1451 2295 124 27 Wallace,
1585 2293 94 28 White,
1691 2293 46 22 and
1750 2293 113 22 Wallace.

1317 2323 54 27 May
1379 2324 34 26 31,
1425 2324 61 21 1842.

1289 2375 67 49 TO
1375 2375 39 25 BE
1434 2374 87 27 SOLD,
1536 2375 25 21 in
1575 2373 43 22 lots
1632 2375 24 19 to
1674 2373 45 22 suit
1737 2372 126 28 purchasers)

1354 2401 38 22 the
1408 2401 70 23 whole
1495 2402 26 21 of
1532 2404 60 19 town
1608 2407 50 14 acre
1673 2400 45 21 No.
1730 2401 43 25 134,
1790 2406 29 15 on
1834 2399 29 21 the

1288 2429 52 27 plan
1352 2429 24 22 of
1379 2428 37 22 the
1421 2428 67 23 Town
1495 2428 26 21 of
1524 2427 143 27 Wellington,
1673 2426 85 27 having
1762 2427 101 26 frontages

1288 2460 23 17 to
1321 2455 189 23 Taran'aki-street
1519 2455 45 22 and
1575 2454 193 27 Ingestrie-street.
1796 2453 67 22 Terms

1286 2482 85 23 liberal.
1401 2482 74 28 Apply
1485 2486 23 18 to

1626 2507 35 22 W.
1672 2507 30 22 V.
1714 2507 103 26 Brewer,

1684 2535 179 21 Manners-street

1277 2559 2 35 j
1317 2564 58 24 June
1385 2564 33 23 17,
1429 2564 60 21 1842.
1620 2577 5 5 .
1667 2584 2 5 ,

1290 2608 116 49 LAND
1421 2611 23 19 to
1452 2608 29 22 be
1492 2608 53 22 Sold
1556 2614 25 15 ov
1592 2606 42 22 Let
1647 2613 30 14 on
1692 2605 99 27 building
1803 2604 60 23 leases

1365 2635 23 21 in
1399 2635 29 22 all
1438 2639 60 24 parts
1508 2634 25 22 of
1540 2635 38 21 the
1588 2633 77 22 Town.
1695 2632 73 28 Apply
1777 2637 22 16 to

1368 2669 4 6 '
1397 2669 91 22 Messrs.
1504 2669 78 21 Evans
1597 2666 44 22 and
1655 2666 120 27 Chetham,

1594 2693 120 26 Solicitors,

1660 2719 186 28 Lambton-quay.

1319 2749 54 27 May
1382 2751 34 25 23,
1428 2751 60 20 1842.

1291 2794 170 28 Wellington
1482 2794 54 22 and
1555 2792 186 27 Wanganui—
1742 2792 88 21 Lands
1844 2792 19 19 tc

1529 2822 33 20 be
1578 2820 57 21 Let.

1293 2855 119 22 mOWN
1437 2853 211 24 ALLOTMENTS
1670 2852 26 22 in
1720 2851 30 23 all
1769 2855 60 24 parts
1853 2858 10 15 o

1298 2875 31 28 _L
1364 2881 138 28 Wellington
1519 2881 45 22 and
1574 2879 132 28 Wanganui,
1719 2879 43 22 and
1776 2879 87 26 Countrj

1292 2908 96 22 Sections
1402 2909 24 22 in
1442 2909 54 22 both
1512 2908 104 27 districts,
1631 2910 24 18 to
1669 2907 29 21 be
1712 2906 32 22 let
1753 2914 25 14 on
1796 2906 67 22 leases

1292 2935 43 22 For
1343 2935 63 28 plans
1416 2935 46 24 and
1469 2936 141 28 particutars,
1621 2933 99 28 apply-to

1623 2962 87 21 Henry
1726 2961 35 21 St.
1776 2959 71 23 Hill.

1320 2989 53 28 July
1383 2991 19 25 1,
1413 2990 61 22 1842.

1456 3035 91 21 Beach
1562 3034 148 25 Frontage.

1294 3069 64 48 TO
1372 3069 41 22 BE
1427 3069 65 27 LET,
1508 3069 72 21 beach
1590 3066 101 25 frontage
1696 3066 53 22 'lots
1759 3065 21 22 in
1789 3068 74 19 sectioi

1362 3097 43 21 490
1415 3103 29 14 on
1460 3096 38 21 the
1508 3095 56 22 Plan
1575 3093 27 22 of
1609 3093 37 22 the
1656 3093 68 22 Town
1739 3093 23 21 of
1768 3091 95 28 Welling

1291 3127 45 23 ton,
1348 3123 115 27 adjoining
1472 3123 43 22 Mr.
1524 3121 90 23 Taine's
1621 3123 68 24 store;
1705 3119 45 22 and
1759 3120 21 21 in
1790 3118 73 22 sectioi

1291 3151 46 26 616,
1345 3150 101 22 between
1454 3150 75 27 Major
1536 3147 93 24 Baker's
1638 3153 46 15 ana
1691 3147 45 21 Mr.
1745 3145 118 23 Swainson'i

1290 3176 87 23 houses.
1613 3187 5 4 -
1839 3184 7 4 -

1318 3203 54 22 Also
1382 3203 38 22 the
1428 3203 115 27 following
1552 3203 97 21 sections
1659 3207 29 15 on
1698 3200 38 22 the
1743 3200 54 21 Plan
1805 3200 26 21 of
1837 3200 26 20 thi

1291 3230 75 27 Town,
1376 3230 37 22 viz
1418 3238 5 14 :
1425 3242 28 4 —
1638 3248 4 9 ,

1392 3258 27 21 55
1556 3255 42 22 319
1747 3254 38 20 922

1345 3291 2 4 ■
1380 3285 41 21 240
1557 3283 41 23 718
1648 3284 4 11 '
1667 3286 4 8 '
1736 3281 49 21 1079

1317 3310 76 28 Apply
1406 3314 24 19 to

1466 3338 27 21 E.
1508 3337 22 22 J.
1546 3335 151 26 Wakefield,
1713 3341 25 15 or

1437 3373 4 4 •
1465 3364 37 21 W.
1517 3363 29 22 V.
1561 3362 108 26 Brewer,
1685 3362 178 21 Manners-street

1291 3410 122 26 Country
1427 3409 124 22 Sections
1571 3406 43 21 for
1632 3406 63 21 Sale
1716 3411 35 15 on
1768 3404 49 22 Lib
1820 3410 43 15 era

1535 3436 102 20 Terms.

1293 3467 162 51 SEVERAL
1491 3467 102 23 Sections
1620 3465 28 22 of
1678 3465 97 26 Country
1802 3462 61 23 Land

1355 3495 91 28 already
1456 3495 83 22 chosen
1548 3495 25 21 in
1583 3492 38 22 the
1633 3492 95 22 Porirua
1742 3490 88 27 district,
1842 3490 21 21 fo:

1291 3522 57 27 Sale,
1359 3529 75 15 terms
1444 3529 106 15 liberal.
1580 3519 76 28 Apply
1664 3522 24 18 to

1386 3556 25 22 F.
1426 3556 29 21 A.
1469 3555 78 24 Moles
1547 3555 94 24 Worth,
1658 3551 183 28 Murphy-street,
1851 3558 12 14 o:

1387 3582 33 22 W.
1435 3580 38 25 V.'
1479 3582 108 24 Brewer,
1599 3579 191 22 Manners-street.
1813 3580 2 5 '

1411 3627 174 26 Wellington
1599 3623 164 27 Almanack.,

1290 3660 50 51 IT
1347 3660 41 23 has
1397 3661 56 22 been
1465 3658 111 27 arranged
1585 3660 23 19 to
1617 3653 62 25 issue'
1686 3664 14 14 a
1714 3656 83 22 Pocket
1810 3655 44 23 and
1862 3663 2 15 i

1317 3690 3 21 ;
1347 3688 68 23 Sheet
1425 3687 127 22 Almanack
1561 3685 35 22 for
1605 3685 60 26 1843,
1677 3683 57 22 from
1744 3683 34 22 the
1790 3684 73 20 Gazett

1291 3715 77 22 Office.
1397 3715 94 22 Persons
1506 3713 70 27 being
1588 3718 27 14 m
1620 3710 126 28 possession
1754 3711 24 21 of
1790 3718 45 19 any
1844 3711 19 22 in

1290 3742 126 22 formation,
1421 3741 73 22 which
1503 3740 56 23 they
1568 3737 64 23 think
1641 3737 71 27 likely
1722 3740 21 18 to
1753 3737 43 22 add
1805 3740 24 19 to
1840 3737 23 22 thi

1291 3769 117 22 attraction
1416 3768 28 26 of,
1449 3768 38 22 the
1496 3766 63 23 work
1568 3765 25 22 in
1608 3764 109 28 question,
1729 3771 33 15 are
1776 3765 87 22 solicite<

1291 3798 23 19 to
1324 3794 86 23 furnish
1419 3795 38 21 the
1467 3801 61 16 same
1539 3797 23 18 to
1573 3791 38 22 the
1620 3792 85 20 Gazette
1712 3791 73 27 Office,
1795 3791 35 22 for
1839 3792 24 21 thi

1290 3830 41 15 use
1341 3822 22 22 of.
1372 3822 38 22 the
1420 3821 77 22 Editor
1506 3820 27 22 of
1540 3828 14 15 a
1562 3819 61 22 work
1632 3818 81 27 which,
1722 3818 20 21 if
1747 3818 48 23 well
1804 3818 59 22 store<

1290 3850 53 21 with
1352 3849 58 22 local
1427 3851 87 24 matter,
1524 3848 85 22 cannot
1618 3846 39 22 fail
1672 3848 23 19 to
1712 3852 60 15 serve
1782 3845 38 22 the
1829 3845 34 22 bes

1291 3876 104 23 interests
1405 3875 25 23 of
1439 3875 38 23 the
1485 3874 136 23 settlement.
1759 3886 4 2 -
1791 3881 3 6 '

1321 3910 86 20 Gazette
1416 3907 79 28 Office,
1505 3907 57 28 July
1571 3907 34 25 30,
1618 3906 61 22 1842.

1291 3949 94 55 JUSiT
1399 3952 134 28 OPENED,
1540 3951 45 24 and
1596 3958 28 15 on
1635 3949 51 23 Sale
1696 3953 24 19 at
1729 3949 33 23 the
1774 3949 70 23 Oflftce
1855 3957 8 15 o

1355 3982 44 22 tibis
1410 3982 78 26 Paper,
1498 3979 40 23 ink
1548 3978 77 23 stands
1635 3978 27 21 of
1668 3978 87 21 vaWous
1764 3977 63 22 sixes.

2075 709 44 21 Ex
2343 708 27 24 Jk

1893 740 89 50 FOR
1996 740 78 23 SALE
2088 740 31 27 by
2127 741 39 22 the
2174 741 158 29 undersigned,
2342 744 38 21 the
2394 743 85 23 follow-

1964 767 40 28 ing
2013 767 96 28 goods-

1920 798 70 22 Black
1999 801 36 20 tea
2044 799 24 22 in
2078 802 88 24 quarter
2175 798 80 28 chests,

1921 824 80 28 Coffee,
2307 824 3 5 '
2349 842 2 5 .

1921 851 76 27 Sugar,

1889 882 4 17 '.
1917 878 82 26 ,Porter
2006 878 24 22 in
2038 878 132 28 hogsheads,
2389 891 3 5 •
2423 882 26 21 [[.

1889 911 6 4 ■
1921 904 22 22 A
1962 905 100 27 quantity
2078 905 25 22 of
2118 908 67 19 cattle
2203 906 92 28 fittings,
2317 907 121 27 consisting
2458 908 25 21 of

1892 930 85 28 planks,
1989 932 117 27 scantling,
2117 939 69 21 spars,
2195 932 41 23 &c.

2277 967 27 21 C.
2319 967 33 21 M.
2367 967 87 22 Evans.
2487 985 6 8 „

1922 991 89 27 August
2023 993 20 26 8,
2054 993 60 21 1842.
2382 1001 106 27 _______'
2498 1002 3 16 :

1997 1035 86 28 SALE,
2093 1036 30 27 by
2135 1036 37 22 the
2182 1037 178 27 undersigned—
2377 1052 8 5 ,

1923 1089 102 27 Superior
2034 1092 52 24 port
2095 1089 45 22 and
2150 1089 78 28 sherry
2236 1090 24 22 in
2272 1098 66 20 cases,

1923 1115 144 28 Champagne
2077 1117 23 21 in
2111 1117 63 27 ditto,

1924 1142 91 27 Brandy
2022 1143 26 21 in
2057 1146 91 24 quarter
2157 1143 71 28 casks,

1923 1169 46 22 Gin
1976 1169 25 22 in
2011 1168 65 23 hhds.

2152 1197 5 15 1
2219 1197 27 22 T.
2259 1197 34 22 M.
2310 1198 143 23 Partridge.

1895 1221 83 23 March
1987 1223 35 26 25,
2033 1223 62 21 1842.

1896 1267 73 49 ON
1984 1267 114 23 SALE.—
2100 1268 53 22 Best
2163 1268 112 22 Hollands
2283 1269 25 21 in
2316 1269 50 22 half
2373 1277 68 14 cases.

2218 1296 26 21 T.
2259 1296 34 22 M.
2312 1296 144 22 Partridge.

1924 1321 165 22 Farish-street.

1896 1366 201 48 JSUTTON
2119 1366 20 22 is
2157 1374 51 14 now
2231 1366 107 27 prepared
2356 1371 22 18 to
2397 1368 86 27 supply,

1937 1404 10 10 ■
1977 1393 125 27 wholesale,
2112 1393 38 22 the
2164 1393 120 28 profession
2296 1394 26 21 of
2328 1393 54 23 Port
2391 1394 92 22 Nichol-

1896 1426 48 19 son,
1955 1419 93 27 Nelson,
2065 1420 129 27 Auckland,
2210 1420 45 22 and
2273 1420 38 22 the
2330 1420 63 22 other
2408 1421 76 22 settle-

1895 1449 74 19 ments
1979 1446 26 22 of
2018 1446 56 22 New
2090 1447 106 26 Zealand,
2206 1446 53 23 with
2272 1447 73 27 drugs,
2357 1447 126 28 chemicals,

1898 1473 73 28 stop'd
1987 1473 87 28 bottles,
2090 1477 54 24 pots,
2162 1474 41 22 &c.
2218 1474 48 26 &c,
2281 1474 45 22 and
2344 1481 59 21 upon
2422 1482 61 15 more

1897 1500 165 27 advantageous
2071 1504 68 18 terms
2149 1500 55 22 than
2214 1501 36 21 the
2261 1501 91 27 Sydney
2360 1501 105 23 markets.

1924 1534 21 21 A
1954 1535 125 26 respectable
2086 1536 64 25 youth
2160 1535 84 21 wanted
2250 1541 25 14 as
2284 1541 28 14 an
2321 1535 136 27 Apprentice.

1898 1568 99 23 Medical
2006 1569 63 28 Hall,
2080 1569 143 28 Wellington,
2231 1569 60 22 June
2302 1571 33 25 10,
2346 1571 62 21 1842.

1935 1614 57 21 UST
2004 1613 161 23 RECEIVED
2175 1616 24 19 at
2206 1613 38 23 the
2252 1614 71 23 Office
2329 1614 27 21 of
2360 1614 38 22 the
2410 1613 75 24 '/New

1961 1640 99 22 Zealand
2199 1648 14 15 a
2222 1640 43 23 few
2279 1641 73 32 copies
2361 1641 27 22 of
2394 1640 39 23 the
2442 1642 42 21 fol-

1897 1666 83 28 lowing
1992 1666 79 28 works,
2084 1667 25 22 of
2116 1667 45 22 last
2168 1668 74 26 year's
2250 1668 142 27 publication,
2403 1668 45 22 and
2461 1670 24 21 in

1898 1694 112 22 excellent
2020 1694 111 21 condition
2139 1702 35 14 :—

1926 1726 47 22 The
1988 1726 100 22 Poetical
2100 1726 82 22 Works
2199 1726 26 22 of
2239 1726 89 27 Milton,
2338 1727 54 21 with
2407 1734 15 15 a
2439 1735 47 14 me-

1869 1754 2 4 1
1899 1753 63 27 moir,
1982 1753 43 21 and
2048 1759 68 15 seven
2140 1753 191 23 embellishments
2353 1753 31 28 by
2403 1754 81 27 Fuseli,

1899 1779 99 28 Westall,
2023 1780 46 21 and
2091 1780 94 22 Martin.
2232 1780 63 27 Also,
2319 1787 29 15 an
2375 1781 112 22 excellent

1899 1806 93 27 portrait
2011 1806 26 22 of
2053 1806 89 28 Milton,
2165 1806 114 27 engraved
2291 1807 30 28 by
2335 1807 22 22 J.
2378 1807 108 28 Cochran,

1898 1833 59 22 from
1967 1840 14 14 a
1989 1833 125 27 miniature,
2125 1833 119 28 originally
2251 1834 25 22 in
2287 1834 37 22 the
2331 1835 123 26 possession
2465 1835 26 21 of

1900 1860 77 22 Oliver
1983 1860 123 22 Cromwell.
2136 1861 12 22 I
2159 1860 45 22 vol.
2211 1863 56 24 Bvo.,
2275 1861 77 21 bound
2361 1861 24 21 in
2392 1861 68 22 cloth.

1928 1893 50 23 Life
1994 1894 31 21 of
2036 1893 37 23 the
2090 1894 67 22 Duke
2174 1894 25 21 of
2211 1894 146 27 Wellington,
2378 1896 110 26 compiled

1899 1920 60 23 from
1982 1920 33 23 his
2040 1920 91 23 Grace's
2154 1921 146 28 Despatches,
2324 1922 118 26 published
2464 1922 23 21 in

1869 1945 2 14 :
1901 1949 60 25 1840,
1973 1948 30 26 by
2014 1948 88 27 George
2111 1948 80 26 Soane,
2203 1948 57 22 A.B.
2288 1950 16 20 2
2311 1948 54 23 vols.
2375 1948 60 23 cloth
2443 1949 45 22 and

1870 1981 3 25 ;;
1900 1974 100 22 lettered.
2035 1982 6 4 •

1927 2008 48 22 The
1984 2008 64 27 Holy
2057 2008 71 27 Bible,
2139 2008 128 27 containing
2277 2008 37 22 the
2323 2008 45 22 Old
2377 2008 45 22 and
2433 2009 55 22 New

1900 2035 146 26 Testaments,
2072 2035 53 21 with
2147 2039 72 24 notes,
2239 2035 31 27 by
2293 2035 37 22 the
2349 2035 57 22 Rev.
2427 2036 60 22 John

1902 2062 88 22 Hobart
2003 2063 104 26 Caunter,
2124 2062 61 27 8.C.,
2202 2061 79 23 author
2296 2062 25 22 of
2327 2061 37 23 the
2409 2063 79 28 Poetry

1869 2108 2 4 .
1901 2089 27 22 of
1937 2089 38 21 the
2163 2089 46 21 and
2219 2089 145 22 embellished
2373 2089 55 22 with
2439 2091 51 21 four

1869 2133 2 12 l
1901 2123 63 20 maps
1979 2116 44 22 and
2037 2117 42 20 144
2091 2116 143 27 engravings,
2252 2116 59 22 from
2329 2116 114 27 paintings
2460 2117 30 27 by

1901 2142 93 22 Westall
2003 2142 47 22 and
2059 2143 91 27 Martin,
2163 2145 48 19 Svo.
2222 2142 68 22 cloth.

1929 2176 47 23 The
1986 2176 132 28 Beginner's
2129 2176 89 23 French
2233 2176 71 28 Book,
2316 2176 44 23 and
2373 2176 38 23 the
2422 2178 68 22 Scho-

1901 2202 53 23 lar's
1972 2202 86 23 French
2076 2203 68 27 Book,
2163 2204 29 26 by
2203 2204 62 21 Rene
2284 2204 73 27 Aliva,
2370 2204 80 23 author
2467 2205 26 21 of

1902 2230 38 22 the
1974 2230 167 28 Anti-Spelling

1930 2263 144 22 Montacute:
2090 2270 24 14 or
2125 2270 13 14 a
2147 2263 57 22 New
2220 2263 66 22 horne
2288 2275 28 3 —
2317 2263 73 22 who'll
2403 2263 87 23 follow?

1870 2291 8 24 ,'
1902 2289 36 28 By
1946 2290 55 22 Mrs.
2012 2290 67 27 Mary
2089 2290 98 22 Clavers.
2216 2292 14 20 2
2236 2290 53 22 vols.
2301 2293 48 19 Svo.

1930 2324 111 27 Scripture
2056 2324 134 28 Biography,
2206 2324 34 22 for
2251 2324 37 22 the
2304 2324 89 28 Young,
2406 2325 84 22 embel-

1902 2350 72 23 lished
1983 2351 54 22 with
2045 2351 78 27 plates.

1870 2388 1 26 [
1930 2384 111 28 Voyages,
2053 2385 148 26 Adventures,
2219 2385 45 21 and
2278 2385 97 27 Escapes
2389 2386 27 21 of
2429 2387 61 26 Capt.

1870 2415 2 24 \
1903 2411 100 23 Richard
2011 2411 117 26 Falconer,
2139 2411 87 23 written
2235 2412 31 27 by
2274 2411 97 28 himself,
2383 2414 11 20 1
2406 2413 44 21 vol.

1870 2437 2 11 '
1931 2438 96 22 Fisher's
2037 2438 104 22 Juvenile
2152 2439 68 24 Scrap
2230 2435 72 32 Book,
2312 2439 35 21 for
2355 2441 60 20 1842.

1931 2465 49 23 Life
2000 2465 46 22 and
2064 2465 73 27 Reign
2156 2465 26 22 of
2198 2465 96 23 William
2307 2465 38 23 the
2361 2467 90 27 Fourth,
2462 2467 29 27 by

1903 2491 38 23 the
1951 2493 56 21 Rev.
2020 2493 28 21 G.
2059 2493 29 21 N.
2100 2492 96 28 Wright,
2207 2493 73 26 M.A.,
2291 2495 14 20 2
2314 2493 55 22 vols.

1931 2519 51 22 Life
1990 2519 44 22 and
2044 2519 134 28 Campaigns
2190 2519 27 22 of
2227 2519 37 22 the
2274 2520 68 22 Duke
2351 2520 26 22 of
2384 2519 107 29 Welling-

1904 2550 45 23 ton,
1959 2547 30 26 by
1998 2546 39 22 the
2048 2554 60 14 same
2117 2546 98 22 Author.
2241 2548 15 20 4
2265 2547 56 22 vols.

1932 2574 49 21 Life
1995 2573 46 22 and
2055 2573 95 22 services
2167 2573 27 22 of
2207 2573 94 22 Horatio
2315 2573 109 23 Viscount
2441 2574 52 22 Nel-

1870 2612 4 14 s
1904 2608 48 19 son,
1971 2601 56 21 from
2041 2600 36 22 his
2093 2600 121 28 lordship's
2232 2601 153 28 manuscripts,
2408 2601 30 28 by
2456 2602 37 21 the

1905 2628 56 22 Rev.
1973 2627 55 27 J^.
2040 2627 86 26 Clarke,
2137 2627 90 28 F.R.S.,
2238 2627 46 22 and
2295 2627 59 22 John
2365 2628 127 27 M'Arthur,

1905 2655 59 27 Esq.,
1975 2654 88 22 L.L.D.
2091 2656 13 19 3
2115 2654 55 22 vols.

1931 2681 49 22 The
1997 2681 81 27 Rhine,
2089 2681 67 28 Italy,
2167 2681 47 22 and
2230 2681 86 22 Greece
2325 2681 134 28 illustrated,
2469 2681 24 22 in

1905 2716 14 14 a
1929 2709 67 21 series
2006 2708 25 21 of
2039 2707 111 28 drawings
2166 2708 58 21 from
2238 2711 88 25 nature,
2337 2708 54 22 with
2406 2708 88 23 histori-

1906 2735 34 22 cal
1951 2736 45 21 and
2005 2735 123 27 legendary
2137 2735 153 27 descriptions.

1934 2762 156 27 Shakspeare's
2100 2762 117 22 Dramatic
2227 2762 87 27 Works,
2325 2762 54 22 with
2389 2762 78 27 plates.
2483 2764 10 19 1

1870 2796 4 15 >
1906 2789 44 22 vol.

1933 2816 145 21 Buchanan's
2086 2815 86 28 history
2183 2816 26 21 of
2216 2815 113 22 Scotland.
2358 2818 10 20 1
2380 2815 45 22 vol.

1870 2851 8 21 f
1935 2843 92 27 History
2038 2843 26 21 of
2076 2843 109 26 England,
2197 2846 23 18 to
2235 2843 37 21 the
2289 2842 65 23 death
2370 2843 26 21 of
2408 2843 86 26 George

1870 2886 6 17 j
1907 2870 37 21 the
1956 2869 94 27 Second,
2060 2870 31 27 by
2101 2870 78 21 Oliver
2189 2869 137 28 Goldsmith,*
2343 2869 122 22 continued
2473 2874 21 17 to

1906 2896 37 23 the
1955 2896 127 22 coronation
2091 2896 28 22 of
2132 2897 80 24 Queen
2222 2896 106 27 Victoria,
2345 2896 30 27 by
2385 2896 38 21 the
2440 2897 53 21 Rev.

1908 2924 28 22 G.
1948 2924 30 21 N.
1989 2923 99 28 Wright,
2097 2923 66 22 M.A.

1933 2950 110 27 Wesley's
2059 2951 118 25 -Sermons,
2196 2949 53 22 with
2268 2956 13 15 a
2300 2949 99 27 memoir,
2424 2950 30 27 by
2473 2950 20 21 S.

1905 2978 75 26 Drew,
1994 2977 66 22 M.A.

1934 3004 98 22 Memoir
2041 3004 27 21 of
2074 3004 56 21 Rev.
2140 3003 109 22 Rowland
2264 3003 55 27 Hill,
2330 3003 30 27 by
2370 3003 36 22 W.
2418 3003 75 27 Jones,

1906 3030 89 23 Author
2018 3030 28 21 of
2090 3030 170 27 Testamentary
2284 3030 115 27 Counsels,
2451 3032 43 20 2nd

1870 3072 6 14 j
1907 3058 90 22 edition.
2026 3058 10 21 1
2050 3057 43 22 vol.
2326 3067 11 9 «•

1935 3083 121 29 Magnall's
2066 3083 121 25 Questions
2192 3091 7 19 ;
2213 3083 104 28 pictorial
2327 3083 91 23 edition.

1870 3126 5 14 !
1934 3110 104 23 Barton's
2048 3110 84 30 Gospel
2139 3111 88 27 history
2234 3110 26 22 of
2266 3110 81 23 Christ.
2377 3111 65 22 Ivol.

1870 3153 6 14 a
1933 3138 47 21 The
1991 3138 79 22 Easter
2080 3135 55 29 Gift,
2146 3137 30 28 by
2186 3137 84 23 L.E.L.
2301 3140 11 19 1
2323 3138 43 21 vol.

1933 3164 48 22 The
1992 3164 101 23 Parents'
2103 3164 90 27 Friend,
2201 3164 31 28 by
2238 3164 64 23 John
2311 3164 108 27 Morison,
2427 3165 67 27 D.D.,

1870 3206 6 14 B
1907 3191 88 23 Author
2003 3192 26 21 of
2041 3190 15 24 V
2063 3191 107 22 Counsels
2179 3195 23 18 to
2212 3199 14 14 a
2237 3191 180 28 newly-wedded

1928 3218 118 28 -Scripture
2050 3216 106 30 -History
2170 3218 37 23 for
2222 3218 85 23 Youth.
2335 3220 14 21 2
2364 3219 65 27 vols.,
2444 3218 51 23 with

1907 3253 62 20 maps
1979 3245 46 22 and
2034 3244 76 29 plates.

1934 3272 47 22 The
2001 3272 97 22 Women
2117 3272 24 21 of
2158 3272 111 27 England,
2290 3272 57 22 their
2367 3272 74 23 Social
2455 3272 40 22 and

1908 3299 114 22 Domestic
2036 3298 88 28 Duties,
2140 3299 36 27 by.
2182 3299 56 22 Mrs.
2255 3299 68 28 Ellis;
2340 3299 52 22 15th
2407 3299 87 22 edition.

1908 3328 11 21 1
1930 3326 43 22 vol.

1870 3367 5 15 :#
1935 3354 102 21 Summer
2046 3353 51 22 .and
2105 3352 88 23 Winter
2209 3354 23 21 in
2246 3352 40 23 the
2295 3353 118 27 Pyrenees,
2423 3352 30 28 by
2459 3352 36 22 tho

1870 3391 6 3 -
1908 3387 60 16 same
1978 3380 96 22 Author.
2103 3381 13 21 1
2126 3380 45 22 vol.

1870 3404 5 21 1
1936 3406 138 23 Goldsmiths
2083 3406 84 28 history
2178 3406 25 22 of
2211 3407 36 22 the
2258 3407 70 22 earth.
2354 3408 16 20 4
2378 3406 57 22 vols.

1935 3434 108 22 Burder's
2051 3434 89 28 Village
2151 3435 111 22 Sermons.
2292 3434 12 21 I
2314 3432 43 23 vol.
2382 3441 3 5 '
2396 3440 3 6 •

1870 3479 4 11 ,
1935 3460 91 23 Wood's
2035 3461 133 27 Dictionary
2178 3461 28 22 of
2212 3461 37 22 the
2258 3460 72 23 Bible.
2357 3462 15 20 2
2380 3458 58 23 vols.

1870 3497 6 14 r
1936 3488 92 22 Smith's
2038 3488 112 28 Mecanic,
2161 3490 14 20 2
2184 3488 54 22 vols.

1935 3514 47 23 The
1992 3515 65 22 Book
2069 3516 24 21 of
2105 3516 111 21 Common
2226 3515 88 26 Prayer,
2324 3512 132 23 illustrated.

1870 3558 6 14 r
1935 3541 146 23 Fleetwood's
2090 3542 40 22 life
2140 3542 26 21 of
2172 3542 80 21 Christ.

1936 3568 67 23 Fox's
2013 3569 113 22 Christain
2135 3568 162 28 Martyrology.

1935 3596 48 22 The
1994 3596 72 22 whole
2076 3596 55 28 duty
2141 3596 25 22 of
2174 3596 63 26 Man,
2252 3594 31 27 by
2292 3594 42 24 the.
2340 3594 56 22 Rev.
2408 3593 87 23 Charles

1909 3624 123 28 Atmore,,,,
2042 3646 4 4 .

1870 3663 9 15 a
1936 3650 132 22 Morrisbn's
2077 3649 87 27 Family
2174 3648 102 28 Prayers.

1870 3690 9 14 c
1936 3677 118 28 Bunyan's
2071 3676 114 28 Pilgrim's
2200 3676 110 26 Progress,
2327 3674 133 28 beautifully
2474 3674 23 23 il-

1870 3723 8 4 _
1909 3704 114 22 lustrated.

1870 3745 7 14 c
1902 3743 2 6 •
1937 3730 113 23 Sermon's
2058 3730 31 27 by
2097 3728 61 23 Blair
2167 3728 46 22 and
2223 3727 135 22 Whitefield.

1870 3765 7 21 &
1936 3757 115 23 Buchan's
2060 3756 115 23 Domestic
2185 3754 123 23 Medicine.
2382 3752 3 14 !

1870 3799 7 14 c*e
1874 3791 7 5 *
1937 3784 111 22 Walker's
2058 3782 157 27 Pronouncing
2225 3782 136 26 Dictionary,

1870 3818 9 22 d
1903 3831 3 7 ,
1938 3812 135 22 Jamieson's
2078 3810 132 26 Dictionary
2218 3809 24 21 of
2245 3808 143 23 Mechanical
2400 3809 98 28 Science,.

1870 3849 9 18 ,t
1909 3839 61 26 Arts,
1982 3837 175 25 Manufactures,
2169 3835 41 22 &c.
2237 3837 15 20 2
2262 3836 62 25 vols.,
2335 3837 45 21 4to.

1903 3866 2 6 '
1938 3863 173 28 Encyclopaedia
2120 3862 128 23 Edinensis.
2276 3864 14 20 G
2300 3862 54 23 vols.
2397 3862 3 7 '
2465 3862 4 8 '

1938 3890 191 28 Drawing-Room
2140 3889 68 28 Scrap
2220 3887 62 24 Book
2290 3890 36 21 for
2335 3891 62 21 1842.
2460 3897 2 6 '
2491 3892 2 6 '

1940 3918 99 22 Mathew
2050 3916 73 23 Wald.
2288 3928 2 6 ■
2298 3935 6 9 r
2430 3924 4 7 '
2444 3924 11 17 :•,
2472 3928 6 9 j
2491 3925 3 10 <

1870 3949 11 22 if
1940 3945 83 22 Close's
2032 3944 88 27 Family
2129 3943 91 27 Prayer.
2423 3959 4 6 ,v.,
2431 3962 5 9 v
2438 3956 5 7 .

1943 3972 72 25 Guy's
2025 3970 99 27 Spelling
2135 3970 79 27 Books,
2226 3970 40 22 &c.
2275 3970 40 22 &c.
2326 3970 40 22 &c.
