2550 4050
1913 138 111 24 Harbour
2037 139 160 32 Regulations,
2211 142 46 25 IV.
2271 142 126 25 Penalties.
2427 145 79 27 There.
2512 150 4 24 I

1913 179 37 16 are
1962 172 121 31 assuredly
2093 173 43 23 few
2147 182 65 16 more
2229 175 125 32 important
2364 176 54 24 bills
2428 178 70 27 which
2518 190 3 8 •

1914 212 42 16 can
1966 212 55 23 pass
2041 205 50 26 the.
2099 205 142 32 Legislative
2263 208 97 24 Council
2380 209 55 24 than
2452 211 46 27 that

1913 236 108 33 affecting
2041 246 41 16 our
2101 238 117 33 shipping,
2238 241 46 24 and
2299 249 34 16 we
2351 242 59 24 have
2422 250 76 18 conse-

1915 271 92 30 quently
2019 279 60 23 gone
2096 280 52 15 over
2166 273 41 23 the
2226 275 122 23 ordinance
2366 275 55 24 with
2439 283 60 25 great

1914 311 58 16 care.
2009 304 32 24 In
2052 306 73 23 virtue
2138 306 25 23 of
2179 306 40 23 the
2229 315 87 22 powers
2331 308 81 24 vested
2429 309 25 23 in
2463 310 34 25 his

1914 336 142 33 Excellency
2068 338 38 24 the
2119 339 121 24 Governor
2256 340 31 31 by
2299 341 39 24 the
2356 341 70 24 above
2440 343 58 24 ordi-

1915 377 80 21 nance,
2019 379 15 14 a
2054 372 96 23 number
2171 372 34 24 of-
2219 372 62 24 rules
2299 374 46 23 and
2364 375 139 30 regulation?

1913 410 59 16 were
1983 402 79 25 drawn
2073 412 30 23 up
2116 405 43 23 and
2171 405 122 31 published
2308 407 32 23 in.
2346 407 39 24 the
2399 402 109 31 Govern-

1915 440 62 19 ment
1990 436 103 30 Gazette,
2106 438 25 23 of
2146 438 52 24 date
2210 438 59 25 June
2283 441 38 27 13,
2334 441 75 23 1842.

1910 480 17 12 r
1926 483 5 16 :
1948 469 78 23 These
2037 470 140 31 regulations
2194 480 38 16 are
2250 480 34 16 we
2296 472 69 24 think
2375 481 63 16 more
2448 474 52 27 than

1915 510 13 15 a
1939 509 63 16 mere
2019 504 120 23 extension
2159 504 27 23 of
2202 505 37 23 the
2260 505 98 32 original
2376 506 123 33 ordinance,

1905 534 54 24 -and
1967 543 59 15 were
2032 537 32 21 -in
2077 537 29 23 all
2117 537 138 32 probability
2265 538 95 25 framed-
2368 543 26 20 to
2409 540 91 25 suirthe

1914 572 71 19 wants
1998 569 26 22 of
2039 569 39 24 the
2087 569 147 26 Waitemata.
2270 571 37 31 By
2318 571 108 25 schedule
2434 573 66 25 Awe

1904 596 104 29 Wserve
2021 602 51 24 that
2082 603 37 23 the
2131 603 74 24 Rates
2218 603 26 24 of
2258 597 180 39 Pile'ta'gei-to'be
2449 607 50 30 paid

1913 635 130 36 byjvessels
2055 636 104 31 entering
2178 644 46 24 any
2235 637 26 24 of
2275 637 38 24 the
2329 638 71 24 Ports
2416 638 84 26 therein

2081 676 46 17 are,
2132 666 69 27 fixed'
2207 667 124 39 pnlyyith'
2336 666 83 37 regard
2429 676 24 20 to
2465 673 35 24 the
2508 671 5 25 .'

1913 701 147 29 Waitemata,
2073 702 45 23 and
2137 697 167 37 consequently,
2311 704 67 24 those
2388 704 35 24 for
2439 705 61 25 Wel-

1915 734 89 31 lington
2024 735 49 24 still
2094 737 91 30 require
2206 741 22 19 to
2250 734 39 27 b'e<
2301 737 146 30 determined,
2463 747 35 16 on.

1913 767 44 24 We
1969 768 68 23 think
2049 768 63 25 there
2124 777 38 16 are
2174 770 87 31 parties
2270 771 24 22 in
2303 770 59 24 Port
2369 770 131 32 Nicholson,

1914 800 44 24 and
1969 801 55 23 with
2035 802 75 23 whom
2129 810 41 16 our
2185 803 116 24 -Harbour
2319 803 92 25 Master
2427 805 72 24 would

1914 832 32 24 no'
1953 833 73 24 boubt
2035 835 31 23 be
2077 835 52 31 glad
2141 840 22 19 to
2183 837 179 29 communicate^
2369 837 51 24 who
2437 838 63 25 could

1913 868 95 29 Suggest
2019 868 131 35 something
2160 862 147 42 vaiuable'.jin
2324 870 117 24 reference
2454 875 23 19 to
2488 880 25 17 a.

1913 900 52 24 few-
1976 901 26 23 of
2016 901 41 23 the
2075 901 95 30 clauses,
2185 895 102 41 '.of/t&isj
2299 907 46 22 act,
2346 899 34 28 'of
2395 903 102 26 Council.
2517 919 3 9 ,

1914 932 50 25 The
1995 933 110 32 distance;
2118 934 25 24 of
2153 955 2 6 ,
2162 935 60 24 Port
2234 936 128 24 Nicholson
2384 936 60 24 from
2464 937 36 25 the

1913 966 146 31 Waitemata,
2075 968 38 23 the
2131 972 51 20 seat
2199 969 26 23 of
2240 969 165 29 Government,
2422 971 78 24 should

1912 1004 40 20 not
1962 1000 28 24 be
2002 1000 47 24 lost
2059 1001 61 32 sight
2131 1002 26 23 of
2172 1009 27 16 so
2212 1002 144 27 that'should,
2365 1011 45 23 any
2428 1004 72 24 clause

1912 1035 88 29 require
2011 1035 85 23 revisal
2106 1035 130 30 the^sqoner
2247 1037 19 22 it
2276 1037 20 22 is
2305 1036 59 23 done
2376 1037 38 22 the
2421 1037 77 24 better.
2510 1037 11 14 J

1912 1066 43 24 We
1974 1067 45 24 feel
2041 1068 102 24 satisfied
2164 1068 53 24 that
2237 1077 42 16 one
2288 1078 38 15 ■or
2349 1073 44 20 two
2417 1070 25 22 of
2464 1070 36 24 the

1913 1100 87 24 clauses
2011 1101 26 23 in
2048 1101 81 31 regard
2142 1107 21 18 to
2176 1106 97 20 masters
2286 1103 24 23 of
2324 1103 89 23 vessels
2430 1104 71 23 would

1913 1133 49 24 well
1974 1134 54 23 bear
2040 1134 84 24 revisal
2134 1136 25 22 in
2169 1140 90 27 respect
2271 1141 22 18 to
2301 1136 58 24 Port
2366 1136 133 30 Nicholson,

1912 1166 109 31 although
2042 1167 111 31 perfectly
2173 1168 132 23 admissible
2327 1172 25 20 at
2370 1169 130 31 Auckland,

1913 1199 72 24 where
1997 1200 61 28 also,
2070 1200 29 23 be
2110 1200 18 23 it
2139 1201 164 29 remembered,
2315 1209 46 23 any
2369 1202 75 24 clause
2451 1211 50 24 may

1911 1233 28 23 be
1962 1233 111 30 instantly
2095 1234 119 24 amended.
2259 1235 76 23 These
2352 1235 88 24 clauses
2458 1237 44 24 will
2518 1251 3 11 ,

1912 1266 79 23 render
2004 1266 39 24 the
2061 1266 55 32 duty
2134 1266 25 25 of
2172 1267 213 25 Harbour-master
2402 1270 25 22 in
2437 1268 3 3 '
2447 1269 54 24 Port

1912 1299 126 24 Nicholson
2068 1300 161 25 troublesome.
2275 1301 44 24 We
2341 1302 76 23 would
2444 1303 57 23 refer

1912 1340 61 16 more
1983 1333 148 32 particularly
2144 1339 21 18 to
2179 1334 39 24 the
2235 1335 54 24 9th,
2296 1335 45 23 and
2359 1335 58 24 10th
2433 1343 78 24 para-,

1910 1366 92 31 graphs,
2016 1367 76 23 where
2105 1367 18 23 it
2134 1368 20 23 is
2164 1368 76 24 stated
2255 1369 49 23 that
2339 1376 69 24 every
2419 1376 81 24 person

1911 1399 48 24 who
1978 1400 59 24 shall
2056 1408 62 16 more
2137 1401 56 24 than
2213 1409 55 16 once
2285 1402 58 23 have
2360 1402 93 24 entered
2463 1402 37 24 the

1911 1432 105 30 harbour,
2029 1442 27 15 as
2068 1438 84 19 master
2164 1435 26 23 of
2206 1443 14 15 a
2228 1435 81 28 vessel,
2320 1443 63 23 may,
2393 1443 30 16 on
2433 1435 68 32 being

1910 1466 70 23 found
1992 1466 116 31 qualified,
2121 1475 29 15 on
2162 1468 139 30 application
2311 1473 22 19 to
2345 1468 40 24 the
2393 1468 108 25 Harbour

1911 1499 96 29 Master,
2018 1500 31 23 be
2061 1500 104 31 supplied
2176 1501 56 23 with
2244 1509 14 15 a
2270 1503 122 22 certificate
2404 1503 54 23 with
2470 1511 37 17 an*

1911 1534 129 30 exemption
2054 1533 58 24 from
2264 1535 44 24 and
2319 1536 26 23 in
2364 1536 75 23 clause
2460 1538 36 27 10,

1934 1574 68 23 every
2014 1571 84 19 master
2112 1567 50 23 who
2178 1567 61 24 shall
2257 1573 62 19 enter
2335 1568 39 24 the
2394 1569 104 30 harbour,

1910 1599 84 31 having
2012 1600 24 23 in
2055 1600 36 23 his
2102 1602 132 30 possession
2249 1602 58 23 such
2315 1602 129 29 certificate,
2458 1603 42 23 and

1910 1633 50 23 who
1971 1633 60 23 shall
2042 1633 63 24 hoist
2115 1639 24 18 at
2149 1634 40 23 the
2200 1635 63 23 main
2275 1644 14 15 a
2299 1635 54 24 blue
2371 1635 45 24 and
2433 1636 67 24 white

1910 1666 52 31 flag,
1975 1666 60 24 shall
2046 1667 29 23 be
2087 1668 121 31 exempted
2218 1668 59 24 from
2293 1669 36 23 the
2347 1670 114 30 necessity
2478 1670 24 23 of

1911 1699 79 32 taking
2002 1708 14 15 a
2148 1701 46 23 We
2207 1703 84 30 merely
2304 1702 72 24 throw
2388 1706 40 20 out
2439 1703 61 23 these

1910 1734 153 30 suggestions,
2076 1735 100 30 trusting
2193 1735 51 23 that
2255 1736 18 23 it
2284 1743 52 23 may
2343 1735 30 24 be
2386 1736 46 23 still
2444 1737 54 23 time

1911 1770 22 20 to
1952 1766 66 24 effect
2036 1767 57 23 such
2113 1768 100 31 changes
2237 1776 28 16 on
2286 1769 37 23 the
2348 1773 49 19 acts
2418 1769 24 23 of
2462 1769 37 24 the

1911 1800 103 29 Council,
2028 1809 26 15 as
2067 1800 59 24 shall
2137 1801 82 24 render
2230 1802 19 23 it
2261 1802 96 31 entirely
2369 1803 129 31 acceptable

1911 1837 21 19 to
1945 1833 38 23 the
1993 1834 130 24 merchants
2134 1835 26 23 in
2170 1835 152 31 Wellington.

1942 1891 24 22 A
1977 1890 74 25 whale
2063 1899 45 15 was
2124 1892 110 23 observed
2245 1897 23 19 to
2286 1893 57 24 have
2355 1894 92 23 entered
2465 1894 36 25 the

1910 1924 64 29 Port,
1986 1924 45 23 and
2042 1926 92 30 pursuit
2145 1926 77 30 given,
2233 1934 30 15 on
2274 1926 93 31 Friday,
2378 1927 58 24 12th
2446 1929 53 23 inst.

1910 1957 50 23 The
1976 1959 88 29 parties
2076 1959 22 21 in
2112 1958 67 23 chase
2197 1967 67 21 were,
2283 1967 32 15 we
2332 1968 39 15 are
2383 1960 118 29 informed,

1909 1997 52 16 men
1974 1990 25 23 of
2017 1998 63 15 some
2094 1992 143 29 experience,
2256 1992 44 23 and
2312 2000 32 16 we
2363 1994 138 23 entertained

1909 2023 37 23 the
1958 2028 61 18 most
2029 2025 112 29 sanguine
2153 2024 73 31 hopes
2239 2025 48 23 that
2295 2025 37 24 the
2343 2027 72 29 prize,
2423 2027 23 22 in
2457 2027 43 23 this

1910 2064 57 21 case,
1981 2057 75 23 would
2068 2062 40 18 not
2119 2065 89 21 escape.
2245 2058 51 24 The
2304 2060 91 29 pursuit
2405 2067 45 16 was
2467 2060 34 24 for

1910 2098 13 14 a
1943 2090 40 23 few
2004 2091 100 23 minutes
2124 2091 113 24 rendered
2255 2093 138 31 interesting
2410 2093 30 31 by
2463 2093 38 24 the

1910 2123 56 31 style
1988 2124 24 22 in
2036 2124 76 24 which
2130 2124 39 24 the
2247 2126 25 22 of
2287 2125 37 23 the
2347 2127 86 23 animal
2454 2134 44 16 was

1908 2157 132 29 nourished,
2051 2157 43 23 but
2105 2157 38 24 the
2155 2159 73 23 result
2240 2166 45 15 was
2297 2167 14 14 a
2324 2159 89 24 failure.
2449 2160 50 24 The

1910 2190 69 23 whale
1992 2198 47 15 was
2058 2195 40 19 not
2114 2191 88 25 struck.
2241 2192 55 23 Had
2313 2192 30 24 all
2355 2193 38 23 the
2412 2198 88 19 cetacea

1909 2223 72 24 which
2010 2223 59 24 have
2091 2225 69 31 lately
2182 2226 93 23 entered
2298 2225 38 24 the
2362 2227 70 23 Port''
2441 2227 59 23 been

1909 2257 114 31 captured,
2043 2257 39 24 the
2099 2258 108 31 proceeds
2224 2263 61 19 must
2302 2259 57 24 have
2371 2260 57 23 been
2446 2268 53 16 con-

1909 2291 110 23 siderable
2032 2301 7 19 ;
2068 2292 45 23 and
2129 2299 34 16 we
2185 2296 61 19 trust
2267 2293 50 23 that
2339 2301 31 16 on
2392 2301 14 16 a
2425 2294 76 23 future

1910 2325 102 23 occasion
2023 2325 40 23 the
2073 2325 108 31 practical
2192 2326 98 23 whalers
2301 2327 45 23 will
2357 2327 29 23 be
2399 2334 62 17 more
2472 2335 29 17 on

1909 2357 37 24 the
1962 2358 64 23 alert.
2181 2380 4 1 .
2280 2368 5 13 :
2295 2378 4 3 .
2313 2373 4 3 •

680 132 85 24 classes
785 135 22 20 to
827 132 72 29 select^
912 132 32 30 fit
963 132 190 31 representatives
1163 133 46 30 for
1230 133 37 23 the

675 165 138 31 firsi.Tcwn
829 163 99 31 Council,
948 165 47 23 had
1010 164 25 24 in
1054 164 38 25 the
1108 165 115 24 execution
1243 165 30 31 of

682 198 49 23 that
741 197 236 34 trustjhnsjmposed
987 205 60 24 upon
1066 197 59 24 them
1143 198 127 31 altogether

681 230 148 32 disregarded
842 238 61 16 mere
915 233 73 28 party
1007 230 183 25 considerations.
1217 231 51 24 .As

680 264 68 24 usual
765 264 38 24 the
822 264 61 30 willy
901 264 82 23 author
1000 263 156 32 immediately
1172 264 52 24 tells
1240 272 28 15 us

681 297 57 29 that,
759 299 24 22 in
802 296 38 24 his
854 297 99 31 opinion,
965 304 64 16 more
1045 296 56 24 than
1121 305 43 15 one
1182 297 26 23 of
1230 296 38 24 the

680 330 40 23 list
743 331 26 23 of
794 329 39 24 the
852 329 110 31 quondam
986 330 135 23 Committee
1143 330 75 31 might
1239 330 28 23 be

673 363 81 29 '^called
763 365 27 22 in
798 364 119 29 question.'
945 362 46 24 We
1005 363 54 30 only
1069 362 58 24 have
1139 367 27 19 to'
1174 363 94 24 remark

682 396 56 28 that;
751 398 19 22 it
785 403 46 16 was
850 395 146 24 unfortunate
1014 396 38 23 the
1068 396 81 23 author
1166 396 44 24 had
1228 400 40 19 not

672 432 2 24 (
682 429 93 24 deemed
786 429 19 23 it
815 428 72 24 worth
976 433 22 19 to
1010 428 78 25 attend
1106 436 30 17 on
1155 429 36 24 the
1203 429 65 32 night

681 462 27 23 of
720 463 40 23 the
776 463 107 29 meeting,
904 461 65 24 when
984 462 30 23 he
1032 461 74 24 would
1123 462 56 24 have
1197 462 71 24 found

673 495 28 26 !it
715 503 52 16 .was
792 495 44 27 the,
858 495 103 32 opinion/
972 495 27 23 of
999 514 5 8 v
1005 514 4 3 .
1024 494 39 24 the
1091 496 100 31 saepting
1219 495 49 23 that

680 528 39 24 the
738 529 136 24 Committee
892 528 46 23 had
954 527 121 25 wandered
1093 529 95 31 entirely
1209 528 59 24 from

680 562 39 24 the
739 562 98 31 straight
854 561 47 24 line
908 560 104 24 'marked
1021 563 48 21 but'
1122 562 67 23 them'
1195 565 23 20 at
1230 561 37 24 the

680 599 74 27 great,
765 595 103 31 meeting,
871 593 33 25 -of
916 594 40 24 the
967 593 118 32 workings
1089 594 97 30 classes,,
1193 595 80 23 which'

674 626 137 33 ■delegated
820 626 29 24 to*
861 627 73 23 'them-
948 626 40 24 the
995 623 5 9 *
1011 625 60 34 duty'
1094 628 27 22 of
1151 628 117 31 attending

673 660 445 29 .JtP,,.>thfiir^interests...^..We-«aimot'
1129 661 144 24 even-allow-

680 694 115 24 ourselves
829 697 23 20 to
859 705 18 15 _,:
880 714 5 6 x
885 693 88 24 believe
984 713 9 4 ..
1009 693 55 24 that'
1095 694 39 23 the
1162 694 111 31 working/

674 734 58 17 ,men
753 734 52 17 ever
828 726 95 29 dreamt,;
937 726 51 24 that
998 738 2 5 ■
1007 727 55 31 they
1071 740 4 6 >
1087 727 48 23 had'
1141 738 4 5 ■
1151 729 5 19 '-
1161 727 105 30 selected,
1272 734 2 7 '

678 760 59 23 from
903 758 81 25 their
998 760 69 31 body,
1094 769 13 14 a
1132 760 134 24 Committee

677 793 52 23 who
749 792 73 25 could-
835 793 87 26 exhibit
942 793 56 23 such
1020 801 13 15 a
1043 797 60 19 want
1122 793 26 23 of
1149 797 9 6 v
1165 801 108 16 common,

673 821 132 29 "discretion'
813 834 24 15 as
844 826 3 6 '
856 830 22 19 to
882 821 105 36 'propose
999 831 48 19 two-
1056 826 24 24 of
1098 827 59 23 tlieir
1172 827 95 23 number

678 863 24 20 to
723 864 119 28 represent
862 859 64 24 th*em
946 861 24 22 in
991 859 105 25 Council.
1116 864 2 5 '
1209 860 58 24 have

678 893 97 32 nothjng
786 892 113 25 whatever
918 897 24 20 to
953 901 45 24 say-
1005 892 49 33 for
1064 901 26 15 or
1106 892 97 32 against-
1216 893 49 24 Mr.

679 927 90 31 Cooper
780 926 45 24 and
836 926 47 24 Mr.
896 925 88 25 Davies
994 934 26 16 as
1028 925 73 25 fellow
1115 927 94 23 citizens
1221 926 46 24 and

678 960 137 28 tradesmen,
828 959 41 23 but
876 959 58 24 with
942 959 30 24 all
981 959 43 24 due
1036 959 145 30 submission,
1195 967 32 16 we
1238 960 28 23 do

677 993 34 23 thi
714 993 31 23 nk
755 993 23 23 th
781 997 22 19 at
809 993 55 30 they,
868 992 25 24 sh
896 991 54 24 ould
954 992 58 24 have
1017 993 132 23 withdrawn
1153 993 59 23 from
1217 993 51 23 that

679 1026 143 28 Committee,
833 1025 64 24 when
903 1025 39 24 the
948 1026 52 23 first
1009 1030 127 27 symptoms
1143 1026 120 31 appeared,

677 1059 25 23 of
712 1059 59 24 their
782 1058 75 24 fellow
866 1059 139 23 workmen's
1017 1060 124 23 intentions
1153 1064 24 19 to
1189 1059 77 24 confer

678 1100 30 16 on
716 1092 62 24 them
785 1091 38 25 the
828 1099 54 23 very
888 1100 97 15 onerous
993 1097 68 25 trust,
1068 1092 44 24 and
1118 1093 57 31 nigh
1179 1092 87 25 honour

678 1126 26 22 of
723 1125 116 31 watching
861 1124 55 25 over'
936 1125 58 24 their
1016 1125 123 32 municipal
1160 1127 106 23 interests

676 1157 25 25 iii
708 1158 39 25 the
754 1159 53 30 City
815 1158 25 24 of
845 1158 148 32 Wellington.
1017 1159 51 24 Our
1074 1160 191 31 contemporary's

678 1192 282 32 concluding'paragraph,
979 1200 92 16 amuses
1082 1200 27 16 us
1121 1197 41 19 not
1172 1201 11 15 a
1195 1193 66 23 little.

678 1225 39 24 He
737 1230 71 19 states
820 1225 48 24 that
885 1226 30 23 he
926 1233 45 16 was
983 1226 92 27 unable,
1085 1230 23 19 to
1125 1226 140 25 understand

678 1258 38 24 the
727 1259 73 24 result
819 1263 23 19 at
852 1259 74 23 whioh
938 1259 38 23 the
989 1259 106 30 Meeting
1105 1259 159 29 arrivedfand

676 1300 34 16 we
722 1298 60 18 most
795 1292 107 31 certainly
915 1292 71 23 admit
996 1292 51 24 that
1059 1292 71 24 either
1138 1292 38 24 his
1186 1292 78 25 varied

677 1327 146 30 occupations
841 1333 37 15 are
894 1333 62 16 more
974 1326 55 23 than
1048 1326 91 31 usually
1158 1327 106 30 pressing

677 1359 44 24 and
732 1358 111 32 complex,
858 1367 24 14 or
893 1358 29 24 he
931 1358 41 24 has
984 1362 45 21 not'
1036 1359 65 24 made
1122 1359 95 24 himself
1225 1367 39 16 ac-

677 1392 109 31 quainted
795 1391 54 24 with
861 1392 37 23 the
911 1392 52 29 fact,
974 1393 50 23 that
1031 1393 127 31 the,report
1165 1393 98 23 inserted

678 1426 24 23 in
715 1425 38 24 the
765 1425 101 24 columns
878 1425 26 24 of
918 1425 38 24 the
970 1425 103 24 Colonist
1083 1426 20 23 is
1119 1427 25 22 in
1155 1426 38 23 the
1210 1433 54 16 con-

676 1458 72 24 dition
760 1459 25 23 of
800 1458 39 24 the
851 1458 128 24 celebrated
996 1459 152 24 Hudibrastic
1166 1464 63 26 story
1242 1459 25 23 of

676 1492 39 23 the
751 1492 60 24 Bear
829 1491 43 24 and
884 1491 38 24 the
1062 1492 53 24 with
1127 1492 47 24 this
1186 1492 77 25 differ-

676 1533 63 21 ence,
749 1525 112 28 however,
873 1525 50 23 that
934 1533 14 15 a
957 1526 101 31 promise
1069 1526 21 24 is
1101 1527 69 30 given
1181 1532 22 18 to
1212 1525 52 25 take

676 1566 30 24 up
718 1559 38 23 the
769 1557 79 26 thread
861 1558 24 23 of
896 1558 38 23 the
947 1564 70 26 story,
1030 1559 46 24 and
1087 1560 109 31 complete
1207 1560 19 23 it
1234 1560 29 23 in

676 1592 39 24 the
732 1597 59 19 next
809 1592 104 23 number.
957 1592 51 24 Our
1028 1596 170 29 contemporary

674 1625 48 24 find
733 1633 14 16 a
757 1629 78 28 report
843 1625 25 23 of
876 1625 51 23 that
938 1625 78 31 nights
1028 1627 149 30 proceedings
1187 1628 26 21 in
1224 1627 39 22 the

675 1659 45 23 last
741 1659 97 23 number
850 1658 25 24 of
888 1658 39 24 the
941 1658 103 25 Gazette.
1082 1659 38 24 He
1137 1660 46 23 will
1201 1659 62 24 there

673 1692 50 24 find
732 1692 49 24 that
789 1692 48 24 Mr.
851 1692 118 23 Hanson's
981 1700 67 17 name
1060 1701 47 16 was
1116 1693 58 32 kept
1184 1693 79 26 on^the

675 1725 40 24 list
725 1726 54 24 with
792 1729 99 20 extreme
900 1743 3 4 .
911 1726 144 31 difficulty—
1057 1726 49 24 that
1118 1726 38 24 the
1175 1727 54 30 duty
1242 1727 24 22 of

676 1759 38 23 the
727 1759 135 24 Committee
881 1759 86 31 having
981 1760 88 30 ceased,
1092 1768 14 15 a
1116 1760 60 24 New
1194 1760 69 23 Com-

673 1793 79 23 mittee
763 1793 40 23 fell
814 1797 24 19 to
848 1792 28 23 be
889 1793 123 30 appointed
1012 1806 33 3 —
1045 1794 25 23 A
1080 1795 93 23 motion-
1181 1799 22 18 to
1204 1797 4 5 v
1216 1793 45 23 this

675 1826 66 23 effect
757 1834 46 16 was
822 1825 65 24 made
906 1826 31 31 by
955 1826 50 24 Mr.
1026 1826 91 30 Sutton,
1139 1827 45 24 and
1202 1834 61 17 some

674 1859 71 31 thirty
753 1867 25 16 or
788 1860 60 30 forty
857 1867 79 15 names
948 1860 67 31 given
1023 1860 24 23 in
1057 1860 32 31 by
1096 1861 38 23 the
1143 1861 104 30 Meeting
1256 1869 5 20 ;

673 1892 64 24 these
749 1900 79 17 names
840 1900 57 15 were
909 1893 154 32 successively
1073 1894 53 24 read
1139 1901 59 21 over,
1217 1893 45 24 and

673 1926 56 23 each
751 1931 43 26 put
815 1929 23 20 to
860 1926 38 23 the
917 1931 59 24 vote,
1000 1926 66 25 when
1084 1927 38 24 the
1146 1927 115 30 following

674 1959 136 24 Committee
819 1967 46 15 was
875 1959 80 31 fiually
965 1960 120 30 arranged.
1201 1964 27 19 FV
1228 1969 4 5 1
1232 1967 9 10 *
1264 1971 5 11 i

701 1997 92 23 Messrs.
809 1997 85 26 Sutton,
927 1997 22 22 J.
966 1998 64 25 Seed,
1063 1999 93 27 Pimble,
1182 1999 79 22 Heese>

673 2023 87 28 Cundy,
772 2025 29 21 G.
816 2024 68 27 Scott,
899 2023 57 28 Hay,
972 2025 103 28 Stafford,
1092 2026 64 27 Hair,
1174 2027 78 27 Brigys

673 2051 138 26 Woodward,
823 2051 55 26 Roe,
889 2051 66 27 Reid,
967 2051 88 28 Couper
1073 2052 130 28 (publican,)
1217 2054 46 21 Ed-

673 2077 238 28 wards,'Northwood,
928 2078 73 27 Dean,
1021 2079 80 28 Board,
1118 2080 30 22 H.
1160 2080 91 23 Robson

673 2105 46 21 and
734 2105 80 21 Grace.

706 2140 62 24 That
777 2141 134 23 Committee
920 2141 19 23 is
951 2141 23 23 in
981 2141 45 24 full
1033 2143 99 30 activity,
1140 2144 121 30 preparing

672 2181 14 16 a
704 2173 60 30 List,
784 2173 44 24 and
846 2181 32 16 we
891 2174 28 23 do
937 2174 59 32 hope
1009 2180 22 19 to
1043 2183 39 16 see
1103 2176 36 24 the
1158 2176 103 31 working

671 2215 54 15 men
736 2207 69 24 make
821 2214 31 24 up
873 2207 57 24 their
948 2208 106 31 fearfully
1066 2211 125 30 mis-spent
1207 2212 54 22 time

670 2241 25 22 in
715 2248 51 16 now
788 2241 95 31 looking
904 2246 23 18 to
951 2241 59 25 their
1029 2251 50 16 own
1099 2244 114 28 interests,
1237 2245 24 22 in

671 2274 111 32 selecting
795 2282 13 15 a
817 2274 42 24 few
874 2282 50 15 me»
935 2275 59 23 from
1006 2281 105 26 amongst
1122 2276 138 24 themselves

669 2307 53 24 who
734 2308 46 23 will
798 2308 29 23 be
848 2307 49 24 able
909 2308 46 23 and
973 2309 88 32 willing
1080 2315 23 18 to
1122 2311 73 23 watch
1209 2319 52 15 over

670 2340 60 25 their
741 2341 48 24 real
800 2342 106 22 interests
916 2342 24 22 in
951 2341 38 24 the
1003 2343 138 24 settlement.

213 1360 140 21 DIARY.—
354 1362 133 19 AUGUST.

114 1823 168 24 SHIPPING
302 1825 278 24 INTELLIGENCE.

276 1873 143 23 ARRIVED.

76 1906 85 26 August
173 1907 32 24 19,
222 1908 68 19 cutter
302 1908 110 20 Catherine
420 1908 110 27 Johnston,
544 1908 25 20 10
585 1911 58 22 tons,

49 1934 86 26 Taylor,
146 1934 56 21 from
215 1934 126 26 Wanganui.

78 1962 62 20 Same
153 1962 48 26 day,
212 1965 104 18 schooner
555 1974 5 8 %

288 2007 117 20 SAILED.

74 2033 86 26 August
170 2033 33 28 17,
215 2034 103 21 schooner
327 2035 117 24 Elizabeth,
455 2036 27 19 60
494 2037 55 23 tons,
565 2035 78 25 Smith,

48 2060 33 20 for
90 2060 90 21 Nelson.

74 2089 86 25 August
171 2089 32 25 18,
215 2093 137 22 government
361 2090 47 27 brig
421 2091 100 24 Victoria,
533 2091 41 19 200
586 2093 57 22 tons,

48 2115 74 27 Nagle,
133 2117 35 19 for
177 2117 87 21 Nelson.

276 2162 33 21 IN
326 2163 86 22 PORT.

74 2190 86 25 Barque
177 2190 113 26 Clydeside,
302 2192 42 19 256'
360 2194 55 23 tons,
435 2192 133 25 Mathieson,
585 2194 58 20 refit-

48 2218 52 24 ting.
132 2217 67 20 Waitt
207 2218 41 20 and
258 2218 75 26 Tyser,
342 2219 86 27 Agents.

74 2244 86 27 Barque
169 2245 125 26 Indemnity,
305 2247 42 20 450
365 2251 56 21 tons,
430 2247 88 26 Adams,
531 2249 111 26 refiitting.

48 2272 87 25 Agents,
147 2272 68 21 Waitt
225 2274 42 20 and
277 2274 76 26 Tyser.

76 2300 110 20 Schooner
209 2302 56 25 Ann,
292 2303 27 19 22
345 2305 56 22 tons,
426 2303 85 25 Brown,
536 2304 45 20 laid
603 2310 39 21 up.

48 2327 76 25 Agent,
137 2327 67 21 Waitt
214 2329 41 19 and
266 2329 73 26 Tyser.

73 2355 54 25 Brig
137 2355 94 25 Patriot,
243 2357 39 20 189
293 2360 57 21 tons,
359 2358 92 27 Wright.
471 2359 79 26 Agent,
560 2359 82 27 Penny.

75 2382 125 26 Brigantine
218 2384 94 25 Success,
325 2386 27 20 82
371 2389 55 22 tons,
436 2386 87 22 Mason.
552 2387 90 26 Agents,

48 2409 25 21 C.
86 2410 34 20 M.
132 2411 78 21 Evans.

76 2437 111 21 Schooner
203 2439 78 25 Maori,
294 2441 25 19 15
335 2442 57 19 tons.
421 2441 40 21 For
475 2442 36 20 the
527 2445 59 18 coast
600 2443 43 20 and

48 2465 91 21 Nelson.
561 2484 3 4 .
581 2476 3 5 ■

76 2492 110 22 Schooner
205 2495 52 19 New
278 2495 122 27 Zealander,
426 2496 26 21 27
476 2499 58 23 tons,

48 2520 89 25 Agents,
148 2521 69 20 Waitt
227 2522 41 19 and
278 2522 75 26 Tyser.

73 2547 128 26 Brigantine
223 2550 121 25 Vanguard,
366 2552 34 23 61,
417 2551 96 27 Murray.
553 2553 89 25 Agents,

48 2574 65 21 Waitt
123 2576 43 19 and
179 2576 73 26 Tyser.
283 2577 42 20 For
335 2578 89 21 Nelson.

74 2602 111 22 Schooner
194 2604 98 26 Look-in,
302 2606 28 20 82
341 2608 57 23 tons,
415 2607 80 27 Finlay.
525 2608 68 20 Wade
601 2609 43 20 and

48 2629 44 26 Co.,
104 2631 90 25 Agents,

73 2658 110 21 Schooner
192 2660 59 26 Jane,
263 2661 25 20 15
299 2663 57 18 tons.
386 2664 87 24 Agents,
483 2663 68 21 Wade
568 2665 20 19 &
603 2663 40 22 Co.

73 2685 54 27 Brig
151 2687 99 25 Eleanor,
276 2689 40 20 253
342 2691 57 23 tons,
423 2690 90 21 Barlow.
564 2692 79 25 Agent,

48 2712 126 23 Machattie.

74 2740 112 22 Schooner
196 2742 121 21 Richmond.
335 2745 26 19 30
372 2747 49 18 tons
438 2745 99 22 Sinclair.
565 2747 78 22 Agent,

48 2768 33 20 W.
94 2768 142 22 Fitzherbert.

74 2796 77 20 Cutter
173 2797 109 21 Catherine
304 2799 110 26 Johnston,
434 2801 26 20 10
480 2803 58 24 tons,
557 2802 87 27 Taylor.

48 2823 87 26 Agents,
146 2824 94 22 Wallace
248 2826 42 20 and
301 2826 39 21 Co.
370 2827 40 20 For
417 2828 128 27 Wanganui.

72 2851 111 21 Schooner

48 3554 96 87 New
176 3554 223 87 Zealand
431 3554 223 87 Gazette

90 3644 70 22 AND
176 3641 215 28 WELLINGTON
405 3647 187 25 SPECTATOR.

156 3709 132 27 Saturday,
303 3711 99 21 August
415 3712 34 26 20,
466 3712 62 22 1842.

81 3761 52 23 The
165 3760 102 25 Colonist
295 3763 25 22 of
346 3764 119 30 yesterday
495 3765 104 24 contains
627 3775 13 15 a

50 3794 136 31 lengthened
198 3794 43 24 and
257 3803 54 23 very
330 3797 109 23 extended
455 3797 78 24 leader
553 3806 31 16 on
602 3799 38 25 the

50 3829 99 29 meeting
160 3827 24 24 of
196 3828 39 23 the
247 3829 104 31 working
363 3830 92 30 classes,
469 3831 55 24 held
539 3837 24 18 at
579 3832 60 25 Bar-

50 3860 61 24 rett's
125 3861 82 29 Hotel,
220 3869 29 16 on
261 3862 104 31 Monday
379 3865 96 31 evening
490 3865 53 24 last.
588 3867 51 24 The

50 3893 150 32 gratification
212 3896 122 30 expressed
344 3896 31 31 by
388 3897 38 24 the
549 3899 25 24 of
591 3900 48 24 that

50 3927 77 24 article
151 3932 24 19 at
196 3928 120 32 observing
335 3926 46 33 (we
392 3938 41 16 use
443 3932 37 23 his
493 3940 49 16 own
551 3933 87 32 words)

50 3959 48 25 that
110 3960 38 24 tlte
161 3959 132 26 Committee
302 3963 122 31 appointed
434 3964 28 32 by
481 3965 40 24 the
535 3966 103 31 v^orTdng

1331 389 50 24 The
1392 390 118 31 following
1520 396 100 20 extracts
1624 384 70 38 ,'frpm'
1698 416 3 6 (
1703 387 184 38 N^elson,pap'ers

1297 430 59 16 were
1377 421 115 33 prepared'
1509 424 36 24 for
1556 421 5 4 '
1569 433 42 16 our
1637 425 47 24 last
1710 425 106 29 number,
1845 425 43 23 but

1297 456 94 24 omitted
1401 456 60 24 from
1473 464 87 23 causes,
1572 457 75 25 which
1658 466 33 16 we
1709 457 72 25 found
1799 459 86 30 impos-

1296 489 59 24 sible
1366 494 22 18 to
1401 490 95 24 control.
1532 490 44 25 We
1593 499 42 16 can
1645 492 89 23 assure,'
1741 499 46 17 our.
1794 489 101 26 iriendslj

1297 521 49 24 that
1364 522 38 23 the
1421 522 67 24 latest
1506 524 148 31 intelligence
1671 515 224 43 from^^ur^sister^l

1296 555 153 29 settlements,
1524 554 88 27 'ln*"afl
1630 565 65 16 cases
1716 558 121 23 command
1849 558 38 23 the

1295 588 131 31 first^place.
1433 590 24 22 in
1468 590 38 23 the
1519 590 194 29 Cjolumnsraf.the
1727 591 120 35 Gazette^
1854 595 24 29 *\
1887 596 8 24 {

1330 619 57 26 The'
1393 622 118 24 schooner'
1513 622 68 31 Jane,
1595 624 92 23 entered
1699 618 40 29 bur
1746 624 100 24 harbour
1854 632 12 15 o
1872 632 14 16 n

1286 654 54 24 -the,
1346 655 56 23 15th
1411 663 57 21 cur.,
1475 656 76 24 aftera
1558 656 170 32 spl&idi&runf
1731 657 164 30 rom-Nel'son,~

1296 687 40 24 she
1348 689 20 22 is
1386 689 119 30 reported.
1510 694 23 19 to
1544 690 59 23 have
1613 690 65 23 made
1691 690 38 24 the
1741 690 113 24 distance'--
1860 692 26 22 in

1296 720 38 24 the
1341 721 146 32 remarkably
1497 722 64 23 short
1571 723 77 31 period
1657 723 25 23 of
1689 725 31 22 23
1728 724 79 23 hours.
1838 724 48 24 She

1295 753 79 32 brings
1384 762 30 16 no
1426 755 61 29 mail,
1500 756 79 30 butby
1586 756 38 23 the
1633 756 111 24 kindness
1753 757 25 22 of
1787 765 14 14 a
1811 757 76 23 friend

1296 794 32 16 we
1340 788 57 23 have
1410 788 58 24 been
1484 793 43 26 put
1539 789 23 23 in
1583 791 130 29 possession
1725 790 26 23 of
1768 798 12 14 a
1797 789 90 28 Nelspn

1296 819 134 31 Examiner,
1442 822 26 23 of
1477 821 50 24 date
1541 823 59 23 13th
1608 823 101 30 August;
1746 823 52 23 The
1809 817 76 35 Ariel,

1296 853 182 31 Cruickshanks,
1491 856 74 23 which
1577 856 42 24 left
1629 856 110 31 thistport
1751 863 29 17 on
1792 856 38 24 the
1842 856 53 24 '4th-

1296 887 25 23 of
1332 887 99 31 August,
1441 889 88 23 arrived
1539 893 23 19 at
1572 888 87 25 Nelson
1670 915 3 4 ,
1672 897 29 16 on
1713 889 39 24 the
1762 889 43 26 7th
1817 894 67 24 curt.,

1290 920 47 23 •and
1351 921 39 23 the
1409 920 78 32 Royal
1508 915 116 36 William^
1631 924 30 22 oh
1673 924 38 22 the
1731 923 66 24 12th.
1833 922 52 24 The

1285 955 5 7 1
1294 952 88 38 plough'
1391 955 21 23 is
1425 959 24 19 at
1455 955 63 24 work
1528 955 24 24 in
1565 956 40 23 the
1612 956 105 25 Wai'mea
1727 957 97 23 district.
1855 969 3 8 »
1859 957 26 23 A

1294 983 141 36 mee'tirig'of
1450 988 159 25 Landholders
1626 990 45 23 had
1692 990 70 23 taken
1779 990 64 31 place
1860 995 24 18 to

1295 1021 103 23 consider
1410 1021 39 24 the
1461 1023 116 30 propriety
1588 1023 26 23 of
1622 1024 79 30 giving
1711 1028 41 19 out
1764 1031 13 16 a
1793 1024 92 31 portion

1295 1053 26 23 of
1329 1053 118 25 suburban
1457 1055 65 23 lands
1529 1056 35 22 for
1577 1056 116 30 selection,
1705 1056 40 24 the
1757 1057 127 24 remainder

1294 1086 70 32 being
1373 1089 151 29 unsurveyed.
1560 1089 49 24 Mr.
1623 1090 86 31 Young
1718 1091 27 22 in
1751 1091 134 31 explaining

1294 1119 36 24 his
1339 1127 97 17 reasons
1443 1122 35 23 for
1489 1122 86 31 calling
1583 1122 38 23 the
1631 1124 107 30 meeting,
1749 1124 74 23 stated
1834 1124 50 23 that

1294 1152 29 24 he
1332 1153 43 24 felt
1386 1155 18 23 it
1416 1155 131 31 impossible
1558 1159 23 20 to
1594 1157 98 29 perform
1704 1156 37 23 his
1749 1157 56 30 duty
1816 1165 26 14 as
1854 1165 30 15 an

1284 1186 2 18 1
1294 1191 75 26 agent,
1383 1188 20 23 if
1410 1188 39 23 -he
1460 1188 46 23 had
1518 1192 41 19 not
1577 1188 39 24 the
1623 1196 85 24 'power
1720 1189 27 23 of
1762 1191 80 30 seeing
1853 1190 30 24 all

1295 1219 36 24 the
1350 1221 54 23 land
1424 1221 49 23 that
1483 1229 47 16 was
1548 1230 59 23 open
1625 1222 35 24 for
1678 1222 117 25 selection.
1833 1223 49 24 Mr.

1295 1253 145 25 Richardson
1452 1254 99 32 opposed
1563 1256 39 22 the
1611 1256 67 23 views
1691 1256 26 24 of
1725 1256 50 24 Mr.
1787 1256 96 30 Young,

1294 1287 44 23 and
1349 1287 65 24 those
1426 1289 49 22 who
1491 1289 125 31 supported
1633 1289 56 24 him.
1725 1289 42 24 He
1783 1289 47 24 had
1839 1298 45 15 no-

1295 1320 65 32 thing
1374 1325 24 20 to
1418 1321 28 24 do
1464 1321 56 24 with
1537 1321 40 24 the
1596 1324 105 29 question
1720 1322 104 24 between
1844 1324 40 23 the

1294 1353 154 25 Landowners
1468 1355 42 23 and
1530 1355 37 23 the
1586 1355 137 33 Companyr-
1748 1355 135 25 He'main-

1294 1387 75 24 tained
1376 1388 50 23 that
1434 1389 18 22 it
1460 1396 44 16 was
1511 1389 36 23 for
1558 1389 39 23 the
1609 1389 84 24 benefit
1703 1389 25 23 of
1737 1385 41 27 ttie
1783 1389 99 31 Colony,

1293 1420 44 23 and
1357 1422 161 30 consequently
1540 1422 38 23 the
1599 1422 164 30 Landowners,
1786 1423 49 23 that
1854 1431 30 16 no

1293 1453 65 31 delay
1370 1454 83 24 should
1463 1456 54 23 take
1528 1455 65 32 place
1605 1457 25 22 in
1644 1457 79 30 giving
1744 1460 41 19 out
1803 1457 25 23 of
1844 1456 39 24 the

1293 1486 114 25 suburban
1426 1488 73 24 lands.
1544 1489 67 31 Capt.
1626 1489 138 24 .Wakene'ld
1786 1490 96 31 shortly,

1294 1520 40 23 but
1344 1520 105 32 forcibly,
1462 1523 122 30 expressed
1593 1522 37 24 his
1641 1524 93 30 opinion
1745 1523 50 23 that
1804 1523 79 31 delays

1293 1561 59 16 were
1370 1554 135 31 dangerous.
1543 1555 108 25 Towards
1665 1557 38 23 the
1715 1556 132 24 conclusion
1859 1557 26 23 of

1293 1586 38 24 the
1343 1589 101 30 meeting
1454 1597 13 15 a
1480 1588 55 33 long
1553 1590 186 26 conversational,-
1754 1590 139 27 discussion,

1293 1620 55 24 took
1369 1621 38 24 the
1419 1622 63 30 place
1492 1623 26 23 of
1532 1622 39 24 the
1587 1630 70 17 more-
1663 1623 92 31 regular
1774 1623 65 24 mode
1859 1623 26 24 of

1292 1654 145 32 proceeding;
1456 1655 73 24 which
1546 1656 60 24 from
1617 1651 29 29 Its
1666 1656 116 31 desultory
1791 1661 89 26 nature,

1292 1688 19 22 it
1323 1687 74 24 would
1407 1689 28 23 be
1447 1689 131 31 impossible
1590 1694 24 18 to
1625 1694 85 26 report.

1327 1720 48 24 Mr.
1388 1721 87 32 Young
1486 1722 43 24 had
1537 1723 120 32 originally
1668 1723 115 32 proposed
1793 1732 14 15 a
1818 1732 63 15 reso-

1291 1753 82 30 lution,
1393 1755 136 32 embodying
1541 1756 38 23 the
1591 1758 135 22 sentiments
1738 1757 74 24 which
1823 1765 59 16 were

1292 1789 113 29 conveyed
1417 1790 24 21 in
1454 1789 35 23 his
1501 1790 91 31 speech.

1297 1837 2 4 •
1327 1820 47 25 Mr.
1398 1822 106 24 Patchett
1525 1823 44 23 had
1585 1828 42 26 put
1644 1825 32 22 in'
1687 1832 28 15 an
1736 1825 146 24 amendment

1291 1854 75 24 which
1375 1863 46 16 was
1431 1856 130 26 afterwards
1568 1857 142 30 withdrawn,
1722 1858 47 23 and
1776 1866 13 14 a
1797 1858 84 24 second

1292 1887 145 25 amendment
1445 1896 44 16 was
1501 1890 113 30 proposed
1624 1891 31 30 by
1664 1891 47 23 Mr;
1720 1891 159 29 .Richardson,

1292 1921 45 23 and
1360 1922 111 24 seconded
1492 1922 32 31 by
1546 1923 49 24 Mr.
1620 1924 126 29 Thomson,
1772 1924 49 24 that
1842 1925 38 23 the

1292 1954 120 26 selections
1431 1956 81 25 should
1529 1957 29 23 be
1576 1961 24 19 at
1615 1964 55 16 once
1681 1957 124 31 proceeded
1818 1958 60 29 with,

1292 1988 120 32 according
1428 1994 22 17 to
1464 1989 42 23 'the
1524 1989 177 24 advertisement
1712 1990 25 23 of
1752 1990 38 23 the
1810 1991 70 23 Com-

1290 2022 82 30 pany's
1395 2022 122 31 Surveyor,
1541 2022 75 24 which
1639 2030 45 16 was
1707 2023 87 23 carried
1817 2024 30 30 by
1867 2033 13 14 a

1291 2054 106 32 majority
1405 2056 51 31 just
1468 2056 108 31 doubling
1588 2056 39 23 the
1636 2057 115 30 minority,
1762 2057 50 23 who
1825 2065 55 24 sup-

1290 2088 79 31 ported
1383 2089 47 23 Mr.
1443 2089 105 30 Young's
1558 2090 94 24 motion.

1325 2121 104 25 Police.
1431 2135 35 4 —
1467 2122 55 24 Two
1531 2131 63 15 cases
1602 2124 123 30 important
1732 2127 24 20 to
1762 2124 38 23 the
1810 2124 69 23 Com-

1290 2155 93 23 mercial
1402 2157 102 28 interest,
1524 2156 47 24 had
1589 2157 56 23 been
1665 2157 119 23 discussed
1798 2158 33 30 by
1842 2158 37 23 the

1379 2202 33 4 —

1325 2221 66 25 Case
1403 2223 20 23 I.
1428 2235 31 4 —
1463 2223 97 31 Captain
1572 2223 111 32 Higgins,
1696 2223 111 25 schooner
1818 2224 60 29 Ann,

1288 2255 84 24 landed
1383 2256 45 24 and
1440 2256 54 31 duly
1501 2258 106 30 reported
1619 2260 15 21 6
1647 2257 85 24 barrels
1747 2258 26 23 of
1782 2258 97 31 draught

1289 2294 85 25 porter.
1418 2290 38 30 By
1468 2290 64 31 delay
1544 2299 30 15 on
1591 2291 40 23 the
1648 2296 53 26 part
1713 2291 25 23 of
1754 2291 39 24 the
1812 2296 67 26 agent

1289 2322 54 30 they
1350 2330 59 17 were
1417 2329 42 18 not
1466 2324 106 31 properly
1580 2324 94 24 entered
1683 2329 23 19 at
1713 2324 38 24 the
1760 2325 117 24 Customs.

1289 2355 77 25 There
1378 2357 20 23 is
1409 2365 30 15 no
1452 2357 54 31 duty
1519 2366 30 15 on
1559 2363 85 26 porter,
1663 2358 50 27 and.
1719 2358 38 24 the
1770 2366 51 16 case
1833 2366 45 16 was

1289 2389 128 24 dismissed.

1323 2423 67 23 Case
1398 2423 37 24 II.
1437 2437 34 4 —
1473 2424 98 32 Captain
1577 2425 184 29 Cruickshanks,
1769 2425 110 24 schooner

1287 2455 76 30 Ariel,
1385 2457 84 24 landed
1492 2458 94 24 without
1610 2463 65 26 entry
1693 2467 64 15 some
1778 2459 56 31 bags
1858 2459 24 23 of

1288 2497 77 23 sugar,
1379 2491 44 23 and
1434 2491 74 23 which
1519 2491 39 24 did
1570 2496 42 19 not
1623 2500 83 24 appear
1718 2493 24 22 in
1754 2492 39 23 the
1805 2493 73 22 mani-

1289 2523 51 24 fest.
1377 2523 47 24 Mr.
1440 2524 70 30 Hort,
1522 2529 23 19 to
1557 2525 76 23 whose
1645 2526 51 23 firm
1708 2526 38 23 the
1758 2533 70 24 sugar
1838 2526 41 23 be-

1288 2556 91 32 longed,
1399 2558 75 23 stated
1484 2558 51 24 that
1545 2558 40 24 the
1597 2559 55 29 duty
1664 2559 47 23 had
1722 2559 59 24 been
1791 2559 54 31 paid
1857 2564 23 19 at

1289 2589 149 33 Wellington,
1452 2591 44 24 and
1507 2592 38 23 the
1557 2592 99 23 mistake
1669 2600 65 16 arose
1744 2592 60 24 from
1817 2600 63 16 some

1288 2623 213 32 misapprehension
1511 2625 105 24 between
1628 2626 39 23 the
1676 2625 98 32 Captain
1786 2626 44 23 and
1842 2626 38 23 the

1289 2656 107 32 Shipper.
1400 2667 4 6 1
1433 2658 51 24 The
1500 2658 72 31 goods
1583 2667 59 15 were
1660 2658 113 31 forfeited,
1791 2659 42 23 but
1850 2667 29 15 no

1288 2691 46 23 fine
1346 2691 101 23 inflicted
1456 2700 29 15 on
1497 2692 38 23 the
1546 2696 95 19 master.

1322 2724 31 23 A'
1358 2731 57 25 copy
1427 2724 25 24 of
1470 2725 36 24 the
1520 2724 102 25 Colonist
1640 2725 122 32 published
1779 2731 24 19 at
1812 2726 67 24 Wel-

1290 2757 96 32 lington,
1410 2757 45 25 had
1473 2758 97 24 reached
1588 2758 38 25 the
1647 2759 139 24 settlement.
1830 2759 50 25 The

1290 2790 114 25 Editorial
1414 2792 105 23 remarks
1531 2800 29 16 on
1570 2792 47 24 this
1624 2801 124 15 occurence
1756 2801 46 22 are,
1809 2797 23 19 to
1842 2801 40 16 our

1290 2825 195 31 comprehension,
1515 2826 122 31 dubiously
1660 2826 133 32 expressed.
1830 2827 52 24 The

1289 2858 128 31 paragraph
1428 2859 121 24 concludes
1557 2859 54 24 with
1625 2860 37 24 the
1670 2860 86 29 advice,
1770 2868 26 16 or
1807 2869 75 15 some-

1290 2891 67 31 thing
1370 2895 143 21 tantamount
1525 2897 22 20 to
1560 2893 25 29 it,
1604 2896 41 21 not
1655 2898 23 19 to
1690 2898 42 27 put
1743 2902 47 22 any
1800 2902 82 23 papers

1290 2925 48 23 into
1350 2925 38 24 the
1401 2926 46 23 box
1457 2926 25 24 of
1497 2926 37 24 the
1546 2926 138 24 Post-office
1696 2931 24 20 at
1730 2928 151 31 Wellington,

1290 2958 21 24 if
1324 2958 39 24 the
1374 2959 86 31 parties
1479 2967 52 16 ever
1543 2960 59 23 wish
1612 2961 65 24 them
1694 2965 23 20 to
1736 2961 69 24 reach
1825 2961 58 24 their

1291 2992 145 24 destination.
1464 2997 3 6 '
1482 2992 51 25 Our
1552 2994 91 24 Nelson
1661 2999 174 28 contemporary
1845 3003 37 16 re-

1292 3025 77 24 ceived
1381 3025 35 24 his
1427 3033 58 25 copy
1496 3027 24 23 of
1529 3027 39 24 the
1579 3027 108 30 Colonist,
1699 3029 61 23 from
1771 3036 15 15 a
1796 3030 87 30 private

1290 3058 70 25 hand.
1709 3074 2 3 •
1868 3075 4 4 ■
1882 3076 4 5 -

1324 3115 45 24 We
1381 3116 44 24 feel
1434 3117 77 23 ;much
1531 3117 106 31 pleasure
1656 3118 24 23 in
1701 3119 147 31 announcing
1858 3123 24 20 to

1291 3156 42 16 our
1346 3149 98 29 readers,
1457 3150 49 23 that
1526 3150 39 24 the
1584 3159 123 21 necessary
1719 3152 106 31 strength
1838 3153 46 23 and

1290 3190 75 23 power
1377 3183 113 31 required;
1501 3183 57 24 have
1569 3184 59 24 been
1637 3185 73 24 added
1721 3189 23 19 to
1753 3185 41 25 the
1804 3186 48 31 slip,
1859 3191 24 19 at

1291 3215 48 24 Kai
1351 3215 90 30 Warra,
1454 3217 43 23 and
1509 3217 50 24 that
1571 3217 38 24 the
1630 3218 118 31 Clydeside
1765 3215 47 28 will
1828 3227 56 24 very

1290 3249 89 32 shortly
1389 3250 28 23 be
1428 3249 81 32 placed
1515 3250 109 25 .thereon.
1659 3251 52 25 The
1724 3253 95 31 spirited
1829 3261 54 23 pro-

1289 3283 87 31 prietor
1388 3283 24 23 of
1427 3283 47 24 this
1487 3284 76 24 vessel
1580 3284 51 30 has,
1638 3287 3 13 :
1644 3293 34 16 we
1696 3286 55 29 fear,
1765 3287 118 31 expended

1290 3323 29 16 an
1332 3324 121 16 enormous
1465 3325 52 16 sum
1528 3326 60 23 upon
1604 3318 44 24 this
1659 3319 156 34 undertaking
1825 3330 6 19 ;
1845 3320 38 24 the

1290 3350 46 23 fact
1342 3350 25 23 of
1370 3349 85 31 having
1463 3359 67 23 every
1536 3351 68 33 thing
1608 3356 23 19 to
1640 3357 66 25 erect,
1710 3353 43 24 and
1759 3354 125 31 procuring

1291 3384 38 23 the
1336 3390 122 25 necessary
1464 3385 92 24 manual
1564 3385 113 32 strength,
1684 3387 24 23 of
1712 3394 97 24 persons
1816 3395 66 24 prac-

1290 3417 78 31 tically
1379 3418 136 30 acquainted
1532 3419 55 23 with
1606 3419 39 24 the
1658 3420 130 31 dock-yard
1795 3429 7 21 ;
1821 3426 63 19 must

1289 3450 59 24 have
1358 3450 32 24 all
1400 3451 42 23 but
1452 3451 113 25 rendered
1580 3452 39 24 the
1637 3453 156 32 undertaking
1810 3458 23 20 to
1845 3463 37 16 re-

1289 3484 50 32 pair
1358 3483 40 24 the
1419 3483 118 32 Clydeside
1564 3477 116 40 hopeless.
1724 3487 79 24 These
1825 3488 57 24 have

1289 3518 59 24 been
1365 3517 96 32 happily
1481 3526 126 22 overcome,
1627 3520 44 23 and
1690 3520 44 24 the'
1750 3521 90 24 district
1859 3522 26 23 of

1289 3551 39 24 the
1340 3551 50 24 Kai
1400 3551 90 30 Warra,
1502 3557 105 27 presents
1619 3552 30 25 all
1659 3553 39 24 the
1706 3561 141 24 appearance
1859 3556 26 23 of

1289 3593 12 15 a
1312 3584 205 33 thriving-village.
1543 3585 25 24 It
1578 3585 82 25 indeed
1670 3586 72 25 forms
1754 3592 26 19 at
1789 3594 93 25 present

1289 3618 63 32 quite
1363 3627 14 15 a
1388 3618 66 32 point
1466 3619 25 23 of
1505 3619 96 24 interest
1612 3620 46 23 and
1675 3622 123 22 attraction
1809 3625 22 20 to
1843 3622 39 24 the

1288 3651 101 25 settlers.
1424 3651 81 25 Roads
1516 3660 38 16 are
1572 3653 129 32 branching
1718 3654 34 24 off
1765 3655 26 23 in
1804 3655 31 24 all

1287 3686 101 24 rections
1398 3686 49 23 into
1459 3686 38 23 the
1509 3686 102 29 interior,
1623 3686 44 24 and
1678 3695 15 15 a
1704 3688 110 24 saw-mill
1826 3690 19 22 is
1856 3690 26 22 in

1287 3726 108 25 progress
1407 3719 25 23 of
1442 3719 69 30 being
1518 3719 89 24 erected
1618 3727 30 17 on
1654 3720 40 24 the
1703 3725 93 26 stream,
1807 3722 73 23 which

1287 3754 65 30 gives
1364 3752 38 24 the
1414 3752 65 32 place
1491 3753 29 23 its
1532 3761 76 16 name.

1323 3811 69 24 Since
1404 3811 38 24 the
1454 3813 158 30 appointment
1624 3813 25 23 of
1663 3820 14 16 a
1691 3813 111 25 Harbour
1813 3815 67 24 Mas-

1287 3850 36 19 ter
1334 3845 35 24 for
1381 3845 64 25 Port.
1450 3845 136 30 Nicholson,
1601 3854 34 16 we
1654 3846 56 24 have
1727 3846 101 26 directed
1840 3857 40 15 our

1286 3879 112 25 attention
1410 3883 23 19 to
1446 3878 39 24 the
1505 3879 110 24 Harbour
1634 3879 161 32 Regulations'
1810 3882 70 23 Ordi-

1286 3920 81 21 nance,
1380 3912 70 30 being
1462 3912 46 24 No.
1524 3915 29 22 15
1568 3914 96 23 Session
1677 3916 38 27 11,
1729 3915 84 30 passed
1825 3918 56 22 21st

1286 3945 129 31 February,
1430 3947 74 22 1842.
1540 3945 52 25 The
1609 3947 122 24 ordinance
1741 3948 105 25 includes
1847 3962 34 4 —

1287 3980 21 23 I.
1331 3979 75 23 Pilots
1419 3978 43 23 and
1475 3978 106 30 pilotage,
1603 3979 37 24 11.
1662 3980 151 31 Quarantine,
1828 3982 42 25 111

704 2399 45 22 We
761 2402 77 27 regret
847 2402 23 19 to
880 2401 104 29 perceive
1004 2399 50 25 that
1073 2401 47 24 Mr.
1138 2401 34 24 R.
1188 2401 73 24 Davis

670 2432 43 22 has
725 2432 108 28 inserted,
847 2439 25 16 or
883 2432 94 24 allowed
994 2438 23 19 to
1029 2434 28 24 be
1069 2435 100 23 inserted
1181 2436 23 22 in
1224 2435 35 23 his

671 2473 74 21 name,
758 2467 25 22 in
795 2465 38 24 the
845 2465 102 24 columns
960 2467 24 22 of
999 2467 38 24 the
1049 2467 107 31 Colonist,
1170 2477 15 15 a
1194 2468 67 25 letter

671 2498 75 24 which
756 2499 30 23 he
798 2506 75 16 seems
888 2503 23 19 to
923 2499 58 24 have
997 2501 151 32 disapproved
1162 2503 26 22 of
1203 2510 58 16 even

670 2531 78 24 before
758 2533 32 23 its
810 2532 138 25 conclusion.
984 2533 52 24 The
1053 2536 52 23 first
1116 2533 57 33 (and
1190 2543 24 16 so
1226 2536 35 23 far

671 2573 26 15 as
708 2573 33 15 we
749 2574 42 15 can
803 2566 103 31 perceive
918 2566 38 24 the
969 2567 64 32 only)
1041 2569 102 23 instance
1154 2569 25 23 in
1188 2569 73 24 which
1263 2582 2 7 •■

671 2599 39 23 the
723 2599 89 31 Report
823 2598 27 24 of
864 2599 38 24 the
914 2599 106 33 Meeting
1032 2602 24 23 in
1068 2601 39 25 the
1123 2602 103 24 columns
1238 2603 26 24 of

672 2632 39 23 the
726 2632 95 24 Gazette
832 2633 20 23 is
864 2634 73 22 stated
948 2634 31 30 by
987 2634 49 24 him
1052 2640 23 19 to
1087 2635 57 24 have
1155 2636 57 24 been
1224 2637 36 23 in-

673 2670 94 26 correct,
780 2674 34 15 we
833 2666 45 23 will
895 2667 65 23 leave
976 2671 24 20 to
1019 2668 38 24 the
1070 2668 100 25 decision
1183 2670 25 23 of
1223 2670 37 23 the

671 2700 86 30 public.
777 2700 63 24 That
845 2699 37 24 the
889 2700 137 25 Committee
1034 2702 130 25 didteceive
1170 2704 91 31 specific

671 2734 150 23 instructions
834 2737 33 19 to-
875 2734 101 30 regulate
988 2735 59 24 their
1061 2736 77 25 future
1150 2736 111 25 delibera-

673 2766 61 24 tions
751 2775 34 15 we
805 2766 118 32 fearlessly
942 2773 81 24 assert,
1043 2769 46 24 and
1106 2778 62 16 more
1169 2783 33 4 —
1204 2771 58 23 their

673 2799 161 24 deliberations
854 2808 57 15 were
935 2805 23 20 to
978 2801 59 24 have
1057 2803 61 24 been
1139 2811 59 24 open
1198 2816 34 4 —
1233 2804 30 23 all

673 2833 70 23 above
762 2833 79 24 board.
882 2833 54 24 We-
945 2834 127 32 altogether
1090 2837 103 30 disagree
1207 2837 54 23 with

673 2866 38 23 the
734 2867 123 31 principles
880 2867 47 24 laid
946 2868 65 24 down
1034 2869 31 31 by
1125 2870 137 25 Committee

673 2900 121 31 composed
813 2900 25 23 of
855 2908 13 15 a
887 2902 87 29 variety
994 2902 27 24 of
1040 2910 104 24 persons,
1156 2910 106 25 presum-

672 2934 41 30 ing
736 2938 23 19 to
781 2941 96 16 canvass
899 2935 45 22 and
966 2943 44 23 pry
1035 2936 48 25 into
1107 2937 37 24 the
1173 2938 89 31 private

673 2966 118 24 character
809 2966 26 24 of
1029 2969 47 25 We
1094 2975 66 25 trust,
1172 2971 89 30 indeed,

673 2999 49 24 that
740 3000 55 32 they
806 2999 41 24 did
862 3004 39 20 not
918 3001 28 24 do
965 3002 52 30 this,
1030 3003 43 24 but
1093 3004 49 24 that
1160 3009 40 20 not
1219 3013 42 16 one

671 3034 64 24 word
751 3042 47 16 was
814 3034 88 24 uttered
913 3035 25 23 in
958 3035 137 26 Committee
1106 3038 75 24 which
1198 3039 65 23 could

671 3072 48 24 not,
733 3067 54 24 with
806 3067 39 24 the
862 3072 102 27 greatest
981 3070 125 32 propriety,
1126 3072 59 24 have
1205 3072 57 24 been

672 3100 89 32 spoken
774 3105 23 19 at
809 3100 38 24 the
860 3109 70 17 cross.
979 3124 3 6 ,
1170 3115 4 12 ;

706 3135 99 23 Messrs.
838 3134 98 25 Hanson
964 3136 45 24 and
1032 3135 82 26 Evans
1134 3143 69 25 must,
1228 3147 35 16 we

671 3168 83 23 should
766 3167 75 30 think,
854 3168 44 24 feel
909 3169 138 25 themselves
1056 3171 81 32 highly
1155 3173 106 30 gratified

671 3206 24 18 at
713 3202 38 23 the
770 3209 51 23 way
843 3201 25 24 in
887 3202 75 25 which
981 3204 49 24 Mr.
1045 3204 32 25 R.
1091 3204 73 25 Davis
1176 3206 42 23 has
1238 3207 25 23 in

671 3242 25 16 so
708 3235 111 31 perfectly
829 3236 129 30 gratuitous
968 3245 13 15 a
988 3245 97 17 manner
1094 3240 122 30 expressed
1225 3240 37 23 his

671 3269 100 30 opinion,
783 3269 45 24 and
840 3268 49 24 that
900 3270 25 23 of
941 3270 37 24 the
993 3271 145 30 Committee,
1151 3273 26 24 of
1191 3272 70 25 them.

671 3302 48 23 Mr.
742 3301 74 25 Davis
840 3309 47 17 errs
908 3303 26 23 in
953 3305 88 31 stating
1057 3305 51 25 that
1124 3306 30 24 he
1172 3307 42 23 has
1233 3315 29 15 no

671 3335 108 24 situation
798 3340 23 19 to
842 3335 47 24 lose
898 3345 6 20 ;
923 3336 21 23 if
958 3337 29 24 he
1004 3339 22 23 is
1047 3338 154 32 independent
1217 3340 46 24 and

671 3368 144 24 subservient
826 3373 23 19 to
861 3377 29 15 no
906 3378 63 21 man,
985 3379 34 15 we
1038 3371 28 25 do
1086 3373 67 23 think
1174 3374 57 29 that,
1249 3382 14 15 a

670 3406 93 27 stonger
785 3406 122 20 statement
934 3404 23 22 in
986 3404 80 25 favour
1093 3406 26 23 of
1146 3406 39 24 the-

669 3443 66 23 gress
755 3435 25 23 of
800 3436 40 23 the
869 3436 136 31 settlement,
1033 3438 42 24 has
1096 3444 40 19 not
1162 3440 99 24 hitherto

671 3469 112 31 appeared
802 3470 24 22 in
843 3469 68 31 print.
955 3470 44 24 We
1026 3471 59 25 shall
1109 3472 28 24 be
1157 3473 54 32 glad
1239 3479 22 19 to

669 3502 56 23 hear
735 3502 59 24 from
806 3502 49 24 Mr.
864 3502 78 27 .Davis
951 3504 36 23 his
1003 3504 54 33 plan
1069 3505 51 25 how
1136 3506 39 24 the
1186 3507 75 24 work-

669 3537 41 30 ing
721 3544 52 15 men
786 3543 42 16 can
864 3544 28 22 go
1014 3546 26 16 so
1049 3539 51 24 that
1111 3540 25 23 in
1144 3540 40 24 the
1194 3549 67 24 space

671 3569 26 23 of
712 3577 13 15 a
736 3569 44 23 few
780 3582 34 4 —
814 3577 14 16 a
838 3577 55 24 very
904 3570 44 24 few
958 3572 100 29 months,
1071 3573 56 31 they
1137 3581 43 17 can
1197 3574 64 24 boast

670 3602 25 23 of
709 3602 39 24 the
767 3603 101 31 glorious
887 3604 43 23 and
949 3612 50 17 rare
1018 3606 111 33 privilege
1148 3607 26 24 of
1191 3607 70 33 being

669 3636 160 31 independent.
871 3636 43 24 We
934 3638 44 31 beg
995 3643 24 20 to
1038 3640 61 24 refer
1118 3640 49 24 Mr-
1187 3641 73 24 Davis

670 3674 22 17 to
713 3669 38 24 the
769 3669 137 32 'concluding
928 3676 51 26 part
998 3672 28 24 of
1047 3673 39 24 the
1107 3674 45 23 late
1177 3674 84 26 Public

670 3702 116 32 Meetings
796 3711 25 17 as
832 3704 105 29 reported
948 3705 25 23 in
990 3705 39 25 the
1043 3705 102 32 Gazette,
1159 3716 25 15 or
1196 3708 20 23 if
1230 3709 30 24 he

669 3736 86 30 prefers
767 3737 18 23 it
796 3737 24 23 in
840 3736 49 24 that
901 3737 25 24 of
941 3738 38 23 the
999 3738 109 32 Colonist,
1122 3740 65 25 when
1205 3742 56 31 they

669 3768 67 24 think
747 3777 82 24 proper
845 3775 23 17 to
876 3778 4 2 ■
888 3771 109 32 complete
1017 3772 59 24 their
1095 3779 84 27 report.
1214 3775 46 24 We

669 3801 87 24 declare
777 3803 51 23 that
846 3803 81 31 during
948 3805 38 23 the
1006 3806 149 32 proceedings
1176 3808 28 24 of-
1221 3809 38 24 the

668 3836 104 30 evening,
785 3844 34 15 we
831 3836 65 24 could
908 3838 94 24 observe
1021 3847 29 15 no
1069 3841 75 31 single
1154 3841 105 26 instance

667 3871 23 21 in
704 3869 73 23 which
789 3869 39 24 the
847 3871 150 24 tee-totallers
1017 3873 27 23 of
1059 3873 143 32 Wellington
1201 3874 3 18 l
1203 3880 8 24 ;
1221 3877 38 23 in-

666 3900 82 26 truded
769 3903 144 25 themselves.
939 3916 2 5 ■
960 3905 47 23 His
1029 3907 161 32 attack-upon
1198 3909 59 35 JMr.

666 3935 110 32 lHarding
797 3936 66 24 could
883 3942 40 18 not
944 3938 28 23 be
990 3940 115 30 approved
1124 3941 24 23 of
1170 3928 33 37 h4
1224 3942 18 24 h.

666 3969 73 27 fellow
742 3969 135 29 -workmen,
889 3971 43 23 and
945 3979 41 15 we.
988 3972 78 24 rather
1078 3973 67 24 think
1157 3974 51 24 th*
1219 3979 24 20 th

1943 2408 49 24 The
2014 2408 102 24 Colonist
2127 2409 26 23 of
2169 2409 96 32 August
2287 2412 39 26 12,
2348 2411 103 23 contains
2470 2418 29 16 an

1910 2442 76 23 article
2008 2442 25 23 in
2056 2442 76 24 which
2151 2451 15 15 a
2178 2444 99 30 .variety
2294 2444 26 23 of
2339 2444 102 31 subjects
2463 2453 37 15 are

1909 2475 96 23 touched
2024 2484 70 23 upon,
2113 2484 25 15 or
2159 2476 92 24 alluded
2270 2481 30 25 to,
2315 2477 54 23 with
2380 2477 74 24 which
2465 2486 33 15 we

1910 2508 71 32 freely
1988 2508 73 24 admit
2073 2509 38 24 the
2122 2510 96 31 reputed
2228 2510 81 24 author
2320 2515 62 19 must
2393 2511 28 23 be
2433 2511 67 23 much

1909 2550 62 15 more
1983 2548 143 23 conversant,
2139 2543 56 24 than
2204 2551 35 16 we
2251 2552 43 15 can
2305 2544 102 31 possibly
2419 2544 56 24 have
2482 2545 18 23 it

1910 2576 23 22 in
1945 2583 40 15 our
1995 2583 78 24 power
2085 2582 22 17 to
2120 2576 37 25 be.
2192 2576 47 24 We
2250 2577 55 24 echo
2317 2577 37 24 the
2367 2578 133 31 expression

1910 2609 24 23 of
1968 2609 60 23 Save
2035 2616 34 18 .us
2081 2609 58 24 from
2152 2618 43 16 our
2332 2611 46 23 and
2388 2619 34 15 we
2433 2611 67 24 think

1910 2649 32 16 we
1950 2649 57 24 ,may
2018 2642 57 23 echo
2097 2642 59 24 back
2167 2644 26 22 in
2204 2643 47 23 this
2254 2647 3 11 1
2263 2651 59 21 case,
2341 2644 75 24 shield
2426 2652 28 16 us
2465 2644 35 24 for

1910 2682 75 24 mercy
1997 2675 57 24 sake
2065 2675 61 24 from
2138 2684 40 16 our
2195 2677 127 30 pretended
2333 2684 66 18 ones.

1943 2709 43 23 We
1997 2717 39 15 are
2048 2714 41 18 not
2098 2709 136 32 displeased,
2247 2710 111 29 however,
2372 2714 23 21 to
2407 2711 94 24 observe

1912 2742 48 23 that
1971 2750 41 16 our
2025 2747 174 27 contemporary
2210 2743 43 23 has
2265 2752 15 15 a
2289 2744 133 31 prescribed
2439 2745 62 31 path,

1912 2776 71 23 which
1990 2776 29 23 he
2028 2775 95 33 pledges
2130 2776 96 24 himself
2232 2784 67 17 never
2308 2781 23 20 to
2339 2776 89 25 deviate
2435 2779 66 29 from,

1911 2809 103 24 however
2033 2815 68 26 great
2117 2809 38 25 the
2167 2810 115 24 obstacles
2301 2818 52 24 may
2374 2811 36 30 be,
2429 2812 73 24 which

1912 2842 102 24 accident
2035 2851 56 23 may
2108 2843 71 24 throw
2198 2844 27 23 in
2246 2844 38 23 his
2306 2852 49 24 way
2363 2853 8 21 ;
2394 2845 109 32 pledging

1913 2876 86 24 oneself
2017 2884 70 16 never
2108 2882 23 18 to
2153 2877 91 24 deviate
2265 2877 59 24 from
2347 2886 15 15 a
2383 2879 118 31 procribed

1913 2917 85 23 course,
2011 2917 97 25 appears
2120 2914 23 19 to
2150 2919 28 16 us
2190 2919 31 16 an
2232 2912 87 23 unwise
2329 2912 97 30 resolve,
2439 2921 61 15 more

1913 2943 121 33 especially
2044 2945 27 22 in
2091 2952 14 16 a
2124 2952 50 16 new
2193 2944 97 31 Colony,
2308 2945 77 23 where
2406 2947 95 24 circum-

1913 2982 88 19 stances
2009 2977 29 29 of|
2042 2978 88 31 parties
2138 2978 89 31 change
2236 2979 24 22 in
2269 2978 57 24 such
2333 2979 67 30 rapid
2410 2987 90 16 succes-

1913 3011 58 29 sion,
1986 3011 50 23 that
2046 3011 81 24 unless
2134 3019 18 15 -a
2162 3019 55 16 man
2228 3011 45 24 had
2285 3016 39 27 got
2334 3012 96 24 himself
2440 3021 60 16 com-

1912 3044 98 32 fortably
2020 3044 81 32 placed
2112 3052 62 24 upon
2176 3053 3 5 1
2185 3044 38 24 his
2236 3053 50 16 own
2299 3049 96 27 country
2407 3048 93 28 section,

1913 3077 44 24 and
1979 3086 46 16 was
2043 3077 109 32 annually
2164 3079 117 30 receiving
2298 3078 36 24 his
2357 3079 97 29 £4,000
2478 3088 24 16 or

1913 3112 96 28 £5,000
2020 3119 43 24 per
2074 3119 92 21 annum,
2178 3111 61 25 from
2251 3112 36 23 his
2299 3112 73 23 Town
2383 3120 72 23 acres,
2467 3121 33 16 we

1914 3149 81 19 cannot
2011 3145 102 31 imagine
2131 3153 14 15 a
2164 3153 52 16 case
2232 3145 74 24 where
2325 3145 56 23 such
2395 3154 14 15 a
2423 3154 78 17 course

1913 3178 65 24 could
1989 3178 29 24 be
2029 3178 113 25 followed.
2179 3179 49 24 But
2238 3186 55 16 even
2304 3179 74 22 incur
2388 3180 114 31 imagined

1913 3220 58 21 case,
1983 3220 33 16 we
2030 3220 38 16 see
2079 3220 69 23 many
2157 3213 176 23 circumstances
2341 3211 77 25 which
2429 3214 73 30 might

1912 3245 80 24 render
2003 3246 58 23 such
2069 3246 135 28 resolution,
2216 3246 54 23 vain
2281 3244 46 25 and
2338 3245 76 25 futile.
2446 3248 53 23 ,Our

1913 3283 174 27 contemporary
2098 3284 88 26 repeats
2203 3278 169 32 emphatically,
2385 3280 50 24 that
2446 3288 55 17 even

1912 3312 39 24 the
1968 3312 60 25 New
2045 3312 102 25 Zealand
2280 3320 4 6 1
2296 3312 110 33 standing
2409 3305 3 16 1
2421 3314 26 24 in
2464 3314 37 24 the

1912 3353 57 24 way,
1987 3346 76 24 would
2075 3350 40 20 not
2126 3349 55 20 turn'
2195 3345 51 24 him
2258 3349 39 20 out
2309 3345 25 24 of
2353 3345 38 25 his
2411 3355 87 16 course.

1913 3379 43 24 We
1977 3379 59 24 have
2054 3379 84 31 always
2158 3378 141 25 understood
2320 3379 50 24 that
2388 3381 47 23 this
2457 3380 43 25 had

1912 3412 91 32 already
2015 3420 57 16 once
2086 3411 126 32 happened,
2232 3412 45 24 and
2289 3420 24 16 as
2326 3422 13 14 a
2350 3413 68 25 horse
2430 3415 21 23 is
2461 3418 39 20 not

1911 3446 129 24 warranted
2058 3446 31 31 by
2099 3446 37 23 his
2159 3453 85 21 owner,
2263 3453 59 17 even
2339 3447 112 32 although
2472 3447 28 24 he

1912 3479 81 23 should
2012 3479 92 32 display
2119 3486 61 16 none
2186 3479 33 24 .of
2234 3479 39 24 the
2293 3480 68 24 usual
2379 3481 80 24 marks
2477 3480 24 24 of

1911 3512 84 32 having
2002 3512 73 24 broke
2085 3512 77 30 down;
2176 3512 24 24 in
2211 3513 50 24 like
2272 3521 95 17 manner
2374 3523 35 15 we
2420 3514 80 24 should

1910 3545 29 24 be
1956 3545 100 24 inclined
2074 3550 23 19 to
2109 3545 110 25 withhold
2238 3554 41 16 our
2294 3547 73 24 belief
2382 3548 49 23 that
2445 3547 54 25 such

1911 3579 124 24 resolution
2045 3579 48 24 will
2112 3579 65 32 long-
2186 3580 108 24 continue
2312 3585 24 19 to
2347 3581 151 24 characterize

1912 3612 36 24 the
1961 3620 54 16 even
2026 3617 66 19 tenor
2100 3613 26 23 of
2136 3621 40 16 our
2185 3615 195 31 contemporary's
2386 3613 112 26 Editorial

1910 3645 46 24 life.
1993 3646 51 23 Our
2063 3646 94 32 leading
2174 3648 80 23 article
2270 3648 26 24 in
2306 3647 39 25 the
2359 3648 102 30 Gazette,
2477 3647 24 24 of

1910 3678 44 24 last
1967 3679 122 32 Saturday,
2111 3681 75 31 might
2204 3681 69 24 stand
2282 3689 55 23 very
2348 3681 68 31 fairly
2433 3690 25 15 as
2470 3688 28 16 an

1911 3721 86 15 answer
2016 3718 23 18 to
2058 3721 41 16 our
2119 3714 194 32 contemporary's
2331 3716 79 23 article
2421 3716 25 22 of
2460 3714 38 24 the

1913 3746 55 24 12th
1976 3747 103 31 August.
2111 3747 39 24 He
2159 3748 47 23 will
2217 3749 26 22 in
2251 3748 49 23 that
2309 3748 79 24 article
2397 3749 101 31 preceive

1911 3780 37 23 the
1960 3780 78 30 effects
2049 3780 26 24 of
2085 3780 49 25 that
2145 3789 76 22 cause,
2235 3780 80 25 which'
2320 3782 40 23 has
2373 3782 38 23 led
2421 3786 23 19 to
2458 3787 40 18 our

1910 3812 83 32 having
2005 3813 72 25 taken
2096 3822 30 24 up
2139 3815 49 24 that
2197 3815 69 31 topic,
2286 3815 45 24 and
2348 3815 101 24 inserted
2460 3813 37 24 the

1910 3851 87 19 extract
2007 3847 61 24 from
2081 3848 38 23 the
2130 3847 89 24 Nelson
2230 3847 134 30 Examiner,
2376 3847 74 24 which
2456 3847 52 26 has,

1910 3880 71 24 called
1993 3880 61 24 forth
2066 3889 26 15 so
2114 3885 79 27 strong
2211 3890 15 15 a
2244 3881 179 24 demonstration
2439 3881 59 23 from
2505 3900 5 7 ,

1910 3913 35 24 his
1956 3921 52 24 pen.
2045 3914 53 24 The
2112 3915 88 23 settlers
2221 3913 30 25 at'
2257 3914 58 24 New
2327 3913 133 32 Plymouth,
2472 3920 24 16 as

1910 3947 77 24 shewn
2001 3948 25 23 in
2039 3947 38 25 the
2092 3947 101 29 Gazette,
2207 3947 26 24 of
2244 3947 113 32 Saturday
2368 3948 53 28 last,
2432 3946 64 27 have,

1909 3980 20 23 if
1937 3985 41 19 not
1988 3980 148 25 commenced
2143 3984 24 21 to
2178 3980 64 25 issue
2254 3981 59 24 their
2324 3981 98 25 thunder
2431 3980 65 27 bolts,

579 43 102 47 SPft*
704 43 118 43 W*fo
847 44 211 41 Ztaimxo
1083 45 190 40 i&mtttc
1297 46 93 39 mxb
1416 46 301 48 mttUinqton
1742 46 255 49 gptttatsv.

1295 134 56 24 time
1370 135 46 23 fast
1437 135 146 32 approaches,
1595 136 67 24 when
1680 136 49 24 Mr.
1746 136 75 24 Davis
1839 137 48 23 will

1295 167 49 24 find
1354 167 19 24 it
1384 176 25 15 as
1423 168 94 24 difficult
1524 172 24 20 to
1558 169 63 24 force
1633 177 14 16 a
1655 169 98 31 bumper
1765 170 25 23 of
1798 170 88 31 brandy

1297 200 201 25 down-the-throat
1510 202 26 23 of
1550 210 23 14 a-
1582 207 72 19 tee-to
1657 202 77 29 taller;*
1743 210 25 16 as
1779 203 19 23 it
1811 203 78 23 would

1296 233 58 24 have
1365 234 58 23 been
1438 235 35 22 for
1494 235 47 23 him
1561 239 24 20 to
1603 235 57 24 have
1679 235 78 24 thrust
1774 244 14 15 a
1806 236 80 24 candle

1297 266 63 24 down
1374 267 37 23 the
1424 267 75 24 throat
1510 268 26 23 of
1544 268 40 24 the
1594 268 69 24 much
1673 269 120 31 respected
1802 276 85 24 person

1297 299 49 24 who
1357 300 106 30 presided
1473 305 24 19 at
1508 301 39 23 the
1557 301 47 24 late
1621 302 99 30 meeting
1733 301 25 24 of
1773 301 114 32 Temper-

1296 336 57 26 ates,
1365 337 24 19 at
1400 332 39 24 the
1450 333 138 31 Exchange.
1602 349 15 11 ,-
1635 338 10 13 •'
1655 346 98 18 ,;..-.
1850 348 6 10 i

81 1415 27 24 O
123 1413 50 22 Ncv

86 1443 16 22 D
124 1441 49 21 Firs

81 1472 20 18 0
127 1467 46 22 Fuli

86 1497 14 22 <
123 1495 50 21 Lasi

238 1396 28 13 MC

167 1422 13 13 v
189 1414 70 22 Moon

167 1444 17 18 st
192 1441 74 22 Quart)

172 1468 6 20 I
190 1468 68 21 Moon

169 1497 9 18 t
188 1495 78 24 Quarte

266 1396 37 13 )ON
313 1396 11 13 S
339 1396 13 15 Q

266 1429 45 6 ....
343 1415 13 22 7

266 1448 44 14 sr..
330 1443 25 20 13

266 1483 45 6 ....
329 1470 26 20 21

266 1502 16 14 ;r
295 1510 4 5 .
307 1510 6 6 .
332 1496 24 21 3C

355 1396 110 15 UARTERS.

359 1416 20 21 d.
413 1416 35 21 2h.
456 1418 58 20 21m.
536 1424 71 15 morn.

409 1444 15 21 4
450 1444 29 21 58
535 1444 79 21 aftern.

413 1472 9 19 1
451 1470 29 21 50
536 1471 82 22 aftern.

355 1498 5 19 )
413 1498 13 20 3
454 1498 28 19 25
539 1497 80 22 aftern.

65 1601 13 22 7

65 1630 12 20 8

65 1657 13 19 9

60 1684 18 19 !0

60 1710 15 20 !1

60 1737 17 19 !2

60 1764 17 20 13

85 1537 85 27 prises

86 1574 24 22 h.
138 1581 29 14 m.

87 1603 14 19 6
142 1602 27 21 30

87 1630 13 20 C
141 1630 28 20 30

87 1657 14 19 fi
142 1657 27 20 30

87 1684 13 19 6
141 1684 28 20 2S

87 1711 14 19 G
141 1710 27 20 28

86 1738 14 19 6*
141 1737 27 20 28

86 1764 14 20 6
141 1764 27 20 28

178 1537 81 27 osets.

179 1574 21 22 h.
228 1582 30 14 ra.

179 1603 13 19 5
232 1603 27 20 30

178 1629 13 20 5
232 1630 27 20 30

178 1656 14 20 5
232 1657 27 20 30

177 1683 13 20 5
231 1683 27 21 32

177 1710 13 20 5
230 1710 28 20 32

176 1737 14 19 5
230 1737 27 20 32

176 1763 14 21 5
230 1764 27 20 32

264 1545 4 17 f
275 1540 14 22 D
300 1545 48 20 age.

296 1603 26 20 10

293 1629 26 21 11

264 1655 1 21 !
294 1657 28 20 12

294 1684 26 20 13

294 1711 28 20 14

293 1737 26 20 15

293 1765 27 20 16

386 1540 114 28 Sundays',
517 1540 116 28 Festivals,

433 1568 84 26 Terms,
531 1570 40 20 &c.

356 1710 32 20 13
393 1710 61 21 Sun.
462 1710 70 21 after
538 1711 109 26 Trinity

64 132 206 22 BOROUGH
299 132 49 22 OF

202 167 156 26 Municipal
381 165 134 22 Election.

62 198 185 50 BROTHER
278 199 166 27 ELECTORS,
476 199 87 22 refrain
595 200 59 22 from

140 226 79 28 giving
241 227 113 27 promises.
387 226 97 22 Reserve
506 233 59 21 your
583 223 71 26 Voi'es

62 252 35 21 till
113 252 37 22 the
166 253 44 27 day
219 254 26 21 of
257 253 111 27 Election,
382 253 66 22 when
461 259 47 21 you
524 253 130 27 yourselves

118 278 45 23 will
173 280 28 22 be
212 280 94 22 enabled
314 282 24 19 to
344 279 71 27 judge
425 279 27 22 of
459 280 38 21 the
506 287 92 20 persons

169 313 100 22 BEST
298 313 249 24 QUALIFIED

254 342 22 19 to
285 342 116 25 represent
408 346 53 21 you.

454 366 37 22 An
508 366 118 22 Elector.

90 393 90 27 August
189 394 32 25 19,
233 393 77 22 1842.-
395 401 14 20 ',
436 397 4 3 •
502 395 5 4 '
551 409 3 4 .
650 409 4 3 .

62 436 141 25 QUALIFY
214 437 5 21 !
255 435 141 26 QUALIFY
405 438 5 21 !
422 436 5 23 !
463 435 144 26 QUALIFY
617 436 6 22 !
633 436 5 22 !
646 437 6 21 !

171 470 154 27 Municipal
351 470 191 27 Corporation.

60 503 182 49 BROTHER
261 503 164 28 ELECTORS,
442 503 40 22 the
500 503 44 22 last
563 504 50 27 day,
619 504 35 21 for

139 530 124 27 qualifying
280 530 36 21 for
335 530 99 22 Electors
452 534 25 19 at
494 530 39 22 the
558 537 94 21 ensuing

208 576 3 5 .
236 576 9 5 „
266 556 96 25 election
370 557 29 22 of,
407 557 38 22 the
516 570 47 7 ,..
575 569 79 7 ,,~*^....

176 590 88 22 FIRST
283 590 94 23 TOWN
397 591 139 22 COUNCIL

59 617 20 33 isj
88 617 39 21 the
136 616 89 33 SOth^of
231 617 43 22 this
289 618 87 22 month.
405 618 58 22 Now
478 618 18 21 is
510 618 39 22 the
564 618 88 27 time\;fp

57 640 60 12 ■*•*•'
127 650 69 21 prove
206 643 37 23 the
255 643 106 29 sincerity
370 645 26 21 of
401 652 56 20 your
468 644 71 22 desire
549 644 34 22 for

62 696 34 5 _..
170 676 341 28 ..SELF-GOVERNMENT,
588 683 66 9 ™-

59 704 31 26 by
106 710 68 20 every
187 711 53 14 man
260 704 27 22 of
302 707 127 25 competent
447 711 41 20 age
508 711 142 16 qualifying

101 748 3 3 .
137 734 25 23 %
186 746 3 12 ,
239 739 100 14 HIMSELF
359 738 28 15 TO
405 738 65 15 VOTE.
483 742 4 6 '
550 743 5 10 -.
597 736 17 11 "'
632 732 4 7 '
652 744 2 7 -

88 757 91 27 August
187 758 32 26 19,
231 755 61 25 1842!
454 775 2 8 ,
468 776 3 7 ,
582 755 6 15 ;
596 756 8 27 ?

283 802 54 21 For
351 802 70 25 Sale,
624 817 3 3 .

59 835 52 47 A
127 835 59 26 good
205 834 133 23 substantial
356 835 51 22 well
428 835 59 22 built
510 836 71 21 house
604 837 46 22 and

141 861 112 27 premises,
278 861 54 22 with
356 870 14 14 a
393 862 128 22 Publican's
551 863 99 22 General

59 888 95 21 License
171 887 109 28 attached,
299 889 26 21 in
344 896 15 14 a
378 889 159 28 commanding
554 885 44 27 anii
615 890 35 22 in-

58 915 103 26 creasing
186 914 182 27 neighbourhood
390 915 23 22 in
437 916 146 28 Wellington,
605 917 45 22 and

57 941 52 21 well
120 941 85 28 worthy
220 942 39 22 the
275 942 110 22 attention
400 943 25 21 of
440 943 66 22 small
520 943 128 28 capitalists.

58 967 49 22 The
123 971 69 18 terms
207 969 121 27 moderate,
348 969 45 22 and
412 977 52 20 may
478 970 29 21 be
521 970 84 23 known
620 971 30 27 by

57 994 109 28 applying
177 998 21 18 to

222 1022 21 22 J.
260 1022 129 27 Zillwood,
400 1023 221 23 Wiltshire-Tavern.

85 1054 224 28 Hawkstone-street,
321 1056 89 28 August
419 1059 34 24 19,
465 1058 61 20 1842.

60 1107 45 34 rip
109 1106 45 22 HE
175 1106 153 23 PREMISES
348 1107 67 27 lately
431 1108 108 26 occupied
558 1108 31 28 by
607 1110 40 21 Dr.

67 1129 30 26 X
138 1132 93 27 Gilbert,
243 1137 23 18 at
275 1134 38 21 the
325 1141 76 14 corner
410 1134 26 22 of
443 1134 153 23 Willis-street
604 1136 46 22 and

55 1160 40 21 the
106 1160 80 26 beach,
197 1160 44 21 will
258 1160 27 21 be
301 1160 85 28 shortly
394 1161 87 27 opened
495 1162 54 21 with
560 1169 14 14 a
586 1164 62 20 stock

54 1187 26 20 of
94 1186 95 26 genuine
205 1186 66 28 drugs
287 1187 45 22 and
348 1188 118 22 chemicals
478 1189 59 21 from
548 1189 101 27 Apothe-

55 1214 73 21 caries
139 1213 61 27 Hall,
213 1214 101 21 London.

84 1240 38 21 An
143 1240 148 27 experienced
307 1241 110 22 Assistant
434 1243 96 27 wanted,
549 1244 68 27 apply
626 1247 22 18 to

55 1267 22 21 J.
91 1267 89 26 Sutton,
193 1267 97 22 Medical
301 1268 62 22 Hall.

83 1299 63 23 June
156 1302 34 23 10,
201 1302 61 21 1842.

141 2906 125 21 AGENTS
280 2908 58 20 FOR
354 2909 72 20 THIS
439 2909 112 21 PAPER.

66 2931 38 18 Mr.
118 2932 129 18 BURCHAM
341 2935 76 17 Petoni.

66 2952 38 18 Mr.
117 2953 20 18 F.
150 2953 24 18 G.
186 2954 88 18 MOORE
341 2956 73 18 Nelson
422 2957 77 18 Haven.

66 2974 39 18 Mr.
118 2976 18 16 J.
145 2975 24 17 B.
177 2975 92 19 BAINES
346 2978 47 18 New
400 2978 111 23 Plymouth,
516 2979 107 18 Taranaki.

66 2996 38 17 Mr.
118 2996 25 18 H.
155 2997 124 18 CHURTON
345 2999 115 23 Wanganui.

67 3017 37 17 Mr.
116 3017 30 17 W.
159 3018 100 18 WILSON
342 3020 71 22 Bayof
422 3022 85 17 islands.

55 3091 80 18 London
223 3093 49 18 Mar.
296 3095 28 17 16.
336 3095 5 21 J
353 3095 73 18 Nelson
541 3099 51 20 Aug.
603 3100 28 17 13.

55 3113 103 17 Auckland
225 3114 46 22 July
299 3117 28 19 gi.
355 3116 48 19 New
408 3117 104 22 Plymouth
518 3131 14 5 ..
548 3113 48 27 July
602 3121 29 17 26.

55 3133 78 21 Sydney
224 3136 45 21 July
297 3138 28 17 v.
355 3137 42 22 Bay
404 3138 21 18 of
433 3139 85 18 Islands.
523 3152 6 5 .
535 3140 46 18 Feb.
614 3144 18 15 4.

55 3155 42 16 Van
123 3156 101 17 Dieman's
356 3159 46 17 Port
407 3159 73 23 .Phillip
494 3162 89 20 ....May
614 3164 17 16 3.

75 3176 57 17 Land
225 3178 45 22 May
297 3180 29 18 27.
354 3180 109 19 Adelaide..
502 3183 83 18 ...Mar.
602 3185 29 16 28.

65 3215 41 17 The
113 3215 100 22 following
219 3220 32 14 are
258 3217 34 19 the
299 3220 80 20 quarter
389 3219 47 23 days
444 3221 22 16 of
475 3221 42 18 this
524 3226 62 17 paper
591 3229 30 12 :—

153 3236 68 19 March
269 3251 16 6 ..
334 3252 14 6 ..
396 3241 16 17 •..
461 3255 15 5 ..
482 3244 43 16 31st
524 3237 11 23 :
550 3232 12 12 v

153 3257 52 19 June
482 3264 45 18 30t]l
528 3276 6 6 .

153 3278 134 22 September..
335 3295 16 5 ..
374 3296 41 6 ...
463 3285 73 18 ..30th.

153 3301 106 18 December
482 3307 50 17 3Xst.

67 3321 84 18 Persons
158 3323 110 21 previously
274 3324 21 17 to
309 3324 146 25 discontinuing
466 3328 53 17 their
525 3333 71 16 papers
603 3330 38 17 and

48 3343 167 22 advertisements,
223 3345 52 17 must
283 3347 58 16 settle
347 3346 34 19 the
392 3349 92 17 accounts
492 3349 38 18 due
537 3354 27 16 up
576 3351 21 17 to
607 3350 35 18 the

48 3364 50 16 date.
361 3375 4 5 ;

172 3404 99 22 STotice
288 3407 28 20 to
332 3407 181 24 Subscribers.

50 3437 77 25 Papers
142 3437 46 20 will
200 3439 36 19 not
252 3438 23 20 be
288 3440 46 19 sent
351 3441 21 19 to
384 3447 87 19 persons
485 3444 66 26 living
566 3446 37 19 out
619 3444 28 25 qf

72 3465 56 20 Port
139 3465 122 26 Nicholson,
278 3467 69 19 unless
361 3472 155 22 arrangements
529 3477 38 14 are
581 3473 61 20 made

71 3492 37 22 for
119 3493 35 20 the
159 3495 102 24 payment
271 3493 27 25 of
303 3494 36 20 the
348 3500 62 22 same,
422 3497 93 27 throvgh
530 3505 29 14 an
570 3500 73 26 Agent

74 3522 24 18 at
111 3521 135 25 Wellington.
