2550 4050
1909 144 81 30 duty,*
1999 144 20 23 is
2031 143 89 32 rapidly
2126 143 101 32 'forcing'
2230 143 66 24 itself
2304 145 47 23 into
2363 149 128 27 'consump-

1909 177 48 23 tion
1967 177 25 23 in
2002 176 46 24 this
2060 181 96 26 country
2164 185 6 20 ;
2190 176 37 24 for
2243 176 46 24 this
2300 177 46 23 fact
2356 171 48 30 two'
2411 185 81 16 causes

1909 217 38 16 are
1959 210 110 30 assigned-
2069 222 29 4 —
2099 209 89 24 smaller
2201 213 49 20 cost
2256 209 25 24 of
2286 206 148 35 /production,
2448 210 46 24 and

1908 243 135 31 superiority
2055 242 26 24 of
2102 241 165 25 manufacture.
2296 259 4 5 .
2309 242 75 24 There
2396 251 49 16 >can
2462 244 30 23 be

1908 283 30 16 no
1950 275 70 28 doubt
2029 275 50 24 that
2089 275 40 24 the
2141 275 114 24 Germans
2272 283 40 16 are
2331 280 106 27 amongst
2453 276 40 23 the

1908 313 60 19 most
1978 308 109 31 powerful
2098 308 26 24 of
2137 308 43 24 bur
2188 308 72 24 rivals
2269 309 27 23 in
2305 308 40 24 the
2363 309 87 31 growth
2470 309 24 24 of

1908 342 39 23 the
1957 349 45 16 raw
2015 341 109 29 material,
2137 341 45 23 and
2192 341 50 24 also
2259 342 25 23 in
2303 342 38 23 the
2359 341 135 31 production

1909 375 28 26 of
1949 375 170 23 manufactured
2132 374 91 24 woollen
2240 374 90 31 goods..
2355 375 68 23 Some
2442 374 52 25 idea

1907 415 54 24 may
1980 408 28 23 be
2023 407 88 24 formed
2129 408 25 23 of
2168 407 60 24 their
2244 408 129 30 operations
2382 407 112 25 fronv-the

1902 440 88 24 ■official
2001 445 121 19 statement
2133 440 26 24 of
2166 440 40 24 the
2217 440 118 32 Kingdom
2347 440 26 24 of
2387 440 105 25 Prussia.

1897 470 2 27 !
1908 479 99 17 Statement
2018 478 19 17 of
2045 479 32 16 the
2088 479 77 16 number
2175 478 21 17 of
2210 479 56 20 sheep
2277 478 21 17 of
2307 478 83 17 different
2401 479 64 17 breeds
2471 478 22 17 la

2022 499 74 17 Prussia
2102 499 95 21 according
2202 500 20 16 to
2229 499 66 17 official
2302 500 79 16 returns,
2387 502 17 14 v

1897 516 2 25 |
1934 523 11 9 '<
1989 520 4 3 '
2030 517 4 7 '
2215 520 50 17 JB3l.
2323 520 48 17 1834.
2423 520 51 19 1887.

1907 541 70 17 Merino
1984 541 36 16 and
2030 542 48 16 most
2091 541 79 20 improv-

1928 562 23 16 ed
1961 562 54 20 sheep
2187 560 196 22 2,397,171.2,831,553
2405 561 88 20 3,616,469

1907 582 47 17 Half
1964 582 93 21 improved
2070 582 97 21 sheep....-
2179 582 96 20 '5,301,385
2297 583 86 19 5,839,332
2406 582 88 20 7,265,088

1908 603 64 17 Native
1979 607 20 12 or
2005 607 83 14 common
2093 603 76 21 sheep...
2190 603 87 19 4,053/347
2290 601 3 4 '
2299 603 86 20 3,961,393
2389 611 3 4 •
2396 610 5 9 1
2406 603 88 20 4,328,895

1928 645 52 17 Total
1994 645 75 16 number
2084 644 21 17 of
2114 645 54 20 sheep
2180 643 96 21 11,731,903
2288 645 96 19 12,632,278
2395 645 98 19 15,210,452

1908 686 52 17 Total
1980 685 83 22 quantity
2082 685 21 17 of
2123 685 46 17 wool
2197 689 4 3 ■
2220 686 36 17 lbs.
2316 678 48 24 '%s.
2411 683 12 22 ,'
2425 696 6 9 r
2437 685 36 17 lbs.

1928 711 59 17 grown
1999 707 19 16 in
2033 706 75 18 Prussia
2180 706 97 21 23,331,206
2289 706 99 21 25,426,554
2397 706 97 21 30,224,904

1941 737 50 23 The
2003 741 93 19 amount
2109 736 24 24 of
2147 735 64 24 wool'
2217 736 99 31 brought
2330 734 26 24 to
2372 739 84 27 twenty
2472 735 22 24 of

1908 770 37 23 the
1957 770 61 23 chief
2027 769 102 24 German
2140 769 55 24 fairs
2203 776 54 22 was,
2269 770 25 23 in
2303 770 72 28 1836,
2387 770 107 28 128,400

1908 807 49 19 cwt.
1968 812 7 20 ;
1996 803 72 28 1837,
2089 802 107 29 156,387
2212 807 50 19 cwt.
2272 812 7 21 ;
2299 804 74 27 1838,
2386 802 108 29 194,764

1908 840 67 30 cwt:;;
1999 836 71 28 1839,
2091 837 109 27 236;236
2219 840 51 20 cwt.
2316 835 44 27 At.
2361 835 38 23 the
2410 835 84 24 Easter

1907 869 43 23 fair
1962 874 23 18 at
1996 867 93 32 Leip'sic
2101 869 44 23 last
2156 876 54 23 year
2222 868 43 24 the'
2271 868 105 32 English
2383 868 108 24 woollens

1898 897 10 13 :f
1908 902 50 23 sold
1968 902 59 28 well,
2035 901 98 24 because
2145 901 42 30 the,
2195 900 58 32 duty,
2261 902 46 23 had
2321 902 57 23 been
2387 901 107 29 reduced,

1898 932 54 27 Land
1966 935 55 29 also,
2034 935 17 23 it
2063 936 19 22 is
2093 935 80 28 stated,
2186 935 23 23 in
2222 942 154 24 consequence
2390 934 27 23 of
2429 934 65 24 there

1906 969 69 31 being
1987 976 66 22 many
2062 969 90 23 articles
2165 968 48 23 that
2225 976 41 15 our
2277 968 140 23 industrious
2423 967 71 24 rivals

1907 1010 39 15 are
1958 1002 46 23 still
2015 1002 85 23 unable
2112 1005 23 20 to
2146 1002 106 23 imitate.-
2268 1009 4 8 >

1941 1035 24 24 It
1980 1035 45 23 will
2042 1040 42 19 not
2102 1035 52 30 only
2166 1042 70 24 repay
2244 1034 39 24 the
2295 1035 110 23 attention
2415 1033 26 24 of
2455 1034 39 23 the

1907 1069 133 23 Australian
2049 1068 46 24 and
2107 1068 148 24 Tasmainian
2267 1068 96 23 colonist
2373 1072 26 22 to,
2407 1068 87 30 inspect

1908 1102 37 23 the
1958 1102 79 31 doings
2048 1102 25 23 of
2082 1101 69 31 sheep
2163 1101 198 31 wool-producing
2370 1101 124 28 conntries,

1907 1136 41 22 but
1959 1135 53 31 they
2023 1143 52 22 may
2086 1134 49 24 also
2147 1134 50 24 well
2215 1134 71 24 afford
2309 1142 14 15 a
2338 1134 42 23 few
2399 1133 95 23 seconds

1907 1172 24 19 to
1954 1169 38 23 the
2011 1169 146 29 competition
2178 1167 51 24 that
2250 1175 53 23 may
2325 1167 29 23 be
2376 1167 118 31 expected,

1907 1202 88 28 indeed,
2008 1202 41 23 has
2062 1201 99 30 actually
2169 1200 153 30 commenced,
2342 1200 57 23 from
2418 1203 76 20 cotton

1907 1235 65 24 wool.
2009 1235 46 23 For
2067 1235 39 23 the
2117 1234 56 23 sake
2185 1235 26 22 of
2226 1233 126 31 cheapness
2363 1234 24 22 in
2395 1233 98 31 produc-

1906 1269 57 28 tion,
1991 1277 41 15 our
2050 1270 182 22 manufacturers
2252 1267 58 23 have
2331 1266 163 29 endeavoured,

1908 1302 115 23 wherever
2044 1302 19 22 it
2081 1301 21 23 is
2121 1301 144 31 practicable,
2285 1304 24 19 to
2327 1299 122 24 substitute
2470 1300 24 23 in

1907 1336 77 22 mixed
1995 1335 83 23 fabrics
2089 1334 37 24 the
2144 1334 56 23 wool
2219 1334 25 23 of
2258 1334 39 23 the
2316 1337 75 20 cotton
2409 1337 47 19 tree
2470 1334 24 22 in

1905 1369 65 30 place
1988 1368 25 23 of
2035 1367 49 24 that
2102 1367 58 23 from
2177 1367 38 24 the
2233 1367 60 23 back
2311 1367 27 23 of
2358 1367 38 23 the
2415 1365 78 32 sheep.

1907 1402 52 23 The
1970 1402 78 23 article
2060 1401 54 23 thus
2125 1400 114 32 produced
2249 1401 20 22 is
2281 1407 26 16 so
2318 1400 69 23 much
2401 1399 93 24 inferior

1905 1436 26 22 in
1943 1435 101 28 warmth,
2054 1442 67 21 wear,
2133 1434 45 23 and
2190 1441 150 24 appearance,
2359 1430 49 26 that
2419 1433 18 22 it
2448 1432 46 24 will

1907 1472 41 20 not
1959 1468 47 24 find
2016 1468 80 24 favour
2108 1467 53 24 with
2173 1475 45 22 any
2229 1467 41 23 but
2281 1466 38 23 the
2336 1473 81 24 poorer
2435 1466 59 23 class

1907 1501 26 24 of
1957 1509 139 16 consumers.
2152 1499 119 32 Although
2293 1499 47 23 this
2363 1503 83 19 cannot
2463 1499 30 23 be

1906 1535 110 32 regarded
2029 1542 24 16 as
2067 1534 79 31 nearly
2157 1542 24 15 so
2194 1533 132 24 formidable
2339 1541 30 15 an
2380 1536 114 27 opponent

1907 1576 25 15 as
1943 1569 87 30 foreign
2046 1567 90 31 sheep's
2153 1567 64 29 wool,
2236 1571 40 26 yet
2293 1567 18 22 it
2329 1570 61 20 must
2407 1565 28 23 be
2452 1573 41 16 ex-

1906 1602 79 30 pected
1999 1606 23 18 to
2034 1601 100 23 exercise
2144 1607 61 16 some
2217 1600 121 28 influence,
2352 1599 42 23 and
2406 1607 30 14 on
2443 1598 51 24 that

1907 1639 95 19 account
2013 1633 82 25 should
2110 1638 40 19 not
2160 1634 29 23 be
2200 1633 42 23 left
2253 1638 39 18 out
2304 1633 25 23 of
2344 1640 41 16 our
2396 1631 98 24 calcula-

1907 1669 68 23 tions.
2022 1667 50 25 The
2095 1668 83 30 import
2199 1666 24 24 of
2246 1670 77 20 cotton
2344 1665 55 24 wool
2407 1666 36 23 for
2455 1665 39 23 the

1906 1706 52 27 past
1970 1709 52 23 year
2034 1700 73 25 would
2119 1705 38 19 not
2168 1699 68 25 make
2247 1701 18 22 it
2277 1708 82 23 appear
2370 1698 48 24 that
2429 1698 64 24 there

1906 1736 20 22 is
1943 1743 44 22 any
1998 1734 129 31 increasing
2136 1734 96 23 demand
2241 1733 35 23 for
2287 1734 20 22 it
2316 1742 7 20 ;
2340 1735 19 20 it
2370 1732 123 23 amounted

1906 1773 22 18 to
1943 1769 131 28 1,341,668
2088 1767 62 24 bales
2168 1767 48 23 into
2236 1765 105 29 London,
2361 1765 132 31 Liverpool,

1906 1802 44 23 and
1975 1801 114 32 Glasgow,
2116 1800 102 31 showing
2240 1807 13 16 a
2277 1799 105 24 decrease
2404 1806 29 16 on
2456 1798 38 24 the

1905 1835 108 31 previous
2032 1842 54 23 year
2109 1834 26 24 of
2161 1834 109 27 257,102
2288 1833 64 23 bales
2361 1841 7 20 ;
2390 1831 37 24 the
2438 1840 56 15 con-

1906 1869 116 30 sumption
2034 1868 40 23 has
2086 1867 49 24 also
2148 1866 118 24 decreased
2283 1868 106 26 142,230
2399 1865 71 24 bales.

1939 1901 86 24 Whilst
2047 1902 91 29 writing
2156 1900 62 24 these
2238 1899 66 28 lines,
2324 1899 38 23 the
2378 1898 116 31 following

1906 1938 121 20 statement
2044 1934 25 23 of
2084 1934 40 23 the
2143 1934 75 30 prices
2234 1932 108 23 obtained
2353 1937 23 18 at
2389 1932 36 23 the
2436 1931 58 24 wool

1906 1968 59 24 sales
1994 1967 73 24 which
2093 1966 144 24 commenced
2261 1974 28 15 on
2313 1965 39 23 the
2382 1965 57 25 27th
2470 1965 24 23 of

1906 2002 109 30 January,
2027 2001 44 23 and
2082 2000 74 24 ended
2179 2007 29 16 on
2226 1999 39 24 the
2284 1999 47 23 2nd
2346 1999 86 29 ultimo,
2452 1998 42 23 has

1905 2035 58 21 been
1975 2039 51 17 sent
2037 2042 36 14 us.

1940 3103 50 24 The
2008 3103 169 29 wool-growers
2197 3103 23 20 in
2232 3103 171 20 Austral-Asia
2420 3103 73 18 would

1907 3136 26 23 do
1953 3135 49 24 well
2021 3140 23 19 to
2060 3143 46 23 pay
2125 3135 39 22 the
2182 3137 87 20 utmost
2287 3133 110 23 attention
2417 3135 22 20 to
2456 3130 39 24 the

1905 3171 165 30 improvement
2090 3167 26 25 of
2132 3167 39 23 the
2189 3167 87 31 quality
2296 3166 25 22 of
2336 3165 58 24 their
2415 3164 76 23 wools.

1907 3202 95 31 Quality
2015 3201 44 24 and
2070 3201 115 24 condition
2197 3208 38 15 are
2246 3199 36 24 far
2293 3206 62 16 more
2370 3199 124 30 important

1907 3237 109 23 elements
2028 3235 53 23 than
2093 3241 63 17 mere
2169 3234 86 31 quality
2263 3242 6 20 ;
2289 3232 39 23 the
2339 3232 68 23 finest
2423 3229 70 24 wools

1907 3268 114 33 produced
2032 3269 25 22 in
2068 3267 118 31 Germany
2202 3267 86 24 realize
2302 3266 25 23 in
2340 3265 38 23 the
2396 3262 97 24 London

1905 3302 103 24 markets
2027 3302 45 22 five
2093 3300 106 31 shillings
2222 3308 14 15 a
2254 3298 85 33 pound,
2357 3296 76 25 whilst
2452 3295 40 24 the

1905 3340 87 19 utmost
2002 3334 99 25 realized
2122 3335 30 31 by
2171 3334 38 24 the
2230 3334 53 23 best
2300 3332 58 23 from
2375 3328 120 26 Australia

1906 3369 44 23 and
1962 3368 124 24 Tasmania
2094 3368 23 22 is
2126 3368 52 30 only
2186 3366 71 29 three,
2268 3374 14 15 a
2293 3364 120 24 difference
2418 3361 83 24 which-

1906 3401 96 32 nothing
2023 3402 42 23 but
2082 3409 31 16 an
2135 3401 126 28 inferiority
2283 3399 24 22 in
2324 3397 40 23 the
2378 3395 70 23 breed
2466 3402 27 17 or

1907 3439 158 28 management
2077 3434 47 24 will
2135 3432 137 31 sufficiently
2283 3434 95 20 account
2389 3428 43 24 for.
2468 3428 25 23 It

1907 3469 83 23 should
2012 3469 29 23 be
2062 3468 72 23 borne
2153 3468 25 22 in
2197 3465 63 24 mind
2286 3464 49 23 that
2363 3462 39 23 the
2429 3469 63 16 same

1907 3510 98 24 expense
2027 3502 20 23 is
2063 3500 105 32 required
2187 3498 62 32 (first
2267 3496 76 30 outlay
2367 3495 63 24 alone
2450 3502 41 15 ex-
2502 3500 4 19 '.

1907 3535 91 33 cepteS)
2009 3535 35 24 for
2055 3542 14 16 a
2078 3534 64 24 flock
2153 3533 25 23 of
2193 3531 37 24 the
2243 3531 140 25 commonest
2394 3527 97 32 discrip-

1907 3569 55 28 tion,
1973 3577 25 15 as
2009 3568 35 24 for
2056 3568 37 23 the
2103 3567 70 23 finest
2182 3564 107 27 merinos,
2302 3562 45 23 and
2357 3561 39 23 the
2407 3561 84 30 freight
2503 3570 3 6 -

1907 3603 45 23 and
1963 3602 64 23 other
2039 3600 86 25 similar
2136 3598 93 31 charges
2241 3604 29 16 on
2279 3596 37 23 the
2329 3594 56 24 wool
2403 3593 27 24 do
2451 3598 40 19 not

1907 3640 23 20 at
1952 3636 31 23 all
2006 3634 71 24 differ.
2126 3632 50 24 The
2192 3630 48 24 fact
2255 3629 51 24 that
2324 3636 14 15 a
2356 3634 54 23 very
2427 3626 64 32 large

1908 3669 103 32 quantity
2030 3667 25 24 of
2075 3666 88 29 foreign
2180 3662 57 24 wool
2259 3663 20 22 is
2301 3660 93 24 worked
2415 3667 31 24 up
2466 3661 26 23 in

1907 3703 67 30 fancy
1985 3702 90 29 designs
2086 3700 31 30 by
2128 3698 37 23 the
2177 3695 60 25 hand
2249 3695 25 24 of
2289 3702 41 16 our
2342 3693 88 24 British
2448 3693 43 24 fair

1908 3736 20 23 is
1938 3739 42 20 not
1987 3732 118 30 unworthy
2117 3731 26 23 of
2156 3730 83 24 notice.
2309 3726 80 25 Berlin
2400 3726 69 24 wools

1908 3769 22 23 in
1943 3768 63 31 large
2016 3766 86 27 letters,
2116 3771 25 16 as
2150 3763 51 24 well
2218 3770 25 15 as
2259 3761 39 23 the
2318 3759 76 24 actual
2411 3759 81 31 fabric,

1909 3799 139 33 everywhere
2060 3802 58 20 stare
2129 3804 28 16 us
2169 3796 25 23 in
2204 3795 37 23 the
2253 3794 49 24 face
2312 3803 5 20 ;
2338 3793 45 24 and
2401 3801 24 16 so
2436 3794 58 31 long

1908 3843 25 15 as
1943 3833 72 24 ladies
2027 3830 45 25 find
2081 3830 62 25 them
2151 3837 25 16 so
2184 3828 67 24 much
2260 3827 102 31 superior
2370 3827 24 23 in
2405 3826 88 32 quality

1908 3872 23 19 to
1943 3866 39 24 the
1993 3863 98 32 English
2098 3862 164 28 manufacture,
2272 3860 53 31 they
2335 3860 46 23 will
2388 3861 111 23 continue.
2505 3857 2 5 '

1909 3905 22 19 to
1950 3907 40 16 use
2009 3898 60 24 them
2078 3906 6 20 ;
2109 3895 44 25 and
2173 3895 63 24 these
2253 3894 89 31 foreign
2359 3893 70 23 wools
2448 3893 47 24 will
2505 3895 1 9 '

1909 3934 47 23 still
1976 3933 29 23 be
2025 3929 147 33 re-exported
2192 3928 59 24 from
2272 3926 107 33 England
2403 3931 22 19 to
2453 3933 41 17 our

1910 3965 133 32 antipodead
2054 3963 171 32 wool-growing
2236 3961 107 25 colonies.

1295 142 67 25 Land
1385 153 46 15 was
1454 145 53 30 ouly
1523 147 75 27 5,000
1618 145 68 29 bale's,
1708 144 77 24 whilst
1800 145 25 23 in
1844 144 37 24 the

1294 180 52 27 past
1360 186 55 22 year
1437 176 90 34 (1841)
1551 178 38 24 the
1600 177 158 32 importation-
1763 177 119 24 amounted

1294 211 29 22 to'
1329 218 63 16 more
1403 211 57 23 than
1470 216 39 18 ten
1517 212 68 22 times
1597 211 49 23 that
1661 212 114 29 quantity,
1795 210 87 31 as.may

1294 243 28 23 be
1334 251 54 16 seen
1399 244 31 30 by
1441 252 14 15 a
1463 244 115 23 reference
1588 248 24 19 to
1623 243 38 24 the
1671 244 104 23 annexed
1787 244 95 23 table-r—

1294 280 111 22 Showing
1411 280 152 28 'Importation
1574 280 26 22 of
1606 280 65 22 Wool
1680 280 58 22 from
1748 280 58 22 New
1814 280 68 22 South

1285 310 32 17 't■'
1330 317 4 6 '
1386 307 75 20 Wales
1472 307 45 20 and
1527 307 51 20 Van
1588 306 117 21 Diemen's
1718 306 74 21 Land.
1827 311 1 4 '
1853 307 4 20 5

1359 1374 44 23 We
1414 1379 77 26 regret
1501 1374 56 30 that,
1569 1375 60 23 from
1642 1375 37 23 the
1691 1376 54 30 plan
1761 1376 25 23 in
1806 1376 72 23 which

1292 1406 37 24 the
1341 1412 91 18 returns
1445 1416 38 15 are
1494 1409 65 22 made
1571 1416 38 24 up,
1631 1409 44 23 this
1694 1409 61 23 table
1769 1410 21 23 is
1802 1414 41 19 not
1855 1417 23 16 so

1291 1440 86 31 perfect
1394 1449 25 14 as
1438 1449 34 15 we
1490 1442 65 22 could
1573 1442 66 24 wish.
1686 1442 76 24 There
1780 1450 38 16 are
1837 1447 41 19 two

1292 1473 84 24 defects
1389 1475 24 22 in
1431 1475 26 22 it.
1493 1474 24 23 It
1533 1475 48 23 will
1599 1475 28 23 be
1646 1475 109 24 observed
1774 1477 49 22 that
1842 1477 37 22 the

1292 1511 133 20 statements
1436 1507 80 24 blends
1534 1508 39 23 the
1586 1509 56 23 wool
1652 1508 58 24 from
1725 1510 59 23 Port
1792 1509 86 32 Phillip

1292 1540 44 24 and
1349 1540 58 24 Port
1418 1540 110 25 Adelaide
1539 1542 25 23 in
1581 1550 42 15 one
1643 1542 55 23 total
1707 1551 6 20 ;
1733 1543 18 22 it
1768 1543 30 28 is,
1817 1543 62 23 how-

1292 1581 59 22 ever,
1363 1581 56 23 very
1430 1575 144 31 satisfactory
1585 1574 50 24 that
1646 1575 38 23 the
1701 1576 102 23 increase
1821 1577 58 23 from

1292 1606 63 25 these
1367 1611 104 27 separate
1482 1608 141 24 settlements
1634 1609 36 24 for
1681 1609 38 23 the
1731 1616 56 24 year
1806 1611 71 27 1841,

1292 1647 24 16 as
1326 1641 121 30 compared
1457 1641 55 23 with
1526 1643 72 28 1840,
1611 1643 29 27 is,
1653 1642 108 31 together,
1784 1650 29 16 no
1834 1643 45 23 less

1293 1673 54 25 than
1355 1675 77 28 5,314
1450 1674 63 24 bales
1522 1684 6 20 ;
1547 1674 40 25 the
1599 1675 64 24 other
1674 1675 73 24 defect
1757 1676 21 23 is
1790 1676 88 23 includ-

1292 1708 40 30 ing
1343 1706 37 25 the
1392 1708 63 23 bales
1467 1708 29 25 of,
1507 1708 57 23 wool
1574 1709 59 23 from
1645 1708 106 24 Western
1758 1709 121 24 Australia

1291 1741 72 23 under
1383 1740 40 24 the
1442 1741 99 32 heading
1563 1742 25 23 of
1613 1742 59 23 New
1693 1742 75 23 South
1790 1743 87 24 Wales.

1293 1774 48 24 The
1353 1775 84 30 import
1447 1774 58 24 from
1518 1775 38 23 the
1568 1775 80 31 colony
1660 1776 19 22 is
1698 1780 24 18 at
1738 1781 95 24 present
1851 1778 24 22 in

1291 1809 29 22 its
1332 1808 101 30 infancy,
1444 1809 110 30 probably
1565 1809 71 23 under
1648 1811 48 22 500
1709 1809 62 23 bales
1787 1809 36 24 for
1840 1809 38 24 the

1291 1849 53 23 yoxir
1370 1842 72 23 1841.
1499 1842 48 23 But
1570 1842 109 31 although
1700 1842 40 23 the
1761 1843 118 23 increased

1291 1875 146 30 importation
1467 1875 59 24 from
1556 1875 39 24 the
1627 1875 114 24 Southern
1771 1876 106 23 Colonies

1292 1908 121 23 amounted
1423 1908 46 24 last
1487 1916 54 23 year
1560 1913 23 19 to
1601 1917 29 15 no
1648 1908 46 24 less
1712 1908 54 24 than
1788 1912 89 26 11,990

1374 1942 20 22 it
1405 1942 20 22 is
1441 1945 41 19 not
1500 1946 23 18 to
1541 1941 28 23 be
1587 1941 112 31 imagined
1718 1942 50 23 that
1787 1942 38 23 the
1842 1943 36 22 in-

1292 1974 90 24 creased
1395 1974 96 24 demand
1501 1975 20 23 is
1539 1974 87 31 merely
1644 1975 122 24 evidenced
1783 1976 32 30 by
1833 1976 45 23 this

1293 2008 111 24 criterion.
1451 2007 47 29 -No,
1521 2008 76 24 whilst
1619 2008 119 24 Australia
1759 2009 43 23 has
1822 2009 55 24 been

1313 2042 70 30 going
1503 2049 42 16 our
1557 2042 64 23 other
1634 2041 97 24 colonies
1733 2054 33 4 —
1768 2042 38 23 the
1818 2042 60 31 Cape

1292 2075 23 23 of
1339 2074 68 24 Good
1423 2075 70 31 Hope
1511 2074 45 24 and
1572 2075 37 23 the
1628 2075 58 23 East
1707 2075 80 23 Indies
1788 2088 33 4 —
1822 2075 55 24 have

1291 2108 56 23 been
1354 2108 116 31 following
1476 2109 58 22 their
1541 2108 105 31 example
1652 2108 54 23 with
1715 2109 163 30 praiseworthy

1292 2141 109 31 assiduity
1408 2150 6 20 ;
1428 2142 45 23 and
1481 2146 104 26 amongst
1594 2142 87 30 foreign
1689 2143 99 28 nations,
1798 2143 78 30 Spain,

1292 2174 127 30 Denmark,
1444 2174 73 25 South
1537 2174 116 30 America,
1672 2175 45 24 and
1740 2174 62 33 Italy
1821 2176 56 23 have

1292 2208 54 24 each
1365 2216 16 17 ,o
1379 2231 3 9 t
1383 2208 12 23 f
1421 2208 61 24 them
1505 2208 118 24 increased
1644 2209 59 23 their
1731 2214 94 26 exports
1854 2214 21 18 to

1293 2241 113 32 England,
1420 2249 25 16 as
1458 2242 36 23 the
1505 2242 116 31 following
1634 2242 57 24 table
1701 2242 44 23 will
1752 2242 126 24 sufficient-

1291 2275 23 30 ly
1327 2283 79 23 prove.

1292 2314 145 17 Comparative
1443 2313 119 21 Importation
1571 2314 21 17 of
1596 2314 51 17 Wool
1653 2313 38 18 into
1700 2315 83 20 England
1794 2314 47 18 from
1848 2315 30 16 the

1366 2335 92 17 following
1466 2335 60 17 places
1532 2335 28 17 for
1567 2335 32 17 the
1605 2339 51 13 years
1664 2336 41 16 18-10
1713 2336 36 16 and
1757 2336 48 16 1841.

1326 3241 37 30 By
1384 3241 46 22 this
1453 3241 59 22 table
1533 3241 19 22 it
1570 3246 95 24 appears
1689 3238 48 24 that
1759 3238 40 23 the
1823 3238 56 23 total

1291 3274 103 23 increase
1412 3274 25 24 of
1453 3274 38 23 the
1508 3272 145 32 importation
1672 3272 24 23 of
1716 3270 79 30 wools,
1815 3270 65 24 other

1291 3307 57 23 than
1358 3306 142 30 Australian,
1511 3306 35 23 for
1557 3305 39 24 the
1608 3305 44 24 last
1664 3313 51 23 year
1728 3312 45 16 was
1787 3306 91 27 22,035

1291 3340 64 24 hales
1363 3349 6 20 ;
1383 3341 39 23 the
1434 3340 175 28 totaLdecrease,
1622 3340 74 28 5,922
1705 3338 70 28 bales,
1784 3338 96 31 making

1293 3382 15 15 a
1317 3373 94 24 balance
1430 3374 26 23 of
1478 3374 109 27 increase,
1606 3373 90 28 16,113
1713 3371 72 24 bales.
1829 3371 50 23 The

1291 3408 102 22 increase
1403 3407 60 23 from
1474 3405 118 25 Australia
1604 3406 45 23 and
1661 3404 124 25 Tasmania
1794 3403 36 24 for
1841 3404 38 23 the
1886 3418 2 7 .

1292 3448 54 24 year
1359 3442 73 27 1841,
1442 3448 25 16 as
1479 3439 45 24 will
1534 3439 30 24 be
1574 3446 55 16 seen
1640 3439 32 30 by
1682 3438 37 24 the
1726 3451 2 7 <
1738 3438 59 24 first,
1810 3437 68 29 table,

1293 3481 44 16 was
1351 3475 100 28 11,990,
1461 3473 44 24 and
1517 3473 38 23 the
1571 3472 56 24 total
1645 3470 147 33 importation
1808 3470 26 23 of
1848 3470 34 24 all

1293 3507 149 31 descriptions
1461 3507 25 23 of
1500 3505 66 29 wool,
1584 3505 56 23 both
1654 3504 89 31 foreign
1761 3503 46 24 and
1818 3503 61 24 colo-

1292 3541 54 28 nial,
1360 3540 121 24 amounted
1493 3543 22 20 to
1527 3540 111 27 214,182
1649 3537 71 24 bales.

1326 3574 25 23 It
1371 3573 45 24 will
1434 3573 29 24 be
1611 3571 50 23 that
1674 3570 69 26 ,there
1752 3569 21 25 is
1782 3578 15 16 a
1809 3569 72 32 slight

1293 3607 104 23 decrease
1406 3606 36 24 for
1456 3608 63 22 1841
1531 3606 25 23 in
1567 3604 40 23 the
1621 3604 103 31 quantity
1736 3603 26 24 of
1777 3603 104 24 German

1292 3641 65 28 wool,
1368 3640 43 23 but
1420 3648 25 15 so
1458 3639 77 31 slight,
1548 3637 49 24 that
1609 3644 29 17 no
1651 3636 96 24 decisive
1755 3637 126 24 indication

1294 3681 41 16 can
1350 3674 30 23 be
1392 3672 100 24 deduced
1503 3670 131 25 therefrom.
1675 3670 25 24 It
1719 3671 29 29 is,
1768 3670 112 30 however,

1293 3707 50 24 well
1354 3706 85 24 known
1450 3706 25 23 in
1490 3705 38 23 the
1548 3703 64 24 trade
1614 3721 7 18 ?
1639 3703 50 24 that
1705 3703 65 25 there
1787 3704 28 29 is,
1837 3705 45 23 and

1293 3740 41 24 has
1357 3740 66 28 been,
1452 3747 14 15 a
1493 3738 59 23 keen
1580 3737 145 31 competition
1752 3738 73 30 going
1852 3745 38 16 on'

1293 3773 102 24 between
1406 3772 39 24 the
1451 3780 3 5 •
1462 3771 102 24 German
1582 3770 45 24 and
1644 3770 135 24 Australian
1799 3770 82 30 wools,

1294 3806 44 24 and
1347 3810 24 20 at
1386 3809 96 28 present
1496 3803 38 24 the
1550 3804 43 23 low
1606 3804 85 31 quality
1703 3804 26 23 of
1741 3804 72 23 wools
1823 3804 65 23 from'

1296 3840 117 30 Germany
1431 3846 38 16 are
1486 3837 68 32 being
1569 3837 116 32 displaced
1699 3837 31 30 by
1749 3836 38 24 the
1797 3837 68 23 latter
1873 3846 6 20 ;

1295 3872 44 25 and
1351 3872 49 33 this)
1408 3876 46 25 too,
1467 3869 117 33 singuarly
1592 3869 97 33 enough,
1696 3870 20 23 is
1726 3869 82 31 taking
1818 3869 64 31 place

1295 3912 24 18 at
1336 3907 39 23 the
1393 3913 65 16 same
1475 3907 103 21 moment
1595 3904 51 23 that
1662 3910 33 16 we
1714 3910 38 16 are
1770 3903 113 24 informed

1296 3940 29 31 by
1339 3947 41 17 our
1595 3937 51 24 that
1663 3937 101 23 German
1781 3935 100 33 hosiery,

1296 3973 98 33 though/
1405 3973 122 30 labouring
1544 3971 90 32 against
1653 3978 14 16 a
1682 3970 57 31 high
1757 3970 126 31 protective

61 154 23 20 at
94 150 57 22 least
162 148 58 23 have
231 142 75 27 blown
319 153 13 15 a
343 146 63 24 blast
416 146 72 24 which
503 154 40 15 can
555 146 53 31 only
619 146 28 24 be

63 181 132 25 considered
206 187 25 16 as
244 186 43 16 one
296 179 25 23 of
330 180 115 31 sounding
455 184 24 19 to
492 187 68 16 arms.
596 179 51 24 The

61 215 87 24 Nelson
175 212 92 24 settlers
296 213 19 23 it
339 213 21 23 is
381 217 49 19 true
456 212 58 24 have
532 215 41 21 not
601 212 47 24 had

59 248 38 24 the
108 247 132 31 possession
252 245 26 23 of
294 245 61 24 their
365 245 71 30 lands,
450 245 105 33 disputed
565 245 32 31 by
607 245 48 24 the'

59 281 95 28 natives,
183 280 43 23 bnt
252 278 40 24 the
309 288 2 6 •
318 278 59 24 Port
403 278 128 25 Nicholson
546 286 3 8 '
556 278 91 25 settlers

59 314 65 28 have,
137 313 46 24 arid
193 311 111 31 although
309 320 62 23 upon
378 312 47 23 this
433 313 104 23 occasion
547 320 15 15 a
568 320 77 16 move-

60 351 62 19 ment
134 351 22 19 to
175 346 54 24 take
242 350 22 18 to
277 353 60 15 arms
350 353 28 15 on
387 344 4 33 \
400 345 46 30 the,
451 351 51 26 part
513 346 25 23 of
553 345 39 23 the
604 345 42 23 In-

58 380 123 28 habitants,
194 378 75 25 which
283 386 33 15 we
334 378 106 32 thought.
444 379 143 28 unanimous,
601 386 44 16 was

60 413 53 31 only
129 412 125 32 prevented
266 412 148 31 terminating
431 412 25 23 in
463 426 5 2 -
477 420 14 15 a
499 408 2 6 '
509 413 136 30 sanguinary

60 446 97 29 conflict,
169 446 33 31 by
213 445 39 24 the
263 445 91 23 settlers
366 438 125 38 admitting!
499 445 37 23 the
545 452 75 24 power
628 445 27 26 if;

37 488 3 4 '
59 483 40 21 not
110 479 38 24 the
153 480 64 30 right
224 485 23 16 to
259 478 68 23 resist
338 478 39 23 the
385 478 121 31 peaceable
517 480 129 29 possession

31 533 3 6 ,
59 513 25 23 of
98 512 48 31 the,
153 513 101 23 Porirua
261 511 106 24 (district.
376 526 3 6 -
403 506 243 37 Our_comtemporat!y

31 563 4 6 .
59 546 145 24 commenced
223 544 229 31 his'Jeadirigarticle
464 544 54 24 with
529 552 13 15 a
552 545 103 30 prayef,_

38 586 4 13 i
59 584 23 19 to
93 579 75 24 which
179 587 35 16 we
219 578 65 24 'have
433 578 5 11 1
440 596 3 5 ,
448 582 61 19 most
518 577 126 31 -sincerely,

59 612 44 24 and
113 612 35 24 he'
153 611 108 32 followed
265 610 52 25 'this
366 610 56 25 with
433 618 14 15 a
458 610 81 32 charge
548 610 24 24 of
581 619 64 16 care-

58 646 108 30 lessness,
179 646 46 27 and,
235 652 14 16 a
260 644 74 24 threat
346 643 26 25 of
388 650 78 17 severe
476 644 168 29 chastisement,
650 664 2 4 .

58 680 41 22 but
116 679 31 23 he
160 679 45 24 has
217 676 192 32 unquestionably
419 676 105 25 deviated
532 677 60 24 from
602 678 51 28 ,Ins-

58 712 63 31 path,
134 713 28 22 in-
170 720 25 15 as
207 709 70 26 much
284 718 24 15 as
317 709 64 24 three
388 709 90 25 fourths
484 709 27 25 ,of
520 710 37 24 the
567 711 85 28 article,

57 746 25 23 in
92 746 106 30 question
216 746 18 22 is
253 743 101 29 devoted,
369 743 65 31 first,
453 747 35 25 to,.
495 752 13 15 a
520 743 91 24 defence
623 744 25 23 of

57 779 38 23 the
107 778 90 24 officers
209 777 24 25 of
242 776 39 24 the
293 775 72 25 Local
376 776 163 30 Government,
555 778 89 29 second,

59 820 13 15 a
83 811 92 24 defence
187 811 25 24 of
222 810 39 23 the
273 810 99 24 Porirua
383 810 108 29 Natives','
501 810 33 24 for
546 810 99 32 distroy-

58 845 40 31 ing
115 844 38 24 the
158 860 6 4 •
169 844 94 29 houses,
273 851 4 8 ;
282 843 45 23 and
344 843 90 31 driving
451 843 34 24 off
501 843 37 24 the
555 844 90 24 settlers

58 878 57 24 from
132 878 40 24 the
184 877 145 31 Company's'
334 877 151 31 possessions,
505 877 43 23 and
559 876 86 32 thirdly

58 919 29 16 an
97 911 79 24 attack
188 919 30 16 on
228 910 40 24 the
279 910 139 32 Company's
430 910 117 31 Principal
557 909 88 32 Agent,

57 946 25 23 in
100 944 41 25 the
151 945 61 24 form
223 943 26 24 of
263 951 14 16 a
292 943 72 24 direct
377 943 82 31 charge
476 943 25 23 of
509 947 39 19 not
560 942 86 32 having

59 978 107 24 satisfied-
178 978 40 24 the
226 980 3 13 '
237 977 78 23 claims
332 976 25 24 of
373 976 156 31 Rangihaieta
547 976 45 23 and
609 976 37 23 his

57 1011 122 24 followers.
216 1009 51 25 The
284 1010 155 23 observations
447 1004 30 28 ,6f
492 1017 40 14 our
544 1014 101 18 contem-
652 1017 3 4 *

167 1050 118 18 announce
303 1050 13 15 a
327 1042 47 23 fact
384 1042 27 23 of
426 1042 75 23 which
511 1049 32 16 we
556 1042 89 25 confess

58 1085 32 16 we
178 1080 42 20 not
237 1083 80 20 aware,
329 1075 55 29 viz.,
403 1074 50 24 that
474 1075 48 23 the-
530 1075 115 31 provision

57 1111 65 23 made
132 1111 35 23 for
176 1122 3 3 •
185 1110 40 23 the
235 1108 98 24 Natives
350 1109 26 22 in
392 1108 40 23 the
451 1108 92 31 System
555 1108 24 23 of
596 1108 49 24 Re-

58 1151 83 21 serves,
153 1151 46 16 was
211 1146 41 20 not
262 1142 25 23 in
297 1141 65 24 itself
371 1141 116 24 sufficient
498 1150 147 22 recompence

57 1177 34 24 for
113 1177 40 24 the
172 1176 56 24 land
245 1175 96 24 claimed
358 1175 31 31 by
407 1174 39 24 the
468 1175 59 23 New
545 1175 101 23 Zealand

221 1209 51 25 The
284 1209 140 31 paragraphs
437 1209 23 23 in
472 1208 39 24 the
525 1207 120 31 Colonists,

57 1249 23 19 to
92 1244 73 24 which
183 1252 34 16 we
228 1250 50 16 now
291 1242 81 29 allude,
393 1250 84 23 appear
494 1242 150 29 remarkable,

57 1285 62 16 more
132 1276 122 32 especially
263 1275 65 24 when
339 1279 42 27 put
388 1275 60 24 forth
461 1280 23 18 at
496 1284 13 15 a
517 1276 52 23 time
580 1276 65 23 when

56 1311 37 23 the
105 1311 89 31 subject
204 1310 72 24 forms
294 1309 38 23 the
343 1317 70 23 grave
432 1308 146 24 deliberation
591 1310 24 22 of
632 1318 13 14 a

59 1344 77 29 Court,
159 1343 45 24 and
216 1341 65 26 when
302 1341 37 24 the
359 1343 128 30 prosperity
500 1343 25 22 of
542 1350 13 15 a
566 1343 79 22 settle-

56 1382 61 20 ment
130 1377 26 23 of
170 1375 189 33 agriculturalists
378 1376 19 22 is
416 1375 132 24 threatened
564 1376 55 22 with
632 1384 13 15 a

57 1411 45 24 fate
113 1410 47 24 like
172 1411 52 22 that
235 1409 25 23 of
275 1409 105 29 Porirua,
400 1409 41 22 but
452 1409 54 22 with
520 1409 36 23 the
568 1409 77 24 differ-

58 1452 53 16 ence
121 1444 50 24 that
177 1451 30 16 an
217 1450 63 22 army
290 1442 25 23 of
324 1442 96 23 soldiers
429 1442 75 23 would
515 1447 39 19 not
565 1443 80 23 suffice

58 1484 22 17 to
101 1477 70 24 afford
183 1477 50 24 that
248 1475 132 24 undoubted
398 1476 107 30 security,
525 1475 73 24 which
615 1476 31 24 all

57 1511 48 23 who
117 1518 98 25 propose
233 1513 24 19 to
270 1509 78 23 devote
360 1509 60 23 their
437 1510 54 22 time
506 1515 21 17 to
539 1510 106 23 cultivate

58 1545 36 23 the
113 1544 45 23 soil
172 1542 124 34 positively
306 1543 97 30 require.
440 1543 25 23 If
481 1543 38 23 the
536 1543 108 31 principle

57 1586 60 23 upon
129 1577 74 24 which
214 1584 42 16 our
266 1581 171 26 contemporary
445 1584 24 15 so
482 1576 64 24 lauds
553 1576 91 32 Rangi-

57 1612 74 23 haieta
143 1611 44 24 and
199 1611 36 23 his
245 1609 113 24 followers
376 1611 20 22 is
408 1609 104 32 adopted,
526 1609 52 31 (our
589 1618 55 15 con-

59 1650 125 26 temporary
192 1647 85 21 asserts
287 1643 49 23 that
346 1644 19 22 it
376 1644 20 22 is
404 1644 24 22 in
436 1647 67 19 exact
510 1644 134 23 accordance

59 1678 51 24 with
124 1678 38 24 the
171 1677 150 24 instructions
338 1677 25 22 of
372 1676 64 23 Lord
447 1677 62 23 John
528 1677 114 32 Russell),

59 1712 60 29 then,
129 1720 35 15 we
176 1719 48 23 say,
236 1710 67 23 adieu
312 1713 22 20 to
346 1710 32 22 all
384 1714 108 27 attempts
506 1716 23 18 to
541 1716 63 18 enter
615 1719 29 15 on

59 1745 37 24 the
101 1746 132 23 cultivation
238 1744 26 23 of
271 1743 38 24 the
314 1743 44 23 soil
364 1751 7 15 :
383 1743 39 23 the
428 1743 99 24 Porirua
531 1745 43 22 and
580 1745 64 22 other

59 1779 99 23 districts
169 1779 47 23 will
226 1781 41 20 not
278 1776 28 24 be
318 1776 75 24 useful
405 1781 23 19 to
441 1777 37 23 the
498 1778 107 23 colonists
618 1786 25 15 so

58 1813 53 31 long
122 1821 24 15 as
160 1821 12 15 a
183 1811 74 31 single
266 1810 84 23 Native
361 1810 58 23 lives
426 1811 25 22 in
459 1810 38 24 the
510 1811 59 29 land,
578 1812 66 23 when

59 1846 27 23 he
96 1847 72 23 Court
179 1845 26 24 of
218 1844 69 24 Land
299 1844 86 24 Claims
396 1843 48 24 will
454 1845 113 31 naturally
579 1852 65 16 cease

57 1887 25 16 as
99 1880 70 30 being
187 1887 30 16 no
239 1877 81 31 longer
338 1877 113 31 required.
488 1878 25 23 It
530 1879 19 22 is
567 1878 77 23 rather

59 1913 101 31 singular
176 1912 58 29 that,
249 1911 101 31 judging
367 1911 61 23 from
446 1911 38 23 the
506 1912 101 23 columns
621 1912 26 23 of

58 1946 37 24 the
111 1946 122 24 Auckland
249 1944 126 27 Standard,
388 1945 39 22 the
446 1946 110 22 attention
568 1945 25 22 of
605 1945 39 22 the

58 1979 81 24 Courts
152 1979 25 23 of
186 1979 88 23 Justice
285 1978 21 22 is
313 1977 80 30 nearly
400 1976 127 31 altogether
538 1978 106 31 occupied

57 2013 23 22 in
92 2012 103 31 deciding
207 2019 28 16 on
256 2010 38 23 the
306 2011 105 30 frequent
430 2018 64 15 cases
506 2010 27 25 of
545 2011 99 24 retalia-

57 2046 45 23 tion
121 2045 24 24 of
163 2045 38 23 the
226 2044 96 24 Natives
344 2051 31 16 on
393 2044 38 23 the
452 2044 75 23 white,
543 2044 99 24 settlers.

57 2079 81 29 These,
158 2080 18 22 it
196 2080 20 22 is
228 2083 58 22 true,
307 2085 60 16 seem
381 2077 104 24 confined
506 2084 23 16 to
542 2085 62 16 cases
622 2078 25 23 of

56 2113 134 23 retalliation
201 2119 60 24 upon
274 2110 39 24 the
320 2110 67 24 stock
399 2111 44 23 and
453 2115 107 26 property
570 2112 25 22 of
606 2112 38 22 the

59 2147 96 23 settlers.
191 2146 67 29 They
271 2144 57 23 have
349 2152 56 15 even
423 2152 59 22 gone
495 2152 25 15 so
537 2144 34 24 far
585 2153 25 14 as
621 2150 23 17 to

57 2179 64 25 shoot
133 2188 13 15 a
157 2178 104 25 valuable
273 2178 66 22 horse
352 2178 125 30 belonging
496 2182 22 19 to
531 2186 14 14 a
555 2178 89 30 gentle-

58 2221 58 21 man,
129 2214 36 23 for
176 2213 35 23 his
228 2216 41 19 not
280 2212 135 30 preventing
426 2211 35 23 his
475 2211 66 23 stock
553 2212 25 22 of
592 2212 52 30 pigs

57 2247 57 23 from
137 2245 152 30 occasionally
316 2244 113 31 breaking
457 2244 99 31 through
586 2245 58 23 their

57 2281 75 22 fences
141 2289 6 20 ;
167 2280 41 23 but
219 2280 19 22 it
247 2279 21 22 is
282 2277 49 24 well
350 2278 83 23 known
445 2278 49 23 that
506 2278 58 23 their
574 2277 70 34 Jde'as

59 2313 25 24 of
88 2314 84 31 justice
183 2321 38 15 are
236 2311 104 33 peculiar,
355 2316 42 19 not
414 2312 127 29 invariably
551 2312 94 31 visiting

59 2346 37 25 the
106 2347 49 24 real
172 2346 100 24 offender
283 2344 55 25 with
357 2344 38 24 the
405 2344 149 32 punishment
565 2345 25 23 of
606 2345 38 23 the

59 2380 91 29 offence,
160 2381 43 23 but
213 2378 140 31 retaliating
364 2378 35 23 for
411 2386 13 16 a
436 2378 114 31 supposed
562 2386 24 16 or
597 2378 47 24 real

58 2414 76 31 injury
145 2422 29 15 on
192 2413 39 24 the
247 2412 51 23 first
315 2412 144 31 opportunity
475 2412 50 23 that
541 2417 103 26 presents

58 2447 68 30 itself,
139 2447 45 23 and
195 2446 50 24 that
257 2441 131 27 even'when
400 2445 38 23 the
449 2445 40 23 life
501 2445 26 23 of
537 2453 13 15 a
558 2446 87 22 human

59 2480 68 32 being
138 2481 20 23 is
169 2485 22 19 to
200 2480 30 23 be
242 2479 39 24 the
292 2479 70 31 price.

92 2514 61 24 That
165 2513 38 25 the
214 2512 128 33 provisions
355 2512 64 23 made
437 2512 36 23 for
491 2512 40 23 the
550 2512 94 24 Natives

57 2547 31 31 by
99 2548 38 23 the
148 2548 59 23 New
219 2545 102 25 Zealand
337 2545 120 31 Company
468 2544 88 32 appear'
562 2546 80 31 ample,

59 2588 31 16 we
102 2581 68 23 think
179 2588 31 16 no
223 2587 41 17 one
285 2578 46 24 will
343 2580 113 30 questioa.
493 2579 112 31 Upwards
622 2580 23 22 of

61 2616 89 27 10,000
170 2621 71 22 acres,
263 2614 48 22 100
332 2613 25 22 of
374 2612 73 23 which
466 2613 20 22 is
505 2618 59 18 town
582 2613 60 29 land,

56 2647 56 25 have
122 2647 59 24 been
193 2646 106 25 reserved
311 2647 22 21 in
346 2645 38 24 the
396 2646 89 24 district
498 2646 24 24 of
532 2646 111 31 Welling-

58 2685 38 19 ton
104 2690 7 20 ;
129 2689 64 16 more
204 2680 57 24 than
281 2679 81 24 double
383 2679 51 24 that
453 2680 104 32 quantity
567 2680 26 23 in
605 2680 39 23 the

57 2714 88 24 district
156 2714 25 24 of
195 2714 97 27 Nelson,
306 2712 44 24 and
362 2714 75 27 6,000
454 2721 71 21 acres,
539 2714 25 22 of
571 2713 73 23 which

59 2749 31 22 60
111 2755 39 16 are
172 2752 61 18 town
249 2746 76 28 lands,
337 2747 25 22 in
383 2745 38 24 the
442 2746 58 23 New
522 2746 123 30 Plymouth

58 2780 88 24 district
155 2790 7 19 ;
181 2780 78 23 whilst
279 2778 39 24 the
330 2779 67 22 value
416 2780 67 29 given
501 2780 65 22 those
579 2780 66 22 lands

57 2814 21 23 is
90 2821 24 16 so
125 2816 65 28 great
202 2814 25 22 in
246 2819 71 23 many
328 2811 128 29 situations,
469 2812 49 23 that
536 2820 14 15 a
560 2817 51 18 rent
624 2812 25 23 of

57 2848 35 22 £1
113 2854 42 24 per
172 2846 49 24 foot
244 2845 24 24 of
290 2845 110 31 frontage,
422 2845 64 23 could
509 2846 30 22 be
560 2846 87 31 readily

57 2880 113 24 obtained.

90 2931 50 24 Dr.
160 2931 161 24 Selwyn.—
320 2928 56 27 We.
381 2928 140 25 understand
538 2937 107 24 proposes

59 2965 93 31 visiting
169 2964 98 28 Nelson,
288 2962 44 24 and
344 2962 55 24 then
410 2963 121 31 returning
548 2968 21 18 to
581 2962 64 25 Wel-

57 2997 95 32 lington,
170 2998 67 23 when
254 2996 29 23 he
295 2995 46 24 will
358 2996 111 31 probably
479 2996 69 24 make
560 2996 36 24 his
608 3004 38 16 so-

56 3032 67 31 journ
135 3035 108 27 amongst
258 3037 30 16 us
298 3030 36 22 for
346 3037 63 16 some
422 3029 101 25 months.
565 3029 82 24 Under

59 3065 63 24 these
145 3066 194 25 circumstances/
360 3063 45 23 and
426 3063 71 32 being
519 3064 25 22 in
570 3063 77 24 rather

60 3098 92 25 delicate
164 3098 87 29 health,
263 3096 31 24 he
304 3096 42 23 has
358 3104 56 24 very
424 3097 114 31 pr.operly>
545 3095 101 26 declined

59 3133 99 32 visiting-
169 3140 47 24 any
228 3132 33 23 of.
271 3138 42 15 our
328 3129 109 32 Literary
455 3130 192 29 establishments;

59 3173 24 15 or
93 3166 80 26 indeed
183 3165 109 29 entering
303 3171 30 16 on
344 3163 38 24 the
476 3164 86 31 objects
573 3163 73 24 which

59 3198 27 24 he
97 3200 44 25 will
158 3194 42 31 nc/
204 3199 71 24 doubt
286 3196 68 25 make
365 3197 19 23 it
402 3197 38 23 his
452 3197 98 32 especial
562 3204 49 16 care
624 3201 22 19 to

58 3231 67 27 foster
136 3232 55 28 andf.
201 3233 109 27 advance,
327 3229 59 25 until
395 3229 3 3 '
408 3227 46 27 hV
457 3237 80 20 return
544 3235 26 21 .to
578 3230 69 27 Wel-

58 3264 92 34 lington.
163 3264 70 34 /We
249 3268 82 28 repeat
337 3272 46 20 ,our
395 3264 56 31 deep
463 3268 76 27 regret
555 3264 52 23 that-
612 3271 34 16 we
648 3274 3 4 1

59 3298 52 26 have
127 3305 81 31 rajmer
223 3297 148 32 retrograded
388 3298 26 23 in
425 3298 111 23 scientific
554 3301 92 20 matters

58 3333 58 25 since
126 3334 41 35 hp
177 3333 144 31 Excellency
330 3331 37 24 the
379 3331 121 24 Governor
511 3330 81 24 visited

57 3355 138 49 settleijpnt.
230 3367 45 25 We
287 3365 47 24 had
343 3369 24 20 at
372 3387 4 10 ;
378 3365 50 24 that
437 3365 54 23 time
503 3373 14 15 a
528 3364 117 28 Museum,

31 3404 4 11 '
58 3406 12 16 a
78 3401 60 23 visiff
141 3404 24 19 to
170 3400 82 29 which,
259 3407 35 16 we
300 3407 41 16 can
346 3398 121 32 fearlessly
474 3402 66 25 state,
549 3397 97 25 afforded

56 3432 33 24 liis
102 3428 155 40 jExcellency
267 3433 50 23 real
334 3432 149 27 satisfaction.
517 3432 46 23 We
573 3430 74 25 would

56 3466 114 25 calLrDr.-
179 3466 112 32 Selwyn's
308 3467 111 23 attention
429 3470 25 19 to
472 3465 39 24 the
524 3465 81 24 Notice
618 3472 29 16 on

56 3492 85 37 F^ssel
151 3500 108 29 remains,
275 3499 109 24 inserted'
392 3500 26 23 in
429 3507 42 16 our
487 3499 46 24 last
543 3498 102 29 number,

55 3525 34 31 /'.'
97 3533 54 30 they
162 3533 45 23 will
224 3533 26 23 in
260 3531 32 24 all
308 3533 137 31 probability
456 3533 30 24 be
503 3532 95 32 shipped
611 3531 36 25 for

54 3566 111 32 IJiOndon,
177 3565 79 24 before
265 3564 38 24 his
314 3570 79 19 return
402 3566 61 24 from
477 3566 96 24 Nelson.

251 3604 203 44 WANGANUI.

95 3679 58 24 This
162 3678 90 24 district
260 3677 20 24 is
298 3681 23 19 at
339 3682 92 25 present
441 3679 25 23 in
482 3688 14 14 a
513 3679 134 32 flourishing

63 3712 120 29 condition,
195 3718 68 24 every
275 3717 43 16 one
330 3710 19 23 is
362 3710 24 23 in
397 3710 43 24 full
452 3714 140 30 occupation,
600 3714 45 24 and

63 3744 121 25 handsome
209 3749 73 19 stores
311 3743 43 23 &c.
384 3751 39 16 are
449 3746 90 31 getting
560 3747 87 31 rapidly

64 3777 142 25 established.
254 3776 52 25 The
327 3776 57 23 farm
402 3777 118 26 labourers
539 3788 37 16 are
599 3781 48 23 also

64 3811 46 24 said
120 3816 23 20 to
153 3811 30 25 be
193 3810 149 33 progressing
355 3810 25 23 in
398 3818 14 15 a
429 3816 61 18 most
505 3813 142 32 satisfactory

63 3851 98 23 manner,
174 3844 45 25 and
228 3852 14 15 a
252 3846 68 30 party
332 3843 59 24 from
408 3843 143 32 Wanganui
558 3855 50 15 now
623 3848 24 22 in

63 3876 146 33 Wellington,
221 3878 21 23 is
261 3876 81 31 taking
358 3884 117 17 measures
496 3883 22 19 to
537 3881 110 29 purchase

63 3917 14 17 a
85 3910 56 24 herd
152 3912 25 23 of
191 3911 69 24 cattle
269 3907 45 33 (30
325 3917 25 16 or
362 3909 44 33 40)
420 3910 35 24 for
467 3910 38 25 the
516 3920 98 24 purpose
626 3914 21 24 of

64 3944 146 32 establishing
221 3952 31 16 an
263 3944 115 23 extensive
390 3944 65 31 dairy
467 3948 24 20 at
509 3945 137 33 Wanganui.

33 3980 1 31 |
63 3976 50 35 T^he
123 3982 67 28 party
198 3978 52 25 who
261 3977 42 25 has
319 3977 85 31 kindly'
414 3977 118 26 furnished
548 3987 27 17 us
593 3980 54 24 with

675 146 39 24 the
724 146 147 23 information
882 153 33 15 we
924 153 52 15 now
982 145 38 30 lay
1026 144 79 24 before
1116 153 41 15 our
1169 144 99 28 readers,

675 187 47 16 was
736 186 42 16 one
785 179 31 24 .of
822 194 4 8 >
831 179 61 28 six;,
896 177 59 24 their
969 178 99 30 journey
1086 179 55 22 here
1160 177 116 31 occupied'

673 213 47 23 five
732 212 65 29 days,
809 219 44 15 one
866 211 62 31 day's
942 217 47 17 rest
1001 215 24 19 at
1045 210 81 24 Otaki.
1169 211 49 23 Mr.
1235 210 32 24 E.

675 245 23 24 J.
713 243 132 25 Wakefield
856 243 45 24 had
915 243 42 24 left
976 241 139 33 Wariganui,
1124 243 3 5 '
1134 244 42 23 but
1193 243 82 24 would'

673 278 41 24 be'
724 274 87 34 longer,'
815 292 5 13 r
819 276 2 4 '
825 273 40 33 on,',
872 277 36 23 his
927 281 88 25 return,
1033 277 122 31 intending
1172 281 23 20 to
1213 276 55 24 visit

675 311 89 31 Kapiti,
776 309 47 25 and
833 309 65 25 other
907 309 102 25 districts
1021 318 30 16 on
1068 310 40 23 the
1127 318 56 23 way.
1228 311 40 23 An

674 344 146 24 unfortunate
831 342 102 25 accident
943 342 118 32 happened
1069 351 30 15 on
1110 343 38 24 the
1157 351 64 15 occas
1228 344 39 22 ion

675 378 26 23 of
715 377 49 23 Mr.
776 375 149 25 Wakefield's
943 376 92 31 leaving
1044 378 16 27 ';'
1079 377 19 23 it
1113 376 75 24 would
1205 384 62 16 seem

675 410 47 24 this
726 434 11 2 _
743 409 133 32 gentleman'
880 408 32 25 4s
934 418 16 15 a
967 414 66 27 great
1044 409 129 29 -favourite,
1193 409 46 24 and
1254 417 14 15 a

675 443 73 24 salute
759 451 19 15 a-
782 443 23 23 la
810 442 89 25 :Maori;
904 450 46 16 was
962 443 133 31 attempted.
1105 457 3 5 ■
1121 442 59 25 ''Mr.
1193 441 74 25 Keith

670 476 76 24 lin-his
757 473 178 33 anxietyUo'fire
943 471 44 28 'the'
991 485 4 6 >
999 475 150 31 six'pounder
1164 476 57 23 used
1237 483 30 16 on

675 509 59 23 such
744 504 337 36 occasionSj'inaidvisedly'used
1089 516 13 16 a
1113 509 65 23 torch
1190 509 75 23 which
1269 510 4 8 1

665 542 147 26 .hadbeenin
820 542 85 24 theiire
910 543 23 22 in
939 544 114 30 ramming
1057 542 67 24 home
1131 542 37 23 the
1174 542 90 31 charge!

675 584 34 15 any
713 575 119 32 explosion
840 575 55 24 took
901 575 65 32 place
975 576 66 24 when
1053 576 38 24 the
1101 576 65 31 right
1174 575 61 24 hand
1244 575 26 23 of

675 608 55 25 Mr.'
735 608 90 25 Keith..,
826 617 54 16 was-
891 608 127 32 dreadfully
1035 609 122 29 lacerated,
1178 608 45 24 and
1246 608 20 23 it

673 642 81 24 is.said
764 642 120 24 the,bones
892 643 105 30 entering
1068 643 39 23 the
1115 642 150 31 composition

665 675 36 24 !of
715 675 38 24 the
845 676 51 23 and-
906 676 98 23 forearm
1024 683 58 16 were
1101 674 57 25 also'
1167 675 96 24 broken.

675 709 24 23 It
709 708 45 24 had
764 709 61 28 bqen
833 709 72 24 found
915 717 123 23 necessary
1053 713 22 19 to
1094 713 116 27 amputate
1225 709 40 23 the

674 742 70 24 index
754 742 75 32 finger
839 742 25 24 of
879 742 36 24 the
927 742 63 32 right
1001 742 67 29 hand,
1082 742 45 24 and
1143 742 38 23 the
1192 741 73 24 whole

675 776 120 31 extremity
807 784 96 23 appears
914 775 93 24 to.have
1020 775 56 24 been
1089 777 24 21 in
1132 775 56 23 such
1206 775 57 23 emi-

673 813 56 19 nent
741 809 85 31 danger
837 810 59 23 from
908 809 130 31 sloughing,
1051 809 50 22 that
1118 815 30 16 no
1168 808 96 31 splinter

676 850 25 16 or
711 842 116 31 bandages
835 842 65 24 could
906 842 54 23 with
967 843 116 30 propriety
1090 842 28 22 be
1125 842 102 22 resorted
1233 846 30 18 to.

708 875 24 23 A
739 875 115 24 'schooner
866 875 80 23 named
959 875 38 22 the
1008 874 75 23 Black
1105 872 112 31 Warrior,
1233 876 10 22 ]
1249 876 14 22 5

674 913 51 19 tons
736 908 113 29 burthen,,
852 908 43 23 had
906 908 58 23 been
975 906 121 29 launched,
1117 907 45 23 and
1173 915 52 23 may
1235 908 30 23 be

675 941 108 31 expected
797 941 71 29 .daily
889 942 23 21 in
912 948 7 5 v
935 941 59 23 Port
1199 941 64 25 .The

675 974 110 22 schooner
797 981 33 15 we
840 981 38 16 are
896 973 118 29 informed^
1026 974 20 23 is
1058 974 45 23 tile'
1112 974 117 31 property'
1242 974 26 23 of

675 1007 47 23 Mr.
743 1006 136 32 M'Gregor,
896 1007 110 31 formerly
1024 1011 84 20 master
1125 1007 25 23 of
1165 1007 39 23 the
1220 1007 43 23 In-

675 1040 87 30 dustry.
802 1064 4 5 .
861 1063 4 4 ,
892 1054 10 14 \
1018 1057 5 2 ■
1061 1045 11 16 >'

698 1087 3 3 •
709 1073 55 28 The,
777 1077 74 19 cutter
870 1072 120 25 Catherine
1007 1073 132 29 Johnstone,
1159 1073 45 23 and
1221 1082 42 15 an-

675 1106 64 23 other
755 1106 113 24 schooner
887 1107 99 30 recently
1124 1106 138 31 Wanganui,

675 1140 92 23 entered
788 1148 42 15 our
851 1144 52 27 port
924 1140 94 32 during'
1031 1141 37 22 the
1098 1140 125 23 afternoon'
1239 1141 26 22 of

675 1173 118 30 yesterday
805 1182 6 20 ;
833 1173 53 31 they
898 1174 66 30 bring
974 1181 136 24 passengers
1122 1173 45 23 and
1178 1181 14 15 a
1209 1173 55 23 mail

675 1207 59 23 from
753 1206 47 24 that
813 1206 95 24 district.
943 1207 45 23 We
1007 1207 57 23 have
1076 1207 122 23 conversed
1209 1207 56 23 with

675 1248 42 15 one
725 1240 26 23 of
758 1240 37 23 the
803 1247 143 23 passengers,
958 1238 25 32 (a
992 1240 131 31 gentleman
1132 1240 131 31 possessing

675 1273 155 23 considerable
849 1273 81 23 landed
948 1274 96 23 interest
1062 1273 84 35 there,)
1166 1273 44 23 and
1230 1281 33 15 we

675 1310 76 27 regret
762 1311 23 18 to
803 1306 55 23 hear
868 1306 57 23 from
938 1306 57 30 him,
1016 1306 49 24 that
1083 1306 38 23 the
1136 1306 127 31 aborigines

675 1339 46 23 still
734 1340 106 23 continue
859 1339 57 24 their
928 1340 113 23 demands
1054 1340 34 22 for
1108 1348 14 14 a
1133 1341 60 28 price
1204 1340 59 23 from

675 1372 45 24 the-
725 1372 98 30 settlers,
840 1372 76 24 before
927 1372 108 32 allowing
1046 1373 62 24 them
1120 1377 23 19 to
1157 1373 64 23 settle
1235 1381 28 15 on

675 1406 59 24 their
752 1407 106 23 sections.
894 1406 67 31 They
971 1414 59 21 now,
1049 1407 19 22 it
1079 1407 75 23 would
1173 1414 90 23 appear,

674 1439 56 24 have
742 1440 65 23 made
819 1447 32 24 up
861 1439 57 24 their
930 1440 75 23 minds
1019 1445 23 18 to
1054 1439 66 24 abide
1132 1440 39 23 the
1182 1440 83 23 arrival

675 1473 24 23 of
716 1473 44 23 the
766 1473 68 23 Land
853 1473 85 23 Claims
952 1473 198 29 Commissioners,
1171 1480 24 16 so
1213 1473 50 23 that

675 1514 40 15 our
727 1506 131 29 informant,
875 1506 84 23 -thinks
978 1507 49 23 that
1046 1514 29 16 no
1094 1507 170 30 compensation

674 1539 74 24 would
760 1545 22 18 at
802 1544 94 27 present
903 1548 99 16 -remove
1014 1540 39 23 the
1073 1540 86 23 maorie
1171 1541 92 30 opposi-

673 1574 49 23 tion
734 1578 23 19 to
769 1573 37 24 the
818 1573 62 29 land,
894 1581 24 16 or
929 1574 30 22 its
971 1577 93 27 present
1073 1573 113 31 produces
1189 1583 2 3 1
1195 1573 70 31 being

674 1606 97 24 touched
778 1607 5 24 !
821 1607 59 23 This
898 1608 20 22 is
930 1607 38 23 the
986 1614 63 16 more
1053 1612 3 5 1
1068 1611 23 19 to
1101 1606 30 24 be
1141 1606 122 31 Tegretted,

673 1640 96 23 because
781 1640 31 23 all
831 1640 39 23 the
889 1640 89 23 settlers
997 1648 37 15 are
1052 1640 110 30 perfectly
1173 1639 92 32 pleased

674 1673 53 23 with
740 1673 37 23 the
789 1673 100 31 locality,
899 1673 43 24 and
951 1673 43 23 soil
1004 1674 26 22 of
1039 1674 37 22 the
1086 1673 97 23 district.
1213 1673 52 23 The

673 1711 88 27 reports
773 1707 25 23 of
813 1707 39 23 the
865 1707 116 31 Surgeons
993 1708 23 22 in
1028 1706 136 24 attendance
1176 1714 28 15 on
1214 1706 49 24 Mr.

673 1740 82 29 Keith,
764 1748 59 16 were
830 1740 130 24 favourable
968 1741 66 22 when
1042 1740 37 23 the
1091 1739 109 25 schooner
1212 1739 51 25 left.

706 1791 53 24 The
776 1791 68 24 roads
864 1791 105 32 question
988 1792 42 23 has
1051 1799 50 15 now
1126 1791 107 23 assumed
1251 1798 14 16 a

672 1826 99 30 position
783 1826 25 23 in
818 1825 40 24 the
877 1825 129 23 settlement
1022 1823 45 33 (we
1086 1825 29 22 do
1134 1828 40 19 not
1192 1823 73 32 speak

673 1859 24 23 of
707 1859 39 23 the
759 1857 100 32 Colony)
872 1858 72 23 which
957 1866 53 23 may
1021 1866 54 23 very
1087 1858 68 30 fairly
1168 1858 27 23 be
1208 1865 55 15 con-

673 1891 89 24 sidered
773 1899 13 16 a
795 1892 130 31 prominent
936 1899 51 16 one.
1025 1892 44 22 We
1080 1899 40 16 are
1132 1891 95 23 enabled
1241 1896 22 18 to

673 1925 84 23 inform
767 1933 42 15 our
819 1925 93 23 readers
924 1925 49 23 that
985 1925 38 23 the
1036 1924 52 24 road
1102 1929 22 18 to
1137 1925 97 24 Porirua
1244 1925 19 22 is

672 1965 51 16 now
734 1958 151 31 progressing
903 1957 96 32 steadily
1008 1967 6 19 ;
1041 1957 42 24 and
1097 1965 33 16 we
1140 1957 58 24 have
1210 1957 53 23 thus

673 1992 37 23 the
724 1992 107 29 cheering
843 1995 106 28 prospect
962 1991 25 23 of
997 1992 78 29 seeing
1086 1990 40 24 the
1136 1991 52 23 first
1199 1995 64 26 stage

673 2025 25 23 of
707 2033 15 15 a
732 2029 64 27 great
807 2024 47 23 line
867 2025 24 22 of
905 2025 54 22 road
972 2024 134 31 completed,
1126 2024 51 28 and,
1190 2027 23 20 at
1224 2024 39 23 the

673 2065 62 16 same
759 2058 61 28 time,
846 2066 13 15 a
882 2062 60 19 most
969 2058 125 31 important
1123 2058 88 22 district
1240 2057 26 23 of

675 2096 94 26 country
781 2089 46 30 (we
838 2098 68 16 mean
921 2091 39 23 the
972 2089 109 33 Porirua)
1094 2091 87 30 opened
1192 2098 31 24 up
1239 2095 24 18 to

673 2125 39 23 the
868 2124 51 23 The
938 2129 87 26 system
1047 2124 100 23 hitherto
1166 2124 96 31 adopted

674 2158 41 23 has
727 2158 23 23 in
764 2166 28 14 no
801 2157 71 31 shape
879 2157 57 24 been
944 2157 93 29 altered,
1047 2165 25 16 as
1081 2157 88 31 sundry
1175 2162 88 26 reports

673 2192 74 23 would
767 2191 51 23 lead
835 2199 30 15 us
882 2197 23 17 to
927 2192 106 29 imagine,
1053 2191 43 23 but
1112 2191 40 23 the
1169 2191 93 30 parties,

673 2226 96 22 anxious
790 2229 23 18 at
836 2232 56 15 once
915 2229 21 18 to
960 2229 40 26 get
1019 2232 14 15 a
1054 2223 61 32 good
1136 2224 69 29 road,:
1218 2223 45 24 and

673 2258 110 24 executed
795 2262 23 18 at
830 2258 38 22 the
881 2258 106 31 cheapest
998 2263 56 24 rate,
1068 2258 58 22 have
1136 2257 33 23 let
1184 2261 39 19 out
1233 2265 30 15 au

673 2296 79 19 extent
772 2292 24 23 of
817 2291 65 23 three
903 2291 76 23 chains
1003 2297 23 17 to
1047 2296 42 18 two
1113 2291 151 31 enterprising

673 2326 98 28 settlers,
784 2329 23 19 to
818 2325 29 23 be
860 2324 125 31 completed
995 2325 30 30 by
1037 2329 109 19 contract.
1171 2329 2 6 '
1183 2324 78 24 These

672 2366 53 16 men
749 2366 37 15 are
809 2358 134 23 themselves
967 2358 126 30 extremely
1114 2359 80 28 active,
1218 2357 45 24 and

673 2392 64 24 work
750 2392 130 30 constantly
892 2396 22 18 at
927 2392 37 22 the
978 2391 160 30 undertaking,
1152 2391 51 27 and,
1210 2390 52 32 they

673 2425 91 31 employ
774 2433 60 16 none
849 2425 42 23 but
909 2425 98 23 efficient
1025 2433 104 23 persons,
1148 2426 28 22 to'
1188 2424 75 23 whom

674 2459 53 30 they
738 2460 51 30 give
797 2463 23 19 at
827 2459 39 23 the
874 2464 48 18 rate
929 2459 24 22 of
961 2461 36 21 ss.
1007 2466 42 23 per
1058 2458 52 31 day.
1142 2458 51 24 One
1200 2465 61 21 man,

673 2496 24 19 at
711 2497 93 27 present
826 2496 40 19 out
883 2493 25 22 of
922 2492 160 30 employment,
1101 2491 99 31 actually
1216 2499 46 15 was

673 2526 85 24 offered
770 2525 147 23 and-refused
929 2527 35 22 ss.
978 2526 39 23 6d.
1030 2533 41 23 per
1079 2525 50 30 day,
1139 2525 122 31 observing

673 2559 50 24 that
739 2559 30 24 he
787 2559 67 24 could
874 2559 65 23 make
957 2566 63 16 more
1040 2559 73 23 under
1134 2558 64 24 other
1214 2566 48 15 em-

672 2593 100 31 ployers.
809 2592 58 24 This
880 2592 51 24 trial
942 2592 42 23 has
1002 2593 59 23 been
1077 2592 65 24 made
1159 2592 54 23 with
1223 2591 40 23 the

673 2627 56 23 view
745 2626 26 24 of
785 2626 109 31 enabling
905 2626 36 23 the
954 2625 63 24 chief
1028 2625 195 32 Superintendent
1239 2625 26 23 of

673 2660 65 24 these
757 2661 125 30 important
898 2659 167 31 undertakings
1082 2664 23 18 to
1120 2659 112 23 ascertain
1243 2658 22 23 if

673 2693 38 24 the
730 2693 64 24 work
812 2700 44 16 can
873 2693 28 23 be
919 2693 58 22 done
994 2693 97 31 cheaper
1112 2693 30 30 by
1162 2695 102 21 contract

674 2727 55 23 than
746 2734 31 16 on
793 2727 40 23 the
851 2729 92 28 present
960 2731 95 26 system,
1073 2726 46 23 and
1135 2726 21 24 if
1172 2734 33 21 so,
1224 2725 39 23 the

674 2764 86 26 system
779 2760 47 23 will
849 2760 28 23 be
899 2760 110 30 instantly
1034 2767 62 16 more
1113 2758 149 31 .extensively

675 2794 64 22 acted
759 2801 69 23 upon.
853 2797 3 7 '
866 2793 51 23 The
933 2793 78 30 public
1030 2793 45 23 will
1093 2792 107 24 recollect
1214 2792 50 23 that

674 2826 38 23 the
719 2833 55 16 men
781 2827 118 30 employed
908 2827 28 29 by
945 2827 38 22 the
993 2827 70 23 Chief
1070 2825 194 32 Superintendent

675 2867 37 15 are
729 2860 144 30 immigrants
892 2864 39 18 out
942 2859 26 23 of
981 2859 162 32 employment,
1155 2867 68 22 many
1240 2858 27 24 of

675 2892 62 23 them
748 2892 83 23 unable
842 2900 26 15 or
877 2893 117 30 unwilling
1006 2897 22 18 to
1041 2893 28 23 do
1081 2900 13 15 a
1105 2900 83 24 proper
1200 2892 63 31 day's

675 2925 71 29 work,
759 2926 45 23 and
819 2933 35 16 we
873 2929 82 20 cannot
972 2926 42 22 but
1033 2925 160 32 acknowledge
1214 2926 51 22 that

675 2959 37 23 the
722 2966 75 24 wages
807 2959 45 23 and
863 2959 85 23 rations
960 2959 67 30 given
1037 2963 23 19 to
1068 2959 65 23 these
1141 2959 123 23 inefficient

675 2992 160 24 road-makers
853 2992 21 23 is
892 2996 59 20 most
969 2992 193 31 unquestionably
1176 3000 14 16 a
1200 2996 65 27 great

675 3025 60 24 boon
746 3025 118 24 conferred
875 3033 63 24 upon
947 3026 64 23 them
1023 3026 30 30 by
1060 3025 59 24 their
1127 3025 136 32 employers.

676 3059 67 31 They
754 3067 38 15 are
804 3058 104 30 allowed,
919 3063 23 19 at
953 3067 44 23 any
1015 3060 62 28 time,
1090 3063 23 19 to
1129 3065 79 25 accept
1219 3059 25 23 of
1251 3067 14 15 a

675 3100 63 16 more
749 3093 119 31 profitable
880 3093 160 31 employment,
1053 3093 52 29 and,
1119 3093 65 22 when
1197 3093 68 30 again

675 3126 77 23 thown
773 3131 38 19 out
831 3126 25 24 of
872 3126 160 31 employment,
1053 3134 38 16 are
1110 3126 154 31 immediately

675 3163 41 27 put
727 3168 30 15 on
769 3159 37 24 the
818 3159 41 24 list
868 3159 31 31 by
910 3159 38 24 the
960 3159 202 31 Superintendent.

912 3223 113 25 WOOL.

675 3281 94 20 Extract
771 3281 62 24 from
844 3281 35 20 the
891 3282 52 20 New
956 3282 95 20 Zealand
1068 3282 100 25 Monthly
1178 3282 85 25 ,Maga~

849 3331 3 4 ,
862 3311 55 24 ztrae,'
924 3309 42 20 2Vo.
977 3309 20 24 3,
1011 3309 65 20 1842-
1106 3303 4 4 '
1143 3328 2 7 ,
1159 3330 3 4 .
1178 3303 11 32 j;
1192 3303 12 31 ',',

691 3343 3 4 '
709 3341 36 24 As
769 3342 38 24 the
826 3342 73 31 staple
905 3338 5 7 '
917 3342 78 24 article
1012 3342 26 24 of
1053 3343 30 23 all
1098 3342 40 24 the
1155 3342 109 24 Austral-

675 3375 76 24 Asian
762 3375 99 24 colonies
873 3373 69 33 (New
952 3375 103 24 Zealand
1063 3376 64 23 alone
1136 3374 129 34 excepted,)

676 3409 45 23 this
732 3409 126 31 important
870 3409 141 23 commercial
1023 3409 97 31 product
1127 3409 51 24 first
1186 3409 78 25 claims

677 3450 40 15 our
738 3442 84 23 notice.
870 3442 51 23 The
943 3442 63 32 early
1028 3442 89 32 history,
1136 3442 31 26 of,
1182 3442 80 32 sheep-

675 3476 101 31 farming
786 3476 23 22 in
819 3476 120 24 Australia
949 3476 20 24 is
988 3476 52 24 well
1057 3476 109 29 known;-
1180 3476 47 24 and
1246 3476 19 23 it

675 3513 63 20 must
755 3509 29 23 be
801 3508 118 30 admitted,
931 3509 49 24 that
991 3513 23 20 to
1025 3510 40 23 the
1083 3510 132 31 enterprise'
1220 3508 45 24 and

675 3543 143 31 penetration
846 3542 26 24 of
898 3543 38 23 the
957 3543 130 24 M'Arthur
1109 3535 88 38 family^
1209 3539 55 27 '"the

676 3576 168 32 wool-growers
856 3583 39 16 are
907 3576 90 31 equally
1008 3576 115 29 indebted,
1136 3584 26 15 as
1174 3583 38 16 are
1224 3582 41 17 our

676 3610 179 23 manufacturers
875 3610 26 22 in
917 3610 46 24 this
983 3613 94 27 country
1096 3614 23 19 to
1138 3608 66 25 Watt
1220 3608 45 24 and

675 3643 143 31 Arkwright,
832 3643 44 23 and
889 3643 57 24 their
956 3643 76 24 fellow
1035 3643 120 30 worthies.
1163 3653 3 3 •
1181 3651 3 5 ■
1213 3644 2 5 '
1231 3642 13 13 '•

745 3677 21 23 is
785 3676 131 32 somewhat^
927 3677 135 31 surprising,
1079 3683 69 19 even,
1155 3676 65 22 when
1232 3683 33 15 we

676 3710 53 23 take
747 3710 48 23 into
816 3715 98 18 account
929 3710 40 28 ,the
975 3723 3 3 ■
985 3710 66 31 rapid
1062 3709 77 24 march
1152 3709 25 22 of
1191 3716 73 24 popu-

675 3743 72 24 lation
766 3743 24 23 in
813 3742 39 24 the
876 3743 87 24 United
967 3768 3 5 t
993 3743 126 30 Kingdom,
1150 3742 49 23 that
1226 3742 39 23 the

677 3777 158 30 consumption
848 3775 25 25 of
889 3777 88 31 sheep's
990 3776 58 24 wool
1066 3775 82 24 should
1163 3775 103 23 increase

676 3811 25 23 in
712 3819 13 15 a
736 3810 57 24 ratio
803 3810 49 23 still
862 3810 76 31 larger
948 3810 55 23 than
1018 3809 38 23 the
1074 3808 120 24 increased
1211 3815 54 24 pro-

677 3843 100 24 duction;
786 3851 3 4 ■
811 3842 37 24 As
859 3843 36 23 far
906 3851 25 15 as
943 3850 42 16 one
997 3850 42 15 can
1051 3843 59 22 form
1122 3848 30 16 an
1162 3841 110 23 estimate'

677 3877 57 24 from
753 3881 52 27 past
828 3876 45 23 and
893 3871 97 37 present^
1167 3873 63 24 there
1246 3874 20 23 is

676 3910 58 23 little
747 3910 85 30 danger
839 3909 26 24 of
873 3917 49 23 any,
929 3916 52 16 over
992 3908 134 32 production
1137 3907 25 24 of
1171 3907 97 24 colonial

677 3943 64 24 wool.
787 3942 30 24 In
838 3944 65 28 18,30
921 3942 38 24 the
978 3942 72 24 entire
1070 3945 80 28 export
1167 3941 26 23 of
1207 3940 61 24 wool

677 3977 58 24 from
748 3976 57 25 New
822 3976 74 25 South
913 3975 79 25 Wales
1012 3975 44 25 and
1072 3975 55 25 Van
1148 3975 119 24 Diemen's

565 56 101 47 STijc
689 57 52 42 wstuw
742 56 67 41 stu
1070 56 193 47 iffla?cttt
1286 56 92 39 anfcr

1935 2071 10 3 1

1909 2078 23 128 Unwashed

1988 2070 15 4 1

1965 2071 12 3 :
1964 2079 14 72 Locks
1965 2161 22 45 and
1959 2219 19 74 pieces

2018 2078 14 53 Skin
2018 2142 22 45 and
2018 2198 14 53 slipe
2025 2270 13 5 '.
2019 2283 6 5 .

2071 2077 15 112 Middling
2069 2295 17 1 j

2154 2076 5 88 Lambs,
2154 2171 12 120 lstquality

2127 2103 20 42 and
2126 2157 6 119 condition.
2126 2285 6 5 .

2207 2078 15 110 Middling

2261 2077 23 64 Good
2262 2154 15 99 clothing
2262 2268 7 6 .
2262 2281 6 5 .

2316 2075 15 113 Middling

2370 2077 22 63 Good
2371 2150 15 102 combing
2372 2267 5 5 .
2372 2280 5 5 .

2469 2129 8 115 Qualities.
2472 2292 20 4 I

2018 2305 20 10 1

2071 2304 21 10 1

2122 2307 53 17 {

2209 2303 20 11 1

2263 2303 21 10 1

2300 2296 38 17 [1

2399 2301 5 16 s.

1911 2345 20 12 8
1910 2390 14 21 to
1910 2454 20 23 11

1965 2331 20 26 10
1965 2388 13 23 to
1965 2426 20 11 1
1965 2465 20 15 4

2019 2343 19 94 2Hol
2019 2464 19 15 4

2071 2343 21 13 3
2071 2388 15 21 to
2071 2425 21 10 I
2071 2465 22 13 7

2154 2362 5 73 None.

2208 2341 21 14 3
2208 2387 14 22 to
2208 2425 20 10 1
2209 2464 20 13 6

2262 2342 23 14 7
2262 2387 15 22 to
2262 2424 21 11 1
2262 2451 21 39 10*

2318 2341 21 13 5
2317 2386 15 23 to
2316 2424 21 11 1
2316 2464 23 13 7

2399 2343 4 20 d.
2395 2402 8 27 ,s.
2398 2454 6 21 d.

2371 2361 6 73 None.

2473 2344 22 69 .ustral

2473 2412 5 50 lian.
2471 2484 2 5 .

2024 2497 1 29 1,.

2316 2503 20 9 1

2398 2502 5 17 s.

2471 2520 7 22 S.

1909 2531 21 26 6i
1910 2589 13 22 to

2112 2562 6 72 None.

2261 2561 6 73 None.

2316 2541 20 14 2
2317 2586 14 22 to
2316 2623 20 12 1

2397 2543 6 21 d.
2397 2611 6 17 8.

2370 2562 5 72 None.

2471 2573 22 67 .ustrai

1909 2665 21 26 91

2316 2662 21 26 4i

2398 2653 5 21 d.

2472 2642 5 32 iia.
2467 2676 11 13 r

2126 2703 20 11 1

2071 2703 21 11 1

2018 2703 20 11 1

2290 2702 20 10 1

2399 2701 6 17 s.

1909 2744 23 13 7
1911 2790 13 22 to
1911 2854 19 26 10

1964 2743 20 14 9
1965 2789 13 22 to
1964 2826 20 11 1
1965 2865 20 14 2

2126 2742 22 14 7
2126 2773 23 106 tollin

2071 2743 21 13 2
2071 2775 21 41 tol
2071 2836 21 13 6

2018 2744 20 11 1
2019 2789 13 21 to
2018 2825 20 11 1
2018 2865 20 26 2§

2290 2741 20 14 2
2291 2785 13 23 to
2290 2822 19 11 1
2290 2861 20 25 6J

2344 2754 5 73 None.

2399 2743 5 21 a.
2398 2807 5 16 s.
2398 2849 6 22 d.

2471 2750 7 103 asmania.

1911 2896 40 5 I
1911 2944 22 13 7
1911 2988 13 23 to
1911 3065 20 26 9}

1965 2943 20 13 9
1965 2987 14 23 to
1965 3025 19 9 111
1963 3065 21 11 1

2018 2930 20 26 10
2019 2987 14 23 to
2018 3024 20 10 1
2017 3063 21 14 0

2098 2903 21 10 1
2099 2942 20 14 0
2099 2985 15 23 to
2098 3023 21 11 1
2099 3061 21 27 5J

2289 2900 20 11 1
2290 2938 19 14 2
2290 2983 13 22 to
2289 3020 20 11 1
2289 3060 19 14 6

2343 2959 6 71 None.

2398 2898 5 16 s.
2398 2939 5 20 d.
2398 3006 5 17 s.
2398 3050 5 20 d.

2471 2911 4 62 Port.
2471 2981 7 88 Phillip.

1324 371 19 85 Totals'

1399 443 4 5 •
1397 506 2 6 -

1424 487 6 30 •.

1479 346 19 54 Port
1479 418 13 82 Phillip

1452 372 19 54 Port
1451 433 7 129 Adelaide..

1587 345 14 118 Tasmania
1593 470 4 3 •
1587 478 15 24 or
1586 512 15 51 Van

1559 372 16 115 Diemen'g
1559 501 23 63 Land

1668 346 14 55 New
1666 410 23 69 South
1667 489 14 75 Wales

1756 546 2 4 ■

1872 519 3 6 -

1329 579 15 87 -46,581

1397 592 2 5 -

1411 587 5 7 '

1448 616 21 53 8798

1486 586 3 3 •

1558 593 22 77 13,49/

1676 583 10 86 -24,286

1804 575 5 101 London.

1315 710 3 13 r.
1324 732 19 54 5786
1315 788 6 2 ,

1478 719 3 3 •

1574 702 3 3 ■
1556 746 21 41 440

1599 734 3 5 ■

1600 688 15 2 :
1607 707 4 6 -
1599 734 18 6 :
1610 768 3 6 -

1654 689 42 1 |
1664 711 3 5 .
1665 734 19 54 5346

1717 689 14 7 |.—..
1727 696 4 24 —
1728 720 3 1 .
1719 831 2 2 1

1773 689 19 1 i

1804 694 4 124 Liverpool.

1826 689 19 1 i
1843 814 3 9 ~

1300 879 2 5 -
1296 920 17 2 l

1323 864 20 40 648

1372 849 10 4 i

1666 866 20 41 648
1666 922 18 2 I

1731 922 21 2 I

1804 840 21 79 Bristol

1869 833 14 11 r
1869 922 10 2 i

1322 973 21 76 53,015

1449 997 21 53 8798

1558 976 22 76 13,937

1634 975 3 3 •
1636 1006 1 6 -

1666 975 19 77 30,230

1705 929 4 4 •

1830 974 23 63 Total

1804 931 14 146 Importation

1777 976 5 61 1841.

1863 948 2 6 -

1296 1239 10 2 I

1321 1132 21 76 41,025
1307 1239 34 2 j

1448 1156 22 55 3484

1558 1135 21 73 11,721

1660 1103 18 7 :
1667 1134 19 76 25,820

1831 1132 22 65 Total
1828 1239 28 2 !

1804 1090 14 145 Importation

1776 1136 6 59 1840.

1322 1265 20 75 11,990

1449 1288 20 54 5314

1558 1288 20 55 2216

1666 1288 19 55 4660

1831 1252 15 104 Increase

1804 1248 19 109 ofjlmport

1776 1275 6 61 1841.

1356 2368 12 80 Decrease

1419 2368 12 77 increase

1567 2394 6 55 1840.-

1630 2394 5 46 1841.

1357 2498 15 31 795

1567 2481 16 59 63,278

1630 2481 16 59 62,483

1420 2552 15 39 1161

1453 2551 3 4 •

1566 2552 16 41 6842

1630 2552 15 41 8003

1799 2562 5 17 •3

1356 2625 15 31 843

1566 2610 15 57 11,668

1630 2609 13 58 10,825

1806 2625 17 17 .2

1419 2683 15 58 15,186

1595 2745 13 1 1

1565 2682 16 59 40,004

1628 2682 16 58 55,190

1694 2678 6 64 _____

1777 2691 32 35 11

1296 2748 11 1 i
1300 2765 2 3 ■
1309 2797 7 1 '

1355 2753 17 41 3397

1565 2753 16 41 5492

1628 2752 16 41 2095

1729 2753 59 16 I1I
1757 2773 38 17 1

1420 2817 16 30 707

1565 2816 16 28 861

1629 2806 15 41 1568

1420 2868 15 32 515

1567 2858 15 42 2199

1630 2858 16 43 2714

1805 2869 38 16 i

1782 2853 22 33 'i

1356 2921 17 31 813

1566 2912 17 41 3194

1630 2911 16 39 2381

1756 2921 39 17 I

1420 2985 15 42 2959

1567 2985 16 41 7611

1632 2969 16 58 10,563

1818 2985 7 16 •d

1789 2985 10 16 M

1421 3039 14 41 1514

1567 3039 16 40 3477

1631 3037 15 40 4991

1837 3062 10 12 a

1567 3102 16 31 428

1632 3102 15 30 354

1786 3104 11 12 a

1357 3112 17 20 74

1359 3185 15 42 5922

1380 3168 2 5 -
1373 3188 1 38 „___

1380 3168 2 5 .
1386 3201 4 3 -

1421 3168 16 59 22,030

1567 3158 17 69 145,054

1631 3158 16 67 161,167
