4198 5736
1234 4297 164 19 Mount
1431 4297 197 19 Benger
1661 4297 132 19 Mail

1331 4316 98 51 JUST
1453 4316 73 51 AND
1550 4316 97 51 FEAR

1328 4367 118 28 FRIDAY,
1461 4367 128 21 OCTOBER
1603 4367 32 26 23,
1652 4367 54 21 1896.

1301 4451 68 43 The
1392 4450 152 52 Banking
1571 4449 153 54 Enquiry.

1235 4537 69 27 Now
1327 4537 60 26 that
1406 4536 47 27 the
1471 4535 133 36 Banking
1627 4534 165 31 Corr*mittee

1236 4576 69 28 have
1319 4575 79 29 made
1413 4575 73 30 their
1498 4574 138 30 elaborate
1660 4579 94 34 report
1763 4576 29 28 of

1236 4615 191 37 proceedings,
1459 4624 52 18 one
1530 4624 50 17 can
1604 4613 73 28 form
1704 4625 69 18 some-

1237 4654 82 38 thing'
1335 4654 55 28 like
1404 4665 16 17 a
1442 4658 61 24 true
1524 4653 61 28 idea
1599 4652 29 29 of
1644 4653 47 29 the
1709 4654 80 29 awful

1236 4697 70 26 state
1326 4695 58 28 into
1404 4695 89 28 which
1516 4694 48 28 the
1587 4694 129 34 finances,
1741 4699 49 24 not

1235 4735 64 36 only
1313 4735 29 27 of
1361 4735 47 28 the
1422 4735 80 27 Dank
1514 4734 29 28 of
1566 4734 70 27 New
1657 4734 130 36 Zealand,

1236 4775 51 27 but
1321 4775 47 27 the
1411 4773 219 29 ranch-vaunted
1667 4773 122 29 Colonial

1237 4815 89 34 Bank,
1347 4815 55 27 had
1424 4818 48 29 got
1491 4815 68 26 into.
1601 4813 38 28 To
1664 4825 48 25 say
1730 4814 60 27 that

1236 4853 77 28 these
1346 4854 172 27 institutions
1542 4863 71 18 were
1632 4853 155 36 absolutely

1237 4898 90 23 rotten
1351 4904 118 26 conveys
1491 4893 51 27 but
1563 4902 15 17 a
1586 4892 71 28 faint
1679 4892 61 28 idea
1763 4892 28 28 of

1236 4932 47 28 the
1296 4933 111 28 terrible
1427 4932 113 28 muddle
1552 4932 59 27 into
1631 4931 90 28 which
1744 4932 46 26 the

1237 4975 192 28 management
1442 4972 54 27 had
1511 4970 126 33 dragged
1660 4971 47 27 the
1725 4980 48 18 con-

1237 5021 87 19 corns.
1364 5012 56 28 The
1434 5011 45 29 old
1491 5011 86 34 bank,
1599 5010 134 35 knowing
1752 5014 37 24 its

1237 5050 124 38 hopeless
1372 5052 140 28 condition
1536 5060 75 18 some
1634 5060 78 27 years
1726 5059 63 27 ago,

1236 5090 78 27 faced
1340 5092 47 26 the
1410 5092 95 32 music,
1535 5090 54 27 and
1615 5090 67 26 with
1707 5090 82 26 much

1238 5129 131 38 cunning,
1403 5132 48 26 not
1482 5129 65 38 only
1582 5128 130 29 obtained
1742 5128 47 28 the

1237 5168 148 28 assistance
1400 5170 28 26 of
1439 5170 46 26 the
1496 5169 77 28 State
1586 5172 29 24 to
1629 5169 63 37 help
1704 5168 21 28 it
1740 5172 47 24 out

1238 5206 30 30 of
1280 5208 35 28 its
1329 5208 156 29 difficulties
1498 5208 44 29 for
1554 5209 48 28 the
1615 5208 66 28 time
1695 5207 94 36 being,

1239 5248 51 27 but
1323 5259 55 17 was
1410 5250 90 26 clever
1527 5248 109 36 enough
1672 5251 29 23 to
1742 5250 47 34 get

1238 5286 156 35 legislation
1431 5288 100 36 passed
1583 5287 131 34 whereby
1768 5286 22 25 it

1237 5327 136 35 managed
1384 5329 28 25 to
1427 5325 157 28 whitewash
1606 5326 35 27 its
1657 5325 132 27 directors

1237 5365 53 28 and
1305 5366 105 28 officers
1423 5367 44 27 for
1487 5376 54 27 any
1564 5365 138 28 misdeeds
1723 5364 67 36 they

1236 5404 53 27 had
1303 5405 159 28 committed
1477 5405 28 26 in
1524 5405 48 26 the
1590 5407 62 34 past
1674 5404 38 35 by
1739 5403 48 26 the

1234 5447 132 33 payment
1376 5445 28 28 of
1418 5443 146 30 dividends
1578 5446 47 25 out
1639 5441 30 29 of
1677 5440 101 38 capital

1234 5483 57 28 Not
1305 5483 63 37 only
1383 5484 64 33 this,
1460 5484 51 27 but
1523 5483 23 26 it
1564 5480 131 29 obtained
1714 5480 74 35 legal

1232 5532 106 27 powers
1361 5523 132 35 enabling
1514 5521 47 27 the
1584 5518 90 30 Beard
1697 5521 28 25 to
1740 5518 32 28 de-

1232 5561 71 28 clare
1329 5561 155 32 dividends,
1503 5560 123 26 whether
1642 5568 30 17 or
1695 5560 48 25 not
1764 5557 21 27 it

1230 5600 56 29 had
1316 5602 100 26 earned
1444 5598 152 38 legitimate
1621 5596 96 37 profits
1740 5595 45 27 for

1229 5640 47 30 the
1308 5650 119 29 purpose
1453 5639 29 30 of
1516 5648 30 19 so
1577 5636 93 39 doing.
1724 5635 56 28 The
1795 5629 3 50 I

1840 163 186 34 Government
2052 180 61 19 now
2145 167 93 32 makes
2260 175 15 18 a
2301 161 89 31 feeble

1839 208 118 34 attempt
1983 212 29 23 at
2035 209 123 38 showing
2178 209 35 27 its
2240 206 96 27 horror
2363 206 27 24 at

1839 243 47 28 the
1900 244 143 41 discovery
2053 250 29 27 of
2096 250 66 28 such
2175 246 93 36 things
2283 242 106 38 having

1840 283 83 28 taken
1937 285 86 37 place,
2048 288 91 28 whilst
2163 295 39 20 we
2228 283 91 37 firmly
2345 282 31 27 be-

1842 323 66 28 lieve
1923 324 65 39 they
2008 330 81 26 knew
2115 325 132 41 perfectly
2271 321 59 30 well
2357 320 35 30 all

1842 363 45 27 the
1896 365 80 28 while
1985 367 60 27 that
2056 369 66 27 such
2135 365 136 32 authority
2285 361 107 28 existed

1841 402 42 26 for
1897 403 47 27 the
1960 411 130 31 payment
2109 408 28 27 of
2154 405 65 29 such
2234 400 156 29 dividends.

1841 441 56 28 The
1922 443 186 31 Government
2134 444 109 37 deplore
2265 441 47 28 the
2332 440 59 27 fact

1843 481 59 28 that
1912 482 27 27 in
1949 485 220 38 consequenceof
2176 482 54 29 this
2240 478 152 38 cunningly

1843 520 112 30 devised
1967 523 163 38 legislation,
2141 525 63 34 they
2227 530 45 18 are
2294 519 100 28 unable

1844 565 27 23 to
1886 570 143 28 prosecute
2038 565 47 28 the
2099 565 86 36 guilty
2205 559 113 41 parties,
2332 558 61 28 who

1845 610 28 17 so
1889 600 93 37 forgot
2004 603 161 29 themselves
2179 612 28 17 as
2230 607 27 20 to
2281 598 112 28 commit

1845 639 64 29 such
1925 652 84 26 grave
2021 643 116 30 offences
2150 640 108 39 against
2272 638 47 28 the
2346 636 37 28 all-

1843 681 133 37 powerful
1989 682 161 40 Companies
2161 683 62 28 Act.
2248 677 145 37 Although

1845 721 54 27 this
1922 732 62 27 may
2004 723 32 28 be
2058 732 60 20 true
2138 725 25 26 in
2183 734 14 16 a
2224 729 79 19 sense
2326 718 67 28 with

1845 768 106 29 respect
1962 765 29 24 to
2014 764 46 27 the
2083 765 45 27 old
2148 763 130 28 directors
2296 758 29 28 of
2346 758 49 28 the

1846 798 78 28 Bank
1937 801 28 26 of
1974 801 68 27 Xew
2055 801 126 34 Zealand,
2195 801 77 27 there
2297 807 50 17 can
2358 797 35 26 be

1845 849 34 19 no
1892 840 64 28 such
1972 850 96 30 escape
2085 843 28 28 of
2134 836 203 43 responsibility
2361 845 29 19 so

1845 878 41 29 far
1911 890 30 18 as
1964 881 53 28 this
2041 883 99 36 charge
2166 880 103 38 applies
2297 881 28 25 to
2348 877 47 27 the

1845 918 132 30 directors
2003 921 28 27 of
2054 923 46 27 the
2121 921 129 37 unhappy
2270 916 121 33 Colonial

1845 959 89 28 Bank.
1974 962 157 37 According
2151 965 28 23 to
2193 960 46 28 the
2261 957 114 33 Commit-

1845 999 67 27 tee's
1939 1005 101 32 report,
2073 1003 52 26 this
2151 1000 157 30 institution
2346 1000 49 27 has

1845 1038 70 29 been
1934 1040 159 38 practically
2109 1040 134 29 insolvent
2253 1042 44 28 for
2310 1048 81 27 many

1845 1088 88 27 years,
1960 1080 247 36 notwithstanding
2244 1082 48 27 the
2326 1078 68 38 high

1847 1117 98 30 falutin
1961 1119 129 38 speeches
2104 1118 75 31 made
2193 1119 37 38 by
2245 1120 48 29 the
2307 1120 73 29 chair-

1847 1170 64 17 man
1925 1165 28 23 at
1972 1160 47 28 the
2033 1162 98 27 annual
2151 1162 136 31 meetings
2314 1172 29 18 as
2368 1165 29 25 to

1848 1199 46 27 the
1925 1200 88 26 sound
2035 1202 52 25 and
2112 1205 93 32 strong
2226 1202 120 36 position
2367 1202 29 27 of

1848 1238 47 27 the
1916 1238 86 28 bank.
2043 1240 72 27 Year
2138 1238 71 28 after
2236 1250 67 27 year
2320 1250 76 19 came

1837 1276 1 44 J
1850 1278 45 29 the
1906 1277 110 40 regular
2026 1276 141 42 seven*per
2177 1283 63 26 cent
2255 1280 140 36 dividend,

1837 1319 1 36 !
1850 1319 65 28 with
1939 1330 14 17 a
1978 1330 58 18 sum
2061 1324 28 24 to
2111 1322 44 26 the
2177 1330 108 19 reserve
2302 1322 55 27 and
2382 1331 15 17 a

1850 1358 113 30 balance
1977 1359 105 29 carried
2090 1359 127 34 forward.
2257 1360 58 29 The
2329 1370 66 28 very

1852 1398 149 38 regularity
2036 1400 29 28 of
2098 1400 42 27 the
2170 1403 147 34 payments
2341 1400 56 29 and

1850 1445 126 21 amounts
2182 1444 27 24 at
2228 1441 54 28 last
2304 1441 91 37 began

1851 1482 27 24 to
1892 1481 90 25 create
1997 1479 134 37 suspicion
2154 1480 27 26 in
2195 1481 47 27 the
2265 1480 90 28 minds
2370 1480 28 28 of

1850 1529 75 18 more
1956 1518 133 40 knowing
2126 1520 172 35 individuals,
2334 1521 63 29 who

1849 1558 142 27 withdrew
2003 1559 70 27 from
2089 1561 43 27 the
2153 1560 83 33 bank,
2261 1564 49 24 not
2334 1561 64 35 only

1849 1596 71 28 their
1933 1596 65 28 cash
2012 1597 127 34 deposits,
2151 1598 52 28 but
2216 1599 37 30 bv
2276 1598 122 31 clearing

1837 1637 1 39 \
1849 1642 46 22 out
1907 1647 28 17 as
1945 1637 194 30 shareholders.
2170 1638 227 38 Unfortunately,

1837 1676 1 39 ;
1850 1676 76 27 there
1941 1687 71 17 were
2022 1678 43 26 far
2078 1682 43 24 too
2130 1689 81 26 many
2234 1689 75 17 more
2329 1689 68 26 poor

1850 1715 95 39 people
1965 1717 61 28 who
2046 1729 79 20 were,
2139 1718 115 30 deluded
2283 1718 39 39 by
2350 1718 47 28 the

1850 1756 140 27 seductive
2035 1758 108 30 balance
2166 1776 9 4 -
2196 1760 91 26 sheets
2341 1759 54 27 and

1851 1797 123 37 specious
1986 1799 157 28 statements
2157 1798 30 29 of
2200 1799 46 28 the
2258 1798 136 29 chairman

1850 1836 53 28 and
1930 1836 120 35 officials,
2085 1839 51 27 and
2169 1849 30 18 so
2229 1839 167 27 maintained

1850 1874 71 30 their
1931 1874 129 32 relations
2075 1878 63 29 with
2152 1878 47 29 the
2218 1878 75 29 bank
2307 1880 28 27 to
2348 1878 48 29 the

1851 1926 63 27 very
1928 1916 61 36 last,
2002 1921 27 24 to
2040 1916 81 39 learn,
2135 1918 76 29 when
2237 1918 23 28 it
2281 1928 54 19 was
2349 1921 46 26 too

1850 1956 62 36 late,
1942 1956 60 30 that
2025 1959 65 37 they
2108 1960 51 27 had
2183 1960 70 27 been
2275 1959 119 37 entirely

1850 1995 137 36 deceived,
2013 1999 54 26 and
2090 1999 57 27 who
2169 1999 27 26 in
2218 2008 74 18 some
2319 2008 76 18 cases

1849 2036 52 28 lost
1923 2046 81 26 every
2027 2048 91 28 penny
2136 2039 66 37 they
2225 2038 54 28 had
2305 2038 27 27 in
2348 2038 47 28 the

1849 2075 94 28 world.
1984 2076 54 30 But
2061 2079 43 28 for
2125 2079 44 27 the
2192 2078 96 36 timely
2310 2078 71 28 inter-

1832 2116 2 43 j
1850 2116 109 28 volition
1975 2117 29 27 of
2027 2119 97 28 certaiu
2152 2118 176 34 individuals,
2349 2118 47 28 the

1848 2165 79 29 game
1946 2156 28 28 of
1995 2159 127 37 mopping
2145 2169 36 27 up
2205 2159 46 27 the
2275 2157 121 30 Colonial

1847 2198 56 27 into
1930 2196 47 28 the
2002 2198 80 29 Bank
2114 2199 27 28 of
2172 2198 69 28 New
2276 2198 119 29 Zealand

1849 2236 87 28 would
1952 2238 68 28 have
2033 2249 71 27 gone
2116 2249 32 17 on
2166 2239 45 27 the
2225 2248 66 18 even
2317 2241 79 25 tenor

1847 2278 28 28 of
1895 2278 34 26 its
1951 2286 67 30 way.
2058 2279 45 28 All
2124 2278 89 29 would
2234 2278 69 29 have
2325 2279 70 28 been

1846 2319 105 37 quietly
1971 2319 144 31 smoothed
2124 2328 75 25 over,
2214 2318 54 27 and
2288 2327 34 19 no
2343 2326 52 20 one

1846 2361 88 29 would
1947 2361 70 29 have
2027 2359 83 30 heard
2118 2358 28 30 of
2154 2358 47 29 the
2215 2356 85 31 awfuf
2309 2356 84 31 deeds

1844 2402 60 29 that
1915 2403 69 26 have
1999 2401 67 27 been
2080 2399 167 30 committed'
2258 2399 43 28 for
2314 2408 79 27 years

1844 2446 70 34 past.
1961 2441 59 28 The
2051 2438 186 31 Government
2268 2448 45 18 are
2347 2447 32 28 ap-

1844 2492 31 26 pa
1880 2493 12 9 v
1894 2483 75 35 ontly
1981 2480 145 39 indignant
2136 2482 28 24 at
2173 2479 104 37 having
2289 2478 104 28 Messrs

1828 2518 2 35 :
1844 2522 115 29 Watson
1992 2520 54 27 and
2079 2518 153 35 M'Kenzie,
2265 2518 48 29 the
2338 2520 56 27 late

1844 2563 138 37 inspector
2002 2560 53 27 and
2077 2558 110 38 general
2211 2568 131 25 manager
2366 2558 28 28 of

1828 2598 2 37 I
1844 2603 46 28 the
1905 2600 131 35 Colonial,
2060 2598 97 29 foisted
2183 2608 73 25 upon
2279 2599 76 29 them
2365 2608 30 19 as

1844 2645 105 26 officers
1964 2642 28 27 of
2004 2641 44 28 the
2062 2639 78 28 Bank
2150 2638 28 28 of
2186 2638 68 28 New
2264 2638 130 36 Zealand,

1844 2682 146 38 especially
2010 2690 29 18 as
2061 2680 71 27 their
2154 2678 127 39 banking
2304 2690 92 18 career

1843 2723 55 28 had
1918 2723 70 28 been
2011 2719 114 37 entirely
2150 2718 153 30 associated
2325 2720 68 28 with

1828 2759 4 35 !
1843 2763 172 28 institutions
2049 2760 139 29 notorious
2234 2759 43 30 for
2324 2761 72 29 their

1829 2800 2 30 I
1843 2803 113 27 failures
1970 2811 29 17 as
2013 2800 124 27 financial
2151 2808 138 19 concerns.
2331 2801 27 26 It
2371 2801 24 26 is

1829 2837 3 37 i
1844 2841 93 30 rather
1973 2840 55 29 late
2062 2839 29 28 in
2124 2838 46 28 the
2195 2837 54 37 day
2280 2838 44 31 for
2348 2839 48 29 the

1829 2878 2 38 !
1845 2881 187 28 Government
2056 2882 28 24 to
2098 2903 5 10 ,
2114 2878 75 26 show
2220 2878 118 38 feelings
2367 2880 29 27 of

1845 2920 112 27 distress
1983 2919 27 26 in
2044 2916 162 29 connection
2237 2918 67 28 with
2339 2918 56 28 this

1844 2961 108 31 matter,
1966 2968 29 17 as
2009 2958 47 26 the
2069 2956 131 27 evidence
2213 2956 54 27 and
2291 2967 89 18 corres-

1843 2996 142 39 pondence
1999 2995 122 36 brought
2134 2993 94 28 before
2251 2996 48 25 the
2314 2996 60 25 Cow-

1827 3033 2 38 !
1844 3037 92 28 mittee
1957 3035 101 36 clearly
2074 3033 133 28 indicates
2231 3034 62 28 that
2315 3033 79 29 these

1826 3067 2 46 '
1841 3087 66 26 very
1921 3085 60 18 men
1997 3084 70 18 were
2089 3073 149 36 appointed
2260 3075 48 35 by,
2322 3084 31 17 or
2366 3076 29 25 at

1826 3108 1 43 1
1839 3116 47 28 the
1900 3114 161 37 instigation
2081 3111 36 36 of,
2132 3111 46 28 the
2194 3111 198 31 Government.

1839 3156 69 28 Now
1922 3155 60 28 that
1995 3154 65 36 they
2074 3153 81 27 know
2169 3152 61 29 who
2246 3153 55 28 and
2319 3156 73 26 what

1837 3195 66 38 they
1916 3205 55 19 are.
1985 3197 47 25 the
2053 3193 68 35 duty
2146 3191 28 28 of
2196 3192 48 29 the
2268 3191 107 30 Govern-

1838 3239 75 25 ment
1926 3235 22 27 is
1959 3235 74 37 plain
2046 3245 6 22 ;
2072 3233 50 27 but
2135 3231 137 40 although
2288 3233 47 28 the
2348 3243 26 18 re-

1836 3280 63 33 port
1912 3274 99 38 speaks
2021 3273 28 27 of
2065 3273 44 27 the
2121 3273 137 36 necessity
2274 3273 31 27 of
2317 3276 76 26 s<me

1836 3316 105 37 change
1967 3315 28 26 in
2028 3313 47 27 the
2107 3320 206 29 management,
2349 3316 43 25 ire

1836 3356 68 28 have
1930 3358 48 24 not
2002 3353 80 29 much
2103 3351 68 29 faith
2196 3353 26 28 in
2251 3352 140 38 anything

1835 3396 86 37 being
1934 3395 70 27 done
2018 3394 30 27 of
2061 3404 16 17 a
2098 3392 165 38 sufficiently
2288 3393 102 29 drastic

1835 3438 96 24 nature
1966 3437 28 24 to
2030 3436 46 24 cut
2103 3435 34 24 ot
2161 3433 155 36 absolutely
2343 3433 47 28 the

1834 3475 102 28 canker
1947 3473 88 28 which
2049 3471 52 29 will
2113 3472 91 37 surely
2216 3475 44 25 eat
2274 3472 58 28 into
2343 3473 48 28 the

1834 3515 80 28 vitals
1928 3514 29 29 of
1971 3514 47 28 the
2032 3513 79 28 Bank
2126 3513 29 26 of
2175 3513 67 27 New
2256 3512 132 36 Zealand,

1833 3555 53 26 and
1897 3555 112 34 destroy
2025 3553 71 26 what
2122 3553 72 26 little
2217 3553 119 26 remaius
2361 3553 29 27 of

1833 3594 46 29 the
1890 3593 44 30 old
1945 3595 138 27 worn-out
2092 3600 117 21 carcase.
2240 3590 149 40 Probably,

1833 3636 27 26 in
1874 3646 54 25 any
1941 3635 80 26 other
2044 3636 115 32 country
2180 3633 51 27 but
2254 3633 65 34 this,
2342 3633 47 28 the

1833 3674 77 27 State
1933 3673 91 27 would
2051 3673 68 26 have
2147 3671 151 28 interfered
2322 3671 67 38 long

1830 3724 62 26 ago,
1907 3713 54 28 and
1976 3712 110 28 entered
2101 3721 75 28 upon
2189 3711 48 28 the
2257 3720 114 27 prosecu-

1830 3755 57 27 tion
1901 3753 28 29 of
1950 3753 78 28 those
2051 3752 104 28 whoso
2179 3750 141 39 glaringly
2346 3753 43 26 set

1830 3795 45 26 the
1890 3794 51 27 law
1955 3797 28 24 at
1997 3793 121 28 defiance
2129 3792 55 27 and
2199 3791 47 27 did
2260 3801 30 18 so
2303 3791 84 28 much

1828 3836 28 25 to
1870 3833 89 37 injure
1994 3832 46 27 the
2066 3830 170 38 community
2262 3830 56 28 and
2339 3831 48 27 the

1827 3874 88 26 credit
1929 3873 29 27 of
1971 3872 48 28 the
2037 3871 85 28 State.

1848 3968 39 20 Mr
1902 3968 23 20 T.
1942 3968 137 24 Mackenzie,
2098 3966 98 28 M.H.F,,
2207 3966 39 21 Itffc
2258 3966 35 21 the
2312 3966 72 24 colony

1823 3995 42 22 this
1876 3995 55 20 week
1945 3994 31 21 for
1987 3994 98 26 England.

1848 4034 37 21 Mb
1896 4033 60 22 John
1969 4034 75 21 Terry
2054 4034 16 21 is
2083 4035 93 25 gazstted
2184 4034 55 21 clerk
2251 4034 21 20 of
2288 4034 36 20 the
2334 4034 38 23 Dis-

1822 4062 51 19 trict
1888 4061 64 19 Court
1962 4062 23 18 at
1994 4060 90 27 Naseby.

1848 4099 47 19 The
1905 4099 73 19 session
1990 4099 65 20 closed
2070 4106 24 13 on
2109 4099 102 26 Saturday
2225 4099 46 26 lash,
2290 4099 41 20 and
2348 4099 36 21 the

1824 4125 73 22 formal
1909 4126 128 25 prorogitiou
2046 4126 37 20 has
2095 4126 49 21 bet-w
2156 4128 101 23 gazetter.

1848 4165 47 19 The
1913 4165 159 25 representative
2090 4165 22 21 of
2124 4165 73 21 Messrs
2206 4165 57 21 Kidd
2281 4166 41 20 and
2335 4166 45 26 Co.,

1822 4192 95 20 dentists,
1928 4192 17 18 is
1963 4191 20 19 in
1999 4192 111 24 Roxburgh
2126 4194 22 18 to
2160 4193 47 24 day,
2227 4192 40 20 and
2287 4200 47 18 may
2355 4193 25 20 be

1821 4217 107 22 consulted
1937 4218 22 20 at
1973 4217 85 21 Heron's
2071 4219 69 20 Hotel.

1847 4255 115 22 REPLYING
1980 4257 22 19 to
2023 4264 12 14 a
2051 4257 96 26 question
2167 4257 20 21 in
2206 4257 37 20 the
2262 4257 71 20 House
2348 4258 36 20 the

1822 4283 90 21 Premier
1923 4283 67 20 stated
2005 4284 45 20 that
2065 4284 35 19 the
2116 4284 87 20 General
2222 4284 87 20 election
2319 4285 63 20 could

1822 4310 36 20 not
1869 4309 47 20 take
1928 4309 56 25 place
1994 4310 19 20 in
2023 4310 38 21 less
2071 4311 50 19 than
2131 4317 12 13 a
2157 4311 80 19 month.

1851 4347 48 21 THE
1909 4347 76 20 friends
1994 4347 21 20 of
2023 4349 127 24 temperance
2157 4354 33 14 are
2201 4355 17 13 r<
2224 4347 84 21 minded
2320 4348 22 20 of
2350 4349 34 20 the

1825 4375 92 24 meeting
1935 4376 21 18 to
1975 4374 25 20 be
2018 4375 47 21 he'd
2088 4375 20 19 in
2128 4375 36 19 the
2183 4375 126 20 Athenceum
2333 4377 51 19 next

1825 4401 131 26 Wednesday
1968 4402 84 24 evening
2066 4402 32 20 for
2109 4402 36 20 the
2159 4409 87 19 purpose
2257 4402 22 20 of
2290 4402 90 26 forming

1823 4436 11 12 a
1846 4429 57 19 Good
1914 4428 111 26 Templars'
2036 4429 73 24 Lodge.

1848 4467 47 21 The
1909 4466 79 26 Mining
1997 4466 122 22 Conference
2135 4466 41 19 will
2192 4465 49 21 hold
2261 4466 26 20 its
2309 4466 73 24 sifting

1825 4495 22 21 st
1872 4494 118 22 Alexandra
2012 4496 22 19 to
2056 4493 40 23 day
2116 4492 98 28 (Friday).
2254 4493 32 20 Mr
2309 4493 23 21 C.
2354 4493 24 21 C.

1826 4522 90 21 Rawlins
1936 4521 120 26 (President)
2074 4521 42 21 will
2131 4528 15 12 r<
2154 4521 82 26 present
2255 4521 35 19 the
2302 4521 78 19 Millers

1827 4549 46 19 Fiat
1888 4548 82 21 Miners'
1982 4549 124 19 Association
2120 4549 22 18 at
2152 4548 35 19 the
2198 4546 132 22 Conference.

1853 4588 24 20 In
1897 4587 59 21 order
1973 4589 36 20 not
2023 4589 20 19 to
2056 4587 117 26 disappoint
2187 4586 36 21 the
2239 4586 99 20 residents
2362 4585 22 20 of

1824 4615 83 21 Millers
1917 4615 49 19 Flat
1975 4615 41 19 this
2033 4615 91 23 evening,
2143 4615 35 18 the
2189 4614 50 19 local
2259 4614 51 19 Glee
2329 4613 53 20 Club

1825 4641 71 20 inteuJ
1907 4642 21 18 to
1938 4641 108 19 substitute
2054 4647 11 12 a
2076 4646 127 18 programme
2212 4640 32 19 for
2255 4640 46 18 that
2314 4639 64 19 which

1822 4675 39 13 was
1883 4670 22 17 to
1931 4667 52 20 have,
2008 4667 48 21 bden
2074 4667 60 26 given
2154 4666 27 26 by
2199 4666 37 20 the
2260 4665 120 20 Orchestral

1822 4695 89 26 Society.

1848 4735 32 19 At
1888 4740 10 14 a
1906 4733 72 25 special
1987 4733 85 21 meeting
2078 4732 21 21 of
2106 4732 34 19 the
2148 4731 22 19 T.
2178 4730 42 21 viot
2229 4730 148 24 Fruitgrowers

1824 4761 114 24 Company,
1949 4760 47 21 held
2006 4761 37 19 last
2049 4760 65 24 night,
2123 4761 20 17 to
2150 4756 92 21 consider
2258 4757 33 18 Mr
2302 4756 77 19 Loiie's

1823 4787 123 25 resignation
1956 4787 22 20 of
1994 4787 35 20 the
2043 4786 86 28 position
2144 4784 21 20 of
2184 4789 102 19 manager,
2303 4783 17 19 it
2340 4789 38 13 wa

1823 4814 84 21 decided
1918 4816 21 18 to
1949 4815 36 19 ask
1996 4815 32 19 Mr
2043 4819 5 15 i
2058 4813 41 21 orie
2109 4815 22 17 to
2145 4809 114 22 reconsider
2277 4810 35 19 the
2327 4810 41 24 posi-

1823 4842 52 24 tion,
1886 4841 40 21 find
1936 4841 74 20 Messrs
2019 4840 19 20 J.
2055 4838 97 25 Tamblyn
2175 4837 40 19 and
2229 4835 29 22 M.
2272 4836 107 26 Campbell

1823 4875 53 13 were
1886 4867 90 27 deputed
1987 4869 20 19 to
2016 4874 23 18 go
2047 4869 22 18 to
2076 4864 95 22 Duuedin
2181 4862 40 21 and
2238 4863 71 20 confer
2326 4863 51 20 with

1823 4895 43 20 him
1877 4901 25 14 on
1912 4895 36 20 the
1958 4895 85 25 subject.

1848 4933 16 20 A
1877 4934 186 19 WELL-ATTENDED
2070 4928 90 25 meeting
2175 4927 21 20 of
2216 4927 36 19 the
2263 4927 115 24 Roxburgh

1823 4958 78 26 Jockey
1914 4960 53 19 Club
1978 4965 40 14 was
2026 4957 47 20 held
2083 4958 21 16 at
2116 4954 35 20 the
2161 4953 122 21 Athenaeum
2297 4954 47 19 Hall
2354 4961 25 13 on

1823 4986 103 24 Saturday
1935 4986 92 24 evening,
2041 4982 55 20 when
2107 4981 35 19 the
2153 4980 95 25 question
2265 4980 21 19 of
2302 4987 12 12 a
2328 4980 50 20 local

1823 5013 91 23 meeting
1935 5012 41 21 this
1995 5017 47 21 year
2066 5015 39 14 was
2128 5006 127 22 considered.
2297 5007 81 19 Several

1823 5040 127 23 suggestions
1968 5045 51 14 were
2037 5035 88 26 brought
2140 5041 36 18 up,
2201 5034 5 16 1
2215 5036 23 17 ut.
2252 5040 26 13 no
2297 5034 83 19 definite

1822 5066 116 21 conclusion
1952 5073 41 12 was
2011 5062 77 22 nriived
2110 5062 29 24 at,
2163 5060 40 19 and
2229 5060 36 19 the
2289 5060 91 25 meeting

1822 5092 113 26 adjourned
1949 5093 30 18 till
1991 5094 116 17 tomorrow
2121 5085 118 28 (Saturday)
2252 5092 93 19 evening,
2356 5089 22 17 at

1822 5119 35 19 the
1868 5125 54 13 same
1933 5118 49 19 time
1993 5117 39 20 and
2044 5115 61 23 plaie.

1845 5158 48 22 Our
1916 5155 109 23 Cromwell
2047 5151 158 24 correspondent
2224 5150 109 22 writes:
2333 5149 39 23 We

1819 5186 40 20 had
1870 5192 11 13 a
1892 5184 45 26 gala
1951 5184 39 26 day
1999 5184 47 19 here
2064 5187 24 13 on
2107 5178 129 22 Wednesday
2256 5177 46 25 last,
2315 5177 57 20 when

1820 5214 40 19 two
1871 5212 20 19 of
1901 5218 37 13 our
1953 5210 79 24 worthy
2046 5207 82 21 citizens
2145 5212 53 12 were
2213 5204 70 26 joined
2300 5205 20 19 in
2336 5204 36 20 the

1820 5238 47 22 holv
1878 5238 65 21 bonds
1961 5238 21 19 of
1998 5235 128 23 matrimony.
2154 5232 43 20 The
2209 5237 108 20 ceremony
2332 5238 40 12 was

1819 5266 117 25 performed
1947 5266 19 18 in
1975 5265 36 19 the
2021 5261 79 21 Church
2112 5259 21 20 of
2142 5257 91 27 England
2241 5257 26 26 by
2276 5257 35 21 the
2321 5258 50 21 Rev.

1821 5292 32 19 Mr
1863 5291 103 20 Edwards,
1978 5290 35 19 the
2022 5288 69 25 bappy
2099 5286 72 23 couple
2186 5285 59 23 being
2255 5284 33 19 Mr
2298 5284 74 20 Alfred

1820 5316 73 22 Schieb
1904 5317 40 19 and
1953 5316 50 20 Miss
2014 5315 30 20 De
2057 5311 123 23 Bettincore.
2207 5310 43 19 The
2265 5315 107 20 ceremony

1820 5351 40 13 was
1870 5343 108 21 witnessed
1989 5342 25 26 by
2024 5348 11 13 a
2045 5340 54 24 large
2107 5337 67 22 crowd
2187 5337 22 20 of
2223 5336 46 20 well
2280 5336 90 26 wishers,

1819 5372 36 19 the
1865 5370 77 21 church
1952 5369 58 25 bring
2018 5366 84 29 packed.

1845 5409 79 19 There
1933 5414 35 14 are
1977 5405 59 28 3,568
2044 5409 67 15 names
2129 5410 25 12 on
2168 5402 37 20 the
2222 5401 56 20 main
2296 5400 37 20 roll
2351 5401 21 20 of

1820 5435 36 19 Ibc
1871 5434 97 25 Tuapeka
1984 5424 93 29 e'lccto-al
2087 5430 87 19 district,
2185 5428 65 19 which
2262 5427 16 20 is
2297 5428 37 19 816
2348 5426 21 21 in

1820 5467 68 15 excess
1897 5461 22 19 of
1928 5460 36 20 the
1974 5458 84 22 number
2068 5463 25 14 on
2104 5455 33 22 the
2147 5454 37 21 roll
2194 5454 58 21 made
2265 5460 28 18 up
2303 5455 22 18 to
2335 5454 37 19 the

1820 5487 49 21 30th
1878 5487 57 20 June
1944 5486 46 21 last.
2017 5484 42 20 The
2077 5482 97 21 inclusion
2191 5480 21 21 of
2220 5480 37 21 the
2266 5480 99 26 Waipori,

1820 5513 82 21 Crook-si
1908 5520 34 18 on,
1952 5510 113 24 Dunrobin,
2074 5509 40 20 and
2130 5507 73 22 Heriot
2218 5506 89 20 districts
2317 5506 50 20 adds

1819 5541 63 19 about
1893 5540 38 19 HCO
1940 5546 69 13 names
2029 5539 20 18 to
2067 5536 35 20 the
2120 5540 45 15 new
2179 5533 45 21 roll.
2252 5532 21 21 It
2283 5532 87 20 behoves

1819 5573 61 18 eveiy
1890 5572 47 13 man
1948 5565 39 20 and
1998 5569 76 16 woman
2084 5562 21 19 in
2112 5561 34 20 the
2155 5560 109 19 electorate
2274 5560 21 18 to
2305 5565 33 13 see
2347 5560 22 18 to

1818 5593 17 19 it
1845 5592 46 20 that
1900 5591 32 21 his
1942 5598 22 13 or
1973 5591 37 21 her
2019 5596 58 15 name
2086 5589 16 19 is
2112 5594 23 13 on
2145 5586 37 20 the
2191 5585 53 20 main
2253 5585 37 19 roll
2300 5591 23 14 or
2332 5585 36 20 the

1818 5618 167 26 supplementary
1996 5616 43 24 roll,
2053 5614 63 20 which
2128 5613 39 19 will
2177 5611 98 26 probably
2285 5611 52 20 close
2345 5612 19 19 in

1818 5645 62 20 about
1889 5652 12 13 a
1911 5644 88 21 month's
2009 5650 22 14 or
2040 5642 31 21 six
2082 5639 70 24 weeks'
2162 5638 56 23 time.

2447 156 33 22 At
2491 156 36 21 the
2536 156 55 22 band
2600 156 80 21 contest
2689 156 21 21 in
2720 154 96 23 Dun'edin
2837 161 27 14 on
2880 154 85 20 Wednes-

2423 183 45 28 day,
2480 184 35 21 the
2549 184 113 26 Quickstep
2671 183 133 27 competition
2838 189 40 13 was
2894 188 45 13 won
2953 181 27 26 by

2421 212 35 19 tbe
2480 212 97 20 Dunedin
2602 212 86 24 Navals,
2714 211 39 20 and
2772 211 37 19 the
2858 209 123 21 Trorabome

2421 238 42 20 solo
2492 238 26 22 by
2529 238 22 20 T.
2564 238 85 20 Graves.
2664 236 131 26 Invercargill
2811 237 104 20 Garrison.

2448 265 34 20 Ox
2501 264 89 26 Monday
2604 265 33 20 Mr
2650 264 27 21 E.
2688 264 82 20 Michel]
2781 263 33 21 did
2825 263 34 21 the
2874 264 42 24 trip
2930 263 53 20 from

2423 291 113 22 Roxburgh
2551 293 22 18 to
2593 291 110 20 Lawrence
2717 291 20 20 in
2751 290 48 19 3hrs
2814 290 68 21 28min
2903 297 26 13 on
2952 290 32 19 his

2422 318 84 26 bicycle,
2520 318 81 26 leaving
2612 318 47 20 here
2669 320 22 18 at
2701 317 59 22 11.35
2775 323 58 20 a.m.,
2849 318 39 19 and
2905 317 80 25 getting

2423 346 44 20 into
2484 346 107 20 Lawrence
2609 346 21 19 at
2640 345 33 21 3.3
2683 352 51 19 p.m.
2762 344 33 21 He
2805 344 16 21 is
2831 344 116 21 considered
2958 344 27 26 by

2423 372 51 21 local
2492 373 81 24 cyclists
2588 373 21 19 to
2621 372 52 21 have
2682 372 87 20 lowered
2781 372 35 20 the
2827 372 77 21 record,
2917 379 21 12 as
2949 372 36 20 the

2424 400 86 25 journey
2520 399 16 20 is
2546 400 37 19 not
2591 398 76 21 known
2677 400 22 18 to
2711 399 53 20 have
2774 399 50 19 been
2838 398 115 26 performed
2965 399 19 18 in

2424 432 21 13 so
2465 426 57 19 short
2541 432 12 13 a
2569 425 50 20 time
2638 425 28 25 by
2685 431 40 20 any
2745 425 94 23 pievious
2854 425 60 22 rider.
2943 425 42 20 Tbe

2425 452 140 24 performance
2585 458 41 13 was
2641 452 36 19 the
2697 459 54 12 more
2767 452 131 24 noteworthy
2917 459 21 12 as
2953 452 32 19 Mr

2428 479 54 20 Mich
2485 479 25 20 ell
2522 478 40 21 had
2572 478 72 21 ridden
2655 478 52 21 from
2718 479 119 25 Speargrass
2847 485 11 15 a
2868 479 90 21 distance
2965 478 20 21 of

2427 507 63 20 about
2504 506 94 25 eighteen
2611 506 65 26 miles,
2688 506 46 20 that
2744 506 100 25 morning.

2452 534 36 19 An
2518 533 135 20 unfortunate
2675 534 90 19 accident
2798 534 84 20 occured
2906 535 21 17 to
2951 534 34 19 Mr

2428 560 101 20 Morrison
2541 566 26 13 on
2577 560 94 27 Tuesday
2688 560 93 26 evening,
2798 561 65 21 which
2880 560 41 20 will
2933 560 52 20 have

2428 587 35 21 the
2475 587 61 21 effect
2546 587 21 20 of
2579 587 101 27 confining
2689 587 42 21 him
2742 590 22 18 to
2774 584 31 24 his
2817 590 61 20 bouse
2888 589 32 20 for
2929 596 10 12 a
2947 588 38 20 few

2427 614 58 20 davs.
2522 614 34 19 He
2577 614 41 20 h?d
2637 615 50 19 been
2703 615 83 25 visiting
2805 622 55 13 some
2876 616 68 24 pupils
2965 616 20 18 at

2428 640 79 21 Milleis
2528 640 48 21 Flat
2593 641 40 21 and
2649 648 40 14 was
2703 642 67 24 iiding
2784 642 59 20 home
2858 642 40 21 late
2913 643 22 21 iu
2950 643 35 20 the

2429 668 93 26 evening.
2557 669 69 21 When
2637 676 48 14 near
2704 670 35 20 the
2751 669 47 22 Mna
2815 670 46 20 Flat
2871 670 67 21 school
2954 671 31 20 his

2426 697 61 20 horse
2505 697 106 21 stumbled
2629 697 41 21 and
2687 697 66 21 threw
2771 698 51 20 him.
2842 699 37 19 and
2895 699 32 20 his
2941 699 44 20 foot

2428 724 93 25 catching
2535 725 21 20 in
2572 725 37 20 the
2624 725 85 26 stirrup,
2725 725 26 20 he
2768 732 39 14 was
2826 726 87 25 dragged
2930 733 55 13 some

2427 751 98 23 distance.
2558 751 125 27 Ultimately
2694 753 25 19 he
2735 760 40 13 was
2784 753 80 21 thrown
2880 753 53 21 clear
2943 753 19 21 in
2974 760 11 13 a

2426 779 89 20 stunned
2534 779 103 21 condition
2662 779 40 21 and
2728 779 34 26 lay
2784 787 26 13 on
2834 780 36 20 the
2892 781 93 20 roadside

2427 805 77 19 several
2515 805 71 21 hours.
2618 806 69 19 When
2703 806 25 19 he
2744 807 82 19 became
2840 808 103 19 conscious
2959 808 26 18 he

2427 831 98 21 managed
2536 833 21 19 to
2564 833 34 24 get
2615 832 60 25 along
2692 834 22 18 to
2731 831 43 21 Mrs
2789 833 110 20 Tubman's
2913 833 71 21 house.

2427 859 67 21 where
2512 859 32 21 his
2561 860 84 27 injuries
2666 867 52 14 were
2738 860 96 21 attended
2853 862 29 21 to.
2902 861 39 21 and
2960 861 25 21 he

2427 887 93 20 received
2530 887 27 20 all
2567 894 52 15 care,
2631 887 61 24 being
2700 892 42 16 sent
2754 888 60 20 home
2824 888 20 20 in
2856 895 10 14 a
2877 891 46 22 trap
2933 891 50 18 next

2428 914 47 25 day.
2509 913 44 21 The
2563 914 99 26 principal
2671 915 70 26 injury
2751 915 25 20 he
2786 916 103 20 sustained
2901 923 40 13 was
2950 916 35 21 the

2428 941 99 25 breaking
2536 941 22 20 of
2567 942 41 19 two
2617 941 22 20 of
2645 941 32 20 his
2686 942 48 24 ribs,
2743 942 39 19 and
2791 942 27 20 he
2828 949 40 14 was
2877 943 42 20 also
2926 944 59 19 much

2428 968 85 21 shaken.
2542 968 42 21 The
2595 968 77 22 doctor,
2681 968 102 26 however,
2794 971 83 24 expects
2883 970 46 21 that
2936 970 48 21 with

2427 1003 44 14 care
2487 995 26 20 he
2532 995 42 20 will
2588 995 25 20 be
2629 996 45 20 able
2680 997 21 19 to
2716 996 34 26 get
2759 996 63 21 about
2831 996 59 27 again
2898 997 87 27 shortly.

2452 1022 49 22 Oi'R
2525 1022 49 21 Coal
2592 1022 65 21 Creek
2676 1023 159 26 correspondent
2856 1024 128 21 writes:A

2428 1050 90 25 meeting
2528 1050 21 20 of
2559 1050 81 21 settlers
2651 1050 39 21 and
2701 1050 140 26 fruitgrowers
2856 1059 39 13 was
2905 1052 48 21 held
2964 1054 19 17 at

2427 1079 32 19 Mr
2483 1076 100 21 Manuel's
2603 1077 63 20 house
2691 1084 25 13 on
2741 1078 94 26 Tuesday
2854 1079 86 23 evpning
2963 1081 21 17 to

2427 1104 92 21 consider
2528 1104 36 21 the
2579 1104 45 20 best
2634 1111 46 18 way
2690 1104 21 21 of
2720 1104 81 25 dealing
2819 1105 49 20 with
2880 1106 35 19 the
2925 1106 58 20 small

2427 1132 45 21 bird
2483 1132 52 23 pest.
2563 1132 33 20 Mr
2605 1130 21 23 J.
2641 1130 70 28 Inglis,
2722 1131 89 28 M.C.C.,
2823 1132 45 21 who
2882 1133 100 26 presided,

2428 1160 67 21 stated
2519 1159 48 22 that
2589 1159 16 22 if
2633 1159 36 22 the
2696 1159 139 28 fruitgrowers
2863 1160 40 22 and
2925 1161 57 21 those

2428 1188 112 20 interested
2559 1194 53 13 were
2628 1188 105 21 organised
2757 1188 51 25 they
2821 1187 60 22 could
2895 1189 37 20 aslt
2948 1189 35 20 the

2428 1215 83 24 County
2518 1214 84 20 Council
2614 1214 31 19 for
2656 1214 48 24 help
2722 1214 28 24 by
2769 1221 11 12 a
2800 1214 73 26 special
2890 1217 44 18 rate
2951 1215 32 20 for

2428 1242 82 24 ridings,
2524 1240 65 21 which
2598 1240 115 21 undertor>k
2721 1240 37 21 the
2764 1240 125 22 destruction
2897 1242 21 19 of
2924 1242 58 19 small

2425 1268 65 20 birds.
2493 1267 48 21 It
2551 1274 40 13 was
2601 1266 100 28 proposed
2712 1267 27 24 by
2750 1268 31 19 Mr
2795 1266 77 26 Joseph
2883 1268 98 26 Tamblyn

2428 1294 39 22 and
2478 1294 99 22 seconded
2586 1295 27 23 by
2623 1294 33 21 Mr
2668 1294 26 22 A.
2705 1293 22 23 J.
2738 1293 97 25 Manuel:
2876 1294 54 22 That
2941 1295 41 21 this

2428 1323 90 25 meeting
2540 1322 63 20 forms
2627 1322 57 19 itself
2702 1322 44 20 into
2760 1329 11 13 a
2795 1323 75 25 society
2893 1323 32 19 for
2947 1323 36 20 ihe

2428 1349 126 21 destruction
2565 1348 22 20 of
2597 1348 59 20 small
2666 1349 63 23 birds,
2740 1349 27 18 bv
2784 1350 59 24 using
2861 1350 70 24 poison
2943 1350 38 19 and

2428 1375 77 28 buying
2515 1376 36 20 ihe
2561 1382 46 19 eggs
2616 1375 22 21 of
2648 1375 83 26 linnets,
2743 1376 102 26 thrushes,
2857 1370 122 30 blackbirds,

2428 1404 38 20 and
2477 1402 124 27 goldfinches
2620 1403 21 20 at
2659 1409 38 19 per
2717 1402 76 27 dozen;
2807 1403 49 26 also,
2874 1403 46 21 that
2934 1403 48 26 thpy

2429 1431 36 21 ask
2475 1431 36 20 the
2520 1430 83 26 County
2613 1429 85 22 Council
2709 1429 31 21 for
2753 1437 11 13 a
2779 1430 58 21 snaall
2854 1431 82 26 subsidy
2951 1431 32 20 for

2429 1459 35 19 the
2488 1457 59 21 small
2569 1457 46 21 bird
2637 1457 127 20 destruction
2788 1457 92 20 societies
2901 1458 20 19 in
2947 1459 36 19 the

2559 1484 138 20 Carried.lt
2708 1490 39 13 was
2757 1484 71 25 agreed
2844 1485 45 19 that
2906 1485 25 19 2d
2947 1492 37 18 pr

2429 1513 63 20 dozn
2510 1512 24 20 be
2548 1511 47 28 paid
2605 1511 32 21 for
2653 1511 36 21 the
2706 1518 45 19 eg,rs
2765 1511 21 21 of
2800 1511 36 21 the
2855 1511 93 21 varieties
2962 1510 22 23 of

2429 1540 55 21 birds
2499 1539 69 21 before
2581 1539 125 22 mentioned,
2726 1539 38 21 and
2776 1540 21 20 Is
2815 1546 37 18 per
2870 1539 63 21 dozn
2952 1539 31 21 for

2429 1567 122 23 goldfinches
2562 1567 103 24 eggs.lt
2675 1574 40 12 was
2725 1566 98 27 proposed
2833 1566 26 25 by
2865 1567 34 20 Mr
2905 1567 76 24 Joseph

2428 1593 100 24 Tamblyn
2543 1593 40 19 and
2593 1593 98 19 seconded
2710 1593 25 21 bv
2750 1593 33 19 Mr
2798 1593 28 19 M.
2844 1593 24 19 E.
2887 1593 94 24 Manuel:

2451 1620 54 20 That
2515 1619 35 21 the
2560 1619 141 26 fruitgrowers
2710 1619 103 21 subscribe
2823 1620 22 20 Is
2859 1626 37 20 per
2905 1627 45 13 a:re
2960 1627 23 13 or

2428 1654 39 17 any
2478 1648 47 25 part
2534 1647 21 19 of
2564 1654 25 12 an
2600 1654 52 19 acre,
2662 1647 107 26 according
2776 1649 21 18 to
2805 1647 35 21 the
2850 1648 39 20 size
2899 1647 21 21 of
2931 1647 52 21 their

2429 1673 106 25 orchards,
2544 1673 40 20 and
2594 1673 46 20 that
2647 1680 23 13 an
2678 1675 116 23 agreement
2800 1674 25 20 be
2835 1675 98 24 prepared
2944 1675 39 19 and

2428 1699 71 26 signed
2510 1699 27 26 by
2546 1699 37 20 the
2589 1700 77 20 several
2673 1700 139 25 fruitgrowers
2820 1702 20 18 to
2847 1701 45 19 that
2901 1701 32 19 eff<

2428 1727 162 21 Carried.The
2600 1727 89 24 meeting
2696 1727 66 21 closed
2773 1727 151 21 withacoreli.il
2935 1729 46 19 vote

2428 1755 21 20 of
2463 1755 108 22 thanks|to
2582 1754 36 20 the
2632 1755 110 19 chairman.

2430 1813 233 49 Magistrate's
2674 1812 113 50 Court,
2797 1812 182 50 Roxburgh

2566 1896 92 24 Friday,
2673 1895 49 21 23rd
2736 1895 108 21 October.

2502 1929 81 26 (Before
2592 1929 21 21 S.
2624 1928 24 21 E.
2656 1926 115 29 M'Cartby,
2783 1928 55 26 Esq.,
2849 1927 61 27 S.M.)

2451 1958 38 21 His
2511 1957 93 25 Worship
2623 1963 49 19 gave
2691 1955 32 22 bis
2740 1956 88 21 decision
2844 1956 20 21 in
2884 1955 36 22 the
2940 1956 42 21 two

2425 1985 105 25 following
2540 1991 60 15 cases,
2615 1984 67 19 which
2693 1991 50 12 were
2755 1983 112 27 adjourned
2879 1984 52 20 from
2943 1984 39 20 last

2426 2012 59 20 001111;
2495 2012 39 25 day
2543 2011 32 20 for
2585 2011 46 20 that
2641 2017 87 19 purpose
2738 2011 4 26 :

2474 2043 102 16 TUAPEKA
2590 2042 85 16 COUNTY
2689 2042 93 16 COUNCIL
2795 2041 20 16 V.
2831 2042 25 16 W.
2873 2042 62 16 KEYS.

2451 2066 24 20 In
2500 2065 41 20 this
2561 2071 44 14 case
2628 2071 25 13 an
2677 2064 132 21 information
2832 2072 40 12 was
2891 2064 42 21 laid
2955 2064 27 25 hy

2409 2091 2 27 |
2426 2092 111 21 Constable
2561 2091 90 21 William
2672 2091 80 26 Fouhy,
2768 2099 24 13 on
2816 2091 70 21 behalf
2904 2092 21 20 of
2947 2092 35 19 the

2426 2120 83 26 Coanty
2519 2119 21 20 of
2550 2118 103 26 Tuapeka,
2664 2119 97 25 charging
2779 2119 35 20 tlm
2830 2118 112 22 defendant
2952 2118 30 20 for

2425 2147 48 21 that
2483 2147 26 20 he
2519 2146 33 20 did
2566 2152 24 14 on
2601 2146 36 20 the
2645 2146 47 20 14th
2703 2147 88 25 August,
2800 2146 56 26 1596,
2868 2146 70 20 within
2947 2146 35 19 the

2425 2175 83 24 County
2526 2173 22 21 of
2566 2173 103 26 Tuapeka,
2681 2173 89 25 namely,
2791 2176 21 17 at
2831 2173 62 21 Black
2914 2173 68 21 Jack'

2425 2201 73 26 Creek,
2509 2207 48 14 near
2567 2200 37 20 the
2622 2199 95 27 Borough
2733 2200 21 20 of
2771 2201 119 26 Roxburgh,
2909 2200 27 27 by
2951 2200 32 20 bis

2426 2229 100 24 servants,
2538 2227 91 21 William
2639 2227 76 26 Bishop
2723 2227 40 21 and
2771 2228 212 26 George*Reilly.piss

2425 2255 60 26 along
2495 2262 12 13 a
2516 2255 50 20 road
2576 2254 73 21 within
2659 2255 36 19 the
2714 2255 82 25 Coun'y
2811 2255 51 20 with
2872 2262 11 12 a
2895 2254 85 22 traction

2425 2283 80 25 engine,
2520 2281 89 21 without
2619 2281 76 25 having
2715 2281 95 21 obtained
2830 2289 11 13 a
2860 2282 73 20 license
2951 2281 32 21 for

2425 2310 36 19 the
2470 2316 62 18 same,
2543 2311 94 22 contrary
2648 2311 21 17 to
2679 2304 72 27 bylaw
2758 2309 39 19 No.
2806 2309 11 19 S
2826 2309 21 19 of
2855 2309 36 19 the
2900 2309 82 24 County

2425 2335 28 26 by
2463 2335 56 21 laws.
2547 2335 92 21 Sections
2654 2335 30 25 14,
2696 2335 32 25 15,
2738 2335 40 20 and
2789 2336 23 20 16
2822 2335 21 20 of
2853 2335 47 20 that
2909 2335 26 23 by
2945 2335 37 20 law

2425 2363 47 22 read
2482 2370 23 15 as
2630 2361 4 29 1
2642 2362 34 22 No
2690 2362 86 22 taction
2792 2363 72 24 engine
2876 2362 51 22 shall
2938 2369 45 21 pass

2409 2391 1 26 i
2425 2392 59 25 along
2492 2391 40 21 -the
2542 2391 59 21 roads
2609 2391 75 21 within
2694 2398 23 13 or
2725 2391 36 25 ply
2769 2391 32 20 for
2810 2391 44 21 hire
2866 2391 72 21 within
2948 2391 34 21 the

2426 2419 83 22 County
2519 2418 22 20 of
2550 2419 98 24 Tuapeka
2661 2418 89 19 without
2759 2419 47 18 first
2822 2419 57 24 being
2895 2419 88 19 licensed

2425 2445 66 21 under
2501 2444 41 21 this
2552 2444 26 25 by
2588 2444 46 21 law.
2663 2444 33 20 No
2715 2450 74 19 person
2807 2443 51 22 shall
2869 2451 45 19 pass
2924 2445 59 25 along

2426 2472 36 20 the
2473 2471 59 21 roads
2542 2471 72 21 within
2630 2471 36 21 the
2685 2471 83 26 County
2787 2471 22 21 of
2824 2472 97 25 Tuapeka
2934 2472 48 20 with

2425 2506 23 14 or
2458 2499 52 21 shall
2521 2499 35 26 ply
2566 2499 32 20 for
2608 2499 43 19 hire
2663 2498 69 20 within
2742 2499 34 19 the
2785 2499 42 20 said
2839 2499 83 23 County
2932 2499 50 20 with

2426 2533 11 14 a
2450 2526 90 21 traction
2550 2525 71 26 engine
2631 2525 54 21 until
2696 2525 26 21 he
2738 2525 52 21 shall
2800 2526 51 20 have
2861 2525 95 21 obtained
2972 2532 11 14 a

2409 2553 1 26 j
2425 2553 75 20 license
2524 2553 33 20 for
2580 2553 36 19 the
2639 2559 63 14 same.
2735 2553 93 20 Licenses
2846 2553 31 20 for
2896 2554 86 19 traction

2425 2580 84 26 engines
2516 2579 53 21 shall
2577 2579 25 21 be
2608 2579 85 26 granted
2701 2580 38 20 and
2749 2579 66 21 issued
2824 2579 26 26 by
2858 2579 34 21 the
2900 2580 83 26 County

2420 2607 75 26 'Cleik,
2507 2607 40 20 and
2557 2607 32 20 for
2599 2614 60 18 every
2677 2607 49 20 such
2736 2607 75 20 license
2828 2607 58 21 there
2896 2607 51 20 shall
2959 2607 24 20 be

2425 2635 47 27 paid
2491 2634 35 22 the
2542 2641 45 14 sum
2602 2634 21 21 of
2728 2634 43 21 The
2790 2634 75 26 bylaw
2883 2634 16 21 is
2916 2634 66 21 sealed

2425 2662 50 21 with
2486 2662 35 21 the
2531 2668 92 14 common
2643 2662 40 19 seal
2702 2662 21 20 of
2741 2662 37 20 the
2796 2662 90 26 County,
2906 2662 40 20 and
2965 2662 18 20 is

2425 2689 108 26 expressed
2541 2690 21 19 to
2570 2689 24 20 be
2604 2689 59 20 made
2670 2691 101 23 pursuant
2781 2690 22 19 to
2832 2690 43 19 The
2884 2690 99 19 Counties

2427 2716 47 26 Act,
2582 2715 81 21 Section
2675 2716 37 21 303
2722 2716 21 21 of
2761 2716 47 21 that
2824 2716 41 21 Act
2877 2716 56 26 gives
2947 2716 36 21 the

2427 2743 84 22 Council
2520 2749 69 21 power
2599 2742 52 22 from
2662 2743 48 21 time
2728 2745 21 19 to
2768 2744 50 21 time
2834 2744 21 21 to
2876 2743 59 22 make
2956 2744 26 26 by

2425 2772 49 21 laws
2486 2772 63 25 (inter
2562 2771 48 26 alia;
2648 2771 32 21 for
2693 2778 41 20 any
2745 2779 88 19 purpose
2846 2772 21 20 of
2877 2772 52 26 good
2938 2772 44 20 rule

2425 2800 40 18 and
2475 2800 134 23 government
2618 2799 22 18 of
2649 2799 35 18 the
2831 2799 98 23 Further,
2943 2799 39 20 sub

2425 2825 76 20 section
2515 2824 23 21 13
2547 2824 21 19 of
2578 2824 75 19 section
2663 2824 37 19 311
2721 2830 111 19 empowers
2842 2824 35 21 the
2896 2824 86 21 Council

2426 2854 22 18 to
2460 2851 61 22 make
2535 2858 12 14 a
2562 2850 26 26 by
2606 2850 39 21 law
2687 2850 32 21 for
2737 2850 114 26 regulating
2869 2850 36 22 the
2922 2852 59 20 times

2425 2879 59 20 when
2507 2878 40 20 and
2569 2878 37 19 the
2629 2878 114 19 conditions
2762 2885 25 12 on
2807 2878 66 20 which
2893 2879 86 19 traction

2426 2905 81 23 engines
2518 2911 46 17 may
2574 2904 25 19 be
2609 2904 85 19 allowed
2705 2906 22 17 to
2738 2911 45 17 pass
2796 2904 60 24 along
2872 2904 35 19 the
2921 2905 59 19 roads

2425 2932 72 19 within
2507 2931 36 19 the
2683 2930 21 19 It
2717 2930 16 19 is
2742 2930 48 20 here
2800 2932 22 17 to
2839 2931 24 19 be
2881 2930 97 20 observed

2425 2958 46 19 that
2481 2957 59 19 there
2550 2956 16 19 is
2576 2961 26 14 no
2613 2962 82 17 express
2705 2962 68 18 power
2783 2956 105 19 conferred
2903 2963 25 12 on
2943 2956 35 19 the

2425 2982 84 22 Council
2519 2984 22 17 to
2547 2981 60 20 make
2616 2987 9 12 a
2637 2981 26 24 by
2674 2981 38 19 law
2723 2981 100 23 directing
2832 2981 36 19 the
2880 2984 98 22 payment

2424 3008 22 20 of
2455 3015 12 13 a
2476 3008 74 20 license
2559 3007 31 20 fee
2600 3013 22 13 as
2631 3007 17 19 is
2657 3007 27 25 by
2698 3007 77 19 section
2789 3007 23 19 10
2822 3007 21 19 of
2852 3007 27 24 by
2889 3007 37 19 law
2937 3007 40 21 No.

2424 3035 12 20 8
2455 3034 90 21 directed
2564 3035 22 19 to
2604 3033 25 21 be
2645 3033 55 26 paid,
2720 3033 68 21 unless
2806 3033 49 21 such
2870 3041 68 18 power
2962 3034 16 20 is

2424 3061 105 22 conferred
2538 3061 28 25 by
2575 3063 38 18 sub
2628 3061 75 20 section
2715 3061 30 20 13.
2773 3061 61 26 Now,
2852 3061 36 20 the
2903 3061 45 20 rule
2957 3061 22 20 of

2423 3089 59 20 strict
2504 3087 137 21 construction
2663 3088 79 25 applies
2761 3089 21 19 to
2802 3089 88 19 statutes
2910 3088 68 25 giving

2425 3122 66 19 power
2509 3116 22 18 to
2549 3115 59 19 mnke
2627 3114 26 23 by
2676 3114 62 23 laws;
2761 3115 47 25 aDd,
2832 3121 111 19 moreover,
2963 3115 15 19 if

2423 3149 40 19 any
2473 3142 26 26 by
2509 3141 40 21 law
2562 3141 72 21 affects
2650 3141 22 21 to
2682 3143 42 19 cist
2739 3148 11 14 a
2765 3141 72 25 charge
2858 3148 24 14 on
2899 3148 20 20 pi
2924 3142 53 21 hate

2423 3169 125 21 individnals
2557 3175 21 13 as
2590 3171 21 17 to
2621 3168 60 21 make
2689 3168 36 21 the
2735 3169 114 26 owneiship
2867 3169 21 20 of
2901 3170 76 19 certain

2423 3197 73 20 classes
2505 3196 22 21 of
2536 3196 97 26 property
2644 3202 56 13 more
2714 3202 87 14 oneious
2816 3196 50 20 than
2885 3201 40 15 was
2942 3197 35 20 the

2422 3231 44 14 case
2475 3223 70 22 before
2555 3222 35 21 the
2601 3222 85 27 making
2695 3222 21 21 of
2724 3223 36 20 the
2772 3223 26 26 by
2808 3223 46 25 law,
2866 3223 36 20 the
2910 3230 67 19 power

2423 3251 23 22 to
2463 3252 27 21 do
2499 3258 22 13 bo
2529 3252 56 19 must
2596 3251 24 19 he
2633 3250 105 21 conferred
2749 3251 20 20 in
2780 3250 54 21 char
2843 3251 40 20 and
2894 3258 39 19 exp
2942 3252 35 19 icit

2423 3281 70 19 terms.
2521 3278 45 25 (See
2577 3277 93 21 Oriental
2688 3278 59 19 Bank
2757 3285 19 13 v.
2789 3278 89 25 Wright,
2898 3278 11 20 5
2928 3285 48 19 app.

2423 3313 59 17 cases,
2494 3305 49 24 842;
2563 3304 43 21 Cox
2617 3311 19 14 v.
2654 3304 92 25 Babbits,
2759 3305 11 19 3
2780 3311 45 19 app.
2837 3311 33 14 cts
2883 3312 16 18 s,
2914 3306 56 21 473-

2423 3331 113 23 HaxweH's
2545 3331 161 26 Interpretation
2724 3332 22 19 of
2756 3332 100 26 Statutes,
2867 3332 39 20 2nd
2917 3332 57 24 edit.,

2421 3360 54 26 348,)
2502 3360 26 21 In
2540 3358 137 27 endeavoring
2688 3360 22 19 to
2720 3360 67 20 arrive
2802 3360 22 20 at
2833 3365 11 15 a
2860 3360 115 21 conclusion

2422 3388 92 21 whether
2533 3387 38 20 sub
2589 3387 74 20 section
2684 3387 32 26 13,
2735 3387 20 20 in
2775 3388 133 25 conjunction
2928 3388 49 20 with

2421 3416 75 20 section
2507 3414 44 26 303,
2573 3414 55 24 gives
2641 3414 35 20 the
2688 3421 68 18 power
2771 3416 22 18 to
2812 3414 36 20 the
2860 3414 84 21 Courcil
2955 3419 21 16 to

2421 3442 60 20 make
2491 3442 77 19 section
2578 3441 24 20 16
2611 3440 21 21 of
2641 3440 26 26 by
2677 3440 39 21 law
2726 3441 40 20 No.
2778 3441 19 25 8,
2809 3441 103 20 reference
2923 3443 54 19 must

2421 3468 25 21 be
2455 3468 59 21 made
2524 3469 21 19 to
2555 3467 36 20 the
2609 3467 59 20 other
2688 3467 38 20 sub
2745 3469 94 20 sections.
2867 3469 49 20 And
2930 3468 16 21 it
2961 3469 16 20 is

2422 3496 44 20 first
2477 3497 21 19 to
2509 3495 25 21 be
2544 3494 97 21 observed
2652 3494 46 21 that
2716 3495 36 20 the
2771 3496 87 20 traction
2869 3496 72 25 engine
2956 3497 20 19 in

2421 3523 95 27 question
2524 3523 18 20 is
2552 3523 37 19 not
2598 3529 11 12 a
2620 3522 83 21 vehicle.
2732 3523 20 20 A
2763 3522 77 21 vehicle
2851 3523 16 20 is
2900 3523 45 20 that
2956 3523 19 21 in

2422 3551 65 19 which
2504 3549 100 25 anything
2618 3549 16 20 is
2648 3556 23 13 or
2693 3556 47 19 may
2749 3549 24 20 be
2783 3550 84 26 carried,
2884 3557 21 13 as
2914 3558 11 13 a
2934 3551 43 20 coal

2608 3576 66 19 which
2684 3576 16 19 is
2710 3576 49 19 used
2770 3576 19 19 in
2810 3577 36 19 the
2863 3577 82 19 method
2957 3578 21 19 of

2422 3609 127 22 conveyance
2557 3609 24 14 or
2590 3603 237 21 communicationbut
2846 3603 35 21 the
2897 3605 78 21 em-ine.

2422 3631 36 22 the
2468 3632 80 26 subject
2559 3630 22 22 of
2591 3631 42 21 this
2645 3631 140 27 information,
2796 3632 16 20 is
2827 3635 37 17 not
2882 3633 49 21 used
2946 3633 31 20 for

2422 3659 36 20 the
2481 3665 89 18 purpose
2593 3659 22 19 of
2636 3659 92 24 carrying
2763 3659 106 24 anything,
2897 3660 38 20 but
2961 3662 16 18 is

2422 3685 76 26 simply
2520 3685 36 19 the
2580 3684 77 20 motive
2679 3691 69 17 power
2771 3685 65 20 which
2858 3680 66 26 draws
2942 3687 35 20 the

2422 3712 127 20 instrument
2556 3711 22 20 of
2583 3717 135 19 conveyance
2746 3711 97 26 Further,
2851 3713 98 26 although
2957 3713 19 21 in

2421 3739 77 21 section
2507 3739 13 20 2
2529 3738 21 20 of
2559 3738 27 26 by
2596 3738 40 19 law
2648 3738 40 20 No.
2700 3738 12 20 8
2721 3738 58 20 there
2793 3739 16 19 is
2818 3746 10 12 a
2841 3739 104 23 definition
2956 3741 22 20 of

2422 3767 55 19 what
2491 3766 17 20 is
2519 3765 97 21 included
2634 3765 21 20 in
2674 3765 35 20 the
2720 3767 53 19 term
2937 3769 38 20 and

2420 3793 101 26 although
2536 3793 89 20 traction
2644 3793 82 23 engines
2735 3800 34 12 are
2780 3795 103 24 expressly
2895 3796 80 20 alluded

2420 3823 22 17 to
2453 3821 21 19 in
2485 3820 87 20 sections
2582 3819 31 24 14,
2629 3819 24 19 15
2662 3819 41 19 and
2716 3819 22 19 10
2748 3819 21 19 of
2785 3820 37 19 the
2839 3819 27 26 by
2881 3821 46 26 law,
2942 3824 35 23 yet

2420 3847 89 20 traction
2523 3845 82 26 engines
2614 3851 34 15 are
2660 3847 36 18 not
2706 3845 117 21 mentioned
2839 3850 93 23 among.-t
2942 3848 35 21 the

2421 3875 61 20 other
2493 3873 95 21 methods
2598 3873 21 20 of
2629 3879 125 19 conveyance
2764 3875 32 19 set
2811 3875 37 19 out
2863 3875 20 19 in
2900 3876 75 20 section

2419 3902 11 18 2
2450 3908 24 13 as
2492 3901 59 23 being
2570 3900 95 20 included
2684 3900 19 19 in
2723 3899 35 20 the
2778 3903 51 17 term

2419 3929 49 20 This
2480 3927 69 21 would
2558 3934 53 14 seem
2623 3929 21 18 to
2655 3926 88 21 indicate
2754 3927 46 20 that
2811 3927 35 21 the
2856 3927 86 23 framers
2956 3929 21 21 of

2418 3956 36 20 the
2464 3956 27 25 by
2502 3955 38 21 law
2551 3962 52 13 were
2614 3955 21 20 of
2650 3955 35 20 the
2701 3955 80 24 opinion
2801 3955 46 20 that
2863 3963 11 13 a
2889 3957 86 20 traction

2418 3983 71 25 engine
2509 3988 41 14 was
2568 3983 36 19 not
2619 3988 11 13 a
2647 3981 77 21 vehicle
2734 3981 4 28 ;
2755 3982 46 20 and.
2813 3982 81 27 indeed,
2905 3984 19 19 in
2940 3984 36 20 the

2418 4017 44 13 case
2472 4009 21 21 of
2503 4009 77 21 Barker
2591 4016 20 14 v.
2623 4008 90 22 Graham
2729 4009 39 19 aid
2787 4009 74 26 Petrie,
2877 4010 62 21 heard
2954 4013 21 18 at

2418 4038 91 25 Tapanui
2519 4044 26 12 on
2562 4037 35 19 the
2611 4037 47 19 18th
2668 4037 63 24 June,
2742 4037 55 25 1895,
2809 4044 11 12 a
2830 4044 44 13 case
2885 4038 89 21 founded

2417 4071 25 13 on
2455 4064 35 20 the
2502 4070 54 14 same
2568 4064 74 24 bylaw
2660 4063 39 21 and
2718 4063 13 26 f.
2740 4070 10 13 r
2764 4063 98 26 precisely
2876 4065 35 20 the
2921 4073 9 12 s
2943 4073 32 12 me

2419 4091 79 20 offence
2516 4096 22 14 as
2557 4090 47 20 that
2624 4089 48 21 wi'h
2693 4090 65 20 wh'eh
2777 4091 36 19 the
2829 4090 112 22 defendant
2959 4092 16 21 is

2418 4117 87 26 charged
2520 4117 21 20 in
2550 4117 37 20 the
2599 4120 82 23 present
2692 4117 36 20 inf<
2736 4124 5 13 i
2747 4124 31 14 ma
2783 4118 48 25 lion,
2848 4118 82 21 counsel
2943 4118 31 21 for

2419 4145 36 20 the
2465 4144 129 27 prosecution
2606 4151 39 13 was
2656 4143 70 22 forced
2731 4145 21 20 to
2762 4145 34 19 the
2803 4146 117 19 contention
2929 4147 45 19 that

2416 4179 12 14 a
2439 4172 87 20 traction
2543 4171 70 24 engine
2625 4178 40 14 was
2676 4172 36 20 not
2727 4179 11 12 a
2756 4172 76 20 vehicle
2852 4172 72 21 within
2939 4174 16 20 tl
2964 4181 11 12 e

2418 4200 96 23 meaning
2522 4198 22 20 of
2640 4199 27 19 d.
2670 4199 68 19 unties
2755 4200 48 24 Act,
2907 4207 22 12 or
2947 4200 25 26 by

2418 4226 38 20 law
2466 4226 39 20 No.
2517 4225 20 21 8.
2565 4224 39 20 We
2614 4224 41 20 will
2665 4224 49 21 then
2724 4228 70 23 accept
2803 4225 43 20 that
2854 4226 114 20 conclusion

2416 4260 22 13 as
2455 4254 78 19 correct
2545 4252 4 27 :
2564 4252 38 20 hut
2614 4259 78 18 powers
2703 4254 21 17 to
2739 4254 58 18 make
2805 4252 26 26 by
2839 4252 49 21 laws
2899 4254 25 25 by
2935 4254 37 19 sub

2416 4280 87 19 sections
2509 4280 12 19 4
2532 4281 21 18 to
2564 4278 12 22 8
2582 4278 114 27 (inclusive)
2703 4278 23 21 of
2732 4280 76 19 sec'ion
2815 4280 44 25 311,
2863 4280 51 19 have
2921 4280 49 21 been

2416 4306 107 19 conferred
2533 4313 26 12 on
2569 4308 75 22 county
2655 4306 88 19 councils
2764 4306 48 20 with
2833 4307 102 20 reference
2949 4310 21 16 to

2418 4332 87 20 \ehicles
2532 4332 65 20 These
2612 4339 79 18 powers
2710 4332 67 21 would
2787 4338 54 15 seem
2851 4334 21 19 to
2881 4333 59 25 point
2949 4334 22 20 to

2415 4359 36 20 the
2472 4360 106 25 necessity,
2596 4359 15 20 if
2623 4358 25 27 by
2658 4358 49 21 laws
2721 4365 33 14 are
2764 4359 66 26 made,
2841 4359 90 22 founded
2945 4367 25 13 on

2417 4386 57 20 these
2484 4386 38 21 sub
2533 4386 92 25 sections,
2638 4385 39 21 and
2688 4386 36 19 the
2735 4386 83 20 Council
2829 4386 48 20 wish
2888 4388 21 18 to
2919 4388 51 24 keep

2415 4414 101 24 anything
2529 4414 42 19 like
2589 4413 125 26 supervision
2726 4420 48 12 over
2786 4414 34 19 the
2837 4413 87 20 vehicles
2936 4414 34 20 the

2415 4440 80 24 subject
2504 4440 22 19 of
2535 4441 35 18 the
2578 4440 26 24 by
2615 4441 54 18 laws,
2681 4440 22 18 of
2711 4440 34 19 the
2754 4439 61 20 latter
2822 4440 52 22 body
2883 4439 86 26 keeping

2414 4473 10 12 a
2435 4466 85 23 register
2529 4466 21 19 of
2564 4465 28 21 all
2611 4465 49 21 such
2670 4465 94 21 vehicles.
2793 4465 134 24 Accordingly
2938 4472 30 13 we

2415 4492 40 20 find
2467 4492 18 20 in
2497 4492 37 20 sub
2545 4493 85 19 sections
2641 4493 11 18 5
2668 4492 39 20 and
2723 4492 12 20 9
2751 4498 77 20 powers
2844 4492 22 19 to
2882 4492 58 20 make
2957 4499 11 13 a

2415 4520 24 23 by
2451 4519 38 19 low
2500 4519 107 26 providing
2625 4519 31 19 for
2672 4519 61 22 (inter
2741 4517 47 27 alia)
2866 4519 97 24 licensing

2414 4546 20 19 of
2445 4545 27 19 all
2482 4545 88 19 vehicles
2586 4544 70 27 plying
2670 4545 31 19 for
2716 4545 43 19 hire
2777 4545 20 19 in
2815 4545 35 19 the

2415 4571 40 21 and
2466 4571 43 21 also
2581 4571 119 26 appointing
2710 4571 34 19 the
2754 4571 74 19 several
2846 4577 55 13 sun.s
2912 4573 20 17 to
2945 4571 3 26 I
2957 4577 10 13 e

2415 4599 46 27 paid
2476 4600 22 19 to
2517 4599 35 20 the
2568 4599 81 25 County
2667 4598 52 20 fund
2737 4597 32 21 for
2783 4597 35 21 the
2838 4597 95 26 licensing
2947 4597 21 21 of

2416 4626 87 19 vehicles
2519 4632 22 13 as
2556 4626 70 18 herein
2823 4625 61 23 Here,
2909 4625 57 25 then,

2416 4652 57 19 when
2484 4652 82 24 dealing
2576 4651 49 19 with
2642 4651 87 19 vehicles
2749 4651 78 24 (within
2838 4651 65 19 which
2914 4653 51 17 teini

2416 4685 13 14 a
2438 4679 87 19 traction
2536 4678 72 25 engine
2616 4684 16 13 is
2639 4680 42 21 not,
2689 4677 105 26 according
2800 4678 22 20 to
2829 4676 35 22 the
2870 4677 96 26 premises

2418 4712 26 14 en
2463 4705 67 21 which
2545 4712 31 14 we
2603 4712 34 13 are
2662 4704 127 27 procetdirg,
2809 4704 107 25 included),
2934 4705 32 20 the

2418 4732 127 26 Legislatuie
2554 4732 52 20 have
2615 4732 58 25 given
2685 4739 81 18 express
2776 4739 77 18 powers
2860 4734 21 18 to
2890 4734 76 23 county

2416 4759 70 20 counci
2496 4766 10 12 s
2516 4761 21 17 to
2554 4759 59 20 make
2623 4759 25 25 by
2659 4758 56 27 laws,
2726 4759 82 24 making
2817 4759 17 19 it
2843 4766 10 12 a
2863 4758 102 21 condiion

2415 4786 111 25 precedent
2536 4787 21 19 to
2575 4785 36 21 the
2627 4785 88 27 running
2726 4786 21 20 of
2762 4793 11 12 a
2792 4786 75 20 certain
2884 4785 50 20 class
2945 4786 21 19 of

2415 4813 88 20 vehicles
2526 4813 59 26 along
2607 4813 36 20 the
2665 4818 76 21 county
2763 4813 65 22 loads,
2851 4812 47 20 that
2916 4813 48 19 such

2415 4840 88 20 vehicles
2512 4840 73 20 should
2596 4840 24 19 be
2630 4840 48 20 both
2689 4840 87 19 licensed
2786 4840 39 19 and
2836 4846 38 18 pay
2888 4840 75 19 certain

2412 4866 114 27 prescribed
2538 4867 42 20 fees
2599 4867 32 19 for
2648 4867 48 19 such
2716 4873 11 13 a
2745 4866 78 20 license.
2853 4866 42 19 But
2905 4866 57 19 wh-u

2415 4893 80 24 dealing
2506 4893 50 20 with
2567 4894 84 19 traction
2663 4894 81 24 engines
2759 4893 19 19 in
2794 4892 38 20 sub
2846 4893 75 19 sec!ion
2935 4893 28 24 13,

2415 4920 99 24 although
2524 4920 35 20 the
2569 4919 126 26 Legislatuie
2705 4926 49 18 gave
2764 4919 35 20 the
2808 4919 78 20 council
2897 4925 67 20 power

2413 4950 22 16 to
2453 4946 61 20 make
2532 4946 26 25 by
2576 4946 49 20 laws
2641 4946 73 23 which,
2735 4946 57 20 when
2811 4945 65 24 made,
2897 4945 66 21 would

2412 4973 80 26 require
2503 4973 32 19 for
2545 4973 53 20 their
2607 4973 39 20 duo
2661 4973 138 20 enforcement
2814 4979 11 12 a
2841 4971 85 26 register
2941 4979 22 13 or

2411 4999 34 21 list
2455 5000 21 19 of
2486 4999 27 19 all
2523 5000 87 19 traction
2618 5000 82 25 engines
2707 5000 58 23 using
2773 4999 34 19 the
2814 5000 75 21 county
2896 4999 65 24 roads,

2409 5028 36 23 yet
2463 5027 16 20 it
2495 5026 17 21 is
2527 5027 114 24 significant
2656 5026 46 21 that
2714 5027 19 20 in
2750 5025 70 27 regard
2839 5027 22 19 to
2876 5025 84 21 traction

2410 5054 82 23 engines
2515 5053 58 20 there
2592 5054 17 19 is
2636 5060 26 14 no
2679 5060 82 19 express
2778 5060 68 18 power
2863 5053 59 25 given
2941 5054 20 18 to

2409 5080 93 19 counties
2521 5080 21 19 to
2561 5080 59 20 make
2643 5080 26 26 by
2686 5080 49 20 laws
2753 5079 106 26 providing
2877 5079 32 19 for
2926 5079 35 19 the

2409 5105 97 26 licensing
2518 5105 23 21 of
2549 5107 87 19 traction
2647 5107 83 24 ergines
2750 5113 22 13 or
2790 5107 31 18 for
2839 5106 120 25 appoining

2409 5131 36 19 the
2460 5132 76 18 sevtral
2552 5138 56 13 sun.s
2623 5137 21 15 to
2660 5132 24 19 be
2695 5133 45 24 paid
2750 5134 21 17 to
2782 5132 34 19 the
2823 5134 76 20 county
2909 5132 51 19 fund

2408 5157 33 21 for
2449 5157 49 21 such
2510 5157 80 22 license.
2617 5158 34 21 No
2667 5157 64 23 doubt
2747 5158 35 21 the
2792 5164 68 21 power
2869 5160 22 18 to
2901 5157 58 21 make

2408 5192 11 12 a
2441 5185 75 24 by-law
2539 5185 114 25 regulating
2671 5186 34 20 the
2724 5187 113 19 conditions
2852 5192 25 14 on
2893 5185 64 20 which

2408 5211 85 20 traction
2505 5213 82 23 engines
2596 5219 34 13 are
2640 5216 21 16 to
2670 5213 25 19 he
2707 5213 86 19 allowed
2807 5217 22 14 to
2845 5219 6 18 j
2859 5219 31 13 ass
2900 5212 58 25 along

2408 5240 75 23 county
2497 5239 65 24 roads,
2573 5239 67 20 would
2650 5239 64 26 imply
2733 5239 35 20 the
2783 5246 67 17 power
2868 5242 21 17 to
2899 5238 58 21 make

2407 5265 98 25 licencing
2519 5273 12 12 a
2546 5266 103 20 condition
2658 5274 5 14 ;
2677 5267 38 19 but
2734 5267 35 19 the
2788 5266 46 20 bare
2853 5272 68 17 power
2935 5268 21 18 to

2407 5291 60 21 make
2476 5291 98 25 licensiug
2587 5300 12 11 a
2614 5293 103 19 condition
2736 5293 68 19 would
2820 5293 36 19 net
2866 5292 64 24 imply
2944 5300 10 11 a

2407 5323 68 19 power
2494 5322 22 14 to
2535 5317 77 26 impose
2629 5324 26 13 on
2673 5318 36 19 the
2728 5325 78 12 owners
2829 5319 22 18 of
2870 5319 86 19 traction

2407 5343 82 25 engines
2497 5343 36 21 the
2550 5344 89 25 liability
2654 5346 21 18 to
2689 5351 39 19 pay
2747 5352 10 12 a
2773 5345 73 19 license
2861 5344 32 20 fee
2911 5351 22 13 as
2945 5351 11 13 a

2406 5370 102 20 condition
2525 5371 109 24 precedent
2644 5372 21 19 to
2680 5371 71 26 taking
2760 5373 37 19 out
2811 5378 12 14 a
2841 5371 79 23 license,
2935 5378 21 13 as

2406 5397 76 19 section
2499 5398 24 19 10
2540 5397 22 19 of
2577 5397 26 25 by
2613 5397 37 20 law
2662 5398 40 20 No.
2717 5399 12 19 8
2738 5399 71 19 effects
2818 5400 21 18 to
2848 5399 32 19 do.
2908 5399 48 19 And

2406 5423 73 19 indeed
2492 5424 17 18 it
2523 5423 41 19 will
2580 5423 24 19 be
2622 5424 96 20 observed
2738 5425 45 19 that
2801 5424 98 20 although
2917 5425 39 19 sub

2405 5450 76 18 section
2492 5449 12 20 5
2513 5449 22 19 of
2543 5449 76 20 section
2630 5450 35 20 311
2677 5450 21 20 of
2792 5451 97 19 Counties
2905 5451 49 24 Act,

2485 5476 94 24 provides
2587 5476 32 20 for
2632 5477 35 19 the
2677 5477 98 26 licensing
2780 5477 22 20 of
2808 5477 88 20 vehicles
2905 5484 5 17 ;
2919 5481 35 21 yet

2404 5502 46 20 that
2473 5502 36 20 the
2533 5503 125 24 Legislature
2686 5505 121 24 apparently
2832 5504 84 19 deemed
2938 5503 16 20 it

2403 5534 104 20 necessary
2519 5528 21 20 in
2552 5529 38 19 sub
2599 5529 77 21 section
2693 5530 11 20 9
2719 5533 22 17 to
2754 5531 44 24 give
2808 5536 24 14 an
2843 5529 111 21 additional

2403 5560 67 19 power
2493 5557 22 17 to
2536 5555 49 20 such
2608 5562 11 13 a
2637 5555 27 21 bv
2683 5557 38 19 law
2745 5557 106 26 providing
2869 5557 31 19 for
2917 5556 37 20 the
2966 5555 2 28 i

2402 5583 98 22 payment
2515 5581 21 20 of
2552 5581 74 20 license
2644 5582 41 20 fees
2701 5590 25 12 on
2741 5583 35 19 the
2793 5583 53 19 issue
2864 5583 21 19 of
2902 5582 49 21 such

2402 5606 91 22 licenses.
2521 5608 22 19 It
2556 5614 46 18 was,
2612 5608 100 26 however,
2723 5609 74 24 argued
2805 5609 46 20 that
2856 5616 21 13 as

2401 5632 68 23 Police
2488 5634 95 23 Offences
2600 5636 41 20 Act
2658 5636 141 20 Amendment
2816 5636 46 24 Act,
2963 5632 2 29 j

3010 164 40 21 had
3060 164 90 27 imposed
3161 170 24 14 on
3197 165 35 19 the
3246 170 78 14 owners
3340 163 21 20 of
3379 162 86 20 traction
3479 163 81 24 engines

3010 191 59 27 using
3079 192 69 26 public
3163 191 60 21 roads
3239 191 37 20 the
3293 191 52 23 duty
3355 189 21 21 of
3385 189 116 26 complying
3510 190 51 20 with

3011 218 76 21 certain
3102 218 122 26 conditions,
3241 218 64 20 which
3321 217 115 21 conditions
3454 217 68 21 would
3535 217 25 21 bo

3012 245 35 21 the
3057 245 48 26 only
3115 252 47 13 ones
3178 245 62 26 likely
3258 246 22 18 to
3298 244 25 20 be
3340 243 92 26 imposed
3445 243 27 26 by
3485 245 76 24 ceunty

3012 267 95 25 council's,
3119 272 16 19 if
3144 272 17 20 it
3171 278 40 14 was
3220 271 48 20 held
3279 270 88 21 councils
3377 270 41 20 had
3427 276 26 14 no
3462 276 68 19 power
3540 272 21 18 to

3013 299 59 19 make
3081 305 12 13 a
3105 298 26 26 by
3142 298 38 20 law
3194 298 122 25 demanding
3333 304 12 13 a
3362 297 74 19 license
3450 297 31 19 fee
3497 297 65 19 under

3013 325 37 20 sub
3060 326 76 19 section
3147 325 23 21 13
3180 325 57 20 there
3251 325 68 20 would
3336 324 25 20 be
3377 323 87 26 nothing
3478 322 38 22 left
3530 323 33 20 for

3014 353 56 20 them
3081 354 22 19 to
3112 353 26 20 do
3147 353 66 20 under
3222 353 47 20 that
3283 351 123 22 subsection.
3434 350 42 21 The
3485 357 78 14 answer

3015 381 21 18 to
3044 379 42 21 this
3094 381 109 23 argument
3217 380 15 19 is
3243 380 46 20 that
3386 378 67 20 Police
3469 378 94 20 Offences

3015 406 46 23 Act,
3159 407 16 19 is
3194 406 52 20 later
3262 406 20 21 in
3298 406 47 20 date
3360 405 50 19 than
3421 405 36 19 the
3466 405 97 19 Counties

3015 434 47 19 Act.
3073 433 39 20 and
3123 433 44 20 that
3182 433 37 19 sub
3229 433 75 20 section
3314 435 12 16 4
3336 431 21 20 of
3366 431 77 20 section
3462 431 11 19 2
3491 431 21 19 of
3528 431 35 19 the

3016 459 74 20 former
3098 461 39 18 Act
3147 460 80 25 implies
3237 460 35 19 the
3283 460 101 19 existence
3390 457 21 21 of
3420 457 49 21 local
3479 457 27 22 by
3516 457 47 20 laws

3015 493 20 13 as
3054 489 22 17 to
3094 486 87 21 traction
3201 487 88 25 engines.
3318 486 41 20 But
3381 485 16 20 it
3420 490 40 14 was
3483 484 80 20 further

3015 514 74 24 argued
3107 514 47 20 that
3171 514 68 25 seeing
3257 514 46 20 that
3321 513 37 20 the
3375 511 87 22 fraction
3481 511 81 26 engines

3014 540 102 20 increased
3136 541 35 19 the
3191 542 43 19 cost
3253 541 21 19 of
3290 540 133 23 maintaining
3437 538 36 20 the
3486 540 77 24 county

3013 568 59 20 roads
3086 567 40 22 and
3149 567 87 27 bridges,
3251 568 39 20 and
3310 573 51 14 were
3373 566 112 25 dangerous
3500 566 22 19 to
3536 565 27 20 all

3015 596 87 24 engaged
3109 595 20 20 in
3137 596 74 19 animal
3219 596 64 19 traffic
3290 595 21 20 in
3318 594 34 21 the
3360 595 82 24 county,
3451 592 36 21 the
3495 598 68 20 power

3014 623 21 18 to
3045 622 59 19 make
3114 629 11 12 a
3135 621 70 24 bylaw
3215 621 99 27 imposing
3324 628 11 13 a
3344 621 74 19 license
3424 620 33 19 fee
3465 620 67 19 would
3538 620 25 19 be

3015 648 83 27 implied
3108 655 22 14 as
3166 655 11 14 a
3193 655 87 20 purpose
3288 648 21 21 of
3316 648 50 25 good
3376 646 44 21 rule
3431 646 39 20 and
3479 652 72 19 govern-

3014 678 56 19 ment
3089 676 21 21 of
3124 676 35 21 the
3293 676 72 21 within
3380 674 36 21 the
3433 674 95 26 meaning
3543 672 20 21 of

3013 704 75 21 section
3098 704 44 22 303.
3154 704 45 21 read
3212 704 20 21 in
3243 704 130 26 conjunction
3384 702 49 21 with
3443 702 118 20 subsection

3013 731 23 21 13
3043 732 21 19 of
3069 739 32 13 sec
3116 729 43 26 311.
3174 732 21 20 It
3202 732 15 20 is
3224 735 20 17 to
3251 732 24 20 be
3281 730 97 22 observed
3386 730 20 21 in
3413 730 35 20 the
3457 730 43 20 first
3507 729 55 26 place

3013 758 45 21 that
3068 759 16 20 it
3095 759 15 20 is
3119 758 26 28 by
3156 766 26 13 no
3189 766 68 13 means
3266 759 53 20 c!ear
3329 758 45 20 that
3382 758 85 20 traction
3479 756 81 26 eugines

3013 786 25 20 do
3048 786 89 20 increase
3146 786 35 20 the
3191 787 42 19 cost
3242 786 22 20 of
3281 786 134 24 maintaining
3432 784 37 21 the
3485 786 76 22 county

3012 813 59 19 roads
3088 813 21 19 in
3128 813 116 19 distinction
3264 813 51 19 from
3334 812 35 19 the
3387 812 85 24 bridges.
3500 812 11 18 I
3529 817 32 13 am

3012 838 88 22 inclined
3117 840 21 19 to
3147 846 10 13 a
3167 840 95 25 contrary
3271 838 80 26 opinion

3013 867 42 21 The
3065 867 56 21 woid
3152 867 101 21 condition
3284 866 103 26 occurring
3398 864 20 22 in
3438 864 38 22 sub
3484 864 76 21 section

3013 895 31 26 13,
3055 895 99 21 reviewed
3165 895 20 19 in
3192 895 35 20 the
3233 895 52 25 light
3291 895 21 19 of
3319 894 35 20 the
3361 894 58 20 other
3429 892 131 21 subsections

3013 922 22 21 of
3060 922 74 21 section
3156 922 42 25 311,
3224 928 69 14 means
3320 920 113 22 conditions
3447 926 22 14 as
3483 921 22 18 to
3525 919 36 20 the

3014 949 83 21 method
3104 949 21 20 of
3131 956 53 14 user.
3211 949 21 19 It
3243 949 41 20 will
3294 949 48 19 thus
3352 948 25 20 be
3384 954 45 13 seen
3439 947 46 20 that
3493 946 9 19 T
3509 946 51 20 have

3014 977 78 19 arrived
3103 979 21 17 at
3134 977 35 20 the
3180 983 54 13 same
3244 975 116 21 conclusion
3378 982 21 13 as
3410 974 33 20 Mr
3453 973 106 25 Hawkins,

3013 1003 99 22 theS.M.
3124 1004 52 25 who,
3191 1005 22 19 at
3225 1003 98 26 Tapanui,
3335 1002 61 21 heard
3416 1001 76 21 similar
3507 1007 53 13 cases

3013 1033 22 19 to
3045 1031 35 21 the
3090 1033 82 24 present
3190 1037 25 14 on
3232 1030 35 21 the
3281 1037 54 14 same
3350 1029 27 26 by
3386 1029 51 25 law;
3451 1028 41 20 and
3510 1034 49 14 even

3013 1059 41 20 had
3064 1059 8 20 [
3079 1059 38 20 felt
3126 1057 136 23 considerable
3269 1058 64 20 doubt
3340 1064 21 13 as
3368 1059 21 17 to
3396 1056 35 20 the
3438 1057 122 19 correctness

3013 1086 21 19 of
3051 1086 36 20 the
3103 1085 114 21 conclusion
3235 1085 79 20 arrived
3332 1086 22 18 at
3373 1085 25 24 by
3413 1083 32 20 Mr
3462 1083 98 19 Hawkins

3013 1113 72 24 (which
3094 1113 11 20 I
3114 1113 26 19 do
3150 1113 51 23 not),
3209 1112 10 20 I
3227 1113 35 23 yet
3270 1111 65 20 would
3342 1111 52 20 have
3400 1110 39 21 felt
3449 1109 112 26 compelled

3013 1142 21 18 to
3044 1139 68 21 follow
3121 1139 31 21 his
3162 1139 67 26 ruling
3240 1138 20 21 in
3271 1139 57 19 these
3337 1144 61 15 cases.
3425 1137 68 20 When
3504 1136 57 21 there

3011 1167 37 22 has
3064 1168 50 21 been
3125 1175 12 13 a
3146 1167 117 22 considered
3273 1166 85 21 decision
3374 1166 26 25 by
3415 1172 11 14 a
3443 1165 118 26 magistrate

3012 1202 25 13 on
3048 1202 40 18 any
3097 1195 58 25 point
3165 1195 21 20 of
3196 1194 45 26 law,
3251 1201 40 18 any
3301 1194 59 20 other
3367 1194 116 25 magistrate
3493 1192 68 20 before

3012 1222 65 19 whom
3088 1222 99 25 precisely
3200 1221 36 19 the
3251 1227 54 13 same
3323 1220 57 25 point
3389 1220 17 20 is
3416 1219 144 26 subsequently

3011 1248 63 20 raised
3089 1248 65 25 ought
3171 1249 44 24 not,
3227 1247 86 20 without
3331 1254 48 17 very
3399 1248 69 22 strong
3480 1252 80 14 reasons

3011 1276 21 19 to
3042 1274 36 21 the
3091 1276 103 23 contrary,
3206 1276 21 18 to
3242 1273 67 21 refuse
3318 1274 22 20 to
3349 1273 69 20 follow
3428 1272 35 21 the
3472 1272 88 20 decision

3011 1302 117 26 previously
3137 1300 80 23 arrived
3227 1300 35 28 at;
3276 1300 40 21 and
3326 1300 19 21 iu
3361 1300 35 21 the
3410 1302 81 24 present
3509 1306 50 18 case,

3011 1330 36 20 the
3058 1337 54 13 mere
3121 1330 92 19 accident
3220 1329 21 20 of
3254 1328 97 26 precisely
3361 1328 35 19 the
3406 1334 54 14 same
3473 1328 88 20 offences

3011 1363 21 13 as
3049 1357 59 20 those
3126 1356 66 20 which
3212 1363 51 12 were
3278 1356 53 19 tried
3349 1357 22 18 at
3392 1354 91 25 Tapanui
3502 1354 59 24 being

3011 1384 119 20 committed
3140 1390 26 14 on
3176 1390 11 13 a
3196 1382 97 21 different
3302 1383 45 25 part
3358 1382 21 21 of
3385 1382 35 20 the
3429 1382 81 25 county,
3521 1381 39 21 and

3011 1411 48 21 thus
3085 1410 144 26 necessitating
3261 1417 11 14 a
3307 1409 47 21 trial
3380 1409 68 21 before
3474 1409 86 20 another

3012 1438 123 26 magistrate,
3155 1438 64 24 ought
3237 1438 37 20 not
3296 1438 22 19 to
3334 1437 44 20 lead
3397 1438 21 18 to
3436 1443 11 13 a
3465 1436 96 21 different

3011 1466 114 19 conclusion
3137 1467 21 18 to
3171 1460 46 25 that
3226 1464 116 26 previously
3351 1464 78 19 arrived
3439 1465 28 19 at.
3495 1464 65 19 There

3011 1492 73 20 should
3095 1492 25 19 be
3207 1492 90 24 attempt
3306 1494 21 17 at
3335 1491 121 25 uniformity
3470 1490 21 21 in
3503 1490 57 21 these

3011 1520 91 21 matters.
3113 1519 43 21 The
3162 1518 142 22 informations
3312 1517 40 22 will
3360 1518 23 21 be
3390 1518 112 27 dismissed,
3510 1518 49 21 with

3013 1547 34 21 42s
3058 1549 51 19 costs
3119 1547 78 25 against
3207 1545 36 23 the
3248 1547 79 25 county
3337 1546 86 21 council.

3036 1578 101 17 TUAPEKA
3146 1579 84 15 COTJNTY
3241 1579 92 15 COI'SCIL
3344 1581 19 13 V,
3374 1578 97 16 WILLIAM
3481 1578 63 16 PAUL.

3037 1601 42 19 The
3090 1600 111 20 defendant
3211 1607 40 12 v>as
3262 1600 85 25 charged
3358 1600 48 19 with
3424 1600 74 25 having
3512 1600 49 20 used

3012 1634 79 13 narrow
3110 1628 48 20 tires
3177 1634 25 13 on
3224 1626 86 21 vehicles
3331 1634 39 13 run
3385 1626 27 27 by
3429 1627 42 21 him
3490 1629 21 18 to
3526 1627 35 20 the

3012 1654 111 21 detriment
3137 1654 21 21 of
3172 1655 36 20 the
3224 1657 74 22 county
3314 1654 65 21 roads.
3409 1655 37 19 His
3468 1654 93 23 Worship

3011 1688 49 17 gave
3074 1681 119 25 judgement
3208 1685 24 13 on
3252 1686 12 12 a
3279 1678 108 26 precedent
3406 1680 39 18 laid
3461 1679 58 19 down
3535 1680 26 23 by

3013 1708 31 19 Mr
3052 1707 105 22 Hawkins,
3168 1706 61 21 S.M..
3241 1706 19 19 in
3271 1705 35 19 the
3321 1711 44 14 case
3378 1704 21 19 of
3410 1704 66 19 Police
3486 1711 12 11 v
3510 1705 40 18 Mac-

3011 1734 79 21 arthur.
3099 1741 11 12 a
3120 1740 44 14 case
3174 1732 67 21 which
3252 1732 24 20 he
3290 1731 68 22 stated
3371 1738 42 13 was
3427 1737 24 14 on
3463 1730 27 21 all
3507 1730 56 21 fours

3012 1761 50 20 with
3080 1761 35 20 the
3142 1761 82 24 piesent
3243 1767 44 12 one.
3324 1759 34 20 He.
3384 1758 118 21 considered
3529 1757 34 21 the

3012 1789 81 24 present
3102 1788 64 19 action
3177 1793 24 14 an
3213 1787 61 19 effort
3291 1787 22 19 to
3324 1786 48 19 take
3387 1786 113 23 advantage
3518 1784 21 20 of
3554 1791 9 13 a

3012 1815 76 24 change
3112 1814 22 20 of
3150 1814 129 25 magistrates
3303 1814 21 17 to
3349 1814 62 18 wrest
3435 1818 13 13 a
3471 1812 92 23 contrary

3012 1842 95 22 decision,
3119 1841 40 20 and
3167 1841 26 19 he
3203 1840 106 19 dismissed
3320 1840 36 19 the
3371 1838 132 21 information
3516 1838 47 20 with

3011 1869 35 19 42s
3057 1869 52 19 costs
3119 1868 79 24 against
3209 1866 34 20 the
3256 1866 96 25 Tuapeka
3363 1866 88 23 County.

3153 1934 126 50 Mining
3314 1933 112 41 Notes.

3049 2018 57 28 The
3120 2018 73 28 river
3214 2027 62 18 rose
3289 2027 35 17 on
3347 2016 127 36 Tuesday
3487 2015 80 38 night

3012 2058 85 28 about
3118 2057 80 37 eight
3220 2057 56 28 feet
3290 2056 47 28 the
3350 2056 86 28 result
3457 2055 28 28 of
3506 2065 46 28 pre-

3013 2098 105 37 vailing
3136 2097 68 38 high
3217 2096 98 33 winds,
3339 2096 88 28 which
3446 2095 121 38 brought

3014 2138 80 28 down
3121 2138 46 27 the
3193 2147 84 17 snow.
3329 2135 156 36 Yesterday
3520 2135 47 27 the

3012 2178 187 28 Government
3214 2187 91 28 guage
3319 2176 110 28 showed
3441 2176 47 28 the
3498 2175 69 28 level

3011 2222 27 24 to
3061 2219 35 27 be
3109 2218 98 28 twelve
3231 2216 57 29 feet
3301 2217 87 27 above
3403 2216 48 28 the
3461 2215 105 29 normal

3011 2258 66 34 tide,
3091 2258 53 27 and
3159 2258 21 28 it
3193 2257 54 27 had
3262 2257 70 28 been
3346 2267 29 17 as
3395 2256 83 28 much
3502 2265 30 17 as
3552 2265 15 17 a

3010 2298 59 28 foot
3085 2298 107 37 higher.

3049 2337 57 27 The
3128 2335 110 30 Mtrick
3263 2336 105 37 dredge
3390 2335 23 28 is
3439 2335 128 36 working

3011 2378 27 28 in
3062 2376 113 30 shallow
3197 2376 110 40 ground
3328 2375 40 31 off
3387 2375 47 30 the
3459 2386 53 18 run
3534 2373 30 31 of

3012 2418 75 37 gold,
3102 2428 29 17 so
3146 2418 60 27 that
3219 2429 14 15 a
3247 2427 66 27 very
3332 2416 77 37 large
3428 2420 96 24 return
3543 2416 23 27 is

3012 2460 49 26 not
3075 2456 169 39 anticipated
3255 2456 54 28 this
3323 2455 86 29 week.

3048 2496 58 28 The
3133 2496 156 38 Roxburgh
3322 2496 105 37 dredge
3458 2496 55 27 had
3538 2498 29 25 to

3013 2547 76 18 cease
3115 2536 157 38 operations
3298 2535 43 29 for
3371 2546 15 17 a
3411 2535 54 28 few
3491 2535 75 38 days,

3012 2577 92 35 owing
3118 2579 29 25 to
3161 2576 47 27 the
3228 2575 82 35 flood,
3331 2575 57 28 also
3407 2575 47 28 the
3479 2575 88 28 Edina

3012 2616 54 28 and
3080 2617 47 27 the
3141 2615 139 29 Dimedin.

3049 2657 29 27 It
3090 2656 23 28 is
3127 2655 129 39 reported
3277 2655 61 29 that
3364 2655 47 29 the
3437 2666 130 29 manager

3012 2697 29 27 of
3054 2697 47 27 the
3124 2696 106 28 Golden
3254 2696 64 27 Run
3343 2695 120 36 sluicing
3487 2697 79 28 claim

3011 2737 49 29 has
3075 2736 96 28 struck
3184 2746 16 18 a
3212 2745 59 19 new
3282 2736 61 28 face
3352 2735 29 29 of
3390 2736 175 35 wash,which

3011 2780 142 35 prospects
3172 2777 62 29 well
3256 2777 56 29 and
3336 2777 25 29 is
3388 2777 135 38 expected
3536 2781 28 26 to

3010 2817 74 35 yield
3099 2817 73 34 good
3185 2820 118 23 returns.

3047 2854 52 29 We
3126 2854 75 29 learn
3227 2855 60 27 that
3313 2864 34 18 an
3374 2855 116 37 enquiry
3515 2856 48 28 has

3009 2895 69 26 been
3091 2893 125 28 received
3228 2894 37 35 by
3275 2893 165 28 theEttrick
3451 2894 91 37 Dredg-

3007 2933 49 36 ing
3081 2931 37 28 Co
3140 2931 71 28 from
3226 2942 16 16 a
3257 2931 196 28 Christchurch
3467 2934 78 36 syndi-

3007 2975 59 21 cate
3089 2979 30 17 as
3141 2973 29 23 to
3193 2970 123 26 whether
3336 2970 66 34 they
3422 2971 90 27 would
3525 2972 35 26 be

3007 3006 135 38 prepared
3160 3010 28 24 to
3204 3006 109 38 dispose
3330 3007 28 26 of
3367 3006 45 28 the
3431 3012 130 33 property

3007 3047 67 28 with
3100 3057 15 18 a
3136 3046 70 29 view
3228 3049 28 26 to
3270 3046 116 39 floating
3407 3045 24 29 it
3452 3057 35 18 on
3514 3047 46 29 the

3007 3087 115 27 London
3132 3086 109 28 market
3251 3086 64 35 and,
3324 3086 22 27 if
3355 3096 38 23 so,
3405 3096 74 27 upon
3487 3088 73 27 what

3005 3129 95 25 terms.
3140 3125 58 27 The
3212 3126 115 37 enquiry
3338 3125 48 27 has
3400 3124 68 29 been
3480 3126 79 29 made

3005 3166 121 37 through
3148 3165 47 28 Mr
3214 3165 116 34 Burton,
3343 3165 55 28 and
3419 3166 35 28 he
3466 3167 23 28 is
3502 3166 57 30 also

3004 3206 86 28 asked
3111 3209 28 24 to
3158 3205 99 38 supply
3277 3205 177 29 information
3474 3206 85 28 about

3005 3257 54 27 any
3082 3246 78 28 other
3185 3245 68 28 local
3279 3245 107 38 mining
3407 3247 152 37 properties

3005 3286 59 28 that
3078 3286 90 36 might
3181 3286 34 26 be
3229 3285 27 27 in
3270 3286 46 27 the
3330 3287 116 27 market.

3198 3361 167 23 CROMWELL.

3142 3400 60 27 (Own
3216 3401 204 24 Correspondent.)

3042 3430 57 27 The
3132 3435 136 31 pontoons
3302 3430 29 27 of
3367 3431 99 36 M'Lay
3505 3431 52 28 and

3006 3469 105 38 party's
3146 3468 104 37 dredge
3287 3478 69 19 were
3379 3470 178 38 successfully

3007 3509 134 28 launched
3153 3518 33 19 on
3196 3508 178 38 Wednesday
3387 3509 62 36 last,
3464 3520 78 28 every-

3007 3549 80 37 thing
3113 3549 86 37 going
3228 3549 40 27 off
3289 3549 117 28 without
3431 3561 16 16 a
3472 3551 85 29 hitch.

3007 3589 55 28 The
3076 3593 53 22 two
3149 3591 136 34 pontoons
3304 3588 85 38 being
3408 3591 149 26 connected

3006 3629 22 29 it
3040 3640 55 18 was
3106 3640 16 17 a
3135 3639 74 18 more
3230 3628 115 29 difficult
3372 3629 185 40 undertaking

3007 3670 65 25 than
3111 3669 150 35 launching
3292 3669 66 27 each
3386 3671 171 36 separately;

3008 3709 49 27 but
3079 3708 37 37 by
3142 3707 47 28 the
3213 3707 157 37 systematic
3396 3718 115 19 manner
3530 3709 26 28 in

3007 3748 88 28 which
3109 3747 21 28 it
3146 3757 52 18 was
3213 3746 79 36 done,
3304 3747 22 28 it
3349 3757 55 19 was
3424 3753 133 33 apparent

3007 3788 59 27 that
3098 3788 65 35 they
3195 3786 168 29 understood
3398 3788 73 29 what
3492 3789 65 37 they

3006 3837 70 17 were
3085 3828 92 25 about.
3220 3826 44 26 All
3274 3826 84 36 being
3370 3827 27 26 in
3408 3828 148 34 readiness,

3006 3867 47 27 she
3067 3865 108 39 slipped
3186 3864 152 39 peacefully
3350 3866 39 27 off
3398 3866 45 28 the
3454 3866 102 38 weighs

3006 3907 56 27 into
3077 3907 46 27 the
3139 3905 133 28 beautiful
3286 3906 69 36 deep
3374 3906 62 28 blue
3459 3911 97 23 waters

3005 3947 28 27 of
3059 3946 48 28 the
3137 3945 108 35 Clutha,
3268 3945 101 29 amidst
3391 3946 46 28 the
3460 3946 95 38 hearty

3005 3986 93 28 cheers
3112 3985 29 28 of
3163 3985 45 27 the
3233 3984 141 38 admiring
3395 3989 159 33 spectators.

3004 4026 27 28 Jt
3045 4026 22 28 is
3082 4024 123 29 needless
3219 4028 28 24 to
3262 4034 46 27 say
3323 4024 61 28 that
3405 4025 47 29 the
3475 4026 81 28 latter

3004 4066 47 26 did
3083 4068 49 24 not
3158 4064 122 36 disperse
3308 4064 113 28 without
3451 4065 100 37 having

3003 4105 59 27 first
3095 4103 134 38 partaken
3268 4102 28 27 of
3327 4103 47 27 the
3399 4103 156 40 refreshing

3005 4146 147 35 beverages
3188 4141 87 28 which
3310 4152 69 17 were
3405 4143 96 37 placed
3525 4148 28 22 at

3003 4185 70 27 their
3086 4181 129 40 disposal,
3235 4182 49 27 but
3308 4182 78 27 when
3410 4183 65 37 they
3496 4183 55 35 did,

3001 4224 21 27 it
3058 4232 53 18 was
3139 4221 66 27 with
3240 4221 104 26 sincere
3370 4221 98 28 wishes
3492 4222 61 27 that

3001 4263 100 34 M'Lay
3116 4262 53 28 and
3184 4265 79 32 party
3284 4260 89 27 would
3391 4261 110 37 acquire
3516 4271 34 18 an

3000 4303 142 26 abundant
3156 4301 79 28 share
3249 4299 28 28 of
3290 4299 46 27 the
3346 4299 101 37 golden
3459 4301 91 33 metal,

3000 4341 88 28 which
3113 4338 189 36 undoubtedly
3320 4337 49 28 lies
3388 4339 75 28 there
3474 4339 60 27 wait-

2999 4383 49 35 ing
3081 4385 28 23 to
3136 4381 34 26 be
3196 4378 87 27 lifted.
3323 4377 53 28 We
3402 4383 72 23 must
3500 4382 49 24 not

2998 4421 130 27 conclude
3143 4419 115 28 without
3272 4417 123 38 noticing
3415 4419 45 26 Mr
3473 4418 73 28 John

2998 4459 183 34 Knewstubb,
3198 4458 48 26 the
3269 4457 115 33 builder,
3408 4463 27 21 to
3459 4458 86 26 whom

2997 4502 78 33 great
3086 4498 84 28 credit
3186 4497 21 28 is
3219 4497 52 27 due
3284 4496 43 28 for
3337 4496 44 28 the
3393 4506 113 18 manner
3519 4497 26 26 in

2998 4538 85 26 which
3099 4539 34 25 lie
3154 4539 48 25 has
3224 4537 70 26 done
3308 4537 40 25 his
3371 4536 79 28 share
3462 4536 30 28 of
3500 4536 46 28 the

2996 4576 85 26 work,
3121 4576 43 26 lie
3198 4574 139 34 evidently
3376 4574 165 36 thoroughly
3556 4572 1 38 ;

2997 4614 184 28 understands
3198 4613 42 27 his
3254 4611 134 34 business,
3411 4612 53 26 and
3478 4623 66 25 goes
3556 4611 1 37 J

2996 4654 84 28 about
3103 4653 22 27 it
3149 4654 26 26 in
3207 4663 13 15 a
3257 4651 73 37 quiet
3366 4651 178 35 unassuming

2996 4703 121 25 manner,
3132 4692 54 29 and
3208 4691 126 27 deserves
3348 4689 86 29 credit
3445 4690 43 27 for
3497 4689 46 28 the
3556 4689 1 44 j

2995 4734 83 36 speed
3114 4733 65 28 with
3212 4731 89 27 which
3334 4731 33 27 he
3401 4730 70 27 built
3496 4730 46 27 the
3555 4725 2 45 j

2995 4773 113 37 dredge,
3140 4772 63 36 only
3229 4769 103 38 having
3353 4769 83 28 taken
3457 4770 83 27 about
3554 4769 2 41 j

2994 4812 76 33 eight
3097 4812 89 28 weeks
3218 4818 27 20 to
3277 4814 47 31 get
3347 4809 49 28 her
3413 4809 56 28 into
3495 4809 60 26 the!

2993 4859 91 21 water.

3030 4892 57 26 The
3101 4891 95 27 visitor
3210 4889 69 28 from
3290 4898 68 27 your
3372 4887 54 36 city
3450 4887 88 26 whom

2993 4931 14 26 T
3021 4930 156 28 mentioned
3201 4930 27 26 in
3251 4938 44 26 my
3320 4927 50 27 last
3392 4926 22 27 is
3435 4925 55 27 still
3510 4931 27 21 to

2993 4971 45 26 the
3066 4970 58 27 fore
3153 4966 175 39 negotiating
3358 4965 44 27 for
3433 4963 104 37 mining

2991 5009 158 38 properties.
3191 5007 87 27 There
3308 5014 69 18 were
3401 5004 56 26 also
3484 5006 52 23 two

2990 5049 78 28 other
3093 5048 110 28 visitors
3233 5047 71 26 from
3334 5054 68 26 your
3418 5047 117 32 quarter,

2990 5088 101 28 Messrs
3114 5086 113 37 Murray
3250 5084 53 28 and
3322 5082 127 34 Borland,
3471 5091 48 26 spy-

2988 5127 49 29 ing
3050 5133 48 20 out
3113 5125 46 28 the
3185 5124 63 27 land
3268 5124 42 26 for
3330 5122 91 26 future
3441 5130 78 26 opera-

2988 5165 80 27 tions.

3194 5236 133 23 WAIPORf.

3123 5275 60 23 (Own
3198 5268 202 26 Cokbespoxuent.)

3023 5308 99 35 Owing
3147 5312 28 20 to
3196 5306 46 25 the
3271 5302 115 34 through
3410 5299 71 28 bolts
3504 5299 27 27 in

2984 5346 47 28 the
3043 5346 106 28 bottom
3170 5342 118 29 tumbler
3314 5339 101 37 having
3425 5337 105 29 carried

2983 5396 84 24 awav,
3080 5384 75 28 work
3179 5392 54 18 was
3256 5379 153 37 suspended
3433 5388 36 17 on
3485 5377 45 28 the
3542 5377 2 43 j

2982 5424 115 28 Jutland
3107 5423 59 27 Flat
3263 5420 112 34 dredge.
3415 5416 113 37 Repairs

2982 5473 70 19 were
3084 5460 121 38 speedily
3236 5456 124 34 effected,
3394 5456 133 34 however,

2982 5502 74 28 work
3066 5501 82 35 being
3160 5496 123 31 resumed
3295 5506 35 18 on
3340 5495 185 36 Wednesday,
3539 5487 3 49 j

2981 5543 13 25 '1
3004 5541 32 28 he
3058 5539 74 28 wash
3154 5548 36 26 up
3216 5537 42 28 for
3291 5535 46 27 the
3369 5534 76 28 week
3473 5543 52 18 was

2980 5581 75 28 31oz.

3015 5618 121 28 Rumour
3148 5616 48 27 has
3210 5614 21 27 it
3245 5612 58 29 that
3316 5612 104 36 private
3433 5615 78 25 enter
3535 5612 2 36 j

3589 162 71 37 prise
3674 161 23 28 is
3720 161 115 40 seekiog
3857 164 113 28 anothe;
3993 165 102 39 dredge
4109 170 28 24 to

3589 201 76 30 work
3679 202 47 29 the
3742 201 83 30 lower
3838 203 61 28 flat.

3625 241 60 28 The
3708 246 142 33 prospects
3874 242 29 29 of
3927 244 32 28 No
3959 244 33 28 3.
4014 244 12 27 1
4050 245 54 27 and
4126 247 7 25 1

3591 281 75 28 show
3679 280 77 38 signs
3770 281 28 28 of
3810 281 207 37 improvement.
4056 282 53 30 No.
4123 286 15 25 2

3590 320 23 29 is
3622 323 29 26 to
3664 320 35 28 be
3713 320 80 28 fitted
3815 321 65 28 with
3902 321 143 38 improved
4064 322 62 39 gold-

3592 359 98 39 saving
3725 360 156 38 appliances
3914 361 114 38 shortly.
4068 362 73 39 They

3592 400 112 27 washed
3718 410 35 27 up
3768 401 42 26 for
3822 412 75 22 oooz,
3913 401 29 28 of
3965 401 88 28 which
4077 403 64 28 250z

3592 439 23 28 is
3629 439 122 28 credited
3765 443 28 24 to
3808 439 51 28 No.
3877 441 26 26 2.

3631 478 56 27 The
3705 478 72 38 Deep
3792 478 74 29 Lead
3880 479 48 28 has
3938 479 69 29 been
4017 480 124 39 working

3592 521 54 26 two
3660 517 82 30 shifts
3759 519 75 28 since
3855 521 45 26 the
3923 530 83 24 snow,
4027 521 54 27 and
4095 531 31 18 ex-

3592 560 63 35 pect
3667 561 28 24 to
3709 558 70 28 have
3793 568 16 18 a
3822 559 59 37 tidy
3897 559 104 38 pan-off
4022 560 29 27 in
4064 560 77 29 three

3594 597 98 28 weeks'
3707 598 73 34 time,
3793 598 79 29 when
3883 600 47 27 the
3944 610 59 17 new
4023 599 118 30 elevator

3592 637 53 27 will
3660 637 34 27 be
3708 638 84 36 ready
3807 638 44 27 for
3862 639 85 26 work.

3627 676 58 29 The
3695 677 58 30 first
3763 678 195 38 consignment
3970 678 28 29 of
4004 677 45 30 Mr
4056 678 68 31 John-

3591 721 92 25 stones
3697 718 77 38 pipes
3787 719 108 28 arrived
3913 719 53 28 last
3988 719 85 33 week,
4088 721 53 28 and

3589 759 188 36 preparations
3799 759 43 28 for
3862 769 35 19 an
3921 759 74 38 early
4011 763 69 25 start
4095 771 45 18 are

3587 798 87 36 being
3686 798 111 37 eagerly
3815 799 106 35 pushed
3934 809 35 18 on
3982 802 28 25 at
4031 800 76 29 Bate
4123 812 17 25 y

3589 837 85 37 point.
3715 837 45 27 All
3794 838 79 27 other
3896 839 163 37 enterprises
4095 850 45 17 are

3587 877 121 29 likewise
3722 878 84 38 being
3820 878 106 38 pushed
3940 889 43 21 on,
4000 879 53 29 and
4067 879 22 29 if
4101 879 37 30 all

3587 928 66 28 goes
3688 918 59 28 well
3775 919 48 27 the
3857 919 193 38 shopkeepers,
4075 923 62 26 etc..

3589 958 86 36 ought
3685 961 28 25 at
3729 958 152 28 Christmas
3892 966 26 21 to
3940 960 31 27 be
3991 959 28 28 in
4036 961 101 37 receipt

3588 997 29 29 of
3629 1007 74 19 some
3726 998 73 37 good
3824 999 117 37 samples
3965 998 28 29 of
4013 999 122 39 Waipjri

3589 1036 75 38 gold.

3783 1114 167 22 LAWRENCE.

3728 1149 63 25 (Own
3804 1149 198 28 Cobkespondekt)

3625 1177 34 28 In
3683 1178 105 38 mining
3813 1183 113 25 matters
3952 1180 77 28 there
4054 1179 23 29 is
4103 1191 36 18 no

3589 1217 147 37 particular
3750 1219 58 26 stir.
3847 1219 58 26 The
3914 1219 117 38 sluicing
4044 1219 92 29 claims

3590 1257 68 26 have
3679 1267 61 17 now
3762 1267 33 17 an
3819 1257 160 28 abundance
4004 1259 29 28 of
4054 1265 84 22 water

3589 1295 54 30 and
3656 1306 45 19 are
3721 1297 113 40 making
3857 1297 46 29 the
3928 1297 90 30 fullest
4043 1308 48 20 use
4109 1299 29 29 of

3589 1337 73 28 their
3677 1339 206 36 opportunities.

3625 1377 58 28 The
3709 1377 105 29 Golden
3847 1377 65 29 Rise
3939 1378 125 38 Sluicing
4074 1396 6 5 -
4092 1379 47 28 Co.

3591 1417 114 35 (Adams
3725 1417 54 28 and
3801 1419 102 35 party),
3919 1418 217 34 Wetherstones,

3588 1467 45 18 are
3646 1457 94 37 laying
3754 1466 80 19 ciown
3856 1467 16 17 a
3892 1467 59 18 new
3966 1458 131 37 pipe-liie
4111 1461 28 25 it

3589 1507 16 18 a
3617 1501 59 24 cost
3690 1497 28 27 of
3730 1497 84 28 about
3824 1497 85 28 7OO.
3949 1497 57 28 The
4017 1508 59 17 new
4086 1498 54 27 line

3589 1541 83 25 starts
3686 1541 28 24 at
3727 1548 15 17 a
3751 1537 78 38 point
3841 1547 16 20 a
3870 1537 77 30 short
3956 1537 122 29 distance
4092 1538 30 29 be-

3589 1578 71 36 yond
3695 1578 89 27 where
3809 1578 46 27 the
3881 1578 158 36 company's
4076 1586 61 18 race

3590 1625 103 20 crosses
3707 1617 46 27 the
3766 1616 46 28 old
3826 1617 118 35 YVaipori
3954 1615 74 32 road,
4041 1615 98 26 thence

3590 1654 120 36 through
3725 1655 57 26 Mrs
3797 1652 135 29 Riddell's
3939 1654 132 34 property
4086 1652 54 26 and

3591 1701 90 17 across
3705 1692 47 27 the
3779 1692 48 26 flat
3852 1695 28 22 to
3909 1691 47 25 the
3981 1690 160 36 company's

3592 1728 87 29 claim.
3719 1728 65 28 This
3805 1731 194 34 arrangement
4017 1728 50 27 will
4081 1728 63 37 give

3593 1770 46 26 the
3648 1778 135 27 company
3794 1768 139 27 increased
3944 1778 134 27 pressure,
4088 1768 54 28 and

3594 1807 96 29 enable
3711 1808 75 27 them
3809 1811 29 24 to
3860 1807 75 28 work
3959 1807 76 28 three
4061 1807 81 30 shifts

3596 1848 71 35 daily
3681 1847 106 28 instead
3803 1848 28 27 of
3844 1857 60 17 one.

3632 1887 87 28 There
3745 1887 23 27 is
3789 1886 60 28 talk
3875 1886 29 28 of
3928 1885 139 29 M'lntosli
4090 1887 53 27 and

3596 1930 80 35 party
3700 1927 115 38 putting
3846 1935 16 18 a
3887 1925 105 38 dredge
4015 1936 35 19 on
4074 1927 71 28 their

3596 1967 100 39 special
3710 1966 79 30 claim
3803 1976 35 20 on
3852 1965 207 30 Wetherstones
4073 1966 69 30 Flat.

3599 2012 10 23 1
3638 2008 66 27 hear
3734 2008 65 35 they
3826 2007 67 27 have
3925 2007 47 26 the
3998 2006 144 29 M'Keuzie

3596 2047 91 28 Beach
3702 2046 74 29 Co.'s
3791 2045 104 39 dredge
3909 2045 56 29 still
3974 2045 86 28 under
4069 2046 74 28 offer.

3633 2087 57 28 The
3705 2086 194 29 Consolidated
3914 2085 58 36 Co.,
3984 2085 68 28 Blue
4063 2085 80 38 Spur,

3596 2137 46 19 are
3663 2127 112 38 making
3795 2126 51 29 full
3860 2127 74 27 time.
3974 2127 26 26 A
4013 2125 92 38 parcel
4118 2126 27 27 of

3596 2168 81 37 scrip,
3700 2167 218 38 locally-owned,
3937 2165 29 30 in
3991 2165 55 29 this
4072 2176 54 19 com-

3596 2217 82 28 pany,
3693 2218 54 18 was
3760 2207 122 38 recently
3896 2206 60 29 sold
3977 2207 29 27 in
4028 2205 116 29 London

3596 2249 44 27 for
3658 2250 26 26 11
3692 2259 12 16 s
3717 2257 48 28 per
3778 2248 88 27 share.

3632 2288 82 28 Kitto
3736 2287 55 29 and
3810 2286 106 40 party's
3942 2285 79 29 claim
4044 2296 36 18 on
4100 2285 45 29 the

3596 2327 125 29 Munros'
3735 2328 57 27 side
3806 2328 28 27 of
3848 2328 46 26 the
3910 2327 65 26 Blue
3990 2325 72 38 Spur
4070 2326 22 27 is
4103 2336 28 17 re-

3596 2367 97 41 ported
3707 2370 29 27 to
3750 2367 34 30 be
3797 2367 88 28 under
3898 2365 67 30 offer
3985 2369 28 25 to
4027 2376 16 17 a
4055 2365 90 29 Home

3596 2410 149 37 syndicate.
3775 2409 57 28 The
3843 2407 200 30 consideration
4052 2407 23 29 is
4086 2406 59 29 said,

3596 2452 28 26 to
3638 2449 34 28 be
3686 2449 131 34 14,000.

3633 2489 74 28 Mills
3721 2489 54 27 and
3789 2491 89 34 party,
3897 2487 57 29 also
3979 2487 28 28 in
4033 2486 112 29 Munros

3597 2529 91 38 Gully,
3703 2539 45 18 are
3761 2528 86 37 doing
3860 2537 65 28 very
3940 2527 58 28 well
4005 2526 59 38 just
4074 2537 70 18 now.

3632 2569 58 28 The
3704 2568 130 37 Tuapeka
3857 2567 62 28 Flat
3936 2567 146 37 Dredging
4097 2566 47 29 Co.

3596 2609 68 29 have
3673 2612 29 25 at
3709 2608 97 37 length
3818 2610 49 35 got
3877 2618 15 17 a
3901 2607 52 28 fair
3962 2610 77 25 start.
4068 2605 76 39 They

3595 2659 45 19 are
3653 2649 61 29 well
3728 2648 130 35 satisfied,
3872 2647 15 29 I
3906 2647 73 35 hear,
3994 2647 66 28 with
4073 2647 72 28 their

3594 2692 151 35 prospects.

3631 2729 95 38 Laffey
3751 2729 54 28 and
3836 2730 90 36 party,
3951 2727 61 29 who
4038 2726 64 29 hold
4127 2737 16 18 a

3592 2771 101 38 special
3706 2769 79 30 claim
3798 2771 29 27 at
3846 2768 46 29 the
3912 2767 60 30 foot
3996 2767 30 30 of
4050 2767 92 29 Evans

3593 2812 71 32 Flat,
3678 2821 45 16 are
3735 2811 29 26 in
3777 2812 89 33 treaty
3879 2809 44 26 for
3937 2809 46 26 the
4006 2808 134 36 purchase

3592 2849 29 29 of
3634 2851 113 35 Murray
3759 2847 54 30 and
3834 2846 106 39 party's
3954 2846 104 38 dredge
4073 2846 53 36 (for-

3591 2889 86 35 merly
3718 2887 169 29 Richardson
3925 2886 54 27 and
4011 2886 126 36 party's),

3590 2927 87 28 which
3691 2937 61 16 now
3765 2926 90 27 liesat
3875 2925 46 27 the
3943 2925 94 26 mouth
4052 2925 30 26 of
4092 2925 47 27 the

3588 2964 127 36 Mjrazion
3730 2965 76 27 Burn
3820 2974 36 17 on
3870 2964 46 27 the
3931 2962 100 29 Clutha
4044 2963 90 28 River.

3626 3002 86 28 There
3743 3002 23 27 is
3798 3002 119 36 nothing
3949 3004 48 24 out
4028 3001 29 27 of
4088 3002 46 26 the

3589 3040 127 38 ordinary
3728 3040 30 31 in
3770 3040 47 28 the
3827 3040 167 28 Waitahuna
4003 3039 132 29 direction

3588 3084 27 24 to
3629 3084 73 24 note.

3621 3161 125 42 Ettrick
3771 3161 121 43 School
3921 3162 162 43 Entertain-

3814 3214 99 35 ment.

3624 3293 57 27 The
3694 3293 99 27 basket
3807 3293 81 28 social
3902 3294 61 27 held
3976 3298 28 24 at
4027 3294 107 29 Ettrick

3588 3342 34 19 on
3636 3332 101 37 Friday
3751 3332 117 38 evening
3880 3343 54 17 was
3960 3344 50 17 one
4035 3334 29 27 of
4089 3335 46 28 the

3588 3376 73 25 most
3673 3372 144 39 enjoyable
3835 3374 224 28 entertainments
4071 3384 64 23 ever

3588 3413 82 37 given
3685 3414 27 27 in
3727 3414 60 27 that
3801 3413 115 29 district.
3955 3414 86 28 There
4051 3424 54 19 was
4112 3426 22 17 >a

3589 3453 74 37 large
3676 3452 171 34 attendance,
3863 3463 15 17 a
3890 3454 115 27 number
4029 3455 29 26 of
4071 3454 49 27 visi-

3588 3495 56 25 tors
3658 3492 85 37 being
3755 3495 109 35 present
3888 3492 69 28 from
3982 3493 152 39 Roxburgh

3587 3533 54 27 and
3673 3532 104 29 Millers
3820 3531 69 30 Flat.
3948 3533 56 28 The
4043 3534 91 27 school

3587 3573 123 27 children
3716 3572 162 28 themselves
3886 3583 70 17 were
3967 3574 167 35 responsible

3590 3611 41 30 for
3656 3611 46 29 the
3727 3611 87 39 major
3838 3611 107 39 portion
3971 3612 29 28 of
4012 3612 46 28 the
4071 3622 46 28 pro-

3586 3662 132 28 gramme,
3744 3652 53 28 and
3824 3652 149 37 admirably
4000 3653 45 28 did
4068 3653 65 37 they

3586 3692 119 36 perform
3729 3691 70 27 their
3824 3695 69 33 part,
3913 3692 143 35 reflecting
4086 3692 46 27 the

3587 3731 110 37 highest
3711 3730 85 28 ciedit
3809 3740 35 18 on
3857 3730 70 28 their
3937 3731 116 34 teacher,
4064 3730 68 28 Miss

3586 3771 108 33 Brown,
3708 3770 54 28 and
3786 3781 37 17 on
3840 3770 177 28 'themselves.
4057 3770 75 37 They

3585 3810 96 28 looked
3696 3810 122 37 graceful
3831 3811 54 27 and
3896 3810 141 28 attractive
4047 3809 26 29 in
4085 3810 46 28 the

3586 3849 126 37 Maypole
3726 3849 93 34 dance,
3833 3859 35 17 an
3892 3849 64 27 item
3982 3850 60 26 that
4066 3849 65 27 took

3584 3888 160 37 immensely
3759 3889 65 27 with
3836 3889 46 28 the
3890 3889 139 34 audience,
4042 3899 29 18 as
4085 3889 47 27 did

3584 3929 58 28 also
3655 3928 46 28 the
3715 3929 167 27 serio-comic
3897 3929 65 27 duet
3972 3929 35 36 by
4018 3929 46 27 the
4077 3931 52 25 two

3584 3969 69 27 little
3668 3967 75 38 girls,
3758 3969 97 27 Misses
3870 3968 26 28 J.
3910 3970 98 26 JBrown
4023 3968 52 28 and
4090 3967 38 29 M.

3583 4007 134 28 Tubman.
3757 4007 56 28 The
3826 4008 78 27 items
3918 4008 36 37 by
3974 4008 57 27 Mrs
4045 4007 84 28 Adair

3582 4049 54 27 and
3659 4049 68 26 Miss
3753 4051 33 25 IU.
3809 4047 124 29 Tubman
3956 4058 69 28 gave
4049 4052 78 33 great

3581 4087 132 37 pleasure,
3727 4088 54 27 and
3795 4088 43 26 Mr
3856 4088 105 26 Arthur
3973 4087 152 28 Koberfcson

3583 4136 52 18 was
3664 4126 57 29 also
3748 4127 96 36 highly
3876 4126 155 28 successful.
4070 4125 55 28 The

3581 4176 172 27 programme
3767 4167 82 36 given
3863 4176 52 17 was
3929 4176 28 17 as
3968 4166 103 27 follows
4082 4177 43 16 :

3580 4205 128 37 Maypole
3741 4206 93 32 dance,
3868 4205 89 28 school
3983 4205 140 33 children;

3579 4244 73 34 duet,
3709 4244 101 37 Money
3983 4243 58 28 Mrs
4055 4243 51 28 Hoe-

3579 4283 72 28 buck
3673 4284 54 27 and
3750 4284 68 27 Miss
3853 4283 37 27 M.
3917 4283 95 34 Kitto;
4044 4293 77 26 song,

3604 4323 121 26 Scottish
3738 4323 68 26 Blue
3827 4322 73 27 Bells
3938 4321 54 28 and
4012 4323 16 16 '
4040 4321 82 28 Came

3574 4371 34 29 ye
3617 4361 37 36 by
3788 4361 57 28 Mrs
3855 4360 102 35 Adair;
3972 4360 59 35 trio,

3574 4412 15 17 a
3740 4401 98 28 Misses
3860 4400 30 29 F.
3913 4400 156 34 Nicholson,
4090 4398 28 29 S.

3576 4441 145 33 Clements,
3742 4440 27 28 J.
3783 4440 165 33 McDonald;
3969 4440 149 33 recitation,

3601 4480 49 36 My
3662 4489 58 17 new
3731 4478 69 28 Lum
3908 4478 45 28 Mr
3964 4477 136 38 H.Thomp-

3573 4530 67 25 son;
3678 4518 83 29 violin
3791 4518 137 29 selection.
3959 4518 95 28 Misses
4087 4513 29 34 P.

3562 4556 1 30 !
3572 4559 148 27 Nicholson
3753 4559 50 26 and
3838 4558 26 26 -J.
3893 4557 147 28 M'Donald
4065 4558 53 26 and

3572 4598 102 26 Messrs
3696 4601 33 22 If.
3753 4596 120 28 Tubman
3899 4596 51 27 and
3970 4596 26 28 V.
4013 4595 104 29 Brooks

3571 4636 105 31 violins,
3698 4636 53 24 and
3772 4634 68 27 Miss
3862 4635 26 26 J.
3912 4635 103 33 Brown,
4036 4636 80 35 piano

3573 4674 136 35 (encore);
3864 4671 47 28 Off
3928 4676 27 23 to
3981 4672 120 29 Philadel-

3676 4711 45 30 Mr
3737 4711 151 29 Robertson
3900 4722 7 23 ;
3928 4721 78 28 song,

3569 4753 59 36 ship
3643 4753 14 26 I
3779 4751 68 27 Miss
3868 4750 31 28 E.
3915 4751 123 28 Tubman
4057 4753 43 35 (en-

3568 4793 70 34 core)
3653 4803 7 23 ;
3701 4791 105 31 chorus,
3844 4789 92 28 school
3973 4790 142 37 children;

3567 4841 78 27 song,
3687 4829 90 30 Annie
3941 4829 45 28 Mr
3998 4829 115 37 Dunne;

3566 4870 82 27 violin
3682 4869 65 33 solo,
3774 4868 44 27 Mr
3840 4868 136 28 Morrison
4005 4871 104 35 (violin)

3567 4909 66 27 Miss
3641 4908 32 27 E.
3688 4906 136 28 Westcott
3847 4907 122 37 (piano);
3991 4908 75 36 duet,

3565 4948 74 26 don't
3652 4949 73 25 want
3745 4949 27 23 to
3791 4946 64 36 play
3880 4946 27 26 in
3928 4956 70 28 your
4015 4948 98 36 yard/'

3566 4986 65 27 Miss
3645 4985 26 27 J.
3683 4985 98 27 Brown
3794 4985 52 26 and
3858 4984 68 28 Miss
3939 4987 36 27 M.
3986 4986 125 29 Tubman

3552 5022 1 40 I
3567 5024 136 37 (encore);
3734 5033 78 28 song,
3835 5023 45 28 Mr
3901 5024 125 29 Mitchell
4052 5026 57 36 (en-

3552 5063 1 38 I
3562 5066 71 32 core)
3646 5075 7 22 ;
3786 5063 70 38 Sing
3870 5068 27 23 to
3913 5074 42 18 me
3969 5066 46 26 the
4035 5066 75 28 Auld

3806 5102 58 28 Mrs
3880 5103 93 29 Adair.

3600 5141 45 26 Mr
3672 5143 22 23 A
3709 5139 166 29 M'Phersou
3899 5151 28 18 as
3950 5142 59 28 MX
4010 5139 2 38 1
4016 5165 15 12 .,
4056 5154 53 16 was

3563 5179 44 29 the
3621 5179 74 38 right
3706 5190 62 17 man
3782 5179 28 28 in
3825 5179 46 28 the
3892 5181 75 37 right
3992 5182 76 38 place
4081 5186 28 26 at

3562 5220 46 27 the
3627 5220 86 26 dance
3726 5219 87 28 which
3827 5220 135 36 followed,
3984 5222 54 28 and
4061 5233 32 17 ex-

3560 5259 99 29 cellent
3679 5259 84 28 music
3777 5269 54 18 was
3845 5260 132 37 provided
3997 5263 37 36 by
4049 5263 57 27 Mrs

3560 5299 135 26 Morrison
3712 5299 114 35 (piano),
3840 5299 54 27 and
3913 5299 45 28 Mr
3971 5301 136 29 Morrison

3563 5337 115 35 (violin).
3718 5336 57 29 The
3794 5337 124 38 catering
3941 5349 53 18 was
4015 5340 27 27 in
4062 5340 44 28 the

3558 5376 87 28 hands
3656 5376 29 28 of
3706 5376 45 29 Mr
3772 5376 150 39 Campbell,
3939 5378 28 28 of
3986 5379 130 37 Ettrick,,

3557 5416 52 27 and
3626 5416 44 28 the
3683 5425 102 29 supper
3793 5426 54 19 was
3859 5418 79 27 voted
3952 5418 151 36 first-class,

3556 5454 165 39 everything
3744 5456 82 37 being
3854 5456 28 27 of
3915 5457 45 26 the
3986 5457 118 29 choicest

3556 5494 174 37 description.
3770 5494 129 38 Dancing
3907 5505 53 19 was
3971 5496 134 38 indulged

3556 5532 25 28 in
3608 5534 65 26 with
3699 5538 78 32 great
3795 5534 79 37 spirit
3901 5534 41 28 till
3967 5537 136 35 morning,

3556 5572 74 28 when
3652 5582 82 27 every
3753 5583 52 18 one
3838 5577 73 24 went
3937 5575 80 28 home
4043 5577 58 26 weh

3552 5610 110 38 pleased
3676 5612 66 28 with
3753 5612 72 28 their
3833 5612 108 40 outing.

1669 59 215 40 'MOUNT
1971 64 223 42 BEKGER
2282 63 151 37 MAIL.

3654 57 172 38 October
3938 57 115 40 1898.

178 171 182 29 TUAPEKA
391 169 163 29 COUNTY.

172 296 54 26 that
239 304 13 18 a
265 295 116 34 Meeting
394 292 27 28 of
431 292 42 28 the
486 292 155 35 Ratepayers
654 282 2 47 I

92 334 28 24 of
129 332 43 26 the
184 333 86 25 Teviot
283 332 105 26 District
409 330 50 26 will
484 330 29 26 be
538 329 57 26 held
616 323 40 32 at!

92 372 41 23 the
146 369 138 26 Residence
295 368 28 25 of
332 369 42 24 Mr
383 368 61 25 Wm
464 366 94 29 Peters,
569 365 71 26 Mine
654 357 2 38 I

92 407 128 31 Manager,
236 403 150 33 Roxburgh,
409 413 29 16 on
461 400 178 30 TUESDAY,

89 441 73 28 10th
174 440 214 33 NOVEMBER,
402 440 73 33 1896,
487 446 24 20 at
522 440 14 25 8
548 437 91 28 o'clock
654 434 2 39 j

88 489 68 25 p.m.,
164 485 24 19 to
198 478 84 28 decide
294 478 110 26 whether
413 487 27 17 or
450 485 43 18 not
504 477 42 26 the
553 475 87 27 Roads

91 515 109 36 through
214 525 13 18 a
240 517 97 33 portion
351 515 28 26 of
394 515 98 26 Section
505 514 43 32 30,
561 512 79 27 Block
654 512 2 44 j

92 553 32 32 1.,
137 555 87 25 Teviot
237 554 111 29 District,
363 553 76 33 being
452 551 94 36 Specipl
561 550 78 27 Claim
654 550 2 40 |

91 590 27 26 of
125 590 42 26 the
180 590 141 36 Roxburgh
334 589 191 35 Amalgamated
539 588 103 32 Mining

91 627 49 29 and
160 629 114 35 Siuicing
296 628 137 36 Company,
448 625 116 35 Limited,
579 623 62 29 shall

89 665 30 28 be
132 667 113 36 stopped.

257 704 96 28 JOHN
367 704 24 27 J.
407 702 132 34 WOODS,

160 753 101 34 County
275 753 82 32 Clerk,
371 751 116 35 Tuapeka
501 751 106 33 County.

127 800 141 32 Lawrence,
284 800 65 27 22nd
364 799 114 31 October,
494 797 71 28 1896.

120 863 187 28 BOROUGH
329 864 47 28 OF
395 860 223 31 ROXBURGH.

93 953 159 46 "jV'OTICE
273 954 24 26 Ts
318 954 101 34 Hereby
433 954 81 28 Given
528 953 54 26 that
593 951 20 27 it
625 951 21 26 is

94 983 41 25 *-*
179 990 119 28 intended
324 997 24 21 to
374 991 71 27 make
476 990 48 27 and
553 989 54 35 levy
632 997 14 17 a

95 1028 107 26 General
219 1028 61 26 Rate
294 1028 28 26 of
336 1029 54 25 One
409 1028 109 30 Shilling
531 1028 24 25 in
569 1026 41 26 the

94 1075 31 16 on
157 1065 31 26 all
216 1065 108 26 rateable
349 1071 115 28 property
493 1063 87 26 within
605 1061 41 27 the

94 1102 121 34 Borough
230 1102 24 27 of
273 1102 145 36 Roxburgh,
432 1101 103 37 payable
557 1101 25 26 in
601 1107 45 18 one

95 1150 54 17 sum
181 1150 30 16 on
244 1141 41 25 the
317 1139 191 35 twenty-eighth
547 1138 47 34 day
623 1136 26 27 of

93 1177 150 25 November.
271 1178 73 30 1896,
366 1177 48 25 and
437 1177 54 25 that
512 1176 41 24 the
577 1175 56 25 Rate-

94 1213 64 26 book
188 1214 21 23 is
240 1222 62 23 open
333 1213 38 25 for
394 1213 137 28 inspection
557 1218 25 19 at
607 1211 40 25 the

94 1249 186 28 Council-room
293 1249 93 35 during
398 1249 75 26 Office
488 1249 81 26 hours.

255 1298 113 25 JABEZ
388 1297 155 29 BURTON.

437 1334 76 25 Town
529 1333 81 25 Clerk.

195 1393 111 29 FOR
383 1392 161 29 SALE.

95 1460 94 55 FOR
338 1463 27 24 at
387 1458 98 29 Teviot
499 1456 118 36 Station,
631 1466 16 18 a

176 1501 128 38 quantity
329 1499 29 30 of
383 1498 99 29 FEED
502 1497 145 30 OATS.

95 1543 56 26 For
164 1541 170 36 particulars,
347 1539 107 37 inquire
467 1541 28 25 at
510 1538 116 27 Station.

94 1603 261 31 APPLICATION
368 1602 74 29 FOR
455 1600 192 30 LICENSED

278 1642 185 30 HOLDING.

265 1717 123 26 District:
407 1715 82 35 Otago
503 1714 110 32 Mining.

207 1754 80 26 Da'e:
301 1753 61 27 08th
372 1752 153 32 Septembe-,
538 1751 73 27 1896.

128 1793 36 23 To
178 1792 41 26 the
235 1791 107 26 Warden
356 1795 25 21 at
395 1788 146 35 Roxburgh.

94 1829 92 53 WE
207 1828 91 35 hereby
322 1827 75 34 apply
426 1826 37 25 for
493 1835 13 16 a
526 1825 120 26 Licensed

181 1865 117 33 Holding
307 1864 36 26 for
354 1862 166 34 Goldmining
529 1871 118 27 purposes

93 1903 79 27 under
186 1903 40 26 the
239 1903 139 35 provisions
399 1900 28 26 of
471 1900 53 26 The
544 1900 103 33 Mining

91 1943 60 28 Act,
291 1940 28 26 of
338 1938 40 26 the
403 1938 70 26 lands
499 1936 148 28 hereinafter

91 1977 134 30 described,
237 1976 80 26 which
328 1976 62 25 have
404 1975 59 26 been
475 1974 58 35 duly
545 1973 100 26 marked

90 2015 25 25 in
130 2014 148 27 accordance
294 2013 58 26 with
367 2012 42 27 the
432 2012 97 34 mining
550 2010 83 36 regula-

91 2052 71 25 tions.

165 2087 73 27 THE
257 2086 130 27 TEVfOT
407 2084 235 28 GOLDMINING

322 2123 50 27 CO.
395 2122 101 34 (Ltd.),

136 2162 53 36 (By
203 2162 64 26 their
280 2162 93 34 Agent,
390 2160 76 27 Jabez
480 2159 119 35 Burton.)

126 2232 80 26 Name
219 2231 47 27 and
281 2230 98 26 address
389 2230 25 26 in
426 2228 43 27 full
484 2228 28 27 of
519 2228 104 35 applica-
634 2232 10 23 t

89 2270 87 25 The
189 2270 87 24 Teviot
289 2267 166 31 Goldmining
468 2266 47 25 and
531 2265 113 34 Sluicing

91 2307 128 34 Company
230 2303 139 36 (Limited),
384 2302 107 26 Andrew
505 2301 137 31 Hamilton,

89 2341 393 37 Sporetar3',DunedinMiners
496 2339 80 37 right:
595 2339 45 27 No.

90 2383 91 28 17608,
196 2382 72 24 dated
281 2380 33 26 23
322 2381 21 24 '9
357 2380 38 25 96.

124 2420 26 26 St
155 2419 37 26 vie
205 2417 79 27 under
298 2416 78 26 which
391 2416 20 25 it
432 2416 20 25 is
477 2413 116 28 intended
617 2418 24 21 to

89 2458 105 25 conduct
209 2456 40 25 the
264 2453 233 27 businessTeviot
509 2451 114 26 Goldmin-

87 2495 46 33 ing
146 2493 47 26 and
208 2492 113 33 Sluicing
340 2491 41 26 Co.
398 2489 140 35 (Limited).

124 2530 111 26 Localitv
250 2529 79 25 where
341 2528 41 25 the
393 2526 58 26 land
462 2526 96 34 applied
572 2526 37 25 for
621 2526 20 26 is

89 2566 242 28 situatedSection
346 2565 22 32 1,
383 2564 71 26 block
468 2571 60 26 xn.,
542 2562 82 28 White-

88 2604 85 28 combe
187 2604 113 26 District.

125 2642 94 27 Extent
233 2641 24 26 of
270 2640 58 27 land
347 2639 96 37 applied
458 2638 101 27 for2l
574 2647 68 18 acres

91 2681 12 25 1
119 2679 59 27 rood
191 2679 33 26 20
237 2677 74 37 poles.

127 2719 111 26 Amount
252 2715 26 27 of
288 2714 90 37 capital
392 2712 118 38 proposed
524 2716 28 24 to
562 2711 30 29 be
604 2712 26 28 in-

90 2756 118 26 vested
211 2754 106 28 5,000.

126 2790 126 35 Proposed
265 2789 72 27 mode
358 2788 27 25 of
404 2787 115 34 working
532 2787 41 25 the
586 2785 57 27 land

89 2828 177 35 Hydraulic
278 2826 108 35 sluicing
399 2825 48 26 and
458 2823 99 37 ground
570 2822 60 28 sluic-

87 2867 52 33 ing.

125 2903 72 25 Term
221 2902 37 25 for
279 2900 80 26 which
379 2899 90 26 license
490 2898 21 25 is
529 2897 113 34 required

86 2940 65 23 2l
174 2947 78 16 vears.

122 2973 107 28 General
257 2970 211 35 remarksPegs
492 2967 101 28 marked
624 2968 16 29 t

86 3011 107 37 (arrow).

122 3048 83 26 Dated
219 3053 25 20 at
258 3046 138 35 Roxburgh
411 3046 48 26 this
479 3045 61 27 28th
553 3045 49 35 day
616 3045 24 25 of

84 3084 152 36 September,
251 3083 76 27 1896.

117 3155 52 27 The
183 3154 76 28 above
272 3153 149 35 application
436 3152 47 26 and
498 3161 47 24 any
559 3152 65 35 objec-

84 3194 64 26 tions
163 3192 48 27 will
234 3191 29 26 be
289 3191 73 26 heard
388 3196 25 20 at
439 3190 40 25 the
505 3189 130 26 Warden's

82 3230 75 26 Office
171 3236 25 20 at
219 3228 139 34 Roxburgh
379 3236 32 16 on
435 3226 63 27 23rd
522 3225 113 32 October,

83 3267 74 26 1896.

120 3305 58 28 Any
191 3311 89 27 person
294 3302 111 32 desiring
425 3305 24 21 to
462 3299 81 35 object
557 3304 25 22 to
596 3298 40 27 the

84 3342 65 25 issue
163 3340 28 26 of
199 3351 14 15 a
226 3340 90 26 license
326 3338 36 27 for
374 3339 40 26 the
425 3337 56 26 land
494 3337 96 35 applied
600 3337 36 26 for

85 3384 74 23 must,
173 3377 88 26 within
286 3377 31 26 10
339 3376 65 26 clear
428 3375 61 34 days
511 3376 60 24 from
595 3373 41 26 the

84 3415 56 24 date
171 3417 24 22 of
219 3413 60 26 such
311 3413 156 35 application,
499 3418 68 19 en'er
597 3410 39 26 his

83 3451 136 35 objections
243 3456 26 20 at
294 3450 40 26 tLe
360 3447 131 28 Warden's
517 3448 73 26 Office
610 3453 25 20 at

78 3488 150 34 Jlcxburgb.

132 3535 210 26 FREDERICK
360 3533 169 32 JEFFERY,

278 3571 74 28 Clerk
367 3570 129 29 Warden's
510 3571 86 28 Court.

116 3610 120 26 Received
250 3610 114 35 30/9/96,
377 3615 25 21 at
418 3610 73 26 10.30
503 3618 57 18 a.m.

79 3670 285 55 JJAMILTON
426 3670 37 36 &
530 3670 96 43 CO.,

144 3740 171 36 TAILORS,
337 3740 223 37 CLOTHIERS,

322 3801 56 18 AND

85 3840 269 32 GENTLEMEN'S
376 3842 236 31 OUTFITTERS

75 3905 86 35 (Next
200 3906 100 28 Mount
309 3906 110 38 Benger
526 3906 94 38 Office)

159 3967 203 37 SCOTLAND-ST.,
376 3967 160 31 ROXBURGH.

110 4066 87 38 Style,
217 4066 55 36 Fit,
292 4067 54 27 and
371 4066 215 39 Workmanship

256 4117 184 30 Guaranteed.

175 4168 149 29 Overcoats
340 4173 29 24 to
382 4169 136 27 Measure.

108 4258 267 29 MODERATE
407 4258 183 29 PRICES.

70 4346 26 28 A
117 4345 92 29 choice
226 4346 40 28 lot
284 4346 30 28 of
332 4346 124 39 Samples
468 4347 30 28 of
509 4347 113 29 Tweeds

216 4398 101 36 always
330 4399 28 26 in
379 4398 95 28 Stock.

160 4487 12 28 I
231 4488 390 38 FINLAYSON,

153 4538 160 21 BARRISTER
327 4539 61 20 AND
401 4539 154 26 SOLICITOK,

265 4578 163 32 Lawrence,

73 4626 69 29 Will
167 4626 94 28 attend
287 4627 47 27 the
359 4627 153 37 Roxburgh
540 4628 83 29 Court

221 4666 78 28 when
322 4666 155 38 requested.

74 4732 103 37 Money
185 4734 29 25 to
223 4730 78 29 Lend
311 4742 34 17 on
355 4732 135 27 Freehold
502 4732 125 38 Security

74 4831 218 52 HUGH
367 4831 260 44 BRUCE,

165 4897 202 28 BOARDING
396 4898 140 35 HOUSE,

110 4938 313 33 \Yhiteliayex-street,
446 4937 153 29 Lawrence

140 4976 144 39 (Opposite
299 4976 118 38 English
432 4976 130 38 Church.)

84 5056 81 21 FIRST
183 5056 85 20 CLASS
292 5056 249 20 ACCOMMODATION
562 5057 56 20 FOR

160 5082 58 21 THE
233 5082 185 21 TRAVELLING
435 5083 111 20 PUBLIC.

119 5150 78 29 Good
224 5150 131 36 Stabling
380 5150 55 27 and
454 5150 132 27 Paddock

224 5190 257 28 Accommodation.

157 5269 170 28 Charges
346 5269 202 27 Moderate.

117 5329 3 28 >
152 5331 65 24 ob
244 5331 21 24 e
292 5332 23 23 r
343 5329 119 27 tar
490 5329 25 28 K
546 5331 23 25 A
595 5329 31 27 Y.

115 5397 125 23 General
266 5395 89 23 Prape
358 5403 13 2 -

190 5436 62 25 Ross
273 5436 71 24 Place
366 5436 134 23 Laurence.

129 5503 60 22 New
208 5501 48 23 and
273 5498 160 24 Fashionable
456 5498 106 29 Droperv

98 5535 80 29 Large
189 5532 65 25 stock
272 5531 78 26 Men's
362 5532 47 23 and
423 5531 61 29 Boys
494 5531 111 31 Clothing

128 5566 88 24 Ladies
230 5564 48 24 and
291 5563 125 24 Lhildrens
427 5564 132 30 requieiu?.

96 5609 76 26 Visits
201 5607 134 31 Roxburgh
379 5605 47 26 and
461 5605 158 33 surrounding

66 5644 103 25 districts
182 5642 109 27 monthly

698 164 215 31 ROXBURGH
943 164 254 31 ORCHESTRAL

866 204 172 28 SOCIETY.

694 282 224 22 POSTPONEMENT
936 281 36 21 OF
992 281 122 21 MILLERS
1128 281 72 20 FLAT

879 315 136 21 CONCERT.

671 375 152 53 OWING
845 380 23 21 to
891 384 31 16 an
946 374 112 26 accident
1072 379 24 20 to
1111 374 42 24 the
1166 381 44 17 con-

755 411 88 27 ductor
856 411 27 26 of
894 411 41 26 the
958 411 106 33 Society,
1080 409 81 26 which
1176 409 49 25 will

670 449 97 28 confine
781 449 50 26 him
852 455 25 20 to
898 447 38 26 his
958 446 126 27 residence
1103 445 36 27 for
1153 454 13 18 a
1179 444 47 28 few

671 487 68 35 days,
754 487 40 25 the
807 487 78 25 above
899 485 105 26 Concert
1018 484 44 26 has
1082 483 47 26 had
1153 489 25 19 to
1197 482 28 26 he

673 522 207 28 POSTPONED
901 527 24 21 to
946 531 14 16 a
982 520 62 27 later
1065 520 64 30 date,
1145 518 80 27 which

673 561 49 26 will
735 561 29 26 be
778 559 130 36 published
923 558 70 27 when
1008 557 101 27 decided
1124 566 39 17 on.

750 607 24 28 J.
790 608 24 26 S.
829 605 188 28 MORRISON
1029 605 11 27 )
1070 622 15 13 o
1087 627 94 14 onratar
1183 622 6 13 :
1191 630 25 11 aa

753 646 11 7 ,
771 646 9 13 r
804 645 12 14 T
847 644 153 15 n-DAtrivn
1034 640 8 19 r
1069 628 154 23 secretaries.

753 646 35 27 M.
804 646 27 27 L.
847 646 153 26 ORMOiM)
1034 648 6 24 \

703 721 169 30 MILLERS
895 719 97 30 FLAT
1014 717 183 31 CONCERT.

734 808 151 34 FRIDAY,
905 808 73 27 23rd
998 805 172 28 OCTOBER.

677 899 73 54 BY
777 899 95 27 mutual
896 905 178 28 arrangement
1100 897 60 26 with
1187 896 41 26 the

760 936 141 27 Orchestral
915 936 108 33 Society,
1035 936 41 26 the
1087 933 139 34 Roxburgh

677 975 60 27 Glee
751 974 65 26 Club
829 983 103 26 purpose
944 974 130 33 repeating
1085 973 64 25 their
1160 971 50 26 Con-

675 1018 52 21 cert
739 1017 25 21 at
779 1011 92 35 Eady's
887 1010 66 32 Hall,
968 1010 96 26 Millers
1084 1010 64 29 Flat,
1172 1007 37 27 TO-

678 1049 122 30 NIGHT,
812 1048 40 26 the
864 1047 141 26 Orchestral
1018 1047 105 26 Concert
1135 1046 94 33 having

677 1086 60 27 been
751 1084 164 37 unavoidably
929 1084 146 36 postponed.

906 1142 28 28 F.
957 1141 170 35 JEFFERY,

1059 1188 137 35 Secretary.

696 1258 215 31 ROXBURGH
930 1259 151 30 JOCKEY
1103 1259 109 30 CLUB.

731 1338 24 26 N
775 1338 144 35 Adjourned
943 1340 115 34 Meeting
1071 1340 27 25 of
1108 1340 41 26 the
1164 1340 50 25 Rox-

713 1378 14 11 *
765 1374 80 33 burgh
860 1374 96 35 Jockey
972 1376 63 25 Club
1050 1376 49 26 will
1123 1376 28 26 be
1175 1376 55 26 held

677 1411 23 25 in
722 1410 41 27 the
782 1411 150 26 Athenaeum
960 1412 60 25 Hall
1043 1421 30 16 on
1101 1412 107 27 SATUR-

678 1447 82 32 DAY,
776 1447 40 26 the
830 1447 73 27 24th
927 1448 164 34 INSTANT,
1106 1456 24 18 at
1144 1451 15 24 8
1173 1459 56 25 p.m.

711 1485 119 27 Business
844 1486 144 35 important.

677 1547 215 28 ROXBURGH
920 1547 167 28 CRICKET
1121 1548 109 28 CLUB.

743 1627 167 26 MEETING
924 1627 27 26 of
962 1627 40 27 the
1016 1627 126 27 Members
1156 1628 27 26 of
1191 1628 40 27 the

765 1664 76 25 above
861 1663 64 26 Club
939 1664 47 25 and
1009 1664 68 26 those
1098 1665 132 25 intei'ested

678 1703 25 26 in
715 1701 99 28 Cricket
826 1701 47 27 will
886 1701 28 27 be
924 1701 56 27 held
993 1702 23 26 in
1028 1702 40 26 the
1080 1701 149 28 Athenaeum

682 1740 57 26 Hall
758 1748 31 17 on
813 1739 206 32 SATURDAY,
1044 1740 64 26 31st
1133 1740 97 31 INST.,

678 1782 24 21 at
715 1776 15 28 8
744 1785 14 26 p
770 1785 31 17 m.

713 1820 118 25 Business
840 1820 144 33 important.
1020 1822 20 24 A
1052 1820 70 34 large
1134 1820 83 26 attend-

677 1865 59 18 ance
750 1856 137 37 requested.

712 1901 39 34 By
765 1900 77 27 order.

677 1961 215 29 ROXBURGH
922 1962 168 28 CYCLING
1121 1962 110 28 CLUB.

799 2058 118 35 Opening
937 2060 58 26 Run
1020 2064 25 21 to
1064 2058 96 27 Millers
1175 2058 54 27 Flat

686 2084 29 26 1
760 2095 68 26 takes
859 2095 68 35 place
959 2107 31 16 on
1020 2096 208 29 THURSDAY,

677 2131 72 27 29th
775 2132 97 32 INST.,
896 2133 70 27 when
992 2133 30 27 all
1044 2133 125 27 Members
1190 2143 39 16 are

676 2169 129 35 requested
821 2175 24 21 to
859 2176 64 21 meet
936 2178 26 19 at
974 2171 42 26 the
1031 2171 60 26 Post
1110 2170 75 27 Office
1205 2176 23 21 at

677 2206 57 26 1.30
748 2216 57 25 p.m.

884 2243 28 27 B.
934 2244 30 28 V.
984 2244 141 35 REILLY,

1060 2290 65 26 Hon.
1141 2290 51 25 Sec.

822 2363 255 30 NOTICE.

694 2439 9 12 4
726 2438 43 27 LL
787 2439 107 26 Persons
908 2441 85 31 owing
1007 2441 128 26 Accounts
1150 2446 24 20 to
1190 2440 40 25 the

761 2476 140 33 Roxburgh
917 2476 130 36 Cemetery
1069 2477 48 26 will
1141 2477 85 34 kindly

671 2514 83 33 oblige
769 2514 31 34 by
820 2514 94 34 paying
936 2523 68 17 same
1027 2520 24 20 to
1075 2515 40 25 the
1138 2514 75 26 under-

671 2550 94 37 signed.

818 2589 135 27 JOSEPH
978 2587 216 28 HAUGHTON.

828 2648 243 30 NOTICE.

727 2726 238 29 PPLICATIONS
978 2735 40 19 are
1031 2725 94 28 invited
1139 2726 37 27 for
1187 2724 41 29 the

710 2768 14 12 *-
761 2766 106 33 position
892 2764 27 25 of
946 2765 127 33 Working
1103 2765 124 31 Manager

674 2801 36 26 for
735 2801 41 26 the
801 2800 117 27 Pleasant
947 2799 88 36 Valley
1060 2799 167 35 Goldmining

673 2838 146 34 Company;
845 2846 91 26 wages,
960 2837 40 29 3
1023 2837 42 26 10s
1087 2846 42 25 per
1151 2837 75 26 week.

673 2875 172 34 Applications
859 2879 25 21 to
901 2874 30 25 be
943 2875 26 25 in
984 2879 23 19 to
1022 2874 40 25 the
1077 2873 150 34 Company's

672 2912 83 29 Office,
783 2910 147 31 Roxburgh,
964 2910 31 34 by
1021 2909 204 33 SATURDAY,

670 2948 55 24 7th
746 2945 212 27 NOVEMBER.

860 2993 31 29 R.
912 2992 208 34 COCKBURN,

1052 3032 136 34 Secretary.

736 3092 145 29 COUNTY
907 3092 43 27 OF
970 3090 183 28 TUAPEKA.

715 3178 153 21 ORDINARY
894 3175 147 27 VACANCY,
1068 3175 103 22 TEVIOT

887 3215 112 21 RIDING.

743 3300 137 26 pursuance
892 3290 30 27 of
963 3291 53 25 The
1029 3290 119 25 Counties
1164 3292 55 26 Act,

834 3328 48 28 and
896 3328 27 26 of
959 3328 52 26 The
1034 3326 148 36 Regulation
1197 3327 22 25 of

667 3368 74 26 Local
757 3368 124 26 Elections
896 3368 54 29 Act,
1122 3365 80 26 amend-

668 3410 79 21 ments
758 3404 101 30 thereof,
874 3403 17 31 I,
903 3403 76 25 Jabez
992 3402 102 30 Burton,
1110 3402 90 25 Return-

666 3443 45 33 ing
724 3440 90 28 Officer
826 3440 38 26 for
883 3439 87 26 Teviot
985 3438 101 32 Riding,
1101 3438 115 34 Tuapeka

666 3479 107 34 County,
804 3477 134 27 substitute
968 3476 38 26 for
1028 3475 68 27 John
1121 3476 94 34 Joseph

665 3515 101 31 Woods,
777 3514 60 34 duly
851 3512 131 36 appointed
997 3512 32 35 by
1043 3512 49 27 him
1107 3522 25 17 as
1146 3513 68 27 such,

663 3553 78 24 under
753 3552 98 24 Section
865 3551 14 26 7
893 3550 27 25 of
957 3549 52 26 The
1023 3549 152 33 Regulation
1191 3550 24 24 of

662 3589 73 28 Local
759 3588 125 27 Elections
903 3587 57 30 Act,
1079 3585 30 28 do
1124 3586 89 36 hereby

660 3629 57 30 give
731 3629 80 23 notice
826 3627 52 24 that
889 3635 30 15 an
931 3626 111 24 Election
1056 3624 48 25 will
1117 3624 28 26 be
1157 3625 54 25 held

660 3663 36 25 for
710 3662 41 26 the
764 3668 84 20 return
870 3662 28 24 of
915 3669 46 17 one
983 3660 117 36 qualified
1125 3669 85 25 person

659 3706 24 20 to
696 3709 68 17 serve
778 3709 26 16 as
818 3697 143 28 Councillor
974 3699 22 24 ol
1016 3697 40 26 the
1070 3697 103 26 Council
1188 3697 27 26 of

657 3738 41 26 the
710 3737 100 35 County
828 3738 24 25 ol
866 3735 116 33 Tuapeka
995 3734 37 27 for
1046 3735 88 26 Teviot
1150 3735 44 25 Rid-

656 3775 52 33 ing,
722 3775 47 25 and
783 3774 53 25 that
852 3773 41 27 the
908 3773 163 25 Nomination
1082 3773 26 25 of
1117 3772 76 26 Candi-

655 3810 69 26 dates
755 3810 49 26 will
834 3809 30 26 be
903 3808 111 26 received
1052 3808 32 35 by
1114 3817 39 16 me
1183 3815 25 19 at

656 3847 140 26 Alexander
815 3845 123 28 Gordon's
954 3845 92 31 House,
1063 3846 59 25 East
1137 3845 50 26 Rox-

654 3883 89 34 burgh,
759 3883 36 26 till
811 3884 28 25 12
854 3882 91 27 o'clock
957 3890 63 18 noon
1032 3890 29 17 on
1078 3882 105 27 SATUR-

654 3921 82 32 DAY,
759 3921 64 26 31st
849 3919 173 30 OCTOBER,
1049 3919 82 34 189G;
1157 3920 47 26 and

655 3957 52 26 that
721 3967 13 16 a
759 3957 51 25 Poll
826 3956 32 33 (if
868 3955 141 33 necessary)
1024 3956 51 25 will
1089 3956 28 24 be
1131 3956 73 26 taken

654 4005 30 15 on
708 3993 239 31 WEDNESDAY,
972 3991 67 29 11th
1065 3992 115 28 NOVEM-

654 4031 80 31 BER,
750 4031 75 30 189G,
839 4038 25 17 at
886 4031 40 24 the
941 4030 188 31 Schoolhouses,
1145 4031 58 26 Coal

655 4067 76 26 Creek
747 4067 47 26 and
807 4066 95 26 Millers
916 4066 64 31 Flat,
994 4066 47 26 and
1056 4073 24 19 at
1096 4066 91 27 Alexan-

654 4104 43 26 der
710 4104 124 26 Gordon's
858 4104 95 28 House,
977 4102 58 26 East
1058 4103 146 34 Roxburgh,

655 4142 107 25 between
779 4141 40 26 the
834 4141 73 25 hours
920 4140 27 26 of
955 4142 13 24 9
980 4139 93 28 o'clock
1086 4150 56 17 a.m.
1158 4141 47 26 and

654 4179 14 25 6
682 4178 91 25 o'clock
787 4187 57 25 p.m.

830 4225 113 27 JABEZ
964 4225 155 32 BURTON,

743 4269 144 33 Returning
901 4268 89 26 Officer
1002 4268 87 26 Teviot
1106 4268 93 35 Hiding

687 4316 117 37 Tuapeka
818 4316 107 35 County,

754 4361 68 28 22nd
836 4361 113 33 October,
966 4361 43 28 189
1009 4361 29 28 G.

699 4434 155 28 COUNTY
888 4434 46 28 OF
967 4434 194 28 TUAPEKA.

720 4515 152 21 ORDINARY
893 4515 144 26 VACANCY,
1051 4516 90 19 JAMES

873 4553 112 21 RIDING.

655 4619 51 25 TN
726 4627 137 25 pursuance
877 4619 26 23 of
945 4617 52 25 The
1017 4618 118 25 Counties
1150 4619 56 30 Act,

656 4656 24 14 --
823 4654 47 26 and
885 4653 27 27 of
953 4654 52 27 The
1020 4654 150 35 Regulation
1185 4655 26 26 of

658 4691 73 26 Local
773 4692 125 25 Elections
938 4693 56 31 Act,
1159 4693 47 26 and

657 4728 171 25 amendments
843 4728 99 31 thereof,
959 4729 18 29 I,
1001 4729 111 26 Norman
1135 4729 53 27 Law-

659 4772 70 17 rence
751 4764 140 31 M'Kenzie,
905 4765 143 34 Returning
1061 4766 89 27 Officer
1171 4766 36 26 for

658 4800 85 26 James
765 4801 100 32 Riding,
880 4802 116 35 Tuapeka
1019 4803 107 35 County,
1149 4804 42 25 sub-

659 4838 85 25 stitute
766 4839 37 24 for
824 4838 67 25 John
914 4838 92 34 Joseph
1034 4840 100 31 Woods,
1148 4841 58 32 duly

659 4874 131 34 appointed
804 4875 31 33 by
846 4874 48 26 him
906 4884 25 17 as
942 4876 67 32 such,
1021 4876 77 27 under
1108 4877 96 26 Section

660 4910 13 26 7
687 4910 24 26 of
757 4911 52 25 The
827 4911 146 32 Regulation
995 4913 27 25 of
1043 4913 74 26 Local
1136 4914 56 25 Elec-

660 4948 64 24 tions
738 4948 55 29 Act,
916 4948 30 26 do
957 4949 89 34 hereby
1058 4951 56 31 give
1128 4951 80 25 notice

660 4982 53 27 that
733 4993 31 17 f.n
779 4983 111 27 Election
910 4984 49 28 will
978 4984 29 28 be
1030 4986 55 26 held
1108 4986 37 26 for
1167 4986 41 26 the

659 5026 82 20 return
762 5021 24 25 of
804 5030 45 17 one
872 5022 115 35 qualified
1001 5032 85 25 person
1101 5029 25 20 to
1140 5033 67 16 serve

660 5065 26 17 as
708 5057 141 26 Councillor
879 5058 28 26 of
931 5059 40 26 the
990 5059 104 27 Council
1119 5061 23 25 of
1168 5061 40 26 the

660 5092 98 35 County
772 5094 27 24 of
809 5094 117 33 Tuapeka
938 5094 38 26 for
996 5096 85 25 James
1102 5097 105 33 Riding,

660 5128 47 27 and
722 5129 54 28 that
789 5130 41 27 the
844 5130 161 28 Nomination
1020 5132 26 26 of
1058 5132 150 28 Candidates

661 5166 49 25 will
729 5166 28 26 be
771 5168 109 26 received
894 5168 32 35 by
940 5178 38 17 me
997 5175 24 20 at
1044 5170 41 25 the
1107 5170 86 27 School-

661 5202 83 33 house,
759 5203 139 32 Dunrobin,
913 5205 36 26 till
971 5205 32 27 12
1028 5206 90 27 o'clock
1141 5217 64 16 noon

660 5250 30 14 on
716 5241 204 34 SATURDAY,
952 5244 63 25 31st
1038 5244 170 31 OCTOBER,

661 5276 82 33 189G;
769 5277 47 25 and
832 5278 53 25 that
907 5287 12 16 a
942 5278 53 26 Poll
1018 5279 32 31 (if
1068 5281 140 33 necessary)

660 5312 48 25 will
720 5314 29 24 be
759 5313 73 26 taken
845 5324 31 16 on
887 5314 236 34 WEDNESDAY,
1136 5317 70 26 11th

660 5348 211 34 NOVEMBER,
895 5351 72 32 189G,
990 5359 25 20 at
1040 5353 41 26 the
1106 5353 86 26 School-

660 5386 88 25 houses
773 5386 57 26 Dun
836 5388 75 31 robin,
938 5389 146 33 Croofcston,
1108 5390 98 31 Heriot,
1218 5386 1 42 j

660 5422 45 25 and
731 5421 104 35 Ettrick,
856 5423 108 28 between
986 5426 40 25 the
1049 5426 74 27 hours
1146 5426 27 26 of
1192 5428 13 25 9

657 5459 91 26 o'clock
763 5469 13 16 a
787 5469 31 16 m.
833 5461 46 25 and
894 5462 14 23 G
922 5463 90 25 o'clock
1027 5472 57 25 p.m.

654 5506 153 27 NORMAN
816 5507 203 29 LAWRENCE
1028 5510 174 28 M'KENZIE

709 5551 143 34 Returning
863 5552 86 27 Officer
961 5553 85 28 James
1060 5555 105 30 Riding-.

684 5597 116 38 Tuapeka
818 5600 106 31 County,

752 5630 214 42 Dunrobin,'23rd
981 5638 112 35 October,
1107 5640 73 30 1890.

1317 167 216 30 ROXBURGH
1552 168 193 30 ATHLEHO

1397 207 141 29 SPORTS
1561 208 109 29 CLUB.

1255 277 251 22 EXTRAORDINARY
1524 280 136 20 GENERAL
1674 277 135 24 MEETING.

1312 342 22 26 N
1358 342 197 34 Extraordinary
1576 344 106 27 General
1697 344 116 33 Meeting*

1294 375 14 18 L
1346 377 47 27 will
1411 379 28 24 be
1454 380 54 25 held
1524 386 24 20 at
1559 381 40 26 the
1616 381 149 26 Athenaeum
1781 389 30 16 on

1256 414 210 31 THURSDAY,
1481 416 72 26 29th
1574 416 97 32 JNST.,
1686 423 24 20 at
1726 418 14 23 8
1754 424 15 28 p
1780 425 22 18 m

1448 463 175 28 Business

1326 505 34 25 To
1386 506 95 25 discuss
1507 507 85 25 Club's
1617 509 107 32 position
1751 508 60 24 with

1395 542 88 36 regard
1500 549 23 20 to
1537 544 117 35 grounds.

1505 593 26 24 J.
1550 593 24 24 A
1604 593 104 29 BOYD,

1559 634 66 28 Hon.
1642 634 138 35 Secretary.

1411 707 191 30 NOTJC
1623 710 31 27 E.

1289 803 8 21 k
1325 788 132 29 PUBLrC
1472 790 165 29 MEETING
1656 793 47 25 will
1719 793 95 26 beheld

1346 833 25 21 at
1402 826 42 28 the
1476 828 158 33 Athena'tim,
1663 829 151 30 Roxburgh,

1259 864 133 33 preceding-
1402 865 41 27 the
1458 866 116 35 Opening
1585 868 27 25 of
1620 877 11 16 a
1644 868 70 26 Good
1724 868 72 31 Temp-

1259 901 55 26 lars'
1329 902 86 28 Lodge
1437 905 35 24 for
1494 903 150 32 Roxburgh,
1667 915 29 15 on
1718 905 72 25 WED-

1261 938 151 32 NESDAY,
1427 940 70 27 28th
1512 941 163 32 INSTANT,
1688 942 69 26 when
1773 942 42 25 Mr

1259 976 30 26 D.
1303 976 20 26 C
1346 976 129 33 Cameron,
1492 978 85 26 Grand
1593 979 128 27 Secretary
1736 979 28 25 of
1774 978 40 27 the

1259 1014 86 27 Grand
1368 1014 86 34 Lodge
1469 1015 27 26 of
1507 1016 60 26 New
1581 1016 115 27 Zealand,
1712 1016 46 26 and
1773 1016 43 26 Mr

1259 1051 41 25 W.
1329 1050 77 32 Anld,
1427 1051 75 32 D.D.,
1529 1052 111 35 W.C.T.,
1668 1054 27 25 of
1717 1054 80 26 Waita-

1261 1088 74 31 huna,
1362 1089 49 26 will
1437 1090 111 26 Address
1574 1091 40 25 the
1641 1092 115 30 Meeting-
1784 1101 30 15 on

1459 1127 48 27 and
1722 1129 41 27 All
1778 1129 24 26 in-

1263 1164 104 32 tending
1380 1165 119 27 members
1511 1176 39 15 are
1562 1167 117 31 specially
1687 1167 129 35 requested

1263 1205 24 21 to
1313 1201 94 25 attend.
1446 1202 86 26 Public
1560 1202 113 33 Meeting
1703 1210 26 19 at
1759 1203 58 26 7.80

1262 1246 50 27 pm
1332 1238 91 35 sharp;
1445 1238 85 32 Lodge
1542 1240 93 31 opened
1650 1247 24 19 at
1688 1240 58 26 8.10
1757 1249 59 26 p.m.

1493 1289 26 26 T.
1541 1288 173 32 ANDREW,

1646 1327 138 26 Convener.

1300 1460 91 29 NEW
1426 1461 180 31 SEASON'S
1640 1464 141 30 GOODS!

1261 1640 94 48 W,
1400 1641 70 46 T;
1515 1642 301 61 TalbQjs,

1430 1728 224 29 ROXBURGH.

1263 1866 70 30 Now
1360 1866 133 39 Showing-
1513 1878 16 18 a
1554 1868 132 38 Splendid
1707 1868 96 29 Assort-

1480 1924 77 26 ment
1577 1921 29 29 of

1308 1990 101 35 New
1442 1990 141 36 Goods
1604 1992 6 33 !

1476 2071 99 35 New
1609 2070 140 36 Goods
1767 2071 6 34 !

1439 2150 161 38 Consisting
1620 2152 30 27 of

1261 2214 102 35 Prints,
1397 2215 27 27 in
1458 2215 112 27 Newest
1603 2214 128 28 Patterns
1764 2212 51 30 and

1339 2265 232 39 Colouringsat
1585 2266 35 28 5d
1634 2276 48 27 per
1694 2265 68 38 yard

1261 2328 52 29 Lot
1324 2327 29 31 of
1360 2327 134 41 Zephyrs,
1506 2327 162 41 Ginghams,
1677 2327 139 32 Satteens,

1338 2381 166 36 Corduroys,
1536 2381 55 28 and
1634 2380 122 37 Crepons
1789 2380 25 28 in

1336 2432 112 29 Newest
1464 2431 113 29 Colours
1590 2431 54 28 and
1658 2430 119 38 Designs

1261 2494 139 29 Beautiful
1433 2494 39 28 lot
1503 2493 29 29 of
1564 2493 102 38 Fancy,
1694 2493 120 38 Striped,

1334 2545 54 28 and
1397 2545 119 38 Figured
1523 2545 117 28 Muslins
1649 2545 43 28 for
1701 2545 113 27 Blouses

1333 2597 109 28 from
1457 2596 54 30 skl
1524 2606 50 29 per
1585 2596 69 39 yard

1259 2658 135 40 Splendid
1407 2660 40 28 lot
1461 2660 29 27 of
1504 2659 104 39 Spring
1620 2659 54 28 and
1688 2659 127 29 Summer

1333 2710 71 29 Hats

1294 2827 89 30 NEW
1418 2827 159 37 GLOVES,
1607 2827 168 31 RIBBONS

1439 2949 194 28 VEILINGS.

1254 3098 199 29 TRIMMING
1469 3097 111 29 SILKS
1594 3097 82 28 AND
1691 3097 117 29 GIMPS

1392 3156 34 28 In
1447 3156 69 28 New
1537 3156 137 28 Patterns.

1371 3318 69 29 Nice
1460 3318 177 29 Assortment
1657 3317 29 29 of

1295 3383 108 29 NEW
1451 3382 137 30 UMBR
1604 3381 163 37 ELLAS,

1350 3434 70 28 from
1436 3436 30 25 4s
1483 3435 10 26 1
1503 3434 32 27 Id
1551 3436 27 26 to
1593 3433 49 29 10s
1658 3433 44 28 Gel.

1245 3572 116 31 MEN'S
1404 3573 206 36 CLOTHING,
1654 3572 147 35 SHIRTS,

1348 3627 132 34 PANTS,
1510 3626 183 35 SCARVES,

1401 3677 158 36 BRACES,
1580 3676 61 38 Ac,

1270 3740 39 30 At
1331 3741 92 29 Prices
1448 3744 28 25 to
1497 3741 65 39 defy
1584 3741 187 38 competition.

1236 3915 81 54 W.
1342 3918 59 52 T.
1437 3917 357 66 TALBOYS,

1371 4008 289 29 ROXBURGH.
