4196 5803
106 206 185 52 Roxburgh
326 206 144 51 Cycling
495 204 92 43 Club.

135 288 238 31 ADJOURNED
394 287 163 30 ANNUAL

253 327 186 31 MEETING.

103 371 60 30 The
175 370 101 32 annual
286 369 125 38 meeting
432 367 29 30 of
481 367 47 29 the
549 366 56 29 Kox-

64 413 92 36 burgh
195 411 118 36 Cycling
349 409 71 28 Club
460 406 163 39 (adjourned

63 451 72 31 from
148 453 134 34 Monday,
298 449 47 28 sth
357 448 77 36 inst.)
451 457 54 18 was
520 446 63 29 held
595 449 26 25 at
635 446 1 41 ;

62 493 49 28 the
135 493 168 29 Athenaeum
329 487 66 30 Hall
420 498 36 18 on
483 486 137 36 Saturday
635 486 1 36 !

62 532 130 37 evening,
218 531 78 27 when
320 529 77 27 there
424 537 55 18 was
506 537 15 17 a
547 526 73 36 good
635 526 1 43 :

61 572 174 29 atteudance.
275 568 46 29 Mr
359 567 47 29 W.
445 562 191 34 Winchester!

65 622 54 19 was
131 612 84 29 yoted
227 614 30 27 to
270 610 47 29 the
330 608 84 28 chair.

288 656 126 21 3JIXUTES.

101 690 58 29 The
199 691 120 26 minutes
352 688 29 27 of
412 686 47 28 the
491 685 143 37 previous,

63 734 124 35 meeting
208 738 72 20 were
302 726 74 36 read,
390 722 54 33 and
467 734 74 21 some
564 724 42 29 dis-

64 771 109 30 cussion
194 769 103 29 ensued
318 778 29 17 as
370 771 27 24 to
409 767 47 27 the
480 775 79 18 name

65 813 48 28 the
126 811 72 34 club,
207 810 21 28 it
237 808 85 38 being
338 805 152 36 ultimately
503 803 115 30 decided
631 801 2 45 I

65 856 28 24 to
107 860 123 19 re-name
242 849 23 27 it
279 849 45 26 the
336 846 150 35 Roxburgh
502 844 116 37 Cycling
630 844 2 37 ,

66 891 79 30 Club.
185 889 57 28 Ihe
256 888 118 28 minutes
390 894 69 20 were
473 884 66 28 then
553 884 80 44 con-1

63 931 107 29 firmed.

185 976 127 22 ELECTION
326 976 32 19 OF
369 973 126 21 OFFICERS

100 1011 58 28 The
183 1009 115 28 elpction
321 1006 29 28 of
374 1005 106 29 officers
504 1003 47 28 for
569 1002 47 28 the

63 1052 110 36 coming
194 1060 64 27 year
271 1045 119 30 resulted
404 1055 29 17 as
454 1044 105 28 follows
572 1053 44 17 :—=

62 1091 154 32 President,
241 1091 41 24 Hr
307 1086 99 28 Mullin
432 1081 183 37 (re-elected),

61 1131 47 28 Mr
120 1129 100 37 Reilly,
233 1128 61 28 who
307 1135 55 19 was
375 1124 57 29 also
446 1122 168 32 nominated,

65 1170 82 37 beiug
167 1178 52 19 one
230 1171 65 26 vote
316 1164 117 34 behind;
455 1162 145 38 vice-presi-

62 1210 90 32 dents,
183 1208 104 28 Messrs
324 1204 57 29 Jas.
423 1202 128 37 Mackay,
583 1201 31 29 P.

62 1248 132 32 Ormond,
214 1247 32 27 L.
261 1246 32 27 E.
309 1245 113 32 Haines,
434 1242 26 28 J.
479 1244 31 26 A.
526 1242 89 35 Boyd,

62 1289 81 28 Chas.
167 1287 115 36 Cooper,
305 1284 30 28 T.
360 1282 84 37 Coop,
466 1281 46 27 W
538 1281 57 27 Win-

61 1330 117 32 chester,
197 1325 47 29 W.
264 1325 34 26 A.
323 1322 98 36 Reilly,
444 1320 31 28 F.
498 1320 115 35 Jeffrey,

61 1369 27 28 J.
103 1369 115 33 Burton,
241 1364 36 29 H.
293 1361 103 36 Bafllie,
421 1359 55 30 and
496 1359 34 28 D.
547 1358 50 29 Cor-

61 1408 98 36 mack;
187 1405 118 39 captain,
331 1403 33 27 R,
379 1401 95 34 Scott;
495 1400 101 37 deputy-

61 1449 120 39 captain,
202 1447 32 29 T.
257 1445 31 29 P<
311 1442 131 35 Michell;
476 1443 137 34 secretary

61 1490 55 27 and
147 1493 144 27 treasurer,
323 1485 32 27 B.
378 1482 35 29 V.
437 1481 90 36 Reilly
561 1486 39 29 (re-

61 1528 105 28 elected
195 1523 221 36 unanimously);
446 1520 166 32 committee,

61 1569 104 28 Messrs
199 1566 27 29 J.
249 1564 35 30 A.
303 1563 89 38 Boyd,
429 1559 46 30 W.
491 1556 122 38 Clifford,

63 1609 93 37 Craig,
187 1607 34 28 D.
247 1605 93 31 Llder,
371 1603 28 28 J.
422 1601 118 38 George,
570 1599 43 28 W.

63 1650 117 32 George,
200 1645 34 30 E.
261 1646 35 28 A.
322 1644 81 33 Hart,
423 1641 191 33 Malcolmscn,

62 1688 31 29 T.
112 1688 31 27 P.
164 1686 122 33 Michell,
319 1684 35 28 D.
369 1682 132 35 O'Leary,
533 1681 32 28 B.
579 1679 36 29 V.

60 1727 100 36 Reilly,
174 1726 33 28 R.
223 1728 89 28 Scott,
334 1723 55 28 and
410 1721 46 28 W.
474 1721 125 28 Winches-

60 1772 52 21 ter.

246 1810 118 20 OPENING
378 1810 62 19 RUN.

97 1844 59 30 The
177 1844 123 39 opening
322 1853 51 18 run
405 1851 54 18 was
480 1839 74 30 fixed
575 1839 43 29 for

60 1884 156 37 Thursday,
230 1885 67 27 29th
311 1884 130 27 October.

58 1931 168 21 AFFILIATION
247 1931 31 20 TO
298 1931 53 19 THE
524 1928 93 19 UNION.

97 1962 211 29 Consideration
330 1961 30 28 of
381 1961 47 27 the
441 1960 128 36 question
590 1959 28 27 of

59 2001 143 29 affiliation
237 2004 29 25 to
305 2000 47 28 the
391 1999 69 28 New
497 1997 119 28 Zealand

61 2042 129 36 Cyclist's
212 2041 125 30 Alliance
362 2051 57 19 was
444 2039 50 30 left
520 2043 28 25 to
570 2038 47 31 the

61 2081 166 26 committee.
474 2090 47 7 ~—

133 2118 184 24 rifEPARATION
339 2120 33 21 OF
384 2120 52 19 THE
449 2119 92 20 TRACK'.

96 2155 28 29 It
138 2165 55 18 was
207 2152 129 39 reported
355 2153 61 28 that
438 2152 47 28 the
496 2149 75 29 work
586 2149 29 28 of

56 2196 152 38 preparing
216 2194 47 28 the
273 2193 80 28 track
364 2192 54 28 had
430 2192 67 28 been
508 2189 104 29 carried

57 2239 49 26 out
128 2239 29 25 to
178 2235 48 29 the
247 2233 170 30 satisfaction
432 2232 27 29 of
480 2232 47 27 the
540 2240 55 18 com-

57 2278 105 33 mittee,
186 2276 87 36 being
298 2274 28 28 in
358 2273 73 38 good
463 2271 79 29 order
570 2270 42 28 for

55 2316 132 35 training.

238 2360 197 22 SUBSCRIPTION.

95 2395 59 27 The
167 2398 113 24 amount
301 2393 30 28 of
350 2392 45 28 the
419 2389 99 29 annual
544 2389 48 27 sub-

57 2434 133 38 scription
201 2443 55 17 was
278 2431 73 28 fix*ed
365 2435 27 23 at
405 2431 31 27 3s
457 2430 43 27 for
522 2428 87 27 active

56 2474 56 28 and
146 2474 136 37 honorary
311 2471 136 29 members
484 2468 124 36 (without

56 2514 172 38 privileges)«

103 2561 201 21 HANDICAPPERS
318 2559 54 21 AND
382 2558 175 21 TIMEKEEPER.

95 2594 58 28 The
180 2593 142 37 following
355 2591 156 37 gentlemen
539 2599 67 18 were

58 2634 149 38 appointed
219 2632 197 37 handicappers
432 2631 43 27 for
487 2629 47 28 the
547 2639 43 18 sea-

59 2686 49 19 son
128 2687 5 17 :
136 2673 139 30 —Messrs
301 2671 45 30 W.
368 2670 182 34 Winchester,
573 2669 31 28 E.

58 2718 34 26 A.
108 2716 80 33 Hart,
200 2716 54 26 and
265 2715 33 27 R.
310 2713 119 28 Michell.
468 2712 46 27 Mr
527 2711 78 37 Boyd

57 2765 54 18 was
122 2754 103 29 elected
238 2753 174 36 timekeeper.

58 2804 104 20 RECORD
177 2803 66 20 RACE
244 2801 178 21 —ROXBURGH
441 2800 31 19 TO
491 2798 113 21 MILLERS

295 2838 70 22 FLAT.

92 2875 28 27 It
141 2883 55 18 was
221 2872 113 28 decided
357 2875 28 25 to
408 2871 66 29 offer
499 2881 16 18 a
539 2880 61 27 cup,

55 2914 79 28 value
153 2914 37 26 £2
219 2913 45 26 10s
293 2912 38 34 (to
355 2912 35 27 be
416 2910 118 35 suitably
561 2909 27 26 in-

57 2952 129 36 scribed),
199 2955 29 24 to
241 2961 54 26 any
314 2950 63 27 club
398 2948 123 29 member
541 2947 61 27 who

57 2991 94 29 makes
164 2991 97 28 fastest
273 2989 66 28 time
359 2988 102 36 during
474 2987 46 28 the
542 2995 45 29 pre-

57 3034 60 26 sent
130 3040 95 19 season
238 3029 70 28 from
322 3027 155 37 Roxburgh
495 3030 29 25 to
537 3026 49 27 Mil-

56 3071 54 29 lers
123 3069 63 30 Flat
197 3069 55 29 and
263 3067 79 36 back,
351 3067 87 30 either
450 3066 58 29 side
517 3066 29 28 of
556 3065 46 28 the

56 3112 81 34 river,
150 3111 46 28 the
210 3111 66 26 time
292 3109 78 27 when
392 3107 66 28 such
472 3106 115 38 competi-

56 3151 57 28 tion
132 3150 109 37 expires
261 3149 85 37 being
367 3148 46 27 the
433 3147 68 27 25th
514 3146 88 36 April,

57 3191 80 27 1897.

91 3229 66 28 This
170 3227 150 30 concluded
334 3227 47 28 the
401 3226 135 34 business,
548 3225 53 27 and

54 3270 47 28 the
115 3269 75 28 usual
212 3268 176 36 compliment
410 3271 28 23 to
461 3266 47 27 the
529 3265 72 27 chair

53 3307 165 31 terminated
231 3307 47 28 the
293 3306 189 38 proceedings.

141 3400 114 41 Latest
281 3396 235 50 Cablegrams.

89 3485 84 31 News
202 3484 49 29 has
283 3483 71 29 been
387 3480 125 31 received
544 3480 59 29 that

53 3527 123 27 Moorish
195 3525 101 36 pirates
315 3523 130 37 captured
465 3532 16 17 a
495 3521 107 27 French

54 3567 110 38 barque,
195 3563 56 29 and
287 3561 68 30 fired
387 3572 34 19 on
442 3572 16 18 a
485 3559 118 39 Spanish

52 3612 117 22 steamer
195 3604 91 28 which
310 3613 55 18 was
387 3601 168 38 attempting
576 3604 27 23 to

49 3655 96 19 rescue
158 3645 57 28 her.

88 3685 83 27 News
183 3685 49 25 has
244 3683 70 28 been
328 3681 125 28 received
479 3683 27 24 at
531 3679 70 28 New

52 3723 77 29 York
151 3723 62 28 that
239 3721 59 28 half
310 3721 30 28 of
362 3718 153 38 Guayaquil
529 3718 72 36 City,

51 3765 47 26 the
106 3761 72 30 chief
188 3764 109 32 seaport
310 3760 29 28 of
351 3758 126 29 Ecuador
499 3757 101 36 (South

51 3802 139 34 America)
225 3801 49 27 has
303 3800 71 26 been
397 3796 147 37 destroyed
565 3796 37 37 by

51 3843 57 27 fire.
152 3841 54 27 I'he
227 3840 116 37 damage
362 3838 25 28 is
409 3835 145 31 estimated
575 3839 28 24 at

52 3883 41 27 six
108 3881 127 28 millions.
275 3879 58 29 One
343 3877 136 29 thousand
489 3885 113 29 persons

50 3923 72 27 have
133 3921 71 28 been
217 3918 134 30 rendered
364 3917 146 28 homeless.

89 3960 115 30 General
218 3957 116 36 Trochu,
351 3956 61 30 who
425 3967 30 19 so
468 3955 132 40 gallantly

49 4000 137 30 defended
199 3999 76 29 Paris
285 3998 80 28 when
378 3998 22 27 it
409 4007 54 18 was
472 3996 126 28 invested

48 4041 38 30 hy
99 4042 48 27 the
161 4040 134 28 Germans
307 4038 29 27 in
354 4037 81 33 1870,
447 4037 23 27 is
484 4036 78 28 dead.

140 4080 47 29 the
200 4088 95 20 course
308 4078 30 28 of
347 4087 34 18 an
394 4076 150 34 interview,
555 4073 46 29 Mr

49 4122 150 29 Gladstone
217 4118 126 30 declared
366 4118 34 28 he
423 4128 55 17 was
501 4115 99 29 unable

46 4167 31 22 to
97 4159 170 29 understand
287 4159 48 27 the
355 4167 96 18 reason
474 4156 29 28 of
524 4156 73 27 Lord

48 4200 164 37 Rosebery's
220 4198 171 37 resignation
400 4198 28 27 of
437 4196 46 28 the
496 4193 89 30 leader-

48 4241 71 37 ship.

86 4281 43 25 Sir
141 4278 98 35 Henry
252 4276 133 32 Norman,
407 4274 192 28 ex-Governor

49 4318 28 30 of
106 4315 185 39 Queensland,
313 4315 28 27 in
364 4314 48 27 the
435 4320 96 21 course
545 4311 29 29 of
587 4322 15 17 a

47 4360 104 27 lecture
164 4356 138 29 delivered
317 4360 28 23 to
364 4355 47 27 the
425 4353 176 28 Manchester

50 4395 201 38 Geographical
263 4394 120 35 Society,
393 4393 58 26 said
463 4391 139 28 Australia

49 4446 56 18 was
119 4434 97 37 hardly
227 4433 69 28 alive
310 4435 28 25 to
352 4431 47 28 the
412 4431 108 36 danger
528 4433 28 25 to
567 4429 34 28 be

49 4474 169 39 anticipated
248 4473 72 29 from
352 4472 47 29 the
423 4471 124 39 hostility
573 4469 29 31 of

46 4516 69 28 Asia

841 198 196 42 Beaumont.

792 283 62 26 (Own
868 280 203 27 Corkespondent.)

688 322 53 25 The
754 322 68 26 chief
833 323 63 33 topic
910 321 28 26 of
956 320 170 26 conversation
1150 319 58 26 here

638 354 3 40 ,'
654 364 24 22 at
689 366 98 28 present
797 360 19 25 is
829 359 40 26 the
879 357 101 36 coming
990 359 92 31 county
1093 355 105 28 election

653 397 80 25 There
745 406 42 16 are
801 402 48 19 two
860 395 143 33 gentlemen
1016 395 27 25 in
1057 394 41 26 the
1114 392 90 27 field—

637 429 2 38 ;
652 434 53 30 viz.,
723 442 45 16 our
782 437 99 30 present
895 432 108 26 member
1016 431 54 33 (Mr
1095 429 109 32 Bennet)

636 464 2 41 ;
651 470 47 26 and
710 470 42 26 Mr
764 469 27 27 C.
803 469 27 27 C.
844 469 118 27 Rawlins.
1000 467 120 36 Opinions
1133 464 70 27 differ

636 506 1 34 ;
651 518 25 16 as
691 514 24 20 to
738 507 111 27 whether
873 516 13 17 a
911 507 97 33 change
1030 506 19 24 is
1063 511 136 25 necessary,

636 538 1 40 ,
651 554 59 16 even
727 544 95 34 though
837 543 42 26 Mr
895 543 94 25 Bennet
1004 543 42 23 has
1065 538 86 27 served
1173 547 27 17 us

651 581 53 27 well
718 582 25 25 in
759 581 40 26 the
812 587 62 27 past,
889 579 48 27 and
952 579 66 25 there
1043 585 44 17 can
1114 575 29 26 be
1168 585 31 16 no

636 613 1 43 ;
649 620 113 35 question
778 618 25 26 of
815 619 36 25 his
866 618 74 32 being
954 625 14 16 a
991 613 101 36 capable
1117 613 67 26 chair-

636 650 1 37 '.
650 665 64 17 man.
752 655 52 27 But
818 655 67 25 there
905 653 82 34 might
1010 651 28 26 be
1052 650 75 27 found
1142 659 54 17 men

649 693 81 25 whose
752 691 111 35 capacity
888 690 37 25 for
947 689 61 25 local
1034 693 163 28 government

649 729 77 28 better
739 727 28 28 fit
790 728 65 26 them
880 732 25 21 to
928 725 55 27 take
1006 733 13 18 a
1041 728 52 22 seat
1116 723 27 26 in
1157 722 41 27 the

648 766 103 26 Council
767 765 58 26 than
840 773 66 17 some
921 763 54 26 who
989 771 40 17 are
1051 766 25 22 at
1098 766 99 30 present
1207 762 1 34 !

648 802 127 28 members.
813 801 42 27 Mr
881 800 118 32 Rawlins,
1030 798 21 28 if
1072 797 124 33 returned,

647 839 89 32 would,
751 840 11 25 I
776 839 100 31 believe,
891 838 70 25 make
972 846 12 16 a
996 835 113 35 splendid
1119 844 57 17 mem-

647 875 41 28 ber
702 877 23 25 in
740 875 89 35 regard
845 881 23 19 to
890 874 41 26 the
954 874 97 33 mining
1073 872 122 34 industry.

645 912 52 29 The
722 914 115 26 interests
867 911 26 27 of
920 910 41 27 the
987 911 91 26 miners
1103 910 25 27 in
1156 910 41 27 the
1207 907 1 34 i

645 957 93 23 county
768 960 40 16 are
839 959 58 25 very
923 948 75 35 large,
1024 948 173 34 representing
1207 948 1 36 >

646 997 65 18 more
728 988 57 25 than
797 987 55 27 half
862 987 27 26 of
896 987 41 26 the
946 987 155 35 community
1112 995 6 23 ;
1139 985 69 38 and,!

644 1032 101 28 strange
760 1030 23 21 to
797 1034 51 26 say,
862 1033 36 16 we
913 1023 60 26 have
988 1030 44 19 not
1053 1032 14 17 a
1088 1023 109 26 member

643 1061 29 29 of
680 1062 42 27 the
736 1062 103 27 Council
855 1062 55 25 who
926 1061 63 35 fully
1002 1064 138 32 represents
1156 1060 40 25 the
1207 1060 1 36 !

644 1101 98 25 miners.
781 1098 23 26 It
818 1098 105 27 behoves
938 1098 40 26 the
992 1098 90 26 miners
1095 1102 24 20 to
1128 1105 66 17 com-
1207 1093 1 41 |

644 1137 64 31 bine,
722 1136 48 26 and
785 1136 44 26 roll
851 1145 32 26 up
909 1144 30 17 on
966 1135 158 34 polling-day
1147 1133 48 26 and
1207 1133 1 38 j

645 1178 44 30 put
704 1182 55 17 men
772 1173 25 26 in
813 1172 54 26 who
882 1171 47 26 will
944 1181 39 17 see
998 1172 54 26 that
1074 1171 64 29 their
1157 1171 37 25 in-
1207 1171 1 37 j

645 1216 88 21 terests
747 1220 39 17 f.re
801 1208 136 29 conserved.

679 1248 30 26 In
723 1257 45 17 our
781 1246 63 28 little
858 1246 124 35 township
993 1255 36 17 we
1039 1255 42 17 are
1095 1244 53 27 well
1163 1244 36 26 off

644 1285 36 25 for
693 1284 82 26 divine
790 1284 114 33 worship.
942 1283 52 26 The
1009 1282 187 35 Presbyterians
1207 1282 1 35 '

643 1321 60 25 have
717 1321 91 25 service
823 1328 59 17 once
895 1328 15 15 a
931 1319 131 33 fortnight,
1083 1318 47 25 and
1156 1317 40 26 th*

642 1356 126 28 Salvation
802 1357 77 33 Army
910 1354 73 28 sends
1014 1363 67 17 some
1112 1353 28 27 of
1164 1354 32 26 its

641 1394 95 27 officers
761 1394 61 26 from
849 1394 133 25 Lawrence
1013 1401 73 25 every
1118 1391 77 25 week.
1207 1391 1 35 ■

641 1431 52 27 The
715 1431 60 26 Rev.
801 1430 43 27 Mr
869 1429 67 34 Will,
963 1430 61 26 from
1052 1428 143 32 Lawrence,

642 1469 120 28 officiated
777 1470 24 25 in
816 1469 42 26 the
870 1468 174 36 Presbyterian
1057 1467 80 35 pulpit
1150 1467 46 25 last

642 1505 112 37 Sunday,
781 1507 71 24 when
882 1506 41 25 the
954 1505 158 25 communion
1146 1512 50 16 was
1207 1500 1 42 '

642 1543 76 35 given
733 1548 24 20 to
771 1552 13 17 a
797 1542 70 35 large
886 1541 181 36 congregation
1091 1540 37 25 for
1149 1539 47 27 this

644 1587 62 30 part.

678 1618 79 26 There
771 1619 20 25 is
805 1617 62 27 little
882 1623 26 21 to
920 1622 82 31 report
1020 1617 26 26 in
1069 1613 88 37 regard
1173 1620 23 22 to

630 1653 1 38 :
645 1657 97 33 mining
755 1657 49 34 just
819 1664 63 17 now.
919 1655 69 26 Most
1001 1655 28 24 of
1039 1654 42 26 the
1091 1653 106 31 dredges

646 1702 40 17 are
699 1692 76 33 doing
790 1700 58 27 very
871 1691 53 26 well
939 1696 23 21 at
977 1696 106 30 present,
1099 1690 96 34 though

647 1730 41 26 the
710 1735 97 21 returns
822 1730 59 25 from
906 1729 65 25 them
995 1737 39 17 are
1057 1734 43 19 not
1121 1728 75 33 given

646 1766 119 35 publicity
780 1773 31 19 to.
850 1766 93 25 Messrs
959 1765 104 34 Rattray
1087 1764 49 26 and
1151 1763 44 27 Co.

632 1800 1 37 ;
648 1804 60 26 have
722 1804 73 25 taken
810 1812 32 25 up
856 1811 13 18 a
883 1802 67 35 large
962 1801 105 33 holding
1077 1810 31 17 on
1120 1800 77 34 Craig

648 1840 62 28 Flat.
747 1841 69 36 They
835 1839 63 28 have
922 1838 51 28 also
999 1837 97 37 applied
1121 1837 37 28 for
1183 1846 13 18 a

648 1879 136 32 head-racp,
801 1886 24 19 to
839 1888 70 26 carry
923 1878 32 27 20
970 1877 74 27 heads
1067 1876 26 27 of
1114 1883 80 19 water,

648 1916 39 25 the
700 1916 129 25 estimated
843 1921 52 19 cost
909 1914 27 26 of
947 1915 80 25 which
1048 1914 22 24 is
1086 1908 101 30 -£2,400

630 1942 3 44 I
648 1952 174 34 Negotiations
837 1952 59 25 with
909 1951 45 26 M-
962 1951 23 18 K
987 1957 13 13 *
1004 1944 70 26 wliQS
1086 1945 35 24 tor
1131 1953 14 25 P
1148 1952 37 17 ros

630 1980 2 38 ;
761 1989 82 25 tkejr~
845 1989 47 15 oan
896 1981 13 23 d
922 1981 60 24 have
992 1980 74 25 fallen
1079 1980 114 33 through.

651 2025 7 18 r
663 2032 11 21 t
696 2034 20 17 «,
728 2011 67 42 jjears
822 2016 54 28 that
904 2015 81 28 before
1011 2017 40 27 the
1073 2025 122 28 company

630 2060 5 6 '
646 2062 62 19 went
732 2064 23 17 to
775 2065 48 26 any
849 2062 71 29 great
943 2065 114 26 expense,
1083 2055 60 27 such
1169 2065 27 16 as

644 2094 174 32 race-cutting,
832 2100 54 22 etc.,
902 2093 58 33 they
975 2093 75 26 asked
1067 2093 39 25 Mr
1123 2093 54 25 Raw-

630 2128 1 37 i
643 2128 46 27 lins
705 2135 23 20 to
743 2130 56 26 take
813 2135 42 21 out
869 2138 13 18 a
904 2129 112 36 paddock
1032 2136 23 20 to
1070 2138 39 18 see
1122 2129 21 26 if
1154 2129 41 27 the

630 2166 1 36 '
642 2166 98 35 ground
771 2175 50 18 was
846 2168 111 34 payable,
983 2167 44 27 but
1052 2168 42 26 the
1119 2173 77 21 terms

642 2203 89 27 offered
747 2213 63 18 were
825 2211 42 20 not
881 2204 104 27 acceded
1001 2211 31 20 to.

762 2299 139 49 Topical
929 2299 142 50 Budget.

800 2387 53 35 (By

674 2434 39 28 As
739 2444 35 17 an
795 2434 46 27 old
866 2434 98 28 settler
985 2435 54 29 and
1063 2439 128 25 constant

636 2474 96 28 reader
745 2474 27 28 of
785 2474 45 28 the
845 2473 85 36 Mail,
946 2474 13 28 I
973 2479 101 25 cannot
1088 2474 102 30 refrain

635 2514 71 28 from
739 2515 166 37 expressing-
930 2525 45 27 my
1000 2516 189 36 appreciation

635 2553 29 29 of
677 2554 45 29 the
736 2554 94 28 efforts
843 2564 55 27 you
911 2564 46 18 are
966 2555 116 39 making
1096 2559 28 25 to
1138 2556 34 28 im-

634 2603 84 28 prove
731 2605 50 17 onr
794 2594 72 28 little
879 2604 94 28 paper.
1013 2594 88 30 There
1115 2596 22 28 is
1152 2606 35 18 no

634 2634 116 28 mistake
763 2645 55 26 you
831 2644 46 18 are
900 2634 115 39 making
1035 2636 152 27 wonderful

633 2674 120 40 changes
765 2674 54 30 and
835 2674 139 41 throwing
993 2675 56 30 real
1069 2675 48 30 life
1127 2676 59 30 into

633 2726 49 18 our
704 2716 94 28 midst.
841 2716 52 29 We
913 2726 47 18 are
985 2718 65 36 only
1072 2728 16 17 a
1108 2718 78 28 small

633 2754 177 39 community,
832 2755 44 28 far
894 2756 131 28 removed
1045 2756 73 29 from
1138 2757 47 28 the

632 2799 107 24 centres
751 2794 30 28 of
803 2805 51 18 our
873 2794 120 38 political
1008 2806 31 18 or
1051 2806 116 18 commer-

631 2834 49 28 cial
699 2834 56 35 life,
778 2834 139 28 therefore
927 2845 40 17 we
982 2834 54 28 hail
1054 2835 68 28 with
1136 2836 31 28 de-

630 2874 72 38 light
711 2885 55 26 any
783 2874 73 28 fresh
881 2874 194 37 development
1094 2874 28 29 in
1136 2875 47 28 the

630 2914 85 35 shape
729 2914 28 25 of
770 2923 16 16 a
798 2914 122 25 medium
939 2913 157 37 couveyiug
1109 2918 28 23 to
1150 2924 32 17 us

630 2952 48 27 the
704 2951 101 35 doings
836 2951 29 28 of
882 2961 51 18 our
958 2951 105 28 distant
1085 2953 81 34 neigh-

631 2990 91 29 bours.
764 2989 224 30 Circumstanced
1018 3000 30 19 as
1081 2991 15 28 I
1129 3001 54 26 am,

630 3040 69 18 even
710 3034 48 24 out
768 3030 29 28 of
809 3031 47 26 the
868 3040 60 26 way
941 3030 72 29 from
1024 3040 50 19 our
1082 3034 85 25 metro-

630 3069 105 40 politan
757 3069 109 30 district
889 3069 29 29 of
938 3069 165 40 Roxburgh,
1117 3071 21 29 it
1151 3071 32 36 is,

631 3121 28 17 as
672 3121 55 27 you
741 3121 63 26 may
825 3120 129 28 suppose,
976 3111 155 38 refreshing
1154 3116 29 24 to

631 3160 44 18 me
694 3153 28 25 to
743 3154 47 33 get
801 3160 16 17 a
837 3151 108 36 budget
965 3149 29 29 of
1018 3151 166 37 interesting

631 3200 84 23 news,
731 3193 48 24 not
792 3189 64 37 only
870 3190 29 27 of
911 3201 16 17 a
941 3189 67 29 local
1022 3196 97 22 nature
1134 3191 49 28 but

631 3229 57 28 also
701 3239 30 18 as
745 3233 27 24 to
786 3229 47 28 the
847 3229 99 37 doings
965 3229 29 28 of
1012 3231 49 26 the
1075 3231 107 28 outside

632 3269 93 28 world.
769 3269 12 27 I
804 3269 66 37 only
903 3270 71 36 hope
999 3270 60 27 that
1080 3280 30 18 as
1129 3281 54 26 you

632 3309 69 27 have
716 3309 93 36 begun
822 3316 69 28 your
905 3318 59 19 new
990 3314 193 31 management

633 3347 28 30 of
681 3348 47 29 the
748 3347 74 28 Mail
841 3348 67 29 with
932 3348 67 29 such
1022 3349 88 37 spirit,
1129 3361 54 27 you

634 3388 53 27 will
706 3388 35 27 be
760 3388 61 28 able
843 3392 27 24 to
891 3389 128 28 continue
1040 3390 21 27 it
1081 3400 35 17 on
1136 3391 48 28 the

633 3439 74 16 same
732 3428 68 27 lines
830 3427 44 29 for
902 3439 50 17 our
973 3429 105 27 mutual
1100 3431 83 36 good.

634 3468 13 28 I
659 3477 53 19 was
722 3477 66 20 once
798 3468 158 40 differently
967 3469 216 30 circumstanced

633 3513 28 24 to
684 3509 73 27 what
773 3509 15 26 I
809 3520 43 16 am
875 3520 71 23 now,
968 3509 54 28 and
1044 3520 50 17 can
1115 3511 70 36 fully

632 3548 154 38 appreciate
800 3548 46 27 the
864 3548 110 29 favours
988 3558 54 28 you
1056 3558 45 19 are
1119 3549 50 28 aim-

633 3588 49 36 ing
695 3592 27 23 at
733 3588 161 38 conferring
913 3599 71 27 upon
1000 3600 30 17 us
1045 3599 68 27 poor
1124 3589 47 39 dig-

631 3638 75 27 gers.

669 3667 86 27 What
776 3667 55 27 will
856 3668 45 28 the
929 3668 146 29 Lawrence
1102 3680 85 27 paper

632 3706 78 28 think
728 3706 79 29 when
829 3707 66 37 they
916 3718 46 17 see
995 3718 71 26 your
1116 3708 67 28 Own

632 3745 278 37 Correspondent's"
936 3746 69 39 long
1036 3748 94 29 screed
1156 3749 30 29 of

632 3794 82 24 news,
728 3786 100 36 tersely
841 3791 52 31 put
914 3788 54 27 and
982 3794 28 22 to
1036 3788 46 28 the
1105 3789 78 37 point

631 3824 28 27 in
686 3833 81 27 every
788 3824 92 35 detail,
904 3827 99 37 giving
1028 3837 32 18 us
1081 3828 36 27 all
1137 3828 46 29 the

632 3875 73 17 news
718 3864 27 27 in
757 3875 16 16 a
781 3864 129 29 nutshell.

668 3903 120 29 Rawlins
809 3904 133 38 certainly
962 3906 98 28 should
1081 3906 68 28 have
1167 3918 15 17 a

630 3944 75 28 show
715 3944 108 38 against
837 3944 107 30 Bennet
953 3945 43 29 for
1008 3946 46 28 the
1065 3946 116 29 council.

629 3985 27 27 If
661 3984 65 37 only
745 3984 66 28 CO.
824 3985 91 28 would
929 3989 47 25 not
990 3986 59 28 talk
1060 3997 29 17 so
1102 3988 80 27 much

629 4024 13 28 I
654 4035 44 17 am
717 4034 61 18 sure
799 4024 34 28 he
857 4025 88 28 would
970 4026 80 28 make
1073 4036 16 18 a
1108 4027 73 37 good

628 4064 170 37 impression.
839 4063 14 28 I
890 4064 70 28 have
992 4065 101 28 known
1125 4065 55 29 him

630 4104 42 28 for
689 4114 15 18 a
727 4103 73 36 good
822 4115 82 27 many
929 4115 79 27 years
1029 4116 70 22 now,
1125 4105 55 29 and

629 4144 81 28 know
721 4144 34 27 he
769 4144 48 27 has
838 4145 189 27 considerable
1046 4146 135 36 ability—

628 4182 44 28 far
695 4183 88 27 above
816 4183 47 27 the
886 4193 118 28 average
1032 4194 62 18 man
1121 4184 59 27 who

630 4222 95 28 stands
745 4222 44 28 for
807 4222 46 27 the
875 4222 77 28 billet
975 4223 29 27 of
1037 4233 16 17 a
1079 4228 101 32 county

630 4261 156 29 councillor.
827 4261 44 28 He
884 4261 98 29 should
1015 4262 85 38 easily
1126 4262 53 29 lick

632 4301 107 26 Bennet
765 4300 22 25 if
807 4300 34 26 he
864 4310 67 27 goes
954 4301 47 28 the
1026 4302 77 37 right
1121 4312 58 25 way

630 4339 84 30 about
739 4339 31 37 it,
795 4350 29 19 as
860 4339 76 31 there
970 4340 23 30 is
1023 4341 157 41 something

632 4381 121 35 wanting
766 4380 28 26 in
809 4381 46 26 the
906 4384 60 24 true
1090 4383 30 27 of
1133 4384 47 26 the

630 4418 147 29 chairman.
818 4418 45 29 No
874 4419 88 28 doubt
973 4419 33 28 he
1016 4421 48 27 has
1081 4421 71 28 done
1165 4431 15 18 a

630 4458 38 29 lot
681 4457 32 30 of
735 4457 76 30 work
837 4458 44 30 for
906 4460 46 28 the
985 4459 118 40 County,
1128 4461 51 29 but

630 4499 75 28 lacks
719 4500 123 37 stability
860 4501 29 27 of
908 4500 149 36 character,
1079 4512 30 19 as
1129 4503 49 27 has

630 4539 66 27 been
707 4539 102 36 proved
819 4550 83 25 every
911 4541 66 26 time
988 4541 47 27 the
1044 4551 66 26 poor
1116 4552 61 16 man

628 4578 48 28 has
689 4578 153 37 attempted
856 4582 26 24 to
896 4582 49 33 get
967 4589 15 17 a
992 4579 77 38 place
1089 4583 30 26 at
1133 4581 46 28 the

628 4627 60 17 race
701 4617 43 26 for
757 4617 46 28 the
817 4617 110 36 general
942 4618 125 29 election.

665 4663 67 27 lain
752 4666 48 24 not
814 4663 91 34 much,
920 4663 13 27 I
947 4662 83 29 know
1044 4665 136 37 atgivincr

655 4702 55 37 tips
771 4702 49 27 but
834 4701 13 28 I
868 4703 81 26 think
966 4703 94 38 Henry
1081 4705 98 28 should

628 4742 35 27 be
681 4741 150 28 successful
851 4741 109 38 against
983 4743 144 36 Cameron,
1150 4755 30 18 or

627 4781 109 33 indeed,
745 4791 53 26 any
809 4790 50 18 one
870 4781 65 28 else.
975 4781 14 28 I
1004 4782 78 28 don't
1097 4783 81 29 know

628 4821 44 26 Mr
684 4819 145 35 Cameron,
839 4820 50 27 but
903 4820 14 27 I
929 4821 70 28 have
1007 4822 85 27 heard
1105 4824 74 36 good

626 4863 105 34 reports
745 4859 85 28 about
845 4859 55 28 him
911 4870 39 27 up
962 4870 49 18 our
1024 4870 71 29 way.

663 4905 14 27 J
693 4905 69 26 K.S.
778 4905 76 32 is,no
866 4904 96 33 doubt,
976 4915 16 17 a
1002 4910 72 23 most
1085 4908 78 26 estim-

626 4943 61 29 able
710 4953 72 24 man,
797 4943 51 28 but
861 4943 15 27 I
899 4943 98 37 hardly
1020 4944 81 28 think
1124 4946 54 28 will

627 4985 34 27 be
683 4983 82 28 metal
786 4983 112 36 enough
922 4983 42 28 for
984 4993 49 18 our
1046 4984 73 37 good
1132 4986 46 28 old

626 5023 70 27 tried
710 5023 98 33 friend,
821 5023 45 26 Mr
878 5022 74 27 John
974 5023 127 34 Michael,
1117 5026 61 26 who

625 5061 49 28 has
701 5060 71 29 done
797 5060 142 38 yeoman's
959 5060 78 29 work
1061 5061 44 28 for
1129 5072 50 19 our

626 5101 108 37 County
750 5101 28 27 in
803 5100 67 38 days
892 5110 72 28 gone
990 5101 46 37 by.
1075 5101 100 39 Surely

626 5141 124 28 Gabriels
770 5141 55 28 will
839 5151 83 18 never
945 5140 92 29 desert
1060 5141 65 28 him.
1164 5143 14 27 I

625 5184 73 25 must
711 5181 87 27 admit
820 5181 62 27 that
905 5180 46 27 Mr
977 5180 130 38 Simpson
1130 5181 48 27 has

626 5220 80 27 much
731 5230 93 28 power
839 5220 29 27 in
892 5219 47 28 the
960 5219 122 38 locality,
1094 5228 30 20 so
1134 5219 46 28 Mi-

626 5261 118 29 Michael
771 5265 74 25 must
871 5264 51 35 put
941 5271 37 18 on
1007 5259 37 30 all
1068 5260 44 29 his
1133 5260 47 29 old

625 5311 109 18 armour
746 5300 56 29 and
815 5301 72 38 fight
901 5310 30 19 as
945 5300 29 28 of
983 5310 75 26 yore.

663 5349 100 37 Surely
777 5349 47 27 the
838 5348 74 28 folks
932 5348 29 27 of
974 5345 124 40 Waipori
1126 5348 54 27 will

626 5392 49 26 not
689 5388 91 29 desert
795 5388 45 28 old
857 5387 197 36 Robert/even
1070 5387 43 27 for
1134 5386 46 28 the

628 5428 110 39 Knight
757 5428 29 28 of
806 5428 62 28 that
890 5427 49 30 ilk.
980 5429 101 27 Cotton
1105 5427 22 28 is
1152 5426 28 29 of

626 5470 48 28 the
684 5468 73 37 good
779 5468 46 29 old
851 5468 75 33 stuff,
941 5467 55 29 and
1014 5467 48 28 has
1092 5477 71 19 some-

628 5509 82 36 thing
722 5514 30 21 to
771 5507 134 27 influence
919 5507 57 27 him
997 5506 29 27 in
1047 5506 134 37 studying

628 5548 47 28 the
698 5550 61 24 true
782 5546 130 28 interests
932 5546 29 28 ct
984 5545 47 29 the
1053 5544 126 39 County;

630 5587 89 28 whilst
733 5586 47 28 the
796 5586 79 28 other
885 5585 159 38 gentleman
1054 5595 51 18 can
1115 5585 65 37 only

629 5628 34 26 be
677 5626 124 37 aspiring
814 5628 28 24 to
856 5625 78 27 office
947 5628 29 24 to
990 5624 103 37 gratify
1105 5634 75 18 some

628 5665 103 39 puerile
743 5664 94 39 vanity
992 5673 70 29 your
1074 5672 104 22 corres.

1225 186 2 44 !
1241 189 124 41 pondent
1397 190 142 38 evidently
1574 188 96 30 thinks
1701 186 76 30 other-

1225 233 1 36 i
1241 233 72 28 wise.
1624 233 3 36 •

1278 271 93 37 Sandy
1401 270 109 38 against
1538 270 182 37 Livingstone
1749 267 44 28 for

1222 305 3 42 j
1239 311 98 29 Clarks
1350 310 94 37 riding
1459 310 23 28 is
1504 310 74 37 truly
1600 308 137 38 amusing*
1776 305 15 29 I

1222 347 2 38 j
1237 350 153 28 remember
1399 350 46 28 the
1459 353 53 25 two
1525 359 62 19 men
1598 348 71 36 well,
1682 347 107 38 thoiigh

1222 389 1 37 '
1237 390 65 36 they
1337 389 53 28 will
1418 389 99 36 hardly
1551 389 154 29 remember
1734 397 53 19 me.

1222 428 1 32 !
1236 428 78 29 W.L.
1330 428 98 28 should
1446 428 69 28 have
1535 439 16 17 a
1563 428 73 29 walk
1649 437 74 20 over.

1270 468 14 28 I
1298 467 80 29 think
1399 468 14 27 I
1426 468 70 28 have
1507 468 85 29 bored
1605 478 55 28 you
1673 466 112 39 enough

1233 508 64 28 with
1312 509 47 27 the
1372 508 116 28 chances
1507 508 29 28 of
1559 508 110 37 County
1690 507 78 29 candi-

1229 547 87 36 dates,
1339 557 29 18 so
1391 547 17 27 I
1430 547 54 27 will
1507 557 63 29 pass
1591 557 36 18 on
1647 551 29 24 to
1704 547 89 42 other]

1228 597 82 18 news.

1265 627 15 27 I
1290 637 45 19 see
1348 627 38 38 by
1408 638 69 25 your
1521 628 68 29 Own
1611 627 151 38 Correspon-

1212 665 1 31 i
1227 666 118 29 dent's"
1377 670 81 26 letter
1492 668 61 28 that
1577 672 30 24 at
1632 665 147 31 Lawrence

1212 704 1 37 |
1227 706 65 34 they
1302 716 47 18 are
1357 707 55 27 still
1427 707 68 27 bent
1516 717 35 18 on
1564 708 48 26 the
1629 710 149 31 water-gas

1212 743 1 40 i
1225 745 136 31 business.
1401 746 76 37 Why
1509 746 99 30 should
1632 748 50 27 not
1704 743 56 31 Rox-

1212 785 1 34 !
1227 787 90 32 burgh
1332 795 36 24 go
1390 787 28 28 in
1433 788 44 27 for
1498 787 159 32 something
1676 785 31 29 of
1731 785 47 27 the

1212 825 1 39 I
1225 827 65 28 kind
1303 827 11 28 ?
1344 825 49 31 but
1414 827 64 29 take
1504 837 45 27 my
1575 826 50 38 tip,
1657 828 50 27 not
1735 825 44 26 for

1212 864 1 42 !
1227 870 155 36 water-gas.
1423 867 75 37 Why
1518 869 48 26 not
1586 875 52 19 run
1670 875 16 17 a
1714 864 64 27 wire

1212 902 1 34 I
1225 917 91 19 across
1345 907 46 28 the
1413 907 73 29 river
1507 906 71 30 from
1604 902 46 33 Mr
1672 902 105 31 Peter's

1212 947 1 37 1
1225 947 118 37 dynamo
1356 948 10 27 ?
1404 947 14 28 I
1454 958 44 17 am
1531 956 63 18 sure
1621 954 75 19 some
1711 953 50 18 con-

1212 985 1 38 j
1225 987 111 28 venient
1373 988 54 28 and
1462 987 86 36 cheap
1582 985 196 37 arrangement

1212 1023 1 40 I
1225 1027 80 28 could
1316 1028 33 28 be
1363 1028 80 28 made
1461 1027 43 28 for
1524 1025 123 38 lighting
1670 1034 37 28 up
1730 1023 47 28 the

1212 1064 1 32 !
1225 1070 73 25 town
1309 1077 29 18 as
1352 1068 60 27 well
1426 1077 29 18 as
1470 1065 147 30 Onnond's
1630 1064 54 29 and
1698 1064 80 29 other

1212 1099 1 44 I
1225 1107 150 36 important
1398 1106 141 37 buildings
1564 1105 30 28 in
1618 1104 48 29 the
1689 1107 71 26 towu-

1212 1140 1 46 |
1225 1147 70 36 ship.
1335 1145 90 30 When
1437 1146 14 27 I
1473 1156 54 17 wis
1551 1145 29 28 in
1597 1144 131 28 America
1737 1152 41 19 we

1212 1183 1 38 :
1225 1186 70 28 tried
1329 1192 158 29 -water-gas,
1519 1185 51 28 but
1596 1183 139 30 somehow
1757 1183 21 28 it

1212 1222 1 41 !
1225 1236 54 18 was
1290 1236 84 17 never
1386 1236 15 17 a
1412 1229 79 34 great
1505 1234 118 24 success,
1642 1222 135 38 although

1212 1263 1 38 I
1224 1267 29 27 in
1265 1276 16 18 a
1295 1266 78 28 small
1389 1276 57 25 way
1456 1265 20 28 it
1491 1276 54 17 was
1557 1264 78 28 made
1644 1267 28 25 to
1685 1263 64 38 give
1765 1274 14 16 a

1226 1306 131 27 beautiful
1373 1305 80 38 light,
1466 1305 50 27 but
1528 1308 28 24 at
1570 1315 15 16 a
1595 1307 60 26 cost
1668 1302 111 36 nobody

1212 1341 1 41 i
1223 1354 65 19 ever
1321 1345 75 37 quite
1433 1343 177 30 understood.
1650 1343 14 28 I
1700 1341 79 29 don't

1212 1382 1 40 !
1225 1384 82 29 know
1346 1385 59 27 how
1444 1385 65 37 they
1544 1393 115 27 manage
1696 1382 22 28 it
1751 1384 28 24 at

1212 1421 1 41 j
1225 1423 145 32 Balclutha
1381 1437 5 21 ;
1401 1425 50 29 but
1465 1425 14 28 I
1495 1425 140 28 fearsome
1647 1422 53 37 day
1713 1421 66 36 they

1212 1461 1 33 \
1225 1465 54 29 will
1294 1466 57 28 find
1362 1472 48 22 out
1422 1466 46 27 the
1482 1476 74 18 same
1579 1465 88 27 secret
1689 1471 30 19 as
1733 1461 46 29 the

1212 1500 1 46 |
1256 1506 95 27 Yanks
1393 1507 46 26 did
1503 1506 60 26 that
1575 1505 22 26 it
1611 1510 55 20 Was
1679 1512 35 17 an
1731 1511 32 17 ex-

1212 1540 1 42 j
1226 1545 112 37 pensive
1348 1544 170 38 experiment
1566 1542 80 28 With
1656 1550 29 19 so
1697 1540 82 28 much

1212 1581 1 42 |
1227 1589 191 34 water-power
1431 1588 28 24 at
1474 1583 80 35 hand,
1567 1582 46 29 the
1629 1581 149 30 Lawrence

1222 1625 78 31 folks
1323 1625 98 30 should
1439 1625 68 27 have
1528 1634 35 18 no
1590 1621 138 38 difficulty
1751 1621 28 29 in

1212 1662 1 35 •
1226 1665 135 32 selecting
1370 1665 71 28 their
1455 1664 89 33 light;
1558 1664 109 27 neither
1681 1662 98 28 should

1212 1703 1 41 I
1225 1716 70 28 your
1307 1703 154 39 Roxburgh
1476 1703 116 29 friends.

1263 1745 104 28 Whilst
1389 1744 13 27 I
1423 1745 86 36 began
1538 1753 47 27 my
1610 1742 83 28 letter
1713 1752 64 18 con-

1212 1783 1 39 I
1225 1785 171 37 gratulatiug
1416 1794 54 26 you
1494 1794 36 17 on
1551 1783 74 27 what
1650 1791 54 28 you
1730 1792 48 18 are

1212 1820 1 40 |
1225 1825 85 28 doinor
1324 1824 12 29 f
1337 1834 30 19 or
1381 1834 31 17 us
1425 1823 27 25 in
1476 1823 46 26 the
1540 1831 162 28 newspaper
1715 1820 64 37 line,

1212 1860 1 40 !
1226 1866 13 23 I
1253 1865 35 25 do
1301 1866 70 33 hope
1391 1871 54 28 you
1458 1871 46 19 are
1518 1865 49 26 not
1587 1861 87 39 going
1695 1864 28 27 to
1737 1860 28 31 in-

1212 1900 1 38 !
1223 1902 84 35 dulge
1317 1900 29 28 in
1358 1902 81 26 harsh
1451 1902 111 36 dealing
1571 1903 67 26 with
1648 1904 47 26 the
1705 1903 72 35 good

1212 1940 1 40 ]
1225 1940 72 28 folks
1319 1940 60 28 who
1403 1940 108 37 happen
1538 1944 28 25 to
1593 1951 77 19 come
1690 1941 89 29 under

1212 1980 1 37 i
1224 1990 69 25 your
1315 1980 68 26 lash.
1423 1980 78 26 Your
1521 1980 217 37 correspondent
1755 1982 23 26 is

1212 2013 1 50 j
1225 2017 84 41 really
1328 2022 45 26 too
1394 2018 69 33 hard
1490 2029 35 19 ou
1548 2029 68 30 poor
1641 2018 134 42 (Bogroyj

1212 2060 1 30 I
1226 2060 98 28 Fraser
1337 2061 53 28 and
1413 2061 207 29 his-interview
1642 2062 67 28 with
1731 2062 48 28 the

1212 2100 1 44 j
1227 2100 85 28 Stock
1339 2100 165 28 Committee
1540 2102 28 26 in
1595 2101 183 37 Wellington.

1225 2140 62 28 You
1308 2140 98 29 should
1429 2140 85 37 really
1537 2141 109 29 caution
1702 2140 77 31 Your

1212 2180 1 30 :
1227 2180 68 28 Own
1337 2186 26 23 to
1373 2180 68 29 have
1452 2191 75 18 some
1536 2191 75 19 more
1622 2181 157 29 considera-

1212 2216 1 41 I
1228 2221 56 29 tion
1298 2220 43 30 for
1352 2231 60 18 men
1427 2221 61 29 who
1512 2231 47 19 are
1579 2221 113 30 imbued
1713 2221 66 29 with

1212 2269 16 20 l
1228 2269 32 20 an
1291 2261 153 29 inordinate
1470 2272 80 19 sense
1571 2262 29 29 of
1623 2262 73 29 their
1718 2272 60 20 own

1212 2302 1 37 j
1226 2302 179 36 importance,
1430 2303 121 36 through
1587 2313 36 17 no
1655 2302 71 28 fault
1751 2304 28 26 of

1212 2340 1 34 1
1227 2340 71 28 their
1315 2351 70 23 own,
1411 2340 54 29 and
1494 2341 97 28 attend
1614 2342 67 28 such
1704 2351 61 19 com
1774 2340 4 34 •

1225 2380 109 28 mittees
1344 2380 28 28 in
1382 2380 45 28 the
1439 2381 129 29 interests
1578 2381 28 29 of
1617 2382 47 28 the
1674 2382 102 37 public.

1212 2420 1 30 I
1223 2420 28 27 If
1265 2431 49 17 our
1328 2420 122 28 member
1463 2420 46 28 did
1524 2421 86 27 invite
1623 2421 45 27 Mr
1678 2421 100 29 Eraser

1222 2462 28 25 to
1264 2458 171 38 Wellington
1450 2463 28 25 to
1492 2459 64 37 give
1578 2460 42 28 his
1635 2460 83 29 views
1740 2471 36 19 on

1220 2499 47 29 the
1281 2500 92 28 rabbit
1386 2500 137 37 question,
1541 2512 32 16 or
1594 2500 100 30 indeed
1719 2512 55 28 any

1218 2540 79 28 other
1310 2540 94 37 public
1420 2544 107 31 matter,
1541 2541 22 27 it
1573 2551 54 18 was
1638 2551 67 28 very
1724 2552 34 17 un-

1218 2580 69 28 kind
1301 2580 29 28 of
1344 2580 65 35 him,
1424 2591 29 17 as
1465 2580 34 28 he
1509 2584 73 25 must
1591 2582 69 27 have
1672 2581 102 29 known

1216 2620 74 28 what
1321 2620 47 28 the
1399 2620 86 28 result
1513 2620 91 29 would
1632 2622 42 28 be.
1728 2622 45 28 Mr

1216 2659 99 31 Fraser
1328 2660 23 29 is
1365 2663 49 26 not
1432 2664 28 24 to
1481 2660 100 37 blame,
1604 2671 68 29 poor
1700 2671 74 26 man,

1216 2701 34 29 he
1263 2700 80 31 could
1357 2705 49 25 not
1420 2701 65 39 help
1498 2701 31 30 it.

1251 2742 80 33 Now,
1347 2751 46 27 my
1405 2742 98 26 candle
1516 2742 23 28 is
1552 2743 86 27 about
1658 2742 72 28 done
1742 2753 32 17 so

1214 2781 15 29 I
1253 2781 56 29 will
1332 2787 49 23 not
1404 2780 109 30 trouble
1544 2792 56 28 you
1623 2792 75 18 more
1723 2786 28 25 to-

1214 2821 94 37 night.

1250 2860 27 28 If
1286 2870 54 27 you
1352 2859 80 29 think
1443 2860 54 29 this
1507 2860 24 29 is
1545 2860 89 29 worth
1643 2860 110 35 publish-

1212 2899 48 37 ing
1269 2909 55 26 you
1338 2909 51 17 can
1409 2904 51 30 put
1474 2900 21 26 it
1508 2900 29 26 in
1559 2909 70 26 your
1643 2900 125 27 valuable

1212 2947 93 28 paper,
1318 2937 55 28 and
1387 2937 14 28 I
1422 2937 55 28 will
1498 2937 68 29 send
1584 2947 54 25 you
1651 2938 117 29 another

1212 2977 81 28 letter
1300 2977 82 27 when
1395 2975 16 28 I
1421 2986 51 18 can
1485 2987 80 25 spare
1579 2977 47 28 the
1636 2977 77 30 time.

1333 3059 318 52 Correspondence.

1261 3145 215 30 ROXBURGH
1499 3146 217 32 CEMETERY.

1394 3186 30 20 To
1437 3191 44 15 the
1495 3186 89 21 Editor.

1250 3213 58 34 Sir,
1310 3212 143 38 —Seeing
1484 3223 75 18 some
1585 3215 126 29 remarks
1740 3216 28 28 in

1211 3264 70 27 your
1295 3253 50 28 last
1358 3253 72 28 issue
1443 3253 85 28 about
1551 3253 217 40 improvements

1212 3298 27 23 to
1254 3293 48 27 the
1314 3293 97 34 above,
1434 3293 14 27 I
1470 3293 54 37 beg
1524 3293 3 37 1
1551 3297 29 24 to
1607 3298 74 25 state
1706 3295 62 28 that

1213 3333 75 28 there
1300 3333 24 27 is
1337 3333 129 37 upwards
1479 3333 30 28 of
1529 3333 60 30 £2O
1609 3335 95 39 owing
1723 3335 43 29 for

1211 3374 171 27 interments.
1422 3373 40 28 As
1486 3373 46 30 the
1555 3385 99 28 money
1676 3386 92 19 comes

1212 3415 27 26 in
1248 3413 215 37 improvements
1474 3413 53 28 will
1538 3415 35 28 be
1582 3415 183 37 Undertaken,

1213 3453 46 28 the
1270 3456 116 25 trustees
1398 3453 84 38 being
1492 3464 29 18 as
1530 3454 117 29 anxious
1657 3465 30 18 as
1699 3465 69 28 your

1214 3493 215 38 correspondent
1460 3494 61 29 that
1553 3494 36 30 all
1622 3506 144 26 necessary

1216 3534 74 27 work
1305 3535 33 25 be
1360 3534 124 27 effected.
1524 3535 16 26 I
1563 3545 63 27 may
1646 3536 58 28 also
1726 3537 28 26 in-

1215 3573 70 29 form
1310 3583 55 27 you
1391 3572 60 29 that
1477 3574 80 29 when
1583 3575 47 28 the
1656 3579 112 35 present

1216 3617 116 24 trustees
1345 3623 70 18 were
1429 3614 106 28 elected
1554 3615 68 37 they
1644 3615 56 29 had
1719 3619 49 25 not

1215 3663 51 18 one
1281 3662 90 28 penny
1385 3657 28 24 to
1437 3657 69 24 start
1519 3654 77 29 work
1610 3655 76 28 with.
1726 3655 42 37 By

1215 3693 135 34 inserting
1372 3692 54 28 this
1448 3702 55 27 you
1529 3694 55 27 will
1611 3694 102 38 oblige.
1716 3694 52 28 —I

1215 3742 54 25 am,
1283 3735 62 31 etc.,

1299 3769 145 31 JOSEPH
1465 3772 228 37 HAUGHTON,

1382 3811 147 29 Chairman
1543 3812 69 29 R.C.
1627 3813 141 29 Trustees.

1251 3851 165 38 Roxburgh,
1430 3852 64 28 21st
1509 3852 62 29 Oct.

1263 3936 455 32 LAWRENCE-ROXBURGH

1393 3977 195 28 RAILWAY.

1389 4016 39 24 (To
1442 4021 42 15 the
1499 4017 100 25 Ecrroß.)

1249 4043 59 33 Sir,
1310 4043 66 28 —It
1389 4054 114 26 appears
1517 4045 62 27 that
1591 4045 47 28 the
1650 4048 64 25 vote
1724 4045 43 28 for

1211 4083 46 28 the
1272 4083 104 35 £2,000
1390 4082 44 29 for
1456 4083 48 28 the
1530 4084 88 29 above
1640 4084 56 29 line
1719 4085 48 28 has

1212 4125 68 26 been
1312 4123 96 29 struck
1449 4123 41 28 off
1526 4124 47 29 the
1606 4125 159 30 Estimates.

1211 4163 85 27 What
1310 4173 35 18 on
1359 4163 78 27 earth
1459 4164 22 27 it
1502 4174 55 17 was
1571 4174 66 19 ever
1658 4169 51 33 put
1731 4175 35 18 on

1209 4202 44 29 for
1272 4202 23 28 is
1310 4212 73 18 more
1399 4202 67 28 than
1490 4202 13 29 I
1528 4203 92 30 know.
1639 4202 4 38 •
1660 4204 106 36 £2,000

1211 4242 89 27 would
1314 4242 69 27 have
1397 4242 71 27 done
1481 4250 66 30 very
1573 4243 71 28 little
1657 4243 29 28 in
1700 4254 49 17 con-

1209 4281 139 37 structing
1373 4293 15 15 a
1414 4281 110 38 railway
1548 4283 125 28 between
1687 4283 78 28 these

1210 4323 53 26 two
1276 4320 105 29 distant
1394 4321 151 39 townships
1557 4333 7 24 ;
1587 4322 136 40 probably
1742 4322 22 28 it

1210 4362 90 38 might
1323 4362 70 28 have
1420 4363 70 27 been
1516 4363 132 29 intended
1662 4363 43 29 for
1717 4364 48 28 the

1209 4405 58 23 cost
1280 4402 29 26 of
1321 4411 16 17 a
1351 4401 75 27 fresh
1439 4410 109 28 survey.
1589 4403 56 26 But
1653 4412 31 17 as
1695 4403 68 27 both

1209 4443 90 25 routes
1326 4440 69 28 havft
1420 4440 71 28 been
1517 4441 136 38 surveyed
1679 4451 84 29 many

1207 4491 79 27 years
1305 4490 54 29 ago
1362 4480 96 29 —that
1474 4480 35 36 is,
1523 4480 223 31 Lawrence-Rox-

1209 4522 89 36 burgh
1314 4522 54 26 and
1383 4521 275 37 Heriot—Roxburgh
1671 4525 92 25 routes

1208 4560 51 27 —I
1273 4560 48 27 fail
1335 4564 28 23 to
1383 4569 46 18 see
1450 4560 74 28 what
1550 4561 24 27 is
1599 4561 46 27 the
1665 4570 49 18 use
1735 4560 30 28 of

1208 4600 113 38 putting
1335 4600 47 27 the
1394 4604 117 33 country
1523 4603 28 25 to
1564 4601 49 28 the
1620 4603 80 26 extra
1715 4611 32 19 ex-

1209 4649 83 28 pense
1306 4640 80 27 when
1411 4639 80 28 there
1514 4640 25 28 is
1563 4640 141 39 evidently
1724 4650 37 20 no

1208 4680 135 28 intention
1357 4689 37 18 on
1408 4680 45 27 the
1467 4683 62 33 part
1537 4681 29 27 of
1577 4681 46 28 the
1638 4680 106 30 Govern-

1209 4722 75 25 ment
1297 4722 29 26 to
1340 4729 36 28 go
1390 4728 35 19 on
1452 4719 66 28 with
1532 4720 88 28 either
1633 4720 29 28 of
1675 4720 86 30 them.

1208 4758 45 28 Mr
1265 4758 136 35 Larnach,
1415 4769 35 17 no
1464 4759 96 35 doubt,
1571 4760 23 28 is
1607 4759 116 29 anxious
1734 4764 29 26 to

1208 4802 47 32 get
1268 4799 47 27 the
1329 4798 156 37 Roxburgh
1499 4799 97 37 people
1610 4810 16 17 a
1640 4799 121 38 railway,

1207 4837 55 28 and
1284 4837 22 28 if
1331 4838 35 27 he
1388 4838 23 26 is
1434 4840 48 25 not
1495 4837 62 29 able
1571 4842 30 24 to
1613 4842 49 35 get
1674 4838 23 28 it
1710 4849 52 18 one

1208 4887 58 26 way
1297 4878 34 28 he
1364 4878 66 28 tries
1455 4877 22 28 it
1501 4878 124 29 another.
1667 4878 56 29 But
1748 4878 14 28 I

1208 4917 79 26 think
1302 4917 44 27 Sir
1359 4917 106 27 Kobert
1489 4917 82 27 Stout
1596 4918 97 28 struck
1715 4918 48 27 the

1206 4964 99 27 proper
1318 4955 53 37 key
1395 4956 79 27 when
1497 4956 34 28 he
1552 4956 61 30 said
1635 4957 61 28 that
1716 4957 47 28 the

1207 4993 147 31 Lawrence
1366 4995 99 38 people
1488 4995 47 29 did
1560 4999 51 26 not
1632 4999 76 26 want
1727 5007 35 18 an

1208 5035 142 26 extension
1366 5035 29 27 of
1408 5035 120 36 railway.
1567 5036 117 28 Neither
1697 5037 66 36 they

1208 5070 52 35 do;
1292 5072 46 29 the
1371 5073 147 30 Lawrence
1549 5075 99 38 people
1679 5075 83 29 know

1209 5110 77 28 when
1301 5112 65 38 they
1381 5124 45 18 are
1439 5114 61 29 well
1521 5115 49 36 off,
1589 5115 55 28 and
1657 5125 35 19 an

1209 5151 105 28 tension
1329 5153 28 27 of
1371 5154 110 37 railway
1495 5155 43 28 via
1563 5165 149 19 .Lawrence
1733 5159 28 25 to

1209 5188 152 38 Roxburgh
1377 5193 89 27 would
1495 5195 33 26 be
1552 5195 30 26 of
1603 5205 68 26 very
1691 5195 72 28 little

1209 5227 154 41 advantage
1376 5234 29 25 to
1417 5231 79 30 them
1514 5242 31 19 or
1564 5233 122 39 scarcely
1707 5243 56 29 any

1209 5278 51 18 one
1273 5268 64 36 else,
1357 5281 29 18 as
1407 5272 79 28 there
1506 5283 46 18 are
1578 5274 65 37 only
1667 5285 16 17 a
1709 5274 53 28 few

1394 5310 109 30 settlers
1517 5312 83 38 along
1613 5313 48 28 the
1674 5315 90 34 route,,

1209 5346 127 29 hemmed
1368 5349 28 27 in
1427 5350 126 29 between
1581 5353 180 28 inaccessible

1210 5385 250 31 manuka-covered'
1470 5399 93 28 spurs,,
1569 5391 65 37 only
1644 5392 118 29 suitable

1210 5425 43 27 for
1265 5425 253 43 rabbit-breeding,
1528 5430 73 29 until
1622 5431 23 29 it
1658 5431 103 30 anives

1209 5467 28 26 at
1250 5463 106 32 Millers
1369 5467 75 36 Flat,
1456 5470 97 29 within
1564 5470 79 40 eight
1662 5482 31 20 or
1712 5475 49 26 ten

1209 5504 78 28 miles
1312 5505 29 28 of
1364 5507 49 28 the
1438 5508 156 39 Roxburgh
1617 5512 144 28 terminus.

1208 5542 36 30 In
1269 5553 47 29 my
1342 5545 120 39 opinion,
1487 5548 55 30 and
1566 5548 16 29 I
1606 5548 84 31 know
1714 5550 48 29 the

1209 5586 117 35 country
1342 5585 67 36 well,
1423 5586 46 29 the
1481 5588 62 28 best
1554 5599 59 27 way
1622 5592 29 26 to
1659 5590 104 29 extend

1208 5621 47 28 the
1270 5621 146 32 Lawrence
1441 5626 105 28 branch
1559 5627 23 28 is
1596 5631 29 25 to
1639 5628 124 36 Clinton,

1208 5660 44 29 via
1267 5660 129 41 Tuapeka
1412 5665 108 36 Mouth,
1531 5666 81 30 when
1630 5666 24 30 it
1672 5668 91 30 would

1807 187 121 42 {benefit
1956 186 47 29 the
2195 180 117 29 number
2344 182 26 29 of

1822 227 109 29 settlers
1952 226 54 29 and
2020 223 66 30 hold
2111 226 47 26 out
2180 220 190 31 inducements

1820 267 44 28 for
1872 277 83 17 more.
1979 264 29 29 If
2018 265 54 28 this
2085 265 77 26 route
2173 269 70 19 were
2252 262 118 28 selected

1820 317 35 19 no
1874 307 87 28 doubt
1984 307 47 27 the
2053 303 69 29 New
2147 300 118 29 Zealand
2291 301 77 29 Land

1820 346 143 39 Company
1994 343 91 30 would
2111 341 107 37 dispose
2243 341 29 27 of
2297 341 71 28 their

1819 383 147 41 Clydevale
1980 382 171 32 estate—the
2163 390 67 27 very
2241 390 89 19 cream
2339 381 29 29 of

1806 413 1 51 I
1817 425 99 39 Otago.
1956 425 66 28 Tliis
2035 427 78 25 route
2122 420 88 29 would
2220 420 58 29 also
2288 421 79 28 make

1815 465 47 30 the
1876 465 159 30 Pomahaka
2048 465 87 27 estate
2154 468 74 20 more
2241 460 125 29 valuable

1814 510 28 25 to
1856 507 47 28 the
1918 506 184 29 Government
2120 499 52 30 and
2186 500 36 28 its
2238 503 127 33 tenants;

1811 545 55 28 and
1879 546 22 28 it
1914 545 23 28 is
1951 544 177 27 well-known
2142 540 60 28 that
2222 540 77 28 there
2319 550 45 18 are

1811 596 36 19 no
1872 595 86 19 more,
1967 582 168 31 industrious
2161 578 54 29 and
2243 580 122 38 thriving

1810 625 177 37 agricultural
2001 623 171 30 settlements
2189 619 28 28 in
2236 620 56 28 this
2312 621 51 28 end

1808 652 111 41 ofXew
1933 663 120 29 Zealand
2068 663 66 28 than
2149 660 76 28 those
2240 660 29 28 of
2292 659 54 29 Tua-

1808 704 71 37 pek'a
1890 704 54 27 and
1957 703 167 28 Waitahuna
2137 698 87 28 West.
2265 699 41 28 On
2318 701 45 27 the

1808 742 80 30 other
1911 742 85 36 hand,
2020 742 47 29 the
2091 737 152 39 Roxburgh
2267 739 97 39 people

1807 784 132 27 advocate
1957 784 47 27 the
2020 782 99 28 Heriot
2133 783 84 29 route,
2232 778 132 39 knowing

1807 834 67 26 very
1896 822 62 30 well
1976 823 62 28 that
2051 822 86 37 along
2150 818 53 30 this
2218 818 54 29 line
2286 820 76 28 there

1806 863 23 27 is
1843 864 49 27 the
1904 873 67 27 very
1985 863 62 27 best
2071 862 29 27 of
2126 858 62 30 land
2222 858 56 28 'the
2299 860 64 28 Moa

1806 902 65 29 Flat
1883 903 97 36 estate)
1999 902 61 29 tint
2070 900 46 29 the
2126 907 105 21 owners
2239 908 46 19 are
2295 899 64 37 only

1806 947 46 24 too
1884 943 116 28 anxious
2017 946 42 25 .to
2093 941 108 37 dispose
2233 938 46 37 of;
2306 940 54 28 and

1807 983 140 28 wherever
1966 983 77 32 there
2066 982 24 28 is
2110 980 72 38 good
2196 979 63 29 land
2272 980 28 28 in
2315 980 48 28 the

1808 1020 107 31 market
1928 1023 23 27 it
1965 1022 54 28 will
2036 1032 66 26 very
2130 1030 63 18 soon
2219 1020 38 28 be
2278 1020 83 28 taken

1808 1074 45 28 up,
1880 1062 148 39 especially
2051 1062 80 28 when
2150 1060 114 38 railway
2290 1070 54 18 com-

1807 1103 169 28 munication
2010 1102 22 28 is
2060 1100 170 30 convenient.
2282 1100 79 33 Now,

1808 1144 53 34 Sir,
1874 1144 30 27 in
1917 1143 48 28 the
1979 1142 60 28 face
2060 1141 29 29 of
2102 1140 62 33 this,
2179 1140 14 27 I
2206 1140 51 28 ask
2271 1140 90 28 would

1807 1183 21 28 it
1855 1186 48 24 not
1935 1182 35 28 be
2000 1182 80 28 sheer
2105 1183 81 24 waste
2213 1179 29 28 of
2267 1178 92 38 public

1807 1232 100 27 money
1942 1226 28 24 to
2010 1220 109 38 expend
2155 1219 139 34 £300,000
2330 1218 28 28 in

1808 1262 193 36 constructing
2027 1272 16 16 a
2069 1260 108 36 railway
2203 1259 122 36 through
2347 1269 16 16 a

1809 1305 125 33 country,
1959 1311 31 17 or
2013 1300 93 27 rather
2130 1309 15 16 a
2167 1308 95 26 gorge,
2285 1298 80 26 when

1811 1342 84 36 along
1910 1338 157 30 two-thirds
2081 1338 29 28 of
2123 1338 45 27 the
2187 1336 88 30 whole
2288 1343 78 20 route

1810 1389 52 20 one
1876 1380 29 28 of
1920 1379 44 29 Mr
1979 1377 151 29 Larnach's
2150 1376 94 38 Rocky
2265 1375 80 29 Moun-

1810 1420 57 29 tain
1882 1422 80 35 goats
1977 1418 80 30 could
2069 1417 117 38 scarcely
2197 1417 58 27 find
2266 1426 15 19 a
2292 1416 58 28 foot-

1811 1460 73 30 hold.
1886 1459 53 29 —I
1954 1470 53 25 am,
2022 1462 66 31 etc.,

1924 1500 122 28 Settler
2058 1509 37 19 ox
2108 1507 50 19 the
2175 1498 154 27 Lawrence

2081 1538 99 28 Route.

1849 1580 105 28 Millers
1971 1579 71 35 Flat,

1928 1620 62 30 13th
2006 1619 129 34 October,
2152 1617 77 31 1896.

1778 77 199 40 MOUHT
2001 89 21 6 -
2064 71 227 41 BENSEH
2375 73 152 39 MAIL.

137 91 187 55 'Friday,
350 91 167 45 October
539 93 68 45 23,'
631 92 118 39 1396.

76 4589 117 29 Ortalnly
213 4588 40 24 the
279 4588 54 22 best
346 4586 114 23 medicine
474 4585 86 23 known
578 4584 20 23 is

52 4622 190 23 -ander&Sons
263 4618 128 29 Euca'ypti
402 4618 108 23 Extract.
542 4616 56 23 Ttut

45 4658 32 22 its
90 4653 130 30 eminently
234 4651 113 31 powerful
363 4648 80 25 effects
461 4649 21 22 in
499 4647 97 29 coujhs,

47 4688 72 26 colds,
126 4686 127 25 inflnenra;
265 4685 39 21 the
315 4681 70 25 relief
394 4682 20 21 is
426 4682 162 21 instataneous

49 4720 26 23 In
86 4719 91 23 serious
189 4723 65 16 cases
264 4711 4 32 i
276 4715 33 23 nd
323 4713 118 25 accidents
454 4713 24 21 of
487 4712 29 23 all
527 4711 71 24 kinds

49 4753 27 23 be
86 4752 57 29 they
155 4748 106 28 wound*,
271 4747 80 29 burn?,
364 4745 129 29 scaldings,
506 4744 91 30 cprains

49 4791 16 18 rt
79 4785 19 23 ii
115 4783 40 23 the
164 4781 74 24 safest
261 4779 160 30 remedy--n©
434 4776 127 29 swe'!i«g-
574 4778 21 21 in

50 4814 179 26 rnflimniatior,
263 4811 59 23 Like
334 4809 133 31 surprising
482 4807 81 25 effects
574 4809 22 23 in

47 4856 81 22 croup,
156 4844 120 33 diptheria
314 4842 129 24 bronchitis
461 4840 134 25 inflamma*

47 4882 49 23 tion
108 4880 24 23 of
143 4880 41 22 the
196 4879 77 28 lungs,
285 4875 119 30 swellings
417 4879 49 20 etc;
477 4873 118 23 diarrhoea

47 4914 121 25 dvsentry,
184 4910 110 21 defenses
308 4908 26 22 of
346 4908 101 26 kidneys
459 4905 47 22 and
533 4905 50 22 urin-

47 4952 40 22 ary
99 4948 96 24 organs.
228 4939 29 23 In
270 4946 41 16 use
324 4943 24 18 at
365 4938 31 22 all
409 4936 118 31 hospitals
549 4936 45 23 and

45 4975 101 25 medical
158 4973 82 24 clinics
253 4972 31 22 all
296 4977 55 16 over
363 4971 40 22 the
416 4969 78 30 globe,
510 4973 82 21 patron

47 5008 50 24 ised
110 5008 30 25 by
153 5006 36 22 his
209 5003 103 29 Majesty
339 5003 41 23 the
395 5000 65 30 King
489 5001 24 23 of
532 5000 60 29 Italy

45 5037 110 26 crowned
174 5036 54 22 with
240 5035 80 23 medal
331 5033 48 23 and
395 5033 105 28 diploma
512 5037 22 17 at
557 5032 38 22 the

46 5067 174 28 International
234 5065 138 24 Exhibition
390 5068 24 19 at
439 5063 152 24 Amsterdam

44 5105 71 22 Trust
132 5101 22 24 in
172 5100 41 25 the
228 5098 123 31 approved
365 5096 84 24 article
466 5095 44 24 and
522 5094 71 32 reject

45 5136 34 24 all
92 5136 89 23 others.

76 5166 145 29 Holloway's
253 5164 128 23 Ointment
415 5162 48 23 aod
496 5160 98 24 Pills.—

45 5200 87 23 Whilst
163 5198 42 22 the
231 5197 148 22 inhabitants
400 5194 25 22 of
452 5200 42 16 aur

44 5232 68 26 citieß
136 5228 71 27 suffer
238 5227 61 24 from
323 5225 43 24 the
388 5225 82 24 effects
491 5225 29 22 of
539 5231 56 17 over

45 5263 123 30 crowding
177 5261 47 26 and
237 5261 31 24 all
280 5261 32 22 i*s
322 5258 126 26 attendant
461 5258 67 25 evils,
538 5258 57 24 both

52 5299 63 30 phy8
117 5291 7 10 r
125 5296 35 26 cal
174 5294 46 25 and
233 5292 83 30 moral,
327 5291 41 23 the
379 5298 65 16 more
462 5292 82 23 robust
565 5298 30 16 an

43 5329 120 31 energetic
179 5327 121 30 emigrant
318 5324 47 26 will
381 5324 25 23 in
430 5323 38 24 hi«
497 5329 53 19 turn
567 5324 28 23 be

43 5362 61 25 ia.ble
116 5366 25 21 to
155 5359 73 25 suffer
240 5359 23 21 in
278 5358 37 22 his
328 5364 51 16 new
394 5357 72 24 home
478 5356 60 23 from
553 5355 41 24 the

45 5399 60 20 want
114 5394 24 24 of
151 5392 75 29 ready
237 5389 55 25 skill
303 5389 48 24 and
363 5388 39 26 the
415 5392 67 26 great
494 5388 101 25 medical

44 5434 121 18 resources
188 5424 26 25 of
229 5423 39 24 his
285 5422 80 24 native
385 5421 57 25 land
460 5420 89 31 always
571 5423 24 21 at

44 5458 137 26 command.
212 5456 51 25 The
275 5454 54 25 best
341 5454 85 25 advice
438 5461 14 16 a
463 5453 78 25 friend
553 5460 42 17 can

43 5493 57 29 giv«
116 5492 23 22 is
149 5492 35 22 for
192 5490 50 24 him
254 5493 24 19 to
292 5487 54 24 take
363 5495 14 15 a
391 5489 87 28 snppiy
489 5486 26 24 of
531 5486 66 23 these

44 5524 53 23 well
110 5522 86 23 known
206 5520 114 24 remedies
336 5528 26 15 as
376 5523 51 26 part
438 5519 24 22 of
473 5519 38 22 his
526 5515 72 25 outfit

42 5558 12 24 f
55 5564 25 16 it
103 5555 33 30 by
152 5552 116 26 attention
304 5554 41 22 the
356 5550 75 31 easily
453 5548 145 26 understood

45 5588 51 25 and
108 5591 40 22 let
168 5589 78 24 ample
268 5585 129 24 directions
409 5582 78 24 which
504 5588 78 18 accom-

108 5608 10 9 "'
133 5608 16 17 .
164 5616 12 9 1_
192 5618 6 7 •
287 5616 9 9 1
367 5616 27 9 U.
437 5614 24 11 -11
569 5614 27 11 U„

44 5646 4 31 r
48 5658 25 19 ?t
83 5649 63 26 fault
169 5649 70 25 when
260 5648 70 24 taken
348 5647 26 25 ill
396 5655 27 17 or
445 5646 77 24 under
537 5646 58 30 Jany

50 5684 98 24 inverse
166 5681 105 27 Eanitaiy
284 5680 133 25 conditions
435 5679 24 24 of
483 5678 49 25 life,

1812 1710 93 51 W.
1978 1708 59 64 J.
2101 1707 263 60 Martin

1812 1794 285 31 WATCHMAKER
2114 1792 23 29 &
2150 1792 209 28 JEWELLER

1907 1846 71 30 Ross
1998 1845 98 36 Place,
2117 1843 159 31 Lawrence.

1813 1928 141 34 Watches,
1976 1927 100 28 Clocks
2097 1926 52 26 and
2170 1926 146 35 Jewellery
2336 1925 28 27 of

1860 1968 35 27 all
1909 1967 182 37 descriptions
2104 1965 67 37 kept
2184 1966 26 26 in
2226 1965 95 28 Stock.

1831 2018 71 30 Nice
1917 2016 138 30 Selection
2069 2015 28 31 of
2116 2015 75 36 Gem,
2204 2014 144 39 Wedding

1945 2059 55 29 and
2015 2058 109 38 Keeper
2137 2056 95 39 Rings.

1811 2140 19 20 A
1844 2138 106 23 CHOICE
1973 2136 180 23 ASSORTMENT
2173 2136 37 21 OF
2229 2136 136 21 ARTICLES

1840 2172 141 21 SUITABLE
1992 2171 56 21 FOR
2061 2169 138 23 WEDEIKG
2210 2169 142 22 PRESENTS

1868 2239 156 40 Spectacles
2037 2244 28 24 to
2081 2239 59 28 Suit
2154 2238 34 29 all
2204 2238 105 39 Sights.

1828 2321 105 28 Watch
1966 2328 54 19 and
2055 2319 87 28 Clock
2180 2319 117 27 Repairs
2330 2327 17 18 a

2013 2362 155 25 Specialty.

1810 2441 112 37 Repairs
1937 2450 31 17 or
1982 2439 101 27 Orders
2102 2439 69 26 from
2187 2438 45 27 the
2246 2441 117 34 country

1856 2481 37 38 by
1917 2483 62 35 post
2003 2478 54 29 will
2081 2477 103 30 receive
2206 2482 112 34 prompt

2014 2519 143 28 attention.

1822 2582 177 30 ~EVIOT
2060 2580 304 30 DISPENSARY.

1902 2676 46 39 F.
1996 2674 265 45 JEFFERY,

1804 2736 57 20 CHE
1867 2736 71 25 MIST,
1954 2735 190 23 BOOKSELLER,
2159 2733 204 25 TOBACCONIST,

1870 2767 81 22 NEWS
1966 2767 103 27 AGENT,
2084 2766 163 26 STATIONER,
2262 2766 37 22 &C.

1804 2846 131 29 FANCY
1966 2845 125 30 GOODS
2123 2845 55 29 and
2209 2843 151 29 PATENT

1865 2892 217 27 MEDICINES
2100 2892 31 25 of
2152 2891 35 26 all
2210 2891 93 26 kinds.

1986 2981 98 21 AGENT
2102 2980 80 21 FOR-

1804 3021 126 29 Dresden
1944 3020 85 29 Piano
2045 3019 47 30 Co.

1804 3062 89 28 North
1900 3060 172 37 Queensland
2081 3059 62 28 Fire
2151 3058 151 28 Insurance
2308 3057 47 29 Co.

1804 3102 106 31 Raglan
1925 3100 134 37 Bicycles.

1865 3177 20 22 O
1902 3176 21 23 0
1944 3174 20 25 K

2154 3173 103 23 THI
2281 3173 17 24 8
2322 3178 6 20 !

1864 3251 102 26 BOOTS
1985 3255 35 20 tor
2036 3253 40 21 the
2094 3250 80 28 Great,

1890 3296 74 23 B.io'a
1982 3296 38 21 for
2043 3296 44 21 the
2100 3295 72 22 Sma'l
2184 3304 7 18 ;

1860 3338 72 23 Boots
1949 3337 36 23 for
2005 3337 41 22 the
2065 3336 77 28 Short,

1893 3382 72 24 Boots
1983 3382 37 23 for
2038 3382 40 22 tbe
2097 3381 53 23 Tall
2166 3389 7 21 j

1864 3427 71 24 Boots
1950 3425 36 25 for
2005 3426 40 24 the
2064 3424 96 31 Young,

1890 3465 75 24 Boots
1983 3465 37 23 for
2036 3465 38 23 the
2094 3464 46 24 Old
2153 3471 6 20 ;
2160 3464 1 27 ;

1890 3530 55 22 *nd
1965 3528 101 23 BOOTS
2083 3528 45 23 ar.fl
2147 3527 103 24 3H034

2013 3572 35 24 for
2065 3571 30 24 all
2119 3576 23 19 at

1900 3636 45 36 H,
1993 3634 119 36 Bail
2126 3634 126 43 lie's,

1801 3700 116 30 Opposite
1933 3695 161 26 Comme-cial
2116 3696 80 29 Hotel,
2218 3696 133 30 Roxburgh

1829 3780 132 27 CSTCome
1978 3778 47 25 and
2044 3780 91 25 inspect
2147 3777 40 25 the
2205 3777 78 27 Ptock.

1871 3841 212 31 EBBERT
2130 3841 99 30 AND
2279 3841 74 36 CO.,

1992 3907 167 22 LAWRENCE.

1956 3999 153 28 Importers
2128 4006 68 19 of—

1799 4045 202 37 Ironmongery

1886 4088 190 41 Agricultural
2100 4088 179 38 Implements

2060 4136 188 36 Agricultural
2267 4136 86 30 fceeds

1973 4191 214 29 GROCERIES

1819 4250 97 29 TEAS
2030 4249 96 29 TEAS
2238 4248 97 29 TEAS

1804 4295 127 38 (Ceylon)
2024 4295 122 35 (Indian)
2232 4295 119 35 (China.)

1838 4373 154 37 •OHNS
2031 4372 33 36 &
2100 4372 250 40 M'COMBE,

1797 4452 131 23 GROCERS
1944 4452 62 22 AND
2024 4450 134 23 GENERAL
2172 4450 178 26 MERCHANTS,

1937 4500 158 30 MILLERS
2114 4501 96 28 FLAT.

1831 4581 58 29 The
1928 4580 104 39 largest
2064 4578 55 30 and
2149 4578 199 30 best-assorted

1795 4621 86 29 Stock
1895 4621 29 28 of
1939 4619 117 29 General
2071 4618 89 29 Goods
2180 4619 26 27 in
2229 4630 53 26 any
2297 4630 33 27 up-

1792 4664 118 35 country
1924 4664 74 26 store
2011 4660 28 28 in
2054 4659 96 35 Otago.

1829 4701 144 29 Groceries
1997 4699 54 29 and
2074 4699 153 27 Provisions
2247 4699 29 28 of
2299 4700 47 28 the

1794 4742 61 28 best
1865 4741 83 27 kinds
1962 4743 29 25 at
2001 4742 71 26 most
2081 4738 156 28 reasonable
2247 4739 97 37 prices.

1829 4781 152 37 Crockery,
2013 4779 159 33 Glassware,
2199 4778 126 29 Ironmon-

1791 4831 78 28 gery,
1884 4821 94 33 Boots,
1994 4820 95 32 Shoes,
2104 4816 47 28 &c.

1829 4860 160 28 Customers
2003 4857 98 30 waited
2114 4866 34 19 on
2163 4856 27 28 in
2210 4857 34 27 all
2269 4861 78 34 parts

1791 4901 29 28 of
1833 4901 47 27 the
1897 4900 119 27 district.

1992 4968 153 27 AGENCIES:

1792 5014 178 28 Manchester
1982 5013 64 27 Fire
2060 5011 147 27 Insurance
2222 5010 48 28 Co.

1792 5054 160 27 Australian
1961 5050 111 29 Mutual
2080 5048 147 28 Provident
2238 5048 109 36 Society

1792 5112 211 33 VICTORIA
2021 5110 144 31 LIVERY
2180 5108 167 31 STABLES

1883 5181 71 22 PEEL
1968 5179 112 25 STREET,
2094 5175 166 24 LAWRENCE.

1789 5248 39 44 T.
1857 5247 120 53 Dwyer
2024 5255 11 58 \
2079 5250 10 62 \
2142 5241 203 53 Proprietor.

1829 5334 59 29 The
1900 5344 67 27 very
1980 5332 63 30 best
2057 5329 128 38 Stabling
2203 5326 143 41 provided,

1789 5375 68 29 ■with
1870 5384 16 19 a
1900 5372 102 30 Groom
2015 5372 104 35 always
2130 5370 28 26 in
2172 5368 173 28 attendance.

1789 5454 28 29 A
1839 5453 161 30 Handsome
2025 5449 55 31 and
2107 5446 239 41 Well-appointed

1889 5504 157 35 Hearse
2068 5510 55 26 on
2149 5497 105 37 Hire,

1828 5589 162 30 First-class
2022 5586 95 38 Single
2150 5584 55 29 and
2236 5583 110 30 Double

1792 5630 141 37 Buggies;
1954 5628 67 33 also,
2036 5623 108 31 Ladies'
2159 5624 56 28 and

1785 5669 96 28 '"men's
1895 5666 103 31 Saddle
2011 5664 116 30 Horses*

2385 3252 41 52 ]?
2511 3252 45 35 A.
2633 3246 127 41 MIL
2789 3250 78 36 LE
2895 3251 39 42 R,

2384 3324 135 27 BUILDER,
2531 3322 107 23 JOINER
2652 3323 62 21 ANI>
2732 3321 196 23 UNDERTAKER

2478 3375 73 29 Ross
2570 3375 97 35 Place,
2687 3373 163 29 Lawrence.

2387 3465 122 30 PLANS
2521 3464 81 30 AND
2617 3462 317 31 SPECIFICATIONS

2525 3519 27 28 A
2572 3516 221 31 SPECIALTY.

2384 3610 154 36 Quantities
2553 3608 137 38 Prepared
2712 3608 55 28 and
2789 3606 148 30 Estimates

2410 3651 89 28 Given
2511 3649 44 29 for
2567 3649 35 27 all
2616 3648 100 28 classes
2729 3648 29 28 of
2772 3646 135 29 Builders'

2617 3688 98 27 Work.

2384 3759 35 54 J
2498 3759 49 37 H.
2610 3753 327 46 PEARSGH,

2485 3822 68 21 ROSS
2566 3822 97 25 PLACE,
2677 3820 167 26 LAWRENCE,

2430 3866 264 34 CONTRACTOR,
2714 3864 181 36 BUILDER,

2522 3968 276 32 UNDERTAKER.

2385 4045 146 28 Contracts
2545 4042 84 29 taken
2639 4042 44 28 for
2696 4041 137 28 Builders'
2853 4041 82 29 Work

2503 4081 29 30 of
2545 4092 81 28 every
2640 4080 177 40 description.

2445 4154 199 23 ESTIMATES
2674 4154 193 21 PREPARED.

2419 4214 26 28 A
2459 4212 198 30 well-assorted
2682 4211 86 29 Stock
2789 4211 31 29 of
2838 4210 83 30 Furni-

2382 4256 61 25 ture
2457 4254 100 36 always
2570 4262 35 18 on
2619 4252 85 28 hand.

2419 4292 134 28 Funerals
2565 4291 155 29 conducted
2732 4292 27 26 in
2770 4290 36 28 all
2819 4293 74 34 parts
2908 4289 30 29 of

2382 4331 47 30 the
2456 4332 124 29 District.
2620 4330 106 30 Hearse
2752 4328 134 42 provided
2914 4328 23 29 if

2382 4374 136 36 required.

2553 4434 57 38 W
2675 4434 20 36 I
2761 4432 38 37 H
2864 4427 71 48 S,

2379 4502 133 25 PAINTER,
2537 4499 131 27 GLAZIER,
2693 4497 93 23 PAPER
2806 4497 129 27 HANGER,

2453 4529 69 21 SIGN
2542 4527 115 21 WRITER
2680 4527 63 19 AND
2765 4526 97 21 HOUSE

2568 4553 177 24 DECORATOR,

2469 4593 70 28 Ross
2560 4592 99 35 Place,
2679 4591 164 29 Lawrence.

2411 4673 41 28 On
2469 4671 62 30 Sale
2545 4683 15 16 a
2571 4671 76 38 large
2659 4671 54 28 and
2725 4671 93 29 varied
2829 4674 89 26 assort-

2374 4716 75 26 ment
2462 4712 29 28 of
2505 4711 68 35 Oils,
2588 4711 104 35 Paints,
2717 4711 99 34 Scrim,
2841 4711 89 35 Glass,

2375 4752 228 39 Paperhangings
2625 4751 55 28 and.
2700 4750 137 29 Painters'
2859 4749 55 30 Sun-

2373 4793 84 30 dries.

2410 4832 69 28 New
2488 4831 54 28 and
2551 4830 171 29 fashionable
2732 4829 75 29 Wall
2818 4829 113 38 Papers,

2374 4872 71 29 from
2459 4871 36 28 od
2518 4881 49 28 per
2587 4870 76 39 piece
2687 4869 138 39 upwards.
2867 4871 50 26 Pat-

2375 4916 75 23 terns
2464 4916 62 23 sent
2539 4920 35 19 on
2595 4911 176 36 application,
2787 4914 63 32 post
2864 4909 67 27 free.

2412 4950 147 27 Estimates
2573 4950 84 38 given
2670 4949 43 28 for
2738 4948 117 31 General
2878 4947 37 29 Re-

2374 4990 86 37 pairs,

2414 5028 163 28 Celebrated
2593 5027 130 30 Lustruss
2744 5029 91 34 Paint,
2850 5028 84 36 ready

2377 5066 99 33 mixed,
2492 5066 35 27 all
2543 5066 123 29 Colours.

2541 5141 31 37 T,
2657 5144 33 37 B
2735 5144 36 38 L.
2817 5140 114 47 OY,

2401 5206 200 20 WHITEHAVEN
2615 5207 112 26 STREET,
2742 5209 171 21 LAWRENCE.

2375 5284 131 29 BOARD
2530 5284 82 28 AND
2641 5284 222 31 RESIDENCE
2882 5287 52 28 AT

2419 5334 257 30 REASONABLE
2697 5334 189 32 CHARGES.

2484 5414 98 30 Meals
2599 5423 33 20 at
2650 5423 50 21 all
2718 5414 108 31 Hours.

2392 5495 59 29 The
2464 5496 63 28 best
2541 5494 245 30 Accommodation
2807 5494 45 30 for
2864 5494 48 30 the

2512 5534 160 38 Travelling
2686 5534 108 28 Public.

2375 5619 103 32 GOOD
2493 5619 202 30 STABLING.
2733 5618 97 29 OATS
2847 5618 83 30 AND

2486 5658 129 31 CHAFF
2636 5657 52 30 ON
2711 5657 106 31 SALE.

2407 168 201 57 BOTH
2655 165 189 58 EYES
2899 162 158 57 AND
3099 157 171 59 TWO
3314 152 214 58 EARS.

2651 244 6 22 *.
2707 237 86 38 (FOR
2813 237 26 29 A
2858 235 175 36 MOMENT,
3044 231 178 37 'PLEASE.)
3264 231 3 44 '
3311 231 4 44 .

2399 310 131 40 VOttrt
2549 320 129 28 interests
2692 329 46 26 my
2750 317 105 29 careful
2868 317 91 37 study.
3001 315 54 28 We
3070 322 62 28 may
3144 312 75 28 have-
3229 312 56 26 met
3302 306 106 35 before,
3422 315 31 19 or
3465 313 63 29 per-

2410 345 27 27 X
2486 356 69 42 liaps
2569 364 70 23 have
2652 368 85 19 never
2749 360 64 25 met.
2941 365 40 19 we
2996 364 50 20 can
3069 355 33 27 be
3115 351 105 30 friends
3234 350 29 28 in
3276 347 142 33 sunshine,
3433 347 96 30 storm,

2394 404 117 35 poverty
2524 410 30 18 or
2567 399 109 28 wealth.
2718 398 57 28 One
2791 397 59 28 Call
2863 407 31 18 or
2907 406 52 19 one
2974 394 88 30 Order
3076 393 55 29 will
3144 393 35 28 be
3187 391 53 29 line
3253 390 60 28 first
3327 387 29 32 of
3370 395 91 28 many.
3471 424 6 5 _

2469 440 102 28 Orders
2584 439 37 37 by
2635 438 76 34 Post,
2725 435 87 35 Wire,
2822 446 33 18 or
2867 435 164 37 Messenger
3041 434 101 36 always
3151 432 105 28 receive
3267 427 101 40 special
3379 428 146 26 attention.

2469 479 78 36 New,
2561 477 81 37 Neat,
2656 477 54 29 and
2726 475 174 30 Serviceable
2916 473 91 30 Goods
3020 484 46 18 are
3079 471 126 30 received
3218 479 83 27 every
3315 466 87 30 week.

2469 520 46 28 All
2541 519 109 27 Parcels
2673 517 139 29 delivered
2838 516 134 37 (carriage
2992 515 75 38 paid)
3083 517 28 25 to
3123 522 71 29 your
3206 511 76 29 door.
3321 508 131 28 Patterns
3472 505 55 28 and

2396 559 124 39 Samples
2534 562 61 25 sent
2611 559 66 28 Post
2693 557 79 28 Free.

2545 751 103 32 CASH
2667 749 166 37 DRAPER,
2855 748 202 37 MILLINER,
3077 747 83 31 AND
3180 743 210 33 IMPORTER,

2779 802 71 28 Rosa
2871 800 98 37 Place,
2989 800 165 28 Lawrence.

2899 898 233 37 WHAT'S
3198 894 185 39 THIS?

2749 999 169 57 COLONIAL
2932 999 191 26 Tweed-Mosgiel,
3138 997 94 26 Kaiapoi,
3241 996 41 22 and
3293 994 202 27 Roslyn—Trousers
3506 992 22 20 to

2817 1033 99 18 measure,
2926 1026 52 20 from
2989 1027 39 20 15s.

2797 1060 93 23 Colonial
2899 1060 40 21 and
2948 1060 84 26 English
3042 1060 73 21 Tweed
3125 1060 37 21 Sac
3172 1060 55 21 Suits
3238 1060 21 20 to
3268 1064 99 20 measure,
3386 1056 54 21 fiom
3456 1054 36 22 £3-
3499 1053 29 22 3s,

3005 1128 71 27 WE
3133 1126 143 29 WANT

2747 1168 44 20 Our
2801 1175 60 18 many
2872 1167 84 20 Friends
2966 1167 39 20 and
3015 1166 37 21 the
3060 1166 70 26 public
3137 1169 21 17 to
3167 1166 60 19 know
3238 1164 45 21 that
3292 1171 29 14 we
3327 1164 52 20 have
3386 1163 43 27 just
3439 1160 87 28 opened,

2895 1201 27 14 ex
2931 1201 33 14 s.s.
2978 1194 112 26 Kaikoura,
3101 1199 38 14 our
3148 1192 92 21 Season's
3249 1191 104 26 shipment
3362 1190 22 21 of

2745 1248 97 22 GENTS'
2857 1249 73 20 HATS
2946 1248 52 25 (best
3011 1247 85 24 makes).
3113 1246 69 26 TTES,
3197 1245 133 23 COLLARS,
3346 1242 102 23 SHIRTS
3459 1242 51 26 (rear
3511 1241 3 32 1
3518 1248 11 3 -

2795 1275 58 21 made
2862 1283 23 12 or
2893 1279 21 16 to
2924 1275 74 25 order),
3009 1274 126 21 CYCLING
3142 1270 151 23 SWEATERS
3302 1272 40 20 and
3353 1270 127 22 CYCLING

3056 1299 164 22 STOCKINGS.

2799 1354 69 27 Agent
2886 1354 32 21 for
2937 1354 97 26 Tmpeka
3050 1354 111 21 for—New
3182 1352 68 27 Rapid
3272 1352 102 26 Bicycles;
3398 1351 50 25 also,
3467 1349 62 27 Cycle

2749 1382 82 27 Lamps,
2841 1382 63 26 Bells,-
2914 1382 85 21 Outside
3009 1382 81 22 Covers,
3102 1381 40 21 and
3149 1380 28 22 all
3187 1380 134 27 Cyclealities.

2888 1600 96 30 ROSS
3004 1599 133 37 PLACE,
3158 1598 229 31 LAWRENCE.

2493 2084 453 61 RABBIT-SKIN
2975 2085 289 60 SEASON,
3313 2085 133 56 1896.

2465 2255 120 26 \LGSIY
2603 2257 76 25 &CO
2692 2274 5 10 ,
2718 2258 47 21 Lim
2777 2262 55 20 ted,
2849 2254 29 25 bs
2881 2275 11 9 3
2886 2262 7 9 '
2911 2255 144 24 tointimite
3069 2254 49 25 that
3138 2256 55 30 they
3206 2254 58 25 hold
3279 2255 103 24 Auction
3406 2253 65 25 Sales
3489 2253 26 24 of

2467 2326 117 25 RABBII
2606 2326 80 24 KINS
2712 2325 117 29 regularly

2690 2388 49 31 In
2757 2392 131 25 VERY

3027 2392 21 25 0
3062 2394 17 23 N
3100 2393 112 25 DAY.

2465 2497 134 25 Particular
2611 2498 113 24 attention
2739 2498 20 24 is
2771 2496 53 30 paid
2839 2499 25 20 to
2883 2496 40 24 the
2935 2496 107 31 Glassing
3055 2495 47 24 and
3123 2497 114 31 exposing
3252 2495 40 26 the
3313 2497 67 24 skins
3398 2496 35 25 for
3451 2496 59 26 sale.

2406 2532 141 23 Valuations
2560 2539 37 14 *••*
2610 2531 71 25 made
2696 2532 24 21 of
2733 2537 71 23 every
2817 2530 35 22 lot
2860 2537 64 22 prior
2937 2534 22 18 t>
2984 2529 49 23 sale
3052 2529 49 23 ani
3116 2538 30 15 nj
3158 2530 69 24 effort
3248 2530 22 23 is
3281 2529 85 31 spared
3379 2533 24 20 to
3427 2538 84 17 secure

2404 2565 103 31 Highest
2528 2564 92 24 Market
2644 2563 81 25 Value.

2798 2634 15 23 S
2830 2630 87 25 BEE
2933 2631 176 25 PSKINS.

2462 2699 120 24 Dalgety
2598 2696 47 25 and
2662 2695 52 31 Co.,
2725 2695 111 32 Limited,
2848 2694 57 26 bold
2919 2694 61 26 sales
2993 2693 78 32 Every
3086 2694 163 28 TUESDAY,
3283 2695 38 25 Ah
3333 2694 68 27 skins
3413 2695 95 27 classed

2401 2733 47 24 and
2461 2733 84 23 valued
2557 2733 79 21 before
2655 2732 57 22 sale.
2747 2730 102 29 Highest
2864 2729 95 24 Market
2970 2727 76 25 Value
3057 2730 114 23 returned
3187 2730 39 23 for
3240 2729 31 25 all
3283 2727 195 34 Consignments.

2461 2799 115 26 Proceeds
2591 2800 24 23 of
2638 2798 48 26 sale
2710 2798 110 26 remitted
2835 2797 130 33 promptly.
3012 2796 89 26 Advice
3115 2800 70 23 notes
3201 2798 49 25 and
3273 2798 74 26 labels
3372 2799 137 27 forwarded

2401 2843 30 16 on
2449 2835 152 30 application.

2465 2904 102 22 Address
2584 2909 59 21 your
2664 2904 180 26 consignments
2865 2902 27 21 to

2865 2966 159 25 DALGETY
3039 2974 51 17 xsn
3105 2968 56 28 CO.,
3184 2969 118 27 Limited,
3323 2970 122 25 Dunedin,

2991 3262 110 26 FANCY
3128 3262 110 25 GOODS
3257 3263 71 24 AND
3346 3263 165 25 DRAPERY.

2981 3324 35 52 IT*
3060 3324 17 25 J
3120 3324 136 25 WATnRS
3283 3325 89 24 desires
3398 3330 25 19 to
3448 3325 73 30 noiify

3022 3375 5 5 .
3059 3362 53 20 tr.it
3127 3359 42 23 she
3181 3358 71 30 keeps
3262 3359 24 23 in
3296 3358 66 24 stock
3379 3357 86 26 Ladies
3476 3362 45 20 and

2973 3390 113 25 Children
3098 3399 10 16 s
3126 3390 197 32 TJnderclothing,
3339 3392 48 24 aud
3400 3393 29 22 all
3449 3392 72 24 kinds

2973 3424 23 23 ef
3012 3424 115 30 Drapery.

3004 3466 79 32 Fancy
3097 3467 81 24 Good*
3189 3476 14 15 a
3217 3467 137 31 Specialty.

3009 3511 133 25 Christinas
3152 3512 47 24 and
3212 3512 54 24 New
3279 3511 64 26 Year
3354 3516 138 27 presents—

3095 3552 13 15 a
3125 3550 65 23 great
3202 3545 88 28 variety
3301 3550 24 18 to
3339 3547 71 29 hand.

3093 3577 135 29 Inspection
3239 3576 95 25 Invited

2997 3608 112 31 Painting
3122 3610 45 22 and
3179 3615 34 18 a>*t
3239 3609 151 25 needlework
3404 3611 86 28 taught

3064 3643 110 22 Summer
3186 3641 81 24 Goods
3283 3649 52 16 now
3349 3650 30 16 on
3396 3643 63 24 hand

2975 3685 264 24 Address—Orniood's
3249 3685 114 31 Building
3374 3688 143 29 Roxburgh.

3034 3821 32 27 J.
3114 3822 23 23 K
3168 3824 22 22 A
3222 3822 12 25 I
3266 3823 20 24 ft
3321 3823 24 25 H
3377 3825 21 23 A
3429 3825 37 25 ML

3095 3892 23 22 Is
3137 3894 116 29 prepared
3277 3897 26 21 to
3328 3896 77 29 repair

3093 3961 108 26 COOTS
3229 3971 50 16 and
3309 3964 99 25 SHOES

3093 4037 23 20 at
3145 4034 122 24 moderate
3297 4034 106 32 charges.

3005 4100 58 25 Also
3084 4101 147 25 iccoideocs
3256 4103 47 24 and
3332 4104 165 26 Concertinas

3034 4242 123 24 MESSKB
3184 4243 88 24 £!DD
3300 4245 70 24 AND
3396 4247 65 27 tU,

3076 4299 109 30 Surgical
3202 4301 47 22 and
3267 4300 153 26 Mechanical

3194 4330 110 26 Dentists

3165 4377 47 29 (By
3239 4380 91 29 exam.)

3082 4544 85 22 KIDD
3196 4545 53 21 who
3274 4543 43 24 has
3340 4543 46 23 had
3412 4544 108 24 fourteen

3078 4589 68 23 years
3161 4582 134 30 experience
3315 4580 55 24 with
3389 4581 39 23 Mr
3453 4582 24 22 S.
3498 4584 21 21 X.

2970 4618 79 29 Myers
3158 4615 27 21 be
3212 4614 127 24 consulted
3366 4620 23 18 at
3419 4613 99 25 Heron's

2968 4646 157 26 Commercial
3147 4646 73 23 Hotel
3233 4646 134 31 Roxburgh,
3391 4646 50 23 Oct.
3452 4647 66 27 23rd,

2968 4681 47 23 and
3031 4680 24 24 in
3070 4679 76 23 future
3157 4686 71 22 every
3238 4678 78 24 fourth
3326 4678 93 31 Friday.

2999 4717 32 18 Aa
3054 4719 32 16 we
3116 4711 79 22 intend
3220 4711 93 28 visitiog
3347 4713 46 20 this
3424 4711 92 24 district

2967 4744 108 29 monthly
3086 4744 17 23 it
3116 4743 44 23 will
3177 4750 57 16 save
3252 4742 100 30 patients
3363 4743 40 23 the
3415 4751 101 22 expense

2968 4777 24 23 of
3005 4777 72 29 going
3090 4782 22 16 to
3127 4774 77 28 Town,
3232 4775 47 23 and
3294 4782 27 16 a3
3338 4783 33 16 we
3389 4780 113 25 guarante

2967 4810 30 22 all
3010 4809 62 23 work
3090 4807 102 29 patients
3205 4814 52 22 may
3278 4808 47 28 rely
3347 4815 32 16 on
3395 4809 90 29 getting

2969 4840 127 24 first-class
3108 4838 89 24 article.

2998 4872 74 25 Teeth
3096 4870 121 25 extracted
3247 4870 48 23 and
3325 4870 110 30 replaced
3462 4870 55 25 with

2968 4909 134 24 temporaiy
3114 4902 108 25 artificial
3234 4911 57 14 ones
3306 4904 83 22 within
3401 4906 30 20 48
3444 4904 73 23 hours

2998 4937 106 23 Fainless
3116 4935 141 23 extarctiona
3271 4935 56 22 with
3339 4935 95 23 Nitrous
3445 4935 72 23 Oxide

2968 4968 48 25 Gas
3032 4967 117 25 Cocoaine
3165 4965 71 25 Ether
3253 4973 26 16 or
3292 4965 161 25 Chloroform.

2984 5001 116 31 Stopping
3108 5000 57 24 with
3175 5000 62 22 Gold
3247 4998 125 30 Amalgam
3384 5006 26 16 or
3419 4999 98 24 Cement

2998 5034 81 28 Single
3092 5033 76 22 Tooth
3182 5031 46 22 10a.
3246 5033 53 21 Seta
3312 5031 94 31 equally
3422 5031 80 23 moder-

2968 5071 56 18 ate..
3072 5065 184 28 Arrangements
3273 5062 46 23 will
3332 5062 29 23 be
3377 5062 69 23 made
3462 5063 54 22 with

2970 5098 65 23 those
3055 5095 53 24 who
3125 5100 86 20 cannot
3238 5102 45 24 pay
3308 5094 43 23 full
3374 5088 98 30 amount
3493 5097 24 21 at

2969 5137 65 18 once.
3078 5128 73 25 Teeth
3173 5128 70 24 made
3268 5128 31 30 by
3326 5126 68 24 other
3417 5127 101 24 dentists

2970 5164 99 29 proving
3081 5161 183 30 unsatisfactory
3271 5167 54 24 may
3335 5159 29 25 be
3373 5159 145 32 remodeljed

2968 5201 23 18 at
3002 5196 69 22 small
3081 5198 61 20 cost.

3213 5236 26 23 2s
3255 5234 40 27 6d,
3328 5231 106 29 Gas-?s
3448 5233 41 24 6d»

2967 5364 56 52 F.
3106 5367 35 36 J,
3219 5363 299 44 WILLIAMS,

2989 5433 204 22 hairdresser
3211 5434 64 22 and
3293 5434 200 27 tobacconist,

3161 5473 167 31 Lawbence,

3001 5543 151 31 LADIES'
3182 5545 298 31 HAIRCOMBINGS

3045 5584 111 30 MADE
3175 5585 96 30 INTO
3288 5586 146 31 PLAITS.

2966 5653 100 32 Orders
3075 5655 37 39 by
3121 5659 64 36 post
3192 5657 141 38 promptly
3338 5657 131 31 attended
3478 5659 41 29 to*

3568 151 337 56 QOMMERCIAL
3950 160 163 38 HOTEL,

3758 208 166 23 ROXBURGH.

3632 296 37 30 H.
3691 296 36 30 H.
3749 297 109 37 Heron,
3880 298 165 40 Proprietor.

3786 359 43 10 _.
3871 346 26 25 i±
4059 345 3 26 •
4077 353 8 6 -
4119 362 7 4 ..

3664 373 69 25 ■"."',
3988 373 3 25 '
4022 373 2 25 ■
4087 373 21 25 •*■
4114 384 12 9 ■-■

3599 399 58 29 One
3671 399 28 29 of
3713 399 47 29 the
3772 400 62 29 best
3848 400 103 30 known
3969 403 54 29 and
4041 407 73 26 most

3560 439 181 29 comfortable
3762 433 154 37 Etostelries
3938 441 29 29 in
3987 443 46 29 the
4052 442 40 40 Up-

3560 482 118 34 country
3692 479 138 29 Districts.

3600 529 80 31 Cobb
3693 531 56 28 and
3763 529 75 31 Co.'s
3852 531 87 38 Royal
3959 529 66 33 Mail
4046 534 69 32 Line

3562 570 29 30 of
3614 570 122 29 Coaches
3749 571 124 37 running
3893 572 122 30 between
4039 574 81 28 Law-,

3563 620 80 20 fence
3667 609 57 30 arid
3746 609 184 37 QueenstOwn
3953 614 88 29 arrive
4059 614 55 28 and

3562 652 100 38 depart
3674 648 85 40 daily.

3563 742 118 40 Liquors
3694 740 30 32 of
3736 740 49 32 the
3798 741 63 30 best
3869 741 102 31 brands
3980 743 63 40 only
4052 743 68 42 kqpfc

3777 781 30 28 in
3820 783 88 28 stock.

3563 883 125 42 Baggies
3702 884 55 29 and
3772 884 102 29 Saddle
3883 885 103 31 Horses
3995 898 35 19 on
4040 889 76 30 Hire;

3923 961 194 41 HOTEL;

3651 1028 72 23 ROSS
3742 1027 98 26 PLACE,
3862 1027 167 26 LAWRENCE.

3561 1098 111 37 John
3701 1095 151 45 Laffey,
3883 1096 232 45 Proprietor

3639 1155 80 36 (Late
3732 1154 29 29 of
3774 1154 146 29 Havelock
3934 1154 105 40 Hotel.)

3596 1234 63 29 J.L.
3674 1234 70 38 begs
3765 1235 29 27 to
3807 1232 125 31 intimate
3946 1234 59 31 that
4018 1235 34 31 he
4064 1235 50 30 has

3559 1274 156 40 purchased
3746 1273 49 28 the
3826 1274 87 29 above
3938 1275 175 30 well-known

3560 1314 142 38 Hostelry,
3711 1312 56 29 and
3780 1311 143 39 hopes/by
3932 1314 77 30 strict
4022 1319 75 26 atten-

3560 1355 59 29 tion
3631 1357 29 25 to
3674 1353 48 29 the
3732 1352 117 30 comfort
3858 1354 29 28 of
3899 1354 149 30 Travellers
4057 1356 54 29 and

3560 1395 48 30 the
3620 1393 95 40 public
3728 1389 150 43 generally,
3891 1397 29 26 to
3934 1398 73 26 meet
4017 1396 69 29 with
4095 1406 16 20 a

3559 1436 53 29 fair
3626 1435 80 30 share
3719 1433 29 30 of
3760 1436 162 37 patronag'e.
4022 1435 11 28 i!

3596 1475 60 30 The
3681 1474 124 39 Railway
3827 1474 24 29 is
3873 1485 51 20 one
3937 1472 28 32 of
3977 1476 46 29 the
4035 1477 60 30 best-

3559 1516 150 38 appointed
3721 1515 99 28 Hotels
3829 1516 108 27 outside
3944 1516 30 27 of
3984 1516 127 29 Dunedin

3560 1555 99 30 Under
3671 1553 87 30 J.L.'s
3772 1557 202 35 management,
3982 1555 47 28 the
4039 1563 54 21 com-

3559 1596 57 29 fort
3629 1594 29 30 of
3666 1597 114 37 patrons
3789 1594 54 29 will
3853 1594 36 30 be
3899 1595 78 29 made
3987 1606 16 18 a
4013 1596 100 38 special

3558 1637 117 34 feature,
3689 1635 55 28 and
3756 1644 37 21 no
3806 1635 82 29 effort
3897 1636 55 30 will
3967 1636 34 29 be
4013 1637 99 39 spared

3560 1681 28 25 to
3601 1677 65 38 give
3680 1684 85 28 every
3777 1675 181 30 satisfaction.

3560 1749 59 28 The
3631 1749 63 28 best
3707 1748 105 28 brands
3824 1748 30 28 of
3874 1747 105 37 Wines,

3596 1788 56 28 and
3666 1788 68 28 Ales
3746 1788 102 38 always
3866 1787 69 40 kept
3946 1789 30 27 in
3988 1789 88 29 stock.

3560 1861 130 41 Simpson
3703 1860 55 30 and
3774 1860 98 31 Hart's
3885 1860 67 31 Ales
3965 1861 99 41 always
4078 1872 35 21 on

3807 1899 68 41 Tap.

3784 1950 2 2 ■

3557 1973 160 31 First-class
3729 1974 133 39 Stabling
3872 1975 243 29 Accommodation

3563 2033 4 62 L
3568 2033 282 62 \[ASONIC
3897 2037 218 48 HOTEL,

3654 2100 69 21 ROSS
3736 2098 98 26 PLACE,
3850 2099 169 22 LAWRENCE,

3556 2167 33 29 R.
3611 2166 114 31 WEBB
3935 2166 177 31 Proprietor.

3593 2248 59 30 The
3706 2248 124 30 Masonic
3888 2248 100 30 affords
4012 2248 35 30 all
4067 2249 49 28 the

3556 2289 132 29 comforts
3701 2290 30 31 of
3742 2300 17 18 a
3772 2290 89 34 home,
3874 2289 55 30 and
3943 2289 23 30 is
3980 2289 130 39 provided

3555 2330 67 27 with
3636 2329 48 28 the
3705 2338 68 28 very
3792 2330 63 27 best
3869 2330 244 28 Accommodation

3554 2368 45 29 for
3624 2368 162 29 Travellers.
3827 2368 159 29 First-class
4019 2368 94 29 Table.-

3555 2408 68 29 Best
3642 2408 98 30 Wines
3763 2408 55 30 and
3840 2408 101 39 Spirits
3963 2408 101 38 always
4083 2408 30 28 in

3554 2448 91 28 stock.

3677 2515 135 22 CHARGES
3831 2515 163 22 MODERATE;

3589 2570 60 29 The
3673 2570 160 40 Proprietor
3858 2570 102 31 wishes
3986 2573 30 27 to
4036 2571 73 29 draw
4109 2570 3 40 1

3554 2610 109 39 Special
3688 2611 137 29 attention
3850 2614 31 26 to
3907 2612 48 28 the
3984 2610 131 40 Stabling'

3553 2650 248 30 Accommodation
3820 2651 147 39 provided,
3980 2652 89 29 which
4087 2651 24 28 is

3553 2690 156 37 unlimited,
3722 2687 56 34 and
3791 2691 29 30 of
3834 2692 47 30 the
3895 2692 63 30 best
3970 2691 78 31 kind.

3556 2756 299 52 yiCTORIA
3929 2756 183 35 HOTEL,

3643 2822 73 22 PEEL
3728 2824 111 26 STREET,
3855 2824 171 21 LAWRENCE.

3576 2914 169 33 RONALD
3774 2913 309 42 MONTGOMERY,

3745 2968 180 29 Proprietor.

3552 3057 59 30 One
3633 3058 31 29 of
3683 3058 48 28 the
3751 3061 72 26 most
3848 3058 181 30 comfortable
4050 3060 59 28 and

3575 3097 231 31 best-conducted
3819 3097 154 32 Hostelries
3985 3109 35 20 on
4032 3099 48 31 the

3700 3139 89 36 Ofcago
3804 3138 158 30 Goldfields.

3652 3228 57 22 HOT
3730 3228 64 21 AND
3813 3228 75 22 COLI>
3905 3229 101 21 BATHS,

3578 3296 111 29 Sample
3707 3295 96 29 Rooms
3823 3305 51 19 for
3892 3295 184 32 Travellers.

3553 3376 166 39 Passengers
3728 3375 87 30 called
3825 3375 42 30 for
3876 3376 46 30 the
3930 3378 75 39 early
4014 3377 95 34 Train..

3560 3523 61 57 D.
3668 3523 64 58 M

3763 3518 12 28 t
3806 3522 19 24 T
3856 3523 19 25 C
3908 3523 24 25 H
3963 3523 20 25 E
4015 3523 20 26 L
4065 3523 40 27 L,

3614 3663 69 26 TBS
3728 3662 160 27 POPULAR
3923 3663 121 31 HOUiE,

3735 3724 197 25 LAWRENCE.

3566 3805 12 18 s
3590 3804 51 17 now
3659 3795 104 33 opening
3780 3803 32 23 up
3831 3794 38 24 his
3892 3793 63 25 First
3977 3793 128 33 Shipment

3568 3840 25 24 of
3609 3836 143 29 StfMMER
3768 3836 169 31 DRAPERY,
3954 3837 132 26 consistin?

3566 3883 25 25 of
3598 3883 30 25 all
3639 3884 40 25 the
3686 3883 70 25 latest
3767 3880 118 27 novelties
3894 3882 36 24 for
3941 3880 39 26 the
3989 3880 94 31 coming

3634 3930 91 21 season,
3743 3920 48 26 and
3805 3921 76 31 prices
3893 3922 24 22 to
3935 3919 89 24 match/

3671 3960 121 30 Millinery
3806 3967 15 17 a
3844 3958 136 32 Speciality.

3711 4097 112 27 —Visits
3857 4097 90 25 Millers
3973 4096 53 26 Flat
4065 4096 32 25 nd

3556 4139 129 32 Roxburgh
3696 4146 72 23 every
3783 4138 35 25 six
3836 4137 84 26 weeka.

3783 5200 49 21 **»£
3859 5197 51 26 S&
3938 5205 49 20 IfeM

3604 5567 154 34 TOTHILL,
3781 5569 142 28 WATSON
3952 5573 18 24 &
3987 5572 62 34 CO.,

3561 5656 54 28 So'e
3627 5658 90 33 Agents
3730 5658 37 27 for
3781 5661 76 32 Ocago
3874 5661 46 25 and
3933 5661 143 30 Sotfthlau'Sv
