3520 4630
88 220 167 24 Football.—
258 215 90 25 Oxford
369 214 58 25 2nd.
454 214 85 27 fifteen
559 225 24 21 v,

55 258 105 30 Kaiapoi
177 255 53 25 4th.
246 254 92 28 fifteen,
352 261 33 18 on
397 253 109 33 Monday
524 254 57 32 May

58 297 68 24 25th.
325 318 2 2 .

86 335 54 23 The
151 331 124 31 following
286 331 50 24 will
348 334 124 28 represent
482 331 101 26 Oxford.

89 372 38 24 W.
172 370 148 31 Hig»inspn,
363 369 25 25 J.
423 369 91 30 Blank,
559 372 26 24 S.

52 410 136 31 Pickeriug,
210 409 31 24 G.
254 408 128 31 Aldridge,
399 408 31 24 E.
441 408 144 33 Thompson

52 466 30 24 T.
108 464 77 25 Harle
213 463 26 26 S.
275 462 183 29 Sumiherfield,
496 462 91 32 D.JMc

52 504 88 29 Grath,
162 503 34 25 H.
223 502 107 31 Hooper,
367 501 37 25 W.
430 500 107 30 Cleaver,
555 502 30 29 G,

53 543 147 28 Grirnwood,
232 542 29 24 F.
289 542 111 27 Eoberts,
427 540 39 25 W.
486 541 99 30 Woods,

53 586 50 23 and
119 582 111 29 forward,
256 582 35 24 M.
308 581 96 31 Doody.
439 589 146 24 emergency

54 631 33 24 E.
110 627 131 29 Hartland,
275 626 39 25 W.
338 625 94 25 House.
465 625 63 33 Play
557 629 25 22 to

54 672 64 22 stars
132 670 26 22 at
174 668 24 23 3.
213 673 60 25 p.m.
310 664 87 32 Sharp.

87 707 108 24 Outside
207 705 82 24 News.
292 718 32 3 —
326 705 24 22 A
368 703 52 24 writ
439 703 36 23 for
489 703 98 28 £1,000

53 754 51 16 was
122 743 81 25 issued
223 750 32 17 on
287 741 123 30 Saturday
428 741 99 30 against
549 740 39 24 Mr

54 790 30 24 T.
97 789 31 24 E.
141 787 89 32 Taylor
247 786 30 32 by
289 785 40 24 Mr
342 785 94 31 Bruges
458 793 33 16 on
503 784 86 25 behalf

54 830 28 26 of
92 829 103 31 Captain
211 826 111 32 Popham
341 825 38 25 for
394 824 103 32 making
514 827 73 22 state-

56 872 83 22 ments
155 876 30 15 on
207 874 14 16 a
240 865 82 29 public
345 863 113 32 platform
477 865 26 23 at
524 863 64 25 Gore

53 906 129 32 regarding
212 903 98 26 Cokers
337 902 85 24 Hotel.
474 901 53 25 The
555 903 33 24 al-

54 946 71 31 leged
136 943 55 26 libel
212 941 120 32 appeared
351 941 27 23 m
398 940 40 24 the

194 980 131 33 published
345 982 26 21 at
391 978 104 25 Gore.—
498 977 91 24 Ladies

55 1023 83 24 ■whose
156 1028 86 16 names
262 1018 64 25 have
350 1016 120 32 appeared
498 1024 31 17 on
547 1016 41 24 the

53 1062 114 24 electoral
188 1060 46 24 roll
265 1066 28 16 as
319 1058 126 30 spinsters,
486 1056 44 23 but
548 1063 41 16 are

53 1108 56 16 now
129 1097 114 27 married,
286 1104 41 16 are
347 1093 126 26 reminded
491 1093 56 24 that
567 1093 20 24 if

55 1141 57 28 they
124 1138 60 24 wish
197 1138 25 23 to
233 1137 56 23 vote
301 1137 26 22 at
345 1133 42 25 the
404 1134 58 23 next
474 1131 115 25 elections

56 1179 56 28 they
134 1181 67 20 must
219 1183 89 23 appear
328 1182 33 16 on
381 1173 42 24 the
442 1173 49 23 roll
510 1171 79 25 under

56 1217 65 25 their
140 1216 97 32 present
258 1220 92 17 names.

69 1324 214 36 PROGRESS
315 1323 54 31 OR
413 1321 161 31 OTHER-

260 1374 116 28 WISE.

99 1421 94 38 Many
243 1425 128 32 persons
412 1415 54 39 pin
508 1415 81 28 their

59 1460 134 42 political
214 1458 79 30 faith
334 1460 32 25 to
402 1455 61 29 and
493 1465 92 19 swear

61 1505 41 39 by
143 1502 53 29 the
231 1496 220 34 Christchurch
489 1495 96 30 Press.

61 1545 84 38 They
168 1554 51 19 are
232 1539 111 32 indeed
357 1539 40 29 its
412 1537 83 31 echo.
525 1536 64 30 The

60 1585 140 32 Political
235 1582 160 30 addresses
430 1579 33 29 of
498 1589 92 29 many

60 1625 224 33 conservatives
313 1631 51 21 are
406 1620 57 30 but
496 1629 18 19 a
534 1629 54 19 -re-

60 1670 164 29 statement
258 1665 33 31 of
324 1663 52 29 the
411 1664 178 27 statements

63 1711 87 29 made
170 1710 33 28 m
232 1707 51 29 the
319 1705 115 29 colums
469 1702 33 30 of
537 1702 53 30 the

223 1749 54 29 the
312 1748 80 28 most
422 1743 169 30 influential

64 1791 216 33 Conservative
300 1797 95 32 paper
409 1785 32 30 m
456 1785 52 30 the
523 1784 69 31 col-

63 1846 70 28 ony.
188 1832 94 30 What
323 1830 55 29 has
426 1827 52 30 the
500 1826 91 30 Press

62 1874 142 40 opposed,
252 1871 61 29 and
352 1870 31 29 of
408 1877 116 25 course,
552 1868 40 27 its

63 1915 132 30 echoes?
216 1912 84 30 Here
319 1911 26 28 is
367 1919 19 20 a
399 1909 52 29 list
465 1907 34 29 of
510 1917 83 20 some

61 1958 33 28 of
105 1957 52 29 the
173 1962 152 22 measures
336 1951 68 32 that
423 1949 78 30 have
515 1949 78 30 been

62 1996 133 41 opposed
222 1995 43 38 by
292 1994 52 28 the
374 1991 89 30 Press
493 1989 100 31 which

60 2050 70 19 now
154 2046 88 30 poses
280 2045 33 19 as
352 2033 50 29 the
431 2031 102 30 friend
562 2031 32 29 of

62 2081 53 30 the
139 2078 116 41 people.

184 2140 31 30 It
237 2139 54 29 has
313 2136 136 41 opporsd
449 2153 42 3 —
600 2139 2 36 J

100 2186 16 27 1
141 2182 66 30 The
223 2179 87 31 Land
325 2179 67 29 Tax
600 2173 2 52 j

106 2227 18 27 2
140 2224 64 29 The
218 2223 124 29 Income
353 2219 65 29 Tax
600 2213 2 35 I

105 2267 17 28 3
145 2262 155 31 Manhood
316 2261 140 37 Suffrage
600 2253 2 32 !

107 2309 20 27 4
150 2302 213 31 Yfomanhood
378 2300 134 38 suffrage

105 2349 28 29 5.
150 2345 125 31 Labour
288 2342 92 30 Laws

105 2391 17 28 6
170 2384 154 40 Principle
366 2382 33 31 of
424 2380 170 41 graduated

188 2427 140 30 taxation

104 2471 17 31 7
147 2469 265 37 Encouragement
441 2464 34 30 of
501 2463 93 30 Local

183 2509 144 37 industry
600 2521 2 25 ;

105 2554 18 29 8
146 2551 89 31 Land
249 2549 49 30 for
314 2547 183 31 settlement.

183 2624 2 2 •
253 2617 3 7 :
256 2622 16 2 —
272 2621 22 3 —
390 2619 4 3 ■
581 2616 1 1 ■
600 2613 2 15 i

193 2671 19 32 A
212 2671 38 32 SUM

54 2720 134 21 jPMished
211 2720 27 23 by
250 2720 98 24 request,
360 2720 16 21 J
379 2720 27 13 or
426 2720 36 13 me
479 2720 79 18 oenejii
569 2720 26 18 oj

152 2766 43 17 our
213 2757 64 25 Vieio
293 2755 56 25 Kill
366 2754 134 29 financiers.

89 2837 24 24 If
141 2836 44 24 the
207 2834 112 25 national
340 2831 58 25 debt
421 2830 27 25 of
468 2837 16 16 a
507 2828 86 32 colony

53 2880 88 27 Siandg
164 2880 25 23 at
209 2875 181 30 £10,000,000,
426 2872 43 26 the
495 2872 34 30 4£
550 2878 44 24 per

57 2927 56 23 cent
124 2925 58 23 loan
200 2924 26 22 at
244 2921 76 23 £110.
355 2917 54 26 The
427 2915 167 27 Government

56 2968 91 24 desires
159 2968 26 22 to
196 2964 100 25 convert
313 2962 43 25 the
373 2961 75 24 above
465 2960 59 24 loan
540 2958 53 24 into

58 3013 66 27 a3£
140 3017 43 24 per
200 3012 57 20 cent
280 3006 58 24 loan
364 3006 26 23 at
417 3011 53 24 par.
516 3002 77 24 What

57 3053 81 28 would
155 3052 31 25 be
204 3051 42 25 the
258 3049 130 25 difference
400 3047 27 24 m
443 3046 104 24 interest
566 3047 26 23 to

54 3100 32 25 be
102 3098 58 32 paid
178 3095 127 30 annually,
324 3092 49 25 and
385 3091 66 27 what
468 3089 82 26 would
564 3090 28 24 be

58 3144 45 25 the
119 3141 130 25 difference
260 3139 27 23 m
298 3137 43 25 the
359 3135 109 25 national
485 3134 58 24 debt
560 3133 32 31 by

58 3187 62 26 such
138 3182 161 27 conversion?

91 3230 54 25 The
172 3227 109 25 nominal
304 3224 72 25 rajue
399 3222 27 26 of
449 3229 15 17 a
482 3223 66 23 bond
569 3220 23 24 is

58 3275 76 23 £100.
169 3272 52 24 The
233 3269 59 25 cash
303 3267 71 25 value
392 3274 44 23 per
454 3265 67 24 bond
531 3264 60 24 here

58 3318 25 23 m
101 3317 41 24 the
159 3321 46 17 one
221 3319 56 19 case
298 3312 22 23 is
343 3310 75 29 £110,
442 3308 49 25 and
501 3308 27 24 m
548 3307 43 25 the

58 3361 73 24 other
147 3359 76 24 £100.

89 3404 54 25 The
153 3401 102 24 amount
266 3398 27 25 of
303 3397 68 25 atotk
383 3396 22 25 is
416 3394 170 30 £10,000,000

59 3456 28 18 or
107 3446 106 29 100,000
230 3441 86 26 bonds.

93 3491 54 25 The
168 3488 104 25 interest
298 3488 24 23 to
355 3484 30 26 be
401 3483 58 33 paid
481 3490 30 17 on
529 3480 61 26 each

58 3535 68 25 bond
142 3534 22 23 is
181 3532 59 29 £ih
277 3557 4 4 ,

93 3587 25 16 .-.
136 3577 53 24 Tlie
209 3572 93 27 annual
319 3572 104 24 interest
438 3568 104 33 payable
559 3576 31 16 on

57 3623 44 25 the
118 3620 58 25 loan
186 3618 82 25 before
286 3613 144 28 conversion
449 3613 22 24 is
489 3612 57 30 JB-iJ
564 3618 25 18 x.

61 3665 108 29 100,000
188 3670 28 17 or
234 3660 137 28 £450,000.

94 3707 106 26 100.000
212 3704 79 26 bonds
308 3710 42 18 are
366 3701 90 25 valued
474 3702 26 22 at
519 3700 80 24 £110.

57 3763 62 26 each
135 3770 26 17 or
173 3757 180 30 £11,000,000.
387 3754 54 26 The
450 3753 60 25 «ash
521 3752 69 25 value

58 3808 27 25 of
100 3805 60 26 each
171 3811 54 18 new
237 3803 65 24 bond
312 3801 22 24 is
346 3800 77 25 £100.

93 3858 26 16 .•.
136 3848 41 25 the
199 3845 102 26 number
324 3843 25 25 of
376 3842 78 25 bonds
475 3840 33 31 by
531 3847 58 17 con-

56 3892 99 26 version
176 3890 21 24 is
227 3888 114 28 100,000,
366 3893 28 17 or
418 3883 171 29 £11,000.000
595 3879 3 5 I

58 3935 77 27 stock.
169 3933 105 25 Interest
287 3929 102 34 payable
406 3936 33 18 on
451 3926 61 26 each
523 3926 67 25 bond

56 3980 23 24 is
96 3980 59 28 £B*.

91 4032 25 16 .-.
145 4020 62 26 total
240 4017 92 26 annual
359 4016 103 24 interest
485 4011 104 35 payable

58 4068 64 25 after
133 4064 145 27 conTersion
279 4064 4 10 ;
289 4062 23 24 is
323 4061 53 29 £S*
397 4067 25 17 x.
443 4058 108 28 100,000
562 4064 28 17 or

55 4109 137 30 £385,000.
234 4105 69 25 Thug
325 4104 33 31 by
378 4102 143 26 conversion
544 4100 44 26 the

55 4154 67 27 Debt
148 4154 45 24 has
217 4147 126 28 increased
370 4147 152 30 £1,000,000
543 4144 45 25 but

54 4199 44 26 the
121 4196 94 26 annual
234 4193 106 25 interest'
362 4191 47 24 has
437 4188 151 25 diminished

55 4243 31 30 by
104 4241 121 27 £65,000.
337 4231 2 7 :
365 4234 4 3 '
397 4230 6 22 ;
432 4231 3 5 '

87 4285 32 23 In
137 4285 32 23 50
186 4289 70 25 years
273 4281 44 23 the
333 4278 87 31 saving
436 4276 27 24 m
483 4275 105 24 interest

54 4328 117 24 amomnts
207 4326 26 23 to
421 4328 26 16 x.
489 4319 32 23 50
561 4325 27 16 or

56 4369 161 30 £3,250,000.
432 4361 82 31 '"■■■.

89 4413 66 23 Thus
181 4411 42 23 the
254 4410 103 29 country
385 4405 109 33 actually
517 4411 70 18 saves

56 4454 153 32 £3,250,000
230 4449 27 27 m
279 4447 102 29 interest
408 4448 33 33 by
467 4449 119 32 payment

52 4500 32 26 ■of
94 4497 133 33 1,000,000
244 4504 14 16 a
277 4493 120 33 principal
416 4500 27 18 or
460 4499 33 19 an
503 4490 83 28 actual

65 4544 75 28 aving
162 4541 24 26 oi
209 4539 160 29 £2,260,000.

1279 69 171 32 OXFORD
1494 70 223 33 OBSERVER
1746 69 239 37 SATURDAY,
2021 64 93 34 MAY
2153 63 49 35 23,
2243 61 77 31 189G

2925 4294 105 25 Printed
3053 4294 52 26 and
3144 4295 140 27 Published
3310 4297 34 31 by
3379 4296 84 25 Lathu

2957 4332 85 25 Akni*
3065 4333 105 31 Pakish,
3194 4336 27 24 at
3244 4334 47 26 her
3321 4334 131 34 Register*

2958 4375 123 36 Printing
3087 4377 87 31 Office,
3197 4378 68 32 High
3292 4379 90 26 Htreei.
3406 4378 51 25 Em

2958 4419 102 28 Oxford,
3070 4421 53 26 Cm)
3125 4422 109 33 terbury.

3012 4471 131 27 Sjltukdat
3166 4465 66 32 Itar.
3261 4472 45 28 2).
3330 4473 65 26 189«

2908 233 169 56 WATGH
3302 230 146 53 CLOCK

2909 324 145 52 Hands
3074 293 165 84 Sr®
3279 324 169 49 filassti

3030 393 297 39 FITTED
3493 404 3 22 (

3168 455 29 16 AT

2928 489 181 39 Parish's
3136 494 103 37 Hast
3262 495 160 47 Oxford.
3458 528 14 10 ,

2910 647 315 51 WERTHEIM

2952 952 204 44 MACHINE
3203 955 203 44 KEEOLES

2924 1042 120 48 Froia
3078 1044 71 54 1/-
3178 1056 72 47 pv
3287 1045 147 48 $#zm.

3000 1776 5 4 '
3171 1779 42 22 AT
3279 1784 2 5 '

2919 1924 186 38 EAST
3152 1929 292 35 OXFORD

2908 2040 161 22 i■■
3201 2051 4 3 ■
3222 2053 4 3 •

3063 2498 249 47 NOTICE.

2917 2598 98 45 Job
3033 2598 232 59 Printing
3277 2601 10 44 !

3090 2668 99 44 Job
3211 2669 241 56 Printing

2961 2730 172 31 OXFOED
3189 2731 224 32 OBSEEVEE

3001 2782 160 40 Machine
3190 2783 181 52 Printing-

3094 2836 169 39 WORKS

2960 2885 89 26 MAIN
3084 2886 143 29 STREET,
3263 2888 148 24 OXFORD.

2912 2985 3 9 :
2975 2963 139 32 .TT^INE
3167 2965 211 46 TpRINTING

2992 3038 36 31 In
3041 3039 73 40 Any
3128 3037 127 42 Variety
3270 3049 35 20 or
3321 3038 97 38 Style*

2921 3090 307 43 MEMORIAL
3276 3088 207 58 CARDS.

2949 3144 12 40 (
2968 3144 32 29 m
3016 3154 68 20 new
3100 3143 60 30 and
3175 3142 106 31 chaste
3296 3142 138 40 designs)

3102 3189 43 41 5/-
3156 3201 61 30 per,
3236 3190 67 30 doz.

3003 3248 175 30 Statement
3195 3247 115 35 Heads,

3003 3284 70 34 Ball
3088 3288 223 38 Programmes.

3006 3329 132 36 Posters,
3154 3328 176 36 Handbills,

3004 3370 169 36 Billheads,
3195 3370 140 39 Cheques
3347 3393 14 14 v
3425 3376 4 4 '
3494 3372 2 24 J

2968 3437 2 3 .
3008 3412 104 30 Letter
3127 3412 60 29 and
3195 3411 81 30 Note
3289 3412 105 29 Heads

3007 3452 166 38 Circulars,
3195 3452 119 36 Menus,

3008 3495 191 40 Catalogues,
3216 3496 54 29 &c.
3283 3494 74 39 ,&c,
3381 3495 55 30 &.c.

2924 3554 88 39 New
3025 3553 177 50 ;Styles:in
3215 3553 163 51 Visiting
3390 3553 69 39 ani

3041 3618 167 40 Business
3224 3617 115 40 Cards.

2926 3679 37 29 R.
2986 3678 43 30 H.
3049 3677 122 36 Parish,
3230 3678 185 40 Proprietor.

3009 3741 65 30 The
3093 3739 179 32 NEWEST
3300 3740 159 32 STYLES
3479 3757 3 3 •

2926 3793 31 29 m
2971 3792 133 31 TYPES
3119 3793 63 29 and
3193 3792 263 32 OENAMENTS

2952 3948 80 43 W.
3061 3948 66 43 H.
3161 3945 273 49 ALFOED

2925 4036 245 40 WATCHMAKER.
3204 4033 175 45 JEWELLER
3404 4029 71 42 &c/

3006 4109 87 26 MAIN
3109 4109 135 27 STREET
3262 4111 138 26 OXFORD

3122 4174 62 19 near
3196 4168 82 27 Bank.

2406 201 422 47 EUCALYPTUS

2404 301 59 21 THE
2479 301 73 21 BEST
2566 301 87 20 HOME
2669 300 139 22 EEMEDIE

2463 340 35 14 are
2512 334 37 20 the
2558 334 135 25 preparation
2702 334 25 21 of
2734 333 36 20 the
2835 337 2 16 :

2349 366 169 25 TAS&ANIAN
2536 370 185 25 EUCALYPTUS
2735 370 47 21 OIL
2796 370 81 21 COUP:

2343 404 1 3 '
2377 409 135 25 Universailj
2522 408 103 21 admitted
2634 408 35 21 the
2678 409 78 24 BEST,
2766 405 115 34 JfCRESi

2349 446 43 20 arid
2401 448 62 17 most-
2467 445 94 21 effective
2571 445 134 26 Eucalyptus
2709 443 121 24 \Grlbbulus
2846 445 35 21 Oil

2349 477 33 20 for
2402 476 169 26 INFLUENZA,
2593 476 91 26 Coughs,
2703 475 69 22 Colds-
2791 471 50 27 and'
2851 478 30 20 all

2349 508 65 21 Chest
2430 508 43 21 and
2481 509 63 25 Lung
2559 508 113 22 affections
2686 509 76 27 speedy
2770 509 60 21 relief
2839 509 42 21 and

2349 541 55 21 Cure
2422 541 34 21 for
2470 541 157 24 Rheumatism,
2647 542 121 25 Neuralgia,
2783 542 98 26 Sprains-

2349 568 71 21 Bbrns
2440 569 34 20 &c.

2376 600 131 26 Eucalyptus
2526 602 103 19 Globulus
2646 602 92 21 Extract
2747 602 89 26 sprayed
2850 602 32 20 in-

2349 632 62 21 haled
2427 633 43 20 and
2484 633 65 21 taken
2558 633 116 26 internally
2691 635 33 19 for
2739 634 36 20 the
2792 634 87 25 Throat,

2349 669 97 27 Catarrh,
2463 669 58 27 Hay,
2545 669 98 27 Typhoid
2658 671 44 20 and
2716 671 81 21 Scarlet
2806 671 76 22 Fevers

2350 703 129 20 MEASLES
2489 703 37 20 the
2531 706 55 17 most
2596 704 135 25 satisfactory
2740 706 142 23 preventative

2350 733 42 20 and
2407 734 60 21 Cure.
2495 734 62 21 Send-
2564 734 51 21 Post
2630 735 55 20 Card
2695 737 22 18 to
2727 736 36 20 the
2773 736 63 20 Office
2848 737 34 19 for

2350 764 95 22 Circular
2458 766 119 26 describing
2596 767 121 21 treatment.
2743 768 139 27 Eucalyptus,

2350 798 110 22 Ointment
2470 801 36 20 the
2516 801 69 25 Magio
2594 802 78 19 Healer
2686 802 22 19 of
2723 803 69 23 Sores,
2804 803 78 23 Burns,

2350 830 103 26 Wounds,
2468 832 59 21 Boils
2545 834 45 23 &c,
2612 833 133 26 Eucalyptus
2764 834 58 26 Soap
2836 834 42 20 Fra

2350 864 62 23 grant
2422 864 42 21 and
2473 865 123 25 refreshing.
2620 866 132 25 Eucalyptus
2761 866 89 26 Jujubes
2859 873 24 14 or

2350 894 101 21 Pastilles
2460 896 33 19 for
2502 896 37 20 the
2564 897 80 21 Throat
2653 897 43 20 and
2705 897 63 21 Voice
2785 904 28 14 an
2827 898 55 20 anti-

2352 926 66 26 septic
2428 927 42 21 and
2480 928 119 22 stimulant.

2351 960 125 26 Veterinary
2491 962 36 21 Oil
2536 963 43 20 and
2589 963 110 21 Ointment
2708 964 33 20 for
2751 963 37 21 the
2797 963 85 22 stables.

2378 995 30 19 Be
2417 1000 48 15 sure
2474 1002 43 19 you
2526 997 108 20 Purchase
2648 997 38 20 the
2696 997 104 26 Platypus
2807 997 77 20 -brand

2351 1026 50 25 only
2411 1027 22 18 of
2440 1028 29 18 all
2477 1028 113 25 Chemists,
2595 1029 88 20 Grocers
2689 1029 43 20 and
2739 1029 145 26 Storekeepers

2352 1057 42 20 and
2408 1059 23 18 at
2444 1058 36 20 the
2491 1059 63 20 Office
2563 1061 13 19 9
2585 1058 114 22 Cathedral
2708 1066 75 18 square
2792 1061 92 20 between

2351 1088 100 21 Morten's
2465 1090 111 27 Buildings
2585 1092 41 19 and
2637 1091 37 21 the
2682 1092 51 20 Post
2743 1091 70 22 Office.

2516 1125 87 21 Oxford
2613 1126 78 27 Agent

2399 1160 33 28 JR.
2442 1160 30 21 H.
2486 1162 118 26 PARISH,
2627 1164 83 20 EAST.
2716 1164 119 21 OXFORD

2375 1214 12 10 
2432 1199 140 28 Eucalyptus
2582 1201 37 21 Oil
2632 1201 31 27 1/-
2676 1209 43 19 per.
2725 1202 77 21 bottle.
2818 1201 7 4 *

2376 1355 56 26 IIP
2438 1356 53 25 118
2605 1357 85 24 main?
2715 1358 133 23 wpaw

2376 1367 115 30 sihhr
2507 1367 82 31 kail
2610 1367 80 32 Isih
2718 1367 144 33 WisiUL

2553 1464 70 23 AND
2641 1464 243 30 DEBILITATED,

2356 1489 31 30 ll
2413 1496 63 28 who,
2488 1496 109 31 through
2608 1496 61 31 folly
2686 1498 49 24 and
2746 1499 138 30 ignorance,

2355 1527 63 26 have
2430 1528 79 25 trifled
2521 1537 68 23 away
2601 1530 62 25 their
2673 1530 85 32 vigour
2778 1531 26 25 of
2813 1531 71 32 bddy,

2356 1562 77 28 mind,
2446 1562 50 24 and
2507 1562 133 30 manhood,
2653 1564 99 31 causing
2770 1565 114 25 exhaust-

2355 1595 44 31 ing
2416 1595 82 24 drains
2510 1604 66 22 upon
2588 1597 43 23 the
2653 1597 126 25 fountains
2800 1599 25 23 of
2836 1598 48 30 life,

2356 1628 64 24 Loss
2427 1628 26 23 of
2462 1628 100 32 Energy
2571 1629 49 23 and
2630 1630 125 31 Strength,
2768 1631 118 32 Timidity

2357 1661 163 25 Bashfulnesa
2553 1662 27 23 m
2616 1662 105 33 Society,
2744 1664 141 30 Headache,

2357 1694 133 30 Backache,
2510 1694 177 31 Nervousness,
2710 1697 135 25 Weakness
2863 1698 27 25 of

2359 1727 118 32 Memory,
2489 1727 110 25 Restless
2609 1729 80 31 Sleep,
2700 1730 114 29 Dreams,
2823 1731 65 24 Loss

2358 1760 75 25 Flesh
2445 1760 50 25 and
2506 1760 69 26 Vital
2593 1762 91 29 Power,
2707 1763 137 32 Eruptions
2855 1772 32 16 on

2358 1793 43 25 the
2409 1793 63 25 Face
2484 1794 49 25 and
2543 1795 79 32 Body,
2636 1795 74 26 Want
2733 1797 27 24 of
2769 1797 118 33 Develop-

2357 1830 78 26 ment,
2456 1827 115 25 Varicose
2587 1828 82 30 Veins,
2692 1830 141 31 Incapacity
2851 1831 37 25 for

2358 1859 111 25 business
2481 1869 28 15 or
2518 1861 119 30 pleasure,
2651 1862 105 31 Urinary
2763 1863 123 30 Diseases,

2359 1892 49 24 and
2426 1892 34 24 all
2482 1893 44 24 the
2548 1893 83 25 effects
2653 1894 99 32 leading
2773 1898 25 22 to
2821 1896 77 31 early',

2359 1924 83 32 decay,
2465 1925 105 32 perhaps
2796 1937 28 16 or
2846 1929 42 24 In-

2359 1959 90 29 sanity,
2462 1966 46 17 can
2531 1959 30 24 be
2572 1960 114 25 obtained
2697 1960 31 32 by
2749 1962 141 32 consulting

2358 1992 138 31 personally
2514 2000 28 18 or
2549 1992 31 32 by
2592 1995 61 27 Dost,
2689 1995 91 25 FEEE
2790 1996 97 24 PBOF.

2359 2025 176 35 NQT^IANN,
2565 2019 78 36 M~E.,
2652 2027 112 30 E.M.G.,
2792 2046 3 2 .
2816 2029 72 24 Gam-

2359 2058 84 31 bridge
2456 2058 108 30 Terrace,
2589 2060 109 31 opposite
2721 2061 117 25 Colombo
2850 2062 38 25 St.

2360 2091 98 32 Bridge,
2488 2092 186 27 ChristchurclK
2736 2094 53 26 The
2831 2096 58 30 only

2359 2124 225 26 Electrobot»nieal
2611 2127 96 31 Expert
2740 2128 158 32 advertising,

2359 2157 54 24 who
2425 2157 50 25 will
2486 2160 135 29 guarantee
2638 2168 15 16 a
2670 2160 124 33 thorough
2822 2169 66 18 cure.

2361 2190 57 25 Sole
2433 2192 134 30 proprietor
2595 2192 49 24 and
2660 2195 114 29 patentee
2803 2195 27 24 of
2847 2195 43 24 the

2360 2223 58 31 only
2429 2244 3 3 .
2440 2225 149 30 guarwtteed
2610 2225 109 26 Electric
2740 2227 71 25 Belts
2841 2228 49 24 and

2361 2256 70 24 other
2442 2256 89 31 special
2554 2258 123 25 electrical
2700 2260 141 30 appliances
2863 2261 27 23 m

2359 2288 42 24 the
2410 2289 113 25 colonie*.
2558 2289 98 26 Ladies'
2668 2291 95 24 French
2775 2293 113 24 herbace-

2360 2329 42 16 ous
2413 2321 58 31 pills
2491 2322 38 25 for
2556 2322 175 32 irregularities
2753 2325 63 25 from
2840 2333 50 24 any

2359 2361 80 23 cause,
2465 2355 43 25 10s
2529 2355 94 30 posted.
2657 2356 144 33 Pamphlets
2829 2359 59 24 free.

2360 2388 168 25 Testimonial:
2531 2404 32 3 —
2564 2389 97 31 Napier,
2671 2390 96 32 August
2775 2392 45 25 7th
2826 2394 62 22 1895

2359 2420 66 24 Prof.
2435 2420 131 26 Notmann.
2568 2437 33 4 —
2601 2423 67 24 Dear
2677 2423 47 30 Sir,
2728 2439 31 3 —
2760 2425 14 24 I
2782 2425 108 25 received

2359 2461 59 23 your
2425 2454 73 25 letter
2506 2456 48 23 last
2566 2456 75 28 week,
2659 2457 50 24 and
2719 2457 15 24 I
2750 2465 41 16 am
2800 2458 88 24 thank-

2359 2486 37 24 ful
2418 2489 26 23 to
2466 2486 53 26 find
2541 2496 49 23 you
2601 2496 41 18 are
2653 2489 103 25 anxious
2774 2493 25 22 to
2820 2491 69 24 know

2360 2519 42 24 the
2414 2519 105 26 benefits
2536 2521 13 24 I
2560 2521 63 25 have
2635 2522 98 25 derived
2751 2523 62 24 from
2829 2532 61 24 your

2360 2554 140 24 treatment,
2536 2554 48 29 bir,
2611 2555 21 25 it
2660 2555 67 32 gives
2754 2564 40 17 me
2822 2559 68 29 great

2359 2585 113 31 pleasure
2484 2588 26 23 to
2520 2587 91 25 inform
2622 2596 49 24 you
2679 2588 56 27 that
2743 2597 16 16 a
2770 2591 120 30 complete

2360 2619 49 25 and
2420 2620 92 31 perfect
2524 2628 57 18 cure
2591 2621 46 25 has
2656 2621 62 26 been
2740 2623 102 25 effected
2865 2625 26 23 of

2360 2652 42 24 the
2413 2653 116 25 maladies
2541 2654 14 23 I
2572 2656 156 30 complained
2747 2656 26 25 of
2784 2658 26 23 to
2832 2665 56 23 you.

2360 2685 13 23 I
2384 2693 41 16 am
2437 2686 114 31 enjoying
2561 2688 63 29 good
2641 2688 91 29 health,
2745 2690 49 23 and
2804 2697 42 17 am
2854 2698 36 16 re-

2360 2717 82 25 stored
2461 2720 26 22 to
2507 2719 85 32 manly
2613 2721 94 31 vigour.
2742 2721 58 25 P.S.
2802 2736 32 4 —
2836 2722 54 31 Any

2360 2750 102 25 sufferer
2469 2751 111 27 desirous
2587 2753 27 25 of
2618 2755 208 32 communicating
2830 2755 60 25 with

2359 2791 41 17 me
2408 2792 48 23 you
2469 2792 41 17 are
2522 2787 26 24 at
2564 2786 89 33 liberty
2675 2789 26 24 to
2721 2788 54 31 give
2795 2797 42 23 my
2848 2788 42 25 ad-

2360 2818 75 28 dress,
2448 2818 36 24 for
2495 2818 14 24 I
2525 2819 53 28 like,
2584 2828 60 23 your
2660 2822 117 29 practical
2789 2822 102 25 method

2360 2850 25 24 of
2396 2853 141 22 treatment.
2540 2867 31 3 —
2573 2853 28 23 T.
2616 2853 28 24 C.
2658 2855 115 24 Simpson.

2437 2983 362 45 IMPOETANT

2359 3093 83 30 ALL
2472 3093 120 31 WOOL
2615 3093 169 31 ROSLYN
2805 3093 86 30 AND

2395 3168 294 35 WELLINGTON
2712 3168 151 31 TWEED
2899 3170 2 36 :;

2506 3237 254 40 SXJITS

2402 3304 67 40 35/-
2487 3304 85 32 Suits
2587 3305 144 30 Reduced
2740 3308 34 27 to
2797 3304 67 40 25/-

2401 3366 69 41 --4-
2512 3390 20 15 „
2617 3390 19 13 „
2721 3390 18 13 „
2781 3366 92 40 -35/-

2402 3415 147 31 Trousers
2564 3416 61 28 and
2640 3415 74 30 Vest
2778 3413 75 41 13/6

2595 3476 51 22 AT
2681 3479 21 16 /
2750 3483 25 21 /-
2827 3497 2 2 .

2385 3529 198 32 PARISH'S
2609 3530 89 30 East
2722 3530 143 30 Oxford.

2361 3667 175 32 OXFORD
2579 3667 188 31 LIBRARY
2808 3667 89 32 AND

2453 3717 197 33 READING
2670 3719 132 31 ROOM.

2355 3826 58 25 .The
2441 3826 94 25 Oxford
2561 3827 106 32 Library
2693 3827 23 24 is
2743 3834 62 24 open
2827 3834 70 24 every

2359 3869 114 33 Tuesday
2483 3871 51 24 and
2555 3869 122 33 Saturday
2707 3869 96 33 nights,
2831 3869 66 26 from

2359 3914 59 25 680
2430 3921 69 25 p.m.,
2521 3916 26 23 to
2568 3915 15 24 8
2594 3921 71 25 p.m.,
2689 3913 51 26 and
2770 3921 33 18 on
2825 3921 72 24 every

2358 3957 121 25 alternate
2489 3958 133 32 Thursday
2646 3958 138 28 afternoon,
2799 3984 3 4 ,
2815 3957 80 32 (Sale-

2357 3999 72 35 days)
2451 4000 65 26 fr«m
2528 4001 62 26 280
2600 4008 66 26 p.m..
2682 4002 27 24 to
2720 4002 15 24 5
2747 4008 59 24 p.m.
2843 4000 53 26 The

2549 4052 25 22 L.
2591 4052 126 31 REEVES,

2639 4090 69 26 Hon.
2719 4090 142 26 Librarian.

2349 4159 3 8 ,
2409 4133 177 27 SußMuraox
2598 4135 38 33 2/-
2647 4144 51 16 per
2715 4135 129 31 Quastu.

2419 4243 215 43 HOLLAND
2669 4243 156 49 FINISH

2538 4306 156 57 G^LIOP

2469 4366 66 34 3d.
2569 4378 74 30 pep
2663 4371 122 39 yard/

2613 4445 34 28 at

2469 4491 38 32 B.
2525 4492 42 33 H.
2589 4493 198 35 PARISH'S

1305 213 117 88 B.
1488 213 132 88 H.
1679 205 508 99 PARISH

1450 352 196 59 EAST
1694 352 323 61 OXFORD

1260 498 106 33 was
1387 485 88 45 the
1497 486 194 56 largest
1710 487 277 55 purchase*
2006 484 55 45 m
2080 480 168 48 North

1521 559 318 57 Canterbury
1870 561 56 43 of

1175 772 292 46 Wholesale
1491 773 144 44 stock
1657 773 56 44 of
1733 773 240 56 Drapery,
2001 770 237 55 securing
2270 768 53 43 at

1177 858 270 31 enormous
1462 843 319 45 concessions
1798 843 130 43 from
1944 841 183 45 landed
2143 842 110 43 cost
2268 841 56 43 m

1232 931 139 35 some
1394 923 56 43 of
1463 923 89 44 the
1567 924 136 43 most
1721 923 282 53 important
2025 921 232 51 sections,
2316 959 6 7 .

1529 999 280 57 consisting
1841 1000 110 43 of—

1182 1072 499 89 Costumes
1750 1075 302 86 worth
2128 1072 190 88 40s.

1486 1210 155 87 for
1724 1212 111 84 5s
1898 1210 126 87 6d

1218 1491 150 87 for
1408 1491 113 86 8s
1563 1490 127 88 9d
1765 1493 306 87 worth
2113 1494 164 90 20s

1488 1765 214 87 half
1736 1767 281 108 price.

1361 1932 336 48 ENORMOUS
1758 1933 386 51 REDUCTIONS

1302 2147 450 86 Reduced
1796 2152 102 82 to
1953 2151 100 85 Is
2099 2152 160 86 6d.

1544 2278 38 29 36
1604 2280 33 26 to
1658 2277 40 29 45
1710 2276 104 31 inches
1835 2279 86 40 deep.

1224 2355 426 88 Buttons
1674 2358 119 86 Id
1846 2388 172 81 per
2058 2365 234 85 card

1413 2480 402 17 »♦♦♦♦♦♦♦♦♦♦♦♦♦♦♦♦♦♦♦♦♦♦♦♦♦♦♦♦
1820 2483 167 16 »♦♦♦»♦♦»»♦»»

1182 2540 81 35 npHE
1281 2538 115 32 question
1406 2537 23 24 is
1439 2535 133 25 natural—
1596 2535 68 31 Why
1674 2535 61 25 send
1749 2537 27 23 to
1787 2535 177 26 Christchurch
1983 2537 38 24 for
2038 2546 62 23 your
2117 2539 129 33 Drapery?
2280 2542 52 25 The

1188 2572 21 26 1
1246 2573 103 30 drapery
1361 2570 53 26 sold
1422 2570 26 24 m
1457 2569 56 25 that
1524 2568 50 32 city
1586 2576 71 24 every
1669 2576 46 17 one
1726 2568 94 30 knows,
1832 2568 23 25 is
1866 2570 45 24 not
1921 2570 72 25 made
2004 2570 75 30 there,
2098 2570 46 27 but
2154 2572 129 33 imported.
2318 2576 14 24 I

1183 2608 93 30 import
1287 2607 65 23 from
1363 2604 43 25 the
1418 2603 52 24 best
1482 2601 107 32 English
1600 2601 50 25 and
1667 2601 87 25 Scotch
1766 2601 99 25 houses.
1911 2603 71 24 lam
1994 2603 103 26 enabled
2107 2607 27 23 to
2144 2607 123 30 purchase
2284 2608 48 26 low

1183 2641 51 25 and
1243 2640 45 26 sell
1300 2641 26 23 at
1335 2647 15 16 a
1361 2640 54 22 rate
1426 2636 26 25 of
1460 2634 75 33 profit
1547 2635 53 33 (my
1611 2643 120 23 expences
1742 2634 71 33 being
1824 2635 82 33 small)
1918 2636 57 25 that
1985 2637 82 25 would
2078 2638 30 26 be
2126 2640 144 26 considered
2290 2643 41 24 ab-

1183 2674 59 25 surd
1253 2673 33 30 by
1300 2680 49 22 any
1369 2669 178 26 Christchurch
1570 2668 198 24 establishment.
1820 2669 44 31 My
1885 2669 76 25 Stock
1979 2670 21 24 is
2019 2670 43 24 the
2081 2671 94 31 largest
2192 2674 51 24 and
2265 2678 67 22 most

1182 2706 95 26 tvaried
1287 2705 56 25 that
1353 2704 45 23 has
1410 2710 56 17 ever
1476 2702 62 23 been
1549 2701 87 23 shown
1646 2701 28 23 m
1684 2701 44 24 the
1739 2701 102 29 district,
1855 2701 50 24 and
1915 2702 38 24 for
1963 2702 92 32 quality
2074 2704 49 24 and
2142 2705 71 25 value
2230 2709 59 28 puts
2305 2709 27 23 m

1183 2742 31 23 he
1226 2739 77 26 shade
1319 2737 77 33 goods
1408 2734 90 26 offered
1509 2734 33 32 by
1553 2734 102 31 visiting
1667 2734 116 24 hawkere
1794 2735 63 23 from
1868 2734 44 25 the
1928 2735 181 26 Christchurch
2120 2746 46 24 rag
2177 2741 87 23 marts.

1216 2793 94 26 Dress
1321 2790 165 31 Materials,
1498 2788 87 26 Plain
1596 2788 61 25 and
1666 2787 104 32 Fancy
1780 2788 80 25 from
1872 2788 50 25 3d.
1935 2794 54 25 per
1997 2789 83 31 yard.

1216 2853 27 25 A
1260 2852 110 28 Strong
1385 2850 87 25 Stout
1488 2848 132 25 Durable
1637 2847 126 31 Kaiapoi
1779 2847 112 24 Tweed
1907 2847 51 32 2/6
1970 2854 54 24 per
2035 2849 75 29 yard

1809 2890 107 25 Makes
1928 2891 153 25 first-class
2098 2891 90 32 Boys'
2206 2890 91 29 Suits.

1216 2947 57 24 Art
1290 2944 139 28 Muslins,
1448 2941 155 31 Cretones,
1621 2941 79 24 Lace
1719 2940 138 25 Curtains
1875 2939 53 25 &c.

1216 3020 26 25 A
1259 3012 109 26 Choice
1386 3010 166 26 Collection
1570 3010 33 25 of
1617 3009 120 31 Gloves,
1764 3008 77 32 Ties,
1869 3008 129 32 Aprons,
2027 3008 164 27 Insertions
2210 3011 54 25 &c.

1216 3064 120 31 Striped
1353 3061 124 27 Galatea
1493 3060 54 34 4/6
1559 3066 54 26 per
1624 3060 106 32 dozen,
1759 3059 102 26 worth
1872 3059 49 26 9d.
1938 3066 55 24 per
2009 3059 84 31 yard.

1216 3125 103 25 Prints
1331 3124 79 24 from
1422 3123 52 23 4d.
1486 3127 54 26 per
1550 3122 84 30 yard.
1647 3120 139 31 Muslins,
1799 3119 137 31 Selesias,
1949 3118 125 33 Calicos,
2088 3118 54 27 &c.

1792 3163 93 31 ,With
1900 3163 87 24 other
2004 3163 191 26 Manchester
2212 3166 85 30 lines.

1216 3221 88 31 Hats,
1322 3220 103 30 Fancy
1443 3218 59 24 and
1518 3217 106 31 Sailor,
1642 3218 32 23 m
1690 3216 103 26 White
1810 3216 60 24 and
1886 3214 115 26 Colors.

1756 3259 124 26 Newest
1896 3258 122 32 Shapes.
2053 3258 96 31 Large
2166 3260 131 34 Variety,

1215 3315 149 30 Flowers,
1381 3313 154 30 Feathers,
1553 3310 147 31 Ribbons,
1719 3309 105 32 Laces,
1842 3308 75 32 Jets,
1936 3308 55 26 &c.

1684 3350 87 26 With
1786 3351 42 24 all
1844 3349 182 25 necessaries
2043 3348 48 24 for
2107 3348 190 33 Trimmings.

1215 3403 103 30 Fancy
1334 3402 139 29 Frillings
1492 3401 77 30 3yds
1580 3400 46 24 for
1636 3399 36 33 1/-
1689 3399 102 25 worth
1801 3398 50 31 9d,
1869 3402 55 26 per
1934 3398 83 30 yard,

1747 3441 181 31 Umbrellas,
1946 3440 151 32 Parasols,
2115 3440 182 35 Sunshades,

1500 3526 241 46 DOUBLE
1801 3523 212 46 WIDTH

1186 3611 292 86 Dress
1554 3603 394 91 Tweeds
2029 3605 102 85 Is
2198 3606 130 86 4d

1483 3741 329 97 wprth
1882 3741 135 86 2s.

1263 3873 134 89 Go
1450 3874 271 83 tume
1778 3865 288 88 Cloth
2146 3869 125 86 Is.

1415 3991 316 93 worth
1783 3993 102 84 Is
1943 3991 154 89 4d.

1180 4219 133 42 English
1327 4221 127 39 Witney
1462 4216 148 31 Blankets
1624 4218 34 27 to
1674 4214 38 31 be
1724 4212 70 33 sold
1807 4216 33 28 at
1849 4212 60 32 less
1916 4212 78 30 than
2008 4211 180 33 Melbourne
2201 4212 129 33 Whole-

1181 4272 63 30 sale
1267 4272 85 40 price
1393 4269 122 33 Double
1529 4265 70 33 Bed
1614 4263 76 36 Size.
1704 4265 66 31 12s.
1796 4263 50 31 fid.
1896 4264 103 32 worth
2013 4264 67 32 16s.
2117 4264 51 30 6d.
2188 4274 57 31 per
2258 4265 71 41 pair

1345 4312 131 41 cheaper
1487 4310 77 30 than
1580 4305 224 33 Christchurch
1817 4306 113 30 houses
1943 4305 66 31 will
2022 4306 59 30 sell
2093 4305 96 31 them.

1220 4420 73 33 R.
1319 4420 78 34 EC.
1434 4415 312 43 PARISH,
1804 4415 154 33 East
2006 4414 260 35 Oxford.

615 500 248 48 JOSEPH
907 500 238 47 LOUGH.

758 578 244 25 UNDERTAKER.

726 622 109 30 EAST
860 621 183 32 OXFORD.

649 673 101 32 Having
757 672 52 33 just
818 673 123 32 imported
949 672 63 26 from
1019 671 126 33 England,

615 724 55 17 new
691 716 117 31 Designs,
843 724 53 17 new
925 716 150 32 Trimmings
1098 714 48 24 and

616 759 87 30 Robes,
715 759 22 24 is
745 750 127 40 prepare^?
874 761 26 22 to
910 759 106 24 conduct
1025 757 122 26 Funerals

616 800 96 29 Adults,
731 803 26 20 at
769 800 47 24 £5.
830 798 49 27 arid
890 799 123 31 upwards,
1036 797 112 33 polished

616 843 80 29 coffin,
721 844 47 24 and
799 842 192 27 silvennounted
1014 842 135 24 Furniture

617 887 75 24 From
705 886 46 24 £8.
770 886 130 31 according
911 888 26 22 to
959 885 115 31 Designs.
1109 884 39 24 No

617 933 69 22 extra
698 930 87 32 charge
796 930 38 25 for
846 930 96 24 Hearse
964 936 28 18 or
1011 935 64 26 open
1090 927 57 25 Car-

616 974 74 32 riage.

649 1017 32 24 N.
710 1016 30 25 B.
771 1016 91 26 Coffins
885 1016 58 31 kept
965 1017 27 23 m
1021 1014 69 26 stock
1112 1014 37 24 for

618 1062 86 29 urgent
724 1067 76 16 cases.

721 1259 211 29 Established
957 1257 78 29 1862

666 1324 122 29 FLOUR,
801 1324 55 25 best
867 1323 80 25 brand
957 1322 59 32 only
1027 1321 67 31 kept.

619 1368 142 29 SHARPS,
797 1366 204 29 OATMEAL,
1036 1364 109 25 BRAN

693 1431 2 9 ;
707 1411 152 26 CHICKEN
862 1410 135 27 WHEAT,
1016 1410 41 24 &c.

643 1456 40 18 AT
711 1454 122 20 LOWEST
861 1452 140 21 CURRENT
1029 1450 103 24 RATES,
1157 1464 2 5 ,

705 1564 54 44 F.
791 1560 258 55 B.LANE.

722 1638 91 40 (Late
827 1637 52 30 E.-
886 1635 158 39 Butcher.)

620 1698 249 34 Watchmaker,
898 1696 182 34 Jeweller-,
1097 1694 52 31 &c.

620 1750 122 31 Importer
775 1749 27 23 of
841 1746 107 25 Musical
982 1745 170 24 Instruments

718 1786 110 26 Victoria
849 1785 38 26 St.
918 1784 133 31 Rangiora.

621 1867 98 30 Special
731 1866 70 23 value
823 1864 28 23 m
874 1864 80 22 Extra
976 1864 86 28 strong
1073 1860 79 25 Cased

620 1909 87 32 highly
715 1907 108 25 finished
836 1905 109 32 English
962 1904 80 24 Lever
1050 1902 102 25 Watch-

621 1961 34 19 es,
701 1949 189 28 Manufactured
907 1950 26 23 to
955 1956 43 23 my
1027 1947 71 25 order
1119 1945 33 32 by

621 1994 54 24 best
687 1992 103 25 London
809 1989 106 25 makers.
950 1986 157 33 Unequalled
1114 1986 38 24 for

622 2036 121 26 excellent
755 2033 178 31 Timekeeping
948 2031 50 24 and
1009 2029 142 32 durability.

654 2080 29 24 F.
701 2079 31 25 B.
745 2077 94 25 LANE
852 2074 139 34 personally
1013 2074 71 25 visits
1104 2073 48 25 Ox-

622 2124 53 25 ford
695 2121 123 32 monthly,
842 2120 114 31 carrying
976 2127 15 16 a
1013 2118 68 31 large
1104 2118 50 24 and

622 2166 83 26 choice
740 2165 69 25 stock
837 2163 27 26 of
895 2161 127 29 Watches,
1051 2161 101 28 Chains,

622 2210 132 27 Brooches,
764 2208 87 31 Rings,
863 2206 84 28 Studs,
966 2205 128 25 Pendants
1105 2206 47 27 etc,

624 2253 140 31 Spectacles
785 2250 122 32 (Pebbles,
925 2249 167 29 Pantoscopsc
1104 2248 50 23 and

623 2295 108 31 Crystal)
743 2293 96 28 Clocks,
858 2292 107 33 (Marble
985 2290 50 25 and
1053 2290 100 31 Wood,)

721 2336 155 25 Aceordeons
888 2335 50 24 and
949 2334 106 24 Violins.

656 2383 80 24 Exact
748 2381 56 24 date
816 2380 27 25 of
853 2379 61 25 each
926 2378 59 25 visit
1007 2377 22 25 is
1041 2376 105 25 notified

769 2425 28 23 m
1079 2432 3 19 ;

623 2470 113 24 Repaibs.
738 2483 31 3 —
771 2467 42 25 All
823 2474 94 23 repairs
935 2473 41 17 are
993 2464 119 24 executed
1122 2463 31 31 by

621 2513 91 31 myself
733 2520 28 17 or
777 2511 79 24 under
872 2518 43 22 aay
935 2507 220 33 superintendence

623 2565 26 17 so
671 2557 56 24 that
746 2557 102 30 patrons
860 2561 46 18 can
928 2554 52 33 rely
1003 2560 33 17 on
1058 2551 98 32 getting

623 2600 153 25 satisfaction
785 2600 26 23 at
823 2598 43 25 the
877 2605 59 23 very
947 2596 85 25 lowest
1042 2596 111 30 charges.

655 2645 104 31 Repairs
770 2651 27 16 or
806 2643 71 24 order
879 2650 11 16 3
899 2649 58 24 may
968 2640 30 24 be
1006 2640 45 25 left
1063 2641 25 23 at
1089 2654 34 3 —

622 2693 26 23 J.
666 2691 133 29 Weeber's,
834 2690 64 24 East
922 2688 100 25 Oxford,

622 2738 26 22 at
670 2735 40 25 W.
735 2735 34 23 M.
794 2734 38 27 C.,
855 2733 65 24 East
944 2731 100 25 Oxiord.

622 2780 24 24 J.
663 2779 99 29 Brown,
775 2776 160 30 Bootmaker,
959 2775 70 25 West
1054 2773 99 26 Oxford.

622 2824 39 24 W.
675 2824 24 24 J.
713 2822 117 25 Crothers
840 2822 18 23 &
872 2821 43 24 Co.
924 2838 5 6 .
952 2819 69 26 Cust.

655 2866 49 24 and
720 2866 52 24 -will
778 2865 30 24 be
820 2863 125 32 promptly
957 2862 118 25 attended
1085 2864 36 22 to.

616 2911 61 30 'All
688 2909 99 32 Work
798 2909 77 30 done
888 2918 39 20 on
940 2908 54 29 the
1006 2906 150 30 Premises

745 2961 61 29 and
822 2958 197 41 guaranteed.

625 3063 88 39 MR
735 3061 64 42 W.
825 3060 50 41 N.
900 3055 255 47 CATHRO,

664 3133 180 23 BARRISTER
859 3132 67 21 AND
943 3129 173 23 SOLICITOR.

773 3173 231 33 KANGIORA.

620 3230 132 30 Attends
768 3228 121 31 Oxford
903 3237 39 19 on
954 3226 97 30 Court
1058 3224 96 40 Days.

619 3301 167 27 Instructions
794 3301 33 32 by
838 3301 57 31 post
905 3299 52 24 will
968 3297 93 25 receive
1072 3304 82 24 prom-

783 3341 29 31 pt
840 3337 131 26 attention.

741 3388 107 22 MONEY
875 3387 38 20 TO
941 3386 88 21 LEND.

669 3474 45 55 S.
747 3473 49 45 B.
820 3468 304 54 SETMOUK,
1143 3482 6 7 •

818 3538 139 27 DENTIST,
983 3533 12 11 '■

660 3586 41 23 215
715 3583 105 22 Colombo
835 3582 82 23 Street,
940 3577 168 24 Christchurch.

623 3666 8 13 ;.
788 3655 178 23 CHARGES:—

688 3701 92 24 Filling,
795 3699 23 19 5s
827 3706 7 16 ;
868 3696 133 21 Extraction
1010 3696 26 19 2s
1049 3694 37 21 6d.
1095 3706 7 17 ;

646 3767 96 21 Nitrous
752 3763 60 21 Oxid
821 3762 46 21 Gas
877 3758 169 24 Administered
1050 3758 37 21 for
1094 3758 60 20 Pain

618 3810 45 21 less
674 3805 133 23 Extraction
816 3804 24 20 of
849 3802 80 21 Teeth.
962 3802 45 20 Fee
1016 3801 37 20 for
1061 3800 93 21 Admin-

618 3846 110 22 istration
738 3844 31 19 ss.

675 3918 107 28 CHILD
794 3915 108 27 BIRTH
915 3914 94 30 SAFE,
1022 3912 74 25 AND

725 3959 137 28 ALMOST
871 3957 171 26 PAINLESS
1064 3954 4 4 '

625 4005 84 27 nY
755 4004 75 31 using
864 4000 48 26 DR
957 3997 195 27 FAWCETT'S

619 4042 65 33 JJ
720 4037 131 27 Medicine.

651 4084 71 27 MRS
744 4077 166 31 BURBELL
932 4076 60 32 begs
1014 4078 26 23 to
1062 4075 90 26 inform

618 4125 42 25 the
672 4122 91 26 Ladies
775 4120 57 25 that
840 4117 44 26 she
893 4116 47 24 has
949 4115 62 24 been
1020 4113 130 32 appointed

617 4165 62 26 Sole,
694 4163 74 31 agent
789 4160 28 25 m
841 4153 177 30 Christchurch
1045 4153 37 25 for
1109 4153 43 25 the

616 4204 77 24 above
704 4198 125 27 Medicine
840 4198 27 23 to
882 4192 117 29 facilitate
1013 4190 138 25 Accouche-

617 4244 86 23 raents.
738 4238 90 27 Ladies
840 4242 48 19 can
909 4233 31 25 be
960 4228 114 35 supplied
1092 4230 60 24 with

615 4283 42 23 the
679 4280 76 25 above
776 4276 34 32 by
834 4272 106 31 sending
961 4277 29 18 or
1011 4266 93 32 calling
1126 4269 26 23 at

616 4320 40 25 Mr
677 4317 122 27 Burrell's
822 4309 184 34 Photographic
1026 4306 71 34 place
1127 4307 28 24 of

615 4360 122 26 business,
750 4355 106 28 Gould's
878 4350 142 32 Buildings,
1038 4345 114 28 Victoria

617 4399 88 29 Street,
717 4392 183 30 Christchurch,
919 4388 83 27 where
1020 4385 35 27 all
1074 4385 77 25 infor-

615 4438 96 26 mation
738 4443 46 18 can
811 4434 31 26 be
870 4427 118 31 obtained
1014 4426 58 29 free,
1101 4423 51 26 and

614 4475 116 35 perfectly
773 4471 156 30 satisfactory
960 4465 51 28 and
1044 4463 107 35 genuine

615 4513 164 30 testimonials
790 4519 48 18 can
849 4510 32 26 be
890 4514 69 20 seen.
