3520 4610
2921 733 77 19 The
3024 733 155 19 Oxford
3205 733 232 19 Obserber.

2921 752 274 54 PUBLISHED
3225 752 212 54 WEEKLY.

2947 807 165 22 SATURDAY
3126 807 136 20 September
3272 807 64 18 25th,
3352 806 53 21 1897

2926 956 86 31 THE
3035 956 291 31 MILLIONAIRE
3349 954 85 31 AND

2954 1009 85 30 THE
3067 1008 205 31 WORKING
3302 1008 105 29 MAN.

2944 1090 38 24 Ad
2996 1089 161 33 agricultural
3181 1089 114 25 labourer
3314 1088 28 24 m
3375 1087 73 25 Berk-

2912 1130 64 25 shire
2990 1130 137 32 (England)
3140 1130 50 28 did,
3203 1130 27 24 m
3243 1130 42 24 the
3298 1128 81 29 fifties,
3390 1128 58 25 with

2910 1168 83 24 wheat
3005 1170 26 22 at
3043 1176 51 16 war
3114 1168 89 30 prices,
3230 1168 51 24 and
3302 1167 59 23 does
3385 1174 63 20 now,

2911 1206 72 24 when
3012 1206 145 31 constantly
3186 1205 139 32 employed,
3356 1204 94 25 receive

2911 1246 76 24 about
2999 1247 43 23 ten
3062 1246 98 31 pounds
3171 1253 45 23 per
3235 1253 60 23 year
3318 1252 83 23 wages
3413 1243 37 26 for

2911 1284 39 23 his
2978 1284 56 24 first
3055 1286 43 22 ten
3121 1292 71 22 years
3210 1283 27 24 of
3264 1282 76 29 work,
3372 1282 78 30 thirty

2910 1323 96 31 pounds
3018 1331 14 15 a
3043 1330 60 24 year
3114 1323 38 24 for
3163 1323 66 30 forty
3240 1330 79 23 years,
3332 1321 64 24 from
3408 1321 42 24 the

2912 1371 44 23 age
2979 1363 27 24 of
3027 1364 94 29 twenty
3147 1364 26 23 to
3197 1363 73 31 sixty,
3297 1361 50 24 and.
3365 1361 86 24 fifteen

2911 1401 97 31 pounds
3020 1410 16 15 a
3053 1409 58 23 year
3130 1401 38 24 for
3188 1400 105 25 another
3313 1403 41 22 ten
3380 1408 70 24 years

2912 1439 63 25 after
2986 1439 32 25 he
3029 1440 23 24 is
3064 1439 74 31 sixty.
3159 1460 2 2 .
3183 1439 67 25 That
3262 1439 27 28 is,
3302 1439 91 31 during
3411 1438 40 25 his

2912 1479 132 28 manhood,
3062 1479 64 24 from
3139 1479 42 24 tho
3199 1486 45 24 age
3267 1479 28 23 of
3313 1481 93 28 twenty
3426 1481 25 21 to

2913 1520 72 31 sixty,
3003 1519 59 24 nine
3074 1518 115 31 shillings
3208 1526 15 17 a
3245 1517 77 30 week,
3342 1517 48 25 and
3401 1517 49 25 five

2912 1566 28 16 or
2956 1558 39 24 six
3006 1557 97 32 pounds
3123 1560 67 21 extra
3213 1556 94 32 during
3329 1556 50 32 hay
3401 1556 50 24 and

2912 1596 101 24 harvest
3025 1596 59 24 time
3098 1596 26 23 of
3135 1595 63 25 each
3209 1603 67 24 year.
3312 1594 58 24 And
3387 1596 34 24 let
3432 1595 19 24 it

2915 1634 28 24 be
2955 1634 89 31 clearly
3057 1633 148 25 understood
3223 1633 58 25 that
3301 1633 50 24 this
3372 1641 79 24 wages

2913 1672 20 24 is
2945 1672 38 24 all
2994 1672 43 24 the
3057 1673 127 30 payment,
3213 1672 26 23 m
3265 1679 91 24 money
3378 1679 28 17 or
3425 1671 27 24 m

2914 1710 67 27 kind,
2994 1710 56 22 that
3072 1709 61 29 they
3156 1709 104 26 receive,
3295 1709 83 23 There
3389 1716 63 16 were

2914 1756 32 16 no
2958 1748 135 24 allowance
3104 1747 27 24 of
3140 1755 50 23 any
3207 1749 51 22 sort
3269 1747 125 24 whatever
3412 1755 39 16 ex-

2914 1787 56 30 cept
2982 1794 15 16 a
3014 1785 89 24 dinner
3125 1784 28 26 m
3181 1785 100 25 harvest
3304 1785 69 30 time,
3392 1785 60 25 with

2914 1823 109 32 working
3046 1824 59 31 days
3128 1822 27 25 of
3170 1823 114 32 eighteen
3302 1822 77 26 hours
3397 1824 54 23 dur-

2914 1865 76 24 ation.
3028 1864 34 25 So
3070 1864 58 24 that
3134 1872 20 16 -a
3165 1865 62 23 farm
3239 1863 117 25 labourer
3372 1864 80 24 would

2914 1904 62 26 have
2989 1905 26 25 to
3026 1903 68 27 work
3105 1911 58 18 over
3183 1904 93 29 33,333
3288 1911 72 24 years
3380 1905 24 24 at
3417 1904 35 24 his

2914 1944 55 26 best
2980 1952 89 24 wages,
3088 1944 50 24 and
3161 1944 60 25 with
3239 1945 117 24 constant
3378 1944 73 29 work,

2916 1987 27 23 to
2954 1985 60 31 gain
3026 1992 15 18 a
3052 1984 97 25 million
3161 1984 107 31 pounds.

2947 2024 70 24 After
3042 2025 103 29 seventy
3172 2024 44 24 the
3245 2024 65 24 farm
3338 2024 112 24 labourer

2914 2062 134 31 gravitates
3071 2062 27 24 to
3120 2060 44 26 the
3190 2060 149 26 workhouse.
3376 2061 76 27 Thus,

2914 2100 62 25 after
2987 2100 100 31 serving
3098 2099 42 25 the
3149 2101 106 30 country
3260 2098 38 26 for
3308 2099 65 31 sixty
3382 2107 70 24 years

2914 2138 38 25 for
2964 2138 56 25 £24
3032 2140 28 23 3s
3072 2138 33 24 4d
3116 2145 45 23 per
3171 2146 66 22 year,
3263 2139 44 23 out
3325 2137 27 24 of
3372 2137 81 25 which

2914 2177 33 25 he
2958 2177 125 31 generally
3102 2177 76 24 raises
3190 2185 16 16 a
3223 2176 89 32 family
3323 2177 26 24 of
3368 2178 85 23 honest

2915 2217 106 26 workers
3032 2217 59 28 like.
3094 2217 108 29 himself,
3222 2217 32 24 he
3270 2217 23 24 is
3303 2217 150 31 imprisoned

2914 2256 27 24 m
2954 2264 14 17 a
2985 2255 70 32 place
3077 2256 51 24 less
3152 2255 161 31 comfortable
3333 2255 62 24 than
3409 2262 44 18 our

2914 2297 78 31 gaols,
3001 2298 37 27 .to
3058 2297 30 24 be
3100 2296 103 25 worried
3216 2298 25 23 to
3253 2295 77 25 death
3354 2304 26 16 as
3393 2303 60 17 soon

2914 2344 27 17 as
2962 2336 106 32 possible
3091 2337 31 30 by
3141 2336 66 25 rules
3230 2336 49 25 and
3301 2336 152 31 regulations

2914 2377 50 23 and
2976 2378 66 22 semi-
3048 2377 146 23 starvation.
3275 2385 4 3 '

2947 2416 33 25 In
2992 2417 43 24 the
3055 2416 100 24 writer's
3168 2424 64 21 case*
3251 2416 112 31 working
3391 2416 62 24 from

2915 2454 43 25 the
2970 2456 61 23 time
3050 2454 80 27 when,
3135 2454 33 25 he
3188 2463 51 16 was
3263 2456 43 23 ten
3329 2463 72 23 years
3412 2454 41 25 old

2915 2494 39 25 till
2962 2494 32 25 he
3003 2503 50 17 was
3060 2494 124 32 eighteen,
3198 2495 38 25 bis
3243 2503 81 23 wages
3334 2494 119 32 averaged

2914 2533 35 23 £8
2961 2533 29 24 23
3003 2533 32 23 6d
3045 2539 45 23 per
3100 2539 61 23 year
3172 2533 38 24 for
3232 2532 43 25 the
3287 2533 67 29 eight
3373 2539 80 24 years.

2915 2569 53 25 The
2984 2569 50 25 last
3053 2569 56 25 half
3125 2578 59 22 year
3205 2570 33 24 he
3262 2569 96 25 worked
3389 2577 30 17 on
3440 2578 13 16 a

2914 2607 133 25 Berkshire
3059 2607 63 25 farm
3178 2612 56 20 was'
3253 2607 72 25 hired
3348 2608 39 24 for
3411 2608 42 24 the

2915 2654 119 23 summer,
3045 2648 66 24 from
3122 2648 71 32 Lady
3205 2648 57 31 Day
3280 2648 40 24 till
3333 2648 120 25 Michael-

2915 2693 61 22 mas,
2996 2687 26 23 at
3041 2686 42 24 the
3095 2686 164 32 magnificaot
3277 2694 81 25 wag.;s
3370 2687 28 25 of
3416 2688 36 23 6d.

2914 2732 44 23 per
2975 2724 76 29 week,
3076 2727 44 22 out
3143 2725 27 25 of
3191 2726 80 24 which
3297 2726 31 24 he
3341 2726 112 32 supplied

2914 2762 104 25 himself
3032 2763 61 25 with
3104 2762 67 31 food,
3184 2764 114 31 clothing
3317 2764 50 24 and
3386 2764 67 30 lodg-

2914 2802 50 30 ing,
2983 2802 110 32 actually
3114 2803 89 31 spared
3222 2803 57 25 four
3290 2812 28 16 or
3337 2804 48 24 five
3397 2804 56 24 shil-

2914 2839 72 31 lings,
2991 2840 38 25 for
3041 2840 86 25 books.

2948 2874 33 24 At
3002 2874 106 24 election
3128 2874 70 26 times
3222 2874 44 26 the
3286 2875 124 25 members
3430 2875 25 25 of

2915 2913 43 25 the
3119 2915 110 26 Defence
3371 2917 25 24 m
3413 2918 41 23 the

2914 2952 49 24 Old
2975 2952 117 31 Country,
3112 2953 50 25 and
3173 2954 44 26 th.c
3397 2955 55 25 Ass-

2913 2990 108 25 ociation
3032 2993 68 28 here,
3119 2992 54 24 talk
3185 2992 79 25 about
3282 2993 44 24 the

2914 3028 26 24 of
3088 3029 44 26 but
3155 3038 48 17 can
3225 3030 60 32 they
3310 3032 58 24 hide
3390 3032 62 25 frdm

2914 3067 42 24 the
2965 3067 106 26 workers
3083 3068 43 25 the
3139 3069 52 25 fact
3202 3069 55 26 that
3271 3070 71 25 those
3355 3071 53 25 who
3424 3071 29 23 do

2914 3106 43 25 the
2968 3107 64 24 least
3054 3107 65 24 work
3142 3110 42 29 get
3207 3110 42 23 the
3267 3115 66 19 most
3356 3110 26 24 of
3404 3110 48 25 this

2913 3145 98 24 world's
3034 3145 106 31 goods?,
3147 3147 67 24 Does
3234 3147 42 24 the
3297 3148 155 29 millionaire,

2913 3182 44 24 the
2973 3185 117 30 property
3102 3183 125 32 defender,
3241 3193 28 16 or
3280 3185 45 26 the
3337 3186 116 26 National

2913 3220 46 25 Ass
2972 3222 68 24 work
3051 3222 38 24 for
3111 3221 40 25 his'
3172 3222 90 33 inbriey
3272 3225 11 23 ?
3309 3224 70 32 They
3398 3232 57 23 may

2913 3261 42 29 get
2966 3259 21 24 it
2996 3259 99 32 legally,
3114 3260 47 26 but
3172 3261 20 25 it
3203 3262 22 24 is
3239 3270 60 25 very
3309 3263 66 25 little
3388 3263 66 26 work

2914 3298 57 31 they
2982 3298 32 24 do
3026 3298 37 24 for
3078 3300 30 22 it.
3127 3299 31 24 In
3170 3300 60 29 fact,
3248 3301 21 25 it
3288 3301 23 25 is
3328 3303 68 28 infra
3415 3303 40 31 dig

2912 3335 39 24 for
2960 3335 70 25 them
3042 3338 26 23 to
3081 3336 75 25 work.
3203 3338 58 25 And
3279 3340 53 30 they
3351 3340 59 25 dare
3429 3343 24 21 to

2914 3368 58 24 blab
2985 3368 77 26 about
3073 3369 43 25 the
3259 3371 27 25 of

2947 3406 27 24 If
2980 3407 163 25 millionaires
3152 3409 51 24 and
3212 3413 71 28 great
3292 3410 59 26 land
3361 3420 92 17 owners

2913 3446 41 30 get
2966 3445 67 25 their
3053 3454 89 25 money
3152 3448 99 31 legally,
3271 3449 19 25 it
3313 3449 22 26 is
3347 3449 104 27 because

2913 3483 59 32 they
2984 3484 64 25 have
3060 3485 73 24 made
3145 3486 110 26 thelaws
3265 3495 28 17 so
3305 3496 28 17 as
3345 3490 108 24 tothunt

2912 3523 36 25 all
2960 3524 44 24 the
3024 3524 92 25 burden
3136 3526 27 24 of
3173 3527 122 29 taxation,
3321 3536 28 17 as
3361 3531 56 23 well
3427 3537 26 16 as

2912 3568 42 23 the
2967 3568 90 24 burden
3069 3568 28 24 of
3105 3569 130 33 providing
3246 3571 65 25 their
3321 3580 132 18 enormous

2912 3606 119 30 incomes,
3049 3616 30 16 on
3094 3608 41 25 the
3147 3610 130 25 shoulders
3290 3611 28 25 of
3328 3613 40 24 the
3377 3613 76 24 work-

2912 3653 37 16 ers
2961 3646 62 24 with
3035 3646 72 24 brain
3119 3648 49 23 and
3180 3649 102 25 muscle.
3330 3651 54 25 The
3397 3653 53 23 nat-

2911 3683 67 24 ional
3007 3684 145 26 conscience
3177 3686 54 33 (not
3259 3688 45 24 the
3333 3690 120 24 National

2912 3721 152 35 Associon's)
3078 3723 21 25 is
3111 3731 57 19 now
3180 3726 113 29 aroused,
3324 3728 50 24 and
3394 3728 59 25 feels

2914 3760 41 24 the
2967 3769 85 23 wrong
3063 3761 57 26 that
3132 3763 20 24 is
3161 3781 5 3 -
3176 3764 76 32 being
3262 3766 73 30 done,
3363 3768 49 23 and
3434 3768 19 23 it

2912 3799 51 23 will
2975 3803 43 19 not
3037 3800 74 31 again
3135 3801 30 23 be
3178 3803 112 24 satisfied
3314 3806 64 23 until
3391 3806 62 30 priv-

2911 3837 73 33 ilege*
3013 3839 125 33 injustice,
3174 3842 48 25 and
3250 3843 135 31 ignorance
3413 3853 40 17 are

2912 3878 77 30 swept
3001 3879 45 24 ont
3063 3877 27 26 of
3098 3879 159 27 civilisation.
3324 3891 5 2 '

3092 4042 172 26 WEDDING.

2947 4127 22 24 A
2982 4136 57 24 very
3055 4130 84 32 pretty
3153 4132 113 33 wedding
3277 4142 50 18 was
3348 4137 106 26 celebra-

2913 4171 42 24 ted
2972 4174 26 22 at
3012 4172 38 26 St.
3063 4173 95 33 Mary's
3177 4176 113 27 Catholic
3309 4179 101 28 Church
3423 4190 32 17 on

2911 4215 47 25 the-
2972 4217 57 25 21st
3050 4218 61 25 insfc.
3136 4219 32 32 by
3190 4221 43 25 the
3256 4222 78 27 Itavd.
3360 4226 94 25 Father

2910 4259 99 33 Aubrey
3018 4271 7 19 ;
3044 4261 44 25 the
3107 4262 84 35 tosppy
3212 4268 89 31 couple
3321 4268 74 35 being
3414 4271 40 24 Mr

2910 4302 78 32 Hugh
3001 4302 85 28 Hoare
3106 4307 27 23 of
3151 4309 42 23 the
3214 4309 143 27 Harewood
3378 4315 77 23 Hotel

2910 4345 51 25 and
2973 4346 63 27 Miss
3047 4348 81 26 Edith
3140 4351 126 26 Gertrude
3287 4355 123 28 Donovan
3429 4358 25 25 of

2910 4389 72 27 West
2993 4391 125 33 Eyreton.
3164 4396 54 27 The
3247 4398 76 27 Bride
3351 4410 19 16 at
3374 4410 41 18 ore
3440 4410 42 26 a^

2909 4442 60 24 very
3003 4438 84 31 pretsy
3116 4438 110 28 Gobblm
3270 4442 68 35 Grey
3395 4448 59 23 with

2911 4477 43 26 the
2972 4487 130 26 necessary
3130 4483 118 32 adjuncts
3276 4488 84 27 which
3378 4491 73 26 mada

2909 4530 35 26 up
2982 4532 16 16 a
3026 4526 159 34 remarkably
3212 4532 85 32 pretty
3343 4537 112 24 costume

1186 58 169 34 OXFORD
1392 63 229 35 OBSERVER
1665 61 240 38 SATURDAY,
1950 62 258 32 SEPTEMBER
2251 62 39 30 25
2336 59 79 32 1897

2912 301 183 62 WANTED,
3114 308 15 17 a
3140 301 101 39 general
3258 301 115 23 servant-

3068 334 84 31 Apply
3174 332 26 26 ti>

2936 402 26 25 >■
3043 399 80 26 MRS.
3144 399 38 29 W,
3201 399 25 25 J;
3244 398 157 25 BASSETT-

3178 466 150 25 Stormouht

3180 543 21 13 ..-.-
3245 536 3 18 !
3290 531 69 24 View
3370 531 57 23 Hill.

2482 204 267 50 NOTICE.

2346 305 22 57 I
2387 304 52 32 Beg
2457 306 28 23 to
2504 306 90 25 inform
2616 306 44 25 the
2686 306 165 30 inhabitants;
2858 305 26 26 of

2382 337 94 34 Oxford
2485 334 104 35 andi^e
2599 338 83 32 public
2689 339 193 33 gerierally.that

2346 371 13 23 I
2371 370 60 24 have
2443 371 73 24 taken
2536 376 58 20 Over
2606 372 43 24 the
2806 372 75 31 lately

2346 403 93 25 carried
2458 411 33 17 on
2514 404 31 31 by
2568 405 62 29 'ME,
2650 404 24 26 C-
2700 404 31 26 A'.'
2739 400 6 16 ;
2756 403 124 30 TYLER,
2891 402 2 10 :

2347 435 105 26 Genera]
2475 437 103 29 Carrier,
2597 438 50 24 and
2668 440 74 25 trust'
2757 439 29 31 by
2810 439 71 23 strict

2346 469 123 25 attention
2482 471 26 24 to
2520 470 114 26 business
2653 474 25 22 to
2690 471 73 25 merit
2782 479 15 17 a
2808 471 74 25 share

2346 502 27 25 of
2381 501 83 32 public
2475 506 108 30 support.
2758 527 3 2 .
2785 528 19 5 ...

2345 566 108 26 Covered
2465 567 68 26 Vans
2545 568 49 27 will
2606 578 47 15 run
2665 568 64 26 from
2742 568 139 26 OXFOED

2455 626 24 23 to
2498 625 272 26 CHEISTCHUECH
2851 635 2 14 :

2345 683 94 29 every
2467 673 188 39 MONDAY,
2684 675 197 30 WEDNES-

2406 752 89 31 DAY
2519 753 86 30 AND
2642 753 174 32 FRIDAY.

2542 806 140 32 Eeturning

2347 848 208 38 TUESDAY,
2583 849 235 32 THURSDAY
2854 850 27 30 &

2495 929 240 31 SATURDAY.

2345 1003 133 24 Furniture
2490 1004 55 27 and;
2559 1004 77 30 goods
2648 1004 26 24 of
2693 1011 71 23 every
2777 1004 104 30 descrip-

2345 1035 53 25 tion
2409 1035 96 32 packed
2528 1037 48 23 and
2595 1036 116 25 removed
2729 1039 26 21 at
2775 1036 108 24 shortest

2568 1069 101 27 notice...
2682 1093 13 3 ...

2444 1111 134 33 Eeceiving
2591 1112 76 26 Order
2691 1113 54 25 Box
2757 1114 26 23 at

2345 1144 40 24 M>
2401 1144 141 25 Earnshaw
2633 1152 3 4 •
2693 1146 69 24 West
2780 1145 100 24 Oxford.

2345 1177 24 25 J.
2383 1176 25 25 J.
2422 1177 102 25 Weeber
2698 1178 64 24 East
2780 1178 101 24 Oxford.

2344 1209 35 25 H.
2398 1209 127 26 Davidson
2609 1211 122 25 Bennetts
2752 1211 128 24 Junction.

2345 1243 28 24 C.
2392 1243 30 23 A.
2442 1243 73 31 Tyler
2746 1243 134 32 Eangiora.

2345 1276 31 24 E.
2395 1275 34 25 H.
2448 1276 120 32 Hodgson
2811 1276 69 25 Cust.

2362 1329 53 25 The
2427 1329 75 25 above
2514 1337 101 23 waggon
2632 1338 49 16 run
2700 1331 26 23 m
2747 1329 118 32 conjunc-

2411 1362 54 24 tion
2476 1362 61 25 with
2555 1362 145 25 TYLER'S
2712 1371 103 23 waggon

2389 1395 83 25 which
2483 1395 83 25 leaves
2589 1395 179 26 EANGIOEA
2787 1395 51 25 and

2345 1428 273 25 CHRISTCHUECH
2630 1437 72 24 every
2719 1429 56 31 day,
2799 1429 83 24 orders

2345 1462 45 24 left
2402 1463 26 23 at
2446 1462 42 24 the
2499 1462 126 31 following
2635 1463 83 30 places
2738 1463 26 23 m
2785 1462 96 25 Christ-

2345 1494 95 25 church
2453 1495 52 24 will
2525 1495 96 24 receive
2637 1498 99 28 prompt
2757 1495 126 24 attention

2346 1545 32 24 E.
2391 1545 79 25 Eeece
2483 1546 19 23 &
2515 1545 61 26 Son.
2712 1545 119 25 Colombo
2844 1545 38 26 St.

2345 1578 155 25 Eotherfield
2517 1578 78 25 Hotel
2679 1578 90 26 Cashel
2791 1578 91 26 Street.

2346 1611 24 25 J.
2388 1611 32 25 B.
2439 1611 105 25 Watson
2629 1611 136 26 Cathedral
2777 1612 104 30 Square.

2347 1645 47 24 130
2412 1644 111 25 Kilmore
2542 1645 89 25 Street.
2662 1644 144 32 Telephone
2834 1645 46 26 727

2403 1713 46 43 J.
2483 1712 274 54 CARTER,

2557 1804 192 31 FEENHILL,

2554 1877 102 32 EAST
2680 1876 187 32 OXFORD.

2558 2010 27 31 (a
2602 2010 70 32 card)
2724 2027 4 3 •
2754 2027 3 5 .

2345 2070 167 32 MESSRS
2549 2070 232 32 JOHNSTON

2546 2144 136 30 MILLS.

2509 2210 212 27 SOLICITOES.

2346 2277 283 30 CHEISTCHUEOH,
2659 2277 178 26 EANGIOEA
2867 2279 18 23 &

2540 2338 148 26 OXFOED.

2379 2405 41 24 Mr
2432 2405 127 25 Johnston
2579 2405 50 25 will
2647 2404 87 28 attend
2743 2405 98 26 .Oxford
2852 2413 33 17 on

2347 2438 77 25 Court
2450 2438 61 32 days
2534 2438 51 24 and
2603 2438 59 25 Sale
2681 2438 61 31 dajs
2754 2438 50 24 and
2827 2446 59 23 may

2345 2471 31 24 be
2388 2471 130 24 consulted
2543 2475 25 20 at
2580 2471 41 24 Mr
2637 2471 75 24 Lee's
2729 2478 56 17 new
2804 2471 80 29 Store,

2347 2504 71 24 Main
2428 2504 83 26 Street
2524 2504 101 25 Oxford.

2382 2558 167 24 GJiristcJiurch
2559 2557 74 30 Office
2634 2570 31 4 —
2667 2556 122 31 Opposite
2800 2556 86 24 Union

2347 2589 80 28 Bank,
2440 2589 123 26 Hereford
2576 2588 91 27 Street.

2379 2645 127 30 Bangiora
2526 2645 73 32 Office
2602 2658 32 4 —
2636 2644 65 25 Next
2720 2645 26 23 to
2762 2643 41 26 Mr
2825 2643 30 26 A.
2865 2644 21 25 P

2346 2678 117 24 Tutton's
2479 2678 108 24 Auction
2605 2677 90 25 Eoom.

2366 3099 292 44 WILLIAM
2685 3099 173 45 FREE.

2344 3203 67 31 Begs
2422 3204 27 25 to
2460 3204 92 25 inform
2559 3204 44 25 the
2615 3204 85 25 Public
2707 3205 28 24 of
2744 3205 139 25 OXFORD

2345 3247 56 24 that
2419 3247 32 24 he
2475 3248 46 25 has
2542 3248 95 25 started
2656 3248 115 25 business
2789 3248 29 25 m
2840 3249 44 25 the

2345 3290 70 24 Main
2435 3290 90 30 Street,
2544 3291 100 26 WEST
2662 3292 149 30 OXFOED,
2829 3301 28 15 as
2869 3301 16 16 a

2344 3333 158 32 Bootmaker,
2538 3334 49 25 and
2614 3334 78 33 hopes
2714 3334 32 33 by
2769 3337 115 24 constant

2344 3376 145 25 attendance
2502 3379 25 22 to
2545 3377 115 25 business
2679 3378 28 24 m
2719 3377 44 26 the
2780 3378 104 25 interest

2343 3419 28 25 of
2388 3419 38 25 his
2444 3421 137 25 customers
2602 3422 27 23 to
2648 3422 74 24 merit
2740 3429 15 16 a
2774 3420 74 27 share
2859 3422 25 25 of

2344 3463 67 25 their
2422 3464 142 26 confidence
2576 3465 51 24 and
2639 3466 113 31 support;

2337 3520 4 4 -
2376 3506 41 26 AIJ
2430 3507 74 26 kinds
2516 3508 27 26 of
2561 3508 76 26 Boots
2650 3509 49 25 and
2726 3508 73 26 shoes
2809 3510 74 25 made

2343 3547 27 25 to
2388 3547 79 25 order.
2510 3562 3 4 •
2576 3559 3 8 <
2769 3558 2 4 ■

2376 3600 105 32 Bepairs
2505 3603 84 31 neatly
2618 3603 49 23 and
2690 3603 125 31 promptly
2841 3612 41 16 ex-

2343 3644 96 24 ecuted.
2724 3643 115 16 ■.:.■....

2399 3771 108 44 MR
2547 3770 276 56 MAYSON,

2525 3859 164 28 TEACHER
2841 3859 2 9 '

2593 3934 30 17 OF

2389 3991 106 27 PIANO
2517 3993 71 25 AND
2611 3993 145 26 SINGING
2780 3996 48 24 etc.

2584 4060 46 25 has
2753 4083 2 2 .

2527 4128 162 30 vacancies

2590 4202 39 24 for

2430 4268 84 31 pupils
2531 4268 28 24 m
2576 4268 77 26 above
2670 4269 117 33 subjects.

2569 4334 89 26 Terms
2670 4343 32 17 on
2714 4334 165 34 Application.

2340 4379 522 72 ■PIANOItJNIIsrG

2339 4488 93 27 Pianos
2443 4490 78 25 tuned
2537 4490 33 31 by
2590 4490 44 26 the
2653 4500 59 23 year
2731 4493 39 26 for
2790 4495 46 25 25s
2856 4496 28 26 of

2522 4524 72 25 three
2618 4525 79 26 visits.

1820 200 53 37 R.
1914 199 52 40 H.
2009 199 265 38 PARISH

1930 281 72 20 JUST
2017 282 37 20 TO
2069 281 88 22 HAND
2181 296 4 9 ;

1813 347 217 31 BARGAINS
2046 348 48 29 for
2110 349 63 29 tliis
2189 345 107 38 mout)i

1780 423 162 38 Another
1958 423 112 50 Large
2086 423 177 38 Purchase
2277 419 40 43 M

1815 505 240 40 SANATORY
2067 480 241 78 .PLOHBIj,

1885 556 3 4 •
1910 556 160 6 ■•■-•'
2155 566 4 3 .
2279 560 5 14 .j

1777 594 37 38 to
1829 594 41 38 be
1886 593 73 39 sold
2101 592 127 40 landed
2242 593 73 38 cost

1778 675 16 30 I
1808 676 78 29 Lave
1901 677 68 28 sold
1994 677 144 38 upwards
2154 677 33 29 of
2201 686 18 19 a
2235 677 80 28 1000

1776 758 94 40 yards
1886 758 33 30 of
1933 758 61 30 this
2008 759 62 29 line
2084 761 33 27 to
2126 770 52 29 my
2194 759 121 29 Oxford

2004 840 117 31 clients.

1789 925 176 25 COLONIAL
1983 925 128 24 TWEED
2129 924 186 26 TROUSERS

1943 968 35 23 6s.
2002 967 69 25 ALL
2096 968 106 24 WOOL.

1917 1068 126 21 DOUBLE
2064 1068 112 21 WIDTH

1829 1145 432 42 CHEVIOT

1791 1214 196 44 DRESS
2042 1214 258 44 TWEEDS

1955 1285 80 38 (half
2050 1284 96 39 price)
2230 1298 3 23 j

1789 1333 120 29 Melton
1928 1332 113 30 Tweed
2057 1331 51 31 6d.
2126 1331 108 31 worth!
2244 1331 59 41 10^

1775 1381 118 31 Melton
1910 1381 113 32 Tweed
2039 1382 44 29 Is.
2100 1380 101 31 worth
2217 1381 44 30 Is.
2275 1381 40 30 6d

1788 1434 103 31 better
1915 1433 91 31 v?lue
2032 1432 75 31 than
2133 1432 170 40 travelling

1852 1489 127 39 drapers
1994 1488 71 31 will,
2075 1488 70 39 give
2160 1496 74 32 you.:

1840 1573 40 37 R
1882 1598 14 12 B
1922 1573 58 36 H.
2016 1564 227 54 PARISH

1920 1625 85 30 East
2027 1625 142 30 Oxford.
2234 1624 3 41 |

1776 1698 4 4 '
1807 1698 103 26 MORE
1920 1696 266 27 SARGAINSFOB
2199 1697 83 24 THIS

1976 1736 137 26 MONTH.

1918 1787 54 11 —r-
2034 1779 51 18 <&-■
2151 1786 32 4 -—
2193 1781 2 2 '

1773 1809 64 25 500
1860 1808 98 25 Yards
1982 1808 33 24 of
2035 1807 146 30 Winceys
2210 1805 105 25 reduced

1940 1841 73 25 'from
2027 1841 69 24 9dto
2110 1841 31 24 6d
2152 1841 2 3 '

1776 1876 112 26 Cotton
1904 1875 115 25 Tweed
2038 1874 107 24 reduced
2164 1874 63 24 from
2240 1873 28 23 Is
2290 1873 25 23 to

1832 1912 4 1 -
1901 1905 68 17 ■■■•■-■■■
2027 1907 41 25 9d.
2098 1907 14 35 ■;
2239 1901 2 27 i

1775 1956 135 66 THIS
1924 1957 95 24 Season
2041 1954 109 32 Figured
2171 1954 70 24 dress
2252 1955 63 22 mat-

1867 1989 71 24 erials
1948 1988 107 25 reduced
2067 1988 64 25 from
2143 1989 38 23 3s.
2194 1985 48 27 6d.l
2249 1991 25 19 to
2288 1987 28 24 2s

1775 2022 22 24 A
1820 2022 95 25 further
1946 2020 203 26 SEDUCTION
2181 2027 33 18 on
2239 2019 77 25 Dress

1776 2055 108 29 Tweeds,
1905 2062 43 24 my
1961 2057 28 22 Is
2006 2054 34 24 4d
2051 2053 50 24 line
2122 2061 54 17 now
2188 2052 91 31 selling,
2291 2053 26 23 at

1778 2090 36 22 Is.

1774 2121 57 25 Art
1848 2120 131 26 Muslins
1997 2119 41 25 3d.
2059 2127 44 24 per
2115 2119 67 31 yard,

1837 2186 134 25 riRAND
1984 2185 140 25 WINTER
2144 2184 109 26 SHOW.

1764 2237 536 108 ItiAKIE'TS!

1792 2392 108 45 BL
1922 2382 393 54 Alt-KMS!

1841 2484 199 27 EXCEPTION
2045 2484 45 25 AIi
2094 2507 4 9 :
2119 2484 130 26 VALUE.
2263 2501 4 3 -
2296 2495 8 16 v

1776 2559 120 25 WHITE
1917 2548 180 48 COLONIAL
2113 2556 201 26 BLANKETS.

1774 2626 101 36 Bought
1886 2629 39 25 for
1934 2629 65 26 Cash
2012 2630 27 24 at
2055 2627 97 26 Lowest
2164 2627 56 26 Mill
2231 2627 84 31 prices.

2159 2671 146 31 Largesize

1776 2706 87 32 Single
1875 2705 62 26 Bed.
1960 2705 100 27 Double
2070 2705 56 26 bed.
2157 2704 89 26 double
2258 2703 56 25 bed.

1809 2741 52 24 15s.
1875 2739 42 26 6d.
1934 2765 4 2 .
1986 2740 46 25 18s
2050 2739 41 26 Gd.
2142 2760 5 3 .
2192 2737 70 31 255,6
2262 2737 29 31 d.

1764 2805 21 41 ".'
1808 2813 2 2 '
1884 2815 180 28 COLONIAL
2083 2817 119 24 VALUE
2221 2806 4 4 '
2245 2808 3 5 '

1797 2893 69 16 ■■•..•
1992 2887 53 25 also
2062 2887 27 24 m
2174 2902 4 4 -

1792 2961 120 26 WHITE
1926 2961 158 26 ENGLISH
2102 2961 196 26 BLANKETS.

2157 3036 141 32 Large-size

1775 3067 85 32 Single
1872 3068 61 24 Bed.
1952 3068 99 25 Double
2062 3069 62 24 Bed.
2143 3069 98 25 Double
2247 3063 3 15 :
2252 3066 62 28 B'ed.

1806 3101 88 56 7/6.
1985 3101 117 56 10/6.
2169 3101 117 57 12/6.

1792 3191 94 33 Special
1896 3191 174 32 Note.^Oash
2088 3192 124 26 Discount
2218 3194 35 24 Is
2265 3193 36 30 pff

1985 3237 72 25 every
2075 3231 26 24 £.

1844 3320 5 3 .
1918 3297 91 26 R.H,.
2025 3298 144 25 PARISH.
2195 3304 60 19 •■...;

1794 3374 28 30 A
1844 3374 173 33 RECENT
2041 3375 252 32 DISCOVERY.

1774 3459 41 78 A
1842 3460 82 28 most
1952 3458 182 39 e-fficacious^
2172 3459 143 41 pleasing

1837 3499 61 29 and
1914 3500 157 39 palatable
2274 3505 4 15 :

1858 3556 141 42 COUGH
2021 3556 209 44 MIXTURE

1809 3659 466 58 MASOOTTE

1888 3777 22 23 A
1930 3777 95 24 certain
2042 3779 99 31 remedy
2158 3779 39 24 for

1774 3835 107 31 SORE
1905 3836 203 39 THROATS,
2257 3850 3 21 :

1833 3935 237 33 WHOOPINa
2091 3937 159 39 COUGH,

2042 4019 268 37 BRONCHITIS

1770 4095 73 30 And
1859 4095 41 30 all
1915 4095 162 32 affections
2091 4099 35 29 of
2137 4099 51 31 the
2202 4100 108 38 thrqat

1771 4137 62 30 and
1847 4136 103 40 lungs.

1894 4210 71 26 Price
1983 4214 35 23 Is.
2037 4221 44 23 per
2097 4212 87 28 bottle.

1935 4289 102 22 oxFoftiT'
2049 4291 88 21 Agent.
2170 4301 6 4 -

1833 4351 63 45 R.
1914 4351 66 45 H.
1994 4351 248 48 PARISH

1769 4433 141 26 Wholesale
1929 4435 94 31 Agents
2045 4435 173 28 McINTYRE
2233 4439 20 24 &
2265 4438 43 26 Co.

1896 4511 15 24 9
1931 4509 134 27 Cathetlral
2078 4511 102 31 Square.

1215 202 112 45 1897
1361 204 254 46 SPRING
1637 204 113 46 1897

1225 413 3 2 ■
1327 395 106 31 EA£T
1472 394 174 34 OXFORD

1194 471 43 18 •.■■■■
1279 474 3 3 ■
1328 468 134 23 INTENDS
1476 471 39 21 TO
1529 471 74 22 SELL

1209 525 177 30 seasonable
1396 526 97 37 goods
1500 529 35 26 j&t
1540 527 103 39 gricea
1651 527 99 30 below

1208 573 70 30 that
1298 574 33 30 of
1345 585 61 30 any
1431 575 225 32 Christchurch
1679 579 69 28 firm

1250 625 74 30 Just
1360 626 139 31 received
1534 628 98 30 direct
1668 628 81 30 from

1212 675 130 31 London
1371 689 19 17 a
1418 679 85 39 large
1533 680 215 38 consignment

1209 727 34 30 of
1252 727 135 32 General
1397 728 142 41 Drapery
1540 748 41 3 —
1581 741 40 19 no
1632 730 116 30 middle

1209 781 93 28 men's
1312 781 121 38 profits,
1450 792 18 18 a
1483 781 99 39 single
1592 782 78 39 yard
1687 782 60 29 and

1235 832 104 39 single
1378 832 109 31 article
1519 839 32 23 at
1581 834 165 30 wholesale

1209 882 101 39 prices
1312 900 41 4 —

1265 966 3 2 .
1299 945 110 24 Another
1418 945 66 31 large
1496 945 118 31 purchase
1622 947 26 24 of

1291 1020 354 40 FLAOTELLTTES.

1329 1110 48 24 AT
1392 1111 98 24 HALF
1504 1112 117 24 PBICE.

1226 1219 106 48 Qfifl
1348 1218 140 31 YAEDS
1505 1220 33 29 of
1559 1219 189 32 Flannellett

1226 1249 106 49 uUU
1344 1260 133 30 reduced
1493 1260 77 31 from
1584 1262 39 29 8d
1647 1263 98 31 to4d.
1756 1256 2 34 I

1395 1437 169 54 Cloaks,

1282 1636 65 29 255.
1364 1636 88 30 cloak
1466 1637 50 29 for
1533 1637 16 28 1
1554 1637 41 37 2s,
1616 1637 49 31 6d.

1245 1883 124 40 greatly
1390 1883 134 31 reduced
1555 1884 32 29 m
1611 1884 93 40 price,

1205 1961 70 50 Is®
1312 1963 200 59 pvjffii
1550 1963 197 50 li&w&U

1225 2171 161 50 hsUm'
1418 2171 167 61 StyKslt
1604 2174 121 49 Ka^-

1244 2464 235 49 Umksilas
1499 2470 42 41 at
1562 2478 24 34 $
1606 2478 106 47 ntj

1247 2651 51 30 All
1319 2652 86 30 these
1427 2653 97 39 goods
1546 2663 53 20 are
1614 2653 132 40 cheaper

1204 2700 78 30 than
1305 2711 57 20 can
1384 2701 38 30 be
1444 2701 175 39 purchased
1634 2706 33 26 at
1682 2712 63 31 any

1205 2747 226 32 Christchurch
1462 2749 119 40 Selling
1613 2751 44 29 off
1684 2751 61 31 Es-

1204 2794 203 30 tablishment
1429 2805 35 20 or
1485 2796 81 29 from
1594 2797 151 30 itinerant

1204 2834 141 41 drapers.

1341 2930 39 4 —
1380 2917 1 17 :
1458 2925 71 19 ♦►—
1751 2925 1 18 :

1309 2968 132 23 SPECIAL
1462 2970 58 21 JOB
1551 2970 75 22 LINE

1205 3027 541 60 KAIAPOIiROSLYN

1232 3113 154 31 TWEED
1405 3114 117 31 SUITS
1539 3114 74 41 21/6
1636 3114 74 41 21/6

1320 3175 81 26 Iydrth
1419 3178 53 24 30s.
1491 3185 43 24 per
1552 3178 61 25 suit.

1206 3239 154 31 TWEED
1377 3240 120 32 SUITS
1513 3240 67 41 25/-
1593 3241 103 32 worth
1705 3243 39 30 35

1251 3339 169 34 ALL
1461 3340 242 34 WOOL

1205 3391 198 49 Colonial,
1444 3393 177 49 fflmml
1670 3394 75 49 9&.

1207 3468 131 41 cheaper
1352 3470 77 29 than
1445 3481 58 20 can
1522 3471 38 30 be
1572 3471 173 40 purchased

1205 3523 34 26 at
1267 3521 125 30 auction
1421 3532 35 19 or
1473 3523 84 28 from
1595 3523 150 30 itinerant

1389 3569 137 39 drapers:

1249 3662 82 32 1897
1377 3663 181 31 WINTER
1602 3663 93 32 1897.

1202 3728 246 50 KAI&POI
1489 3723 38 54 f
1527 3727 214 53 WEBBS.

1203 3810 83 19 SUITS
1296 3809 87 19 MADE
1393 3810 38 18 TO
1441 3810 145 19 MEASURE
1600 3811 79 20 FKOM
1696 3813 45 20 50s.

1202 3851 121 79 FULL
1339 3851 143 31 RANGE
1494 3853 35 29 of
1536 3852 63 31 this
1613 3854 127 30 Season'

1280 3893 145 30 Patterns
1445 3897 34 26 to
1508 3894 93 31 hand.

1458 3946 26 22 at
1706 3942 2 18 ;

1306 3988 37 33 R,
1368 3987 42 30 .H
1431 3988 198 33 PARISH'S

1290 4118 135 45 FOR
1471 4119 181 46 SALE.

1320 4234 1 2 .
1337 4237 2 2 .
1388 4217 96 30 ■„•/•;
1506 4242 8 3 
1529 4205 85 37 .■'•■■■•"-.1...
1637 4235 21 7 ...
1673 4233 11 9 ,-
1706 4231 21 3 ■-

1201 4261 128 59 BACON
1344 4276 3 4 •
1358 4264 52 23 and
1430 4264 91 30 ;.harns,
1550 4265 59 25 .4ihis
1629 4268 111 23 season's

1261 4304 66 21 cure,
1362 4296 61 31 lard,
1447 4298 54 27 axle
1519 4306 86 23 grease
1617 4308 22 18 a.
1648 4300 90 32 special

1200 4329 148 31 compound.
1547 4353 3 3 .
1573 4354 2 3 .
1591 4327 9 5 '
1610 4327 4 10 :

1258 4402 41 45 J.
1368 4402 311 49 FARLAISrE

1414 4503 77 32 East
1513 4503 129 33 Oxford.

662 400 49 25 TO
729 400 140 26 TRAVEL
896 401 82 26 THIS

711 472 73 25 THE
803 472 294 26 THORGUGHBEET)
1132 465 7 27 '\
1180 475 2 6 '

819 517 168 25 STALLION

657 588 233 46 FLEUR
910 583 5 18 !
920 590 93 44 DE
1046 587 98 48 LIS

635 677 121 24 FLEUIi
767 679 50 22 BE
828 679 59 25 LIS
896 680 20 23 is
926 680 30 30 by
969 679 125 24 Traducer
1104 669 77 43 (imp)'

634 722 45 23 out
692 720 26 25 cf
741 720 140 33 Fleurncga
906 722 73 33 (imp)
993 721 31 32 by
1143 736 33 5 —

634 763 73 25 Mdle.
721 764 29 25 de
763 764 152 33 Fontenroy,
930 766 32 31 by
974 766 64 24 Heir
1050 766 27 25 of
1087 766 89 31 Lynne

643 828 119 25 FLEUE
790 829 47 24 DE
850 830 59 24 LIS
927 830 92 24 WILL
1031 830 139 24 TEAVEL

892 870 70 24 THE

635 901 147 30 OXFOBD,
793 901 96 31 OUST,
899 903 70 24 AND
977 902 195 25 SUEEOUND-

769 945 64 24 ING
852 946 191 25 DISTEIC^S.

633 983 119 26 FLEUR
770 984 46 25 DE
835 984 57 26 LIS
910 985 58 25 took
991 985 55 25 first
1068 985 69 31 prize
1150 986 26 23 at

634 1016 42 25 the
691 1017 47 23 189
742 1018 13 22 A
775 1017 127 30 Kangiora
915 1018 76 24 Sbow
1010 1017 38 24 for
1059 1019 40 23 the
1121 1019 54 23 best

634 1049 195 31 Thoroughbred
845 1050 108 25 Stallion
965 1058 31 17 on
1007 1051 43 24 the
1067 1051 106 31 ground,

633 1084 47 23 and
705 1083 53 24 also
778 1084 38 23 for
840 1083 43 24 the
906 1083 54 25 best
981 1084 194 31 Thoroughbred

635 1115 131 33 travelling
784 1116 42 24 the
843 1115 112 26 District.
986 1116 41 25 He
1038 1116 21 25 is
1073 1117 42 25 the
1127 1117 47 25 sire

633 1150 26 23 of
685 1157 77 23 many
791 1151 99 23 trotters
910 1150 50 23 and
989 1152 185 29 crosscountry

633 1182 93 25 horses.
1035 1188 17 21 ,'
1122 1185 2 9 !

666 1237 116 24 TEEMS
793 1244 11 16 :■
804 1251 30 3 —
836 1236 94 25 Season
943 1238 34 22 £1
990 1236 69 24 cash,
1068 1237 105 31 payable

633 1269 137 25 December
789 1270 56 24 31st
864 1270 73 24 1898.

666 1314 144 23 Guarantee
822 1314 35 22 £2
868 1314 103 30 payable
983 1313 76 23 when
1073 1321 66 15 mare

798 1354 88 23 proves
903 1346 27 23 m
948 1345 57 24 foal.

633 1379 139 32 Groomage
792 1380 37 24 fee
851 1381 35 27 ss,
899 1379 38 25 for
957 1380 135 30 guarantee
1104 1378 67 33 only.

833 1442 33 24 H.
887 1441 209 26 ZWEIBEUCK

955 1496 64 23 East
1037 1495 100 24 Oxford.

668 1555 42 25 TO
729 1554 139 25 TEAVEL
885 1554 82 26 THIS
998 1554 139 30 SEASON,

666 1626 182 36 OXFORD,
876 1625 261 31 COURTENAY

714 1678 88 31 AND
823 1677 262 32 GREENDALE

776 1728 233 31 DISTRICTS.
1129 1728 1 16 ;

659 1811 73 25 TEE
752 1809 248 27 WELL-KNOWN
1021 1809 123 25 EORSE

763 1863 274 46 MAJOR

633 1955 127 58 MAJOE
771 1956 22 24 is
806 1963 15 15 a
833 1954 118 24 beautiful
972 1954 61 24 dark
1045 1954 124 29 chestnut,

686 1989 116 31 standing
815 1989 30 23 1G
856 1988 81 24 hands
949 1987 69 31 high,
1038 1987 61 24 with
1113 1994 56 24 very

633 2022 107 32 superior
751 2022 91 27 action,
861 2029 15 16 a
887 2021 64 32 good
962 2022 103 29 temper,
1081 2044 2 11 (
1087 2020 49 24 and
1148 2020 22 24 is

633 2063 10 16 a
655 2055 115 31 splendid
783 2055 101 24 worker.

835 2121 95 23 Terms.

660 2154 58 23 Full
730 2154 185 23 Guarantee.—
916 2154 45 22 £3.
982 2152 105 30 payable
1100 2151 70 31 Sept.

633 2187 68 25 1898-
737 2186 63 24 Half
816 2185 152 29 Guarantee,
970 2198 32 4 —
1004 2185 34 23 £1
1063 2183 106 32 payable

633 2218 142 33 September
787 2219 72 25 1897.

662 2254 33 23 £1
715 2253 45 24 103
776 2251 73 25 when
871 2258 68 16 mare
960 2257 86 24 proves
1070 2250 27 24 m
1110 2249 58 25 foal.

633 2286 91 26 Season
735 2286 35 24 £2
782 2284 104 32 payable
899 2283 150 35 Deeemjber^
1050 2284 131 42 lfijgj^^

646 2335 79 31 Major
737 2334 50 23 -will
798 2322 383 51 u^^^^^^^^KgM^M^

904 2507 222 37 Waddington.

739 2648 36 24 To
792 2646 78 26 travel
895 2646 52 25 this
965 2653 96 23 season,
1081 2667 2 2 .

648 2691 150 28 OXFOED,
819 2689 245 29 SEEINGFIELD,
1080 2689 74 25 AND

708 2733 179 26 RANGIOEA
903 2724 201 35 DISTRICTS/
1136 2719 3 4 '

714 2808 65 25 Pure
791 2807 67 25 Bred
870 2806 147 33 Clydesdale
1029 2806 58 25 Colt

706 2872 395 49 BOTHWELL.

666 2976 38 31 By
732 2975 43 24 the
801 2973 74 25 Duke
898 2973 27 25 of
955 2973 124 31 Argyle—
1082 2972 90 25 Gentle

633 3009 89 27 Annie,
746 3008 49 24 and
807 3007 56 24 bred
872 3006 32 32 by
917 3006 39 24 Mr
969 3006 82 31 Hugh.
1060 3005 110 26 McClel-

633 3042 66 30 land,
713 3041 149 30 Courtenay.
897 3039 41 25 He
956 3039 20 24 is
988 3039 78 31 rising
1074 3039 15 23 4
1102 3046 70 30 ye^rs

633 3076 49 29 old,
695 3074 86 26 stands
793 3081 58 18 over
875 3074 30 23 16
918 3072 90 28 hands,
1031 3072 23 24 is
1066 3080 15 16 a
1099 3073 72 24 beau-

633 3109 57 24 tiful
706 3107 55 25 rich
783 3107 54 31 bay,
857 3106 60 24 with
941 3107 69 30 great
1032 3106 65 23 bone
1123 3104 50 25 and

633 3141 141 25 substance.

1043 3184 3 3 .
1132 3170 14 17 ..!

633 3206 123 27 Bothwell
779 3205 52 26 will
842 3205 78 25 travel
943 3204 44 25 the
998 3203 115 26 Malvexn
1125 3203 49 25 and

633 3239 167 32 smrounding
812 3238 118 28 districts,
944 3237 100 32 serving
1053 3244 15 18 a
1076 3237 96 25 limited

633 3274 104 25 number
749 3273 26 25 of
786 3279 90 18 mares.
1027 3293 2 2 .
1080 3296 3 2 .
1092 3286 3 3 ■
1125 3286 4 3 •
1145 3293 2 4 .

666 3307 89 25 Terms
769 3315 5 15 :
788 3306 95 24 Season
954 3323 27 5 ...
1053 3304 39 24 £2

779 3339 144 24 Guarantee
949 3356 28 5 ...
1059 3333 36 27 £&

790 3414 41 26 W.
850 3413 46 25 DO
902 3412 108 29 EMAN,
1146 3413 2 21 i

944 3478 159 33 Springfield.

1052 3573 30 13 ..i

698 3607 44 24 TO
755 3606 141 24 TRAVEL
907 3604 197 29 RANGIOEA,
1148 3611 3 12 ■■

633 3649 155 28 OXFORB,.
817 3650 75 23 ANB
911 3647 261 27 SURROUNBING

796 3692 197 25 BISTRIGTS.
1078 3692 5 22 ?

644 3736 72 24 TEE
729 3735 289 25 TEOBOUGEBBFB
1037 3732 123 27 EOBSE

701 3801 397 45 FAIRCHILD.

642 3889 15 26 1
685 3890 68 25 BAY
774 3890 125 28 HOESE,

635 3930 36 18 a.
689 3924 116 30 standing
818 3925 31 22 16
862 3923 82 25 hands
957 3923 51 24 lin.
1021 3923 62 24 with

633 3956 57 25 bone
701 3956 50 25 and
763 3957 133 24 substance
904 3956 61 25 than
975 3963 49 25 any
1033 3955 137 33 thorough-

633 3989 55 25 bred
716 3989 75 25 horse
819 3989 117 31 standing
963 3989 28 24 m
1014 3989 43 24 the
1088 3989 81 25 South

633 4022 88 28 Island,
741 4022 50 24 and
802 4030 15 16 a
829 4022 112 32 pedigree
953 4022 27 25 of
998 4022 171 32 undoubtedly

633 4055 38 25 the
685 4055 54 26 best
751 4055 28 25 of
786 4055 112 32 running
910 4054 81 26 blood.

633 4099 193 24 FAIBGEILB
838 4097 56 25 first
918 4093 67 37 prize
1005 4097 82 26 North
1105 4098 63 27 Can-

633 4130 94 31 terbury
743 4131 77 24 Show
833 4132 73 24 1885.

855 4172 88 24 Terms.
1145 4199 4 4 .
1177 4195 1 1 ■

659 4202 40 26 £2
712 4210 43 25 per
777 4211 76 22 mare,
872 4203 103 33 payable
995 4212 33 17 on
1040 4212 28 17 or
1087 4205 82 25 before

633 4236 107 32 January
753 4238 47 27 Ist,
815 4238 73 23 1898.
941 4238 3 13 :
969 4249 5 2 -
985 4248 6 3 -
1004 4249 4 3 •
1075 4250 22 14 .-.
1116 4245 7 17 ;
1134 4238 6 4 *
1158 4250 3 2 ■

652 4269 148 32 ■Groomage
824 4269 49 25 Fee
895 4271 35 27 ss,
949 4270 106 32 payable
1074 4273 25 24 at
1111 4271 56 26 first

633 4302 98 30 service...
767 4320 3 10 ;
843 4315 57 8 ■•■■••
1040 4307 71 25 .'.;...

691 4388 3 2 .
702 4369 51 22 For
757 4367 101 35 fip'ther
865 4369 149 31 pfirtictdqrs
1026 4370 73 32 apply
1111 4374 22 20 to

824 4428 91 25 JOHN
933 4428 198 31 McCAETHY,

1002 4490 95 26 Annat.

80 187 511 53 WAlMAldlllßl-ASHLEY

120 259 125 27 WATER
267 257 142 25 SUPPLY
427 256 46 23 BO
473 256 80 22 ABB.

118 305 118 25 Cooper's
257 303 87 24 Cebek
365 301 188 24 Sub-Division.
568 314 2 13 ;

100 366 110 26 Tenders
222 372 42 17 are
275 363 92 25 invited
386 362 38 24 for
435 361 158 25 constructior

66 409 162 31 distributory
239 415 70 17 races
320 407 27 25 m
360 406 42 26 the
414 405 92 26 Oxford
516 406 77 26 Town

67 444 65 29 ship.

99 476 78 25 Plans
189 475 49 24 and
251 473 179 33 specifications
442 481 46 17 can
500 472 31 25 be
548 482 45 17 seer

68 512 27 22 at
107 510 44 24 the
163 509 73 24 Office
249 508 27 24 of
285 508 43 24 the
348 507 83 25 Board
442 515 32 16 on
495 506 98 32 Mondaj

67 543 62 24 27th
141 543 60 26 inst,
219 542 82 24 where
314 541 109 23 Tenders
435 540 132 24 addressed
581 543 12 21 tc

66 576 40 24 the
119 574 134 25 Chairman
264 572 51 27 will
327 572 31 25 be
370 572 107 25 received
487 574 41 23 not
541 572 52 25 latai

66 609 62 23 than
142 609 30 23 10
186 616 59 15 a.m.
264 616 31 15 on
308 607 127 30 Thursday
448 606 61 24 30th
528 606 58 23 inst.

100 641 54 24 The
165 642 86 23 lowest
260 647 28 17 or
299 647 48 24 any
357 639 97 24 Tender
466 640 45 22 not
520 646 73 16 neces-

66 693 13 17 s
80 675 62 30 arily
156 673 123 31 accepted.

111 718 29 25 G.
159 717 194 25 JOENSTON
368 715 171 26 WEBSTER

260 772 121 29 Engineer
394 774 23 21 to
426 771 35 23 the
479 771 89 22 Board.

88 861 172 32 OXFORD
289 860 112 31 ROAD
424 860 157 31 BOARD.

66 944 172 25 rTENDEIIS
250 952 39 16 are
301 943 92 25 invited
407 943 37 24 for
459 942 42 24 the
511 942 82 24 follow-

71 971 23 32 X
114 978 45 32 ing
175 979 89 23 works.

67 1013 120 29 Erecting
215 1011 76 24 about
315 1012 49 22 240
393 1010 48 23 feet
466 1009 26 23 of
514 1009 79 24 Fence

324 1042 81 32 Gorge
426 1042 110 31 Cutting.

101 1077 178 30 Constructing
305 1076 65 24 Ford
408 1075 47 23 and
478 1074 115 32 Crossing

67 1109 111 32 McKays
195 1110 78 28 Eoad,
292 1108 149 25 Woodstock
459 1107 99 30 Downs,

66 1143 124 30 Patching
201 1143 129 24 Perham's
342 1142 71 24 Bush
426 1141 76 25 Eoad.

100 1176 178 30 Constructing
289 1176 59 23 Two
359 1174 86 24 Water
452 1174 64 23 Eace
525 1173 68 24 Fords

67 1208 138 25 Fenwick's
217 1209 49 23 and
280 1207 153 26 Sclielfield's
445 1206 78 27 Eoad.

101 1242 109 23 Tenders
231 1244 26 22 to
280 1241 29 23 be
330 1242 56 23 sent
406 1241 27 23 m
457 1240 80 23 before
563 1240 30 23 12

67 1274 93 26 o'clock
172 1282 66 16 nocn
251 1282 31 16 on
296 1273 156 32 Wednesday
464 1272 54 24 Oct.
533 1272 52 24 6th.

100 1308 51 23 The
164 1307 86 24 lowest
262 1315 27 15 or
302 1314 48 23 any
361 1306 86 24 tender
459 1308 44 21 net
521 1314 72 15 neces-

64 1340 73 31 sarily
154 1339 123 31 accepted.

163 1393 118 26 JAMES
301 1393 34 27 E,
357 1392 145 26 SEABPE

307 1455 74 24 Glerh
392 1458 21 19 to
426 1455 35 23 the
473 1454 92 25 Board.

132 1489 24 22 2.

149 1550 172 39 TOWN
355 1550 164 38 HALL

69 1625 188 34 EAST
278 1625 196 34 OXFO
489 1625 100 33 RD

81 1693 71 24 First
164 1692 25 25 of
200 1700 15 17 a
227 1693 74 24 series
313 1692 26 24 of
356 1692 103 31 Sunday
480 1692 106 32 evening

108 1735 125 30 limelight
241 1735 99 24 lantern
349 1735 207 24 entertainments

247 1777 172 31 commencing

67 1844 173 32 SUNDAY
257 1844 252 32 SEPTEMBER
524 1844 69 30 26th

278 1917 95 33 subject
383 1926 5 17 :

66 1984 97 25 FROM
177 1985 143 25 LONDON
338 1985 43 24 TO
400 1985 70 24 THE
488 1983 105 25 FALLS

232 2039 43 24 OF
293 2039 140 24 NIAGRA.

64 2113 139 27 Admission
226 2115 62 25 Free
290 2130 30 3 —
323 2124 14 16 a
356 2116 127 24 collection
502 2116 27 24 to
541 2114 52 33 help

227 2156 50 22 pay
306 2156 126 22 expenses.

194 2191 67 24 Door
273 2199 63 22 open
359 2193 26 22 at
397 2194 15 21 7
425 2193 40 22 30.

65 2455 41 24 ted
118 2455 48 23 and
179 2455 33 24 all
225 2455 58 31 dogs
295 2454 78 24 found
388 2445 205 45 trrespV*siS^^L|

64 2487 30 25 be
106 2488 135 31 destroyed.

295 2551 93 24 ANNA
406 2551 117 24 BOOTH

64 2620 101 30 August
178 2618 62 25 25th
254 2620 73 23 1897.

204 2685 77 44 TO
313 2666 140 62 LET!

67 2785 30 77 2
123 2783 179 30 ROOMED
317 2782 147 31 HOUSE
486 2783 62 29 and
561 2783 32 38 4|

123 2835 84 20 acres
236 2825 33 30 of
297 2824 82 38 land,
403 2824 136 29 situated
568 2824 25 29 m

65 2866 84 39 High
165 2866 112 36 Street,
292 2865 75 30 East
380 2865 131 36 Oxford,
527 2873 66 22 neat

63 2908 53 30 the
139 2907 120 31 School.

196 2959 80 32 Apply
294 2960 26 23 to
589 2959 2 29 ;

328 3002 34 24 D.
380 3001 129 25 BUEKE.

284 3068 65 25 East
367 3068 101 25 Oxford.
589 3056 4 44 \

180 3307 38 23 To
229 3306 80 24 travel
327 3306 50 24 this
398 3313 88 17 season
592 3314 2 18 :

291 3339 26 22 m
329 3339 41 23 the

102 3382 186 35 OXFORD,
311 3381 114 37 OUST,
451 3381 116 34 WEST

66 3432 85 30 EYR
156 3433 110 30 ETON
285 3433 87 30 AND
388 3433 205 33 MALVERN

211 3485 233 31 DISTRICTS.
592 3485 2 31 i

144 3553 72 22 TEE
235 3552 291 25 TEOBOUGEBBEB

243 3596 179 26 STALLION
592 3608 2 4 •

107 3638 249 47 SILVER
387 3640 173 46 PIHE

99 3716 130 25 SILVER
240 3717 97 28 PINE,
349 3716 23 25 is
383 3725 15 16 a
410 3716 120 25 beautiful
542 3716 51 33 dap-

64 3749 40 31 ple
116 3755 59 25 grey
186 3749 144 31 powerfully
342 3749 61 25 built
412 3749 61 25 with
485 3749 42 25 the
542 3759 51 24 very

64 3782 56 24 best
131 3782 27 23 of
167 3782 60 31 legs.
257 3782 42 24 He
310 3783 44 23 has
361 3784 91 29 proved
463 3783 102 24 himself
577 3786 16 22 tc

65 3815 29 22 be
106 3822 15 14 a
142 3822 58 23 very
223 3815 49 23 fast
295 3814 79 30 horse,
398 3816 91 30 having
508 3823 55 17 won
586 3824 7 16 a

62 3847 106 23 number
179 3847 26 24 of
214 3854 68 17 races
294 3847 26 22 m
333 3848 61 30 good
407 3854 130 26 company,
558 3850 35 23 out

63 3880 27 24 of
100 3881 30 23 12
142 3887 70 17 races
234 3880 33 24 he
279 3880 94 24 started
383 3880 46 29 for,
452 3881 34 24 he
496 3888 47 16 ran
554 3889 39 16 un-

62 3914 85 30 placed
170 3920 68 21 once,
268 3913 33 23 he
329 3920 124 22 possesses
473 3921 14 16 a
509 3914 84 30 perfect

62 3948 97 28 temper
170 3946 83 24 which
264 3953 47 17 can
332 3945 30 25 be
374 3946 52 24 best
436 3946 89 24 known
535 3946 58 25 from

62 3979 42 24 the
116 3979 51 24 fact
179 3979 55 24 that
252 3979 31 24 he
294 3978 47 25 has
353 3979 139 30 performed
513 3979 34 24 all
559 3980 34 25 the

60 4012 80 25 duties
169 4012 27 25 of
221 4013 53 24 AN
302 4012 188 26 ORDINARY
502 4014 91 24 FARM

62 4045 129 30 EORSE,
208 4045 111 26 .besides
343 4045 72 31 being
440 4045 60 24 used
529 4052 27 17 as
586 4054 7 16 a

61 4078 100 28 hunter,
170 4078 76 25 ladies
256 4077 64 25 hack
332 4077 50 25 and
393 4082 54 27 trap
456 4077 81 31 horse,
550 4078 43 24 ancl

60 4111 28 24 m
100 4111 61 24 each
174 4111 27 24 of
210 4112 40 23 his
273 4111 83 24 duties
379 4111 32 24 he
422 4118 59 24 goes
504 4111 89 33 quietly

61 4144 50 25 and
122 4144 142 33 cheerfully.
457 4151 2 6 '

114 4192 4 4 •
165 4191 3 4 •
203 4189 3 2 •
265 4179 129 24 TERMS.

96 4210 171 26 SEASON—
270 4211 37 25 £1
342 4211 69 25 cash.
456 4233 3 3 .

62 4244 250 24 GUARANTEE—
314 4245 38 23 £2
364 4245 45 24 103
428 4243 107 35 payable
558 4245 35 24 Ist

61 4276 98 33 August
172 4278 73 23 1898.

95 4318 138 32 Groomage
257 4321 50 23 Fee
326 4322 36 22 ss.

94 4362 48 24 For
165 4362 96 25 further
288 4364 152 29 particulars
469 4365 73 30 apply
571 4365 22 23 to

217 4435 30 23 a.
282 4435 147 29 BLUETT,

40 4481 50 43 B
329 4499 100 26 Oxfoicl.
