2550 4020
1250 30 101 33 THE

69 77 465 134 NEW
638 72 879 152 ZEALAND
1623 97 864 140 GAZETTE

1230 252 99 33 AND

67 285 1155 149 WELLINGTON
1337 285 1154 149 SPECTATOR.

92 508 62 31 No.
177 506 64 40 75.]

2297 535 99 40 [Vol.
2418 538 48 31 11.

566 509 132 33 PORT
719 512 289 42 NICHOLSON,
1029 513 523 48 SATURDAYjMORNING,
1575 525 287 34 SEPTEMBER
1888 533 49 32 18,
1963 534 89 28 1841.

1298 624 3 6 -
1444 613 70 21 New
1522 614 121 21 Zealand
1652 616 79 21 Flax.

1293 642 182 31 IOORSALE,
1484 654 14 14 a
1504 647 109 27 machine,
1622 655 26 15 or
1655 648 53 27 plan
1718 649 26 22 of
1749 657 14 14 a
1769 649 110 28 machine,

1293 670 32 22 A
1353 670 37 23 for
1399 672 101 28 dressing
1515 673 56 22 New
1583 675 101 21 Zealand
1698 675 57 28 flax;
1770 684 13 13 a
1796 677 84 26 sample

1294 698 27 20 of
1331 698 73 22 which
1413 706 52 20 may
1474 700 28 21 be
1512 707 51 15 seen
1574 704 24 18 at
1612 701 42 22 this
1669 701 78 23 Office.
1775 703 49 21 The
1833 710 47 14 ma-

1294 723 66 23 chine
1371 725 77 22 driven
1459 726 29 27 by
1498 734 42 14 one
1549 734 61 21 man,
1618 728 19 22 is
1644 728 91 27 capable
1746 729 26 22 of
1778 729 101 27 dressing

1294 751 39 21 100
1343 751 87 27 pounds
1444 752 24 22 in
1483 756 39 18 ten
1531 753 74 28 hours,
1616 754 46 22 and
1670 762 43 14 can
1728 756 27 20 of
1765 763 76 15 course
1851 757 28 21 be

1292 778 117 21 increased
1417 781 24 19 to
1458 786 44 21 any
1512 784 98 23 amount,
1620 781 30 27 by
1661 781 38 22 the
1715 782 39 22 aid
1768 783 25 21 of
1804 786 73 24 water,

1293 809 25 16 or
1326 807 71 19 steam
1406 812 82 20 power.

1294 827 8 24 'i
1319 830 86 22 Should
1419 831 44 22 this
1480 835 60 19 meet
1555 833 39 21 the
1610 834 67 22 views
1695 835 26 21 of
1735 842 45 19 any
1798 835 27 21 of
1842 835 37 22 the

1292 857 149 27 enterprising
1457 858 103 23 colonists
1578 860 26 21 of
1615 860 54 22 Port
1681 861 132 27 Nicholson,
1827 861 52 28 they

1294 889 51 21 may
1354 891 78 14 secure
1449 892 14 14 a
1477 886 96 21 fortune.
1603 887 53 32 Any
1666 887 107 27 inquiries
1790 888 90 22 address

1292 912 22 19 to
1325 908 27 24 R.
1364 910 30 22 A.
1404 910 40 28 H.,
1456 914 21 19 to
1488 912 38 21 the
1536 920 49 14 care
1596 914 26 20 of
1632 914 101 22 William
1743 914 133 27 Robertson,

1292 936 161 23 Chronometer
1485 938 86 28 Maker,
1601 940 143 28 Kororarika,
1773 941 48 28 Bay
1856 942 27 21 of

1292 962 95 29 Islands,
1398 964 57 23 New
1463 965 107 22 Zealand.

1293 1008 172 48 Printed;
1479 1010 140 23 forms.—
1619 1011 32 23 To
1674 1012 28 22 be
1724 1012 45 23 had
1792 1016 24 19 at
1840 1013 37 22 the

1367 1037 86 20 Gazette
1469 1037 76 28 Office,
1556 1038 69 22 blank
1641 1039 71 21 forms
1726 1040 104 27 required
1842 1041 35 21 for

1291 1063 140 28 transacting
1439 1064 101 22 business
1550 1068 23 18 at
1583 1065 38 22 the
1630 1066 94 22 Custom
1735 1067 86 27 House,

1345 1096 57 23 Bills
1412 1098 27 21 of
1444 1098 84 27 lading,

1346 1123 139 29 Promissory
1496 1128 70 24 notes,

1345 1150 57 23 Bills
1411 1151 26 22 of
1444 1152 129 27 Exchange,
1585 1152 40 22 &c.
1636 1153 41 21 &c.

1282 1186 19 35 J
1474 1197 43 20 Ex

1293 1228 73 48 ON
1380 1228 85 28 SALE,
1477 1233 23 18 at
1509 1230 37 22 the
1555 1230 72 22 Office
1638 1231 26 22 of
1672 1231 43 22 this
1725 1232 72 28 Paper
1804 1241 36 13 :—

1370 1256 90 22 Double
1477 1256 111 28 elephant,
1603 1258 153 28 antiquarian,
1765 1260 110 28 imperial,

1293 1281 45 22 and
1347 1282 64 34 royal
1422 1283 100 27 drawing
1531 1291 75 21 paper,

1286 1315 13 18 i,
1319 1308 72 23 Black
1409 1310 57 27 edge
1482 1310 47 22 and
1542 1311 109 22 bordered
1670 1312 66 23 letter
1760 1313 44 22 and
1822 1316 54 20 note

1281 1336 87 28 Cpaper,

1320 1361 71 23 Black
1400 1362 53 23 lead
1461 1364 86 26 pencils
1557 1364 65 28 (very
1629 1365 118 28 superior),

1298 1406 5 4 ,
1320 1389 141 27 Carpenters'
1471 1390 63 28 ditto,

1320 1416 89 27 Oblong
1419 1416 91 33 clasped
1519 1418 170 23 memorandum
1700 1419 78 27 books,

1320 1442 88 23 French
1418 1444 87 27 tracing
1513 1452 69 20 paper
1592 1445 75 25 (black
1675 1446 46 22 and
1731 1446 83 28 white),

1319 1469 89 23 Ladies'
1418 1470 46 22 and
1473 1471 147 27 gentlemen's
1629 1472 54 22 card
1697 1480 69 20 cases,

1319 1496 64 23 Ditto
1448 1497 35 22 do.
1538 1498 74 22 tinted
1621 1499 46 22 and
1676 1500 118 22 embossed
1803 1500 71 28 cards,

1319 1522 68 23 Sheet
1395 1524 131 22 almanacks
1532 1525 34 21 for
1570 1526 10 20 1
1584 1526 36 21 841
1625 1542 5 11 ,

1320 1550 92 22 Invoice
1421 1551 78 27 books,
1510 1551 52 22 with
1572 1552 101 28 indexes,
1684 1554 90 21 various
1783 1553 64 28 sizes,

1319 1576 59 23 Cash
1388 1577 77 27 books,
1475 1578 63 21 ruled
1548 1578 88 28 double,
1647 1580 90 22 various
1746 1580 63 27 sizes,

1319 1603 127 29 Envelopes
1458 1604 70 27 (note,
1538 1605 73 27 letter,
1623 1606 46 22 and
1678 1606 84 23 official
1771 1607 75 27 sizes),

1319 1630 73 28 Large
1401 1636 85 22 pewter
1495 1632 123 27 inkstands,
1629 1633 54 22 with
1692 1634 78 27 plates,

1319 1657 80 35 Ebony
1409 1658 126 28 inkstands,
1546 1659 53 22 with
1610 1660 102 26 drawers,

1317 1684 75 22 Broad
1401 1685 47 22 and
1457 1692 85 15 narrow
1551 1693 70 19 green
1630 1687 44 22 silk
1684 1687 87 27 ribbon,

1317 1710 64 23 Ditto
1438 1712 56 21 ditto
1547 1713 41 22 red
1598 1716 58 25 tape,

1317 1738 66 22 Brief
1390 1738 44 22 and
1444 1738 58 22 deed
1511 1746 74 20 paper,

1317 1764 75 23 Ruled
1402 1773 68 20 paper
1479 1766 36 21 for
1524 1766 38 21 bill
1574 1766 75 28 heads,

1317 1791 105 22 Nautical
1434 1792 127 23 almanacks
1572 1794 35 21 for
1618 1795 58 25 1842,

1282 1828 5 4 -
1316 1818 74 28 Royal
1404 1819 68 27 hand,
1489 1820 80 21 double
1585 1820 59 22 hand
1658 1821 84 27 brown,
1759 1820 43 23 and
1811 1821 63 27 royal

1288 1844 61 23 hand
1359 1846 76 21 brown
1446 1846 113 28 wrapping
1567 1854 75 20 paper,

1282 1893 6 5 „
1316 1869 97 31 Ledgers
1424 1872 44 22 and
1476 1877 94 18 account
1578 1874 75 26 books,
1665 1874 89 21 various
1764 1874 62 28 sizes,

1315 1898 85 23 Pocket
1408 1899 87 27 ledgers
1506 1900 42 21 and
1557 1901 171 22 memorandum
1742 1901 74 27 books,

1294 1941 3 4 .
1314 1925 109 28 Foolscap
1434 1926 43 21 and
1488 1927 87 27 writing
1585 1935 73 19 paper,
1670 1928 87 21 various
1763 1928 108 27 qualities,

1314 1951 121 28 Engraved
1445 1960 57 20 copy
1512 1953 50 27 slips
1573 1954 45 21 and
1627 1954 76 26 books,

1376 1978 82 23 Welch
1467 1980 72 26 slates,
1550 1980 61 26 large
1621 1980 46 21 and
1675 1980 72 26 small,

1314 2005 96 27 Sponge,
1423 2006 78 21 wafers
1510 2006 23 21 in
1541 2007 13 20 2
1564 2014 35 14 oz.
1614 2007 76 26 boxes,
1706 2006 67 22 India
1783 2007 89 27 rubber,

1288 2030 83 23 Albata
1380 2032 151 27 pen-holders,
1542 2040 54 20 very
1605 2033 100 27 superior
1715 2034 86 26 sealing
1815 2041 56 20 wax,

1287 2058 98 27 blotting
1393 2066 75 20 paper,
1477 2060 40 21 &c.
1529 2060 39 21 &c.

1428 2100 136 14 WHOLESALE
1580 2101 45 14 AND
1641 2101 90 15 RETAIL.

1287 2136 74 48 EX
1375 2136 38 22 the
1421 2138 60 25 Lucy
1491 2138 87 25 Sharpe.
1580 2149 28 4 —
1609 2138 46 22 The
1669 2139 149 27 undersigned
1833 2141 40 22 has

1364 2163 108 27 received,
1484 2164 46 21 and
1538 2165 44 21 will
1591 2165 54 22 land
1654 2166 23 21 in
1689 2174 13 13 a
1711 2166 43 22 few
1764 2168 59 26 days,
1836 2168 36 22 the

1285 2189 116 28 following
1409 2191 166 27 consignments
1582 2200 5 13 :
1588 2203 29 4 —

1314 2224 10 20 1
1336 2231 51 15 case
1398 2224 86 22 French
1495 2225 96 28 ribbons,

1313 2251 74 24 ljiase
1397 2251 87 22 French
1498 2253 102 26 merinos,

1311 2278 15 20 4
1334 2284 63 15 cases
1405 2279 147 25 gentlemen's
1562 2280 98 27 wearing
1668 2281 96 27 apparel,

1312 2305 12 20 1
1336 2311 51 15 case
1398 2305 137 27 Wellington
1544 2306 70 27 boots,

1313 2332 11 20 1
1336 2338 51 15 case
1395 2331 70 22 ladies
1475 2332 46 22 and
1528 2333 146 26 gentlemen's
1684 2334 99 29 slippers,

1311 2359 15 19 2
1336 2365 61 15 cases
1406 2361 77 24 strong
1493 2359 62 22 boots
1564 2360 46 22 and
1619 2361 72 27 shoes,

1312 2385 42 21 150
1363 2385 76 27 pieces
1449 2385 75 22 chintz
1533 2387 76 26 prints,

1312 2412 27 21 76
1349 2411 56 28 kegs
1415 2412 27 22 of
1452 2412 64 27 nails,
1528 2420 12 14 a
1545 2413 45 22 fine
1597 2417 139 26 assortment,

1310 2439 15 20 2
1334 2446 63 14 cases
1406 2439 100 21 assorted
1515 2440 132 28 perfumery,

1311 2467 14 19 6
1334 2472 63 15 cases
1404 2465 87 23 bottled
1499 2466 63 22 fruits
1572 2467 45 22 and
1626 2475 84 20 sauces,

1313 2493 11 20 1
1337 2499 51 15 case
1399 2492 59 22 table
1467 2493 78 27 lamps,

1312 2520 12 20 1
1334 2519 55 22 cask
1397 2519 127 28 perforated
1534 2520 55 27 zinc,
1600 2521 94 23 suitable
1703 2522 35 22 for
1746 2522 91 23 larders.

1677 2556 110 22 William
1798 2557 73 22 Lyon.

1286 2598 71 48 ON
1368 2598 86 27 SALE,
1466 2606 29 14 ex
1503 2600 58 25 Lucy
1573 2601 81 25 Sharpe
1661 2609 35 11 .—

1354 2624 131 28 Abernethy
1499 2625 97 28 biscuits,
1607 2627 76 22 mixed
1697 2627 64 23 York
1774 2628 62 28 ditto,
1847 2629 24 23 in

1284 2650 32 22 tin
1326 2658 69 21 cases,

1310 2678 128 27 Presburgh
1453 2679 59 22 wine
1527 2679 96 29 biscuits,
1641 2681 109 28 captain's
1768 2681 62 29 ditto,
1847 2683 25 21 in

1283 2704 33 22 tin
1326 2712 69 20 cases.

1310 2732 91 22 Bottled
1408 2732 72 27 fruits,
1489 2733 85 27 pickles
1583 2733 45 23 and
1636 2741 86 20 sauces,

1311 2758 93 22 Seidlitz
1413 2759 108 28 powders,
1531 2760 137 28 champagne
1677 2761 77 22 lemon
1763 2763 107 27 powders,

1311 2785 109 23 Concrete
1427 2786 61 27 juice
1503 2787 26 21 of
1538 2787 92 28 lemons,
1642 2795 92 15 essence
1749 2789 26 21 of
1785 2789 85 28 ginger,

1283 2812 76 22 lemon
1369 2820 75 19 syrup,

1310 2839 123 22 Perfumed
1442 2839 49 23 hair
1498 2840 36 26 oil,
1540 2840 108 23 lavender
1654 2845 75 24 water,
1738 2850 49 14 rose
1796 2846 74 24 water,

1310 2866 113 22 Essential
1434 2866 41 22 salt
1489 2867 27 21 of
1526 2867 94 28 lemons,
1630 2869 132 26 magnesian
1771 2870 102 27 aperient

1282 2893 97 28 powder,

1308 2919 108 23 Tincture
1432 2919 26 22 of
1468 2920 89 28 Turkey
1572 2921 103 28 rhubarb,
1687 2921 60 23 balm
1762 2923 26 21 of
1797 2923 75 28 Abys-

1282 2946 80 27 sinnia,

1309 2973 104 28 Bouquet
1429 2973 39 23 dcs
1486 2973 83 28 dames,
1589 2975 29 21 de
1632 2982 52 16 rose
1703 2975 132 29 millifleurs,
1846 2977 24 22 in

1282 3003 53 19 neat
1345 3007 69 18 cases,

1289 3035 6 3 ■
1308 3027 106 27 Bouquet
1423 3027 28 22 de
1460 3027 80 22 Albert
1548 3027 28 22 de
1587 3027 106 28 Victoria,

1308 3053 51 22 Eau
1369 3054 27 20 de
1406 3054 106 26 Cologne,
1524 3057 63 18 court
1595 3055 89 26 plaster,
1696 3055 63 21 tooth
1771 3056 96 27 powder,

1309 3080 130 22 Maccassar
1448 3080 36 26 oil,
1496 3080 103 27 smelling
1611 3081 87 27 bottles,
1709 3082 104 27 marking
1821 3083 46 27 ink,

1308 3106 58 22 New
1390 3111 63 17 scent
1475 3107 54 27 bags
1550 3107 37 22 for
1615 3108 127 28 perfuming
1766 3109 101 28 drawers,

1282 3133 92 27 clothes,
1386 3134 48 26 &c,

1308 3160 59 22 Hair
1395 3160 101 27 brushes,
1526 3161 82 26 combs,
1631 3161 69 22 silver
1726 3163 51 21 wire
1806 3163 64 22 tooth

1281 3186 100 23 brushes.

1647 3215 112 23 William
1768 3216 73 22 Lyon.

1282 3240 84 22 Corner
1375 3240 27 22 of
1411 3240 152 22 Willis-street
1572 3241 46 21 and
1627 3241 188 30 Lambton-quay,

1427 3267 130 28 September
1566 3269 33 26 10,
1611 3270 61 20 1841.

1284 3312 71 22 r\N
1379 3313 86 27 SALE,
1489 3313 32 26 by
1543 3312 39 22 the
1604 3313 195 27 undersigned.—

1307 3367 14 20 2
1338 3365 75 28 hhds.,
1431 3365 128 28 containing
1577 3373 14 14 a
1608 3369 64 24 great
1689 3367 85 27 variety
1792 3367 26 22 of
1834 3368 31 21 tin

1281 3398 64 21 ware,

1307 3419 83 22 Brown
1399 3422 66 25 stout,
1658 3419 89 23 Packed
1774 3420 24 23 in
1826 3420 39 23 red

1307 3445 54 22 Pale
1371 3446 42 27 ale,
1608 3442 92 38 [-boxes,
1731 3447 73 22 suited
1830 3448 35 21 for

1308 3472 74 22 Men's
1392 3473 64 21 boots
1467 3473 45 22 and
1524 3472 70 28 shoes,
1601 3469 11 30 J
1624 3473 81 22 Native
1714 3474 68 22 trade.

1307 3499 64 28 Soap,

1305 3525 108 22 Blankets
1415 3537 29 4 —
1444 3525 66 22 white
1519 3526 43 22 and
1572 3527 47 27 red,

1306 3551 112 29 Clothing,

1305 3579 82 21 Cotton
1395 3579 79 32 prints,

1305 3605 83 34 Sherry
1394 3613 24 15 in
1428 3608 91 25 quarter
1528 3606 69 27 casks,

1305 3632 210 22 Double-barrelled
1524 3633 126 26 percussion
1660 3641 65 20 guns,

1304 3658 135 28 Negrohead
1449 3659 97 22 tobacco.

1655 3687 92 21 Samuel
1761 3687 98 22 Revans.

1304 3712 60 22 June
1376 3712 32 27 16,
1421 3713 60 21 1841.
1823 3736 36 11 .__

1489 3757 66 20 Seed
1575 3758 75 20 Peas.

1277 3789 91 35 npHE
1383 3790 151 27 undersigned
1542 3789 40 23 has
1592 3798 14 14 a
1615 3791 104 27 quantity
1729 3791 27 22 of
1761 3792 98 27 superior

1282 3813 29 25 JL
1357 3817 53 21 blue
1427 3817 51 21 seed
1495 3824 51 19 peas
1560 3817 35 21 for
1613 3817 52 26 sale,
1682 3825 77 20 grown
1777 3819 23 21 in
1821 3818 37 22 the

1275 3843 72 27 valley
1354 3843 27 21 of
1388 3843 37 21 the
1437 3843 58 21 Hurt
1505 3843 29 27 by
1541 3843 38 22 the
1588 3843 43 23 late
1643 3845 45 21 Mr.
1698 3845 80 21 Eaton.
1802 3845 55 21 Also

1275 3876 12 14 a
1296 3870 103 27 quantity
1409 3869 26 21 of
1444 3869 75 23 radish
1528 3870 58 22 seed.

1644 3897 28 22 E.
1688 3897 141 23 CATciirooL.

1300 3922 186 23 Dickson-street.

677 606 103 52 JM.
794 606 135 29 TAYLOR,
944 608 32 23 Te
991 609 55 27 Aro,
1059 608 42 24 has
1115 616 31 16 on
1163 609 53 28 sale,
1237 616 29 16 ex

716 646 11 10 •
757 634 61 26 Lucy
828 635 90 26 SAarpe,
919 646 29 5 —

759 660 108 23 Gunter's
875 661 120 28 preserved
1002 662 70 28 fruits,

705 686 76 27 Fancy
790 687 90 23 biscuits
889 688 26 22 in
921 689 52 27 tins,

703 712 64 22 Jams
776 713 45 22 and
826 714 84 28 jellies,

703 739 93 28 Pickles,

702 766 128 28 Raspberry
840 767 99 28 vinegar,

702 792 99 28 Herring
810 798 70 23 paste,

701 819 113 28 Anchovy
823 824 70 24 paste,

701 845 54 22 Pate
765 853 28 15 au
801 846 81 27 diable,

701 871 102 23 Chedder
812 873 46 21 and
868 873 73 22 North
950 874 68 22 Wilts
1025 874 86 29 cheese,
1120 875 41 22 &c.
1171 876 42 22 &c.

933 908 63 21 ALSO,

700 924 115 28 Blankets,

700 952 93 22 Printed
802 955 113 26 dtuggets,

700 978 52 28 Slop
762 979 107 28 clothing,

698 1005 69 23 Boots
776 1006 46 22 and
831 1006 72 28 shoes,
915 1007 45 22 and
970 1007 53 23 shoe
1032 1009 120 28 materials,

699 1032 53 28 Ship
764 1033 129 28 chandlery,

700 1059 151 29 Gunpowder,

699 1086 63 28 Shot,

673 1110 9 9 *
699 1112 82 29 String,

700 1140 135 28 Stationery,

698 1166 109 29 Tobacco,

699 1193 65 28 Soap,

699 1220 21 21 A
727 1220 113 28 bagatelle
848 1221 72 23 board
929 1222 117 28 complete,

698 1246 77 28 Magic
784 1248 96 27 lantern,

699 1273 119 23 Electrical
828 1274 112 29 machine,

701 1300 78 28 Piano,

698 1326 22 22 A
728 1326 64 28 large
800 1328 137 22 assortment
945 1329 26 22 of
977 1329 77 28 snuffs,
1064 1330 124 29 consisting
1196 1331 26 22 of
1227 1339 34 15 :—

699 1353 100 23 Prince's
809 1354 106 28 mixture,

699 1380 124 28 Strasburg,

699 1406 43 23 No.
752 1408 36 27 45,
798 1408 101 27 scented,

699 1433 80 23 Prince
789 1434 101 23 Albert's
899 1435 107 29 mixture,

699 1460 111 22 Morton's
820 1462 106 27 mixture,
933 1484 3 4 .

698 1487 44 22 No.
750 1489 35 26 31,
795 1488 51 22 best
854 1489 86 27 brown,

699 1514 138 22 Hardham's
846 1515 45 23 No.
899 1515 36 28 37,

699 1541 63 22 Cuba
771 1545 103 25 carrotte,

699 1567 114 29 Princeza,
1162 1584 9 9 >

700 1594 148 24 Grimstone's
858 1595 114 30 diamond,

699 1622 90 27 Scotch,

699 1648 148 23 Grimstone's
858 1656 42 21 eye
910 1650 67 22 snuff.
1269 1648 2 25 i

698 1702 68 23 From
776 1703 155 24 Black-Brood's
939 1707 82 26 Lady's
1025 1707 120 28 Magazine,
1153 1707 35 22 for
1197 1708 62 27 May,

671 1730 61 22 1838.
761 1730 34 22 To
812 1731 39 21 Mr
869 1731 36 23 W.
916 1731 137 30 Grimstone,
1066 1742 30 14 on
1111 1734 36 23 his
1157 1735 101 22 valuable

670 1756 116 22 invention
797 1757 27 22 of
834 1757 39 23 the
882 1758 50 28 Eye
947 1760 70 27 Snuff,
1027 1761 67 22 made
1103 1761 59 22 from
1177 1762 83 22 British

670 1783 72 28 herbs,
753 1783 36 23 for
797 1784 40 22 the
853 1785 101 23 diseased
969 1794 80 21 organs
1059 1788 27 21 of
1097 1787 39 23 the
1148 1788 59 22 head
1215 1789 45 22 and

670 1817 51 19 eyes
727 1818 6 14 :
734 1822 30 5 —

671 1837 69 22 Great
747 1844 46 16 was
801 1837 40 23 the
849 1846 77 20 power
933 1839 48 23 that
989 1841 38 22 did
1035 1843 24 20 to
1068 1848 54 15 man
1132 1842 82 28 impart

670 1863 103 23 Creative
780 1865 81 27 genius
870 1865 46 23 and
923 1866 114 24 inventive
1047 1872 35 18 art
1089 1876 5 19 ;

670 1890 47 23 The
736 1892 84 22 second
840 1893 73 27 praise
934 1893 26 28 is,
981 1895 120 28 doubtless,
1122 1895 135 28 Grimstone,

722 1917 71 23 thine.

670 1943 59 23 Wise
738 1952 46 14 was
793 1945 63 22 thine
865 1945 66 28 head,
942 1947 45 23 and
996 1950 62 25 great
1064 1955 46 16 was
1120 1948 41 28 thy
1169 1949 87 28 design,

665 1970 52 26 ,Our
725 1971 103 26 precious
838 1973 65 27 sight,
915 1973 156 28 frorn_danger.
1076 1982 31 15 no
1108 1982 20 15 w
1138 1978 38 19 set-
1180 1976 55 27 free,

661 1997 90 27 •Wives,
763 1997 97 28 widows,
870 1998 91 29 fathers,
971 2007 84 20 praises
1065 2001 51 27 sing
1126 2004 22 19 to
1159 2001 57 23 thee.

981 2027 134 23 Elizabeth
1130 2029 101 22 Robson.

670 2051 33 25 19,
713 2050 136 28 Bell-street,
861 2051 179 30 Edgware-road,
1054 2055 154 27 Marylebone.

677 2095 160 31 JOHNSON
851 2097 47 22 and
912 2097 111 24 MOORE
1036 2098 58 23 have
1108 2100 110 26 received,
1230 2107 27 15 ex

669 2117 26 26 O
731 2123 94 21 Matilda
833 2131 36 14 :—

696 2155 66 23 Wine
772 2156 23 22 in
806 2161 92 24 quarter
908 2158 64 22 casks
981 2159 46 22 and
1036 2167 70 20 cases,

696 2182 66 23 Cider
771 2184 23 21 in
804 2185 65 22 casks
879 2185 46 21 and
935 2193 69 19 cases,

695 2210 43 21 Tin
747 2210 26 22 in
782 2211 78 28 boxes,
872 2212 11 22 I
894 2212 18 22 C
921 2213 46 21 and
978 2213 11 22 I
999 2213 30 25 X,

696 2236 96 23 Refined
800 2245 75 21 sugar,
887 2239 178 29 confectionery,

696 2264 101 27 Oranges
807 2265 46 22 and
862 2266 94 27 lemons,

695 2290 64 22 Fruit
769 2295 57 18 trees
837 2293 27 21 of
870 2293 30 21 all
911 2297 62 24 sorts,

695 2317 82 27 Prints,
788 2319 39 25 10J
837 2319 111 29 blankets,

695 2344 144 29 Bandannas,
849 2346 89 27 shawls.

695 2371 112 23 Artificial
816 2372 96 29 flowers,
922 2374 44 22 silk
973 2375 129 28 umbrellas,

695 2398 102 22 Damask
806 2399 125 28 cloakings,
941 2401 88 28 calicos,

695 2425 71 23 Black
775 2426 45 22 and
830 2422 108 27 coloured
946 2428 43 22 silk
997 2429 55 21 boot
1059 2429 68 27 laces,

696 2452 21 21 A
734 2453 88 27 variety
841 2454 27 22 of
879 2454 89 23 articles
986 2455 35 23 for
1037 2456 40 22 the
1095 2464 41 14 use
1152 2456 27 22 of
1192 2455 64 24 shoe-

669 2478 95 29 makers,
775 2479 62 29 lasts,
846 2481 95 27 bristles,
952 2483 41 21 &c.

694 2506 21 20 A
724 2507 104 28 quantity
839 2508 26 21 of
872 2508 113 23 excellent
994 2509 45 22 sole
1047 2509 94 28 leather,

699 2533 18 21 A
727 2535 44 20 few
781 2533 105 24 hundred
895 2535 47 22 feet
955 2536 28 22 of
994 2536 81 28 capital
1086 2538 24 20 11
1121 2537 53 22 inch
1184 2537 71 22 Baltic

667 2559 69 28 plank
743 2561 47 21 and
797 2561 54 22 inch
861 2561 88 30 boards,

695 2587 22 21 A
735 2588 105 27 quantity
858 2589 27 21 of
903 2589 123 28 hardware,
1046 2590 138 28 comprising
1207 2590 48 22 dish

668 2621 82 20 covers,
761 2615 129 27 perforated
897 2616 57 28 zinc,

693 2641 60 22 Wire
763 2649 71 19 gauze
844 2650 85 20 covers,
941 2643 92 28 cutlery,

694 2668 66 22 Brass
769 2669 51 21 butt
828 2669 88 28 hinges,
923 2670 50 22 iron
983 2671 44 21 and
1037 2670 58 22 tin'd
1104 2671 69 28 tacks,

694 2695 71 22 Hand
774 2695 63 28 bells,
847 2696 64 23 brass
921 2697 66 26 cap'd
994 2697 70 28 locks,

694 2721 142 23 Escutcheon
846 2723 58 28 pins,
916 2724 58 22 nails
983 2725 45 21 and
1035 2732 87 20 screws,

694 2749 54 21 Hob
759 2749 64 28 nails,
834 2749 52 23 heel
896 2751 64 27 nails,

693 2775 114 23 Decanter
817 2777 73 28 corks,
900 2778 77 27 plated
987 2781 56 25 tops,

694 2802 54 22 And
757 2810 15 15 a
781 2803 63 27 large
853 2805 88 27 variety
950 2805 27 21 of
984 2805 63 22 other
1054 2805 96 22 articles.

669 2847 152 35 QILLERY
830 2848 153 29 Champagne,
994 2850 45 22 and

667 2872 34 25 k3
731 2874 120 28 Sparkling
861 2876 103 23 Moselle.

962 2911 108 22 Johnson
1080 2911 46 22 and
1134 2911 93 23 Moore.

666 2954 101 49 FINE
778 2954 92 29 Sydney
879 2963 102 21 oranges,

723 2981 100 23 Lemons
832 2982 37 22 for
876 2983 81 27 ginger
964 2984 56 21 beer
1028 2991 26 15 or
1061 2984 66 22 wine.

960 3017 107 22 Johnson
1079 3017 45 22 and
1133 3018 94 22 Moore.

664 3060 126 48 LAND.
791 3071 28 5 —
819 3062 39 20 An
868 3061 64 27 early
941 3062 95 21 number
1049 3062 25 22 in
1084 3062 84 22 second
1178 3063 73 27 series,

726 3086 47 23 and
782 3094 13 16 a
805 3088 99 22 number
913 3095 56 16 near
976 3090 42 21 200
1027 3089 24 22 in
1061 3088 63 28 ditto,
1134 3089 36 22 for
1178 3089 56 22 sale.

959 3123 107 22 Johnson
1075 3123 47 22 and
1132 3123 94 23 Moore.

664 3165 73 50 EX
760 3166 39 23 the
821 3168 61 26 Lucy
908 3169 91 25 Sharpe,
1023 3168 27 22 of
1068 3168 110 22 London:
1180 3179 29 5 —
1233 3189 5 2 .

740 3193 39 22 An
790 3196 116 21 extensive
916 3196 45 21 and
974 3195 51 22 well
1039 3195 99 23 selected
1152 3195 63 23 stock
1231 3194 25 23 of

690 3220 66 22 Brass
766 3220 83 30 sliding
857 3222 156 28 candlesticks,

690 3247 121 27 Japanned
823 3249 50 27 snip
882 3249 127 28 lanthorns,

690 3274 98 22 Bracket
795 3274 80 30 lamps,

689 3300 109 29 Hanging
805 3302 81 28 lamps,

689 3327 70 23 Table
767 3328 80 28 lamps,

689 3354 71 23 Cabin
769 3355 80 29 lamps,

688 3380 55 23 Hall
751 3381 81 29 lamps,

689 3408 54 22 Also
753 3415 16 15 a
777 3408 63 28 large
849 3409 64 23 stock
927 3410 25 22 of
963 3413 64 19 extra
1042 3410 87 27 shades,
1148 3410 102 27 chimney

659 3434 91 29 glasses,
760 3436 90 26 ground
859 3444 70 15 moon
938 3437 90 27 glasses,
1039 3440 76 19 cotton
1125 3437 74 27 wicks,
1211 3437 38 22 &c.

805 3470 126 29 Wallace,
941 3471 93 28 White,
1044 3472 47 22 and
1100 3472 123 22 Wallace.

687 3502 91 28 August
785 3505 35 25 28,
836 3504 62 22 1841.

659 3546 72 48 ON
741 3547 86 27 SALE,
839 3554 29 15 ex
875 3549 101 25 Matilda,

735 3574 62 27 Fifty
806 3577 52 19 tons
867 3575 49 23 first
925 3575 102 23 Colonial
1034 3575 66 29 flour,

734 3600 82 22 Brown
825 3608 74 21 sugar,

734 3626 99 28 Raisins,
845 3628 48 27 figs,

733 3654 126 22 Barcelona
868 3658 59 25 nuts,

733 3680 127 28 Liquorice,

734 3707 82 22 Mould
825 3708 99 27 candles,

735 3734 107 27 Whiting,
853 3735 113 28 blacking,

733 3760 97 28 Oakum,
841 3761 59 28 blue,

732 3787 101 27 Taylor's
844 3788 91 22 Persian
946 3788 84 27 thread,

733 3814 53 27 Gin,
810 3814 95 29 brandy,
929 3815 46 22 and
994 3823 56 20 rum,
1070 3815 24 23 in
1112 3815 64 23 hhds.
1201 3816 43 22 and

655 3843 90 25 quarter
753 3840 71 27 casks,

732 3867 77 22 Wines
815 3868 24 21 in
849 3868 64 22 wood
922 3868 45 22 and
976 3869 77 28 bottle,

733 3894 44 22 Ale
786 3894 46 22 and
840 3897 75 25 porter
923 3895 24 23 in
956 3895 77 28 bottle,
1042 3899 75 25 quarts
1124 3896 44 22 and
1176 3897 66 26 pints.

959 3922 82 23 Waitt
1051 3923 45 22 and
1105 3923 83 23 Tyser.
1253 3921 2 17 '

288 600 125 23 NOTICE.

196 633 67 21 Port
277 633 33 22 of
320 635 181 27 Wellington.

60 666 141 52 NOTICE
223 666 29 23 IS
274 667 130 24 HEREBY
426 669 110 28 GIVEN,
560 670 49 22 that
633 678 13 15 a

135 693 135 29 warehouse,
287 695 99 22 situated
394 698 24 19 at
425 696 34 22 Te
471 696 53 28 Aro,
539 697 38 22 the
593 705 52 20 pro-

60 724 59 26 perty
133 719 25 22 of
174 720 26 22 T.
217 720 35 23 M.
268 721 117 28 Partridge
403 722 47 23 and
465 724 47 26 Co.,
529 724 40 21 has
585 724 59 23 been

60 746 107 30 approved
176 747 34 22 for
218 747 39 22 the
268 748 117 28 reception
399 749 27 22 of
437 750 74 26 spirits
520 751 46 22 and
579 751 67 22 other

59 774 64 28 goods
145 773 72 22 under
235 774 73 28 Bond,
327 776 25 21 in
374 780 138 19 accordance
533 777 54 23 with
606 778 38 22 the

61 800 120 23 Ordinance
189 800 27 23 of
220 800 39 23 the
270 802 119 23 Governor
398 802 46 23 and
451 804 94 22 Council
555 804 26 23 of
586 804 59 23 New

59 827 101 27 Zealand,
172 827 43 22 No.
225 829 22 27 3,
257 828 27 22 of
289 830 61 21 1841.

83 854 32 22 As
120 853 73 28 ample
203 855 194 22 accommodation
412 855 43 23 has
464 863 50 16 now
523 856 58 23 been
591 864 53 20 pro-

59 880 61 24 vided
132 880 35 22 for
178 880 39 23 the
225 889 97 20 purpose
332 882 27 22 of
369 882 113 28 Bonding,
492 882 39 23 the
540 883 105 24 different

59 907 82 24 holders
151 907 27 22 of
187 907 75 29 spirits
277 915 39 16 are
325 908 112 29 required,
447 910 162 31 immediately,
619 914 24 19 to

58 934 52 23 send
117 933 59 22 their
190 934 73 28 spirits
272 938 24 19 to
307 942 43 15 one
361 936 27 21 of
400 936 39 22 the
449 936 106 29 Bonding
564 937 79 23 Ware-

58 962 81 30 housesj
149 967 25 15 or
182 964 24 19 to
215 968 45 22 pay
269 962 39 22 the
318 962 81 23 duties.

108 987 101 28 (Signed)
264 988 25 23 P.
300 989 31 22 D.
346 989 77 28 Hogg,
437 990 177 24 Sub-Collector.

81 1014 176 28 Custom-house,
266 1015 148 29 Wellington,
425 1017 61 28 Sept.
497 1018 34 27 17,
541 1020 63 21 1841.

227 1060 133 23 Barrett's
373 1063 93 21 Hotel.

58 1093 99 55 JOHN
183 1093 106 24 WATTS
313 1095 55 28 begs
386 1099 24 19 to
428 1096 104 23 intimate
555 1100 23 20 to
602 1098 40 23 the

114 1123 80 25 gentry
202 1121 45 22 and
256 1121 139 24 inhabitants
405 1123 27 22 of
437 1123 146 29 Wellington,
591 1125 51 22 that

115 1154 24 15 m
157 1148 134 28 succeeding
310 1149 45 22 Mr.
376 1150 67 22 Hunt
463 1150 25 23 in
506 1150 39 23 the
568 1152 73 22 above

57 1173 166 29 establishment,
240 1174 29 23 he
285 1177 69 21 trusts
369 1176 29 22 he
416 1176 48 23 will
479 1177 52 27 give
548 1179 94 27 general

57 1201 136 27 satisfaction,
204 1201 45 22 and
258 1202 67 22 merit
332 1202 77 28 public
418 1204 156 28 approbation,
584 1205 32 28 by
626 1213 14 15 a

58 1228 76 24 careful
144 1227 44 23 and
201 1228 114 28 judicious
325 1229 106 23 selection
442 1230 28 23 of
476 1230 78 24 choice
563 1232 78 28 wines,

57 1255 74 29 spirits,
141 1255 40 22 &c.

82 1282 54 22 N.B.
136 1293 29 5 —
165 1281 58 23 Well
239 1281 63 24 aired
317 1282 63 24 beds.
409 1283 40 24 An
459 1284 105 29 ordinary
580 1286 62 28 daily

57 1312 21 20 at
85 1310 13 21 2
108 1316 44 15 p.m.

82 1335 138 28 Wellington,
231 1336 132 28 September
373 1338 34 26 16,
418 1338 62 22 1841.

58 1380 175 50 WANTED,
249 1381 35 22 for
298 1382 189 29 Barrett's-hotel,
499 1391 16 15 a
528 1384 58 22 cook
595 1385 47 22 and

146 1408 138 22 housemaid.
319 1408 66 33 They
402 1413 63 19 must
482 1411 98 28 produce
598 1419 44 15 un-

58 1434 160 27 exceptionable
259 1435 150 23 testimonials
450 1440 23 20 to
517 1437 123 24 character.

58 1462 69 28 Apply
136 1464 22 19 to

479 1491 23 23 J.
517 1491 94 23 Watts.

178 1533 87 21 Town
278 1534 88 21 Acres
380 1535 127 22 Wanted.

58 1566 167 49 WANTED
240 1567 40 22 TO
301 1568 174 28 PURCHASE,
490 1576 44 16 one
553 1577 25 15 or
596 1573 45 20 two

158 1601 62 15 acres
242 1594 25 22 in
290 1594 39 22 the
350 1595 71 22 Town
445 1596 28 22 of
494 1596 146 29 Wellington.

58 1620 80 22 Letters
146 1620 119 23 addressed
278 1624 25 19 to
312 1622 23 22 J.
345 1622 38 27 A.,
394 1622 187 29 Barrett's-hotel,
595 1617 40 30 wit

58 1649 53 20 meet
119 1646 53 23 with
179 1647 131 23 immediate
318 1649 121 23 attention.

190 1692 120 22 Wanted
324 1693 43 21 for
380 1694 116 27 Nelson,

57 1726 45 49 A
115 1726 197 23 COMMISSION
326 1728 116 27 AGENT,
458 1732 24 19 to
495 1729 52 23 take
557 1729 83 28 charge

129 1753 24 22 of
159 1752 60 30 large
230 1754 169 28 consignments
411 1756 29 21 of
451 1756 57 27 iron,
520 1757 61 26 steel,
593 1757 47 22 and

56 1778 45 23 lead
110 1779 22 22 in
145 1780 31 22 all
190 1783 29 20 its
232 1780 121 28 branches;
370 1782 57 27 zinc,
442 1790 82 15 roman
540 1787 99 24 cement,

56 1806 36 22 &c.
102 1807 46 26 &c,
157 1807 58 22 from
230 1808 38 22 the
285 1808 49 22 first
346 1809 181 23 manufacturers
540 1810 24 22 in
578 1811 62 22 Lon-

56 1832 47 23 don.
130 1835 144 27 Respectable
291 1836 83 27 parties
385 1836 44 22 will
445 1837 28 21 be
487 1837 85 22 treated
585 1838 55 22 with

55 1859 100 28 liberally.
191 1861 88 23 Letters
297 1865 25 20 to
341 1863 28 22 be
386 1863 122 23 addressed
527 1868 23 18 to
566 1864 22 22 J.
599 1865 39 27 A.,

57 1886 176 24 Barrett's-hotel.

103 1931 181 23 Commission
303 1935 94 26 Agent
413 1936 112 21 wanted
539 1935 44 22 for

251 1961 181 27 Wellington.

54 1992 167 47 WANTED
237 1996 23 18 to
269 1994 53 21 take
337 1994 81 27 charge
428 1992 30 24 of
459 1994 64 28 large
533 1995 106 28 consign-

143 2022 71 19 ments
224 2020 28 21 of
264 2020 56 26 iron,
333 2020 62 27 steel,
406 2022 46 21 and
461 2022 51 22 lead
527 2022 24 21 in
561 2022 30 22 all
609 2023 30 21 its

55 2044 99 23 branches
160 2053 5 19 ;
180 2046 58 26 zinc,
248 2053 80 16 roman
344 2051 96 24 cement,
459 2050 40 20 &c.
517 2049 49 27 &c,
576 2050 61 21 from

56 2072 32 21 the
103 2072 45 22 first
162 2073 177 23 manufacturers
355 2075 24 22 in
397 2075 103 22 London.
529 2076 110 28 Respect-

56 2099 43 22 able
119 2100 81 26 parties
218 2100 45 22 will
286 2101 29 22 be
334 2102 86 21 treated
447 2102 54 22 with
524 2102 114 29 liberally.

56 2125 78 22 Letters
144 2130 22 18 to
176 2126 26 22 be
212 2126 120 23 addressed
341 2131 23 19 to
374 2128 63 28 J.A.,
447 2129 189 23 Barrett's-hotel.

270 2173 55 21 For
339 2174 71 25 Sale,

71 2204 16 22 A
114 2204 71 23 FINE
195 2206 43 22 fast
247 2207 82 28 sailing
343 2207 75 28 yacht,
430 2211 73 20 cutter
512 2208 85 28 rigged,
612 2209 25 22 in

57 2236 44 16 XJL
139 2232 109 28 thorough
263 2241 79 21 repair,
362 2234 54 23 with
432 2243 52 14 new
494 2236 59 26 sails,
569 2236 69 22 chain

58 2258 60 27 cable,
130 2260 43 21 and
187 2260 84 22 anchor
284 2261 95 27 entirely
388 2262 120 28 complete.
537 2263 44 21 She
591 2264 48 21 will

58 2291 55 21 carry
129 2286 66 22 about
212 2287 62 22 three
292 2295 25 15 or
336 2288 51 22 four
405 2293 60 24 tons,
486 2289 45 23 and
548 2290 20 22 is
585 2290 53 22 well

58 2311 85 28 adapted
151 2316 21 19 to
181 2314 61 22 trade
252 2314 103 23 between
364 2315 45 23 this
418 2316 64 28 place
492 2316 46 22 and
546 2317 90 22 Petoni.

58 2338 65 28 Apply
134 2342 21 19 to

303 2369 23 22 J.
341 2369 34 23 M.
390 2370 104 28 Taylor,
510 2370 31 22 Te
552 2371 56 22 Aro.

59 2410 188 36 pAUTION.—
246 2413 99 23 Thomas
355 2413 137 24 M'Namara
499 2415 86 28 having
593 2416 44 22 left

61 2441 33 16 v>
119 2445 37 20 my
166 2439 94 33 employ,
272 2440 39 22 the
328 2441 144 23 Inhabitants
487 2443 27 21 of
526 2442 112 29 Welling-

58 2465 32 20 ton
99 2464 41 22 and
149 2465 27 23 its
182 2467 93 28 vicinity
281 2475 38 15 are
325 2469 120 27 requested
454 2472 41 19 not
501 2472 23 19 to
534 2477 45 20 pay
587 2469 50 23 him

58 2497 37 21 any
104 2492 80 22 monies
195 2500 28 16 on
232 2502 38 20 ray
282 2498 104 20 account.

81 2549 25 3 __
118 2551 6 6 ,
267 2528 113 23 William
395 2529 92 28 Allen,
501 2530 107 22 Butcher.

81 2549 135 31 Wellington,
228 2554 61 28 Sept.
301 2556 34 26 14,
347 2557 62 21 1841.

58 2594 83 49 JUST
164 2598 195 26 RECEIVED.—
359 2601 107 23 Nautical
488 2602 147 28 Almanacks,

113 2624 57 22 1842.
628 2618 7 12 '

80 2648 84 30 Sydney
173 2652 66 22 Sheet
249 2654 126 24 Almancks
384 2655 35 23 for
428 2657 63 21 1841.

196 2697 278 26 ADVERTISEMENT.

58 2726 32 22 To
106 2728 41 23 the
162 2730 96 23 Editor
277 2733 32 21 of
331 2735 44 20 the
511 2735 124 21 Zealand

59 2787 66 30 fim>
126 2800 28 6 —
154 2790 26 23 In
198 2792 117 25 reference
332 2798 23 19 to
371 2802 31 16 an
419 2795 178 23 advertisement
610 2796 25 22 in

59 2817 28 19 kJ
100 2823 52 20 your
158 2825 67 21 paper
234 2820 27 22 of
270 2821 40 23 the
326 2822 53 23 11th
394 2823 93 27 instant,
505 2822 72 23 under
595 2823 40 22 the

58 2845 98 22 signature
165 2845 25 22 of
224 2846 63 24 John
303 2848 83 29 PhUlip
522 2850 12 22 I
552 2850 45 28 beg
611 2853 24 19 to

58 2874 33 21 say
106 2872 45 21 that
162 2872 36 23 the
213 2876 132 23 statements
359 2877 88 22 therein
462 2877 120 22 contained
596 2885 39 15 are

59 2896 110 30 absolutely
177 2900 44 22 and
235 2902 98 28 entirely
346 2903 84 23 devoid
442 2904 29 22 of
490 2904 74 28 truth;
588 2904 48 22 and

59 2927 77 24 coming
144 2928 22 19 at
174 2926 42 23 this
231 2926 124 30 particular
369 2933 110 25 moment,
490 2939 38 14 are
543 2931 92 28 equally

58 2953 93 20 «oh«o«*
158 2954 44 22 and
214 2954 120 30 impotent.
366 2957 50 23 The
432 2958 163 23 circumstance
611 2958 28 22 of

58 2980 41 18 mat
105 2980 116 24 individual
227 2982 69 29 being
301 2984 173 28 unfortunately
484 2993 13 14 a
506 2986 94 22 relative
608 2986 27 21 of

58 3007 57 25 wine,
134 3006 75 24 debars
227 3016 40 21 my
282 3011 79 28 giving
376 3012 156 30 particularity
546 3015 24 19 to
586 3019 48 20 any

59 3054 5 5 •
125 3036 89 21 abonsu
211 3037 106 27 JP°nhim
330 3045 25 15 or
364 3038 45 23 this
418 3041 149 26 transaction;
586 3039 47 22 and

58 3061 130 34 F^edupon
198 3064 119 26 observing
325 3065 39 22 the
373 3066 102 27 peculiar
484 3066 149 27 phraseology

58 3088 19 16 m
85 3088 44 19 that
136 3088 123 30 document,
270 3095 45 19 and
329 3092 108 28 glancing
452 3095 25 19 at
490 3092 39 22 the
543 3094 92 20 musical

59 3112 77 23 witness
476 3120 13 22 I
505 3127 37 15 am
556 3120 79 22 rather

59 3141 87 24 oisposed
155 3143 21 20 to
185 3147 87 24 suspect
281 3145 51 23 that
345 3153 62 15 some
420 3147 144 25 speculative
578 3147 55 23 law-

58 3168 33 20 yer
103 3172 16 15 is
136 3168 36 23 the
188 3172 45 19 real
251 3172 77 23 Simon
345 3173 59 23 Pure
428 3173 57 27 (and
503 3173 130 29 something

58 3194 55 47 ?5i
152 3195 128 26 thismatter
279 3216 7 11 »
297 3203 47 19 and
353 3202 42 21 not
404 3200 38 23 the
447 3201 113 23 aforesaid
569 3201 64 23 John

212 3251 12 23 I
238 3259 43 22 am,
292 3254 39 28 sir,

284 3281 64 24 Your
358 3282 107 24 obedient
474 3287 97 25 servant,

80 3324 16 15 p
109 3330 3 4 .
143 3330 7 6 .
168 3332 11 2 _
393 3310 103 24 Francis
510 3311 92 23 Healy.

59 3330 97 28 _£etoni,
167 3332 56 26 Sept
235 3335 33 27 14,
279 3337 62 22 1841.

59 3367 77 30 'THE
148 3376 148 31 undersigned
306 3380 40 24 has
360 3389 30 15 on
404 3382 47 23 sale
461 3382 38 23 the
513 3384 119 28 following

64 3407 25 10 *
120 3403 82 23 articles
210 3412 35 14 :—

58 3424 259 64 ■ftl^&jSf^
329 3435 51 24 sash
388 3436 80 23 rollers
477 3437 46 23 and
532 3440 89 20 centres
621 3454 7 12 >

80 3476 18 23 A
106 3485 57 21 great
171 3485 84 29 variety
264 3477 27 33 of
295 3496 88 21 screws,

198 3512 58 24 bolts
265 3515 47 22 and
319 3520 60 24 nuts,

132 3537 41 22 and
181 3545 46 17 cow
239 3541 85 29 chains,

135 3564 42 22 and
185 3572 81 26 copper
274 3570 62 27 wire,

80 3592 69 34 o^?.^,
146 3596 23 16 as
174 3598 81 25 Piping,
261 3596 46 23 and
312 3597 50 23 iron
369 3597 79 29 piping
453 3598 35 22 for
494 3601 80 25 stoves,
584 3598 42 22 &c.

150 3624 9 14 s
168 3620 52 27 files,

80 3641 38 39 4^
124 3643 43 22 and
174 3645 51 24 shoe
234 3648 102 31 brushes,
346 3651 108 29 markers,
465 3652 41 22 &c.

80 3667 40 33 £Ed
129 3670 102 30 sackings,

80 3688 44 44 gsh
134 3694 71 33 hooks,
200 3683 12 18 b

79 3741 51 20 tlnki
157 3731 10 15 a
167 3732 15 26 ?
185 3726 14 22 d
201 3753 7 8 ,
209 3734 10 15 e
221 3735 45 21 yes,
277 3730 52 28 pins
338 3731 45 23 and
392 3732 99 27 needles,

79 3769 44 30 Slop
132 3755 63 44 Sol?
219 3756 68 23 CaHc0
288 3774 6 11 '
306 3766 12 15 C
319 3766 13 14 °
334 3761 47 20 ttOn
392 3759 82 23 checks
475 3775 6 11 »
491 3760 34 22 &c
526 3775 6 6 *

78 3821 54 25 ficki
130 3803 25 21 ad
155 3819 5 11 '
172 3798 91 39 darning
272 3814 83 25 cotton,
367 3812 47 23 and
421 3813 104 27 worsted,

58 3847 39 24 celli
113 3854 29 22 &c
145 3837 10 15 S
158 3839 23 37 /^
182 3839 15 16 n
229 3843 78 18 sauces
308 3855 7 11 >
332 3840 129 22 maccaroni
478 3840 46 22 and
542 3840 83 22 vermi-

78 3901 41 20 T)!,
407 3893 26 22 E.
450 3894 144 22 Catchpool.

78 3908 17 16 u
96 3908 150 31 'ckson-street.

1913 618 39 21 To
1976 620 114 22 Parents
2115 624 54 20 and
2192 625 164 28 Guardians,
2376 630 54 20 and
2453 631 45 20 the

2035 647 116 23 Patrons
2168 651 31 20 of
2215 652 160 23 Education.

1963 679 23 22 X
2000 679 38 22 the
2051 682 61 26 Lucy
2121 684 88 26 SAarpe,
2222 685 36 22 the
2273 687 115 28 following
2396 689 104 23 valuable

1912 709 47 17 -Li
1989 709 45 19 and
2044 709 78 22 choice
2129 710 117 23 collection
2257 713 26 21 of
2288 713 75 23 school
2373 715 70 23 books
2451 724 35 14 :—

1940 734 78 26 Irving
2026 741 11 14 s
2061 736 133 23 catechisms
2199 746 6 18 ;
2237 739 91 23 Lewis's
2354 743 130 23 catechisms
2490 752 7 19 ;

1912 761 79 19 Uarke
2000 767 9 14 s
2017 767 99 21 primers,
2127 764 99 22 Clarke's
2246 767 137 28 catechisms,
2399 770 99 23 Clarke's

1912 785 181 29 spelling-books,
2105 789 99 23 Clarke's
2214 793 100 27 readers;
2330 795 62 22 Bible
2408 797 89 23 letters-

1911 812 116 28 Mornings
2036 821 25 15 in
2070 815 97 29 library;
2183 818 99 23 Clarke's
2292 821 56 21 Asia
2354 829 5 19 ;
2375 822 90 24 Travels
2476 825 26 21 of

1912 839 113 26 Polyclete
2036 848 6 18 ;
2068 841 162 28 Geographical
2255 849 43 19 test
2320 847 60 23 book
2389 857 5 18 ;
2422 851 78 22 Minor

1913 865 95 27 morals;
2033 867 84 22 Dove's
2135 870 68 26 tales;
2228 872 178 30 Schoolfellows;
2431 877 69 25 Boy's

1911 891 90 27 school;
2030 893 84 22 Sacred
2135 900 80 29 poetry
2225 905 5 19 ;
2259 898 117 24 Robinson
2400 903 98 26 Crusoe;

1911 919 158 26 Linmngtons
2079 923 104 26 speaker;
2199 923 56 23 New
2265 926 83 23 Crusoe
2357 936 6 19 ;
2378 928 59 23 First
2451 934 49 21 step

1911 946 22 18 to
1949 945 101 28 French;
2067 947 86 28 Papyes
2168 950 101 29 plastics;
2286 954 25 20 15
2329 955 54 21 vols.
2401 957 26 21 18
2444 964 54 18 mo.,

1910 971 111 28 assorted;
2044 973 68 28 Fairy
2126 975 70 28 tales;
2218 977 91 24 Charles
2324 981 46 22 and
2384 981 99 29 Lugruia

1909 996 103 25 Barker's
2031 1000 137 30 Amsworth,
2188 1004 14 21 2
2221 1005 67 28 vols.;
2310 1007 90 23 Taver's
2420 1010 78 23 choice

1908 1030 81 22 prose;
2018 1027 99 23 Souters
2145 1030 100 28 primers,
2269 1032 99 24 Souter's
2394 1037 103 26 spelling,

1909 1052 80 21 Souter
1996 1058 10 16 s
2015 1053 87 23 reader.
2474 1054 23 11 °'

2039 1087 124 30 Wallace,
2179 1090 90 31 White,
2286 1094 45 22 and
2345 1094 124 26 Wallace.

1936 1119 131 27 September
2078 1123 32 27 10,
2123 1124 60 21 1841.

2034 1166 192 28 Composition
2240 1171 125 24 Candles.

1909 1196 88 49 FOR
2010 1199 86 28 SALE,
2107 1208 14 14 a
2130 1202 66 23 small
2204 1206 104 27 quantity
2315 1208 27 20 of
2348 1210 148 27 composition

1981 1228 99 27 candles,
2090 1228 27 21 of
2122 1229 59 26 good
2190 1231 93 29 quality.

2203 1264 29 22 D.
2248 1265 21 23 S.
2285 1267 78 22 Durie
2374 1270 45 21 and
2429 1271 38 22 Co.

2096 1307 117 22 Feather
2226 1310 78 22 Beds.

1909 1335 88 36 T^OR
2010 1337 85 29 SALE,
2112 1343 44 19 two
2165 1348 56 21 very
2229 1345 59 25 good
2304 1346 92 27 English
2409 1349 89 24 feather

1939 1388 5 6 •
1980 1364 14 21 b
1994 1371 13 30 f
2009 1364 32 36 fe
2053 1373 40 28 °™
2109 1366 83 24 bolster
2193 1385 5 9 »
2210 1376 13 14 a
2223 1370 32 22 °d
2269 1375 43 19 two
2329 1374 91 25 pillows.
2450 1376 47 23 En-

1908 1396 62 20 quire
1980 1393 23 18 at
2011 1391 45 22 Mr.
2069 1392 145 29 Pharazyn's.
2225 1397 91 28 Pipetea
2325 1399 55 24 Pah.

1962 1435 115 27 Apples,
2096 1438 131 28 Oranges,
2243 1444 55 19 and
2312 1444 125 24 Lemons.

1909 1467 91 40 rpHE
2018 1469 152 28 undersigned
2178 1472 57 24 have
2246 1475 49 27 just
2304 1478 102 22 received
2420 1487 14 14 a
2443 1488 53 19 sup-

1914 1499 30 15 J-
1982 1499 38 22 ply
2039 1499 23 18 oi
2080 1499 60 20 iresh
2158 1500 83 28 apples,
2259 1509 100 22 oranges,
2378 1506 45 22 and
2441 1515 56 17 very

1907 1526 99 21 superior
2020 1521 84 24 Lisbon
2125 1532 85 22 emons,
2221 1528 38 22 the
2269 1529 67 23 finest
2346 1539 51 15 ever
2411 1516 86 41 offereJ

1906 1546 116 46 SiSri?
2054 1557 21 35 f
2082 1550 21 42 ?i
2100 1551 68 28 olony
2170 1569 5 5 -
2192 1580 11 12 ,
2204 1554 63 28 They
2272 1555 58 24 have
2338 1558 46 22 also
2391 1540 105 43 rec^

1989 1601 5 8 ,
1998 1578 32 24 Ity
2041 1576 26 21 of
2074 1577 64 22 otller
2146 1580 77 28 goods,
2233 1583 68 21 viz.—
2301 1595 4 4 •

1933 1602 71 20 Black
2012 1602 46 21 and
2067 1610 69 20 green
2146 1608 54 26 teas,

1933 1627 60 22 Rose
2002 1629 56 21 Cork
2067 1630 81 29 butter,

1933 1653 94 28 English
2035 1656 45 22 and
2089 1658 97 23 colonial
2196 1659 62 24 hams
2268 1663 44 22 and
2322 1664 79 28 bacon,

1935 1681 120 28 Wiltshire,
2065 1683 84 27 Dutch,
2161 1686 45 23 and
2216 1688 94 24 colonial
2321 1691 85 26 cheese,
2440 1698 5 4 -

1934 1710 81 25 Coffee,
2027 1716 101 22 peppers,
2140 1713 40 22 &c.

1932 1733 57 23 Fine
1999 1736 63 21 tooth
2070 1738 76 22 combs
2156 1740 45 21 and
2211 1740 101 29 dressing
2321 1745 75 23 comb
2451 1733 54 36 3

1935 1763 54 20 Also
2008 1769 14 14 a
2039 1763 34 22 lot
2092 1765 27 21 of
2136 1773 93 16 canvass
2246 1769 81 28 frocks,
2342 1772 94 28 jackets,
2448 1775 45 22 and

1907 1789 99 22 trowsers
2016 1790 80 28 selling
2105 1795 160 27 uncommonly
2274 1796 71 29 cheap
2355 1799 34 22 for
2399 1801 59 22 cash.

2153 1827 128 24 Anderson
2295 1831 47 22 and
2356 1832 109 25 Rowand.

1932 1855 146 29 Wellington,
2090 1858 131 28 September
2230 1864 32 24 10,
2275 1865 60 22 1841.

1907 1899 71 30 TpX
2003 1901 37 22 the
2062 1903 61 27 Lucy
2148 1906 88 27 SAarpe,
2260 1909 28 21 of
2311 1910 140 25 London:—

1975 1953 5 8 ,
2013 1931 12 30 i.
2023 1936 24 13 !ir
2046 1936 16 24 £
2063 1937 13 13 c
2084 1935 136 21 assortment
2229 1935 25 21 of
2263 1936 50 22 iron
2323 1942 49 19 pots

1931 1955 59 20 Cask
1999 1955 26 20 of
2036 1959 32 18 tm
2079 1964 64 21 ware,

1903 1979 194 57 VrlT'Slet
2105 1983 85 50 ftc
2185 1994 10 13 i
2191 1993 17 46 :
2210 1990 63 25 Sterg
2274 1996 14 14 °
2290 1990 38 21 OdS
2329 2006 6 11 '
2345 1994 105 21 COnsistin
2451 2002 33 19 e°
2485 1996 13 21 f

1931 2032 22 21 A
1963 2034 60 26 large
2033 2036 64 21 stock
2107 2037 26 21 of
2144 2041 78 25 strong
2230 2039 131 26 hob-nailed
2371 2044 62 24 boots

1931 2092 89 27 August
2029 2096 26 20 28
2050 2069 30 21 W
2075 2097 60 22 lB4L
2140 2079 26 14 CE
2167 2088 6 11 '
2288 2077 44 21 md
2342 2077 86 28 W^
2430 2088 27 15 CE
2459 2097 6 6 '

1981 2139 62 21 Van
2057 2141 137 23 Dieman's
2209 2145 77 23 Land
2299 2149 117 22 Timber.

1921 2172 18 22 A
1966 2172 106 24 LARGE
2086 2177 104 27 quantify
2200 2179 26 21 of
2239 2180 51 22 Van
2300 2182 117 24 Dieman's
2427 2185 65 24 Land

1904 2203 51 17 J.X.
1983 2203 82 19 timber
2083 2203 26 21 of
2126 2210 90 17 various
2232 2206 136 25 dimensions
2378 2218 5 19 ;
2407 2212 48 22 also
2479 2222 13 14 a

1904 2225 61 28 large
1975 2231 104 24 quantity
2087 2229 27 21 of
2124 2230 101 24 Colonial
2234 2234 87 28 timber,
2338 2237 121 29 consisting
2469 2240 25 22 of

1905 2253 103 27 weather,
2020 2254 78 28 lining,
2115 2257 44 21 and
2170 2257 94 30 flooring
2272 2260 82 24 boards
2362 2264 46 21 and
2417 2271 75 17 scant-

1903 2280 49 25 ling
1961 2280 26 21 of
1998 2281 29 21 all
2037 2289 56 15 sizes
2103 2284 46 21 and
2156 2284 103 30 lengths;
2280 2295 51 16 now
2345 2297 29 15 on
2389 2290 63 25 hand
2468 2299 24 18 at

1904 2305 38 22 the
1952 2310 69 19 stores
2032 2308 26 22 of
2065 2309 37 21 the
2112 2311 158 28 undersigned.

1931 2339 64 28 They
2004 2341 45 22 will
2059 2342 46 22 also
2115 2344 28 20 be
2158 2344 76 29 happy
2244 2350 23 18 to
2277 2349 80 28 supply
2368 2351 62 24 those
2440 2354 51 23 who

1903 2367 80 21 intend
1992 2371 98 25 erecting
2100 2370 113 29 buildings
2222 2373 52 23 with
2286 2375 37 22 the
2328 2377 69 23 above
2404 2381 79 21 article

1905 2396 38 18 cut
1961 2396 23 19 to
2004 2394 66 22 order
2096 2397 28 21 of
2146 2404 46 21 any
2212 2399 137 26 dimensions
2370 2404 53 29 they
2438 2415 53 19 may

1903 2426 94 21 require,
2017 2422 45 21 and
2084 2422 136 25 deliverable
2238 2430 24 18 at
2279 2436 46 21 any
2343 2435 50 23 part
2411 2434 26 21 of
2453 2435 38 22 the

1903 2446 72 22 beach
1985 2455 29 14 on
2025 2448 38 22 the
2072 2449 95 24 shortest
2175 2453 82 22 notice.

2166 2485 63 23 John
2244 2494 47 15 and
2307 2489 58 23 Geo.
2380 2491 82 25 Wade.

2074 2528 66 22 Tea!
2163 2531 67 21 Tea!
2252 2533 67 22 Tea!

1905 2559 68 48 OF
1996 2559 38 23 the
2048 2561 48 22 first
2112 2563 92 28 quality,
2221 2572 27 15 ex
2262 2566 38 22 the
2314 2569 83 22 Jewess.
2426 2572 57 22 Also

2036 2589 95 21 chairs!
2148 2592 95 21 chairs!
2258 2596 96 21 chairs!
2483 2589 7 11 '

1930 2613 22 21 A
1963 2613 76 23 choice
2050 2618 134 20 assortment
2196 2618 26 21 of
2233 2627 56 14 cane
2302 2622 122 29 bottomed,
2441 2625 50 23 hair

1903 2642 120 25 bottomed,
2035 2642 46 21 and
2090 2642 68 28 fancy
2168 2644 79 29 chairs,
2258 2650 24 18 at
2292 2648 38 22 the
2340 2650 73 22 Stores
2425 2652 27 21 of

2187 2678 61 23 John
2258 2681 45 21 and
2314 2682 56 23 Geo.
2382 2683 80 25 Wade.

2128 2722 54 21 For
2197 2724 68 26 Sale,

1920 2752 18 23 A
1970 2753 87 22 GOOD
2072 2756 205 24 weather-boarded
2293 2759 85 30 House,
2390 2765 102 22 contain-

1903 2780 49 37 X^
1982 2787 40 21 ing
2031 2788 34 15 six
2074 2789 81 16 rooms.
2184 2784 45 22 For
2237 2786 138 29 particulars,
2391 2791 67 26 apply
2467 2795 24 19 to

1903 2805 22 22 J.
1937 2806 83 28 Millar,
2031 2815 55 15 near
2095 2809 41 22 Dr.
2145 2810 131 29 Fitzgerald,
2287 2813 121 25 Thorndon
2419 2817 57 22 Flat.

1980 2882 106 28 Building
2095 2883 54 23 Lots
2158 2892 25 14 m
2194 2885 151 25 Willis-street
2352 2890 44 22 and
2403 2891 87 24 Dixon-

1903 2911 75 19 street.

2149 2938 76 28 Hort,
2236 2939 121 31 Mocatta,
2368 2944 45 22 and
2424 2945 37 23 Co.

1918 2978 4 4 •
1929 2968 193 30 Taranaki-place,
2134 2973 60 26 Sept.
2204 2975 21 25 2,
2236 2976 61 22 1841.

1903 3014 89 48 CVIL.
2003 3015 84 22 --The
2105 3017 152 28 undersigned
2275 3020 46 23 will
2338 3023 109 25 purchase
2465 3033 26 15 or

1934 3046 15 14 r
1978 3045 66 18 make
2057 3045 79 19 liberal
2151 3045 111 21 advances
2276 3053 30 14 on
2323 3048 32 21 oil
2369 3050 121 25 consigned

1900 3069 23 19 to
1933 3067 59 23 their
2002 3069 185 26 correspondents
2196 3070 24 22 in
2229 3071 103 24 London.

1927 3127 29 5 „
1969 3128 25 5 ...
2027 3131 8 8 L
2092 3129 4 3 .
2231 3104 83 24 Waitt
2323 3108 47 22 and
2378 3109 82 24 Tyser.

1927 3128 146 27 Wellington,
2084 3129 90 28 August
2182 3132 34 26 20,
2228 3133 60 21 1841.

1902 3172 119 48 OIL.—
2020 3172 49 22 The
2087 3174 126 23 subscriber
2228 3176 19 22 is
2264 3180 109 25 prepared
2389 3184 22 19 to
2434 3190 54 17 pur-

1979 3200 66 21 chase
2065 3207 25 14 or
2107 3201 67 22 make
2193 3201 79 24 liberal
2293 3205 110 24 advances
2427 3216 61 19 upon

1900 3227 37 20 Oil
1947 3227 123 26 consigned
2079 3229 23 19 to
2111 3227 36 22 his
2156 3227 95 24 London
2267 3234 191 26 correspondents.

1924 3287 145 27 Wellington,
2081 3287 56 27 July
2145 3288 20 26 2,
2177 3289 60 22 1841.
2265 3264 23 22 A
2291 3280 5 5 '
2312 3265 68 24 HoRT
2382 3283 5 12 >
2403 3267 48 24 Jun
2453 3285 5 6 -

1964 3331 153 22 EDICAL.—
2117 3332 33 21 To
2158 3332 29 22 be
2197 3333 55 28 sold,
2264 3334 38 22 the
2314 3335 74 30 drugs,
2404 3338 84 23 chemi-

1990 3360 53 24 cals,
2053 3360 45 19 and
2107 3360 82 21 bottles
2199 3360 24 21 of
2235 3367 14 15 a
2258 3361 103 29 Surgery,
2371 3366 116 25 complete.

1896 3384 79 22 Terms
1985 3391 54 20 very
2048 3384 122 23 moderate.
2199 3387 76 28 Apply
2285 3392 24 18 at
2319 3389 98 25 Medical
2425 3392 60 26 Hall,

1896 3411 146 26 Wellington.
2479 3410 6 11 '

1895 3455 186 48 WANTED,
2097 3462 14 15 a
2121 3455 158 30 Lithographic
2291 3459 124 25 Pressman.
2438 3463 48 26 Ap-

1991 3481 39 28 ply
2040 3485 24 18 at
2074 3482 37 22 the
2119 3483 87 21 Gazette
2217 3485 76 22 Office.

2088 3528 26 20 J.
2129 3528 39 21 3M.
2183 3529 110 27 Taylor,

1971 3560 282 25 CUSTOM-HOUSE
2281 3564 130 24 AGENT.

1894 3593 88 22 Bowler
1991 3594 45 21 and
2046 3594 92 22 Smith's
2149 3596 80 28 Stores,
2241 3597 31 22 Te
2283 3598 54 23 Aro.

2083 3640 34 20 A.
2131 3640 80 27 Hort,
2227 3641 70 27 jun.,

1968 3672 281 25 CUSTOM-HOUSE
2276 3676 129 23 AGENT.

1919 3708 90 25 August
2017 3706 35 28 27,
2066 3708 62 21 1841.

1947 3759 130 22 OTICE.—
2076 3760 47 22 The
2133 3761 57 23 Rev.
2199 3761 44 23 Mr.
2251 3761 147 30 Macfarlane,
2410 3764 27 22 of
2443 3764 39 23 the

1974 3786 80 22 Scotch
2079 3787 96 28 Church,
2199 3788 46 22 will
2270 3789 100 26 perform
2396 3790 84 24 Divine

1891 3811 112 29 Worship,
2021 3812 25 23 in
2069 3814 81 26 future,
2171 3815 25 21 in
2215 3815 37 21 the
2268 3815 113 27 Morning,
2401 3820 24 18 at
2441 3817 39 23 the

1890 3838 83 22 Native
1990 3839 91 28 Chapel,
2096 3841 32 21 Te
2139 3842 48 21 Aro
2197 3841 55 27 Flat,
2262 3845 23 18 at
2294 3843 24 20 11
2330 3842 93 28 o'clock,
2434 3845 46 22 and

1889 3864 25 23 in
1928 3865 38 22 the
1977 3866 126 22 Afternoon
2117 3870 23 18 at
2154 3868 38 22 the
2209 3868 67 21 Court
2291 3868 86 28 House,
2391 3869 89 25 Thorn-

1889 3891 46 22 don
1945 3892 57 27 Flat,
2013 3896 24 19 at
2047 3901 13 14 a
2069 3897 90 24 quarter
2168 3897 51 25 past
2227 3901 43 15 one
2281 3894 93 24 o'clock.

1919 3925 144 30 Wellington,
2076 3927 54 28 May
2142 3929 32 26 12,
2185 3929 61 22 1841.
