2550 4020
1300 1492 126 21 Statement
1436 1494 23 20 of
1468 1494 36 21 the
1517 1495 102 27 Receipts
1631 1496 44 21 and
1687 1501 117 21 payments
1816 1497 25 21 of
1848 1497 36 22 the

1329 1518 52 21 New
1394 1520 93 21 Zealand
1499 1522 122 26 Company,
1635 1523 56 21 from
1699 1524 44 20 2nd
1754 1524 61 26 May,
1825 1527 57 23 1839,

1327 1545 46 26 (the
1384 1546 51 22 date
1449 1548 19 20 of
1482 1548 36 21 the
1530 1548 117 22 formation
1666 1550 26 20 of
1703 1550 37 21 the
1758 1551 124 27 Company)

1327 1576 21 17 to
1360 1572 36 22 the
1407 1573 38 22 6th
1456 1574 66 27 April,
1537 1577 56 22 18H,
1607 1576 115 22 inclusive.

1511 1602 153 22 RECEIPTS.

1298 1646 131 22 Subscribed
1442 1649 80 26 capital,
1534 1649 68 27 being
1610 1652 63 24 4,000

1323 1674 76 22 shares
1411 1675 24 21 of
1450 1676 35 20 £2.5
1498 1677 54 20 each
1708 1679 90 25 100,000
1825 1682 13 18 0
1870 1682 13 18 0

1297 1699 44 23 For
1351 1701 51 21 land
1413 1702 44 21 solil
1706 1707 61 25 18S,O
1774 1708 21 19 10
1824 1708 13 18 0
1868 1710 12 17 0

1297 1727 96 22 Interest
1406 1736 27 14 on
1446 1729 44 21 ca->h
1509 1730 107 27 invested,
1630 1731 44 22 for-

1323 1755 68 21 feited
1407 1755 97 27 deposits,
1517 1758 94 21 transfer
1621 1758 53 26 fees,

1323 1782 46 20 and
1378 1783 95 21 sundries
1735 1786 63 26 4,738
1814 1788 24 21 17
1870 1790 7 19 1

1298 1808 93 27 Passage
1403 1817 80 20 money,
1493 1811 88 26 freight,
1591 1812 47 25 &c,
1650 1813 28 25 by

1322 1836 84 26 sundry
1418 1837 52 26 s\v.^
1485 1852 31 4 ...
1732 1842 64 24 4,618
1813 1842 23 20 1,5
1866 1844 12 18 6

1296 1862 104 27 Deposits
1413 1863 32 21 for
1452 1864 46 20 land
1510 1865 22 20 in
1544 1865 36 20 the
1592 1866 82 21 second

1322 1889 127 22 settlement
1736 1895 61 23 8,850
1827 1896 11 19 0
1868 1897 11 18 0

1404 1943 58 21 Total
1473 1944 26 21 of
1510 1945 101 26 Receipts
1626 1961 45 5 ....
1708 1948 90 24 3J6.247
1816 1950 23 19 12
1869 1951 10 20 7

1494 1971 172 22 PAYMENTS.

1295 1995 43 21 For
1360 1996 56 21 land
1438 1997 19 21 in
1484 1998 53 20 Njw
1567 2000 17 19 Z
1594 1999 79 25 '.lhtnd,

1322 2022 76 27 (being
1404 2023 36 21 the
1447 2024 129 27 Company's
1581 2025 94 26 original

1320 2049 126 26 purchase,)
1475 2051 121 26 provisions
1627 2053 44 20 and

1320 2080 69 17 stores
1400 2076 86 27 shipped
1498 2077 33 21 for
1543 2078 35 21 the
1590 2079 80 27 colony

1320 2103 82 26 freight
1417 2099 25 25 of
1454 2104 31 21 the
1499 2112 68 16 same,
1579 2113 91 19 passage

1320 2130 27 20 of
1364 2131 121 25 emigrants,
1505 2131 57 21 their
1577 2134 94 19 mainte-

1320 2163 72 15 nance
1410 2158 96 25 previous
1523 2164 21 15 to
1555 2160 90 20 embark
1654 2168 17 13 i-

1319 2184 54 25 tion,
1391 2185 44 20 and
1452 2192 104 19 expences
1572 2186 59 21 inc.rl
1647 2195 24 12 n-

1319 2211 30 20 tal
1370 2211 89 26 thereto,
1473 2212 115 27 inelud.ng
1606 2213 65 21 home

1318 2237 46 21 and
1374 2238 89 21 colonial
1482 2246 107 20 expenses
1707 2243 45 23 169,
1755 2244 41 19 0^0
1824 2242 12 21 7
1864 2244 12 20 5

1292 2263 113 23 Dividend
1421 2269 22 17 to
1458 2265 32 22 the
1510 2266 155 27 proprietors..
1732 2270 63 25 3,352
1810 2271 26 20 10
1864 2272 13 18 0

1294 2291 155 26 Investments,
1471 2293 34 20 for
1535 2293 70 21 which
1630 2294 37 21 t'le

1318 2318 117 28 Company
1458 2319 59 21 holds
1542 2320 126 27 securities;

1317 2345 46 21 and
1386 2345 110 26 including
1516 2346 37 21 the
1573 2355 95 19 engage-

1316 2376 75 17 ments
1402 2373 26 20 of
1435 2373 30 20 the
1476 2373 118 27 Plymouth
1604 2376 66 19 Com-

1316 2406 61 20 pany
1388 2399 52 21 with
1455 2399 37 22 this
1509 2402 115 26 Company
1635 2402 34 21 for

1316 2426 139 27 emigration,
1464 2427 32 20 &c
1610 2424 4 4 '
1703 2431 90 25 121,143
1822 2432 13 19 9
1864 2433 12 20 4

1290 2452 57 21 Cash
1358 2453 21 21 in
1391 2453 38 21 the
1439 2453 65 22 hands
1515 2454 26 21 of
1553 2454 37 22 the
1605 2459 63 23 petty

1315 2479 87 22 cashier
1778 2484 13 21 7
1806 2486 24 20 ]0
1861 2487 13 20 3

1289 2506 64 21 Ditto
1363 2507 58 21 dttto
1435 2507 90 21 bankers
1720 2512 74 24 12,664
1810 2513 23 20 15
1864 2513 11 21 7

1386 2560 65 21 Total
1459 2561 21 20 of
1493 2561 121 33 Payments
1703 2566 90 24 306,247
1810 2567 24 19 12
1863 2566 12 21 7

1314 2587 42 20 We
1372 2587 83 27 hereby
1468 2588 79 26 certify
1569 2589 47 22 that
1634 2597 32 14 we
1686 2590 56 21 have
1766 2592 108 27 carefully

1287 2614 120 21 examined
1417 2614 36 21 the
1461 2619 104 18 accounts
1574 2616 26 21 of
1612 2617 70 21 which
1698 2617 37 22 the
1750 2618 69 22 above
1830 2620 18 20 is
1861 2627 12 13 a

1287 2647 121 21 summary,
1421 2641 39 21 and
1469 2649 31 14 we
1511 2642 87 22 declare
1607 2643 37 22 the
1655 2651 60 14 same
1725 2649 92 18 correct.

1286 2667 25 21 T.
1325 2668 24 21 F.
1362 2668 153 25 Everingham,
1524 2670 8 19 1
1553 2683 8 10 A
1591 2683 23 8 .
1681 2684 35 9 »,,
1750 2685 15 8 o

1286 2694 116 22 Jeremiah
1414 2695 87 26 Pilcher,
1523 2694 16 28 /
1550 2683 55 21 Audl
1609 2687 45 18 *°rs
1664 2684 26 21 of
1701 2684 37 21 the
1750 2685 122 28 Company.

1314 2721 56 22 New
1382 2722 95 21 Zealand
1488 2722 85 28 House,
1586 2724 64 27 April
1659 2726 34 24 30,
1706 2726 59 21 1841.

1440 2778 177 24 APPENDIX
1637 2780 44 23 No.
1696 2782 22 21 6.

704 127 115 21 extensive
829 127 86 23 district
930 130 53 21 such
994 131 98 22 erection
1102 139 53 20 may
1161 132 29 22 be
1197 134 97 26 impera-

704 153 68 22 tively
782 153 72 22 called
865 155 41 26 for,
916 156 36 21 the
960 157 144 23 inhabitants-
1109 159 26 21 of
1141 160 54 20 such
1203 160 89 26 portion

704 179 44 21 will
758 179 56 22 have
826 184 23 18 to
860 189 63 14 come
930 182 96 23 forward
1035 184 44 22 and
1090 185 95 22 alienate
1202 194 13 14 a
1231 187 62 21 suffi-

702 208 61 18 cient
772 208 104 26 quantity
887 209 26 21 of
923 210 85 26 ground
1019 210 35 23 for
1062 212 49 22 that
1127 220 102 19 purpose,
1247 214 45 22 and

702 234 46 20 will
763 234 46 20 also
824 234 58 22 have
898 240 23 17 to
935 236 53 22 bear
998 237 143 29 the.expense
1155 240 26 20 of
1193 241 100 26 erecting

722 266 22 29 if.
758 266 19 29 ,P
778 260 38 21 v^
819 261 19 21 ie
862 262 75 26 pound
958 270 60 20 upon
1040 265 55 22 such
1118 267 89 25 ground
1213 274 5 18 ;
1226 267 66 22 .after

701 286 73 21 which
792 288 135 28 proceeding
937 289 28 27 by
981 290 38 22 the
1035 290 145 28 inhabitants,
1252 301 38 15 ne-

701 318 87 21 cessary
798 313 57 26 legal
867 318 60 24 steps
938 315 41 23 will
989 316 30 23 be
1026 316 66 23 taken
1105 319 29 26 by
1149 319 39 22 the
1205 320 85 27 Magis-

701 341 68 19 trates
780 339 26 21 of
817 341 37 21 the
865 341 117 29 distrct/to
992 347 41 24 put
1047 345 22 21 in
1088 345 61 22 force
1163 346 39 21 the
1243 346 47 23 Im-

699 366 117 26 pounding

781 393 12 21 I
805 392 56 23 have
871 394 38 23 the
920 395 70 24 honor
1000 400 23 19 to
1031 398 36 26 he,
1078 399 137 27 gentlemen,

891 422 63 23 Your
962 424 105 22 obedient
1076 429 98 24 servant,

780 447 105 29 (Signed)
968 450 101 23 Edward
1085 452 146 28 Shortland,

723 497 19 4 _
954 478 11 9 ''
1032 478 88 22 Private
1135 479 124 28 Secretary.

728 501 27 19 lo
767 501 90 21 Messrs.
873 502 85 23 Robert
966 503 85 28 Stokes,
1069 505 94 22 Edward
1174 506 110 27 Johnson,

697 526 86 26 George
794 527 86 28 Moore,
892 530 45 21 and
947 530 61 22 other
1014 532 130 26 gentlemen
1154 532 48 23 who
1209 534 76 26 signed

696 553 38 20 the
753 555 124 22 memorial.

728 598 50 24 The
791 599 117 33 following
919 603 18 22 is
951 603 36 23 the
998 604 65 31 reply
1075 609 22 19 to
1111 613 13 15 a
1135 607 149 31 numerously

695 631 79 31 signed
785 635 118 22 memorial
916 636 121 24 addressed
1049 642 22 19 to
1083 638 36 23 his
1130 638 152 32 Excellency,

695 667 131 30 requesting
837 668 38 22 the
888 675 67 24 grant
966 670 25 23 of
1006 678 14 15 a
1037 672 91 29 portion
1150 672 25 22 of
1198 681 14 14 a
1233 673 49 23 Go-

694 704 116 18 vernment
823 708 90 17 reserve
926 707 22 18 to
960 708 61 18 erect
1033 712 14 15 a
1055 704 143 24 Mechanics'
1209 706 73 23 Insti-

694 735 45 19 tute
754 740 71 23 upon.

946 767 63 22 H.M.
1022 768 48 27 brig
1082 770 101 26 Victoria,

875 793 53 21 Port
935 793 129 28 Nicholson,
1076 796 59 27 Sept.
1148 799 33 23 11,
1193 798 59 20 1841.

718 817 46 26 Sir,
767 828 27 4 —
795 817 62 22 Your
868 826 64 15 name
944 821 120 27 appearing
1073 822 47 22 first
1129 824 23 20 in
1163 824 37 21 the
1212 824 36 21 list
1259 825 24 21 of

692 847 122 21 signatures
824 849 23 16 to
857 852 13 13 a
880 847 114 21 memorial
1004 849 95 27 praying
1113 850 35 20 for
1162 850 36 21 the
1214 856 66 21 grant

692 869 23 20 of
726 876 13 14 a
749 870 157 23 Government
920 880 85 15 reserve
1022 875 23 21 in
1057 876 65 21 order
1137 876 49 21 that
1202 884 12 13 a
1231 878 48 21 Me-

691 896 94 36 chanics'
798 897 105 23 Institute
914 906 49 20 may
976 901 27 21 be
1022 901 55 22 built
1094 902 100 28 thereon,
1214 904 10 21 I
1242 912 36 14 am

691 922 96 23 directed
806 924 29 27 by
855 925 35 21 his
909 926 135 29 Excellency
1062 929 37 22 the
1116 930 119 22 Governor
1256 936 22 17 to

691 951 102 26 acquaint
802 959 45 19 you
856 952 35 22 for
902 952 36 22 the
948 954 142 23 information
1102 957 26 20 of
1139 957 36 22 the
1186 958 92 21 Mecha-

690 977 157 28 nics'residing
857 983 23 17 at
892 979 141 29 Wellington,
1043 983 47 22 that
1102 984 37 21 the
1147 985 100 25 portions
1256 986 24 21 of

695 1005 45 19 and
750 1005 102 22 reserved
863 1006 35 21 for
908 1007 153 23 Government
1076 1018 107 20 purposes
1199 1019 36 14 are
1253 1020 23 13 so

690 1030 81 22 limited
782 1039 24 14 as
820 1036 23 18 to
857 1034 104 26 preclude
976 1035 38 21 the
1031 1038 123 26 possibility
1174 1038 26 22 of
1220 1047 57 19 your

689 1062 86 23 request
784 1059 68 27 being
861 1062 100 24 granted.

796 1086 11 21 I
818 1086 57 22 have
887 1087 36 22 the
934 1088 71 22 honor
1015 1092 22 19 to
1048 1090 34 25 be,
1094 1090 41 28 Sir,

850 1113 63 23 Your
923 1115 103 22 obedient
1035 1122 97 22 servant,

932 1142 99 23 Edward
1042 1144 146 23 Shortland.

1022 1170 87 22 Private
1123 1172 123 27 Secretary.

688 1192 27 22 To
726 1193 41 21 Mr.
784 1194 62 22 John
860 1195 89 28 Taylor,

767 1221 98 22 Builder.

716 1266 51 23 The
786 1268 117 31 following
914 1270 19 22 is
946 1277 26 15 an
986 1275 86 19 extract
1084 1271 57 24 from
1155 1272 38 24 the
1204 1273 67 24 letter

686 1299 21 23 sf
723 1308 12 14 a
746 1301 73 23 friend
832 1306 22 18 at
875 1302 135 30 Wanganui.
1048 1304 23 23 It
1092 1305 66 24 tends
1180 1311 22 18 to
1215 1315 55 14 con-

685 1333 48 24 firm
742 1334 38 23 the
793 1335 91 30 opinion
898 1335 48 23 that
957 1337 85 23 vessels
1055 1338 25 22 of
1089 1346 13 14 a
1114 1339 158 24 considerable

685 1367 43 23 size
739 1375 42 15 can
793 1376 29 22 go
841 1376 31 22 up
894 1369 48 22 that
960 1370 68 23 river.
1071 1370 44 24 We
1138 1371 57 24 have
1214 1373 58 24 little

685 1400 66 23 ioubt
771 1400 49 24 that
838 1402 65 22 when
925 1402 36 22 (he
981 1403 56 30 days
1056 1404 26 23 of
1096 1409 72 19 steam
1190 1407 80 26 arrive,

684 1434 146 23 steam-boats
850 1435 25 22 of
890 1435 43 23 five
952 1436 102 24 hundred
1072 1442 51 19 tons
1144 1439 45 23 will
1208 1445 63 18 enter

683 1466 35 23 the
732 1467 137 31 Wanganui.

909 1506 131 28 Wanganui,
1051 1508 38 23 6th
1101 1510 137 27 September.

707 1532 10 20 I
729 1532 43 21 like
783 1532 43 21 this
836 1532 63 27 place
911 1541 58 14 more
981 1534 53 22 than
1052 1536 10 21 I
1080 1536 37 22 did
1135 1541 23 17 at
1172 1545 39 19 my
1228 1537 43 22 last

682 1558 53 21 fisit.
773 1559 21 21 It
814 1560 111 27 certainly
944 1561 38 22 has
1002 1569 13 14 a
1029 1562 44 22 fine
1092 1564 65 26 river,
1175 1565 42 21 but
1231 1565 38 21 the

682 1585 92 22 channel
783 1587 134 27 requires.to
927 1588 28 21 be
961 1589 96 27 buoyed,
1069 1590 45 22 and
1124 1591 97 22 beacons
1231 1600 38 14 are

681 1612 98 27 required
791 1618 23 17 at
824 1614 37 21 the
874 1614 68 22 heads
949 1623 5 17 ;
971 1616 35 21 for
1016 1616 37 22 the
1071 1621 106 18 entrance
1194 1619 18 21 is
1229 1623 40 17 not

681 1640 67 26 sasily
772 1640 131 23 discovered
925 1642 93 22 without
1038 1651 61 14 some
1118 1645 71 21 mark.
1228 1646 40 26 My

681 1666 70 21 friend
762 1675 86 14 assures
861 1675 35 14 me
908 1668 47 22 that
963 1669 66 22 when
1038 1670 28 22 he
1076 1678 64 14 came
1150 1673 31 26 in,
1195 1673 73 21 which

680 1692 25 22 he
717 1693 37 22 did
765 1698 22 17 at
797 1694 180 28 three-quarter's
987 1697 48 25 ebb,
1047 1698 48 20 that
1106 1698 61 22 there
1175 1706 58 15 were
1242 1702 26 20 14

680 1720 42 21 feet
732 1725 66 17 water
809 1729 28 14 on
850 1722 37 21 the
899 1723 38 20 bar
944 1731 5 17 ;
967 1724 45 21 and
1022 1732 23 13 as
1064 1725 9 21 I
1089 1732 36 14 am
1141 1733 50 15 sure
1209 1727 57 21 from

680 1747 57 21 what
750 1748 9 21 I
770 1755 44 14 saw
826 1756 27 13 on
865 1756 37 20 my
913 1749 43 22 late
962 1751 99 27 journey
1071 1752 48 21 that
1127 1760 28 14 on
1163 1753 45 21 this
1218 1759 50 21 part

680 1774 22 21 of
716 1774 37 21 the
764 1779 62 17 coast
835 1775 63 22 there
915 1776 18 21 is
949 1785 12 13 a
975 1778 44 20 rise
1036 1779 25 20 of
1078 1779 57 21 from
1156 1781 26 20 10
1202 1785 22 16 to
1242 1783 25 19 12

679 1801 42 21 feet
732 1802 50 25 tide,
795 1802 62 22 there
869 1804 18 20 is
899 1807 64 18 water
973 1805 90 26 enough
1070 1806 35 21 for
1122 1814 13 13 a
1153 1807 71 22 vessel
1242 1809 26 20 of

678 1830 38 19 120
727 1832 21 17 to
758 1830 39 20 150
807 1833 57 22 tons,
878 1830 19 21 if
908 1834 40 18 not
956 1831 56 21 built
1030 1835 36 18 too
1082 1833 73 27 sharp,
1170 1833 40 23 but
1229 1835 37 21 the

678 1855 93 22 channel
782 1856 81 22 should
874 1858 27 20 be
913 1858 86 27 buoyed
1009 1862 24 18 at
1045 1859 56 22 least
1111 1868 24 13 as
1149 1861 33 21 far
1193 1868 24 14 as
1228 1862 37 21 the

678 1885 64 19 town.

720 1929 49 23 The
792 1929 117 32 following
930 1932 20 22 is
972 1931 38 23 the
1035 1932 93 31 Sydney
1153 1934 108 23 Customs

676 1963 80 27 notice,
769 1962 117 31 declaring
899 1964 36 22 the
948 1965 128 30 imposition
1095 1967 26 22 of
1142 1967 74 23 duties
1236 1976 28 14 on

676 1995 58 22 New
748 1995 99 23 Zealand
861 1997 105 29 produce,
987 1998 72 22 whk-h
1076 1999 37 22 led
1134 2004 22 17 to
1175 2008 30 14 an
1224 2009 40 22 ap-

676 2027 103 31 plication
793 2033 21 18 to
828 2028 35 23 his
876 2029 140 31 Excellency
1029 2032 66 30 Capt.
1111 2032 107 24 Plobson.

701 2066 81 21 Notice
792 2066 18 21 is
820 2066 85 28 hereby
915 2068 71 27 given,
1007 2069 47 21 that
1067 2070 22 21 in
1108 2078 156 21 consequence

675 2092 24 21 of
710 2092 38 21 the
756 2094 125 26 separation
894 2095 26 20 of
931 2095 36 22 the
989 2096 87 22 Islands
1094 2098 26 20 of
1138 2098 56 21 New
1209 2098 55 22 Zea-

674 2119 53 22 land
737 2120 57 21 from
805 2120 43 21 this
859 2121 88 27 colony,
960 2122 29 21 all
999 2124 88 21 articles
1097 2125 99 27 arriving
1207 2125 57 22 from

674 2146 36 22 the
721 2146 83 23 former
821 2148 76 26 places
918 2149 42 21 will
979 2150 27 21 be
1024 2150 66 22 liable
1108 2155 22 17 to
1148 2152 62 26 duty.
1212 2164 28 3 —
1240 2153 22 21 J.

674 2174 93 21 Gibbes.
799 2175 89 27 August
900 2177 30 24 IS,
944 2178 59 19 1811.

705 2219 44 24 We
772 2220 58 24 have
851 2221 105 25 obtained
977 2223 37 23 the
1037 2224 120 31 subjoined
1179 2233 28 15 on
1226 2226 37 23 the

673 2254 89 30 subject
773 2254 25 23 of
814 2256 141 30 smuggling,
967 2256 59 23 from
1039 2266 12 14 a
1070 2263 77 18 recent
1167 2259 95 31 Sydney

672 2294 71 24 paper
753 2296 5 14 :
760 2300 33 4 —

699 2326 144 22 Smuggling.
845 2338 30 3 —
876 2327 20 21 A
908 2328 71 22 notice
996 2330 110 26 appeared
1122 2331 22 21 in
1162 2331 39 21 the
1222 2333 40 19 Go-

671 2356 104 17 vernment
788 2355 87 19 Gazette
883 2354 25 21 of
920 2356 122 27 yesterday,
1061 2357 48 21 that
1126 2365 44 20 any
1181 2366 80 19 person

671 2380 77 27 giving
763 2381 145 22 information
928 2385 22 17 to
967 2382 36 22 the
1022 2383 117 28 Collector,
1157 2392 25 14 or
1198 2386 64 21 other

671 2407 83 21 Officer
764 2408 27 21 of
802 2409 111 24 Customs,
925 2409 23 21 of
960 2416 45 21 any
1019 2411 78 26 spirits,
1118 2412 99 27 tobacco,
1236 2421 26 14 or

670 2434 64 22 other
744 2434 97 23 dutiable
852 2436 76 27 goods,
940 2436 67 28 being
1017 2438 121 22 concealed
1151 2446 30 15 on
1191 2440 70 21 board

670 2468 44 20 any
725 2462 78 25 vessel,
815 2470 26 14 or
850 2463 84 27 having
946 2464 56 22 been
1017 2468 40 23 put
1074 2465 47 22 into
1137 2473 45 20 any
1197 2468 64 21 other

669 2488 79 27 vessel,
766 2486 70 24 either
847 2490 76 21 within
935 2498 24 13 or
968 2491 94 21 without
1071 2492 37 21 the
1119 2493 104 27 harbour,
1235 2502 26 13 or

669 2514 84 28 having
761 2516 57 22 been
829 2517 83 21 landed
923 2517 90 23 without
1031 2523 106 23 payment
1153 2520 26 21 of
1196 2521 63 27 dut)--,

669 2549 23 14 so
703 2550 24 14 as
739 2547 21 17 to
768 2543 51 22 lead
830 2547 21 18 to
865 2544 37 21 the
913 2544 83 22 seizure
1007 2545 26 21 of
1043 2546 54 21 such
1108 2547 76 26 goods,
1196 2547 28 22 he
1235 2556 25 13 or

669 2569 39 21 she
719 2569 44 22 will
770 2570 28 22 be
810 2571 93 21 entitled
921 2574 21 18 to
961 2579 42 14 one
1024 2572 58 22 third
1102 2574 25 20 of
1148 2573 112 23 whatever

668 2603 47 14 sum
727 2604 50 19 may
788 2605 80 14 accrue
879 2601 22 18 to
911 2597 35 23 the
957 2599 85 27 seizing
1051 2600 81 27 officer,
1151 2600 58 23 from
1222 2602 37 21 the

667 2623 45 21 sale
724 2625 25 20 of
761 2624 54 22 such
830 2625 77 26 goods,
926 2625 102 22 however
1043 2627 61 26 large
1120 2628 17 21 it
1156 2635 53 17 may
1223 2630 34 24 be,

667 2650 44 21 and
723 2650 36 22 the
769 2658 65 15 name
847 2652 26 21 of
885 2651 37 22 the
932 2657 63 23 party
1006 2653 44 22 will
1066 2658 39 17 not
1120 2654 28 21 be
1162 2656 97 21 suffered

667 2680 23 18 to
702 2679 115 26 transpire.

699 2724 97 24 Extract
809 2726 57 22 from
880 2726 37 22 the
937 2726 66 23 letter
1022 2727 25 22 of
1063 2736 13 14 a
1088 2728 105 31 working
1205 2737 52 15 man

666 2757 48 23 who
727 2758 40 23 left
778 2759 46 22 this
836 2759 64 31 place
914 2764 20 18 to
948 2760 64 23 settle
1026 2761 23 22 in
1070 2761 55 23 Van
1135 2762 122 23 Dieman's

665 2790 74 24 Land.
776 2792 61 24 Date
851 2793 41 25 7th
904 2793 99 30 August,
1020 2796 70 27 1841,
1105 2803 54 15 near
1175 2795 82 24 Laun-

665 2830 88 18 ceston.

713 2863 12 21 I
736 2868 83 18 cannot
828 2865 144 22 recommend
983 2874 44 19 any
1038 2874 42 14 one
1088 2870 22 18 to
1122 2875 63 14 come
1196 2867 60 22 here.

664 2889 11 22 I
694 2890 63 22 think
775 2891 56 22 New
848 2891 100 23 Zealand
963 2896 21 18 to
1007 2893 54 22 hold
1076 2898 39 17 out
1135 2894 35 22 far
1186 2895 72 21 better

664 2921 113 24 prospects
788 2921 22 19 to
820 2918 38 22 the
875 2919 99 27 working
989 2928 59 14 man.
1078 2921 56 21 Free
1149 2929 53 14 men
1219 2929 37 14 are

663 2944 54 27 only
733 2945 117 27 employed
866 2946 64 22 when
953 2947 99 22 convicts
1069 2952 84 18 cannot
1172 2949 26 21 be
1218 2950 38 21 ob-

663 2971 83 22 tained.
775 2972 72 22 There
857 2980 38 14 are
910 2981 66 20 many
988 2974 45 21 free
1050 2981 52 15 men
1118 2975 49 22 who
1184 2976 72 21 would

662 3004 28 20 go
701 3002 23 17 to
739 2999 62 32 New_
811 2999 108 28 Zealand,
930 3001 19 20 if
961 3001 52 27 they
1024 3001 44 22 had
1085 3002 37 21 the
1139 3009 78 15 means
1234 3003 26 21 of

662 3025 84 27 paying
756 3026 58 22 their
822 3034 112 19 passages.
963 3028 90 21 Several
1070 3036 52 14 men
1132 3029 50 22 who
1193 3037 63 14 came

662 3052 59 21 from
731 3060 55 19 your
797 3053 135 28 settlement,
942 3061 56 14 were
1008 3058 40 18 out
1058 3056 25 20 of
1090 3056 89 26 employ
1189 3056 65 21 when

663 3078 11 21 I
685 3086 44 14 was
738 3079 24 21 in
773 3079 150 22 Launceston.
953 3081 64 21 Some
1028 3081 57 22 have
1094 3089 59 19 gone
1169 3086 23 18 to
1204 3083 52 22 Port

662 3105 90 28 Phillip.
781 3106 51 22 You
846 3106 45 22 had
902 3107 68 22 better
981 3112 49 23 stop
1047 3108 73 22 where
1130 3117 45 19 you
1191 3117 37 14 are
1238 3110 21 21 if

661 3139 46 19 you
717 3132 66 22 know
793 3133 65 22 when
868 3142 47 19 you
924 3142 36 13 are
970 3135 50 21 well
1030 3135 36 27 off,
1075 3136 45 21 and
1130 3136 39 22 tell
1178 3136 29 22 all
1218 3144 37 20 my

662 3159 65 21 other
742 3160 85 22 friends
844 3168 31 14 so.
906 3161 12 21 I
934 3161 86 22 believe
1036 3162 37 22 the
1090 3163 54 22 land
1162 3164 26 21 of
1199 3164 56 21 New

662 3185 101 23 Zealand
772 3190 23 18 to
805 3187 28 22 be
844 3188 69 21 much
922 3188 72 22 better
1003 3190 54 21 than
1068 3190 37 21 the
1115 3190 54 22 land
1179 3191 26 21 of
1212 3191 42 21 this

661 3212 80 23 island.
771 3214 11 21 I
794 3215 56 20 have
868 3219 41 17 not
924 3223 51 14 seen
992 3216 79 22 onions
1087 3217 54 22 here
1156 3217 50 22 half
1216 3217 38 22 the

662 3240 44 21 size
729 3241 10 21 I
759 3248 44 14 saw
819 3241 61 22 them
899 3245 24 18 at
936 3242 37 22 the
990 3243 48 27 Bay
1055 3244 25 21 of
1100 3244 95 26 Islands,
1213 3251 41 14 nor

662 3267 109 27 cabbages
781 3267 50 22 half
843 3275 25 15 as
878 3269 61 27 large
949 3277 23 14 as
989 3270 63 22 those
1063 3274 22 18 at
1096 3271 53 22 Port
1160 3271 93 22 Nichol-

661 3301 40 14 son
710 3302 6 18 ;
733 3292 39 23 but
783 3295 36 21 the
829 3295 56 22 land
900 3296 18 21 is
934 3300 40 18 not
989 3304 55 15 near
1061 3305 24 14 so
1103 3298 85 28 thickly
1202 3298 51 21 tim-

661 3320 71 22 bered
741 3329 24 14 as
776 3322 53 21 with

695 3368 48 23 Mr.
758 3368 132 32 Bottomley
902 3369 41 24 has
955 3370 88 31 begged
1059 3380 27 15 us
1098 3375 23 20 to
1134 3376 57 20 state
1203 3373 50 23 that

659 3401 30 23 lie
710 3401 41 24 has
770 3409 30 16 no
820 3404 134 23 connection
972 3404 53 23 with
1045 3404 37 25 the
1101 3405 151 32 lithographic

660 3442 71 23 paper
742 3435 73 23 which
828 3443 46 15 was
887 3437 120 23 circulated
1020 3439 127 31 yesterday,
1158 3439 94 23 entitled

659 3467 39 24 the
714 3467 105 25 Victjria
833 3469 82 24 Times.

688 3523 40 22 We
736 3524 56 22 have
803 3524 58 22 been
871 3525 110 22 informed
993 3526 48 22 that
1052 3535 60 14 some
1123 3527 26 22 of
1156 3527 37 22 the
1202 3527 51 22 data

658 3550 24 21 in
694 3558 28 14 an
734 3551 76 22 article
821 3559 32 14 we
861 3552 99 22 inserted
963 3561 13 13 a
982 3553 108 27 fortnight
1100 3554 68 27 since,
1177 3562 30 14 on
1215 3556 37 20 the

659 3577 87 27 subject
756 3578 26 21 of
793 3579 127 27 protecting
935 3580 37 21 the
990 3579 97 29 whaling
1096 3582 106 26 grounds,
1214 3589 38 14 are

657 3604 118 23 incorrect.
815 3606 28 21 In
860 3613 87 14 answer
961 3613 34 15 we
1011 3606 58 23 have
1085 3608 55 28 only
1150 3611 22 19 to
1188 3612 62 22 state,

657 3630 49 23 that
716 3639 33 15 \ve
759 3632 56 22 shall
827 3633 27 22 be
864 3637 59 18 most
932 3634 73 27 happy
1021 3637 22 19 to
1052 3634 70 22 insert
1135 3642 47 20 any
1192 3643 60 14 com-

657 3659 139 22 munication
808 3667 28 14 on
848 3660 38 22 the
896 3660 93 28 subject,
1000 3661 54 22 with
1070 3662 72 21 which
1160 3669 92 21 persons

657 3693 63 14 more
739 3690 135 19 conversant
891 3687 53 22 than
965 3695 33 14 we
1016 3695 45 20 are,
1079 3696 53 20 may
1150 3690 28 20 be
1197 3688 55 22 kind

657 3712 91 28 enough
767 3717 22 18 to
809 3714 80 21 favour
908 3721 32 15 us.
977 3714 42 22 We
1039 3715 86 22 believe
1145 3716 49 21 that
1211 3716 39 21 Dr.

657 3740 70 21 Knox
736 3740 18 21 is
765 3740 69 28 really
845 3744 82 18 master
938 3741 25 21 of
979 3742 39 21 the
1028 3742 88 21 natural
1131 3742 86 28 history
1228 3742 26 21 of

656 3766 38 22 the
704 3766 78 27 whale,
794 3771 23 18 to
828 3768 37 21 the
876 3771 78 18 extent
962 3771 23 18 to
995 3768 73 22 which
1078 3769 17 21 it
1105 3769 18 21 is
1132 3770 82 20 known
1226 3772 22 18 to

655 3793 39 22 the
704 3794 109 22 scientific
820 3803 4 17 ;
836 3794 47 22 and
893 3802 24 14 as
927 3802 32 14 we
968 3795 103 22 consider
1079 3796 18 21 it
1108 3796 74 21 would
1191 3796 27 21 be
1229 3796 25 21 of

654 3824 64 23 great
734 3820 125 28 advantage
872 3824 24 19 to
907 3821 42 22 this
964 3821 128 22 settlement
1109 3825 23 18 to
1149 3823 73 21 excite
1238 3830 13 14 a

655 3850 79 24 strong
749 3848 84 26 feeling
849 3848 24 21 in
890 3848 77 21 favour
984 3848 26 21 of
1021 3848 104 28 whaling,
1137 3849 37 21 the
1192 3854 58 17 most

654 3873 81 27 daring
745 3874 25 21 of
781 3874 73 22 man's
864 3874 103 27 pursuits,
979 3882 32 14 we
1023 3875 72 22 would
1111 3879 92 23 suggest
1213 3876 36 21 the

653 3902 115 33 propriety
779 3901 26 21 of
815 3901 131 27 requesting
956 3900 44 23 him
1011 3904 22 19 to
1042 3902 50 26 give
1104 3909 13 14 a
1128 3902 42 21 few
1180 3910 69 20 popu-

653 3923 34 26 lar
697 3923 95 26 lectures
802 3935 29 14 on
849 3928 38 21 the
903 3928 91 26 subject,
1006 3931 23 19 at
1045 3928 36 22 the
1099 3928 94 28 Library
1205 3929 42 21 and

654 3954 114 22 Museum.

2043 149 356 24 MISCELLANEOUS.

1959 182 34 17 On
2001 182 36 18 the
2047 182 87 25 evening
2141 182 24 20 of
2178 183 75 26 Friday
2259 185 48 24 last,
2317 192 12 13 a
2339 189 61 24 party
2408 188 25 20 of
2437 189 78 25 gentle-

1931 212 57 18 men,
2014 208 121 26 amounting
2157 212 23 17 to
2206 212 72 25 nearly
2303 214 62 24 sixty,
2386 217 129 19 entertained

1930 233 88 21 Messrs.
2030 234 96 21 Kenneth
2138 236 120 22 Mathieson
2270 240 41 19 and
2325 241 117 21 Alexander
2454 243 61 26 Perry

1929 261 22 19 in
1963 261 34 19 the
2009 262 75 25 Argyle
2099 263 71 24 Hotel,
2189 264 103 26 Glasgow,
2312 269 97 23 previous
2427 272 22 17 to
2462 271 53 19 their

1929 287 111 26 departure
2050 290 51 20 from
2112 291 34 19 the
2157 292 65 24 Clyde
2233 292 33 21 for
2277 294 51 19 New
2344 295 98 21 Zealand.
2472 298 43 20 Mr.

1930 314 105 21 Lumsden
2055 317 55 20 filled
2129 318 35 20 the
2185 320 64 23 chair,
2270 321 42 19 and
2332 321 66 21 Bailie
2419 323 96 22 Mitchell

1929 342 103 21 officiated
2042 351 22 12 as
2075 345 101 25 croupier.
2206 346 68 21 There
2280 354 41 14 was
2329 351 120 25 something
2458 358 57 14 more

1929 370 22 19 in
1961 370 42 19 this
2014 372 89 24 meeting
2112 373 50 20 than
2173 374 18 18 is
2202 374 57 19 often
2271 379 70 16 meant
2357 377 42 20 and
2416 378 99 22 intended

1928 396 27 26 by
1966 398 34 19 the
2011 400 111 19 courtesies
2132 400 24 19 of
2168 400 116 27 friendship
2302 403 62 26 being
2380 405 102 21 extended
2492 409 23 18 to

1928 424 60 19 those
2000 426 45 19 who
2056 426 70 26 depart
2136 427 33 20 for
2180 434 11 13 a
2197 428 81 25 foreign
2290 434 97 22 country,
2405 433 22 18 in
2444 439 24 13 so
2483 433 32 21 far

1927 457 23 13 as
1958 452 35 19 the
2004 459 21 13 es
2036 453 124 21 ablishment
2171 454 24 20 of
2208 455 60 20 these
2278 462 72 21 young
2365 465 47 13 men
2432 459 23 21 in
2472 461 42 19 this

1927 478 69 21 infant
2006 480 74 26 colony
2099 488 46 18 may
2167 485 33 16 vet
2220 483 46 19 lead
2287 487 23 16 to
2329 491 50 19 very
2399 487 115 25 important

1927 506 75 19 results
2013 509 21 17 to
2047 508 33 19 the
2088 509 57 19 trade
2160 509 25 19 of
2206 509 104 26 Glasgow.
2351 512 42 20 Mr.
2414 513 65 27 Perry
2495 516 18 19 is

1926 539 39 13 son
1972 534 25 19 of
2011 534 36 20 Dr.
2066 535 61 26 Perry
2144 536 24 19 of
2188 537 42 19 this
2246 539 50 24 city,
2315 539 40 20 and
2370 546 50 19 goes
2438 544 37 17 out
2490 548 23 13 as

1926 561 111 25 consignee
2056 562 22 20 of
2108 564 143 20 merchandise
2271 568 22 17 to
2314 573 11 13 a
2342 567 57 25 large
2419 573 93 20 amount,

1925 589 67 19 under
2001 589 36 19 the
2047 590 92 25 auspices
2148 591 24 19 of
2184 597 58 13 some
2261 593 24 19 of
2302 594 36 19 the
2354 595 45 19 first
2417 595 96 26 Glasgow

1925 616 120 20 merchants
2054 624 5 16 ;
2071 618 40 18 and
2119 618 17 19 it
2146 619 17 19 is
2181 619 129 27 confidently
2327 621 69 26 hoped
2412 623 46 20 that
2477 624 36 19 tha

1924 643 104 25 emigrant
2039 650 46 19 may
2096 645 23 19 be
2129 646 35 18 the
2177 652 70 13 means
2259 647 24 19 of
2296 649 92 25 opening
2400 655 27 20 up
2437 657 12 12 a
2460 656 52 14 con-

1924 670 80 19 nexion
2014 671 66 20 which
2091 673 41 19 will
2143 673 37 19 tell
2190 672 131 29 beneficially
2331 682 28 13 on
2370 677 35 18 the
2420 677 92 20 increas-

1924 697 36 25 ing
1976 699 152 20 manufactures
2148 700 42 19 aud
2210 707 116 15 commerce
2344 703 24 19 of
2390 704 32 19 his
2442 705 70 20 native

1923 725 51 25 city.
2012 725 43 20 Mr.
2076 726 119 21 Mathieson
2214 728 18 20 is
2250 729 46 19 well
2313 730 77 19 known
2407 737 22 13 as
2440 738 12 13 a
2462 737 50 21 very

1922 753 116 19 successful
2049 753 127 26 shipbuilder
2186 755 21 19 in
2221 755 51 20 Port
2290 756 96 26 Glasgow
2393 765 6 16 ;
2420 759 41 19 and
2478 760 34 19 his

1922 779 69 24 object
2000 781 23 18 in
2033 782 124 25 proceeding
2167 784 22 17 to
2202 782 49 20 Port
2261 783 125 26 Nicholson,
2397 785 50 20 New
2457 786 53 20 Zea-

1921 806 56 23 land,
1990 807 17 19 is
2018 810 21 17 to
2048 807 53 21 form
2111 815 12 13 a
2129 809 144 26 shipbuilding
2278 811 159 21 establishment
2443 814 67 24 there,

1921 834 68 20 where
1997 835 59 19 wood
2066 836 18 18 is
2094 836 64 25 cheap
2169 837 41 19 and
2219 838 63 24 gcod,
2293 838 34 20 for
2338 839 34 20 the
2383 846 38 13 use
2433 841 24 19 of
2474 842 36 19 the

1921 861 58 19 trade
1990 862 24 18 of
2026 862 35 19 the
2071 862 152 27 neighbouring
2234 864 101 21 colonies.
2364 866 19 19 A
2394 867 39 20 few
2442 868 68 21 weeks

1920 894 47 18 ago,
1979 889 25 19 he
2015 889 53 19 built
2078 896 11 12 a
2099 890 41 19 fine
2155 890 78 26 barque
2250 892 24 19 of
2292 893 41 18 220
2349 895 49 18 tons
2414 896 95 24 register,

1920 916 76 19 named
2012 916 35 20 the
2066 916 110 26 Clydeside,
2204 918 22 19 in
2245 919 69 20 which
2330 920 42 20 Mr.
2391 921 63 27 Perry
2469 923 41 20 and

1920 943 35 19 the
1967 943 80 20 builder
2057 950 59 14 mean
2127 947 21 17 to
2159 948 108 23 transport
2275 946 124 21 themselves
2407 950 41 19 and
2455 951 55 19 their

1919 975 72 14 means
2000 973 23 17 to
2033 971 36 20 the
2085 972 47 19 land
2148 972 24 20 of
2194 974 93 24 promise
2308 974 21 19 in
2348 976 35 19 the
2403 976 105 22 Southern

1920 997 49 20 Seas
1977 1005 6 16 ;
1994 998 41 19 and
2045 998 16 19 it
2071 999 17 19 is
2099 1000 80 25 worthy
2190 1000 24 19 of
2226 1002 83 19 remark
2325 1002 46 20 that
2386 1003 38 20 she
2438 1004 20 20 is
2473 1005 35 20 the

1918 1025 47 19 first
1974 1026 66 19 vessel
2050 1026 66 20 which
2125 1027 44 20 will
2182 1028 57 19 leave
2257 1029 35 19 the
2310 1029 72 21 shores
2400 1031 25 20 of
2443 1032 65 20 Great

1918 1052 82 20 Britain
2011 1054 53 19 built
2074 1055 105 21 expressly
2190 1055 32 20 for
2233 1055 52 20 New
2296 1056 102 20 Zealand.

1946 1080 139 21 Composing
2096 1088 47 13 and
2155 1082 176 21 Distributing
2352 1084 126 22 Machine.

1917 1108 19 19 A
1946 1110 58 22 great
2021 1108 71 26 degree
2108 1110 24 19 of
2143 1110 88 19 interest
2242 1111 37 19 has
2296 1111 54 20 been
2366 1114 93 25 recently
2470 1120 36 14 ex-

1917 1135 55 20 cited
1982 1136 22 19 in
2016 1136 108 26 Presburg,
2135 1137 28 25 by
2179 1137 35 19 the
2224 1138 110 20 invention
2350 1139 24 20 of
2386 1146 13 14 a
2411 1141 95 21 machine

1917 1162 67 21 which
1991 1163 100 25 promises
2101 1166 21 18 to
2131 1165 62 19 affect
2203 1171 12 13 a
2225 1166 117 20 wonderful
2357 1169 118 19 revolution
2483 1169 22 20 in

1915 1190 37 19 the
1969 1194 32 16 art
2018 1191 23 19 of
2060 1192 99 25 printing.
2190 1192 45 20 The
2250 1193 100 21 inventor
2364 1195 19 19 is
2400 1202 12 13 a
2427 1202 78 19 person

1915 1218 76 19 named
2000 1218 79 25 Joseph
2096 1219 47 19 Yon
2160 1219 90 26 Kleigel,
2261 1221 43 19 and
2320 1221 35 20 the
2372 1223 96 19 machine
2485 1224 19 20 is

1915 1245 46 19 said
1971 1247 22 17 to
2003 1252 71 19 posses
2085 1247 34 19 the
2136 1247 85 20 twofold
2238 1254 72 19 power
2325 1249 25 19 of
2367 1251 138 27 superseding

1915 1272 35 20 the
1958 1273 109 25 operation
2077 1274 24 19 of
2113 1274 35 20 the
2158 1275 57 19 hand
2224 1275 23 19 in
2265 1277 123 25 composing
2399 1278 41 19 and
2449 1281 55 17 sort-

1914 1299 36 25 ing
1960 1306 24 14 or
1995 1301 133 26 distributing
2136 1304 67 23 types.
2233 1302 58 27 Only
2298 1304 36 19 the
2343 1305 69 20 model
2423 1305 38 20 has
2469 1309 34 23 yet

1914 1326 53 20 been
1976 1329 105 24 produced
2089 1336 5 16 ;
2110 1329 37 19 but
2157 1336 12 12 a
2178 1329 127 21 Committee
2313 1331 37 20 has
2359 1332 53 19 been
2423 1333 82 21 formed

1913 1358 22 16 at
1947 1355 108 26 Presburg,
2066 1356 65 20 under
2142 1357 36 19 the
2195 1358 189 25 superintendance
2395 1360 24 19 of
2432 1360 71 21 Count

1913 1381 94 27 Ludwig,
2024 1383 114 26 Bathnany,
2150 1384 33 20 for
2194 1384 36 20 the
2240 1391 92 19 purpose
2342 1387 25 19 of
2378 1388 78 25 raising
2467 1389 36 20 the

1913 1409 63 20 funds
1986 1417 108 19 necessary
2104 1411 32 20 for
2155 1411 36 20 the
2208 1414 147 19 construction
2371 1414 24 19 of
2407 1415 36 19 the
2458 1422 45 13 ma-

1913 1437 69 20 chine.
2011 1438 47 19 Yon
2076 1438 81 26 Kleigel
2174 1439 37 20 has
2228 1439 62 25 given
2305 1440 33 20 his
2355 1442 96 21 machine
2466 1444 37 19 the

1913 1470 61 14 name
1995 1465 24 20 of
2044 1465 163 27 Typographshe
2230 1466 120 22 Schnellsez
2375 1470 43 19 and
2435 1470 68 21 Sortir

1912 1492 104 20 machine.
2045 1493 87 25 Though
2143 1494 85 25 capable
2245 1495 25 18 of
2281 1495 95 25 conjoint
2392 1498 109 24 operation

1911 1519 23 19 in
1946 1520 35 19 the
1989 1526 82 19 process
2080 1521 23 19 of
2110 1522 123 24 composing
2241 1522 41 19 and
2290 1522 136 27 distributing
2433 1527 68 23 types,

1911 1550 37 22 yet
1957 1548 36 19 the
2003 1551 43 16 two
2056 1554 78 19 powers
2146 1548 24 20 of
2183 1548 34 20 the
2228 1549 104 25 machine,
2344 1550 62 26 being
2414 1552 87 20 distinct

1911 1574 42 19 and
1972 1574 141 27 independent
2129 1576 24 19 of
2174 1576 51 20 each
2242 1577 70 23 other,
2331 1584 34 14 are
2376 1579 85 25 capable
2479 1580 25 20 of

1911 1602 72 25 acting
1993 1603 122 25 leparately.
2145 1602 44 21 Her
2198 1603 49 20 Yon
2259 1604 83 26 Kleigel
2358 1606 37 20 has
2411 1607 89 26 pledged

1911 1629 87 20 himself
2014 1631 45 18 first
2074 1633 22 17 to
2106 1631 103 25 complete
2219 1631 47 20 that
2275 1632 86 26 portion
2372 1633 25 20 of
2409 1634 35 20 the
2455 1641 44 13 ma-

1911 1657 62 20 chine
1983 1658 114 25 applicable
2104 1661 21 16 to
2133 1661 50 23 type
2188 1659 89 25 sorting.
2298 1660 20 19 A
2325 1660 58 21 sheet
2392 1661 24 20 of
2425 1662 75 20 Cicero

1910 1686 51 23 type
1985 1692 54 19 may,
2059 1685 17 19 it
2099 1685 18 20 is
2137 1685 51 25 said,
2209 1686 26 20 be
2254 1686 82 21 broken
2352 1694 27 19 up
2399 1689 41 20 and
2455 1689 44 21 dis-

1910 1711 93 20 tributed
2014 1713 71 19 within
2103 1713 35 19 the
2153 1713 98 20 duration
2265 1714 25 20 of
2307 1721 26 13 an
2352 1715 55 21 hour
2425 1717 42 19 and
2486 1724 13 13 a

1910 1739 52 23 half,
1978 1740 27 25 by
2015 1746 27 13 an
2052 1741 108 24 operation
2177 1741 67 19 which
2263 1743 94 24 requires
2367 1750 28 13 no
2413 1745 86 20 manual

1910 1767 41 22 aid,
1964 1768 38 18 and
2015 1774 45 19 may
2071 1768 25 19 be
2105 1768 59 20 made
2175 1771 22 17 to
2214 1772 35 16 act
2262 1769 52 20 both
2324 1771 40 25 day
2380 1771 42 19 and
2438 1772 61 25 night

1910 1794 42 19 like
1970 1795 134 19 clock-work.
2148 1795 26 20 In
2195 1797 35 19 the
2250 1802 74 14 course
2334 1798 24 19 of
2376 1805 12 13 a
2404 1799 39 26 day
2463 1802 36 17 ten

1909 1822 70 19 sheets
1990 1829 47 19 may
2049 1823 24 19 be
2084 1823 78 19 broken
2178 1830 27 19 up
2225 1824 42 20 and
2284 1825 134 20 distributed.
2453 1826 46 21 The

1908 1851 123 24 composing
2049 1851 93 19 machine
2152 1851 19 19 is
2186 1852 118 19 connected
2321 1852 49 20 with
2381 1854 36 19 the
2427 1854 72 20 distri-

1908 1878 75 24 buting
2000 1878 101 23 machine,
2113 1884 23 13 so
2152 1878 46 19 that
2213 1878 36 20 the
2266 1881 51 24 type
2330 1880 63 20 boxes
2409 1887 48 20 may
2473 1882 26 19 be

1908 1905 127 19 transferred
2052 1906 51 19 from
2122 1905 33 20 the
2174 1906 63 19 latter
2253 1909 22 16 to
2287 1907 36 19 the
2339 1908 84 20 former.
2452 1909 46 21 The

1908 1932 138 25 distributing
2051 1933 94 19 machine
2152 1933 18 20 ii
2176 1933 83 20 worked
2266 1934 27 25 by
2298 1941 70 14 means
2372 1936 25 19 of
2402 1943 12 12 a
2422 1936 76 21 handle

1908 1960 75 19 turned
1995 1960 41 19 like
2051 1961 43 18 that
2104 1960 23 19 of
2140 1967 11 12 a
2162 1961 82 24 mangle
2252 1969 6 15 ;
2273 1962 37 19 the
2320 1964 123 25 composing
2454 1971 45 13 ma-,

1908 1987 61 20 chine
1980 1990 44 16 acts
2032 1987 26 25 by
2069 1993 69 13 means
2149 1988 24 19 of
2185 1994 12 12 a
2204 1988 41 24 key
2256 1988 73 24 board,
2340 1990 43 19 like
2393 1991 46 18 that
2449 1992 24 19 of
2485 1999 13 12 a

1908 2014 125 25 pianoforte,
2045 2014 66 19 which
2123 2018 55 15 must
2189 2014 24 19 be
2224 2015 93 19 touched
2327 2016 27 25 by
2364 2016 35 19 the
2411 2023 86 21 compo-

1907 2041 61 20 bitor.
1998 2041 20 18 It
2028 2041 18 20 ia
2063 2041 105 25 expected,
2185 2042 46 19 that
2242 2042 27 25 by
2279 2042 36 20 the
2331 2043 34 19 aid
2376 2044 24 19 of
2408 2045 42 19 this
2463 2046 35 19 in-

1907 2069 92 23 vention,
2011 2069 66 19 words
2086 2075 45 19 may
2139 2068 24 19 be
2172 2069 113 25 composed
2295 2076 23 13 as
2325 2071 80 25 rapidly
2414 2078 22 14 as
2447 2073 51 26 they

1907 2103 38 12 can
1957 2096 24 19 be
1998 2096 61 26 spelt.
2089 2096 57 19 Even
2157 2102 12 13 a
2180 2096 50 19 slow
2246 2098 135 24 unpractised
2392 2101 105 25 composi-

1906 2127 42 19 tor,
1965 2130 47 18 may
2028 2130 96 18 compose
2138 2129 12 14 a
2160 2124 59 19 sheet
2235 2124 24 19 of
2273 2124 75 21 Cicero
2364 2128 50 24 type
2430 2127 24 20 in
2470 2135 26 13 an

1906 2157 25 13 aD
1947 2151 53 19 hour
2007 2152 40 18 and
2056 2159 11 12 a
2075 2151 55 23 half;
2150 2151 41 19 and
2203 2152 25 18 he
2239 2152 93 26 requires
2344 2159 27 13 no
2379 2154 61 20 other
2448 2155 49 26 help

1906 2178 49 20 than
1974 2179 44 19 that
2033 2178 24 20 of
2069 2185 11 12 a
2090 2179 39 25 boy
2148 2181 21 17 to
2180 2178 33 19 lift
2230 2178 54 21 from
2296 2180 36 19 the
2348 2181 96 21 machine
2459 2185 38 19 tne

1905 2212 52 20 page
1968 2212 22 13 as
2000 2206 18 19 it
2027 2206 17 19 is
2055 2206 123 25 completed.
2181 2216 25 4 —
2208 2206 138 25 Polytechnic
2360 2209 96 20 Jcnrnai.

1934 2234 50 19 The
2012 2233 60 20 Peel
2100 2233 102 20 Family.
2204 2244 27 3 —
2232 2233 46 20 The
2304 2235 145 21 introduction
2473 2238 24 19 of

1905 2261 66 19 calico
1985 2261 93 25 printing
2088 2261 44 19 into
2150 2261 127 20 Lancashire
2287 2262 18 19 is
2316 2263 93 19 ascribed
2421 2269 21 15 to
2459 2266 36 19 the

1906 2289 87 19 Messrs.
2005 2289 95 24 Clayton,
2112 2289 24 19 of
2149 2288 170 26 Bauiberbridge,
2337 2297 49 12 near
2399 2291 94 25 Preston,

1904 2316 46 19 who
1963 2316 64 25 began
2039 2317 34 18 the
2084 2316 94 19 business
2195 2322 26 13 on
2233 2322 12 13 a
2256 2317 61 19 small
2334 2318 55 20 scale
2399 2325 22 13 as
2438 2320 57 26 early

1904 2349 23 13 as
1937 2344 36 18 the
1985 2350 48 18 year
2047 2343 56 20 1764.
2133 2343 58 25 They
2206 2350 52 13 were
2269 2344 105 24 followed,
2392 2346 41 20 and
2442 2348 52 20 with

1903 2374 59 22 great
1974 2371 78 25 vigour,
2064 2371 26 24 by
2101 2371 42 19 Mr.
2155 2371 80 19 Robert
2247 2371 56 24 Peel,
2316 2372 34 20 the
2358 2374 136 25 grandfather

1904 2399 23 19 of
1941 2399 35 18 the
1987 2401 83 23 present
2081 2399 32 19 Sir
2125 2399 24 18 R.
2169 2399 54 19 Peel.
2254 2399 44 19 Mr.
2318 2400 46 20 Peel
2378 2407 40 13 was
2429 2403 64 25 origi-

1904 2426 57 25 nally
1972 2432 9 12 a
1994 2432 85 19 yeoman
2089 2426 90 25 farming
2189 2426 32 20 his
2238 2432 46 14 own
2295 2430 74 21 estate,
2387 2428 41 20 and
2439 2430 55 19 lived

1903 2456 21 16 at
1936 2453 70 22 Cross,
2019 2453 117 20 afterwards
2147 2453 66 19 called
2231 2453 100 24 Peelfold,
2348 2461 50 14 near
2418 2456 74 21 Black-

1903 2480 62 20 burn.
1997 2480 64 25 Being
2071 2481 23 19 of
2104 2487 27 13 an
2141 2481 67 19 active
2218 2482 40 18 and
2269 2483 141 25 euterprising
2420 2484 72 26 dispo-

1903 2508 73 23 sition,
1987 2508 25 19 lie
2028 2508 65 25 began
2105 2509 33 18 Lhe
2157 2509 144 18 manufacture
2312 2510 24 19 of
2353 2513 80 21 cotton,
2451 2512 41 20 and

1903 2536 25 19 he
1939 2535 18 20 is
1974 2536 118 19 mentioned
2103 2542 21 13 as
2143 2541 39 14 one
2193 2536 23 19 of
2230 2536 35 19 the
2275 2536 47 20 first
2339 2543 87 19 persons
2444 2540 47 19 who

1902 2563 55 20 tried
1968 2563 34 19 the
2019 2564 84 24 carding
2118 2563 100 25 cylinder.
2249 2564 33 19 He
2293 2564 45 20 also
2355 2566 51 19 took
2418 2573 27 19 up
2456 2567 36 20 the

1902 2591 95 25 printing
2014 2590 99 24 business,
2132 2591 40 18 and
2183 2591 26 19 he
2225 2592 59 19 made
2303 2592 31 19 his
2347 2593 46 19 first
2410 2595 81 25 experi-

1902 2621 69 16 ments
1984 2618 88 25 secretly
2089 2618 21 19 in
2121 2618 31 19 his
2164 2624 45 13 own
2226 2619 65 19 house
2300 2626 5 16 ;
2320 2620 41 19 and
2378 2621 36 19 the
2425 2622 64 24 cloth,

1901 2646 83 19 instead
1995 2646 24 19 of
2033 2646 59 24 being
2109 2646 130 21 calendered,
2251 2653 41 12 was
2303 2647 73 20 ironed
2393 2648 26 26 by
2429 2655 13 13 a
2458 2649 31 20 fe-

1901 2674 53 19 male
1965 2674 24 19 of
2000 2674 36 18 the
2054 2673 76 25 family,
2143 2674 35 18 the
2196 2675 83 23 pattern
2297 2674 90 26 adopted
2405 2677 62 25 being
2477 2683 13 14 a

1901 2701 82 25 parsley
1993 2700 48 20 leaf.
2071 2700 122 20 Stimulated
2205 2701 26 25 by
2240 2702 35 19 the
2286 2708 82 13 success
2377 2703 24 19 of
2411 2703 31 21 his
2454 2710 35 14 ex-

1901 2728 122 26 periments,
2035 2728 26 19 he
2076 2727 110 20 embarked
2197 2729 21 18 in
2237 2729 35 19 the
2283 2729 94 25 printing
2395 2730 94 22 business

1900 2756 51 18 with
1962 2756 59 18 small
2039 2761 69 13 means
2125 2755 42 19 and
2185 2756 147 24 convenience,
2352 2757 41 19 and
2408 2759 83 26 shortly

1901 2783 50 19 aftei
1960 2783 96 19 removed
2065 2785 21 17 to
2095 2783 123 24 Brookside,
2230 2790 12 12 a
2247 2785 67 24 vilage
2322 2788 39 15 two
2369 2785 59 20 miles
2435 2787 54 19 from

1901 2811 129 19 Blackburn.
2060 2810 55 20 Here
2126 2811 25 19 lie
2169 2811 80 19 carried
2259 2817 28 13 on
2298 2812 36 19 the
2352 2812 94 21 business
2456 2814 35 20 for

1901 2844 57 14 some
1969 2844 59 19 years
2038 2838 48 18 with
2098 2838 33 19 the
2143 2839 33 18 aid
2187 2839 24 19 of
2222 2838 33 20 his
2266 2844 50 14 sons
2324 2847 4 15 ;
2346 2840 40 19 and
2397 2840 27 26 by
2431 2844 59 22 great

1900 2866 135 25 application,
2047 2865 55 24 skill,
2113 2866 41 18 and
2164 2867 123 24 enterprise,
2299 2867 35 19 the
2346 2874 89 14 concern
2449 2875 40 14 was

1899 2893 61 20 made
1981 2893 114 25 eminently
2122 2899 133 20 prosperous.
2296 2894 40 20 liis
2357 2894 65 21 eldest
2442 2902 45 19 son,

1901 2920 87 24 Robert,
2006 2921 118 19 afterwards
2141 2921 82 19 created
2238 2928 12 12 a
2268 2921 94 24 baronet,
2379 2924 110 24 possessed

1900 2951 74 22 strong
1990 2948 83 23 talents,
2091 2948 67 19 which
2170 2948 26 19 he
2212 2948 89 20 devoted
2319 2950 132 26 assiduously
2466 2954 22 17 to

1900 2975 97 20 business;
2005 2975 55 20 from
2071 2981 26 13 an
2107 2975 56 26 early
2181 2981 44 20 age,
2237 2976 41 19 and
2289 2977 50 19 thus
2355 2978 135 20 contributed

1899 3003 63 19 much
1974 3006 21 16 to
2004 3003 34 19 the
2047 3009 80 12 success
2138 3003 24 19 of
2176 3003 34 19 the
2218 3003 103 25 printing,
2332 3005 107 25 spinning,
2447 3006 42 19 and

1899 3030 169 24 manufacturing
2085 3030 117 19 businesses
2211 3037 4 16 ;
2231 3031 42 19 and
2285 3031 22 19 in
2325 3032 51 18 each
2394 3032 24 19 of
2430 3034 59 19 these

1898 3056 102 20 branches
2010 3058 36 17 the
2057 3056 56 19 Peels
2122 3063 51 13 soon
2181 3057 50 19 took
2242 3064 12 12 a
2263 3058 47 18 lead
2321 3058 20 19 in
2353 3058 134 22 Lancashire.

1898 3083 59 26 They
1965 3084 82 25 eagerly
2054 3084 87 25 adopted
2148 3090 61 19 every
2215 3084 153 26 improvement
2376 3088 111 24 suggested

1898 3110 28 26 by
1936 3112 78 23 others,
2026 3111 42 19 and
2080 3117 61 19 many
2157 3111 165 25 improvements
2338 3114 116 24 originated
2464 3115 23 20 in.

1898 3139 55 20 their
1964 3145 45 13 own
2020 3138 104 20 extensive
2138 3139 177 20 establishments.
2345 3140 30 20 As
2385 3142 36 19 the
2431 3142 57 20 elder

1898 3165 43 20 Mr.
1962 3166 47 19 Peel
2031 3166 40 19 had
2087 3166 77 19 several
2182 3172 57 18 sons,
2259 3167 80 20 Robert
2357 3169 82 25 quitted
2454 3170 33 20 his

1897 3194 87 19 father's
1996 3199 88 14 concern
2095 3193 63 20 about
2171 3194 60 24 1773,
2244 3194 40 19 and
2295 3195 128 20 established
2433 3197 54 19 him.

1897 3221 42 20 self
1950 3222 50 18 with
2011 3221 32 19 his
2054 3221 66 23 uncle,
2139 3221 43 19 Mr.
2195 3221 109 23 Haworth,
2322 3223 41 19 and
2373 3223 33 20 his
2417 3224 70 20 future

1897 3248 69 19 father
1976 3248 21 19 in
2007 3248 45 23 law,
2064 3248 41 19 Mr.
2124 3248 33 20 W.
2177 3248 72 24 Yates,
2261 3251 21 17 at
2293 3249 65 26 Bury,
2372 3251 69 20 where
2452 3253 35 18 the

1897 3275 185 26 cotton-spinning
2090 3275 41 20 and
2147 3275 95 27 printing
2252 3276 70 20 trades
2338 3284 54 14 were
2407 3279 81 20 carried

1896 3309 28 13 on
1934 3302 34 20 for
1978 3309 62 19 many
2056 3309 57 19 years
2124 3303 51 19 with
2190 3303 143 25 pre-eminent
2351 3311 82 14 success
2446 3307 41 19 and

1896 3336 27 13 on
1934 3336 13 13 a
1964 3333 55 16 most
2033 3331 105 18 extensive
2153 3331 63 19 scale,
2233 3331 42 19 and
2292 3338 35 13 are
2345 3333 75 19 indeed
2435 3340 52 13 con-

1896 3357 81 23 tinued,
1994 3357 90 25 through
2094 3358 59 19 other
2170 3357 74 24 hands,
2257 3361 21 17 to
2289 3359 36 19 the
2343 3363 84 22 present
2438 3361 53 26 day.-

1896 3384 43 20 Mr.
1959 3385 55 23 Peel,
2026 3385 34 18 the
2071 3384 73 24 father,
2156 3385 50 19 with
2218 3385 32 20 his
2268 3392 57 18 sons,
2339 3387 41 19 and
2398 3389 89 19 another

1896 3411 43 20 Mr.
1950 3412 72 24 Yates,
2033 3411 125 21 established
2169 3413 35 19 the
2214 3413 58 25 print
2280 3414 69 20 works
2359 3418 22 16 at
2393 3415 93 24 Church,

1896 3439 40 20 ud
1945 3439 40 19 had
1996 3439 43 19 also
2050 3439 54 24 large
2114 3439 69 20 works
2193 3442 22 17 at
2225 3441 101 25 Burnley,
2339 3442 58 26 Sally
2404 3443 80 26 Abbey,

1895 3467 41 19 and
1948 3467 155 22 Foxhill-bank,
2122 3467 40 19 and
2176 3468 100 25 spinning
2294 3469 56 19 mills
2360 3472 22 17 at
2392 3470 93 24 Altham,

1895 3494 41 20 and
1946 3493 120 21 afterwards
2076 3496 21 17 at
2108 3494 229 26 Burton-npon-Trent
2352 3497 22 19 in
2385 3497 101 20 Stafford-

1895 3521 63 20 shire.
1990 3521 26 19 So
2028 3521 72 26 widely
2111 3522 34 18 did
2162 3522 58 20 these
2231 3529 103 14 concerns
2350 3524 78 20 branch
2439 3528 45 21 out,

1895 3549 41 19 and
1947 3554 23 14 so
1979 3548 95 26 liberally
2082 3549 40 19 aud
2132 3549 96 26 skilfully
2235 3556 54 13 were
2299 3551 52 25 they
2359 3552 125 24 conducted,

1895 3576 46 20 that
1951 3576 49 25 they
2011 3578 38 17 not
2059 3576 49 25 only
2117 3576 92 25 brought
2219 3577 101 20 immense
2331 3579 74 20 wealth
2416 3582 23 17 to
2449 3580 36 19 the

1894 3603 137 25 proprietors,
2040 3603 38 20 but
2088 3606 31 17 set
2129 3610 25 13 an
2162 3605 94 25 example
2263 3608 22 16 to
2294 3606 35 19 the
2338 3606 66 19 whole
2411 3608 74 19 cotton

1896 3630 64 24 trade,
1972 3630 41 20 and
2024 3630 79 20 trained
2113 3637 28 20 up
2153 3637 62 21 many
2223 3632 24 19 of
2260 3633 36 19 the
2306 3636 56 17 most
2369 3634 116 20 successful

1894 3657 92 26 printers
2012 3657 42 20 and
2078 3658 166 21 manufacturers
2272 3660 22 19 in
2322 3660 163 21 Lancashire,—

1894 3685 96 19 JJaines's
2000 3685 89 25 History
2099 3685 26 25 of
2136 3686 35 19 the
2184 3686 73 21 Cotton
2269 3687 158 24 Manufacture.

1922 3712 35 19 On
1969 3712 34 20 the
2014 3713 45 19 first
2070 3713 39 25 day
2119 3713 24 20 of
2155 3714 68 25 April,
2235 3720 13 13 a
2259 3714 80 19 dentist
2349 3715 22 19 in
2383 3715 51 20 New
2442 3715 42 20 Or-

1893 3738 58 21 leans
1971 3746 39 13 was
2021 3740 65 19 called
2103 3747 55 19 upon
2176 3742 41 19 and
2233 3742 110 25 requested
2353 3745 22 16 to
2386 3742 60 20 make
2456 3743 28 19 all

1895 3769 59 17 haste
1964 3767 51 19 with
2030 3767 32 19 his
2075 3767 137 21 instruments
2223 3771 22 17 to
2256 3775 12 12 a
2278 3768 66 20 house
2361 3769 50 25 high
2421 3776 28 19 up
2460 3770 24 19 in

1895 3793 110 26 Magazine
2013 3794 68 20 Street
2091 3799 21 15 to
2119 3796 92 25 perform
2221 3801 27 14 an
2257 3796 115 25 operation.
2385 3796 34 20 On
2430 3797 53 20 arri-

1895 3822 49 24 ving
1953 3824 23 17 at
1986 3822 35 19 the
2032 3822 64 19 house
2106 3823 26 19 he
2146 3823 130 20 ascertained
2286 3823 46 19 that
2342 3823 17 20 it
2369 3830 41 14 was
2421 3825 21 19 to
2452 3825 32 20 set

1895 3849 34 19 the
1939 3850 57 18 teeth
2006 3848 27 24 of
2039 3855 12 14 a
2061 3850 103 20 handsaw.

1922 3875 88 21 March
2022 3883 27 13 of
2064 3876 177 22 Intelligence.
2245 3887 26 4 —
2364 3876 50 22 how
2430 3877 53 23 does

1895 3901 37 22 the
1940 3902 159 21 thermometer
2106 3903 65 21 stand
2290 3914 30 3 —
2407 3905 76 21 stands

1894 3935 27 14 on
1934 3928 38 21 t\\*
1984 3929 81 21 mantle
2076 3930 67 26 piece,
2153 3929 60 27 right
2220 3937 52 18 agin

1894 3956 51 19 New
1958 3956 56 19 York
2026 3962 73 18 paper.

1286 2808 21 22 A
1325 2809 124 22 Statement
1464 2810 24 21 of
1499 2811 78 21 Assets
1593 2811 45 21 and
1656 2812 122 22 Liabilities
1795 2813 24 21 of
1835 2813 38 22 the

1321 2835 56 22 New
1389 2836 94 22 Zealand
1494 2837 122 27 Company,
1628 2846 29 14 on
1670 2839 62 27 April
1743 2841 19 24 6,
1776 2841 59 21 1841.

1519 2865 116 21 ASSETS.

1747 2893 15 17 £
1814 2898 14 12 s.
1855 2894 17 16 d.

1285 2910 58 21 Cash
1351 2917 23 14 in
1382 2910 37 22 the
1426 2910 64 23 hands
1498 2912 25 21 of
1529 2912 36 21 the
1571 2912 97 22 bankers
1717 2915 74 25 12,664
1807 2917 24 19 15
1860 2916 13 20 7

1285 2936 63 22 Ditto
1377 2938 56 21 ditto
1456 2941 56 24 petty
1523 2939 86 22 cashier
1774 2943 12 19 7
1802 2943 26 20 10
1856 2943 13 20 3

1285 2964 153 22 Investments
1445 2965 28 21 for
1479 2964 71 23 which
1556 2966 37 21 the
1598 2966 66 21 Com-

1310 2998 61 20 pany
1388 2991 54 22 hold
1458 2993 117 25 securities,
1593 2993 71 22 inclu-

1311 3018 55 26 ding
1377 3018 37 21 the
1425 3023 152 22 engagements
1588 3020 25 21 of
1624 3020 38 22 the

1311 3044 121 27 Plymouth
1443 3046 109 26 Company
1561 3046 51 21 with
1621 3046 43 21 this

1311 3072 116 26 Company
1434 3072 29 21 for
1472 3073 138 26 emigration,
1624 3074 39 21 &c.
1700 3075 89 25 121,142
1817 3077 13 19 9
1857 3077 14 20 4

1286 3097 65 22 Land
1370 3099 22 20 in
1414 3098 50 22 New
1483 3099 107 26 Zealand,
1611 3100 50 26 viz.,

1309 3127 92 23 802,216
1412 3133 62 19 acres,
1486 3129 23 18 at
1518 3127 31 20 ss.
1558 3133 38 21 per
1605 3134 57 18 acre,

1309 3152 75 21 would
1398 3152 90 28 produce
1696 3155 133 25 202,31110
1857 3158 14 19 0

1447 3206 57 21 Total
1517 3206 26 21 of
1555 3207 86 21 Assets.
1650 3222 4 4 .
1696 3209 91 21 336.126
1816 3210 12 20 5
1857 3211 13 20 2

1475 3233 198 22 LIABILITIES.

1282 3258 139 28 Emigration
1433 3260 80 26 portion
1525 3260 26 21 of
1558 3260 36 21 the
1605 3260 57 22 sales

1309 3286 27 21 of
1346 3286 61 26 land,
1419 3286 66 22 which
1496 3287 96 21 remains
1603 3290 22 18 to
1636 3288 27 21 be

1308 3312 118 28 expended
1446 3313 28 22 for
1497 3313 38 22 the
1555 3314 108 27 principal

1307 3340 130 21 settlement
1710 3343 75 25 10,284
1800 3343 25 21 15
1841 3345 9 19 1
1857 3345 8 19 1

1281 3365 139 28 Emigration
1440 3367 82 27 portion
1542 3367 25 20 of
1587 3368 77 24 60,000

1307 3400 65 15 acres
1383 3394 26 20 of
1414 3393 52 27 land,
1476 3394 47 21 sold
1535 3397 22 17 to
1565 3393 37 22 the
1612 3394 51 26 Ply-

1308 3420 79 21 mouth
1396 3421 112 26 Company
1515 3420 24 21 of
1544 3420 56 21 New
1607 3420 56 21 Zea-

1306 3446 56 22 land
1710 3450 76 25 45,000
1814 3451 13 19 0
1855 3452 13 18 0

1281 3472 108 28 Freights,
1401 3474 48 25 &c,
1459 3474 22 21 of
1492 3473 63 27 ships
1570 3473 90 27 already

1307 3500 136 27 despatched
1708 3503 72 25 19,821
1810 3505 14 19 4
1854 3505 10 19 1

1281 3526 101 26 Salaries,
1389 3526 65 22 home
1458 3526 41 22 and
1505 3526 93 22 colonial
1606 3531 57 17 esta-

1306 3553 139 27 blishments,
1454 3553 138 26 advertising,
1601 3554 57 26 prin-

1307 3580 56 26 ting,
1374 3584 57 22 rent,
1443 3580 39 21 and
1491 3580 102 21 sundries
1610 3595 46 6 ....
1710 3583 73 25 15,221
1814 3584 12 20 9
1855 3583 13 21 7

1280 3606 104 28 Deposits
1395 3615 29 13 on
1436 3607 46 22 laud
1491 3607 24 20 in
1525 3606 38 21 the
1579 3608 82 21 second

1307 3634 129 21 settlement
1722 3637 64 23 8,850
1814 3638 12 18 0
1854 3638 14 19 0

1280 3659 135 22 Unclaimed
1425 3660 111 21 dividends
1742 3663 39 20 705
1810 3665 14 19 0
1852 3665 14 19 0

1280 3688 134 21 Subscribed
1435 3687 75 27 capital
1696 3690 88 24 100,000
1813 3691 13 19 0
1854 3691 13 19 0

1402 3740 61 22 Total
1473 3740 25 21 of
1511 3739 144 23 Liabilities..
1695 3743 89 24 199,882
1812 3744 13 19 9
1853 3743 13 21 7

1423 3793 58 22 Total
1489 3793 26 21 of
1530 3792 74 23 Assets
1692 3796 91 26 330,126
1811 3796 13 21 5
1853 3797 13 20 2

1402 3820 61 22 Total
1472 3820 25 21 of
1511 3820 143 22 Liabilities..
1694 3823 89 25 199,882
1811 3824 13 20 9
1853 3823 13 21 7

1280 3874 92 26 Surplus
1376 3874 23 21 in
1407 3873 85 22 favorof
1501 3872 36 21 the
1544 3873 115 28 Company
1673 3874 82 28 £136,2
1761 3877 21 20 13
1798 3876 25 21 15
1853 3876 13 21 7

1278 3900 226 52 ££**$&?•
1513 3900 16 53 }
1537 3912 107 23 *««-•
1670 3914 11 21 f
1692 3914 37 21 *•
1739 3915 17 22 c

1306 3954 55 22 Now
1372 3953 94 22 Zealand
1478 3954 83 25 House,
1572 3954 54 21 30th
1636 3954 70 28 April,
1720 3956 24 20 18
1751 3956 29 21 H.

84 117 132 26 settlement,
228 117 46 22 and
282 118 54 21 with
347 118 38 22 the
399 119 72 23 desire
482 121 72 21 which
562 129 58 19 your
629 123 47 22 Ex-

83 143 97 27 cellency
189 143 42 22 has
241 144 121 27 expressed
372 146 26 21 of
408 146 134 28 benefitting
550 148 37 22 the
599 150 76 22 settle-

83 173 61 20 ment
161 168 30 29 by
210 177 66 20 every
297 178 78 15 means
398 173 24 21 in
440 181 59 19 your
518 175 156 28 Excellency's

83 203 78 21 power,
180 197 26 20 of
222 196 37 22 the
278 198 107 28 sincerity
394 199 27 22 of
433 200 73 22 which
525 201 73 22 desire
617 210 57 19 your

83 223 135 27 Excellency
236 222 40 23 has
296 224 91 28 already
408 226 69 26 given
497 227 73 28 ample
589 230 82 27 proofs,

82 257 54 21 your
146 250 137 27 Excellency
292 252 75 21 would
379 254 102 21 sanction
492 261 45 20 any
547 258 37 18 act
600 255 72 23 which

82 276 70 27 might
161 276 54 22 tend
224 280 23 18 to
258 285 41 14 our
308 278 83 28 injury,
400 280 44 21 and
455 287 61 15 more
527 281 145 30 particularly

81 311 26 14 an
125 306 36 19 act
179 303 26 21 of
220 303 39 22 the
283 304 71 22 above
379 309 86 19 nature.
504 307 50 22 Nor
577 316 42 14 can
638 317 33 15 we

80 330 94 27 imagine
184 330 50 21 that
243 330 38 21 the
299 331 135 23 destination
452 334 25 20 of
489 334 44 21 this
543 336 72 21 vessel
631 336 40 22 has

80 358 53 21 been
151 360 23 17 at
193 356 29 22 all
239 357 129 23 influenced
382 359 30 27 by
422 367 45 25 any
478 361 26 21 of
517 369 58 19 your
589 363 81 22 Excel-

79 384 82 26 lency's
180 383 58 22 suite
257 384 30 26 by
304 392 57 19 your
382 386 156 29 Excellency's
558 391 109 21 sanction.

79 411 39 20 We
131 417 44 19 are,
187 410 118 26 therefore,
317 412 102 27 anxious,
431 413 49 21 that
497 422 28 14 an
535 415 132 27 impression

78 445 22 14 so
111 437 130 27 derogatory
252 441 22 17 to
292 437 37 22 the
347 438 115 23 character
478 441 26 21 of
517 449 57 19 your
587 443 81 23 Excel-

77 464 81 26 lency's
170 464 155 22 Government
334 465 81 22 should
432 467 27 21 be
471 467 114 23 forthwith
598 478 69 14 coun-

78 490 103 23 teracted.

102 517 39 21 We
158 524 38 14 are
214 516 81 29 deeply
304 518 99 23 desirous
421 520 53 26 also,
491 521 48 21 that
556 521 37 23 the
607 525 59 25 good

76 544 175 27 understanding
261 545 73 22 which
345 553 32 14 we
384 549 57 18 trust
450 547 40 21 has
501 548 57 22 been
569 549 97 28 brought

76 572 65 21 about
163 570 101 23 between
288 579 33 19 us,
347 579 23 14 as
401 573 107 23 colonists
532 575 72 23 under
628 577 37 23 the

76 601 165 23 arrangements
256 598 27 21 of
295 598 37 22 the
350 599 55 21 New
422 600 101 23 Zealand
539 603 117 29 Company

75 624 42 23 and
126 631 56 20 your
193 624 156 28 Excellency's
361 626 162 29 Government,
535 629 80 23 should
625 636 39 18 not

76 651 61 27 again
153 651 27 21 be
196 651 96 22 suffered
303 655 22 18 to
340 652 28 22 be
385 653 86 22 broken
488 655 30 27 by
528 656 37 22 the
579 661 47 18 acts
641 660 26 20 of

75 677 138 27 individuals,
232 678 57 26 who,
307 679 35 22 for
360 679 36 22 the
413 688 61 15 mere
492 683 52 21 sake
562 684 27 21 of
601 686 60 27 gain,

76 712 46 15 cnre
132 708 39 17 not
180 704 61 22 what
250 706 93 26 injuries
356 706 53 28 they
420 715 53 20 may
487 709 72 22 inflict
574 718 60 20 upon
650 721 13 13 a

75 731 141 27 community,
228 739 25 15 or
262 740 61 20 upon
334 733 74 22 whom
419 734 54 28 they
482 743 53 20 may
543 737 71 22 throw
624 739 38 23 the

74 758 168 28 responsibility.
279 759 60 28 This,
358 760 119 29 therefore,
499 767 59 18 must
579 765 26 21 be
621 774 41 14 our

74 785 91 27 apology
179 788 23 18 to
221 793 58 19 your
296 786 137 29 Excellency
447 789 35 22 for
501 790 106 28 bringing
623 793 38 21 the

74 814 65 20 above
156 815 92 20 matters
266 814 73 21 under
354 822 56 19 your
429 816 158 28 Excellency's
606 827 55 14 con-

72 838 124 24 sideration.

177 866 42 20 We
229 866 57 21 have
297 866 37 22 the
344 867 89 22 honour
443 873 22 17 to
475 869 36 27 be,

95 892 60 22 Your
165 892 158 28 Excellency's
333 899 59 17 most
401 896 107 21 obedient
521 902 108 23 servants,

250 920 132 28 Ridgways,
399 922 107 27 Guyton,
523 924 45 22 and
583 925 73 23 Eaiip.

69 947 30 22 To
107 946 33 21 his
151 946 138 26 Excellency
300 948 119 22 Governor
430 949 102 28 Hobson,
544 951 41 23 &c.

220 974 58 24 (The
290 975 104 21 Governor
396 977 4 11 11
402 983 11 13 s
423 977 77 26 reply.)

388 1003 107 23 Barrett's
504 1005 69 26 hotel,

264 1028 145 29 Wellington,
422 1031 131 27 September
562 1035 20 24 9,
595 1035 60 22 1841.

93 1054 148 27 Gentlemen,
243 1066 28 4 —
274 1055 11 21 I
292 1063 35 14 am
334 1056 99 22 directed
440 1058 30 27 by
477 1058 34 22 his
519 1059 138 30 Excellency

67 1082 33 23 jhe
111 1082 116 21 Governor
238 1086 21 17 to
271 1082 158 29 acknowledge
435 1085 38 21 the
479 1086 84 27 receipt
570 1088 26 20 of
600 1096 57 19 your

68 1110 59 20 letter
132 1108 25 21 of
161 1108 44 21 this
210 1108 57 28 date,
276 1110 45 20 and
328 1114 23 17 to
358 1118 87 20 convey
452 1116 22 17 to
479 1120 45 19 you
532 1113 33 22 his
575 1114 80 23 Excel-

67 1136 79 26 lency's
156 1135 82 21 thanks
247 1136 35 21 for
293 1136 37 22 the
345 1138 63 26 spirit
418 1139 26 21 of
455 1140 143 22 conciliation
610 1143 45 21 and

66 1163 52 25 good
128 1162 42 21 will
181 1162 22 21 in
213 1162 72 22 which
297 1171 45 19 you
353 1172 57 14 were
421 1165 90 27 pleased
529 1170 22 18 to
568 1168 83 23 inform

67 1190 40 20 him
119 1189 25 21 of
155 1196 13 14 a
183 1193 77 23 report
276 1190 72 22 which
365 1191 40 21 has
422 1193 106 21 obtained
545 1195 109 22 credence

67 1217 19 21 in
97 1216 40 21 this
147 1217 139 26 community
293 1225 5 18 ;
315 1217 49 21 that
378 1218 37 21 the
426 1223 94 19 masters
531 1221 26 21 of
570 1223 84 21 vessels

67 1243 66 21 would
141 1243 86 21 receive
243 1252 62 13 some
322 1245 86 21 reward
425 1246 35 21 for
478 1248 105 27 carrying
599 1250 55 21 emi-

66 1273 69 24 grants
144 1270 58 22 from
219 1270 43 22 this
276 1275 50 22 port
343 1275 22 18 to
380 1272 38 22 the
436 1277 47 17 seat
503 1275 27 21 of
550 1275 102 23 Govern-

67 1300 64 18 ment.

90 1324 9 21 I
110 1325 41 25 beg
160 1327 22 18 to
193 1331 74 15 assure
284 1332 44 20 you
347 1325 49 22 that
415 1326 38 22 the
474 1327 71 23 whole
563 1330 26 21 of
607 1330 45 22 this

66 1354 112 18 statement
187 1351 18 21 is
215 1358 13 14 a
238 1359 62 19 gross
311 1353 139 26 fabrication,
462 1362 30 14 no
506 1355 146 24 inducement

66 1378 114 21 whatsover
191 1377 85 28 having
285 1379 58 21 been
350 1379 52 23 held
410 1384 39 18 out
457 1381 30 27 by
496 1382 156 24 Government

66 1405 64 21 either
140 1405 93 26 directly
243 1413 24 13 or
278 1406 118 27 indirectly
414 1410 22 18 to
455 1409 152 29 shipmasters,
627 1419 25 14 or

66 1435 18 17 to
94 1432 124 26 emigrants,
230 1435 22 19 to
262 1433 82 21 induce
358 1441 14 13 a
386 1435 99 21 removal
502 1437 27 20 of
546 1444 45 22 any
601 1443 51 22 part

65 1459 21 20 of
97 1459 34 21 the
142 1459 130 26 population
290 1460 26 21 of
328 1461 145 28 Wellington,
491 1463 58 21 from
567 1464 43 22 this
628 1470 22 17 to

65 1492 38 20 any
121 1485 61 22 other
201 1486 70 27 place,
292 1487 71 22 either
378 1488 77 22 within
468 1489 38 22 the
524 1491 87 27 Colony
626 1500 25 13 or

64 1512 82 27 beyond
156 1513 23 21 it.

139 1539 11 21 I
159 1539 56 22 have
226 1539 37 23 the
274 1540 73 22 honor
357 1544 22 18 to
387 1542 34 26 be,
427 1543 138 28 gentlemen,

211 1567 63 22 Your
284 1572 58 17 most
352 1569 105 22 obedient
467 1576 97 20 servant,

300 1595 101 23 Edward
411 1597 147 28 Shoktland,

397 1623 88 22 Private
497 1625 122 28 Secretary.

63 1648 80 21 Messrs.
155 1647 126 28 Ridgways,
296 1649 99 28 Guyton,
408 1651 45 21 and
466 1651 66 28 Earp.

92 1700 46 23 The
144 1700 115 32 following
269 1703 125 28 memorial,
401 1704 148 32 numerously
558 1706 88 31 signed,

62 1741 39 16 was
116 1735 118 29 presented
254 1740 22 18 to
300 1736 35 22 his
356 1735 142 33 Excellency
509 1738 45 24 last
574 1740 71 24 week.

63 1768 88 29 Captain
173 1768 96 23 Hobson
292 1770 134 23 subscribed
446 1776 38 17 ten
503 1773 89 29 pounds
611 1779 35 18 to-

62 1801 63 22 wards
138 1803 101 29 erecting
250 1811 14 14 a
275 1804 85 29 pound,
373 1804 74 22 which
467 1805 20 22 is
499 1805 30 23 all
549 1807 38 23 the
603 1807 44 23 law

62 1835 68 22 allows
142 1834 37 24 the
193 1835 157 24 Government
363 1842 21 17 to
406 1838 128 23 contribute
547 1841 98 23 towards

60 1877 11 14 a
81 1867 57 24 work
151 1868 25 23 of
191 1868 38 23 the
248 1869 65 24 kind.
350 1870 76 24 There
445 1880 38 14 are
505 1880 32 15 we
559 1874 86 24 believe

61 1906 18 18 to
95 1901 24 23 be
140 1906 42 19 two
203 1903 90 29 pounds
296 1916 31 3 —
329 1912 43 15 one
391 1905 22 22 in
434 1905 38 22 the
492 1905 109 25 direction
624 1909 24 22 of

61 1934 28 23 Te
105 1934 55 30 Aro,
174 1936 45 22 and
238 1936 37 23 the
295 1937 64 23 other
380 1938 96 23 towards
497 1939 47 23 Kai
565 1941 81 23 Warra

61 1967 80 24 Warra.

62 2008 23 18 To
95 2008 30 18 his
133 2008 124 25 Excellency
272 2009 93 19 William
377 2011 92 22 Hobson,
480 2011 60 25 Esq.,
555 2012 90 25 Captain

106 2035 20 18 in
137 2035 22 19 th
176 2036 67 23 Royal
248 2036 70 25 Navy,
332 2037 105 19 Governor
444 2039 43 17 and
496 2039 147 20 Commander-

106 2063 98 24 in-Chief
219 2064 22 18 in
260 2064 43 19 and
321 2070 49 14 over
390 2066 34 18 the
451 2065 76 26 Colony
547 2067 28 25 of
591 2069 52 19 New

108 2091 97 19 Zealand.

82 2123 43 25 We,
137 2124 36 21 the
182 2124 153 28 undersigned
351 2126 152 24 land-owners
521 2129 44 21 and
582 2129 61 22 colo-

60 2150 46 21 nists
117 2151 25 21 of
149 2152 52 20 Port
216 2152 130 27 Nicholson,
359 2153 42 27 beg
412 2156 147 26 respectfully
568 2161 21 17 to
600 2158 43 21 call

60 2185 48 19 jour
118 2179 106 21 attention
234 2183 21 17 to
267 2179 37 21 the
315 2181 83 21 serious
408 2182 76 26 injury
492 2186 21 18 to
522 2183 72 22 which
605 2184 38 22 the

62 2204 117 22 cultivators
189 2206 26 20 of
225 2206 54 21 land
290 2207 21 21 in
327 2207 44 21 this
387 2208 86 22 district
482 2216 38 15 are
537 2211 104 26 exposed,

61 2230 46 23 from
119 2232 35 22 the
165 2237 59 17 want
233 2233 26 21 of
266 2240 45 20 any
318 2235 139 26 regulations
465 2240 22 17 to
498 2237 27 21 be
537 2238 106 21 enforced

61 2259 114 26 respecting
191 2264 60 23 stray
262 2261 74 21 cattle.
367 2263 31 21 At
415 2266 92 23 present
524 2265 36 21 the
575 2266 67 21 cattle

60 2292 30 14 are
105 2286 92 22 suffered
213 2291 23 17 to
252 2288 91 21 wander
362 2293 22 17 at
403 2289 61 27 large
485 2291 95 27 through
602 2293 39 20 the

59 2315 48 19 town
118 2313 41 21 and
177 2314 26 20 its
218 2314 100 27 vicinity,
330 2315 45 22 and
386 2316 36 22 the
438 2318 87 21 natural
544 2319 97 27 herbage

59 2338 56 28 being
132 2340 135 23 insufficient
285 2342 35 21 for
339 2343 57 21 their
420 2348 141 25 sustenance,
587 2346 54 28 they

59 2366 57 22 break
126 2367 94 27 through
231 2368 36 22 the
278 2369 77 22 fences
366 2371 44 21 and
427 2371 124 22 inclosures
562 2373 27 21 of
600 2373 38 22 the

59 2393 87 25 gardens,
165 2395 43 21 and
223 2397 62 20 often
302 2397 90 27 destroy
408 2398 24 21 in
453 2406 42 14 one
516 2399 65 27 night
601 2400 37 22 the

60 2420 57 27 hopes
127 2421 25 21 of
158 2421 37 22 the
206 2423 101 22 colonist.
337 2424 49 21 The
401 2425 43 21 evil
462 2425 18 22 is
492 2425 36 22 the
540 2434 61 14 more
618 2431 22 18 to

59 2446 21 21 be
96 2447 108 23 lamented
221 2450 22 21 in
262 2450 44 22 this
325 2452 122 30 particular
467 2456 62 24 stage
555 2454 25 21 of
601 2454 38 22 the

60 2474 79 27 Colony,
150 2483 23 14 as
183 2476 37 21 the
230 2477 131 22 cultivation
373 2479 25 21 of
402 2479 55 21 land
467 2480 18 21 is
497 2484 57 18 most
564 2489 76 14 essen-

60 2501 30 21 tial
100 2505 19 17 to
134 2510 39 14 our
189 2504 131 27 prosperity,
333 2505 23 21 in
375 2507 92 26 causing
482 2507 38 21 the
538 2508 101 28 employ-

61 2533 50 17 ment
127 2529 24 21 of
164 2529 84 28 labour,
259 2531 23 21 in
294 2532 118 27 providing
422 2533 52 21 food
485 2534 35 21 for
530 2534 37 22 the
579 2536 59 21 colo-

61 2554 40 27 nist,
112 2557 42 21 and
164 2557 22 21 in
197 2559 104 26 securing
311 2562 22 18 to
349 2559 43 22 this
409 2560 64 27 place
485 2560 38 22 the
534 2562 104 23 valuable

60 2581 60 23 plants
129 2584 43 21 and
189 2586 134 25 vegetables,
335 2586 37 21 the
383 2587 64 22 seeds
458 2587 26 22 of
497 2588 71 22 which
580 2590 57 21 have

60 2608 45 22 been
116 2610 105 23 collected
232 2616 23 18 at
270 2616 63 23 great
344 2614 87 21 trouble
441 2614 46 21 and
505 2623 98 20 expense
614 2618 21 21 in

60 2635 96 28 tngland.
184 2639 47 21 The
241 2640 124 27 insecurity
375 2645 21 17 to
407 2641 73 22 which
490 2642 44 21 this
549 2643 55 22 kind
614 2645 27 21 of

59 2668 88 23 property
152 2665 17 21 is
179 2667 106 26 exposed,
297 2667 73 22 deters
379 2675 69 20 many
455 2668 57 23 from
521 2670 115 28 incurring

59 2689 29 21 the
101 2692 78 22 certain
196 2700 97 20 expense
313 2694 26 21 of
355 2695 132 22 cultivation
506 2696 73 23 where
598 2698 37 22 the

59 2722 87 22 prospect
161 2719 25 21 of
198 2727 12 14 a
227 2724 76 18 return
320 2722 18 20 is
353 2729 24 14 so
393 2724 117 21 uncertain
526 2724 45 22 and
586 2733 48 19 pre-

59 2749 77 22 carious,
147 2746 63 22 while
222 2755 40 14 our
279 2748 127 27 increasing
422 2750 108 22 numbers
546 2752 88 28 require

58 2771 37 20 that
104 2773 125 22 cultivation
240 2774 81 22 should
336 2776 97 26 proceed
450 2784 30 14 on
495 2785 14 14 a
519 2786 61 13 more
596 2787 38 14 ex-

59 2797 67 23 tended
135 2801 56 20 scale
199 2809 4 18 ;
220 2801 45 22 and
272 2802 82 26 justice
365 2802 109 23 demands
483 2804 49 22 that
539 2805 38 22 the
588 2806 46 22 first

59 2825 96 23 condition
173 2828 25 21 of
209 2829 60 25 good
286 2829 181 23 Government—
471 2832 125 29 protection
612 2834 26 21 of

59 2856 114 24 property—
174 2854 79 23 should
262 2856 28 21 be
307 2856 100 23 afforded
422 2861 22 19 to
462 2858 37 22 the
514 2860 120 22 cultivator

59 2879 68 22 ofland
137 2888 23 15 as
172 2882 48 21 well
231 2890 23 14 as
265 2887 23 17 to
299 2883 36 21 the
347 2891 76 15 owner
433 2886 26 21 of
466 2886 74 22 cattle.

78 2905 75 24 Moved
166 2908 29 27 by
212 2909 62 22 these
290 2911 183 29 considerations,
490 2921 33 13 we
541 2914 58 26 hope
615 2914 18 22 it

59 2936 40 23 may
114 2934 70 26 please
207 2944 57 19 your
290 2937 139 29 Excellency
447 2944 23 17 to
494 2941 106 21 establish
621 2949 13 13 a

59 2960 66 27 pound,
134 2962 43 21 and
187 2966 22 19 to
221 2964 90 21 enforce
320 2964 37 22 the
368 2972 119 22 necessary
495 2968 138 26 regulations

59 2987 25 19 tor
91 2989 140 27 impounding
240 2994 60 24 stray
310 2992 67 21 cattle
394 2994 46 21 and
457 2994 64 21 other
538 2995 95 22 animals

59 3016 15 16 M
90 3015 37 20 this
143 3016 95 28 district;
256 3018 30 26 by
302 3018 63 23 these
382 3027 114 15 measures
512 3028 33 14 we
562 3022 71 21 confi-

59 3041 60 27 dently
129 3048 76 22 expect
221 3041 37 25 the
276 3049 90 23 present
377 3046 55 22 evils
443 3055 32 13 we
486 3048 112 27 complain
610 3049 26 21 of

59 3068 32 19 will
100 3075 63 21 cease,
175 3071 45 22 and
233 3072 49 21 that
293 3072 37 21 the
340 3072 133 24 cultivation
484 3075 25 20 of
523 3074 56 22 land
589 3075 44 22 will

85 3096 76 26 greatly
170 3097 116 23 increased
296 3098 58 23 from
369 3100 37 21 the
422 3102 125 26 protection
558 3102 17 21 it
588 3102 45 22 will

59 3121 64 27 obtain,
135 3124 42 21 and
186 3125 57 22 from
255 3126 37 21 the
303 3127 112 27 necessity
425 3128 72 22 which
510 3128 64 22 those
582 3129 50 21 who

59 3151 41 22 Keep
108 3150 62 22 cattle
180 3152 44 21 will
234 3152 80 23 labour
329 3154 71 22 under
410 3154 26 22 of
450 3155 120 26 providing
580 3155 53 23 food

62 3176 24 18 'or
93 3174 60 24 them.

76 3199 70 29 Signed
155 3204 28 28 by
194 3205 131 28 eighty-two
336 3208 27 21 of
367 3207 36 23 the
415 3208 148 24 inhabitants.

189 3239 56 27 (The
256 3241 124 21 Governor's
394 3242 81 27 reply.)

360 3276 188 29 Barrett's-hotel,

78 3320 14 15 r
256 3302 146 29 Wellington,
412 3304 38 21 9th
460 3305 68 27 Sept.,
542 3305 60 21 1841.

78 3326 167 28 Gentlemen,-—
247 3328 11 22 I
278 3336 36 15 am
332 3330 100 22 directed
447 3332 31 26 by
497 3331 34 22 his
551 3332 81 22 Excel-

59 3352 48 24 lency
117 3354 34 20 the
161 3354 117 23 Governor
295 3359 22 19 to
332 3357 146 28 acknowlege
491 3359 38 21 the
546 3359 86 28 receipt

59 3380 15 14 ™
81 3382 11 14 a
99 3381 106 22 memorial
215 3383 103 28 pointing
328 3388 39 18 out
377 3385 38 21 the
430 3385 77 28 injury
525 3385 48 23 that
590 3386 41 22 has

59 3406 10 27 ?,
70 3406 46 19 eenf
116 3406 64 23 eltbv
191 3409 36 21 the
238 3409 130 23 cultivators
379 3412 25 21 of
420 3411 56 23 land
491 3414 61 26 here,
570 3413 59 22 from

60 3435 25 13 we
99 3434 146 26 depredations
262 3438 132 22 committed
412 3439 31 28 by
460 3439 68 22 cattle
545 3447 29 14 on
593 3440 37 22 the

59 3460 80 26 Browing
147 3468 68 21 crops,
236 3463 45 22 and
299 3465 131 28 requesting
450 3465 49 23 that
518 3474 13 14 a
549 3467 79 26 pound

59 3488 54 20 mignt
123 3488 23 20 be
156 3489 132 23 established
299 3495 22 18 to
331 3493 88 21 control
430 3493 46 21 and
485 3493 94 28 remedy
589 3494 39 22 the

61 3510 31 20 evil
100 3514 131 26 complained
241 3518 30 21 of.

79 3536 21 21 In
106 3542 57 26 reply
174 3542 10 21 I
196 3543 56 23 have
262 3544 38 22 the
311 3544 73 24 honor
394 3549 22 19 to
423 3546 84 22 inform
516 3555 52 20 you,
580 3548 50 21 that

60 3568 81 20 previous
151 3571 21 18 to
181 3569 38 23 the
234 3572 85 27 receipt
336 3573 27 21 of
379 3580 57 19 your
452 3575 125 26 memorial,
595 3575 34 21 his

59 3614 16 18 to
83 3594 29 38 tll
159 3603 14 19 y
180 3596 44 23 had
234 3597 94 23 instruct
330 3599 28 22 ed
368 3603 37 19 the
413 3600 75 22 Police
497 3601 132 27 Magistrate

60 3622 64 35 u^e
136 3628 109 18 measures
260 3629 23 18 to
300 3625 58 23 have
374 3634 13 14 a
404 3628 77 26 pound
498 3629 89 22 erected
604 3630 23 20 in

58 3648 27 35 iJ
117 3672 10 11 r
123 3651 71 23 lngton
198 3651 21 25 '"
238 3652 44 22 and
300 3652 46 23 liad
363 3654 46 21 also
434 3655 133 22 authorized
590 3656 38 21 the

61 3675 23 34 frl
92 3677 9 32 ?
111 3698 5 5 •
135 3681 34 16 om
185 3677 37 22 tlie
237 3679 101 23 Colonial
354 3681 112 28 Treasury
482 3682 26 21 of
525 3683 36 21 the
578 3690 49 15 sum

61 3720 18 18 of
88 3700 96 38 i£oW
186 3711 15 20 y
211 3705 44 22 Act
266 3707 26 21 of
304 3707 94 22 Council
414 3709 15 21 4
445 3709 35 21 W.
499 3709 41 22 IV.
558 3709 44 22 No.
614 3712 13 19 3

88 3731 52 17 Wrf)
151 3731 24 19 of
186 3735 35 18 ten
233 3733 87 26 pounds
330 3734 36 22 for
375 3735 49 21 that
433 3742 104 21 purpose.

60 3770 39 20 duh.
96 3757 8 14 8
254 3760 27 21 of
299 3761 55 21 land
364 3761 22 22 in
398 3762 65 21 other
472 3766 62 24 parts
544 3763 26 22 of
582 3764 44 21 this

59 3798 41 20 Jimil
126 3787 25 31 ?U?
151 3782 15 22 U
175 3783 56 24 have
247 3789 23 19 t0
288 3787 27 22 be
330 3789 90 27 equally
435 3790 117 27 protected
567 3790 59 22 from

59 3811 74 34 dirpnfj
145 3811 136 25 epredations
283 3830 5 10 »
297 3813 34 23 his
347 3815 137 29 Excellency
492 3817 40 21 has
539 3817 88 22 further

59 3832 62 42 2n
123 3833 54 24 dme
192 3841 21 19 to
229 3844 64 23 state,
310 3841 35 22 for
361 3842 37 22 the
416 3843 146 22 information
580 3845 46 22 and

59 3862 85 38 ffitnfP
168 3870 12 14 °
182 3864 11 20 f
203 3872 19 28 .?
224 3865 15 22 U
264 3874 15 20 P
281 3868 66 22 arties
373 3870 134 27 concerned,
537 3879 24 14 as
587 3871 38 22 the

59 3907 43 18 BuMi
129 3892 89 21 Louncil
226 3893 23 22 in
264 3896 103 25 question
386 3896 69 22 limits
473 3897 35 22 the
525 3898 59 22 issue
603 3899 24 21 of

59 3936 14 16 in
81 3919 82 34 mW
164 3923 19 15 16
184 3926 15 23 ?
206 3919 34 21 for
246 3920 38 22 the
293 3923 98 21 erection
400 3923 27 21 of
434 3931 43 14 one
486 3924 75 27 pound
570 3925 54 27 only

92 3944 33 16 acd
233 3947 47 22 that
290 3949 23 21 in
325 3949 112 22 whatever
447 3951 89 27 portion
547 3952 27 21 of
580 3952 44 22 this

551 40 103 31 THE
672 41 110 34 NEW
796 45 232 35 ZEALAND
1050 50 228 33 GAZETTE
1297 54 102 32 AND
1421 56 322 35 WELLINGTON
1769 62 294 33 SPECTATOR.

1427 139 73 24 NEW
1517 142 164 25 ZEALAND
1700 144 100 23 FLAX.

1355 170 51 24 The
1435 173 109 30 following
1572 175 66 24 letter
1666 184 44 16 was
1737 178 163 32 inadvertently

1320 205 95 23 omitted
1438 206 38 23 last
1500 207 62 24 week
1572 217 5 14 :—:
1579 221 34 4 —

1322 236 29 19 To
1362 236 34 20 the
1406 238 71 20 Editor
1486 240 27 23 of
1522 240 34 19 the
1593 241 52 19 Neio
1659 241 93 20 Zealand
1763 243 86 20 Gazette
1859 244 41 19 and

1471 267 124 25 Wellington

1510 293 147 28 Kororareka,
1671 296 88 26 August
1768 297 33 25 23,
1815 298 59 21 1841.

1347 317 46 26 Sir,
1396 328 28 4 —
1426 318 10 21 I
1453 319 46 22 take
1518 320 37 21 the
1569 320 82 28 liberty
1670 322 25 21 of
1710 322 129 29 addressing
1857 332 43 19 you

1317 349 62 19 upon
1396 351 14 14 a
1425 346 80 26 subject
1521 347 79 26 which,
1618 348 20 20 if
1650 352 40 18 not
1706 349 91 27 already
1815 357 86 16 accom-

1316 369 89 26 plished
1420 375 22 17 at
1457 372 49 22 Port
1522 373 130 28 Nicholson,
1663 375 18 21 it
1696 383 52 19 may
1757 376 28 21 be
1803 377 25 21 of
1840 384 60 16 some

1317 402 149 23 consequence
1478 403 21 17 to
1516 399 37 22 the
1563 401 137 22 inhabitants
1712 403 25 21 of
1751 410 12 13 a
1777 403 90 28 locality
1877 412 23 14 so

1317 422 50 22 well
1378 422 89 29 adapted
1480 426 34 21 for
1530 427 37 21 the
1577 429 155 21 manufacture
1744 429 25 21 of
1777 429 55 22 New
1844 431 55 22 Zea-

1315 449 55 22 land
1393 450 52 23 flax.
1478 452 72 23 There
1574 454 24 26 is,
1625 454 10 21 I
1659 455 94 26 believe,
1777 456 79 27 plenty
1878 458 25 21 of

1316 478 108 26 material,
1436 478 31 22 tlie
1478 480 52 26 only
1541 481 104 27 requisite
1656 482 67 27 being
1733 490 13 13 a
1762 483 102 21 machine
1877 488 22 18 to

1315 509 93 21 prepare
1419 512 12 13 a
1440 506 106 21 sufficient
1555 508 102 26 quantity
1664 509 28 26 by
1701 509 54 21 such
1766 517 28 14 an
1805 516 94 16 amount

1315 529 26 20 of
1353 529 79 23 labour
1446 539 18 14 as
1482 534 73 21 would
1571 539 141 17 remunerate
1730 536 36 21 the
1784 537 114 22 manufac-

1315 558 68 20 turer.
1413 558 52 21 Such
1485 567 14 13 a
1515 560 102 22 machine
1639 561 11 21 I
1666 562 56 22 have
1741 563 115 28 arranged,
1874 572 23 14 so

1314 582 49 22 that
1372 591 44 14 one
1426 592 45 14 man
1483 593 51 20 may
1546 587 61 21 drive
1617 588 23 26 it,
1653 589 51 21 with
1715 596 12 14 a
1736 589 36 21 lad
1782 591 116 28 attending

1313 612 23 17 to
1349 613 23 23 it,
1384 611 44 21 and
1438 612 92 26 produce
1540 621 43 14 one
1598 614 102 22 hundred
1716 617 88 26 pounds
1814 617 21 21 in
1854 625 42 15 one

1312 636 57 26 day;
1386 638 45 21 and
1443 638 8 21 I
1459 639 91 27 believe,
1562 640 56 22 from
1627 642 37 20 the
1675 642 132 27 description
1820 644 8 21 I
1840 644 56 23 have

1311 664 45 20 had
1367 664 25 21 of
1405 664 37 21 the
1452 665 38 22 flax
1500 668 100 26 growing
1609 672 24 16 at
1643 668 52 22 Port
1705 669 130 28 Nicholson,
1848 672 16 20 it
1878 673 18 20 is

1311 690 92 26 capable
1414 691 26 21 of
1450 692 96 27 dressing
1556 694 47 26 fifty
1615 695 86 26 pounds
1718 704 67 14 more.
1817 697 9 22 I
1839 697 56 23 have

1310 720 51 18 sent
1376 725 44 19 you
1436 726 12 13 a
1456 720 60 20 small
1532 721 90 26 sample,
1639 723 53 20 such
1704 730 23 14 as
1745 731 44 14 was
1805 724 89 22 dressed

1309 744 31 25 by
1355 744 37 21 the
1403 745 97 22 machine
1511 746 64 22 when
1587 748 46 21 first
1644 753 39 22 put
1692 749 23 21 in
1729 754 86 23 action;
1833 752 61 22 since

1309 770 61 25 then,
1385 771 9 21 I
1406 771 53 22 have
1474 774 65 20 made
1553 781 61 14 some
1626 775 179 27 improvements
1823 778 70 22 which

1309 798 82 21 render
1401 798 18 21 it
1430 798 50 22 finer
1489 803 22 18 at
1522 800 36 21 the
1569 809 77 13 course
1658 802 43 21 end
1710 803 24 21 of
1746 803 37 21 the
1794 804 51 26 leaf,
1855 805 39 21 but

1309 822 43 23 had
1362 831 59 14 none
1431 826 61 26 ready
1505 829 22 18 to
1537 828 56 20 send
1603 828 28 26 by
1640 828 43 21 this
1692 831 150 26 opportunity.
1875 831 22 22 If

1308 850 55 21 such
1379 859 12 12 a
1402 852 97 21 machine
1510 853 17 20 is
1537 858 40 16 not
1586 854 22 21 in
1621 856 114 24 operation
1746 864 82 18 among
1837 864 57 19 your

1308 876 99 27 thriving
1417 878 106 22 colonists,
1535 887 45 19 you
1591 880 42 21 will
1645 882 72 26 oblige
1729 890 34 13 me
1776 883 27 26 by
1815 883 78 22 insert-

1307 903 40 27 ing
1362 904 37 21 the
1413 905 173 28 advertisement,
1604 908 73 21 which
1692 916 45 19 you
1753 909 43 22 will
1807 910 46 22 find
1864 918 27 14 on

1307 930 37 21 the
1355 931 64 22 other
1426 932 47 21 side.

1520 960 10 21 I
1541 967 43 19 am,
1597 961 41 25 Sir,

1553 987 61 22 Your
1625 988 104 22 obedient
1739 993 95 24 servant,

1741 1017 25 20 R.
1784 1017 28 21 A.
1831 1018 30 21 H.

1339 1056 108 25 Latitude
1457 1059 22 23 of
1494 1059 38 23 the
1544 1060 115 31 following
1671 1061 83 31 places,
1775 1063 70 23 taken
1860 1064 27 30 by

1305 1090 70 31 Capt.
1388 1092 76 28 Smith,
1478 1092 75 30 R.A.,
1564 1102 28 14 on
1605 1094 35 22 his
1654 1102 48 23 way
1715 1100 22 17 to
1745 1096 142 31 Wanganui:

1388 1123 115 21 Pukeltud
1516 1137 11 3 -
1555 1137 8 3 -
1592 1137 10 4 -
1630 1138 10 3 -
1668 1127 38 20 41°
1736 1129 19 19 0'

1389 1150 75 21 Mouth
1473 1151 26 20 of
1507 1151 128 23 Manewatu
1645 1165 10 4 -
1670 1155 38 19 40°
1723 1154 33 21 27'

1386 1176 122 27 Wanganui
1545 1190 10 3 -
1583 1191 10 3 -
1621 1191 10 4 -
1659 1181 48 19 -39°
1722 1182 33 19 55'
1768 1182 40 21 54»

1332 1219 191 24 Extraordinary
1543 1223 83 21 Birth.
1628 1235 28 3 —
1657 1225 21 20 A
1695 1227 53 23 goat
1765 1224 122 29 belonging

1304 1249 21 17 to
1338 1247 43 21 Mr.
1397 1247 76 27 Shand,
1485 1256 28 14 on
1526 1249 36 21 the
1575 1250 108 22 Waiwatn
1693 1251 65 26 river,
1769 1252 43 21 last
1826 1254 61 21 week

1304 1272 94 28 brought
1407 1275 54 21 forth
1471 1279 21 17 at
1510 1283 13 13 a
1537 1277 59 20 birth
1607 1284 28 15 no
1651 1278 43 20 less
1705 1277 53 22 than
1767 1280 45 25 Jive
1827 1280 57 21 kids.

1304 1299 51 22 Two
1364 1308 57 14 were
1432 1301 43 22 trod
1482 1310 66 19 upon,
1560 1303 44 21 and
1612 1304 37 21 the
1659 1305 132 27 remainder,
1802 1313 23 14 as
1837 1307 49 22 well

1304 1333 21 14 as
1336 1327 36 21 the
1384 1328 87 25 mother,
1484 1336 37 14 are
1637 1338 22 14 as
1671 1332 49 21 well
1737 1339 23 14 as
1770 1332 72 28 might
1860 1334 25 21 be

1459 1356 28 20 At
1498 1363 12 13 a
1527 1356 83 22 former
1626 1358 66 26 birth,
1704 1358 38 21 the
1757 1367 62 14 same
1833 1364 53 22 goat

1304 1379 92 28 brought
1407 1381 54 22 forth
1471 1384 59 19 three
1539 1383 55 22 kids.
1624 1384 54 21 This
1693 1385 18 21 is
1723 1393 14 14 a
1751 1386 59 26 good
1823 1388 64 26 proof

1304 1407 23 21 of
1335 1407 35 22 the
1382 1409 79 26 prolific
1471 1414 79 17 nature
1560 1410 26 21 of
1594 1410 37 22 the
1642 1412 97 21 climate.

1447 1464 184 25 APPENDIX,
1652 1464 45 23 No.
1718 1468 19 21 5.
