2550 4020
1905 3885 75 16 Printed
1983 3886 37 16 and
2023 3887 96 19 published
2126 3892 55 16 every
2188 3888 89 20 Saturday
2283 3887 85 19 morning,
2375 3886 22 19 by
2404 3885 62 15 Samite
2469 3884 10 12 i.

1927 3906 88 19 Revans,
2027 3908 19 15 at
2057 3907 30 17 the
2100 3909 55 16 Office
2166 3909 21 16 of
2196 3909 33 16 the
2241 3909 48 16 New
2296 3908 93 16 Zealand
2396 3905 81 16 Gazette

1926 3930 42 12 and
1975 3927 134 17 Wellington
2117 3930 121 18 Spectator,
2246 3928 148 21 Taranaki-place,-

1925 3948 37 19 ton,
1972 3947 41 18 Port
2022 3948 105 20 Nicholson,
2137 3950 45 17 New
2189 3950 87 17 Zealand.

534 35 100 30 THE
653 34 112 31 NEW
784 34 227 31 ZEALAND
1030 33 224 31 GAZETTE
1272 32 102 32 AND
1394 31 328 33 WELLINGTON
1745 30 295 32 SPECTATOR.

1290 117 53 47 G
1383 115 100 28 SCOTT,
1509 114 109 27 Cabinet,
1643 114 84 26 Chair,
1752 113 43 23 and
1820 113 58 23 Sofa

1346 154 11 10 •
1394 143 201 24 Manufacturer,
1620 140 143 28 respectfully
1785 141 95 22 informs

1289 169 38 22 the
1341 169 140 22 inhabitants
1495 167 27 22 of
1528 167 146 28 Wellington,
1684 167 50 21 that
1750 167 28 22 he
1790 167 44 23 has
1851 174 29 15 on

1289 196 61 21 hand
1359 203 29 15 an
1402 197 135 20 assortment
1545 193 26 22 of
1579 193 95 23 Cabinet
1682 193 126 28 Furniture,
1819 201 62 15 com-

1289 223 85 26 prising
1390 222 80 26 chairs,
1480 220 76 28 tables,
1568 221 48 21 sofa
1623 220 133 27 (bedsteads,
1769 221 75 22 chests
1858 220 26 22 of

1290 249 102 27 drawers,
1403 249 46 21 and
1458 256 14 14 a
1480 247 86 28 variety
1576 247 26 22 of
1609 247 64 21 other
1682 247 94 21 articles.

1317 276 28 21 G.
1357 276 23 21 S.
1389 275 91 27 having,
1487 274 82 27 during
1575 274 38 22 the
1618 274 43 22 last
1668 273 103 28 eighteen
1781 273 98 28 months,

1291 303 97 22 selected
1397 310 14 14 a
1427 302 62 22 stock
1500 300 26 22 of
1538 301 64 22 wood
1612 300 94 22 suitable
1714 301 36 21 for
1761 300 38 22 the
1809 301 72 21 above

1290 329 117 27 branches,
1420 328 128 28 gentlemen
1558 327 121 27 favouring
1686 327 47 22 him
1743 327 52 22 with
1805 327 76 22 orders

1292 363 41 15 can
1343 356 89 31 depend
1441 361 62 22 upon
1512 354 170 22 well-seasoned
1690 353 120 23 materials.

1318 382 159 22 Willis-street.

1293 428 54 47 E'
1371 426 168 26 STAFFORD,
1559 426 96 26 Tailor,
1672 424 85 28 having
1774 424 108 23 removed

1346 459 13 10 •
1388 456 23 19 to
1420 453 36 22 his
1465 459 50 16 new
1524 452 77 26 house,
1609 459 55 14 near
1672 452 90 21 Messrs.
1770 452 25 21 T.
1805 451 47 22 and
1858 452 22 21 S.

1293 480 80 22 Cook's
1388 481 82 26 Stores,
1486 480 54 26 begs
1555 479 64 22 leave
1634 482 22 18 to
1670 482 79 18 return
1762 478 84 22 thanks
1858 481 23 19 to

1292 507 63 22 those
1373 506 128 28 gentlemen
1521 506 50 21 who
1587 506 57 21 have
1658 505 94 22 favored
1765 505 49 22 him
1828 505 54 22 with

1293 533 58 23 their
1359 537 99 24 support,
1469 532 45 23 and
1521 532 70 28 hopes
1605 532 30 28 by
1653 532 62 22 strict
1731 532 111 22 attention
1858 535 23 18 to

1292 560 102 23 business
1403 564 23 18 to
1436 560 67 23 merit
1512 567 13 14 a
1535 559 149 22 continuance
1695 559 26 22 of
1731 558 37 23 the
1779 565 69 16 same.

1319 588 59 21 N.B.
1378 598 29 4 —
1407 588 23 21 A
1439 588 106 21 first-rate
1556 589 39 19 cut
1604 586 44 21 and
1657 586 173 28 workmanship.

1293 632 50 48 A
1371 632 133 25 HEWITT,
1515 631 161 25 Fishmonger,
1688 630 111 22 Lambton
1806 631 75 27 Quay,

1347 670 12 10 •
1375 658 146 27 Wellington,
1528 660 88 19 returns
1625 658 35 21 his
1669 657 87 22 sincere
1766 657 84 22 thanks
1858 661 24 18 to

1293 685 38 22 the
1348 685 139 22 inhabitants
1506 684 26 22 of
1551 684 45 22 this
1615 684 87 28 Colony
1716 684 37 22 for
1769 684 39 22 the
1827 691 55 21 very

1292 712 79 22 liberal
1389 715 93 24 support
1496 711 29 22 he
1540 710 41 22 has
1596 711 99 21 hitherto
1708 711 111 27 received,
1837 711 45 21 and

1293 739 53 27 begs
1355 742 25 19 to
1388 740 83 21 inform
1481 739 61 21 them
1552 738 49 22 that
1615 738 27 21 he
1651 738 42 22 has
1702 737 64 23 made
1776 745 106 20 arrange-

1293 769 73 19 ments
1381 766 36 22 for
1435 774 15 14 a
1464 767 104 21 constant
1582 764 81 28 supply
1682 764 26 22 of
1727 764 37 22 the
1783 764 100 22 choicest

1293 792 102 23 varieties
1404 793 28 21 of
1442 792 47 28 fish,
1508 791 73 22 which
1597 792 28 21 he
1642 791 138 28 confidently
1794 799 88 14 recom-

1293 819 79 22 mends
1381 823 23 19 to
1414 820 38 22 the
1461 818 75 29 public
1545 826 24 14 as
1576 819 68 26 being
1651 818 28 22 of
1688 818 38 22 the
1733 818 50 22 best
1787 818 95 28 quality.

1320 847 83 21 Orders
1412 847 36 22 for
1457 846 104 29 shipping
1569 846 111 27 received,
1695 845 45 22 and
1750 846 133 27 punctually

1294 873 107 23 attended
1409 877 32 19 to.
1890 880 2 23 |

1448 907 99 15 OYSTERS
1562 907 71 14 FRESH
1648 907 78 15 DAILY.

1320 927 64 28 Also,
1395 934 14 14 a
1418 927 80 28 supply
1508 927 27 21 of
1548 927 129 26 vegetables
1693 926 61 22 fresh
1767 926 60 22 from
1844 927 38 22 the

1293 954 84 27 garden
1388 954 68 27 daily.

1293 999 36 47 J
1364 997 154 27 CANNING,
1543 998 101 26 Cabinet,
1669 998 74 27 Chair,
1766 998 45 21 and
1831 999 52 21 Sofa

1333 1035 9 11 •
1374 1025 176 26 Manufacturer,
1567 1025 190 28 Lambton-quay,
1766 1025 117 28 adjoining

1293 1052 69 22 Durie
1373 1052 45 21 and
1428 1052 58 21 Co.'s
1501 1051 82 22 Stores.

1451 1086 130 15 FURNITURE
1601 1086 123 15 REPAIRED.

1294 1124 168 23 /CHARLES
1480 1122 138 28 HARVEY,
1629 1124 90 22 Tailor
1729 1124 21 22 &
1760 1124 122 22 Breeches

1294 1152 40 20 V^
1365 1151 97 27 Maker,
1474 1157 55 16 near
1538 1150 89 22 Messrs.
1637 1150 89 23 Waters
1736 1150 46 23 and
1790 1151 93 23 Smith's

1293 1178 69 26 Store,
1380 1177 151 28 Wellington,,
1541 1177 56 25 begs
1612 1180 22 19 to
1650 1177 84 22 inform
1750 1178 36 22 the
1800 1181 83 25 gentry

1293 1205 44 21 and
1346 1204 138 23 inhabitants
1496 1204 26 21 of
1535 1204 137 27 Wellington
1684 1204 45 22 and
1742 1205 28 22 its
1780 1205 101 27 vicinity,

1293 1231 47 22 that
1350 1232 29 21 he
1390 1231 40 22 has
1441 1230 145 24 commenced
1594 1231 102 22 business
1706 1239 24 14 as
1744 1232 78 27 above,
1838 1234 46 20 and

1293 1261 67 19 trusts
1370 1258 49 22 that
1428 1259 80 21 twelve
1524 1258 73 27 years'
1608 1258 133 28 experience
1751 1258 24 22 in
1785 1258 97 22 London

1293 1292 23 15 as
1340 1293 14 14 a
1374 1286 108 26 practical
1506 1287 79 25 cutter,
1609 1285 119 22 combined
1747 1286 53 21 with
1823 1286 60 27 good

1293 1312 112 22 materials
1428 1312 46 22 and
1496 1311 173 29 workmanship,
1695 1312 46 22 and
1766 1312 116 23 moderate

1293 1338 99 28 charges,
1403 1339 45 21 will
1459 1338 79 23 enable
1547 1338 47 22 him
1605 1342 22 18 to
1644 1340 52 26 give
1706 1339 138 22 satisfaction
1859 1343 23 19 to

1293 1366 29 21 all
1332 1366 50 22 who
1392 1373 52 20 may
1454 1366 79 22 favour
1542 1365 48 22 him
1597 1366 53 21 with
1661 1366 58 22 their
1729 1369 129 25 patronage.

1476 1393 85 26 Terms,
1573 1392 52 22 cash
1636 1393 62 27 only.

1504 1436 31 22 H.
1550 1437 118 28 MEECH,

1360 1472 166 27 Shipwright
1541 1472 54 20 and
1609 1472 72 21 Boat
1693 1472 121 26 Builder,

1293 1505 107 48 BEGS
1414 1505 64 22 leave
1494 1507 23 19 to
1533 1507 77 19 return
1626 1504 81 23 thanks
1722 1505 35 22 for
1766 1506 38 22 the
1813 1514 71 20 many

1354 1531 91 23 favours
1454 1531 117 23 conferred
1578 1539 30 14 on
1617 1531 48 23 him
1674 1532 66 22 while
1750 1533 23 21 in
1782 1537 102 24 partner-

1293 1559 48 27 shiy
1350 1559 54 21 with
1414 1559 44 21 Mr.
1470 1559 20 22 J.
1502 1558 126 27 Oxenham,
1642 1559 46 21 and
1698 1562 23 18 to
1730 1562 56 19 state
1796 1561 49 21 that
1855 1561 28 22 he

1293 1585 39 22 has
1341 1585 108 22 removed
1458 1586 57 21 from
1524 1585 35 21 his
1568 1585 48 22 first
1625 1585 169 24 establishment
1805 1594 30 15 on
1846 1587 37 22 the

1296 1613 62 26 Hutt,
1369 1616 23 18 to
1402 1612 145 28 Wellington,
1557 1612 101 22 between
1668 1613 93 27 Pipetea
1778 1614 49 21 Pah
1839 1614 45 22 and

1293 1639 36 22 the
1339 1639 115 22 residence
1465 1640 24 21 of
1501 1639 91 21 Messrs.
1607 1639 96 22 Hanson
1719 1640 45 22 and
1780 1641 102 28 Alzdorf,

1293 1666 71 22 where
1374 1666 28 22 he
1411 1666 91 22 intends
1510 1668 22 19 to
1540 1673 64 20 carry
1608 1673 28 15 on
1643 1667 39 21 the
1688 1667 70 21 above
1764 1667 118 29 branches,

1292 1693 44 22 and
1345 1693 71 28 hopes
1426 1696 23 18 to
1458 1692 66 23 merit
1533 1700 14 14 a
1556 1692 65 22 share
1631 1693 26 21 of
1667 1693 38 22 the
1710 1694 75 27 public
1791 1698 93 23 patron-

1293 1728 46 19 age,
1349 1720 31 27 by
1390 1720 115 21 moderate
1519 1719 92 28 charges
1626 1719 46 22 and
1687 1721 81 27 justice
1785 1721 61 22 done
1861 1725 23 19 to

1292 1747 34 21 his
1336 1747 133 27 employers.

1319 1780 111 27 Caulking
1440 1780 57 22 done
1504 1787 5 19 ;
1526 1787 68 20 spars,
1610 1787 55 20 oars,
1677 1781 40 21 &c.
1728 1781 73 22 made.

1319 1815 58 20 Boat
1385 1814 85 27 repairs
1480 1813 44 22 and
1534 1813 128 23 alterations
1672 1815 59 22 done
1742 1822 29 15 on
1782 1815 38 23 the
1826 1819 58 19 most

1292 1841 130 22 reasonable
1432 1844 75 19 terms.

1319 1874 31 22 H.
1366 1875 35 21 M.
1410 1874 20 23 is
1439 1875 68 27 ready
1517 1877 23 18 to
1550 1877 101 20 contract
1659 1875 36 21 for
1704 1875 38 22 the
1751 1875 104 28 building
1861 1877 27 21 of

1293 1902 64 21 small
1373 1902 63 26 craft,
1455 1909 24 14 as
1498 1900 52 28 they
1570 1908 38 15 are
1625 1902 68 22 much
1707 1903 88 21 wanted
1805 1911 30 14 on
1846 1903 36 23 the

1293 1931 67 24 coast,
1371 1929 58 21 from
1439 1928 38 22 the
1485 1928 101 27 growing
1595 1929 61 21 trade
1667 1929 26 21 of
1705 1929 37 22 the
1754 1930 92 27 Colony.
1890 1933 2 28 j

1293 1974 38 20 To
1353 1974 46 20 the
1420 1973 168 25 Merchants,
1610 1973 196 27 Ship-owners,
1827 1976 55 21 and

1388 2001 93 20 others
1501 1999 30 21 of
1543 2000 67 20 Port
1623 2001 160 21 Nicholson.

1296 2032 157 49 MESSRS.
1475 2032 101 23 PRATT
1595 2032 45 22 and
1659 2033 109 22 BEVAN
1788 2034 46 28 beg
1848 2042 34 14 re-

1384 2060 119 28 spectfully
1530 2062 22 18 to
1575 2059 83 22 inform
1682 2060 39 22 the
1744 2062 136 27 merchants,

1293 2086 154 27 ship-owners,
1465 2085 45 23 and
1526 2086 82 27 others,
1624 2086 50 23 that
1686 2086 54 28 they
1756 2087 57 23 have
1830 2096 51 14 now

1293 2113 146 22 commenced
1455 2114 38 21 the
1512 2112 156 23 manufacture
1691 2114 28 21 of
1733 2121 59 21 rope,
1813 2115 67 26 lines,

1293 2140 66 21 twine
1373 2140 26 22 of
1406 2140 31 22 all
1451 2139 153 27 descriptions,
1617 2143 59 19 mats
1689 2141 26 21 of
1728 2141 31 21 all
1775 2142 64 27 sizes,
1852 2143 29 21 oil

1293 2166 78 27 cloths,
1390 2167 40 22 &c.
1439 2175 5 18 ;
1460 2166 83 27 fishing
1558 2169 50 20 nets
1623 2167 66 22 made
1707 2168 45 21 and
1769 2169 110 28 repaired,

1293 2194 43 21 and
1354 2201 67 19 every
1432 2193 134 27 description
1586 2194 27 21 of
1628 2194 77 22 article
1719 2195 26 21 in
1761 2194 37 23 the
1809 2196 72 22 above

1292 2220 51 27 line,
1362 2220 31 22 all
1408 2220 58 23 from
1482 2220 56 23 New
1551 2220 102 23 Zealand
1668 2221 54 27 flax,
1738 2222 45 22 and
1797 2229 31 15 on
1842 2223 39 22 the

1293 2250 57 19 most
1359 2248 130 21 reasonable
1499 2246 100 28 charges.
1627 2248 78 28 Apply
1714 2251 23 19 to

1510 2281 92 22 Messrs.
1617 2281 79 22 Pratt
1710 2282 47 22 and
1770 2283 88 28 Bevan,

1293 2314 41 22 No.
1353 2316 20 26 1,
1397 2314 232 28 Molesworth-street,
1656 2315 146 28 Wellington,
1828 2317 53 23 Port

1520 2342 131 22 Nicholson.

1361 2386 117 22 ILLIAM
1518 2386 142 27 MURRAY,
1705 2387 88 23 Tailor

1388 2413 127 28 Clothier,
1524 2413 56 28 begs
1588 2415 75 21 to-call
1680 2414 37 22 the
1729 2416 112 21 attention
1858 2416 26 22 of

1291 2440 128 27 gentlemen
1429 2441 46 21 and
1484 2439 38 24 the
1533 2440 76 28 public
1625 2444 22 19 to
1662 2441 36 22 his
1707 2442 63 21 stock
1785 2443 28 21 of
1825 2450 56 20 very

1292 2467 99 27 superior
1408 2469 81 21 beaver
1505 2467 44 22 and
1564 2467 57 28 pilot
1639 2468 68 27 cloth,
1724 2469 73 22 which
1812 2469 30 22 he
1861 2470 19 22 is

1292 2494 95 21 enabled
1403 2498 24 18 to
1442 2495 65 21 make
1517 2502 30 20 up
1557 2495 49 21 into
1615 2495 128 28 Taglionas,
1753 2503 42 21 pea
1809 2500 68 24 coats,

1292 2524 107 24 trowsers,
1410 2521 48 28 &c,
1470 2525 23 18 at
1503 2521 120 28 unusually
1632 2522 43 21 low
1685 2523 77 27 prices,
1773 2523 36 22 for
1818 2524 61 22 cash.

1317 2549 34 20 As
1364 2547 31 22 all
1413 2548 38 22 the
1470 2548 61 22 work
1545 2549 20 21 is
1581 2552 39 18 cut
1634 2552 40 19 out
1688 2549 30 28 by
1727 2550 96 28 himself,
1835 2552 45 21 and

1291 2575 64 21 made
1364 2582 31 20 up
1406 2575 72 22 under
1492 2575 36 22 his
1543 2583 49 14 own
1604 2577 209 27 superintendance,
1825 2585 55 20 gen-

1291 2601 82 22 tlemen
1392 2610 54 19 may
1464 2603 87 27 depend
1575 2610 30 14 on
1629 2603 59 22 their
1711 2604 76 22 orders
1811 2605 70 27 being

1291 2628 112 29 elegantly
1413 2629 45 22 and
1469 2629 114 28 tastefully
1592 2633 39 24 got
1639 2637 39 20 up.

1292 2656 120 27 Repairing
1421 2656 110 23 executed
1538 2657 51 20 with
1600 2660 105 19 neatness
1710 2657 47 22 and
1762 2657 116 29 despatch.

1298 2701 136 22 TOSHUA
1444 2701 142 27 SCHOLES,
1595 2702 63 21 Boot
1664 2702 46 22 and
1714 2703 61 21 Shoe
1782 2703 95 27 Maker,

1290 2724 25 25 O
1354 2728 189 27 Lambton-quay,
1556 2728 55 27 begs
1625 2731 23 19 to
1663 2729 84 22 inform
1761 2730 38 21 the
1813 2730 66 22 inha-

1290 2754 83 21 bitants
1392 2755 26 21 of
1439 2754 137 28 Wellington
1601 2755 45 22 and
1663 2756 30 22 its
1714 2756 167 29 neighbouring

1291 2781 101 27 districts,
1405 2782 49 21 that
1463 2782 27 22 he
1500 2781 19 22 is
1529 2789 51 15 now
1589 2782 69 28 ready
1668 2786 23 18 to
1699 2784 86 20 receive
1793 2784 84 26 orders,

1291 2808 71 21 which
1373 2808 43 22 will
1427 2813 58 18 meet
1498 2809 52 21 with
1566 2809 109 27 punctual
1691 2810 105 27 despatch
1805 2818 6 20 ;
1834 2811 45 22 and

1290 2838 65 19 trusts
1364 2835 59 22 from
1433 2835 35 22 his
1478 2836 133 26 experience
1625 2836 23 22 in
1664 2836 64 22 trade
1744 2839 22 19 to
1783 2838 68 21 merit
1865 2845 14 15 a

1289 2861 64 22 share
1363 2862 27 21 of
1399 2862 76 27 public
1483 2865 130 25 patronage.

1290 2906 159 35 rpHOMAS
1473 2906 95 27 YORK,
1590 2907 153 28 BUTCHER,
1765 2909 56 26 begs
1843 2916 35 15 re-

1297 2928 28 26 L
1363 2933 119 28 spectfully
1498 2936 23 19 to
1540 2933 82 23 inform
1641 2934 39 22 the
1697 2935 139 23 inhabitants
1856 2936 26 22 of

1289 2960 52 21 Port
1369 2960 132 27 Nicholson,
1531 2959 49 23 that
1606 2961 29 22 he
1662 2961 43 22 has
1732 2963 147 22 commenced

1288 2987 101 21 business
1404 2987 24 22 in
1439 2987 37 22 the
1486 2987 70 23 above
1566 2987 53 28 line,
1630 2988 46 22 and
1688 2988 75 32 hopes,
1774 2989 31 27 by
1815 2990 64 21 strict

1289 3014 108 22 attention
1413 3017 22 19 to
1445 3014 35 22 his
1489 3017 129 25 customers,
1630 3018 23 18 to
1668 3018 68 19 merit
1745 3023 14 15 a
1773 3017 105 22 continu-

1287 3048 56 14 ance
1354 3041 27 21 of
1388 3040 58 22 their
1452 3041 96 22 favours.

1460 3075 71 15 FRESH
1547 3076 63 14 MEAT
1625 3076 78 15 DAILY.

1315 3093 190 30 Lambton-quay,
1517 3094 60 22 June
1587 3097 34 24 22,
1633 3097 63 21 1841.

1287 3144 234 48 JM'GREGOR
1533 3145 54 27 begs
1603 3147 145 27 respectfully
1761 3151 22 18 to
1794 3148 84 23 inform

1327 3182 10 11 •
1356 3171 38 22 the
1404 3175 80 24 gentry
1493 3172 46 22 and
1547 3172 139 23 inhabitants
1691 3174 26 22 of
1726 3174 52 22 Port
1784 3175 95 23 Nichol-

1287 3205 40 15 son
1337 3198 50 22 that
1395 3198 29 22 he
1434 3198 41 22 has
1484 3206 30 15 on
1524 3199 53 26 sale,
1592 3203 23 17 at
1632 3199 34 23 his
1682 3203 128 26 temporary
1823 3203 56 21 resi-

1287 3225 84 27 dence,,
1383 3225 25 21 in
1427 3225 38 22 the
1482 3232 51 16 rear
1550 3226 27 21 of
1594 3226 40 22 Dr.
1651 3227 97 28 Knox's,
1766 3236 57 15 near
1840 3229 38 23 the

1287 3252 72 27 Bank,
1383 3259 29 15 an
1432 3255 134 19 assortment
1585 3253 27 21 of
1630 3253 51 23 best
1704 3254 173 24 London-made

1287 3278 103 27 watches,
1402 3279 77 22 Dutch
1488 3278 83 28 clocks,
1581 3280 41 22 &c.

1314 3305 178 28 Chronometers,
1504 3305 81 29 clocks,
1602 3306 105 28 watches,
1722 3309 46 22 and
1783 3309 95 23 musical

1286 3332 70 22 boxes
1365 3333 110 28 carefully
1485 3332 95 23 cleaned
1588 3334 46 22 and
1642 3335 110 28 repaired.

1288 3385 51 47 R
1380 3384 167 22 STURGEON
1568 3385 45 22 and
1627 3386 35 22 W.
1679 3387 92 28 NEAL,
1790 3388 88 28 having

1341 3421 13 11 •
1397 3410 108 24 removed
1520 3414 24 19 to
1560 3412 192 29 Lambton-quay,
1768 3419 61 18 most
1842 3422 36 16 re-

1289 3437 120 28 spectfully
1425 3441 76 19 return
1520 3438 84 22 thanks
1628 3443 23 18 to
1674 3440 38 22 the
1731 3445 82 24 gentry
1831 3443 46 22 and

1288 3464 141 22 inhabitants
1439 3466 27 20 of
1479 3466 54 21 Port
1547 3466 124 23 Nicholson
1682 3467 35 22 for
1734 3468 37 22 the
1788 3476 85 21 suppor

1287 3491 53 27 they
1349 3490 59 23 have
1425 3491 97 23 hitherto
1533 3493 155 27 experienced,
1703 3495 47 22 and
1764 3495 66 28 hope,
1847 3497 29 26 by

1287 3518 45 22 still
1341 3518 169 28 endeavouring
1524 3521 23 19 to
1562 3519 51 27 give
1624 3521 144 29 satisfaction,
1780 3526 23 18 to
1815 3530 62 15 com-

1287 3544 68 22 mand
1365 3544 59 22 their
1433 3545 74 23 future
1517 3545 98 23 favours.

1314 3572 179 28 Chronometers,
1510 3572 74 23 clocks
1601 3573 46 22 and
1662 3574 104 29 watches,
1782 3576 94 23 musical

1286 3598 45 22 and
1339 3598 125 28 repeating,
1472 3599 65 22 made
1546 3600 46 22 and
1601 3600 109 28 repaired.

1313 3625 58 21 N.B.
1373 3636 28 4 —
1402 3625 119 27 Jewellery
1530 3627 66 21 made
1606 3627 45 22 and
1660 3629 110 26 repaired.

1432 3669 172 28 Wellington
1619 3673 114 21 Tavern.

1286 3702 169 49 EDWARD
1483 3703 97 23 DAVIS
1608 3705 55 27 begs
1687 3709 22 18 to
1731 3706 85 24 inform
1841 3707 35 23 his

1362 3729 86 22 friends
1458 3729 45 23 and
1514 3730 36 22 the
1559 3731 75 27 public
1643 3732 23 22 in
1678 3733 99 28 general,
1789 3735 50 21 that
1849 3735 28 22 he

1285 3756 41 21 has
1340 3756 88 27 opened
1445 3756 37 22 the
1493 3756 139 29 Wellington
1644 3759 97 28 Tavern,
1754 3760 123 24 Lambton-

1286 3790 65 20 quay,
1362 3782 75 23 where
1448 3783 52 28 they
1510 3784 44 21 will
1569 3785 47 21 find
1625 3793 12 14 a
1648 3785 78 23 choice
1736 3787 108 23 selection
1855 3789 26 21 of

1284 3809 85 22 bottled
1383 3809 35 22 ale
1428 3810 46 22 and
1482 3813 82 25 porter,
1575 3812 73 27 spirits
1659 3813 46 21 and
1712 3814 69 22 wines
1795 3815 28 22 of
1829 3815 48 23 first

1284 3840 47 18 rate
1341 3836 96 28 quality.

1311 3869 57 22 N.B.
1369 3881 28 4 —
1400 3870 67 22 Good
1475 3871 87 22 Burton
1573 3871 43 28 ale,
1628 3873 40 22 &c.
1681 3873 40 22 &c.

1311 3904 21 21 A
1339 3904 105 27 quantity
1449 3904 28 21 of
1482 3904 85 28 garden
1575 3906 69 28 seeds,
1653 3906 37 22 the
1700 3907 97 28 produce
1805 3908 27 22 of
1839 3908 37 22 the

1288 3930 93 28 Colony,
1394 3930 34 23 for
1439 3931 51 23 sale,

921 116 90 21 Flour.

675 150 71 48 ON
754 149 78 21 SALE
844 152 24 18 at
877 149 38 21 the
925 149 74 21 Stores
1010 149 25 21 of
1040 148 37 22 the
1083 148 152 28 undersigned
1235 160 27 4 —

750 176 62 27 Fifty
824 179 51 18 tons
888 176 136 28 Conception
1033 175 65 28 flour,
1108 183 30 15 ex
1155 176 39 22 the
1210 177 52 20 The-

673 210 53 15 resa.

1040 228 89 23 Willis
1139 230 44 22 and
1194 230 40 22 Co.

673 256 146 27 Wellington,
830 255 130 28 September
969 256 21 26 9,
1001 256 62 21 1841.

693 300 99 22 Notice
818 302 29 19 to
873 300 177 27 Consignees,
1075 306 47 21 per

674 360 92 49 ALL
774 360 72 27 goods
855 360 122 21 uncleared
987 359 58 22 after
1058 360 44 22 this
1112 360 52 22 date
1180 360 46 23 will
1235 360 28 23 be

748 387 55 22 held
811 387 69 22 liable
889 386 35 23 for
934 386 139 28 demurrage,

930 413 88 22 Willis
1029 413 45 22 and
1084 414 45 26 Co.,
1141 414 96 27 Agents.

675 440 146 28 Wellington,
832 440 130 28 September
971 440 21 27 7,
1004 441 60 21 1841.

675 484 155 49 NOTICE.
831 496 30 3 —
861 484 94 22 Persons
962 484 98 22 desirous
1068 484 26 21 of
1097 484 168 27 beingmarried

755 511 32 27 by
800 511 38 21 the
848 511 56 21 Rev.
916 511 59 21 John
986 511 136 26 M'Farlane,
1133 511 48 21 first
1187 511 77 21 minis-

675 541 35 19 ter
719 538 24 21 of
755 538 38 21 the
802 538 80 22 Scotch
893 537 88 22 Church
990 538 24 21 in
1030 538 56 21 New
1102 538 107 27 Zealand,
1228 545 35 14 are

675 565 118 27 requested
802 567 24 19 to
836 564 93 27 register
940 564 56 22 their
1010 571 78 15 names
1101 564 54 22 with
1169 564 38 22 the
1222 572 41 14 un-

676 591 119 28 dersigned
803 594 23 18 at
835 591 67 22 latest
911 591 37 21 the
958 591 109 27 Saturday
1077 591 103 27 previous
1194 594 24 18 to
1228 592 35 20 the

676 625 127 20 ceremony,
814 618 24 21 in
849 618 65 21 order
921 621 22 18 to
950 618 161 27 proclamation
1119 618 26 21 of
1152 618 73 22 banns
1234 625 28 14 on

675 644 106 22 Sabbath.
809 645 96 21 Persons
915 644 45 22 also
968 644 99 22 desirous
1077 644 26 22 of
1114 644 84 28 having
1207 645 58 21 their

676 671 100 22 children
796 671 109 27 baptised,
923 674 60 18 must
998 672 104 26 previous
1119 671 85 22 thereto
1214 672 50 27 give

675 698 38 22 the
723 698 104 27 requisite
837 698 144 22 information
992 698 23 21 in
1027 698 64 21 order
1101 701 23 18 to
1137 698 95 27 registry
1242 701 21 19 to

945 724 95 22 Robert
1054 725 28 21 R.
1098 725 99 27 Strang,

736 751 110 27 Solicitor,
862 751 113 27 Registrar
984 752 35 21 for
1030 752 37 21 the
1078 752 79 21 Scotch
1166 751 96 22 Church.

677 796 182 48 NOTICE.—
860 795 46 22 The
923 799 90 23 present
1029 799 105 19 entrance
1152 799 23 18 to
1195 796 70 22 Waitt

741 823 45 21 and
796 823 89 27 Tyser's
902 821 82 28 offices,
994 823 19 21 is
1030 830 29 15 on
1076 823 38 21 the
1131 823 59 27 right
1204 822 60 22 hand

676 849 48 23 side
733 851 27 21 of
771 850 58 22 their
839 849 101 28 bonding
948 852 77 20 stores.

887 895 164 21 Education.

677 928 107 48 MRS.
804 927 46 22 and
870 928 71 22 MISS
963 928 191 22 WAKEFIELD
1178 928 86 22 receive

767 955 74 26 pupils
851 962 29 14 on
890 955 38 21 the
938 954 114 27 following
1060 958 68 18 terms
1134 962 6 14 :
1141 966 30 4 —

703 981 44 21 For
766 980 76 27 board,
863 981 53 21 with
933 981 100 26 washing
1048 981 45 21 and
1108 981 35 21 in-

730 1007 108 21 struction
843 1007 25 21 in
872 1007 90 27 general
969 1007 93 27 English
1068 1007 75 22 litera-

729 1037 57 24 ture,
803 1034 95 27 writing,
913 1034 44 22 and
970 1034 117 27 aritmetic,
1103 1042 41 19 per

730 1064 91 24 quarter
1143 1063 12 20 8
1183 1063 14 20 8
1225 1063 13 21 0

703 1087 78 22 Under
790 1087 13 22 7
812 1094 65 21 years
887 1087 27 22 of
924 1095 41 20 age
1143 1090 13 20 7
1183 1088 14 22 7
1225 1091 13 19 0

703 1114 52 27 Day
765 1114 106 22 boarders
1142 1117 15 19 4
1182 1117 15 20 4
1225 1117 13 20 0

705 1141 50 27 Day
765 1141 73 28 pupils
1143 1143 13 20 2
1182 1143 15 21 2
1225 1145 13 19 0

703 1168 82 22 Junior
795 1167 55 22 ditto
1144 1170 51 20 11l
1225 1171 13 20 6

676 1195 95 27 French,
788 1195 89 27 Italian,
893 1195 45 22 and
952 1195 113 28 Drawing,
1077 1195 30 22 £1
1125 1197 44 20 11s.
1179 1195 37 23 6d.
1226 1204 37 19 per

921 1225 95 24 quarter.

703 1248 90 22 Private
802 1247 85 23 lessons
896 1248 24 22 in
932 1249 76 26 music,
1020 1256 26 14 or
1055 1256 45 19 any
1110 1249 26 21 of
1147 1249 36 22 the
1194 1249 69 23 above

675 1275 111 21 branches
796 1275 27 21 of
833 1275 125 26 education,
974 1282 42 15 one
1031 1275 76 22 hour's
1122 1275 139 28 instruction,

677 1302 50 22 four
736 1302 86 21 lessons
839 1302 36 21 for
884 1309 43 15 one
936 1302 89 27 guinea.

703 1329 136 21 References
849 1332 22 18 to
880 1329 39 21 the
927 1329 114 27 following
1047 1329 128 27 gentlemen
1184 1329 79 28 kindly

675 1355 121 28 permitted
804 1363 4 14 :
810 1367 29 4 —

704 1382 63 27 Capt.
776 1382 36 22 W.
825 1382 33 22 M.
870 1382 77 27 Smith,
959 1383 68 27 R.A.,
1035 1383 227 28 Surveyor-General,

704 1409 26 21 T.
742 1409 31 21 M.
787 1409 122 28 Partridge,
922 1409 52 28 Esq.

704 1436 22 22 S.
737 1436 98 26 Revans,
847 1436 52 27 Esq.

675 1462 184 28 Tinakore-road,
872 1463 87 26 August
966 1464 34 26 24,
1013 1464 60 20 1841.

684 1507 115 21 TAMES
809 1507 127 21 BURTON
950 1507 66 21 AND
1028 1507 82 27 SONS,
1122 1507 141 28 Millwrights

676 1529 26 25 ll
726 1533 46 21 and
788 1533 131 27 Engineers,
931 1533 26 21 of
966 1533 81 22 John's
1063 1534 71 27 Place,
1154 1534 109 23 Holland-

676 1562 73 23 street,
762 1560 138 27 Southwark,
912 1560 101 27 London,
1024 1561 44 27 beg
1076 1561 63 22 leave
1150 1564 22 19 to
1181 1562 82 22 inform

676 1587 121 26 capitalists
806 1587 46 21 and
861 1587 37 21 the
908 1587 86 22 settlers
1004 1587 23 21 in
1042 1588 99 26 general,
1153 1588 47 21 that
1211 1589 52 27 they

676 1620 43 14 can
731 1613 29 22 be
776 1613 102 28 supplied
894 1621 29 14 on
939 1614 114 21 moderate
1070 1618 67 18 terms
1152 1615 45 22 and
1213 1619 23 18 at
1251 1624 13 14 a

676 1640 62 21 short
750 1641 83 26 notice,
844 1641 53 21 with
907 1643 70 19 steam
988 1641 92 26 engines
1091 1642 26 21 of
1128 1649 45 19 any
1181 1649 80 20 power,

675 1666 65 22 horse
751 1667 46 21 and
805 1670 69 19 water
883 1667 88 27 wheels,
981 1667 59 22 wind
1049 1668 64 26 mills,
1126 1675 43 15 saw
1179 1669 46 22 and
1234 1670 28 21 oil

676 1693 65 27 mills,
759 1693 45 22 and
820 1701 67 20 every
903 1694 55 21 kind
974 1694 26 21 of
1011 1694 48 22 mill
1074 1695 45 22 and
1133 1696 130 28 machinery

676 1717 94 25 suitable
779 1724 23 17 to
813 1728 13 14 a
838 1728 49 15 new
903 1721 128 22 settlement
1038 1729 5 19 ;
1059 1722 72 21 either
1147 1723 114 27 complete,

676 1754 25 14 or
711 1747 37 22 the
758 1748 49 21 iron
818 1748 46 21 and
877 1748 63 21 brass
954 1748 68 25 work,
1033 1749 40 21 &c.
1091 1749 60 27 only,
1162 1750 69 27 ready
1242 1754 21 17 to

676 1773 32 22 fix
723 1777 22 18 to
762 1774 38 22 the
813 1775 71 27 wood,
898 1775 52 21 with
964 1775 99 27 working
1077 1776 117 27 drawings,
1212 1781 22 18 to
1251 1785 12 14 a

675 1801 66 26 scale,
752 1801 118 27 complete,
881 1801 46 22 and
940 1809 66 20 every
1015 1802 68 22 detail
1100 1803 45 21 and
1155 1803 106 23 direction

675 1827 66 27 given
752 1831 22 18 to
786 1828 80 21 enable
882 1828 37 21 the
929 1834 120 21 purchaser
1063 1832 23 19 to
1101 1830 58 21 avail
1176 1830 91 23 himself

677 1855 26 20 of
714 1855 37 21 the
760 1854 79 22 labour
849 1859 23 17 to
881 1855 27 22 be
920 1855 69 22 found
1006 1863 29 14 on
1051 1856 38 22 the
1100 1860 55 23 spot,
1166 1857 54 22 both
1230 1858 32 22 for

675 1881 92 27 making
782 1881 38 22 the
836 1889 118 19 necessary
968 1882 104 28 framing,
1084 1883 44 22 and
1144 1884 34 21 for
1194 1884 68 28 fixing

675 1907 38 22 the
723 1908 138 27 machinery.
889 1908 42 22 We
941 1909 43 27 beg
996 1909 46 22 also
1059 1914 23 17 to
1096 1910 43 21 call
1154 1912 109 21 attention

675 1938 23 17 to
709 1942 13 13 a
731 1938 78 23 patent
817 1935 101 27 portable
929 1936 51 21 crab
992 1936 25 21 of
1030 1943 40 15 our
1079 1944 50 14 own
1138 1937 123 29 invention,

675 1961 66 22 made
752 1965 22 18 to
785 1962 75 21 attach
871 1967 21 16 to
903 1969 14 14 a
926 1962 65 22 shear
999 1962 37 28 leg
1044 1964 51 26 pole
1105 1971 26 14 or
1141 1968 53 23 tree,
1204 1969 22 18 to
1236 1966 27 21 be

675 1988 55 21 used
740 1989 52 21 with
806 1989 77 22 blocks
897 1989 45 21 and
952 1989 39 22 fall
1006 1990 31 21 -it
1051 1991 18 20 is
1085 1991 88 27 getting
1185 1995 78 19 exten-

675 2015 69 26 sively
754 2015 48 20 into
812 2022 40 14 use
860 2016 27 26 by
895 2016 98 21 buildeis
1004 2016 43 21 and
1056 2017 81 21 others.
1166 2018 21 21 It
1197 2018 19 21 is
1226 2019 37 21 ad-

675 2041 95 27 mirably
781 2041 95 28 adapted
893 2042 36 21 for
943 2049 13 14 a
971 2049 50 15 new
1038 2043 88 27 colony,
1137 2051 23 14 as
1176 2044 18 21 it
1207 2044 20 23 is
1242 2049 22 18 at

675 2074 55 15 once
740 2068 100 27 portable
851 2068 44 21 and
905 2069 114 27 powerful,
1031 2070 44 21 and
1086 2077 40 14 can
1139 2070 27 22 be
1176 2072 86 26 applied

675 2094 73 22 where
759 2095 64 21 other
832 2096 63 21 crabs
912 2100 84 17 cannot
1005 2096 34 22 be.
1070 2096 21 22 It
1103 2097 45 21 will
1157 2098 51 21 take
1220 2106 43 20 any

674 2121 78 27 length
768 2122 25 21 of
804 2122 47 27 fall,
863 2122 43 21 and
923 2129 51 21 may
990 2123 28 22 be
1033 2123 136 27 disengaged
1181 2128 24 18 at
1220 2133 43 20 any

674 2148 63 27 point
748 2149 94 21 without
851 2149 130 27 unwinding
987 2150 25 26 it,
1021 2150 45 21 and
1075 2150 61 22 there
1147 2152 17 21 is
1174 2159 29 14 no
1214 2160 49 20 pos-

675 2175 82 26 sibility
783 2175 24 22 of
828 2175 38 22 the
891 2176 40 21 fall
957 2178 151 26 overrunning
1127 2185 25 14 or
1177 2180 86 26 getting

671 2201 108 27 jammed.
800 2202 63 21 Each
872 2206 50 24 part
931 2203 43 21 will
984 2204 27 21 be
1021 2211 24 14 so
1056 2204 108 28 carefully
1171 2206 92 22 marked

674 2228 50 21 that
731 2229 63 21 there
804 2229 44 22 will
863 2229 27 22 be
906 2237 30 14 no
953 2230 107 27 difficulty
1070 2231 24 21 in
1104 2232 90 26 putting
1203 2233 58 22 them

675 2255 108 27 together,
794 2256 45 21 and
849 2256 37 21 the
894 2256 70 22 whole
975 2257 44 21 will
1030 2258 26 21 be
1067 2258 100 27 securely
1178 2260 84 25 packed

675 2283 45 20 and
733 2282 100 27 marked,
844 2290 25 14 so
882 2290 24 14 as
920 2286 22 19 to
956 2288 94 23 prevent
1066 2292 44 20 any
1120 2285 103 23 accident
1239 2295 24 14 or

674 2309 95 22 mistake
779 2317 28 14 on
819 2310 39 21 the
868 2317 84 21 voyage
961 2319 6 19 ;
983 2310 113 23 delivered
1103 2316 24 17 at
1140 2319 44 21 any
1194 2314 73 22 wharf

673 2336 25 21 in
709 2336 102 22 London.

701 2363 44 22 For
754 2363 116 22 reference
879 2363 45 22 and
941 2367 68 19 terms
1023 2364 67 33 apply
1099 2368 23 19 to
1138 2373 41 14 our
1188 2370 73 24 agent,

674 2390 44 21 Mr.
729 2390 80 27 Henry
819 2390 97 27 Boyton,
928 2390 119 29 Engineer,
1056 2392 143 29 Wellington,
1207 2394 55 22 New

674 2416 107 22 Zealand.

843 2463 67 20 Port
924 2463 30 20 of
970 2463 125 21 London.

729 2488 88 22 Notice
837 2497 29 13 to
885 2497 46 14 the
952 2490 93 22 Public.
1046 2501 29 4 —
1075 2491 124 23 Travellers
1219 2494 43 22 and

675 2515 73 22 others
759 2516 48 21 who
818 2516 56 21 send
882 2516 107 27 baggage,
1000 2517 73 22 works
1082 2518 26 21 of
1119 2523 40 22 art,
1168 2527 24 14 or
1200 2520 63 22 other

675 2542 64 22 value
749 2546 107 24 property
866 2545 21 19 to
897 2543 112 27 England,
1027 2544 79 22 should
1122 2547 92 26 consign
1226 2547 35 23 the

674 2569 111 27 packages
795 2573 23 18 to
828 2570 38 21 the
877 2577 50 15 care
933 2570 26 21 of
965 2578 13 13 a
984 2570 100 22 licensed
1091 2572 170 24 Custom-house

674 2599 74 24 agent,
764 2603 25 15 as
805 2596 89 22 articles
908 2604 37 14 are
962 2597 127 28 frequently
1103 2599 96 28 injured,
1218 2601 44 23 and

674 2623 101 22 needless
786 2630 97 20 expense
898 2624 111 27 incurred,
1026 2625 35 21 for
1076 2625 38 22 the
1130 2630 59 18 want
1206 2629 26 20 of
1250 2636 12 14 a

673 2657 81 20 proper
764 2657 80 20 person
856 2653 22 19 to
889 2650 52 22 take
950 2650 80 28 charge
1040 2652 27 21 of
1082 2652 62 22 them
1159 2661 28 14 on
1205 2655 56 22 their

674 2677 87 25 arrival,
772 2677 46 21 and
827 2684 38 14 see
879 2677 62 22 them
957 2678 98 27 entered,
1074 2681 125 26 examined,
1218 2682 43 22 and

674 2704 109 26 carefully
796 2704 119 27 repacked.
948 2704 48 22 The
1015 2705 81 28 charge
1113 2707 18 21 is
1147 2707 36 22 the
1200 2716 60 14 same

673 2730 100 22 whether
781 2738 25 14 so
816 2731 124 26 consigned
948 2738 26 14 or

725 2757 171 23 Custom-house
906 2758 117 27 Chamber,
1034 2759 104 27 London,

674 2811 140 47 DEVOY
824 2811 46 21 and
879 2811 54 27 CO.,
947 2813 46 19 who
1006 2820 36 14 are
1060 2815 34 19 the
1108 2815 153 22 LICENSED

755 2838 125 21 AGENTS
888 2839 29 25 of
924 2841 47 19 Her
977 2841 112 26 Majesty's
1096 2843 165 21 Commissioners

673 2865 28 25 of
713 2866 100 24 Customs,
824 2866 43 20 and
879 2867 66 20 under
953 2868 65 25 heavy
1025 2869 64 21 bonds
1096 2870 42 25 for
1148 2871 34 20 the
1190 2872 70 26 safety

673 2892 28 25 of
706 2895 103 24 property
825 2894 111 25 consigned
949 2896 21 19 to
986 2896 63 25 them,
1068 2896 44 27 beg
1131 2897 63 22 those
1211 2898 48 23 who

673 2920 56 21 send
738 2920 111 27 packages
859 2924 22 18 to
891 2921 58 22 their
959 2929 57 20 care,
1032 2926 22 18 to
1064 2930 37 14 see
1110 2923 49 22 that
1169 2924 55 22 each
1233 2926 26 21 be

673 2945 115 28 distinctly
805 2947 95 22 marked
1046 2950 45 21 and
1108 2951 48 27 Co.,
1176 2951 84 23 Lower

673 2973 200 28 Thames-street,
1013 2976 45 22 and
1063 2977 37 21 the
1106 2977 41 22 bill
1153 2978 26 21 of
1183 2978 77 29 lading

673 3007 26 14 or
712 3001 85 26 receipt
809 3001 126 22 forwarded
952 3005 23 19 to
993 3003 63 22 them
1073 3003 70 23 direct
1157 3005 30 27 by
1202 3010 55 24 post,

673 3026 53 22 with
734 3027 145 23 instructions
888 3027 51 23 how
948 3029 56 22 such
1012 3030 70 27 goods
1091 3038 38 15 are
1139 3034 22 19 to
1174 3032 27 21 be
1218 3033 41 22 dis-

672 3053 69 26 posed
750 3054 26 22 of
788 3061 29 15 on
826 3055 79 21 arrival
915 3063 6 19 ;
936 3056 45 22 and
988 3064 25 14 as
1020 3064 68 21 every
1094 3058 99 28 package
1200 3064 59 18 must

672 3080 27 22 be
717 3081 86 27 opened
825 3085 23 18 at
866 3081 37 22 the
921 3082 179 29 Custom-house,
1118 3085 22 21 if
1159 3092 45 21 any
1223 3094 35 15 are

671 3107 87 28 locked,
770 3107 37 22 the
816 3107 57 28 keys
882 3108 80 22 should
970 3110 28 22 be
1009 3110 130 23 forwarded.

700 3134 76 22 Goods
786 3133 46 23 and
840 3135 110 27 packages
960 3143 37 15 are
1007 3137 124 22 forwarded
1139 3138 31 27 by
1179 3138 79 28 Devoy

672 3160 45 22 and
727 3161 39 21 Co.
774 3164 25 19 to
808 3161 32 22 all
853 3165 61 24 parts
927 3163 25 21 of
964 3163 38 22 the
1019 3164 128 28 Continent,
1159 3165 36 22 the
1206 3166 53 23 East

671 3187 46 21 and
726 3187 64 23 West
797 3187 83 27 Indies,
889 3189 110 28 Colonies,
1011 3191 40 21 &c.
1062 3191 41 22 &c.
1112 3199 6 19 ;
1130 3192 51 27 and,
1192 3192 21 22 if
1225 3201 33 14 re-

671 3214 91 32 quired^
768 3218 51 18 sent
832 3218 24 18 to
866 3215 37 22 the
916 3223 49 15 care
981 3217 26 21 of
1017 3219 137 26 responsible
1171 3219 86 29 houses,

671 3241 51 21 who
734 3241 47 22 will
797 3249 36 15 see
850 3241 38 23 the
903 3242 145 23 instructions
1064 3248 51 19 sent
1129 3245 52 22 with
1197 3246 61 23 them

670 3268 132 27 punctually
812 3268 108 23 attended
929 3272 30 19 to.

698 3294 38 22 All
746 3295 70 26 goods
826 3295 46 22 and
880 3295 110 28 packages
998 3296 35 22 for
1042 3297 113 28 shipment
1162 3303 61 19 must
1230 3300 28 22 be

670 3321 161 28 accompanied
840 3322 32 27 by
886 3323 87 22 written
988 3323 152 29 instructions,
1150 3326 54 22 with
1221 3327 37 22 the

670 3354 66 16 name
745 3348 47 22 and
801 3348 90 23 address
901 3349 26 22 of
941 3349 36 23 the
986 3351 83 26 parties
1077 3352 30 27 by
1118 3352 72 23 whom
1205 3354 53 29 they

669 3382 39 14 are
722 3378 56 25 sent,
795 3375 45 22 and
856 3375 38 23 the
908 3379 103 20 contents
1023 3378 45 21 and
1084 3379 66 22 value
1166 3380 26 21 of
1204 3384 55 19 each

669 3401 100 28 package
779 3402 81 22 stated.
887 3403 49 22 The
950 3403 57 28 duty
1015 3405 111 22 outwards
1138 3406 20 21 is
1168 3408 43 20 10s.
1220 3415 38 20 per

669 3428 62 22 £100
746 3429 74 22 value.
858 3429 47 23 The
922 3433 46 19 rate
984 3431 27 21 of
1023 3431 119 23 insurance
1160 3432 98 29 depends

670 3462 60 21 upon
741 3455 182 23 circumstances.
952 3457 43 22 For
1012 3458 87 22 further
1113 3459 144 24 information

669 3482 67 27 apply
762 3485 23 19 to
807 3483 47 21 Mr.
874 3483 92 23 Samuel
992 3484 101 29 Revans,
1111 3486 145 30 Wellington,

669 3509 55 21 Port
731 3509 134 22 Nicholson.

810 3554 41 21 To
867 3555 249 27 Agriculturalists.

669 3587 89 48 FOR
769 3587 86 27 SALE,
865 3594 12 14 a
884 3588 64 22 small
957 3589 103 27 quantity
1066 3589 27 23 of
1098 3598 55 19 very
1159 3593 99 26 superior

743 3614 54 22 seed
807 3614 79 27 wheat,
898 3615 47 21 also
955 3623 14 14 a
978 3615 66 23 small
1057 3617 103 27 quantity
1170 3619 27 21 of
1206 3620 52 21 seed

668 3640 76 27 barley
756 3641 95 21 without
860 3641 64 27 husk,
936 3641 54 23 both
999 3650 77 19 grown
1092 3644 24 21 in
1133 3644 38 22 the
1184 3646 74 28 valley

669 3669 23 19 of
707 3667 36 22 the
754 3667 66 27 Hutt,
833 3667 46 22 and
888 3669 124 22 warranted
1023 3670 26 22 of
1059 3671 37 21 the
1106 3671 48 22 first
1165 3673 91 27 quality.

668 3693 45 23 i?or
724 3695 139 27 particulars,
875 3695 68 28 apply
952 3699 22 19 to

832 3721 24 22 C.
868 3721 26 22 E.
905 3722 50 22 Yon
966 3723 118 28 Alzdorf,
1101 3723 87 24 Petoni.

864 3763 57 24 £20
936 3767 124 21 Reward.

670 3791 92 48 THE
771 3791 151 28 undersigned
932 3793 44 22 will
985 3793 50 27 give
1046 3794 37 22 the
1094 3794 70 23 above
1172 3797 84 22 reward

743 3821 24 19 to
777 3826 46 20 any
833 3826 82 24 person
931 3827 25 14 or
971 3827 92 20 persons
1079 3821 50 22 who
1146 3822 44 22 will
1206 3824 50 26 give

668 3844 55 22 such
731 3845 146 22 information
887 3854 24 13 as
922 3847 44 21 will
974 3847 51 22 lead
1039 3850 22 19 to
1077 3847 37 22 the
1129 3849 125 23 conviction

668 3871 26 21 of
705 3878 44 21 any
758 3879 80 20 person
850 3880 25 14 or
883 3880 91 20 persons
983 3874 134 27 feloniously
1126 3875 76 28 taking
1209 3878 44 21 and

667 3898 79 27 killing
756 3906 46 20 any
811 3899 38 28 pig
859 3907 24 14 or
892 3900 49 27 pigs
950 3900 101 22 branded
1060 3901 22 21 G
1092 3902 28 21 D.

1031 3928 96 23 George
1138 3928 90 25 Duppa.

1907 111 162 49 LONDON
2086 111 165 24 AGENCY.—
2250 113 50 23 The
2309 115 35 22 old
2361 118 125 26 established

1969 138 51 22 firm
2037 139 27 21 of
2076 138 35 22 W.
2128 139 105 23 Hickson
2248 140 47 22 and
2310 141 62 28 Sons,
2382 145 33 27 20,
2431 146 55 26 West

1908 165 132 27 Smithfield,
2052 165 104 28 London,
2163 167 140 27 transacting
2312 175 12 15 a
2333 168 59 29 large
2402 178 85 20 amount

1908 192 26 22 of
1940 191 97 28 Foreign
2051 192 110 27 business,
2175 193 47 22 will
2234 194 87 22 receive
2331 196 155 29 consignments

1908 218 26 22 of
1950 218 57 22 New
2026 218 100 22 Zealand
2143 219 108 28 produce,
2272 221 44 21 and
2333 223 118 25 undertake
2465 231 20 20 to

1909 245 66 21 effect
1983 245 58 22 sales
2049 252 62 19 upon
2121 245 39 22 the
2175 249 60 19 most
2250 246 162 30 advantageous
2426 255 60 23 terms

1909 271 48 22 that
1967 278 42 15 can
2024 272 29 22 be
2070 272 106 22 obtained
2184 273 26 21 in
2225 273 101 28 London,
2337 277 116 29 according
2465 284 19 20 to

1909 298 38 22 the
1964 301 57 19 state
2038 298 27 22 of
2077 298 38 22 the
2132 299 96 22 market.
2257 300 33 22 As
2308 301 145 27 land-owners
2465 308 20 23 in

1909 324 55 22 Port
1973 325 131 27 Nicholson,
2115 325 54 32 they
2178 326 59 22 have
2253 334 30 14 an
2300 327 90 24 interest
2403 331 24 21 in
2442 340 44 19 pro-

1909 351 88 27 moting
2008 351 39 22 the
2062 355 125 25 prosperity
2196 353 27 21 of
2235 352 39 23 the
2290 354 90 29 Colony,
2390 358 44 21 and
2449 361 37 23 will

1909 378 59 22 have
1976 381 64 24 great
2048 379 103 27 pleasure
2160 379 25 22 in
2194 379 142 29 discharging
2345 382 38 22 the
2392 383 67 25 duties
2466 389 23 22 of

1909 405 145 26 Consignees.

1936 431 65 26 They
2009 431 61 23 refer
2078 431 24 22 in
2119 431 58 23 New
2193 432 103 22 Zealand
2310 436 21 19 to
2345 434 44 23 Mr.
2405 436 81 28 Revans

1909 458 47 22 and
1965 458 45 22 Mr.
2021 459 31 21 St.
2063 458 56 22 Hill.
2156 459 27 21 In
2193 459 96 22 London
2298 463 22 19 to
2329 460 56 24 their
2392 463 88 26 bankers

1909 485 94 21 Messrs.
2012 485 108 27 Prescott,
2131 485 78 28 Grote,
2220 486 46 22 and
2276 487 38 21 Co.
2480 485 5 11 '

1909 543 222 25 WHOLESALE
2162 545 126 24 PRICES
2321 546 164 32 CURRENT.

1982 582 133 16 CORRECTED
2130 583 30 15 UP
2174 583 29 15 TO
2217 583 87 15 FRIDAY
2317 585 105 17 EVENING.

2252 602 17 18 £
2291 607 16 12 8.
2330 604 17 16 d.
2400 606 17 18 £
2437 612 14 13 t.
2470 611 11 17 &

1910 622 65 22 Ale:
1991 622 28 22 In
2029 622 77 29 bottle,
2119 623 117 28 perdoz..
2255 626 14 20 0
2284 625 26 21 13
2336 626 14 20 0
2366 640 19 7 ..
2403 629 13 20 0
2441 631 12 20 0
2475 623 12 31 <j

2012 649 88 23 Elliot's
2257 652 14 21 6
2298 653 14 20 0
2337 653 13 20 0
2367 666 19 7 ..
2403 656 13 19 0
2441 658 13 20 0
2475 661 12 19 0

1911 675 99 23 Arrack
2018 683 6 14 :
2040 676 43 22 Per
2091 677 45 26 gal.
2145 677 26 21 in
2180 677 62 22 bond
2256 680 14 19 0
2297 679 14 20 2
2336 680 14 19 6
2366 693 7 6 .
2380 694 5 6 .
2402 682 13 21 0
2440 684 46 20 On

1910 703 81 21 Bread
1999 710 5 14 :
2020 703 44 22 Per
2072 703 44 22 21b.
2128 703 51 22 loaf
2192 706 80 21 ....0
2299 706 13 21 0
2337 706 79 23 8..0
2441 712 12 20 0
2475 714 11 20 0

1910 729 75 22 Beef:
2001 729 76 28 Fresh,
2098 738 89 14 carcase
2203 738 40 21 per

2029 756 22 22 lb
2253 760 14 20 0
2295 759 13 20 0
2323 760 26 20 10
2364 773 20 7 ..
2400 762 15 21 0
2439 764 11 20 1
2473 767 12 20 o

2020 783 54 27 Salt,
2084 791 40 20 per
2137 785 69 21 tierce
2220 799 6 6 .
2234 799 5 6 .
2258 785 14 22 7
2299 788 14 19 0
2338 787 14 20 0
2368 800 5 7 .
2381 801 6 6 .
2404 790 13 19 0
2441 791 13 20 0
2476 794 12 19 0

2020 809 45 23 Do.
2074 818 40 19 per
2126 811 77 22 barrel
2220 826 5 6 .
2232 826 6 6 .
2257 813 13 20 5
2298 814 14 20 0
2337 814 15 19 0
2368 828 5 5 .
2381 828 5 6 .
2403 816 13 20 0
2441 818 12 20 0
2476 821 11 19 0

1910 837 96 22 Butter
2011 844 6 15 :
2034 837 65 27 Irish,
2109 845 41 20 per
2158 838 31 22 lb.
2220 852 6 7 .
2233 852 6 7 .
2258 841 14 20 0
2300 840 11 21 1
2338 840 14 20 9
2368 854 7 7 .
2382 854 5 7 .
2404 843 13 20 0
2442 844 13 21 2
2477 847 11 20 0

2034 863 69 24 Fresh
2258 868 15 20 0
2299 868 15 20 4
2338 868 14 19 6
2369 880 19 8 ..
2404 870 14 20 0
2442 872 13 19 0
2476 873 12 21 0

1910 891 99 22 Brandy
2015 898 6 14 :
2037 891 59 22 First
2102 892 93 27 quality,
2204 899 40 21 per

2060 918 76 27 gallon
2145 919 25 21 in
2181 919 62 22 bond
2257 922 14 20 0
2298 921 14 20 6
2338 922 14 19 0
2368 934 6 7 .
2381 934 6 7 .
2404 923 13 20 0
2441 924 13 21 9
2476 927 12 20 0

1910 944 89 22 Brown
2017 945 88 21 Stout:
2128 953 42 20 per
2183 945 56 22 hhd.
2253 948 14 20 5
2283 948 27 21 10
2335 948 14 20 0
2366 961 19 7 ..
2403 950 14 20 0
2441 952 12 19 0
2476 954 11 19 0

1911 971 88 22 Cigars
2006 978 5 15 :
2023 971 102 28 Manilla,
2134 979 41 20 per
2181 974 60 26 1000,
2257 974 14 21 3
2286 974 27 21 10
2338 975 14 20 0
2368 988 5 6 .
2381 988 6 7 .
2403 976 14 21 4
2441 978 13 20 0
2476 980 12 20 0

2020 997 98 22 Inferior
2257 1001 14 20 2
2298 1002 14 20 0
2337 1002 79 21 0..0
2441 1005 12 20 0
2476 1007 11 20 0

2020 1024 138 28 Havannah,
2164 1033 40 20 per
2211 1026 31 21 lb.
2257 1028 14 20 0
2285 1028 27 20 12
2337 1028 13 21 0
2367 1042 18 6 ..
2403 1030 13 20 0
2441 1032 12 20 0
2476 1034 11 20 0

2021 1051 126 22 Chinsurah
2151 1059 40 20 per
2197 1054 72 21 10001
2285 1054 27 21 15
2337 1056 14 19 0
2368 1068 18 7 ..
2403 1057 14 20 0
2441 1059 13 20 0
2475 1061 12 19 0

2020 1077 156 24 Alexandrian
2190 1094 47 7 ....
2257 1082 11 20 1
2284 1082 27 21 10
2335 1082 15 21 0
2366 1095 19 7 ..
2401 1084 14 20 0
2441 1086 12 19 0
2476 1087 11 20 0

1911 1105 90 22 Coffee
2007 1112 5 14 :
2024 1105 64 27 Java,
2099 1113 40 20 per
2147 1106 24 22 lb
2257 1110 14 19 0
2299 1110 14 19 0
2337 1110 14 19 0
2368 1122 6 7 .
2381 1122 6 7 .
2403 1111 14 20 0
2443 1112 10 20 1
2476 1114 11 20 3

1911 1132 92 22 Cheese
2009 1140 6 13 :
2032 1131 106 24 Cheshire
2257 1136 15 20 0
2299 1136 11 20 1
2337 1136 80 22 6..0
2441 1140 13 19 0
2476 1141 12 19 0

2030 1159 55 22 Pine
2095 1160 75 27 Apple
2191 1163 81 20 ....0
2298 1163 14 20 0
2337 1163 80 22 0..0
2443 1166 9 20 1
2476 1167 11 20 3

2029 1186 76 21 Dutch
2258 1190 14 21 0
2299 1190 14 21 0
2338 1190 13 21 0
2368 1204 19 7 ..
2404 1192 13 21 0
2442 1193 13 20 0
2476 1195 12 19 9

1911 1213 107 22 Candles
2026 1220 6 14 :
2038 1213 94 27 English
2140 1221 56 21 wax,
2204 1222 40 20 per

2056 1240 24 21 lb
2257 1244 15 20 0
2298 1244 14 20 3
2337 1244 14 20 6
2368 1257 19 7 ..
2404 1246 13 20 0
2443 1246 12 21 0
2477 1249 11 19 0

2043 1266 80 23 Mould
2256 1271 14 20 0
2300 1271 10 20 1
2337 1271 80 22 0..0
2442 1274 13 19 0
2476 1275 12 20 0

2044 1293 57 28 Dips
2255 1298 15 20 0
2298 1298 13 21 0
2324 1298 61 20 10..
2403 1300 13 20 0
2441 1301 13 19 0
2476 1303 11 19 0

1912 1320 94 23 Flour:
2015 1321 132 28 lstquality,
2159 1326 84 24 perton

2036 1348 27 21 of
2072 1349 54 22 2000
2136 1349 35 22 lbs
2241 1351 28 20 30
2297 1352 14 20 0
2337 1352 13 19 0
2367 1365 18 6 ..
2403 1354 13 20 0
2441 1354 12 20 0
2476 1356 11 20 0

2011 1374 47 22 2nd
2069 1374 54 23 ditto
2243 1378 27 20 25
2298 1379 14 20 0
2337 1379 14 20 0
2368 1392 18 7 ..
2403 1381 13 19 0
2441 1381 12 20 0
2476 1383 11 19 0

1912 1400 62 23 Gin:
1995 1400 53 23 Pale
2065 1402 23 21 in
2100 1402 60 22 bond
2257 1406 15 19 0
2298 1405 14 20 4
2337 1406 14 19 0
2368 1419 18 6 ..
2403 1407 13 20 0
2441 1407 12 20 6
2476 1409 10 19 0

1962 1428 64 26 Case,
2034 1429 15 20 4
2055 1428 36 27 gal
2101 1430 37 21 4-s
2146 1430 24 21 in
2181 1430 62 22 bond
2258 1432 10 20 1
2298 1432 14 21 8
2337 1433 48 19 0..
2403 1435 13 19 0
2441 1434 11 19 0
2476 1437 11 20 0

1912 1454 71 23 Hams
1990 1462 6 15 :
2011 1453 129 30 Yorkshire,
2156 1464 40 20 per
2204 1457 24 22 lb
2236 1474 6 5 .
2258 1460 14 19 0
2299 1460 14 19 0
2338 1460 14 19 0
2368 1473 6 6 .
2382 1474 5 5 .
2404 1462 13 19 0
2443 1462 8 20 1
2476 1464 12 20 2

1911 1482 118 22 Mustard
2036 1490 5 13 :
2056 1482 44 23 Per
2108 1483 72 22 dozen
2192 1486 77 20 ....1
2300 1486 13 20 2
2338 1487 150 24 0..000

1912 1508 117 23 Mutton:
2049 1510 93 22 Carcase
2153 1518 40 20 per
2202 1511 23 22 lb
2236 1527 6 6 .
2258 1514 14 19 0
2299 1514 14 19 0
2338 1514 13 19 9
2368 1527 19 6 ..
2404 1515 13 20 0
2442 1517 43 21 011

1912 1536 124 22 Muskets:
2051 1536 93 23 Walnut
2152 1538 92 22 stocked
2258 1541 14 20 0
2300 1540 13 21 0
2338 1541 14 20 0
2368 1554 19 7 ..
2404 1542 13 20 0
2431 1542 22 20 15
2476 1545 12 19 0

1912 1562 80 22 Milk:
2008 1563 43 22 Per
2056 1564 51 27 pint
2258 1567 14 20 0
2299 1567 13 20 0
2337 1567 13 20 5
2368 1581 19 6 ..
2404 1569 13 20 0
2442 1570 12 20 0
2476 1572 11 19 0

1912 1590 45 21 Oil
1964 1597 6 14 :
1986 1590 103 26 Linseed,
2100 1598 40 20 per
2148 1592 77 26 gallon
2236 1595 35 19 .0
2298 1593 13 21 5
2337 1595 14 19 0
2368 1608 6 6 .
2381 1608 6 6 .
2404 1596 13 20 0
2442 1595 12 22 7
2477 1599 11 19 0

1987 1616 78 28 Black,
2069 1618 24 21 in
2098 1618 174 28 cask,pertonl6
2300 1621 14 20 0
2338 1621 14 20 0
2369 1635 18 6 ..
2404 1623 13 19 0
2442 1624 13 19 0
2476 1625 12 19 0

2025 1644 79 25 Sperm
2242 1646 27 22 75
2297 1648 13 19 0
2337 1648 77 20 0..0
2441 1650 11 19 0
2475 1651 11 19 0

1912 1670 78 22 Pork:
2004 1670 77 28 Fresh,
2100 1679 89 15 carcase
2204 1681 40 20 per

2031 1697 22 22 lb
2256 1702 14 20 0
2298 1703 14 20 0
2336 1702 80 22 4..0
2441 1705 12 19 0
2474 1705 12 20 5

1912 1724 78 21 Pork:
2006 1724 66 27 Irish,
2083 1733 40 19 per
2131 1726 75 22 barrel
2219 1729 50 19 ..5
2298 1730 14 20 0
2337 1730 14 20 0
2367 1743 19 7 ..
2403 1731 12 19 5
2430 1731 24 21 10
2477 1733 11 20 0

1912 1750 132 23 Potatoes:
2065 1752 55 21 New
2135 1753 108 28 Zealand,

2088 1787 41 19 per
2138 1783 38 19 ton
2257 1783 13 20 6
2298 1783 14 21 0
2337 1783 14 21 0
2367 1797 6 7 .
2380 1797 6 6 .
2403 1785 13 20 8
2441 1786 12 20 0
2476 1787 11 19 0

1912 1804 95 23 Porter
2015 1813 6 14 :
2050 1805 104 29 Dunbar,
2164 1808 24 21 in
2196 1808 46 22 bot.

2079 1841 41 19 per
2129 1834 43 22 doz
2257 1837 13 20 0
2285 1837 26 21 13
2337 1838 79 21 0..0
2441 1840 12 20 0
2477 1840 11 20 0

2020 1859 87 27 Bryant
2116 1861 45 21 and
2172 1862 70 22 Davis
2257 1865 13 19 0
2285 1864 26 20 13
2337 1865 13 19 0
2367 1878 6 6 .
2380 1879 5 5 .
2403 1866 13 20 0
2441 1867 12 19 0
2476 1867 11 21 0

1912 1885 98 22 Pickles
2022 1894 5 13 :
2058 1886 117 29 Assorted,
2204 1896 41 20 per

2084 1914 58 26 doz.,
2166 1919 77 24 quarts
2259 1918 10 20 1
2300 1918 10 20 1
2338 1919 14 20 0
2368 1932 19 7 ..
2404 1920 14 20 0
2443 1920 12 20 0
2477 1921 11 20 0

1912 1939 73 22 Pitch
1999 1947 5 14 :
2036 1940 138 29 Stockholm,
2204 1950 40 20 per

2062 1968 71 22 barrel
2257 1973 15 19 0
2298 1973 14 20 0
2337 1973 14 20 0
2368 1986 18 6 ..
2404 1973 11 21 1
2430 1973 23 21 15
2476 1975 12 20 0

1911 1992 94 23 Plank:
2034 1994 53 22 Port
2109 1995 133 29 Nicholson,

2060 2027 40 20 per
2109 2023 41 20 100
2159 2023 46 21 feet
2218 2037 5 6 .
2231 2037 6 6 .
2256 2025 54 20 019
2336 2027 14 19 0
2366 2039 6 6 .
2380 2039 5 6 .
2404 2027 8 19 1
2441 2027 10 20 1
2475 2029 11 18 0

1910 2046 58 21 Rice
1974 2053 6 14 :
1994 2046 109 23 Common
2112 2055 41 20 per
2159 2052 49 19 cwt.
2220 2064 5 6 .
2232 2064 6 6 .
2257 2053 14 19 0
2298 2053 14 19 0
2337 2053 13 19 0
2368 2066 5 6 .
2380 2066 6 6 .
2403 2054 13 20 0
2441 2054 12 20 0
2476 2055 10 19 0

1992 2073 67 22 Good
2257 2079 10 20 l
2297 2079 13 20 2
2335 2080 14 20 0
2366 2093 18 7 ..
2403 2081 10 19 1
2439 2080 12 20 5
2474 2082 12 19 0

1909 2099 55 22 Rum
1973 2107 5 14 :
1996 2100 24 22 P.
2032 2100 25 22 B.
2070 2101 32 26 P.,
2116 2109 41 20 per
2165 2103 78 27 gallon

2032 2128 23 21 in
2070 2128 61 23 bond
2255 2133 15 19 0
2297 2132 13 21 5
2336 2133 13 20 6
2366 2147 19 6 ..
2402 2135 13 19 0
2439 2135 13 19 9
2474 2135 12 19 0

1909 2153 89 22 Sugar:
2015 2154 120 24 Mauritius
2143 2164 42 20 per
2191 2161 50 19 cwt.
2256 2161 14 19 0
2298 2161 13 19 0
2337 2161 13 19 0
2366 2173 19 7 ..
2402 2161 13 21 0
2440 2161 12 20 0
2475 2162 11 19 0

2018 2182 82 22 Brown
2256 2187 11 20 1
2284 2186 26 22 17
2335 2188 14 20 0
2366 2201 18 5 ..
2401 2189 14 19 0
2439 2189 13 19 0
2474 2189 12 19 0

2019 2208 97 23 Refined
2130 2210 54 28 loaf,
2202 2219 41 20 per

2045 2236 23 21 lb
2255 2241 15 20 0
2297 2241 14 20 0
2336 2239 13 23 7
2366 2255 18 5 ..
2401 2242 14 20 0
2439 2242 13 20 0
2474 2241 12 21 0

2019 2262 97 23 Manilla
2254 2268 14 20 0
2295 2269 15 19 0
2334 2269 79 19 0..2
2438 2268 12 20 5
2474 2269 11 19 0

1909 2288 60 22 Salt
1977 2295 6 14 :
1999 2288 125 30 Liverpool,
2135 2298 41 20 per
2185 2295 40 19 ton
2234 2295 34 20 .3
2296 2295 14 21 0
2335 2295 13 21 0
2364 2309 7 5 .
2378 2309 6 5 .
2399 2295 15 21 4
2438 2296 13 20 0
2473 2296 12 19 0

1909 2316 60 21 Soap
1978 2323 5 14 :
2010 2316 103 23 Hawes's
2135 2316 105 31 London,

2036 2347 85 19 perton
2239 2348 30 21 40
2296 2349 14 20 0
2335 2349 13 20 0
2365 2349 48 20 ..42
2438 2349 13 20 0
2474 2349 11 20 0

2028 2370 119 29 Liverpool
2241 2375 28 21 36
2297 2376 13 20 0
2335 2376 14 20 0
2364 2389 20 6 ..
2400 2376 13 20 0
2439 2375 11 19 0
2474 2376 12 20 0

1909 2396 104 22 Starch:
2030 2397 74 23 Perlb
2255 2403 14 20 0
2297 2404 13 19 0
2335 2403 78 20 9..0
2439 2403 11 20 1
2473 2403 12 20 0

1909 2423 144 23 Scantling:
2069 2425 43 22 Per
2119 2427 40 21 100
2167 2427 69 22 feet..
2255 2430 14 20 0
2284 2429 26 21 17
2335 2430 14 20 0
2365 2443 19 6 ..
2400 2430 13 20 0
2427 2430 23 20 18
2472 2430 12 20 0

1909 2450 116 23 Shingles
2032 2459 5 14 :
2053 2452 43 22 Per
2103 2454 61 27 1000,
2174 2454 29 22 N.
2212 2455 26 21 Z.
2255 2456 10 20 1
2296 2456 13 21 7
2335 2458 13 19 0
2364 2470 6 6 .
2377 2470 6 6 .
2399 2457 14 20 0
2437 2457 13 20 0
2472 2456 12 20 0

2039 2479 71 28 Ditto,
2131 2480 30 22 V.
2171 2481 30 22 D.
2212 2482 27 21 L.
2253 2483 14 20 2
2295 2484 13 19 5
2334 2484 13 20 0
2364 2497 6 6 .
2377 2497 5 5 .
2399 2484 14 20 0
2437 2484 13 20 0
2471 2483 13 20 0

1907 2504 51 22 Tar
1965 2512 6 14 :
1987 2505 54 22 Coal
2255 2510 10 21 1
2283 2510 25 21 15
2335 2511 13 20 0
2364 2524 20 6 ..
2401 2511 13 20 0
2438 2511 13 20 0
2472 2510 12 20 0

1991 2532 128 23 Stockholm
2256 2537 53 21 115
2335 2538 78 20 0..0
2438 2538 13 19 0
2472 2537 12 19 0

1907 2558 64 22 Tea:
1989 2559 88 28 Hyson,
2087 2568 40 20 per
2138 2561 63 23 chest
2218 2565 51 20 ..0
2297 2566 13 19 0
2335 2564 14 21 0
2365 2564 49 21 ..12
2427 2564 24 20 12
2473 2564 11 20 0

1907 2585 120 23 Tobacco:
2041 2587 143 29 Negrohead,
2201 2597 42 20 per

2067 2613 22 23 lb
2255 2619 15 20 0
2298 2619 10 20 1
2335 2618 13 21 3
2365 2631 19 7 ..
2400 2619 13 20 0
2439 2618 11 19 0
2473 2618 12 19 0

1907 2639 165 23 Turpentine:
2088 2641 148 28 Pergallon..
2255 2646 14 20 0
2297 2646 13 21 8
2335 2646 14 20 0
2366 2658 18 7 ..
2401 2646 13 19 0
2438 2646 13 19 0
2472 2645 12 19 0

1907 2665 163 25 Whalebone:
2086 2668 44 22 Per
2138 2673 97 18 t0n....
2240 2672 29 21 90
2296 2674 13 19 0
2334 2673 13 20 0
2364 2685 19 6 ..
2399 2673 14 20 0
2437 2673 13 20 0
2471 2672 12 19 0

1907 2692 84 24 Wine:
2006 2694 89 29 Sherry,
2106 2703 39 20 per
2155 2697 51 27 pipe
2216 2699 52 21 ..28
2296 2700 13 20 0
2334 2700 14 20 0
2364 2699 49 20 ..40
2437 2700 13 19 0
2471 2698 12 20 0

2016 2721 72 29 Ditto,
2103 2730 40 21 per
2158 2723 80 23 dozen.
2255 2726 10 21 1
2293 2726 16 21 4
2333 2727 14 20 0
2363 2739 19 7 ..
2399 2726 13 21 2
2437 2726 13 21 0
2471 2726 12 19 0

1908 2773 123 24 Poultry:
2046 2775 78 29 Fowls,
2132 2784 41 20 per
2179 2778 61 27 pair.
2255 2781 15 20 0
2297 2780 13 21 8
2335 2780 14 21 0
2365 2793 19 6 ..
2400 2780 14 20 0
2427 2779 24 20 16
2472 2778 12 20 0

2044 2803 84 28 Ducks,
2140 2804 56 23 ditto
2216 2820 7 5 .
2230 2820 6 6 .
2255 2808 10 19 1
2296 2808 14 20 0
2335 2808 13 19 0
2364 2820 7 6 .
2378 2820 5 6 .
2401 2806 49 21 110
2472 2806 12 19 0

2046 2830 78 28 Geese,
2137 2831 56 22 ditto
2216 2846 19 7 ..
2253 2834 15 20 2
2295 2835 14 20 0
2334 2835 13 20 0
2364 2847 19 6 ..
2399 2834 14 20 0
2437 2834 13 19 0
2471 2832 13 20 0

2043 2856 102 29 Turkeys
2254 2861 15 20 2
2296 2862 14 20 0
2334 2861 79 20 0..0
2437 2860 14 21 0
2471 2859 12 20 0

2043 2883 105 28 Pigeons,
2159 2886 79 28 (wild,)

2070 2918 40 20 per
2119 2912 49 27 pair
2189 2916 80 19 ....0
2296 2915 14 20 2
2335 2916 78 20 0..0
2437 2914 13 20 0
2471 2912 13 21 0

2043 2937 84 29 Ducks,
2137 2938 36 23 do.
2183 2940 53 23 do..
2255 2942 14 21 0
2296 2942 14 20 5
2335 2942 14 21 0
2364 2955 20 6 ..
2399 2942 14 21 0
2437 2941 14 20 0
2472 2939 12 20 0

1907 2963 62 22 Eggs
1976 2970 6 15 :
1998 2963 43 22 Per
2051 2964 72 23 dozen
2255 2970 15 20 0
2297 2970 14 20 6
2335 2970 78 20 0..0
2437 2968 14 21 0
2471 2966 13 20 0

1907 3016 77 23 Cows:
2000 3017 72 22 Milch
2240 3022 29 21 20
2296 3024 14 20 0
2334 3024 14 20 0
2364 3022 49 21 ..30
2436 3022 13 20 0
2470 3020 13 20 0

1907 3043 97 23 Mares:
2019 3045 76 22 Brood
2239 3049 28 22 50
2294 3051 15 20 0
2333 3051 14 20 0
2363 3050 50 21 ..90
2436 3049 13 20 0
2470 3047 13 20 0

1907 3070 117 23 Working
2041 3072 134 24 Bullocks:
2196 3074 45 23 Per

1933 3098 50 27 pair
2240 3103 29 22 40
2296 3104 14 21 0
2335 3104 13 21 0
2364 3103 49 21 ..60
2437 3102 13 21 0
2470 3100 13 20 0

1907 3124 65 23 Hire
1983 3132 26 15 of
2020 3133 68 15 ditto
2095 3134 5 14 :
2115 3127 46 22 Per
2166 3128 52 28 day,
2227 3136 14 15 a

1933 3154 63 19 team
2004 3152 46 22 and
2056 3152 75 23 driver
2255 3157 11 21 1
2295 3158 15 20 0
2334 3158 14 20 0
2364 3170 19 7 ..
2399 3156 14 21 2
2436 3156 14 20 0
2470 3154 13 20 0

1907 3178 89 22 Sheep:
2011 3178 62 23 Each
2253 3184 10 21 1
2293 3185 15 20 6
2333 3185 13 20 0
2363 3196 19 8 ..
2399 3182 49 22 115
2470 3180 13 21 0

1906 3205 65 22 Boat
1981 3205 65 23 Hire
2050 3213 5 15 :
2070 3206 43 23 Per
2119 3207 51 29 day,
2175 3208 66 23 with-

2098 3238 41 19 out
2146 3234 90 25 hands.
2251 3238 15 21 0
2281 3238 27 21 10
2332 3239 14 21 0
2362 3250 19 8 ..
2398 3237 11 20 1
2436 3236 13 21 0
2469 3234 14 20 0

1906 3285 88 24 Wages
2000 3293 6 15 :
2034 3286 141 31 Mechanics,
2200 3297 41 21 per

2060 3314 63 23 week
2253 3318 15 21 2
2283 3318 27 21 14
2333 3319 14 21 0
2363 3331 19 7 ..
2397 3317 14 22 3
2436 3316 14 21 6
2470 3314 13 21 0

2043 3340 127 25 Labourers
2187 3358 47 7 ....
2253 3346 12 20 1
2281 3346 28 20 10
2333 3346 13 20 0
2363 3358 19 7 ..
2398 3344 12 21 1
2424 3343 24 21 16
2470 3341 13 20 0

1926 3398 40 17 The
1977 3399 50 16 New
2037 3399 98 18 Zealand
2146 3401 94 18 Gazette
2250 3403 44 19 -will,
2304 3403 27 17 for
2340 3403 31 16 the
2382 3401 72 21 present,

1905 3419 97 20 published
2008 3420 74 21 weekly,
2089 3426 54 17 every
2151 3423 88 21 Saturday
2247 3424 88 20 morning.
2356 3424 23 16 So
2383 3427 41 12 soon
2430 3426 19 12 as
2453 3419 17 17 itl

1905 3440 110 21 sufficiently
2020 3443 104 19 supported,
2134 3443 16 16 it
2157 3443 37 17 will
2204 3445 23 16 be
2232 3445 65 17 issued
2302 3443 122 21 semi-weekly.
2443 3441 39 18 Sub-

1903 3461 63 20 joined
1973 3466 31 12 are
2010 3462 31 16 the
2048 3464 57 15 terms
2109 3469 5 11 :
2115 3471 23 5 —

1926 3481 64 18 Price
1997 3486 25 13 of
2029 3487 40 13 the
2076 3484 99 17 Paper.—
2174 3485 55 21 Forty
2234 3485 85 21 shillings
2324 3490 31 16 per
2363 3488 72 15 annum,
2444 3485 38 19 pay-

1904 3502 41 17 able
1950 3502 21 17 in
1978 3503 81 18 advance
2063 3509 5 15 ;
2079 3509 21 12 or
2105 3509 35 12 one
2147 3506 77 21 shilling
2229 3507 29 16 for
2263 3507 58 20 single
2327 3507 88 16 numbers.

1926 3523 211 19 Advertisements.—
2138 3526 32 17 Six
2181 3526 47 18 lines
2238 3528 38 16 and
2285 3527 61 19 under,
2357 3527 25 16 3s.
2390 3526 27 16 6d.
2422 3525 26 16 for
2453 3523 27 16 the

1904 3544 40 16 first
1954 3544 95 21 insertion,
2061 3547 37 16 and
2109 3551 34 12 one
2154 3547 76 21 shilling
2236 3548 28 17 for
2270 3548 44 17 each
2320 3547 105 21 subsequent
2430 3546 51 15 inser-

1905 3565 48 19 tion;
1964 3566 48 16 from
2018 3566 31 16 six
2055 3568 19 15 to
2081 3569 30 15 ten
2119 3567 54 20 lines,
2181 3568 35 17 five
2223 3568 85 21 shillings
2318 3569 26 17 for
2354 3568 31 16 the
2395 3567 41 18 first,
2447 3563 32 18 and

1904 3589 34 13 one
1949 3586 77 21 shilling
2036 3587 36 17 and
2083 3587 86 22 sixpence
2180 3589 28 16 for
2218 3590 45 16 each
2274 3590 108 20 subsequent
2390 3586 89 18 insertion;

1904 3607 57 16 above
1972 3608 31 16 ten
2013 3608 54 19 lines,
2078 3608 35 18 five
2123 3609 87 21 sliillings
2220 3610 28 16 for
2259 3610 30 17 ths
2300 3611 37 16 first
2347 3611 31 15 ten
2387 3608 50 18 lines,
2447 3605 32 17 and

1904 3627 98 21 fourpence
2008 3633 33 15 per
2046 3629 37 17 line
2089 3630 29 16 for
2124 3630 33 16 the
2163 3635 64 12 excess
2234 3631 21 16 of
2263 3631 40 16 that
2309 3631 81 18 number;
2401 3628 34 18 and
2441 3629 38 14 two-

1904 3652 57 17 pence
1967 3653 34 16 per
2005 3649 39 17 line
2049 3650 29 16 for
2084 3651 44 16 each
2136 3652 112 20 subsequent
2254 3652 91 16 insertion.

1926 3669 156 18 Advertisements
2088 3671 37 17 will
2133 3673 32 15 not
2171 3676 66 17 appear
2247 3672 20 16 in
2279 3673 31 15 the
2319 3671 75 20 ensuing
2403 3667 74 19 number,

1905 3688 17 18 if
1929 3690 83 17 received
2018 3691 47 16 later
2071 3692 44 16 than
2126 3692 71 21 Friday,
2211 3693 19 16 10
2241 3692 73 20 o'clock,
2325 3696 39 13 a.m.
2385 3688 94 19 Advertise-

1904 3712 61 15 ments
1972 3711 37 17 will
2015 3713 23 15 be
2044 3713 99 17 continued
2149 3714 36 16 and
2192 3714 78 19 charged
2275 3713 46 17 until
2324 3708 153 21 counter-ordered;

1905 3732 45 15 such
1957 3732 52 16 order
2015 3734 52 15 must
2073 3733 21 16 be
2101 3735 41 15 sent
2149 3735 19 15 to
2175 3735 31 15 the
2211 3735 55 16 Office
2272 3735 51 16 three
2329 3734 42 20 days
2377 3732 56 17 before
2439 3730 40 21 pub-

1903 3751 82 20 lication,
1993 3753 36 16 and
2036 3755 49 15 must
2091 3754 23 16 be
2121 3754 20 17 in
2147 3755 80 21 writing.
2247 3754 150 18 Advertisements
2404 3750 73 18 received

1905 3772 52 17 after
1964 3774 21 16 10
1992 3772 66 18 o'clock
2066 3779 22 12 on
2100 3775 65 21 Friday
2176 3775 85 22 morning
2271 3775 37 17 will
2318 3775 20 17 be
2349 3773 73 21 charged
2432 3773 44 14 twice

1905 3792 30 17 the
1943 3794 54 16 usual
2003 3796 53 15 rates.

1926 3813 30 16 All
1962 3815 68 19 orders,
2041 3815 156 21 advertisements,
2209 3817 37 16 and
2257 3815 156 18 communications
2424 3813 17 16 to
2451 3810 26 17 the

1905 3834 69 20 Editor,
1980 3840 31 12 are
2016 3837 97 19 requested
2120 3838 18 15 to
2145 3838 22 16 be
2174 3838 99 16 addressed
2279 3838 18 15 to
2304 3836 34 18 this
2345 3836 58 17 Office.

153 121 92 21 Union
259 122 80 20 Bank
353 121 31 20 of
400 120 149 21 Australia.

57 155 96 21 London
172 155 92 25 Office,
279 154 46 22 No.
339 155 35 25 33,
394 154 50 21 Old
460 153 184 21 Broad-street.

112 188 93 27 Capital,
216 187 122 27 £800,000;
358 187 54 27 paid
419 194 38 20 up,
472 186 118 27 £500,000.

292 224 110 13 DIRECTORS
408 225 4 5 ■

164 248 68 20 George
240 247 37 17 Fife
285 248 67 20 Angas,
360 247 50 21 Esq.,

163 268 68 17 Robert
238 269 75 18 Brooks,
322 269 49 19 Esq.,

164 289 60 17 James
232 289 48 16 John
287 290 101 18 Cummins,
397 289 47 20 Esq.,

164 310 67 16 Robert
239 310 96 19 Gardener,
348 310 47 20 Esq.,
408 309 121 20 Manchester,

164 331 47 16 John
219 331 47 15 Gore
281 331 49 19 Esq.,

164 351 47 16 John
219 351 79 16 William
305 351 76 18 Buckle,
386 351 48 20 Esq.,

163 372 96 19 Benjamin
266 372 21 16 E.
294 372 63 18 Lindo,
365 371 49 20 Esq.,

164 392 73 17 Charles
245 393 75 15 Edward
329 391 87 21 Mangles,
424 392 49 20 Esq.,

164 413 114 20 Christopher
285 413 84 18 Rawson,
378 413 47 20 Esq.,
437 412 82 20 Halifax,

164 433 78 16 Thomas
249 433 63 19 Sands,
321 433 48 20 Esq.,
377 433 100 21 Liverpool,

163 454 60 16 James
232 454 55 20 Bogle
295 454 63 19 Smith,
365 454 49 20 Esq.,

163 475 60 16 James
231 475 80 16 Ruddell
318 475 56 19 Todd,
383 475 41 19 Esq.

56 503 95 15 Trustees:
169 503 81 15 George
261 502 57 16 Carr
329 502 61 18 Glyn,
402 502 49 19 Esq.,
462 502 52 16 John
527 501 59 21 Gore,
596 502 50 20 Esq.,

204 523 36 16 and
247 523 66 16 James
321 522 17 16 J.
346 523 99 18 Cummins,
456 523 43 20 Esq.

84 550 91 15 Bunkurß:
188 550 75 15 Messrs.
270 550 61 18 Glyn,
343 550 115 19 Hallifax,
466 550 70 19 Mills,
545 549 35 16 and
588 550 31 16 Co.

178 578 99 19 Secretary.
291 578 83 15 Samuel
381 578 94 19 Jackson,
484 578 41 20 Esq.

148 605 78 16 Colonial
235 605 94 20 Inspector
334 610 4 11 :
350 605 17 16 J.
376 605 18 16 C.
402 605 102 20 M'Larek,
512 605 43 20 Esq.

179 653 68 19 New
266 652 123 21 Zealand
408 652 114 21 Branch.

56 685 53 16 Local
117 685 90 16 Directors
214 691 4 11 :
235 686 45 16 Geo.
293 686 17 16 S.
322 686 73 17 Evans,
409 686 47 20 Esq.,
470 686 68 19 D.C.L.,
551 687 36 16 and
599 687 47 16 Geo.

277 706 92 20 Hunter,
383 707 41 20 Esq.

56 733 96 20 Manager:
165 733 46 17 John
221 734 71 19 Smith,
301 734 48 19 Esq.,
358 734 37 16 late
402 734 20 16 of
431 734 30 16 the
469 734 117 17 Commercial
593 734 54 17 Bank

225 755 20 16 of
254 754 89 20 England,
355 754 122 17 Manchester.

167 782 113 22 Branches
291 785 24 19 at
330 782 97 27 Sydney,

331 809 88 22 Hobart
428 809 75 28 Town,

332 836 9 22 I
349 839 131 24 .aunceston,
492 837 46 22 and

331 863 11 21 I
350 866 36 18 ort
395 863 80 28 Philip.

57 890 54 21 Port
120 889 131 27 Nicholson,
263 889 79 22 March
352 891 36 26 24,
399 891 62 21 1840.

58 942 91 48 THE
167 943 114 21 Directors
298 943 27 21 of
339 943 40 21 Ihe
395 943 57 22 New
468 944 101 22 Zealand
581 945 67 21 Land

132 969 118 27 Company
264 969 83 28 hereby
364 970 51 26 give
432 971 80 25 notice,
531 971 47 21 that
593 971 54 28 they

56 995 57 21 have
121 1003 113 17 EFFECTED
245 1004 28 13 AN
285 1004 173 14 ARRANGEMENT
466 996 53 22 witll
525 997 38 22 the
571 997 75 22 Union

56 1022 66 22 Bank
136 1023 27 21 of
179 1023 120 26 Australia,
317 1023 43 21 No.
378 1025 34 25 38,
426 1023 46 22 Old
487 1024 159 27 Broad-street,

56 1049 103 27 London,
171 1049 34 21 for
214 1049 38 22 the
266 1050 169 22 establishment
447 1050 27 22 of
487 1058 14 14 a
516 1051 131 22 BRANCH

56 1075 90 22 BANK
161 1076 35 21 IN
210 1076 72 22 NEW
297 1077 158 27 ZEALAND,
469 1077 96 28 through
574 1078 74 22 which

56 1102 39 22 the
106 1103 100 21 business
219 1103 27 21 of
258 1103 38 22 the
313 1103 57 22 New
387 1103 100 23 Zealand
500 1104 66 23 Land
581 1105 67 22 Com-

56 1136 61 20 pany
126 1129 46 21 will
181 1130 27 20 be
218 1130 134 22 transacted.
381 1130 48 22 The
444 1131 115 22 Directors
574 1132 74 21 there-

56 1157 48 20 fore
114 1157 145 21 recommend
268 1160 23 18 to
308 1157 111 22 Colonists
435 1157 38 22 the
491 1158 75 22 Union
582 1159 66 22 Bank

57 1183 26 21 of
102 1183 114 21 Australia
233 1191 25 14 as
275 1191 30 15 an
331 1184 170 22 establishment
521 1186 128 27 possessing

56 1209 58 21 their
131 1210 69 21 entire
224 1211 137 27 confidence,
382 1211 45 21 and
446 1211 50 22 able
515 1215 23 18 to
555 1213 93 26 provide

56 1236 127 27 effectually
198 1237 35 21 for
249 1237 37 22 the
301 1237 107 23 financial
422 1242 70 18 wants
510 1239 25 21 of
546 1241 37 20 the
599 1239 50 22 first

56 1263 136 21 settlement.

225 1291 35 27 By
270 1291 66 21 order
346 1291 26 22 of
382 1291 37 22 the
430 1292 80 27 Board,

303 1325 86 22 JOHN
402 1326 104 27 WARD,
523 1327 124 28 Secretary.

56 1350 57 23 New
123 1351 100 22 Zealand
233 1352 65 21 Land
308 1352 136 28 Company's
453 1354 78 26 Office,

84 1379 20 22 1,
115 1378 160 27 Adam-street,
286 1377 107 29 Adelplii,
402 1380 54 21 2?th
466 1380 68 27 Aug.,
544 1382 62 20 1839.

57 1423 258 47 WANGANUI.—
316 1425 47 21 The
383 1425 125 22 subscriber
529 1427 120 27 intending

155 1453 23 19 to
188 1450 27 22 be
225 1455 91 23 present
325 1455 23 18 at
357 1451 39 23 the
413 1453 151 28 approaching
578 1454 70 23 selec-

57 1477 47 21 tion
124 1477 26 21 of
170 1477 65 22 lands
254 1481 22 19 at
294 1479 134 27 Wanganui,
448 1480 45 21 and
507 1481 84 27 having
609 1481 38 22 the

56 1503 85 21 benefit
155 1504 28 21 of
202 1505 153 22 considerable
375 1507 132 26 experience
524 1515 24 14 as
567 1511 22 18 to
609 1508 38 22 the

57 1531 138 26 capabilities
204 1531 26 21 of
242 1532 28 21 all
280 1532 49 22 that
338 1536 50 24 part
396 1534 25 21 of
432 1533 38 21 the
476 1538 94 24 country
577 1536 23 21 in
609 1534 38 23 the

56 1557 188 26 neighbourhood
267 1559 72 22 which
361 1560 46 21 will
424 1560 28 22 be
471 1561 46 21 laid
536 1569 57 19 open
613 1562 36 21 for

57 1584 115 26 selection,
190 1585 64 21 offers
269 1585 93 23 himself
379 1594 24 14 as
414 1590 66 24 agent
491 1591 21 18 to
523 1588 80 23 choose
613 1589 36 22 for

57 1617 46 20 any
122 1611 80 26 parties
219 1615 23 18 to
259 1613 74 21 whom
348 1613 38 22 the
398 1614 99 27 journey
511 1623 53 19 may
578 1623 69 20 prove

56 1637 168 28 inconvenient,
237 1646 29 14 on
275 1639 79 22 liberal
369 1642 75 26 terms,
463 1641 73 22 which
552 1650 51 20 may
619 1644 28 21 be

56 1663 83 22 known
150 1672 29 14 on
187 1665 134 28 application
332 1670 23 18 to

159 1691 27 21 E.
200 1693 23 21 J.
240 1693 150 28 Wakefield,
405 1701 26 14 or
448 1698 24 18 to

156 1719 91 21 Messrs.
259 1719 131 29 Ridgways,
402 1721 105 27 Guyton,
519 1723 45 22 and
575 1724 72 22 Earp.

58 1763 142 47 LAND
225 1764 260 24 AGENCIES.—
485 1768 40 21 TO
549 1768 98 22 LAND-

134 1790 183 23 HOLDERS.—
317 1792 48 23 The
383 1793 157 28 Undersigned
558 1795 43 28 beg
624 1799 23 19 to

57 1816 54 21 off'pr
121 1816 135 23 themselves
265 1821 22 18 to
297 1818 59 23 their
364 1819 86 23 friends
459 1821 46 21 and
519 1821 37 22 the
572 1822 75 27 public

56 1850 24 14 as
91 1844 87 25 Agents
188 1844 34 21 for
231 1845 38 21 the
278 1846 97 27 disposal
384 1847 27 21 of
415 1847 70 21 Town
494 1848 46 22 and
548 1849 99 28 Country

58 1870 81 27 Ti.'tnds,
151 1870 45 22 and
205 1874 59 19 trust
272 1872 59 22 their
340 1873 97 22 colonial
447 1875 132 28 experience
595 1884 52 19 may

57 1897 77 21 entitle
144 1898 62 21 them
216 1901 23 18 to
250 1906 13 14 a
274 1899 65 22 share
350 1900 26 21 of
386 1900 37 22 the
432 1902 76 26 public
516 1905 130 25 patronage.

83 1930 65 27 They
156 1931 45 22 will
210 1932 28 22 be
248 1932 76 28 happy
332 1936 23 19 to
364 1941 95 20 arrange
472 1935 35 22 for
515 1936 46 21 and
571 1944 77 20 super-

54 1957 81 21 intend
144 1957 39 23 the
192 1966 92 20 surveys
292 1960 46 22 and
344 1961 159 22 sub-divisions
510 1962 26 22 of
542 1962 36 23 the
584 1963 62 22 land.

57 1983 90 23 Liberal
157 1985 111 22 advances
277 1987 46 21 will
336 1987 28 21 be
379 1988 65 21 made
455 1995 30 14 on
493 1989 66 22 lands
567 1990 80 26 placed

55 2010 23 20 in
91 2011 57 20 their
156 2011 72 21 hands
236 2013 35 20 for
277 2013 54 21 sale.
358 2014 65 26 They
430 2015 45 20 will
483 2015 46 21 also
535 2016 29 21 be
572 2023 75 21 nappy

57 2040 22 17 to
91 2037 64 21 assist
165 2038 134 27 proprietors
308 2039 24 21 in
341 2039 87 28 leasing
438 2041 59 21 their
505 2041 71 23 lands.

339 2073 63 22 John
413 2074 45 21 and
469 2074 58 22 Geo.
537 2075 81 23 Wade.

157 2117 158 26 Wanganui
329 2119 78 20 Land
420 2119 123 27 Agency.

57 2149 98 48 THE
181 2150 151 27 undersigned
358 2151 86 32 haying
470 2154 88 22 resided
583 2162 63 14 some

124 2176 90 22 months
228 2181 24 18 at
267 2174 133 31 Wanganui,
420 2179 41 22 has
475 2180 57 22 been
551 2182 96 21 enabled

56 2206 22 17 to
91 2202 64 22 make
165 2202 93 23 himself
268 2205 136 27 acquainted
414 2206 53 22 with
480 2207 37 22 the
534 2208 49 21 best
593 2209 53 21 sites

54 2230 37 20 for
100 2230 36 21 the
147 2230 105 23 selection
264 2231 25 21 of
296 2236 96 23 country
399 2232 71 28 lands,
482 2234 45 22 and
535 2234 111 23 therefore

55 2256 53 21 with
124 2257 130 22 confidence
264 2258 89 23 tenders
363 2259 35 22 his
408 2260 94 23 services
514 2265 24 18 to
547 2263 100 26 proprie-

55 2286 53 24 tors,
126 2291 24 14 as
166 2291 29 14 an
211 2285 77 27 Agent
301 2286 35 21 for
352 2286 38 21 the
406 2286 113 28 selection,
531 2289 52 27 sale,
593 2296 54 21 pur-

56 2309 73 27 chase,
141 2311 46 21 and
196 2311 86 28 leasing
291 2316 105 24 property
406 2314 23 21 in
439 2314 49 21 that
498 2315 91 22 district.

83 2336 87 23 Letters
179 2338 35 21 for
224 2338 37 22 the
271 2340 126 21 subscriber
410 2343 22 19 to
446 2342 28 20 be
489 2342 120 22 addressed
622 2346 24 19 to

55 2363 39 22 the
104 2371 50 14 care
166 2364 25 22 of
201 2365 93 22 Messrs.
305 2366 78 27 Wade,
395 2367 145 28 Wellington.

301 2393 31 22 H.
351 2394 120 28 Churton,
484 2396 133 27 Wanganui.

132 2436 133 27 Building
277 2438 174 22 Allotments
465 2442 29 19 to
509 2441 60 22 Let.

56 2468 92 48 THE
167 2469 200 24 ADVERTISER
383 2472 65 22 offers
463 2481 60 19 upon
540 2474 107 28 Building

131 2495 88 28 Leases,
231 2504 14 14 a
254 2498 96 21 number
360 2498 27 22 of
397 2499 69 22 Town
475 2500 137 24 Allotments
621 2502 25 22 in

54 2521 38 22 the
103 2526 59 18 most
171 2523 107 22 desirable
288 2528 62 24 parts
359 2526 27 21 of
397 2526 43 21 this
451 2527 139 23 Settlement.

81 2549 48 21 The
148 2550 111 22 attention
276 2552 27 21 of
320 2552 37 21 the
374 2552 77 28 public
467 2554 19 21 is
501 2555 146 29 particularly

54 2575 72 22 called
146 2579 23 18 to
188 2577 38 22 the
244 2578 125 27 advantage
390 2580 26 21 of
432 2580 107 29 Building
555 2582 90 28 Leases,

52 2602 75 22 which
137 2603 37 22 the
184 2604 153 28 undersigned
345 2606 19 21 is
375 2606 96 23 enabled
480 2611 23 18 to
512 2612 72 24 grant,
593 2610 52 27 viz.,

52 2629 59 22 from
122 2637 68 14 seven
200 2634 23 18 to
240 2634 140 26 twenty-one
397 2641 71 20 years,
487 2636 120 28 according
623 2640 23 18 to

52 2657 40 20 the
111 2657 66 22 value
196 2658 26 21 of
241 2658 38 22 the
303 2660 115 28 buildings
438 2662 112 27 proposed
571 2666 22 18 to
616 2664 30 22 be

55 2684 96 21 erected.
181 2684 77 28 Apply
268 2689 23 18 to

219 2719 23 22 J.
258 2720 24 22 T.
299 2720 146 29 Wicksteed,
458 2730 25 14 or

217 2746 37 22 W.
269 2747 29 21 V.
313 2747 108 28 Brewer,
437 2750 193 23 Manners-street.

56 2791 28 21 T
104 2791 68 21 AND
193 2792 40 21 TO
258 2792 95 23 LET.—
353 2794 70 22 Town
447 2802 63 15 acres
532 2796 44 22 No.
597 2798 47 25 168,

56 2814 46 24 ±J
132 2819 47 25 156,
189 2820 48 26 423,
255 2820 34 26 47,
301 2822 47 24 561,
362 2821 49 27 559,
429 2822 46 21 and
487 2829 68 21 many
571 2824 75 22 others

54 2851 23 14 in
90 2844 35 21 the
136 2848 59 17 most
204 2843 108 25 desirable
328 2848 123 22 situations.
481 2849 56 22 Also
551 2854 95 24 country

53 2871 55 20 land
117 2878 28 14 on
155 2871 38 22 the
202 2872 71 22 banks
285 2873 26 22 of
318 2874 37 21 the
366 2874 69 23 River
445 2875 60 22 Hutt
513 2876 46 22 and
569 2884 28 14 on
606 2877 40 22 the

54 2897 95 22 Porirua
157 2898 61 22 road.
249 2900 76 27 Apply
336 2904 22 18 to

445 2929 21 22 J.
483 2929 34 22 W.
534 2930 81 22 Child.

270 2971 38 20 To
324 2971 33 21 be
372 2972 58 25 Let,

56 3003 164 49 SEVERAL
235 3005 93 22 TOWN
339 3006 105 26 ACRES,
452 3007 25 22 in
487 3008 88 23 various
583 3013 62 23 parts

120 3031 27 20 of
158 3031 145 27 Wellington.
333 3032 44 22 For
386 3034 137 28 particulars,
539 3036 68 27 apply
621 3039 23 19 to

230 3058 27 22 E.
273 3059 144 27 Catchpool,
428 3061 106 22 Dickson-
541 3066 75 19 street.

266 3105 40 20 To
320 3105 34 20 be
369 3105 59 25 Let,

56 3135 90 36 rpHE
160 3138 59 19 town
238 3144 50 14 acre
306 3137 43 22 No.
367 3139 41 20 680
421 3145 30 14 on
466 3138 38 23 the
521 3140 124 28 Surveyor-

61 3159 30 24 X
130 3162 117 22 General's
256 3163 60 27 plan,
327 3164 123 28 belonging
459 3168 23 19 to
499 3166 38 22 the
554 3166 89 23 Church

53 3188 26 21 of
91 3189 112 21 Scotland.
233 3189 44 22 For
286 3194 74 23 terms,
372 3191 68 28 apply
450 3194 23 19 to

244 3217 94 22 Robert
349 3218 28 21 It.
389 3219 100 27 Strang,
504 3219 110 24 Solicitor.

72 3260 87 21 Town
174 3262 54 19 and
244 3262 123 27 Country
381 3264 78 21 Land
473 3266 29 19 to
517 3265 35 21 be
568 3267 57 20 Let.

56 3293 167 49 SECTIONS
240 3295 44 21 and
300 3297 100 25 portions
418 3297 26 22 of
456 3298 101 22 Sections
573 3299 24 22 in
612 3300 31 22 all

124 3324 61 23 parts
202 3321 26 21 of
243 3322 37 21 the
299 3322 69 23 Town
388 3323 26 22 of
429 3324 145 28 Wellington,
594 3326 48 23 also

53 3348 100 25 Country
164 3348 101 22 Sections
277 3349 25 21 in
313 3349 37 22 the
367 3349 96 23 districts
480 3352 26 21 of
519 3352 38 22 the
574 3352 66 29 Hutt,

52 3374 39 21 the
105 3373 85 27 Kaiori,
200 3374 38 22 the
250 3375 76 28 Ohiro,
339 3377 46 21 and
397 3377 36 22 the
449 3379 99 22 Porirua.
576 3379 66 29 Long

52 3401 71 21 leases
133 3400 26 21 of
167 3401 35 21 the
221 3405 94 24 country
325 3403 54 22 land
395 3404 45 22 will
456 3405 28 21 be
498 3406 95 26 granted
611 3415 30 14 on

51 3427 132 22 reasonable
195 3431 73 19 terms.
298 3430 43 21 For
350 3431 132 26 particulars
491 3433 67 27 apply
568 3436 22 19 to

245 3462 98 23 Hanson
354 3464 46 21 and
415 3465 116 28 Alzdori',

278 3489 122 24 Thorndon
412 3492 71 27 Quay,
494 3493 146 28 Wellington.

51 3533 123 25 Country
189 3533 124 21 Sections
333 3535 43 20 for
395 3536 61 21 Sale
477 3543 36 15 on
532 3539 108 21 Liberal

298 3561 101 21 Terms.

51 3591 167 50 SEVERAL
254 3593 99 23 Sections
382 3596 27 21 of
439 3598 100 28 Country
567 3599 63 21 Land

117 3619 90 27 already
218 3619 82 22 chosen
310 3620 24 22 in
345 3621 38 22 the
397 3623 92 23 Porirua
503 3625 91 28 district,
606 3626 36 22 for

51 3646 58 27 Sale,
120 3654 75 13 TERMS
205 3653 105 15 LIBERAL.
340 3648 77 28 Apply
426 3653 23 19 to

145 3680 26 22 F.
187 3680 28 22 A.
230 3680 172 30 Molesworth,
419 3683 184 31 Murphy-street,
615 3694 25 15 or

145 3707 37 21 W.
197 3707 28 21 V.
241 3707 107 27 Brewer,
359 3709 194 24 Manners-street.

100 3745 69 21 AND
184 3745 62 22 IOR
261 3746 115 21 SALE.—
376 3747 47 21 The
437 3748 69 22 Town
516 3749 67 28 Acre,
599 3753 41 19 884

127 3779 29 14 on
167 3772 37 22 the
214 3772 240 27 Surveyor-General's
464 3775 52 26 plan
524 3783 6 20 ;
546 3777 45 21 and
600 3777 39 23 the

50 3798 100 28 Country
161 3798 76 22 Lands
252 3799 23 21 in
291 3798 38 22 the
345 3800 60 26 right
419 3801 27 21 of
459 3801 76 23 choice
550 3803 25 22 of
585 3804 55 22 land

49 3825 76 21 orders
144 3825 54 22 Nos.
216 3826 47 26 687,
281 3825 48 27 726,
350 3828 61 26 1084,
430 3827 26 21 of
472 3828 37 22 the
528 3829 48 23 first
593 3831 46 22 and

48 3852 109 27 principal
169 3852 134 22 settlement.
333 3852 45 22 For
388 3856 68 20 terms
466 3855 66 28 apply
543 3859 22 19 to

301 3886 28 21 R.
345 3886 28 22 R.
390 3887 99 29 Strang,
500 3889 109 24 Solicitor.

75 3918 145 28 Wellington,
231 3920 91 27 August
330 3921 33 27 27,
376 3922 60 21 1841.
