2540 4060
109 2929 172 25 SHIPPING
299 2929 283 25 INTELLIGENCE.

273 2985 144 21 ARRIVED.

77 3019 84 26 August
170 3020 20 24 9,
201 3020 105 21 schooner
319 3020 121 26 Elizabeth,
451 3020 25 21 60
494 3021 60 24 tons,
565 3018 77 27 Smith,

52 3048 52 19 from
115 3047 88 21 Nelson.

80 3074 60 21 Same
150 3075 54 26 day,.
207 3074 118 26 brigantine
335 3077 96 23 Success,
438 3075 59 21 from
508 3075 92 27 Sydney.
649 3080 2 29 j

288 3129 115 21 SAILED.

78 3155 85 25 August
177 3155 21 25 6,
215 3155 60 28 sloop
294 3157 68 25 Royal
384 3157 100 25 William,
506 3156 84 22 Lovett.
608 3157 35 21 for

52 3182 90 26 Poverty
152 3182 52 27 Bay.

80 3209 61 21 Same
147 3210 55 26 -day,
212 3213 69 18 cutter
299 3212 111 20 Catherine
428 3212 111 26 Johnston,
555 3212 87 27 Taylor,

52 3238 33 20 for
97 3237 127 26 Wanganui.

80 3265 61 21 Same
151 3266 47 26 day,
210 3262 69 24 cutter
291 3267 112 26 Pickwick,
420 3267 77 28 Styles,
508 3267 34 22 for
552 3268 98 28 Poverty

52 3293 54 28 Bay.
234 3316 4 9 (_(
241 3322 12 6 _

151 3357 3 4 .
197 3358 4 3 .
281 3338 32 20 IN
328 3338 87 24 PORT.

78 3368 84 26 Barque
180 3366 115 26 Clydeside,
305 3366 41 21 256
362 3369 57 23 tons,
438 3367 132 27 Ma'thieson,
585 3369 59 21 refit-

52 3396 52 26 ting.
133 3394 68 21 Waitt
210 3394 42 20 and
261 3394 73 26 Tyser,
341 3394 90 26 Agents.

79 3424 84 25 Barque
182 3422 80 26 Bright
284 3422 84 26 Planet,
391 3422 39 21 187
449 3425 57 23 tons,
527 3423 116 23 Morrison.

52 3451 79 26 Agent,
143 3450 24 21 C
177 3450 32 20 M.
218 3449 81 21 .Evans.

81 3479 108 20 Schooner
198 3478 159 24 Perseverance,
368 3477 28 20 50
406 3478 57 24 tons,
473 3477 89 28 Bishop.
578 3479 66 27 Ridg-

52 3513 47 20 way
109 3506 41 20 and
160 3506 48 24 Co.,
216 3505 89 26 Agents,

80 3535 83 26 Barque
172 3533 127 26 Indemnity,
308 3533 42 20 450
368 3535 58 22 tons,
441 3532 87 22 Adams.
556 3534 88 26 Agents,

53 3561 68 21 Waitt
131 3561 42 21 and
182 3561 75 26 Tyser.
448 3564 4 4 •

81 3589 84 27 Barque
180 3589 117 25 Exporter,
307 3588 41 22 216
364 3589 58 24 tons,
436 3587 84 28 Anwyl.
549 3587 96 23 Ktzher-

52 3617 55 26 bert,
118 3617 88 26 Agents.
239 3627 4 3 •
483 3629 3 3 ■
493 3636 2 8 ,

207 3643 60 27 '2tnn^
287 3644 27 20 22
332 3645 60 23 tons,
410 3642 85 21 Brown.
539 3643 105 27 Schultze,

52 3672 79 26 Agent.

83 3700 107 20 Schooner
198 3698 85 28 Henry,
295 3699 26 20 17
338 3700 57 25 tons,
406 3697 121 28 Daymond.
556 3698 88 26 Agents,

52 3727 95 21 Wallace
156 3727 42 21 and
208 3726 41 21 Co.

83 3755 107 20 Schooner
197 3752 62 27 Lady
267 3754 74 26 Leigh,
349 3755 45 21 IQ3
405 3756 56 23 tonß,
468 3752 81 23 Roche.
568 3752 76 28 Agent,

53 3782 35 21 W.
100 3782 138 21 Fitzherbert.
248 3805 4 5 ,
275 3788 31 18 '
649 3784 2 9 '

81 3810 53 26 Brig
142 3810 93 24 Patriot,
248 3805 40 25 189
299 3811 55 23 tona,
361 3810 94 26 Wright.
475 3808 78 26 Agent,
562 3808 83 27 Penny.

83 3837 106 21 Schooner
198 3837 120 25 Elizabeth,
330 3838 26 20 60
374 3840 59 22 tons,
450 3837 77 20 Smith.
556 3837 89 25 Agents,
649 3836 2 7 '

52 3864 96 20 Wallace
157 3865 42 19 and
212 3864 41 20 Co.

81 3891 122 27 Brigantine
214 3893 95 20 Success.
337 3892 92 27 Agents,
441 3891 26 22 C.
478 3891 33 21 M.
523 3892 79 22 Evans.

227 3956 119 19 CUSTOM
362 3956 44 18 HO
419 3956 62 21 USE.

297 3994 111 17 IMPORT*,
426 4009 60 2 ...

664 150 4 3 ■
694 141 35 20 In-
740 147 50 14 the
803 141 23 31 '£'
984 147 66 14 from
1068 141 100 21 Hoba&t
1187 142 57 21 Tow
1246 139 19 15 n

666 170 34 19 via
709 170 166 19 Auckland.—
875 169 91 26 nPenny,
981 169 191 25 Agmt.rr9.-hh.dsi
1182 175 57 19 rum,
1250 167 14 19 0

667 202 56 15 cases
733 195 171 21 .manufactured
918 196 96 24 tobacco,
1031 197 14 18 5
1060 195 61 22 hhds.
1132 196 87 26 brandy,
1235 196 13 21 3

668 229 56 14 cases
737 222 98 26 brandy,.
844 224 15 19 4
873 223 64 20 Hhds.
951 222 35 21 do.
1003 223 25 20 11
1042 222 89 21 bundles
1144 224 89 24 leather,
1249 225 14 20 7

668 248 63 23 Soxes
741 252 44 23 tea,
796 250 16 21 1-
822 250 44 20 box
875 250 70 24 shoes,
960 250 27 21 28
997 250 51 26 bags
1062 245 77 31 sugar/
1142 247 32 24 70'
1183 250 79 21 barrels

668 278 61 24 flour,
742 278 27 19 15
784 277 52 26 bags
845 278 51 24 rice,
911 278 28 19 50
949 276 105 21 thousand
1069 277 43 20 feet
1120 278 85 25 timber,
1221 278 50 20 100\

668 304 106 23 thousand
791 304 103 26 shingles,
910 305 13 20 2
942 304 105 21 thousand
1066 304 78 27 paling,
1168 306 27 21 19
1211 300 60 31 bogs'

669 338 68 20 sugar,
748 332 14 20 5
777 332 71 20 chests
859 334 41 21 tea,
915 332 14 20 9
942 332 47 19 half
1001 332 69 20 chests
1085 334 40 22 tea,
1141 333 25 20 14
1180 333 80 20 barrels

668 360 61 24 flour,
741 360 26 19 14
775 358 61 21 casks
845 358 84 21 bottled
933 358 62 25 wine,
1005 360 27 19 29
1039 358 79 21 barrels
1127 359 49 21 beef
1183 361 13 20 2
1203 360 57 19 bales

669 387 56 25 bags,
738 387 11 19 1
761 392 47 14 case
818 386 65 26 slops,
896 386 26 20 39
932 386 64 20 boxes
1007 392 59 20 soap,
1077 387 13 19 2
1106 386 60 22 casks
1175 388 56 25 glue,
1247 388 10 19 1

669 414 50 20 cask
727 414 68 22 hams,
812 414 26 19 12
857 419 57 14 cases
928 413 63 20 fruits
1005 414 43 19 and
1064 413 87 26 pickles,
1169 415 13 20 4
1201 420 58 15 cases

662 440 169 26 ..haberdashery,
846 441 28 20 46
888 440 51 26 bags
955 441 63 24 flour,
1036 441 28 20 20
1080 441 49 25 bags
1143 441 85 25 biscuit,
1247 441 10 20 1

661 464 2 11 ''
669 468 44 20 hhd
722 475 55 16 rum,
788 469 13 18 2
816 474 58 13 cases
883 468 100 24 bonnets,
996 469 14 19 4
1024 468 49 20 iron
1086 468 117 22 bedsteads.
1219 481 3 8 >
1234 468 23 21 C.

669 496 32 20 M.
717 495 81 25 Penny.
800 505 28 4 —
828 495 13 20 2
855 495 75 20 tierces
945 495 95 24 tobacco,
1060 495 12 20 6
1088 495 65 20 boxes
1167 495 91 27 wearing

669 523 92 26 apparel,
772 522 90 21 Rhodes.
890 522 114 26 Passenger
1005 532 27 5 —
1032 522 44 22 Mr.
1087 522 96 27 Formby,
1242 542 10 7 ,_
1264 545 5 5 _

831 582 105 16 inwards
937 586 28 5 —
967 582 135 16 coastwise.

698 603 29 21 In
749 609 50 15 the
1019 609 66 14 from
1108 609 46 15 the
1178 604 78 21 Sooth

671 631 66 21 Seas.
738 642 30 4 —
768 631 88 25 Agents,
883 631 70 20 Wdllis
981 630 42 20 and
1048 630 15 20 C
1063 630 47 20 0.
1110 631 41 20 —900
1177 631 89 23 barrels,

669 665 69 20 sperm
748 657 37 26 oil,
796 659 42 20 800
847 658 79 20 barrels
936 658 62 20 black
1007 658 35 20 do.
1054 658 12 20 1
1076 661 39 17 ton
1129 659 126 20 whalebone.

697 686 28 20 In
744 691 48 15 thb
1049 691 64 15 from
1133 685 94 22 Kapxti.
1228 696 28 5 —

673 713 32 21 W.
715 713 139 26 Fitzherbert,
866 713 76 24 Agent.
943 723 27 5 —
972 713 13 19 6
995 715 48 17 tons
1054 712 36 25 oil,
1107 713 9 20 1
1128 719 46 15 case
1190 713 64 26 slops,
1261 732 3 3 .

669 741 13 19 2
691 741 90 20 bundles
789 741 60 24 flags.
880 739 123 26 Passengers
1005 750 26 5 —
1031 740 44 21 Mr.
1083 740 139 27 JTitzherbert,
1232 740 22 21 J.

669 767 73 26 Knox,
753 768 43 20 and
805 767 44 21 Mr.
861 767 99 26 Dewgate

696 795 30 20 In
739 800 48 15 the
947 800 63 15 from
1029 794 90 22 Otaoo.
1120 805 29 5 —
1150 796 104 24 Schultze,

668 823 76 26 Agent.
744 833 28 4 —
774 822 26 21 35
815 824 51 18 tons
883 821 126 25 shooks/10
1024 821 89 22 bundles
1126 823 137 21 Whalebone..

668 851 13 19 4
692 849 103 28 packages
807 850 104 25 sundries,
920 850 28 20 10
956 850 56 26 pigs.

697 878 29 19 In
748 883 48 14 th£
826 877 167 20 ''Catherine
1191 880 73 23 fro^i'

668 905 147 21 Wanganui.
817 915 28 5 —
849 905 92 20 Wallace
955 904 43 21 and
1007 905 43 25 Co.,
1064 905 85 26 Agentt.
1150 916 26 5 —
1176 906 15 21 9
1207 908 49 18 tons

668 935 104 23 potatoes,
784 934 9 19 1
806 935 72 24 carpet
887 932 45 26 bag,
941 932 15 21 -1
967 935 73 23 carpet
1045 938 49 20 rug,
1106 933 10 20 1
1127 933 48 25 box,
1184 935 14 19 1
1208 939 46 20 rug,

670 961 10 19 1
690 963 143 24 portmanteu,
845 961 12 18 2
868 960 59 20 small
937 966 66 18 cases,
1012 960 14 20 1
1037 960 60 20 chest
1106 963 62 18 mats.

666 1002 8 11 k
696 988 28 20 In
734 993 48 14 the
974 993 64 14 from
1049 987 111 21 Poverty
1167 988 89 24 Bay.-t

671 1016 63 20 Wade
742 1014 45 21 and
797 1014 43 28 Co.,
849 1015 87 24 Agents.
937 1024 27 5 —
966 1014 26 20 65
999 1015 55 25 pigs,
1063 1015 14 20 3
1083 1017 49 18 tons
1141 1018 104 24 potatoes.

815 1074 140 19 otttwarj)<?,
966 1074 144 16 coastwise.

694 1096 30 21 In
750 1102 49 15 the
860 1096 133 21 Susannah
1136 1103 45 14 for
1208 1103 47 14 vhe

667 1123 124 21 Chatham
809 1123 112 21 Islands.
922 1134 29 5 —
955 1124 64 20 Wade
1032 1124 43 20 and
1092 1124 34 21 Co.
1141 1125 87 25 Agentt.
1228 1134 28 5 —

668 1151 11 20 1
689 1151 68 21 barrel
767 1151 54 25 beef,
834 1152 11 19 1
856 1151 92 26 package
955 1151 71 25 shirts,
1038 1153 11 19 1
1061 1153 38 19 ton
1106 1153 47 23 salt,
1164 1153 13 19 3
1184 1153 70 26 pieces

667 1179 114 26 carpeting,
798 1179 12 20 1
827 1185 49 14 case
889 1179 64 26 glass,
967 1178 16 24 i
998 1179 45 21 doz.
1059 1179 56 21 duck
1130 1179 97 26 shirting,
1243 1179 10 20 1

667 1207 50 19 cask
730 1207 92 25 vinegar,
839 1206 16 24 i
868 1209 38 17 ton
922 1213 57 20 soap,
996 1207 11 20 1
1024 1207 46 20 bale
1087 1207 76 26 prints,
1179 1207 12 20 6
1207 1207 47 21 daz.

666 1234 54 25 files,
731 1234 10 20 1
752 1234 43 20 box
805 1234 76 27 prints,
890 1235 28 19 10
928 1235 70 25 pieces
1008 1235 74 23 calico,
1099 1235 11 19 1
1120 1237 47 18 cwt.
1183 1234 71 25 bread,

668 1261 10 20 1
692 1263 37 19 ton
744 1268 71 19 sugar,
829 1263 16 19 2
863 1261 51 21 cask
929 1263 62 23 wine,
1008 1261 28 24 4%
1052 1262 61 20 casks
1130 1263 93 24 tobacco,
1240 1263 14 19 4

667 1289 60 20 casks
735 1289 82 24 arrack,
829 1289 11 20 1
851 1289 50 21 cask
911 1296 54 19 rum,
976 1283 16 27 L
1000 1290 123 26 puncheons
1132 1296 53 19 rum,

695 1316 28 20 In
742 1322 49 15 the
965 1323 46 14 for
1029 1317 112 20 Poverty
1168 1317 59 20 Bay.
1228 1327 28 5 —

667 1344 89 25 Mast«r,
766 1344 78 25 Agent,
861 1344 15 23 i
885 1344 59 21 chest
950 1346 41 23 tea,
1002 1346 12 19 8
1024 1344 102 27 packages
1136 1344 38 27 dry
1182 1344 72 27 goods,

667 1372 13 19 5
695 1371 103 27 packages
814 1372 39 26 dry
861 1372 78 25 .goods,
956 1373 12 19 8
979 1378 57 15 cases
1050 1378 60 20 soap,
1125 1372 11 19 5
1151 1372 103 26 packages

667 1399 39 26 dry
714 1399 74 25 goods,
796 1399 16 24 £
821 1402 39 17 ton
869 1400 62 23 flour,
942 1400 26 19 12
979 1406 56 14 cases
1044 1400 45 26 gin,
1104 1400 13 19 4
1127 1400 50 25 bags
1191 1400 62 23 flour,

668 1427 11 19 1
698 1426 48 20 cask
756 1426 97 25 tobacco,
873 1427 25 20 16
908 1427 81 26 gallons
1003 1433 57 19 cum,
1075 1428 11 19 1
1104 1428 40 25 bag
1154 1433 70 22 sugar,
1242 1428 12 19 2

666 1454 52 25 bags
735 1454 62 23 flour,
819 1455 25 19 10
862 1454 81 26 gallons
962 1455 61 25 wine,
1043 1456 13 19 1
1076 1455 40 25 bag
1135 1455 71 25 coffee,
1226 1456 26 19 10

666 1481 80 25 gallons
770 1481 62 20 wine.
876 1482 123 26 Passengers
1000 1493 28 4 —
1028 1482 43 21 Mr.
1096 1483 83 25 Brown,
1190 1491 3 3 -
1209 1482 44 21 Mr.

667 1509 22 20 J.
700 1508 84 24 Brown,
796 1509 42 20 Mr.
850 1508 72 28 Espie,
932 1510 42 20 and
984 1510 44 21 Mr.
1039 1510 79 22 Gutch.

695 1536 28 20 In
733 1541 48 15 the
979 1544 47 14 for
1035 1544 47 14 the
1093 1538 79 20 South
1186 1538 68 21 Seas.

666 1573 29 5 —
697 1564 70 20 Willis
790 1564 43 20 and
852 1565 35 21 Co.
906 1565 87 25 Agents.
995 1576 27 4 —
1023 1565 97 26 Original
1137 1571 70 20 cargo,
1228 1567 26 19 58

667 1591 79 25 gallons
756 1597 87 21 geneva,
855 1593 27 19 12
888 1592 75 21 tierces
972 1593 13 20 3
996 1593 78 21 barrels
1082 1593 85 20 hambro
1178 1593 53 26 beef,
1242 1595 11 19 5

667 1618 77 20 barrels
754 1619 53 21 irish
816 1619 62 26 pork,
889 1621 10 19 1
910 1620 60 21 chest
977 1623 41 22 tea,
1029 1621 13 19 2
1052 1621 51 25 bags
1111 1627 70 19 sugar.

669 1663 95 75 New
796 1663 221 75 Zealand
1049 1663 221 75 Gazette

710 1739 68 22 AND
793 1738 214 24 WELLINGTON
1022 1739 185 23 SPECTATOR.

937 1793 95 23 August
1044 1795 36 25 10,
1090 1795 61 21 1842.

701 1842 29 24 In
743 1850 41 16 our
796 1842 105 24 columns
913 1842 25 24 of
950 1842 81 31 to-day
1042 1850 34 16 we
1088 1842 56 24 have
1153 1842 103 25 inserted

668 1884 29 16 an
707 1877 85 28 article,
803 1875 74 24 which
889 1875 113 32 appeared
1009 1876 23 23 in
1045 1884 13 15 a
1069 1876 46 23 late
1126 1877 96 24 number
1233 1876 26 24 of

668 1910 38 24 the
723 1909 89 24 Nelson
828 1908 137 25 Examiner.
1012 1909 51 24 The
1081 1910 82 23 Editor
1179 1910 24 24 of
1217 1910 39 24 the

666 1943 128 24 Examiner
804 1943 42 24 has
858 1943 25 23 in
896 1943 48 23 that
958 1943 87 28 article,
1063 1943 26 23 in
1101 1951 13 16 a
1123 1943 76 31 manly
1212 1943 43 24 and

668 1976 94 32 spirited
773 1984 103 22 manner,
885 1976 67 31 fairly
963 1976 131 24 committed
1103 1981 22 19 to
1135 1977 37 23 the
1180 1976 76 24 ordeal

668 2010 26 23 of
708 2018 14 15 a
732 2009 82 31 widely
823 2009 123 24 circulated
962 2009 132 31 periodical,
1114 2010 38 23 the

666 2043 50 31 pies
727 2050 62 23 upon
801 2042 74 24 which
887 2042 36 23 his
932 2042 92 31 journal
1033 2043 21 22 is
1066 2042 132 30 conducted,
1210 2043 46 23 and

668 2075 38 24 the
716 2077 116 28 interests,
843 2075 73 24 which
934 2075 37 29 he,
991 2075 54 24 with
1061 2075 31 24 all
1109 2075 35 24 his
1163 2083 91 24 energy,

667 2110 20 23 is
702 2108 140 25 determined
861 2113 24 20 to
904 2113 104 27 support.
1052 2108 45 25 We
1116 2114 81 19 cannot
1215 2110 41 24 but

666 2143 79 23 reflect
755 2142 82 32 deeply
849 2150 30 16 on
891 2142 38 24 the
941 2150 68 16 cause
1019 2141 76 25 which
1113 2142 40 24 has
1164 2142 39 24 led
1214 2151 42 15 our

668 2181 172 26 contemporary
850 2175 53 24 thus
911 2176 110 31 publicly,
1042 2176 45 23 and
1097 2176 25 23 in
1141 2176 36 24 the
1196 2181 61 19 most

668 2209 142 31 unflinching
822 2217 102 20 manner,
946 2213 23 20 to
981 2217 118 16 announce
1110 2209 94 24 himself
1217 2210 39 23 the

668 2247 120 28 supporter
807 2243 26 23 of
847 2244 76 28 views,
942 2242 76 24 which
1038 2251 39 15 are
1089 2242 114 31 admitted,
1216 2248 41 19 not

667 2282 23 18 to
713 2277 28 23 be
763 2277 66 23 those
850 2276 26 24 of
902 2284 13 16 a
934 2277 153 30 community;
1111 2277 41 23 but
1168 2277 54 31 only
1243 2285 14 16 a

666 2311 90 31 portion
768 2310 25 24 of
809 2310 50 24 thai
877 2310 149 31 community.
1073 2310 51 23 The
1143 2311 112 31 necessity

667 2344 36 23 for
725 2343 57 24 such
803 2351 30 16 an
856 2343 79 24 article
953 2344 24 23 in
997 2343 39 24 the
1055 2343 101 24 columns
1177 2344 26 23 of
1217 2343 40 25 the

666 2376 89 24 Nelson
932 2385 13 15 a
958 2376 101 32 journal,
1083 2377 98 25 hitherto
1200 2385 57 17 con-

668 2410 82 25 ducted
771 2410 57 24 with
850 2414 65 27 great
939 2410 150 30 moderation,
1113 2411 108 24 indicates
1243 2418 15 18 a

667 2444 86 31 feeling
774 2444 26 24 of
822 2444 141 31 oppression,
983 2452 15 15 a
1016 2451 66 17 sense
1101 2444 24 24 of
1140 2453 84 23 wrong,
1243 2454 15 15 a

668 2479 127 22 conviction
806 2477 25 24 of
845 2477 136 24 intentional
993 2477 70 24 abuse
1080 2486 29 16 on
1123 2478 37 24 the
1172 2484 51 26 part
1235 2479 25 24 of

668 2511 38 24 the
718 2510 73 25 Local
802 2511 158 23 Government
968 2511 97 23 towards
1078 2512 70 29 them,
1159 2512 99 31 perhaps

668 2545 124 31 exceeding
802 2545 26 23 in
840 2544 132 32 magnitude
979 2552 62 17 .even
1053 2545 50 24 that
1110 2546 148 31 experienced

668 2579 31 31 by
729 2578 37 24 the
795 2578 142 24 inhabitants
958 2578 27 24 of
1011 2578 149 32 Wellington.
1207 2580 52 23 The

668 2620 92 16 reasons
779 2611 76 24 which
875 2612 38 23 the
930 2611 84 24 Editor
1033 2612 73 30 gives,
1124 2613 35 23 for
1170 2613 54 24 thus
1235 2618 24 19 at

668 2653 64 22 once,
753 2645 54 24 and*
819 2646 25 23 in
863 2645 39 23 the
923 2649 61 19 most
1002 2646 139 31 unqualified
1155 2654 102 22 manner,

668 2680 146 30 announcing
831 2679 37 24 his
881 2678 93 32 journal
991 2683 24 19 to
1024 2679 28 24 be
1096 2687 12 16 a
1122 2680 137 32 Company's

668 2721 70 24 paper
772 2721 39 15 are
821 2713 101 23 various.
967 2712 39 24 He
1026 2717 112 20 contrasts
1151 2713 37 24 the
1202 2721 55 17 con-

668 2747 55 23 duct
732 2746 25 23 of
770 2747 41 23 the
823 2746 121 32 Company
963 2745 46 24 and
1028 2746 165 30 Government,
1213 2748 46 23 and

668 2780 29 23 he
711 2780 120 23 concludes
839 2778 159 33 with'making
1008 2787 29 16 an
1046 2781 111 23 assertion
1169 2785 24 19 at
1205 2788 56 17 once

669 2813 87 32 painful
767 2813 47 24 and
823 2813 140 31 humilating
974 2814 24 23 in
1013 2813 40 24 the
1069 2818 108 21 extreme.
1191 2828 4 4 -
1221 2814 40 25 He

671 2847 94 31 charges
777 2846 39 24 the
827 2847 159 23 Government
996 2846 61 24 inter
1064 2847 49 23 alia
1125 2848 52 23 with
1189 2847 73 33 doing

696 2881 63 23 their
772 2884 71 20 worst
864 2884 24 19 to
909 2880 91 31 destroy
1019 2881 38 23 the
1075 2881 95 31 validity
1181 2881 24 24 of
1221 2882 40 24 the

670 2914 62 24 titles
742 2921 61 24 upon
814 2913 76 24 which
901 2913 40 24 the
953 2914 90 23 settlers
1056 2914 66 24 claim
1130 2915 131 31 possession

671 2948 25 23 of
707 2947 61 26 .their
785 2947 64 29 land,
868 2946 46 25 and
930 2952 42 19 not
991 2948 25 23 in
1034 2955 29 16 an
1074 2955 63 24 .open
1156 2956 104 22 manner,

671 2979 85 33 (which
775 2980 40 24 the
840 2988 78 23 power
936 2979 24 25 of
976 2988 15 16 a
1009 2980 156 25 Government
1186 2982 76 24 would

671 3015 79 23 enable
768 3015 19 24 it
801 3018 23 20 to
848 3013 50 33 do,)
917 3014 50 27 but,
996 3014 32 31 by
1052 3015 96 32 stirring
1169 3023 31 25 up
1221 3016 41 24 the

664 3048 82 24 -native
770 3048 130 32 opposition
919 3051 22 20 to
962 3047 38 24 the
1017 3049 132 30 occupation
1172 3049 26 24 of
1223 3049 39 25 the

670 3081 54 24 land
734 3082 31 30 by
775 3082 40 23 the
836 3081 145 31 Company's'
1150 3082 112 33 This-ap-

661 3109 2 11 :
670 3122 67 25 pears
749 3119 22 19 to
782 3122 39 22 us,
828 3122 20 16 .a
856 3122 57 23 very
923 3115 89 23 serious
1024 3114 91 32 charge,
1134 3123 25 16 as
1170 3115 93 34 leading

670 3149 22 24 if
706 3148 139 25 established
858 3155 25 17 as
903 3155 15 16 a
928 3148 55 29 fact,
1003 3147 46 24 and
1064 3149 20 23 if
1099 3149 111 31 persisted
1228 3150 33 29 in,

671 3187 26 19 to
709 3190 14 16 a
734 3186 57 20 state
804 3182 25 24 of
845 3182 78 31 things
941 3182 24 23 in
982 3182 58 24 New
1058 3182 109 29 Zealand,
1186 3183 76 25 which

672 3224 30 16 no
720 3223 50 22 one,
788 3215 55 24 who
866 3215 63 24 loves
944 3215 85 32 justice
1052 3215 46 24 and
1114 3220 92 28 mercy,'
1220 3225 43 17 can

671 3249 152 32 contemplate
835 3249 95 24 without
942 3257 14 15 a
965 3256 68 17 sense
1044 3249 26 23 of
1078 3248 94 26 liorror.'

706 3282 59 25 Our'
774 3278 180 36 contemporary'
965 3282 43 24 has
1024 3287 40 19 not
1084 3290 27 16 so
1130 3282 35 25 far
1184 3291 26 16 as
1228 3291 35 17 we

671 3317 82 29 know,'
772 3324 44 23 any
840 3320 115 28 opponent
976 3316 25 24 in
1026 3316 40 24 the
1087 3316 130 25 settlement
1238 3318 27 24 of

671 3350 98 29 Nelson,
774 3350 78 23 whose
857 3351 108 22 interests
971 3349 45 24 and
1021 3350 69 23 views
1097 3357 39 16 are
1140 3356 23 18 to
1168 3356 96 27 support

672 3392 15 16 a
699 3383 158 24 Government
864 3383 82 23 -whose
958 3383 73 23 entire
1041 3382 44 24 and
1097 3383 98 25 uniform
1208 3392 55 16 con-

673 3417 62 29 duct,
742 3416 46 24 ,has
797 3420 62 20 most
868 3416 191 32 unquestionably
1070 3424 55 17 neen
1134 3422 22 19 to
1165 3418 98 30 neglect

671 3451 22 23 if
708 3455 41 19 not
760 3455 21 19 to
791 3450 73 24 .crush
887 3449 40 24 the
938 3449 65 24 -first
1010 3454 66 27 great
1087 3450 78 24 efforts
1181 3442 28 32 ol
1225 3450 38 26 the

673 3484 57 24 New
742 3483 102 25 Zealand
857 3483 127 31 Company,
992 3484 29 22 -in
1029 3483 63 24 -their
1100 3484 54 24 first
1165 3484 98 25 endeav-
1270 3490 2 26 ]

673 3525 54 17 ours
744 3523 23 19 to
777 3517 114 25 Colonize
903 3517 58 23 New
976 3516 110 25 Zealand.
1122 3517 25 25 It
1151 3524 74 18 -must
1235 3519 29 24 be

673 3551 92 24 evident
783 3556 26 19 to
820 3558 69 24 every
897 3557 47 17 one
956 3550 49 24 that
1014 3550 41 24 the
1066 3558 63 16 mere
1140 3552 90 30 neglect
1236 3552 32 24 ,of

673 3583 39 25 the
725 3584 165 29 Government,
902 3587 63 21 must
976 3583 130 32 eventually
1112 3585 101 31 paralize
1220 3585 44 25 -the

674 3618 78 24 efforts
763 3618 25 24 of
799 3625 46 24 any
852 3618 148 30 -community
1010 3625 26 16 or
1047 3622 36 19 set
1094 3618 27 23 of
1128 3625 60 23 men,

674 3658 53 17 ever
749 3651 114 32 energetic
875 3651 59 25 fheir
946 3650 78 26 efforts
1034 3658 55 24 may
1098 3651 39 25 he.
1149 3677 4 3 .
1162 3651 54 29 .We
1233 3653 31 24 all

674 3684 67 24 know
755 3684 37 25 the
803 3684 68 25 effect
883 3684 25 24 of
920 3684 40 25 the
996 3684 45 32 dog
1051 3684 24 24 in
1087 3684 38 25 the
1137 3693 94 24 manger

673 3722 96 19 matters
778 3726 39 16 are
836 3717 101 32 speedily
949 3717 101 32 brought
1063 3723 22 19 to
1097 3726 30 16 an
1137 3719 70 30 issue,
1219 3719 46 25 and

674 3749 39 25 the
723 3756 84 19 master
822 3750 55 25 does
888 3756 42 19 not
946 3752 35 23 for
993 3759 14 16 a
1019 3757 103 18 moment
1132 3752 96 25 hesitate
1240 3754 24 23 in

674 3783 127 32 displacing
817 3784 45 24 -the
884 3785 152 23 -carnivorous
1056 3785 45 24 and
1123 3787 141 30 pugnacious

673 3817 155 31 quadrupede,
847 3817 112 31 provided
976 3818 38 24 the
1033 3818 74 30 other,
1127 3818 50 25 that
1195 3820 21 23 is
1226 3820 39 24 the

674 3851 76 28 horse,
768 3851 26 27 is.
801 3849 36 25 his
849 3855 116 26 property.
983 3851 4 5 '
1002 3851 24 25 A
1033 3851 62 25 local
1108 3852 158 25 Government

673 3883 80 33 placed
764 3884 23 23 in
797 3883 58 24 such
866 3891 14 15 a
891 3884 100 31 position
1003 3884 49 25 that
1064 3884 200 27 the-communica-

674 3917 56 28 tion,
738 3916 152 31 occasionally
896 3916 99 33 produce
1004 3926 13 16 a
1024 3926 44 24 gap
1076 3919 23 23 in
1108 3919 38 23 the
1153 3927 80 17 course
1241 3921 27 26 of

673 3951 140 24 intercourse
834 3950 102 24 between
946 3951 28 29 it,
986 3951 47 24 and
1044 3952 38 25 the
1092 3957 66 26 great
1170 3952 61 32 body
1240 3953 28 24 of

673 3983 40 27 the
731 3984 91 26 settlers
833 3982 50 26 in,
883 3982 50 26 New
942 3983 111 32 Zealand,
1071 3984 89 33 during-
1165 3985 75 25 which

1931 1645 29 25 In
1976 1649 72 20 terms
2072 1645 24 23 of
2112 1652 29 16 an
2159 1645 175 23 advertisement
2350 1645 75 23 .which
2442 1653 40 24 ap-

1892 1678 87 33 peared
1989 1680 25 22 in
2026 1678 39 24 the
2077 1677 102 24 Colonist
2190 1678 26 23 of
2227 1678 114 31 Tuesday,
2355 1686 14 15 a
2385 1680 99 30 meeting

1891 1713 30 23 >of
1930 1712 38 24 the
1979 1712 140 24 inhabitants
2140 1711 55 24 took
2208 1711 68 31 place
2287 1712 24 23 in
2329 1711 39 25 the
2380 1713 103 31 evening,

1891 1747 27 23 in
1932 1746 38 23 the
1980 1742 215 33 Excbjange-room,
2207 1745 36 24 Te
2255 1745 57 25 Am.

1931 1946 54 25 Mr.
2015 1946 94 23 Whitb
2127 1945 52 24 said
2196 1944 30 25 he
2248 1945 39 24 did
2308 1949 43 20 not
2374 1945 69 24 know
2462 1945 22 24 if

1895 1988 46 23 any
1952 1979 130 32 gentleman
2093 1979 24 22 in
2129 1979 37 23 the
2178 1986 64 16 room
2251 1986 52 16 was?
2308 1978 111 31 prefaced
2431 1979 58 24 with,

1895 2021 13 16 a
1924 2012 107 32 proposal
2042 2018 26 17 or
2080 2010 93 25 address
2185 2015 23 20 to
2226 2011 39 31 lay
2272 2011 80 24 .before
2365 2011 39 23 the
2415 2015 71 20 meet-

1895 2047 50 29 ing.

1929 1779 49 25 Mr.
1992 1779 126 28 Murphy,
2129 1778 86 31 having
2225 1779 58 23 been
2295 1778 68 24 voted
2384 1779 49 23 into
2445 1777 39 25 the

1895 1812 71 30 chair,
1979 1811 123 25 addressed
2119 1811 39 24 the
2174 1812 108 31 meeting,
2298 1811 88 31 shortly
2400 1812 85 30 stating

1894 1847 31 23 its
1938 1846 75 32 object
2024 1853 46 16 was
2082 1849 24 19 to
2114 1850 51 18 vote
2172 1853 14 15 a
2193 1845 184 31 congratulatory
2385 1845 99 29 address,

1895 1885 23 18 to
1930 1880 28 23 be
1967 1879 126 34 presented
2099 1883 27 20 .to
2138 1879 38 23 the
2186 1878 90 32 Bishop
2284 1879 24 23 of
2315 1878 59 24 New
2386 1879 101 23 Zealand
2493 1877 8 6 '

1896 1921 29 15 on
1938 1913 36 23 his
1984 1912 92 24 arrival.

1930 2079 50 24 Dr.
1999 2078 92 24 Evans
2103 2077 119 31 requested
2237 2077 38 24 the
2292 2077 115 24 chairman
2419 2078 67 30 again

1897 2117 22 19 to
1931 2112 55 24 read
1998 2112 39 23 the
2048 2112 142 30 requisition,
2199 2111 57 23 after
2268 2110 73 24 which
2349 2110 39 24 the
2395 2111 91 24 learned

1896 2146 47 24 Dr.
1962 2153 50 16 rose
2033 2145 44 24 and
2095 2144 72 32 spoke
2183 2144 80 32 nearly
2275 2148 21 19 to
2315 2144 37 23 the
2373 2144 114 32 following

1898 2179 74 25 effect.
1974 2192 33 4 —
2010 2178 39 24 He
2073 2177 108 25 observed
2203 2178 58 28 that,
2280 2178 25 23 in
2320 2182 73 20 .terms
2410 2178 25 23 of
2449 2178 37 24 the

1896 2213 145 31 requisition,
2064 2211 130 31 gentlemen
2209 2211 127 31 belonging
2354 2216 24 18 to
2398 2213 89 23 various

1898 2252 61 18 sects
1976 2246 46 24 had
2039 2246 59 23 been
2116 2244 120 32 requested
2253 2249 24 19 to
2294 2244 86 29 attend,
2397 2245 44 24 and
2459 2246 27 23 he

1898 2279 165 32 consequently
2080 2279 99 31 rejoiced
2191 2277 55 24 -that
2261 2278 41 23 the
2324 2278 101 32 meeting
2442 2286 45 17 was

1898 2318 41 20 not
1961 2322 14 15 a
1999 2317 69 28 {tarty
2091 2319 50 22 one,
2163 2312 43 24 but
2233 2312 25 23 cf
2281 2312 39 23 the
2348 2312 139 25 inhabitants

1898 2346 125 33 generally.
2060 2345 52 24 The
2124 2345 74 33 object
2209 2345 26 24 of
2244 2345 39 24 the
2294 2345 103 31 meeting
2407 2353 46 17 was
2460 2351 27 19 to

1898 2385 52 19 vote
1965 2388 29 16 an
2005 2380 94 24 address
2111 2383 23 19 to
2146 2387 14 15 a
2175 2379 132 31 gentleman
2324 2378 125 33 belonging
2465 2385 22 19 to

1894 2414 44 24 .the
1950 2413 165 33 Episcopalian
2127 2412 101 29 Church,
2240 2413 42 23 but
2298 2412 29 23 he
2339 2411 42 24 felt
2392 2414 94 23 assured

1898 2447 52 25 that
1967 2447 46 24 had
2031 2447 19 23 it
2068 2446 58 24 been
2138 2451 23 19 to
2174 2453 65 24 carry
2251 2454 25 15 or
2283 2445 100 24 forward
2395 2454 13 16 a
2423 2451 66 28 party

1898 2489 113 21 measure,-
2024 2480 49 24 Mr.
2087 2479 103 33 Murphy
2201 2479 76 24 would
2293 2483 40 20 not
2345 2479 25 23 of
2381 2481 108 31 occupied

1899 2515 39 23 the
1962 2515 63 23 chair
2041 2520 37 17 <on
2099 2514 47 22 this
2169 2514 113 23 occasion.
2319 2512 50 24 The
2393 2514 96 31 speaker

1899 2547 174 33 congratulated
2117 2547 40 23 the
2200 2547 101 31 meeting
2350 2546 50 25 that
2451 2547 38 24 the

1899 2581 147 32 Legislature
2069 2580 47 24 had
2134 2580 51 24 4aid
2213 2580 66 23 down
2304 2580 95 31 general
2425 2582 64 30 prin-

1899 2615 72 31 ciples
1992 2614 37 24 for
2051 2613 40 24 the
2123 2613 130 31 regulation
2275 2613 26 23 of
2327 2613 163 26 ecclesiastical

1899 2648 78 24 affairs
2018 2648 27 23 in
2080 2646 58 24 New
2182 2646 110 28 Zealand,
2333 2646 76 24 where
2450 2647 40 24 the

1899 2681 101 31 equality
2023 2680 26 23 of
2066 2679 37 24 -all
2128 2683 60 20 sects
2216 2687 26 16 or
2262 2679 184 25 denominations
2468 2681 25 24 of

1899 2715 110 31 religious
2019 2713 133 33 principles,
2164 2720 59 16 were
2239 2712 67 33 equal
2317 2712 26 24 in
2357 2713 41 23 the
2414 2721 42 24 eye
2467 2714 27 24 of

1900 2748 39 24 the
1957 2748 51 24 law.
2052 2747 70 25 Some
2139 2746 76 24 would
2230 2747 59 23 have
2303 2745 120 33 .preferred
2441 2748 62 23 that,

1901 2782 38 24 the
1952 2781 121 30 voluntary
2085 2785 86 26 system
2182 2780 25 24 in
2218 2774 87 30 church*
2320 2778 78 25 affairs
2409 2780 84 25 should

1901 2815 58 24 have
1970 2815 59 24 been
2039 2813 107 33 adopted,
2157 2814 43 23 but
2211 2813 110 32 although
2336 2813 47 24 this
2395 2813 46 25 had
2452 2818 40 21 not

1901 2849 60 24 been
1971 2847 113 34 precisely
2095 2847 111 30 followed,
2219 2848 19 23 it
2248 2855 48 16 was
2315 2848 117 24 fortunate
2442 2846 50 26 tha*t

1901 2891 14 16 a
1932 2882 134 32 gentleman
2085 2881 26 24 of
2134 2881 57 24 such
2208 2881 191 31 unquestionable
2420 2881 71 24 worth

1901 2916 47 24 had
1958 2916 59 24 been
2028 2914 123 33 appointed
2162 2919 24 19 to
2197 2915 40 24 the
2250 2914 56 31 high
2319 2916 66 23 office
2397 2915 26 24 of
2435 2923 54 24 pre-

1902 2949 77 32 siding
1997 2957 55 16 over
2066 2948 42 24 the
2125 2948 113 25 followers
2253 2948 26 24 of
2300 2949 38 24 the
2357 2948 94 25 Church
2469 2948 26 24 of

1906 2983 115 31 England,
2040 2982 101 24 resident
2160 2983 26 23 in
2212 2982 59 24 New
2289 2982 109 24 Zealand.
2440 2982 51 24 The

1901 3016 151 29 inhabitants,
2070 3015 31 24 he
2121 3015 129 29 remarked,
2270 3015 45 25 had
2338 3016 58 24 done
2416 3015 74 24 them-

1903 3050 75 24 selves
1995 3050 40 24 the
2057 3049 93 31 highest
2168 3049 71 23 credit
2256 3049 33 32 by
2300 3049 38 25 the
2357 3049 96 25 inantfer
2467 3049 26 23 in

1901 3083 77 24 which
1989 3083 55 31 they
2052 3082 49 24 had
2111 3082 102 24 received
2225 3082 40 24 the
2278 3082 105 25 Catholic
2395 3082 94 32 Bishop,

1903 3125 30 15 on
1945 3125 15 16 a
1969 3117 47 23 late
2028 3117 56 23 visit
2092 3120 25 20 to
2128 3115 152 32 Wellington,
2303 3116 45 25 and
2364 3116 30 24 he
2404 3115 88 25 trusted
2504 3127 4 7 <

1902 3151 51 24 that
1964 3150 65 25 those
2041 3149 137 33 distressing
2187 3150 105 31 disputes
2303 3149 124 25 connected
2438 3149 54 24 with,

1902 3185 39 23 the
1953 3183 107 25 different
2066 3183 110 32 .opinions
2195 3183 26 24 of
2235 3191 54 17 men
2306 3191 30 16 on
2354 3182 38 24 the
2404 3182 89 32 subject

1903 3218 26 23 of
1943 3218 106 31 religion,
2061 3216 75 25 would
2148 3221 40 20 not
2198 3216 88 25 disturb
2298 3216 38 24 the
2348 3216 111 32 harmony
2470 3216 33 25 of'

1903 3251 46 24 this
1962 3251 87 32 night's
2066 3250 158 32 proceedings,
2268 3249 40 25 He
2327 3249 41 24 felt
2385 3248 52 24 that
2454 3249 39 25 the

1902 3284 143 25 inhabitants
2057 3284 26 25 of
2092 3283 141 31 Wellington
2244 3282 73 25 would
2327 3289 70 17 never
2408 3282 86 25 submit
2507 3283 5 4 '

1903 3322 22 20 to
1938 3326 31 16 an
1981 3318 116 24 exclusive
2109 3317 84 24 church
2211 3316 182 29 establishment,
2409 3317 46 23 and
2466 3317 28 24 he

1903 3352 45 24 had
1960 3359 30 16 no
2010 3352 72 23 doubt
2102 3350 56 29 that,
2178 3349 80 24 should
2270 3349 38 24 the
2325 3349 72 24 heads
2415 3350 27 24 of
2455 3350 38 24 the

1905 3385 101 29 Church,
2013 3392 26 16 or
2046 3385 39 23 the
2098 3383 162 28 Government,
2273 3390 53 16 ever
2337 3382 89 26 deviate
2436 3384 58 24 from

1904 3419 38 24 the
1951 3418 72 25 broad
2033 3416 82 25 liberal
2121 3415 121 33 principles
2253 3416 75 24 which
2338 3416 46 25 had
2395 3416 99 26 hitherto

1903 3452 119 31 regulated
2035 3451 61 24 their
2108 3449 102 30 conduct,
2223 3456 30 16 on
2264 3449 109 32 religious
2386 3450 107 33 subjects,
2510 3455 3 3 '

1903 3486 51 23 that
1976 3493 45 23 any
2044 3484 88 30 change
2154 3490 25 16 or
2201 3483 116 24 deviation
2338 3484 76 24 would
2436 3489 59 20 meet

1904 3519 56 24 with
1967 3527 15 15 a
1990 3523 80 26 strong
2082 3516 45 24 and
2136 3515 94 25 decided
2238 3517 148 32 opposition.'',
2413 3517 80 25 Under
2509 3536 4 13 ,

1903 3552 66 24 these
1997 3552 185 26 circumstances,
2210 3549 30 24 he
2269 3550 97 30 trusted,
2391 3551 51 24 that
2462 3551 31 25 all

1902 3585 86 33 parties
2000 3583 75 25 would
2095 3582 104 24 combine
2209 3583 26 23 in
2249 3583 135 33 welcoming
2395 3592 36 16 so.
2439 3584 55 33 high.
2512 3598 1 5 •

1903 3618 45 25 and
1958 3616 120 34 respected
2084 3624 19 15 -a
2115 3616 114 32 dignitary
2240 3617 26 24 of
2275 3617 39 25 the
2325 3617 95 26 church.
2439 3622 3 5 '
2455 3618 39 25 He

1903 3652 45 24 had
1960 3651 53 32 paid
2024 3658 28 16 us
2060 3657 18 17 .a
2082 3647 59 27 Visit
2149 3650 76 24 whilst
2233 3656 40 27 yet
2280 3651 96 32 entirely
2386 3652 105 24 undeter-

1894 3705 1 2 .
1903 3684 78 26 mined
1990 3692 25 16 as
2025 3689 22 19 to
2058 3683 36 24 his
2103 3683 76 24 future
2186 3681 72 34 place'
2263 3684 155 25 ofresidence.
2454 3684 39 25 He

1903 3718 52 32 (the
1968 3715 99 34 Bishop)
2085 3716 47 24 had
2153 3725 64 16 come
2236 3722 22 20 to
2275 3718 56 24 hear
2348 3718 46 24 and
2410 3719 83 23 seeior

1903 3750 101 26 himself.
2050 3750 40 24 He
2112 3750 87 25 trusted
2207 3750 50 25 that
2268 3751 141 31 Wellington
2422 3751 72 32 might

1903 3786 28 23 be
1943 3783 99 26 selected
2054 3791 26 16 as
2091 3783 38 24 his
2136 3784 76 24 future
2224 3784 55 25 field
2289 3784 35 25 for
2343 3785 94 29 labour,,
2450 3784 45 25 and

1903 3819 55 24 thus
1969 3818 24 23 in
2005 3825 63 16 some
2080 3825 105 16 measure
2197 3822 146 28 compensate
2353 3818 37 24 for
2400 3818 39 24 the
2447 3818 47 24 loss

1904 3852 25 25 of
1944 3851 40 25 the
1999 3850 120 24 residence
2137 3851 25 23 of
2177 3850 38 25 the
2225 3852 181 31 representation
2416 3851 26 24 of
2456 3851 37 24 the

1905 3884 79 25 Home
1995 3884 166 30 Government,
2179 3884 51 24 who
2247 3884 32 25 all
2299 3884 75 25 would
2390 3883 106 26 recollect

1903 3919 46 24 had
1959 3917 107 25 followed
2083 3925 15 16 a
2114 3924 55 25 very
2186 3917 105 25 different
2309 3926 88 17 course.
2444 3917 50 25 The

1903 3951 95 26 learned
2014 3951 91 24 Doctor
2124 3951 57 24 then
2193 3951 127 33 proceeded
2338 3956 24 21 to
2383 3951 57 26 read
2455 3950 41 27 th«

1903 3985 118 27 fallowing
2031 3984 146 28 addrwfi—
2341 3992 10 20 /

1322 2868 174 25 Markets.—
1497 2867 75 25 Trade
1585 2875 46 16 was
1643 2868 133 32 improving,
1785 2876 15 16 a
1808 2869 65 24 small

1288 2903 147 31 importation
1446 2902 25 24 of
1486 2901 89 25 British
1586 2901 72 32 goods
1675 2909 45 17 was
1738 2903 135 31 anticipated

1287 2936 70 29 from.
1363 2943 13 16 a
1394 2936 46 23 rise
1455 2936 25 23 in
1499 2936 38 23 the
1554 2935 91 24 United
1662 2935 125 33 Kingdom,
1804 2936 22 24 in
1842 2936 32 25 all

1288 2969 76 28 useful
1375 2969 44 23 and
1438 2969 147 24 consumable
1602 2968 96 25 articles.
1734 2969 85 25 Wheat
1828 2971 45 23 and

1288 3003 58 24 flour
1357 3002 118 25 remained
1485 3002 96 25 without
1592 3002 116 25 alteration
1718 3011 7 21 ;
1736 3002 137 33 Valparaiso

1289 3044 108 23 averages
1407 3038 40 22 .6s.
1456 3044 45 24 jper
1511 3036 90 29 bushel,
1615 3036 88 24 Chilian
1717 3037 62 23 flour
1791 3037 49 24 sold
1850 3042 24 19 at

1289 3070 54 25 £15
1355 3077 41 25 per
1407 3073 54 26 ton;
1481 3070 65 23 Pork
1558 3067 106 35 .{lrish',),
1671 3071 33 24 £s
1724 3077 41 25 per
1783 3070 88 30 barrel;

1290 3103 81 32 Sugar.
1377 3101 133 34 (Manilla,)
1520 3104 55 24 £23
1596 3105 51 24 17s.
1655 3103 41 25 -6d:
1730 3103 32 25 In
1781 3103 91 32 Spirits,

1290 3136 38 25 the
1339 3136 59 25 sales
1410 3136 46 24 had
1465 3137 59 24 been
1534 3144 133 17 numerous.

1323 3178 129 23 Shipping
1480 3176 202 25 Iktelikjence.
1694 3190 35 4 —
1738 3177 52 24 The
1823 3178 52 31 brig

1289 3209 66 27 Julia
1365 3211 36 23 for
1412 3211 51 30 Bay
1475 3211 33 28 of.
1516 3210 93 24 Islands
1620 3211 45 23 and
1675 3211 132 25 Auckland.

1289 3241 5 4 '
1323 3244 53 25 The
1386 3244 130 32 brigantine
1525 3244 63 28 Ann,
1602 3246 32 22 62
1654 3248 56 25 tons,
1722 3244 35 24 for
1777 3244 95 25 Nelson.

1292 3274 3 29 !
1323 3277 53 25 The
1385 3278 87 31 barque
1483 3276 60 25 Jane
1557 3277 94 30 Gpudie,
1664 3279 54 28 280,
1732 3277 98 32 Goudie,
1838 3279 37 23 for

1290 3310 54 26 this-
1348 3311 74 32 place.

1292 3366 3 5 ,
1324 3344 52 25 The
1385 3345 86 31 barque
1482 3343 140 32 Brougham,
1636 3345 84 24 arrived
1737 3349 24 20 at
1773 3345 100 31 Sydney,

1290 3376 31 27 ira.
1333 3378 58 25 11th
1401 3378 54 31 July
1463 3387 7 20 ;
1491 3378 40 23 she
1549 3378 73 31 spoke
1642 3378 38 25 the
1696 3377 106 33 Clifford,
1816 3380 58 24 from

1291 3411 96 30 Nelson,
1400 3411 35 24 for
1447 3411 77 25 India.
1539 3415 5 5 '

1294 3449 3 21 \
1323 3445 39 32 By
1384 3445 38 24 the
1443 3444 83 25 arrival
1541 3444 27 25 of
1589 3444 39 25 the
1646 3445 100 30 Success,
1765 3453 35 17 we
1818 3446 56 25 have

1292 3479 92 31 Sydney
1405 3478 45 24 and
1474 3478 65 24 other
1561 3478 110 24 Colonial
1691 3487 91 24 papers,
1802 3488 31 24 up
1836 3478 4 18 ;
1851 3484 23 20 to

1291 3512 55 31 July
1360 3514 38 22 14.
1508 3540 4 5 ,
1550 3540 3 7 r
1577 3534 6 10 ,c;;,
1591 3511 20 15 c;
1613 3512 11 39 ;
1641 3531 35 12 _

1294 3552 5 21 '.
1325 3552 37 31 By
1374 3551 38 24 the
1424 3547 140 28 Bristolian*
1572 3549 122 26 Auckland
1704 3558 87 25 'papers
1800 3557 25 19 to
1836 3552 39 25 the

1292 3585 60 25 20th
1361 3585 25 24 af
1395 3585 61 24 June
1466 3584 90 24 arrived
1567 3583 66 32 frpm.
1636 3601 4 7 l
1638 3584 74 29 which,
1727 3592 34 17 we
1772 3594 40 16 are
1823 3586 54 31 glad_

1292 3623 22 21 to
1325 3619 104 31 perceive
1442 3617 49 24 that
1510 3617 44 24 this
1571 3618 133 32 interesting
1715 3619 129 24 settlement
1854 3620 21 23 is

1291 3651 90 33 rapidly
1393 3651 131 31 increasing
1534 3651 24 23 in
1574 3651 128 32 population
1717 3651 45 24 and
1779 3653 96 31 import-

1292 3693 68 22 ance;
1384 3685 38 24 the
1438 3684 141 33 population,
1599 3684 118 31 according
1727 3689 24 20 tc
1768 3693 15 16 a
1794 3693 80 17 census

1291 3719 71 25 taken
1374 3720 28 23 oh
1414 3718 38 24 the
1464 3720 37 22 Ist
1513 3717 68 30 June,
1592 3717 70 32 being
1675 3719 61 23 1962
1749 3719 70 29 souls,
1831 3719 44 25 and

1292 3753 38 24 the
1341 3753 97 24 number
1450 3750 24 25 of
1489 3750 84 25 houses
1595 3752 56 23 149.
1686 3750 49 25 The
1753 3752 87 32 Bishop
1852 3753 25 23 of

1293 3786 57 25 New
1358 3785 101 25 Zealand
1468 3784 88 25 arrived
1564 3789 23 19 at
1598 3784 121 24 Auckland
1727 3792 28 16 on
1767 3785 39 24 the
1818 3786 56 24 30th

1292 3819 66 32 May,
1379 3819 42 24 and
1435 3827 29 16 on
1475 3818 40 25 the
1527 3818 122 31 -following
1664 3818 40 31 day
1716 3826 29 16 an
1764 3818 109 30 Address,

1292 3853 80 31 signed
1381 3853 29 31 by
1424 3853 64 24 three
1499 3851 104 25 hundred
1645 3851 138 25 affectionate
1803 3860 71 16 mem-

1290 3887 54 24 bers
1361 3886 27 25 of
1402 3886 39 25 the
1461 3886 92 24 Church
1571 3886 26 24 of
1615 3884 113 33 England,
1743 3885 49 24 and
1812 3886 63 23 other

1292 3921 87 23 sincere
1396 3919 159 25 well-wishers
1577 3924 23 20 to
1623 3919 40 24 her

1291 3960 46 17 was
1348 3952 122 32 presented
1487 3956 24 20 to
1522 3952 57 25 him.
1616 3951 47 25 His
1682 3952 112 32 Lordship
1806 3952 70 25 sailed

1292 3994 14 17 a
1315 3986 45 25 few
1370 3985 57 33 days
1435 3985 67 25 .after
1517 3985 38 26 bis
1568 3984 88 26 arrival
1672 3985 40 25 for-
1715 3985 41 26 the
1767 3985 108 32 Thames,

558 52 102 49 ®f>*
682 52 120 44 Wito
826 52 212 43 Zttdanb
1060 52 194 50 UStefttU
1275 54 95 43 mt&
1392 54 299 48 WMltnqtan
1715 51 254 52 gputatcv.

1898 145 160 31 accompanied
2075 145 31 32 fey
2122 146 38 24 the
2177 151 116 26 protector
2304 147 26 24 of
2345 148 136 32 aborigines,

1898 177 24 24 in
1930 177 66 24 order
2005 182 23 19 to
2036 177 65 25 settle
2108 187 63 16 some
2179 180 89 32 dispute
2275 181 54 23 with
2337 181 39 23 the
2383 182 85 25 natives
2475 193 8 15 :

1898 210 52 29 and,
1963 219 30 15 on
2004 210 36 24 his
2049 215 84 26 return,
2145 212 161 33 immediately,
2319 214 73 23 sailed
2397 214 36 24 for
2445 216 38 24 the

1898 243 50 32 Bay
1960 244 26 23 of
1995 243 99 31 Islands,
2107 247 158 29 accompanied
2274 247 31 30 by
2312 247 40 22 the
2363 247 61 24 Rev.
2433 248 49 25 Mr.

1898 277 92 29 Cotton,
2003 277 46 24 and
2059 278 38 23 the
2105 278 60 24 Rev.
2178 278 48 25 Mr.
2236 280 116 29 Kissling,
2364 280 40 23 the
2414 280 70 26 latter

1896 309 85 32 having
1993 310 100 32 recently
2105 311 88 24 arrived
2205 312 58 23 from
2279 312 110 32 England
2400 313 25 23 in
2445 314 38 25 the

1896 342 87 25 Louisa
1997 342 122 32 Campbell.
2154 344 57 24 Two
2223 352 53 23 very
2289 346 92 23 curious
2397 347 88 24 actions

1896 375 45 24 had
1950 377 61 23 heen
2019 376 100 31 brought
2124 378 24 23 in
2155 377 39 24 the
2202 378 111 32 Supreme
2322 378 82 25 Court.
2433 379 49 26 Mr.

1898 408 143 30 Coates,;the
2052 409 88 24 Sheriff
2148 410 45 24 and
2200 410 73 25 Clerk
2284 411 26 23 of
2317 411 40 24 the
2367 411 117 32 Councils,

1896 442 262 31 suM-MrrShortland,
2178 444 38 24 the
2223 441 5 5 '
2237 443 104 25 Colonial
2357 445 127 33 Secretary,

1895 475 38 24 for
1953 476 145 28 defamation,
2119 476 38 24 the
2178 477 68 24 latter
2264 477 86 31 having
2367 477 49 24 told
2433 478 51 24 Go-

1896 515 82 17 vernor
1988 508 99 24 Hobson
2100 509 48 24 that
2154 517 14 16 a
2180 510 48 24 Mr.
2238 509 136 33 Thompson
2385 511 45 23 had
2437 512 45 24 told

1895 541 57 29 him,
1965 541 49 24 that
2025 541 48 25 Mr.
2081 541 88 31 Drake,
2179 543 25 24 of
2214 542 101 32 Sydney,
2324 543 47 24 had
2381 544 49 23 said
2437 544 48 26 that

1896 574 49 24 Mr.
1953 575 84 24 Coates
2042 574 45 24 had
2091 576 120 30 presented
2217 584 14 16 a
2235 577 66 23 letter
2307 577 25 23 of
2335 577 72 24 credit
2418 577 66 26 dated

1895 609 58 22 after
1958 608 42 24 .the
2008 608 53 31 ship
2066 609 19 22 it
2090 616 62 16 came
2159 609 55 23 with
2221 609 45 24 had
2272 609 212 32 leftEnglaud,and

1895 640 116 24 thatabill
2022 641 83 24 cashed
2117 642 23 22 in
2152 642 128 31 Sydney,in
2290 650 156 24 consequence
2458 644 25 24 of

1895 674 50 24 that
1967 674 68 25 letter
2051 675 26 22 of
2099 675 79 29 credit,
2198 675 46 24 had
2254 675 59 24 been
2330 675 153 26 dishonoured

1894 708 66 23 when
1972 708 122 31 presented
2104 708 25 23 in
2140 708 127 31 England.;
2286 708 38 24 the
2339 709 70 31 Jury,
2427 710 57 24 after

1894 741 70 31 being
1985 741 83 24 locked
2086 749 29 23 up
2134 741 32 24 all
2183 741 75 32 night,
2274 749 59 17 were
2350 742 134 32 discharged

1894 774 95 24 without
2001 775 90 30 coming
2099 779 24 19 to
2134 783 14 15 a
2153 774 96 25 verdict.
2283 775 25 24 A
2315 776 87 23 similar
2409 777 75 23 action

1894 815 46 16 was
1949 807 100 31 brought
2059 809 89 30 against
2159 809 48 23 Mr.
2221 809 143 31 Thompson,
2379 809 46 23 and
2444 809 38 24 the

1894 840 58 31 Jury
1974 842 109 22 returned
2103 849 14 15 a
2138 842 87 23 verdict
2246 842 36 23 for
2309 842 38 23 the
2376 842 105 31 plaintiff,

1894 873 108 32 damages
2013 874 64 23 £40.
2120 874 45 24 Dr.
2179 875 26 24 S.
2219 875 37 24 M.
2266 875 33 24 D.
2320 875 97 28 Martin,
2435 875 46 26 for-

1894 906 73 31 merly
1979 906 25 24 of
2019 907 101 32 Sydney,
2134 908 105 23 obtained
2248 916 14 15 a
2270 908 87 23 verdict
2367 908 28 23 of
2402 909 79 30 £541,

1894 941 91 30 against
1996 939 38 24 the
2045 941 139 30 proprietor's
2196 941 25 23 of
2232 941 36 23 the
2279 940 123 24 Auckland
2412 941 70 24 Stan-

1893 974 65 28 dard,
1971 974 36 23 for
2016 973 132 32 dismissing
2166 974 50 23 him
2233 974 58 23 from
2302 974 37 24 the
2349 974 135 33 Editorship

1893 1007 27 23 of
1935 1007 48 23 that
2002 1014 71 24 paper
2096 1007 56 23 after
2171 1007 55 31 they
2247 1007 46 23 had
2316 1007 102 31 engaged
2436 1008 47 25 him

1891 1040 36 24 for
1939 1045 42 18 two
1993 1048 77 23 years.
2105 1040 149 31 Thirty-four
2266 1040 129 24 allotments
2411 1042 25 22 in
2444 1039 39 27 the

1892 1074 79 31 parish
1993 1074 26 23 of
2044 1073 135 24 Waitemate
2209 1082 61 15 were
2294 1074 49 23 sold
2362 1078 26 19 at
2407 1075 75 31 prices

1891 1108 97 30 varying
1997 1108 62 23 from
2071 1108 34 24 £1
2120 1110 36 21 ss.
2171 1111 21 20 to
2202 1108 38 24 £3
2253 1109 36 22 6s.
2302 1115 29 15 an
2353 1115 60 17 acre.
2460 1108 23 24 A

1891 1141 118 28 saw-mill,
2021 1140 73 23 which
2104 1141 88 22 arrived
2203 1141 23 22 in
2239 1141 38 22 the
2294 1139 98 33 Osprey,
2402 1148 46 16 was
2456 1144 26 21 ito

1891 1174 30 23 be
1937 1174 89 23 erected
2047 1179 25 18 at
2089 1173 126 29 Manakau,
2226 1173 95 30 directly
2342 1179 24 18 at
2375 1174 38 23 the
2425 1174 59 24 back

1892 1207 27 23 of
1933 1206 134 24 Auckland.
2110 1206 43 24 .On
2176 1207 38 23 the
2237 1206 81 28 whole,
2336 1206 39 24 the
2392 1207 89 24 inhabi-

1891 1244 63 20 itants
1966 1240 26 23 of
2007 1238 124 25 Auckland
2139 1247 58 16 were
2216 1240 24 23 in
2253 1239 55 31 high
2318 1240 77 31 spirits
2407 1245 25 19 at
2446 1240 37 25 the

1891 1277 108 28 prospect
2014 1272 78 24 before
2103 1272 74 29 ,them,
2187 1273 85 30 having
2281 1273 59 24 little
2351 1273 71 23 doubt
2435 1273 49 25 that

1893 1306 55 31 they
1961 1306 45 24 will
2018 1307 87 23 receive
2116 1313 14 16 a
2141 1306 62 31 large
2214 1306 75 24 influx
2300 1306 26 23 of
2339 1307 143 30 immigrants

1892 1341 25 23 in
1932 1340 39 24 the
1993 1340 89 31 spring,
2101 1339 44 24 and
2162 1339 85 31 having
2262 1347 29 15 no
2306 1339 50 23 fear
2378 1339 50 24 that
2445 1340 37 24 the

1892 1374 96 23 interest
2006 1373 26 24 of
2054 1374 40 23 the
2110 1373 57 24 New
2177 1372 107 25 .'Zealaed
2300 1372 120 32 Company
2437 1374 46 24 will

1892 1407 58 23 have
1962 1407 116 23 sufficient
2092 1407 84 30 weight
2195 1406 54 24 with
2259 1405 42 25 the
2320 1406 162 25 Conservative

1894 1440 159 24 Government
2069 1445 23 18 to
2109 1440 83 23 induce
2212 1440 63 23 them
2296 1443 25 20 to
2343 1438 73 25 direct

1893 1482 82 15 vernor
1985 1473 131 24 Hobsoirto
2125 1480 89 16 remove
2220 1472 45 24 -the
2277 1477 49 19 seat
2336 1472 26 24 of
2378 1473 105 24 Govern-

1892 1511 65 20 ment
1978 1510 24 20 to
2025 1506 87 24 Cook's
2137 1506 92 24 Straits.
2231 1518 34 5 —
2265 1505 90 32 Sydney
2381 1505 100 31 Herald,

1892 1539 60 31 July
1965 1541 40 23 11.

1978 1593 167 25 PUBLIC
2179 1593 215 25 MEETING.

1292 142 74 25 vessel
1386 143 66 24 could
1468 143 44 26 sail
1522 143 52 24 half
1588 142 70 25 round
1674 143 39 25 the
1727 143 68 32 globe
1802 153 6 7 •
1828 152 42 16 can

1292 175 71 25 either
1374 176 57 24 have
1442 177 97 31 notMng
1549 176 110 24 whatever
1674 181 24 19 to
1709 176 29 25 do
1748 177 54 24 with
1813 177 57 24 such

1291 209 139 29 settlement,
1443 218 24 15 or
1478 209 21 25 if
1510 210 19 23 it
1540 209 50 30 hae,
1600 214 59 19 must
1670 214 37 19 act
1724 217 32 17 as,
1762 217 27 17 an
1799 210 70 24 intol-

1290 241 83 25 lerable
1395 242 88 25 burden
1501 250 62 24 upon
1581 241 38 25 the
1638 243 89 31 people.
1771 243 42 24 We
1831 252 38 15 are

1290 275 100 24 satisfied
1402 276 48 23 that
1461 283 30 17 no
1509 276 78 24 efforts
1598 276 42 23 will
1651 276 89 23 sustain
1757 276 37 23 the
1811 277 57 23 emi-

1289 313 67 25 grant
1375 309 72 23 under
1468 309 38 24 the
1525 316 105 25 pressure
1646 309 25 23 of
1690 309 56 23 such
1767 317 12 15 a
1798 309 69 24 dead-

1289 341 89 31 weight,
1392 342 45 23 and
1448 349 32 16 we
1492 342 113 24 therefore
1616 341 50 24 look
1677 347 62 19 most
1750 343 119 30 anxiously

1289 379 22 19 to
1323 374 39 24 the
1370 375 76 23 future
1453 375 148 32 proceedings
1610 375 22 23 in
1640 375 38 24 the
1689 382 101 17 measure
1800 375 69 24 about

1288 412 22 19 to
1322 407 29 24 he
1360 408 57 23 tried
1430 408 23 25 in
1466 408 109 32 applying
1586 408 38 24 the
1635 416 75 17 means
1722 408 26 23 of
1764 408 105 32 enabling

1288 440 38 24 the
1344 440 140 24 inhabitants
1496 441 27 23 of
1539 441 137 31 Wellington
1694 446 23 19 to
1736 446 40 19 tax
1792 441 76 24 them-

1287 473 80 29 selves,
1386 473 36 24 for
1443 474 37 23 the
1495 482 100 23 purpose
1606 475 24 23 of
1643 475 119 30 obtaining
1778 475 59 23 what
1855 483 13 15 a

1287 506 157 24 Government
1454 508 117 31 generally
1583 508 51 24 does
1644 508 35 23 for
1694 516 13 15 a
1713 508 153 31 (Community.

1287 539 42 24 We
1352 544 61 19 must
1433 541 19 22 it
1470 540 74 24 would
1556 548 87 24 appear,
1663 542 36 23 for
1718 541 40 24 the
1776 546 92 27 present

1285 580 85 23 govern
1388 572 124 30 ourselves,
1532 574 45 24 and
1596 574 20 23 if
1630 574 29 24 let
1675 574 73 29 alone,
1768 574 43 24 and
1827 574 40 24 the

1285 605 82 31 capital
1385 606 129 31 belonging,
1527 610 23 20 to
1571 607 38 24 the
1627 608 87 23 settlers
1732 607 93 24 allowed
1844 612 22 19 to

1285 639 85 23 remain
1379 640 25 22 in
1413 639 60 24 their
1481 640 81 29 hands,
1574 647 34 17 we
1618 640 78 24 should
1703 640 59 24 have
1770 649 27 15 no
1805 641 61 23 fears

1285 673 25 22 of
1317 672 38 24 the
1367 672 80 30 result,
1467 673 41 23 but
1518 673 20 23 it
1557 673 20 24 is
1588 673 58 31 plain
1659 674 45 23 this
1715 675 21 22 is
1748 679 38 18 not
1796 674 71 31 going

1283 709 23 20 to
1326 706 26 23 be
1370 706 39 24 the
1427 705 74 24 actual
1519 711 58 18 state
1590 706 25 24 of
1629 706 82 31 things.
1747 706 42 24 We
1807 707 59 24 have

1285 746 49 16 now
1344 746 15 16 a
1370 738 80 32 purely
1462 742 39 20 out
1512 739 46 24 and
1575 744 40 18 out
1623 739 155 24 .Government
1788 748 77 23 paper,

1283 772 75 23 whose
1370 772 61 24 birth
1443 772 105 31 required
1568 772 39 24 the
1624 772 77 24 united
1712 773 76 23 efforts
1800 774 26 22 of
1835 781 30 16 no

1283 805 69 24 fewer
1370 805 54 24 than
1436 805 51 31 fifty
1497 806 105 30 patriots,
1624 805 40 24 and
1676 805 75 24 which
1771 814 95 24 appears

1283 843 24 19 at
1316 843 91 26 present
1414 843 28 20 Jo
1453 839 29 23 be
1492 846 14 17 a
1518 838 94 31 healthy
1619 839 40 23 and
1671 839 107 30 vigorous
1788 839 61 23 child
1856 849 7 20 ;

1282 871 32 32 by
1325 880 30 16 no
1362 880 80 16 means
1452 880 27 16 so
1482 872 156 24 troublesome
1649 880 24 16 as
1683 871 56 25 such
1747 873 119 23 immature

1283 904 46 25 and
1339 904 93 25 aborted
1447 905 146 32 productions
1607 905 113 32 generally
1734 913 46 16 are.
1814 906 52 23 The

1283 938 60 24 child
1355 938 54 24 thu6
1419 939 100 31 brought
1538 939 61 23 forth
1611 939 38 23 has
1661 939 56 24 been
1729 939 81 24 named
1824 939 41 24 'the

1285 970 108 32 Colonist,
1407 972 45 24 and
1462 980 32 16 we
1506 972 68 24 think
1586 980 33 16 we
1629 980 49 23 may
1685 972 79 31 -safely
1774 972 61 24 leave
1847 974 19 22 it

1283 1005 23 23 in
1319 1005 38 24 the
1368 1005 73 24 hands
1453 1006 25 24 of
1487 1005 38 25 the
1537 1005 91 25 settlers
1638 1006 22 23 in
1673 1005 87 24 Cook's
1772 1006 91 30 Straits,

1283 1038 101 24 whether
1400 1047 13 15 a
1421 1038 137 32 production
1565 1040 131 30 .emanating
1707 1039 63 24 from-
1778 1039 55 24 such
1851 1048 14 15 a

1283 1079 87 22 source,
1382 1072 42 24 has
1432 1072 39 24 the
1481 1072 105 31 slightest
1593 1072 132 32 probability
1733 1072 26 24 of
1768 1072 95 24 advanc-

1283 1106 40 30 ing
1335 1105 59 24 their
1405 1106 115 23 interests.

1318 1138 28 24 In
1359 1138 145 31 announcing
1515 1138 39 24 the
1565 1146 51 16 now
1628 1139 124 23 immediate
1764 1135 99 35 applica-

1283 1172 49 23 tion
1339 1171 25 24 of
1373 1179 13 16 a
1393 1171 73 24 Local
1474 1171 234 24 selftGovernmentin
1716 1171 147 32 Wellington,

1283 1212 34 16 we
1329 1213 38 15 are
1378 1205 111 23 informed
1499 1205 33 31 by
1544 1212 40 16 our
1597 1210 175 26 contemporary,

1283 1246 62 16 some
1359 1247 53 22 may
1423 1238 100 31 imagine
1541 1238 50 23 that
1602 1246 42 24 any
1654 1238 112 24 obstacles
1778 1242 20 20 to
1810 1246 54 24 pro-

1282 1280 74 22 gress,
1375 1272 56 24 have
1444 1271 57 24 been
1516 1271 131 25 occasioned
1665 1271 73 31 solely
1750 1279 25 16 or
1786 1271 78 32 chiefly

1282 1305 30 32 by
1333 1306 38 23 the
1390 1310 48 18 acts
1450 1313 26 16 or
1493 1304 101 32 defaults
1614 1305 24 24 of
1653 1304 38 25 the
1710 1304 155 25 Government

1283 1346 54 17 AND
1369 1346 104 18 .OTHERS
1506 1346 31 16 AS
1572 1346 23 16 IS
1624 1346 47 16 THE
1706 1346 61 16 CASE
1796 1346 69 16 WITH

1283 1373 151 29 ourselves)
1456 1380 52 24 may
1531 1372 103 25 consider
1656 1371 47 24 that
1725 1372 39 23 the
1781 1372 84 24 iailnre

1283 1407 27 23 of
1332 1407 38 23 the
1395 1406 116 32 Company
1536 1411 22 18 to
1587 1405 58 25 fulfil
1671 1405 40 24 the
1733 1405 132 25 reasonable

1282 1441 155 30 expectations
1467 1440 25 23 of
1516 1439 66 24 those
1614 1439 47 24 who
1697 1438 57 24 have
1779 1438 86 25 -settled

1282 1480 62 24 upon
1357 1473 60 23 their
1427 1473 133 28 territories,
1570 1473 20 23 is
1600 1471 38 25 the
1647 1472 60 24 chief
1713 1480 67 16 cause
1788 1472 24 24 of
1820 1480 45 23 any

1282 1506 130 24 difficulties
1430 1506 73 24 under
1522 1506 75 23 which
1614 1505 35 24 the
1664 1505 130 24 settlement
1811 1513 54 23 may

1283 1547 49 16 now
1480 1539 30 24 In
1520 1539 39 24 the
1567 1539 150 32 approaching
1726 1539 93 24 election
1829 1539 36 24 for

1282 1573 75 31 filling
1379 1574 38 23 the
1439 1573 125 31 important
1584 1572 63 25 office
1668 1572 26 24 of
1723 1572 142 24 Councillors

1282 1605 36 25 for
1330 1607 38 23 the
1379 1607 98 30 ensuing
1494 1614 63 23 year,
1577 1613 34 17 we
1622 1613 36 17 are
1675 1605 120 25 cautioned
1804 1614 26 15 as
1837 1611 28 18 .to

1283 1639 39 24 the
1332 1647 96 24 persons
1439 1639 107 29 selected,
1558 1639 46 24 and
1607 1647 30 16 .as
1649 1639 35 24 the
1696 1639 80 24 author
1785 1639 22 23 of
1812 1639 54 24 .that

1283 1673 79 25 article
1377 1673 43 23 has
1438 1673 105 25 declared
1555 1678 29 23 at,
1605 1681 25 15 as
1646 1672 34 24 his
1700 1673 100 31 opinion.,
1812 1673 54 23 .that

1283 1714 68 23 every
1362 1714 86 16 source.
1451 1706 25 24 of
1486 1706 129 32 complaint,
1628 1713 52 17 even
1692 1706 50 23 that
1750 1706 24 24 of
1783 1706 83 31 having

1283 1740 60 24 been
1365 1740 38 24 the
1419 1739 138 25 .Colonizers
1571 1739 31 24 .of
1621 1739 54 24 New
1698 1739 107 29 Zealand,
1828 1747 38 16 are

1283 1773 72 31 solely
1367 1773 45 24 anfl
1424 1772 139 32 exclusively
1574 1772 141 25 attributable
1725 1778 23 18 to
1759 1772 39 25 the
1808 1772 58 24 New

1284 1807 103 24 Zealand
1400 1807 126 31 Company,
1544 1807 37 23 his
1598 1807 40 23 list
1653 1808 24 22 of
1691 1814 95 23 persons
1802 1806 64 24 fitted

1283 1845 23 19 to
1315 1841 28 24 be
1351 1840 149 29 Councillors,
1508 1840 47 23 will
1565 1840 83 31 clearly
1654 1839 26 24 be
1692 1840 60 23 from
1763 1844 103 27 amongst

1283 1874 40 24 the
1352 1873 64 32 Fifty
1445 1874 117 24 Patriots!
1609 1872 111 33 Amongst
1745 1873 44 23 ;the
1815 1874 52 22 first

1283 1908 60 24 Acts
1364 1908 25 23 of
1413 1907 39 24 the
1482 1907 104 28 Council,
1610 1906 45 25 will
1674 1906 29 24 be
1725 1906 39 25 the
1788 1906 80 32 taking

1283 1948 117 17 measures
1418 1945 22 19 to
1453 1941 66 23 effect
1537 1940 39 24 the
1598 1941 122 23 correction
1736 1940 26 24 of
1779 1941 87 23 various

1282 1974 61 24 local
1354 1982 79 16 causes
1445 1975 26 23 of
1485 1981 139 23 annoyance.
1664 1973 67 31 They
1748 1973 47 24 will
1810 1973 57 24 have

1284 2008 39 24 the
1334 2015 75 23 power
1428 2012 22 18 to
1472 2007 58 23 raise
1544 2006 70 24 funds
1632 2007 29 31 by
1677 2007 71 23 direct
1765 2007 101 23 taxation

1284 2049 30 15 on
1332 2040 38 24 the
1388 2040 91 32 people,
1502 2040 46 23 and
1564 2039 20 24 if
1600 2040 38 23 the
1658 2039 104 31 majority
1784 2039 24 24 of
1828 2039 39 24 the

1283 2074 76 24 future
1372 2073 98 24 Council
1480 2080 38 16 are
1531 2072 99 24 selected
1640 2073 55 23 from
1707 2077 104 26 amongst
1829 2073 38 23 the

1284 2110 33 21 50
1329 2108 103 30 patriots,
1444 2113 34 17 we
1496 2106 46 23 will
1543 2118 34 5 —
1577 2106 80 32 taking
1674 2114 14 15 a
1696 2105 2 4 '
1705 2110 125 27 retrospect
1840 2107 30 24 ,of

1283 2141 40 23 the
1334 2140 148 31 proceedings
1494 2139 25 24 of
1534 2139 39 24 the
1583 2139 73 25 .Local
1672 2139 156 24 Government
1840 2141 30 23 .of

1283 2174 40 24 the
1334 2178 103 26 country,
1454 2181 56 16 soon
1526 2173 58 29 find,
1603 2173 50 24 that
1670 2173 58 24 Port
1743 2173 125 24 Nicholson

1283 2208 47 23 will
1341 2208 92 23 become
1442 2206 39 24 the
1492 2207 62 23 mine
1563 2207 59 23 from
1631 2206 126 24 which-that
1764 2206 104 24 Govern-

1283 2246 64 19 ment
1369 2248 109 24 proposes
1498 2245 22 18 to
1543 2239 61 24 draw
1627 2240 39 24 her
1684 2240 90 24 wealth.
1825 2240 43 25 We

1284 2279 82 19 cannot
1377 2273 54 32 help
1441 2274 98 31 viewing
1548 2273 38 24 the
1602 2275 33 23 50
1647 2275 91 31 patriots
1754 2282 26 15 as
1799 2282 12 16 a
1835 2279 35 19 set

1285 2308 25 24 of
1325 2309 92 28 miners,
1431 2308 44 23 and
1486 2307 38 24 the
1535 2308 62 23 lever
1609 2307 52 32 they
1676 2307 58 24 have
1752 2308 117 32 employed

1285 2347 22 19 to
1320 2341 66 25 effect
1401 2341 38 24 the
1456 2341 124 32 uprooting
1597 2341 27 24 of
1640 2341 36 24 the
1693 2341 57 24 New
1769 2341 101 25 Zealand

1285 2375 141 32 Company's
1437 2375 144 31 possessions
1590 2375 24 23 in
1628 2374 74 25 Cooks
1714 2376 81 28 Strait,
1816 2376 20 23 is
1856 2383 14 16 a

1284 2409 64 31 piece
1360 2409 26 24 of
1393 2416 54 24 very
1460 2409 91 23 curious
1560 2409 45 23 and
1616 2409 117 30 ingenious
1741 2409 128 23 workman-

1285 2442 51 32 ship
1345 2451 6 21 ;
1374 2442 19 24 it
1414 2442 42 24 has
1476 2450 14 15 a
1506 2442 70 24 much
1591 2442 58 23 finer
1665 2442 67 23 finish
1744 2442 55 23 than
1811 2447 59 18 most

1286 2476 25 24 of
1326 2476 64 24 those
1402 2476 157 28 instruments,
1572 2475 75 23 which
1663 2483 31 15 we
1713 2483 37 16 see
1769 2475 54 25 used
1835 2475 35 25 for

1285 2510 39 23 the
1335 2517 99 24 purpose
1452 2509 26 24 of
1492 2510 88 30 raising
1597 2508 50 24 that
1663 2508 73 24 which
1752 2509 43 23 has
1812 2509 58 24 been

1285 2543 77 31 firmly
1376 2542 46 24 and
1437 2542 102 31 securely
1561 2541 88 32 placed.
1692 2541 25 25 It
1736 2543 20 23 is
1774 2542 25 24 in
1815 2542 55 29 fact,

1285 2576 149 31 wonderfully
1445 2575 46 24 and
1503 2576 92 31 artfully
1607 2576 75 28 made,'
1692 2576 19 23 it
1730 2576 20 23 is
1768 2575 32 24 all
1811 2575 59 24 sides

1287 2611 45 23 and
1343 2610 87 31 angles,
1440 2616 28 17 -so
1480 2609 48 24 that
1540 2610 20 22 it
1569 2609 21 23 is
1605 2608 129 32 impossible
1748 2614 27 18 to
1795 2609 74 30 know,

1478 2642 83 25 should
1574 2642 83 24 handle
1673 2642 16 23 it
1701 2642 84 32 freely,
1798 2642 72 23 which

1286 2678 49 23 side
1347 2686 24 15 or
1381 2675 74 25 which
1467 2677 43 23 end
1529 2677 21 22 is
1568 2675 38 24 the
1626 2683 40 16 one
1683 2680 23 19 to
1725 2676 28 23 be
1772 2675 96 32 applied.

1287 2710 44 24 We
1350 2710 89 24 confess
1459 2709 114 31 candidly,
1597 2709 50 24 that
1668 2717 30 16 we
1720 2717 71 16 never
1813 2717 57 16 were

1288 2745 109 24 admirers
1409 2744 25 23 of
1449 2743 104 31 complex
1562 2743 75 31 pieces
1649 2742 23 24 of
1684 2742 139 32 machinery,

1494 2808 183 24 SYDNEY.

55 144 245 52 PPOPRIETORS,
325 142 47 23 and
398 142 36 23 the
462 140 126 25 AGENTS
616 142 27 22 of

127 172 138 27 Proprietors
274 172 27 21 of
313 170 65 23 Land
392 170 23 21 in
424 169 40 22 the
476 168 131 23 Settlement
617 169 26 22 of

54 200 92 26 Nelson,
157 206 37 15 are
203 198 118 26 informed,
330 197 47 22 that
382 203 28 15 on
418 195 98 29 the,2oth
522 196 26 21 of
551 195 90 27 August

50 226 105 27 .ensuing,
175 225 69 22 about
262 224 49 22 half
328 223 25 22 of
366 222 38 23 the
504 222 96 21 number
618 222 26 22 of

54 252 99 22 Sections
157 252 27 21 of
190 250 201 23 Accommodation
399 248 65 23 Land
472 248 46 23 will
525 249 26 21 be
558 247 87 28 offered*

52 280 36 21 for
96 279 114 22 selection.

80 305 72 22 These
161 305 97 22 sections
267 311 36 14 are
313 302 120 23 contained
447 301 24 23 in
481 301 39 23 the
528 301 114 28 following

53 332 102 22 districts.
186 331 62 23 Each
267 330 87 22 district
369 328 41 23 has
426 329 31 22 its
473 335 48 15 own
538 328 67 22 series

52 359 114 22 numerals
174 356 99 25 branded
280 364 30 14 on
320 356 38 22 the
369 356 72 22 stakes
448 355 73 22 which
530 354 63 23 mark
603 354 39 22 the

52 385 69 22 limits
134 386 27 22 of
167 385 55 23 each
232 383 92 23 section.

554 407 88 18 Sections.

80 433 59 22 First
154 431 126 23 District.—
283 431 125 24 Suburban,
424 429 100 26 N.N.E.,
539 436 49 15 sur-

52 459 72 28 veyed
133 459 30 27 by
171 459 45 22 Mr.
228 458 88 27 Duffey,
328 457 94 21 extends
432 460 23 18 to
465 455 74 23 where
548 455 38 23 the
603 457 8 9 '
634 463 16 13 y>

52 486 99 22 Boulder
167 484 67 23 Bank
248 485 75 21 unites
340 483 51 22 with
402 483 36 21 the
450 483 61 21 main
525 482 61 27 land,
619 479 14 9 *

51 513 84 26 having
151 519 15 14 a
184 512 100 26 frontage
301 518 30 14 on
348 510 38 22 the
400 513 63 19 coast
476 509 54 28 line,
541 509 45 23 and

51 539 120 28 comprises
180 539 67 21 about
613 536 29 21 49

80 571 85 23 Second
184 570 98 23 District.
287 581 29 5 —
321 570 126 26 Suburban,
468 573 53 23 east,
541 576 47 15 sur-

49 598 75 28 veyed
137 598 31 26 by
184 598 43 21 Mr.
244 598 85 26 Budge,
346 596 45 23 and
407 596 90 23 Messrs.
517 596 69 21 Watts

50 626 46 21 and
107 624 108 23 Davison.
226 625 121 27 comprises
355 624 26 21 in
397 624 37 21 the
447 622 80 23 Maitai
542 622 46 22 and

51 652 158 21 Brodk'Street
217 650 85 28 valleys
614 649 28 21 22

79 685 68 22 Third
166 685 101 21 District.
269 695 28 5 —
301 684 125 28 Suburban,
447 683 73 27 south,
539 690 49 14 sur-

48 712 73 27 veyed
128 713 28 26 by
163 711 45 23 Mr.
215 711 129 28 Musgrave,
351 717 137 16 commences
495 709 93 23 without

50 739 38 21 the
97 746 90 14 reserve
200 738 36 22 for
252 739 36 21 the
306 738 68 22 cattle
390 737 94 26 market,
502 737 85 26 having

50 766 96 21 sections
156 772 30 14 on
194 765 37 21 the
242 769 48 18 east
299 765 47 21 and
354 771 28 15 on
393 764 36 21 the
440 766 55 19 west
504 763 47 22 side
561 763 25 21 of

50 793 38 21 the
98 793 53 21 base
160 792 54 27 line,
225 798 25 16 as
266 791 46 22 also
322 798 31 15 on
363 791 37 21 the
411 794 67 23 coast,
490 789 44 23 and
544 793 42 19 ter-

48 819 97 22 minates
154 819 25 21 in
195 818 36 22 the
247 819 102 21 Waimea
363 817 70 28 Plain,
447 817 136 27 comprising

50 846 68 22 about
612 843 28 21 60

78 879 83 22 Fourth
181 879 99 22 District.
281 889 30 5 —
311 878 103 22 Waimea
433 877 72 28 Plain,
518 878 3 4 '
531 880 53 25 east,

50 906 109 28 surveyed
168 906 32 27 by
205 905 90 22 Messrs.
304 905 120 22 Barnicoat
433 904 46 22 and
488 905 98 27 Thomp-

50 941 49 19 son,
106 939 141 16 commences
253 936 23 17 at
283 932 38 22 the
333 932 119 27 extremity
459 931 26 22 of
493 931 93 22 District

50 960 44 21 No.
105 962 20 24 3,
137 960 45 21 and
194 959 92 22 extends
296 958 128 23 southward
433 963 22 17 to
465 958 38 23 the
517 958 69 23 River

49 986 97 28 Wdiroa,
159 986 44 22 and
213 986 116 22 westward
340 990 21 17 to
375 986 38 21 the
424 986 69 21 River
502 985 69 22 Waiti
577 993 7 19 ;

41 1013 126 28 •comprises
178 1013 69 22 about
598 1014 42 20 210

76 1048 60 22 Fifth
144 1047 102 23 District.
247 1059 28 4 —
275 1047 103 22 Waimea
388 1046 71 27 Plain,
468 1049 60 24 west,
536 1053 48 15 sur-

48 1075 72 27 veyed
130 1075 30 31 by
166 1075 45 21 Mr.
220 1074 112 27 Cotterell,
343 1073 119 28 comprises
470 1073 38 22 the
515 1073 70 21 whole

41 1102 33 21 .of
81 1101 37 22 the
130 1101 63 28 plain
204 1104 53 19 west
266 1101 24 21 of
297 1101 40 21 the
348 1100 68 22 Waiti
426 1100 45 22 and
481 1099 103 23 Waimea

47 1129 76 26 rivers,
143 1128 48 21 and
205 1135 60 15 some
284 1127 88 28 portion
391 1127 27 21 of
428 1126 40 22 hill
486 1126 65 22 lands
562 1127 26 21 of

48 1155 114 22 moderate
169 1155 111 21 elevation
285 1157 54 19 west
344 1154 26 22 of
375 1153 37 23 the
417 1154 68 27 plain,
494 1153 90 22 divided

46 1181 49 22 into
597 1181 42 22 180

77 1216 63 22 Sixth
151 1215 99 23 District.
252 1227 28 4 —
280 1215 48 22 The
343 1214 120 28 Motuaka,
476 1214 109 28 surveyed

47 1243 31 27 by
90 1243 43 22 Mr.
142 1242 111 28 Stephens
259 1242 44 22 and
311 1242 45 22 Mr.
364 1242 109 27 Brunner,
480 1242 24 21 in
511 1241 73 22 whioh

48 1270 45 22 will
102 1277 49 15 now
161 1270 28 21 be
201 1269 81 22 offered
290 1269 109 28 probably
610 1270 28 20 60

225 1323 64 22 Total
298 1323 104 22 Number
412 1322 24 22 of
446 1322 102 22 Sections
561 1337 6 6 .
574 1336 6 7 .
598 1324 42 22 572

74 1361 68 23 Plans
150 1361 26 22 of
184 1360 37 23 the
231 1360 85 23 several
325 1367 92 20 surveys
431 1359 44 24 will
483 1359 30 22 be
525 1359 69 28 ready
600 1358 39 23 Tor

44 1389 79 28 .public
137 1388 127 28 inspection
275 1391 22 18 at
307 1388 37 21 the
360 1388 84 26 Survey
454 1386 79 27 Office,
546 1386 91 28 Nelson,

48 1416 62 27 early
120 1416 22 21 in
153 1415 38 21 the
208 1415 48 22 first
270 1414 62 22 week
347 1414 26 22 of
388 1414 95 26 August,
499 1413 49 22 that
563 1414 26 21 of
602 1413 36 22 the

47 1442 110 22 Motuaka
167 1441 114 28 excepted,
290 1441 78 27 which,
377 1441 60 27 prior
447 1444 22 18 to
476 1440 38 22 the
521 1440 114 27 selection,

47 1477 52 19 may
107 1470 26 21 be
142 1476 54 15 seen
207 1471 22 19 at
238 1468 38 22 the
286 1469 86 25 Survey
379 1468 93 26 Station,
482 1467 116 27 Motuaka,
609 1474 29 15 on

46 1496 134 28 application
191 1498 22 19 to
224 1496 45 21 Mr.
281 1494 117 28 Stephens.

76 1529 47 23 The
133 1536 81 20 eurvey
222 1528 28 22 of
255 1528 36 22 the
301 1527 128 23 remainder
433 1527 27 23 of
466 1528 97 22 sections
571 1527 26 22 of
601 1527 37 22 the

46 1556 204 22 •Accommodation
264 1555 77 22 Lands
355 1555 45 22 will
415 1555 109 28 probably
534 1555 27 22 be
577 1562 62 14 com-

46 1583 80 28 pleted-
131 1583 62 27 early
198 1582 28 22 -in
236 1582 38 22 the
283 1581 78 23 month
371 1582 26 21 of
403 1581 134 23 December.

77 1616 31 21 Of
114 1615 61 22 these
186 1614 45 22 will
246 1614 28 22 be
284 1614 106 22 obtained
399 1614 23 21 in
434 1613 36 22 the
482 1613 102 23 Waimea

48 1642 65 22 Plain
133 1641 46 22 and
198 1641 104 28 adjacent
320 1640 86 28 valleys
421 1640 67 23 south
504 1640 26 23 of
546 1640 38 23 the

48 1669 101 22 Waimea
158 1669 60 22 river
407 1673 8 16 '.
598 1667 41 22 150

75 1704 59 21 Fern
145 1703 65 22 lands
219 1702 104 28 adjacent
334 1706 22 18 to
364 1702 37 23 the
410 1702 59 23 river
480 1703 103 22 Moutere
597 1703 42 21 200

76 1738 28 21 In
114 1737 37 22 the
167 1736 109 23 Motuaka
293 1736 85 23 district
393 1736 38 22 the
448 1736 134 28 remainder,

46 1764 69 22 about
595 1764 44 21 200

292 1797 137 23 Frederick
441 1797 116 27 Tuckett,

418 1824 69 22 Chief
493 1825 118 26 Surveyor.

69 1853 96 27 .August
175 1854 21 26 8,
209 1854 60 21 1842.

61 1899 158 21 Brown's
247 1898 229 21 Commercial
509 1897 115 26 Hotel,

134 1939 107 15 LAMBTON
258 1939 67 20 QUAY,
342 1939 59 14 PORT
415 1938 138 16 NICHOLSON.

48 1966 92 23 riIHE
165 1966 135 28 Proprietor,
318 1966 26 22 in
364 1966 117 27 returning
499 1965 36 22 his
553 1965 85 22 sincere

55 1988 30 28 JL
124 1993 83 23 thanks
218 1997 21 18 to
250 1993 33 22 his
293 1993 83 22 friends
391 1993 35 21 for
438 1993 37 21 the
486 1992 79 22 liberal
574 1992 64 22 share

48 2021 26 21 of
78 2024 123 24 patronage
213 2020 110 22 bestowed
334 2027 29 15 on
372 2020 52 27 him,
432 2020 55 27 begs
494 2024 22 16 to
522 2026 117 15 announce

48 2047 49 22 that
107 2047 34 22 his
151 2047 153 22 commodious
313 2047 108 26 premises
432 2054 36 14 are
476 2053 51 15 now
535 2046 102 27 finished,

46 2073 54 23 with
110 2073 60 28 good
184 2073 191 22 accommodation
389 2073 35 21 for
434 2072 141 22 commercial
586 2079 53 20 gen-

218 2100 82 22 tlemen
310 2100 46 22 and
367 2099 101 23 families.

87 2129 76 26 Wines,
174 2129 60 24 Ales,
244 2128 43 20 and
295 2129 81 24 Spirits
385 2127 29 26 of
418 2128 34 20 the
462 2128 44 20 best
516 2127 88 27 quality.

185 2162 46 15 N.B.
233 2166 28 5 —
262 2162 92 15 CHARGE
369 2162 132 15 MODERATE.

76 2183 89 26 August
175 2184 19 26 1,
204 2184 64 21 1842.

233 2228 43 21 Ex

48 2260 89 51 FOR
151 2260 80 22 SALE
245 2260 29 27 by
285 2259 36 23 the
330 2258 160 28 undersigned,
502 2258 37 22 the
555 2258 84 22 follow-

121 2287 39 28 ing
169 2287 98 28 goods-

75 2319 71 22 Black
155 2324 36 17 tea
200 2320 24 21 in
234 2322 88 25 quarter
332 2317 82 29 chests,

76 2346 81 29 Coffee,

76 2374 77 27 Sugar,

71 2400 83 23 'Porter
161 2401 24 22 in
194 2400 132 28 hogsheads,

74 2428 22 21 A
116 2429 101 27 quantity
232 2429 27 21 of
274 2428 66 22 cattle
360 2428 92 28 fittings,
473 2427 123 27 consisting
615 2426 27 23 of

47 2454 87 28 planks,
142 2455 122 28 scantling,
276 2462 67 22 spars,
351 2456 42 21 &c.

435 2482 26 23 C.
475 2481 35 23 M.
526 2481 85 22 Evans.

76 2509 89 28 August
177 2512 20 26 8,
208 2511 61 21 1842.

137 2555 174 21 Dissolution
326 2554 32 22 of
370 2555 186 25 Partnership.

48 2588 158 50 NOTICE.
206 2600 28 4 —
234 2588 49 21 The
292 2588 102 22 business
403 2587 98 23 hitherto
513 2587 87 23 carried
609 2595 30 15 on

131 2615 73 22 under
214 2616 38 21 the
267 2615 49 22 firm
334 2616 26 21 of
377 2615 52 28 Hay
446 2615 44 22 and
506 2614 132 28 Machattie,

48 2642 131 22 Merchants
189 2642 44 23 and
244 2642 145 23 Commission
400 2643 95 27 Agents,
513 2642 19 22 is
542 2642 44 22 this
596 2642 44 28 day

49 2668 112 23 dissolved
170 2669 32 28 by
219 2670 87 22 mutual
320 2674 102 22 consent,
442 2669 45 23 and
502 2669 31 22 all
548 2676 92 21 persons

48 2696 109 22 indebted
165 2700 23 19 to
199 2696 55 28 Hay
264 2697 45 22 and
318 2696 134 27 Machattie,
468 2704 38 15 are
520 2696 120 28 requested

48 2728 24 17 to
81 2731 46 20 pay
135 2723 37 22 the
181 2731 62 15 same
255 2728 23 17 to
288 2724 44 22 Mr.
343 2724 27 23 T.
389 2724 33 21 M.
440 2723 132 27 Machattie,
589 2723 51 23 who

49 2750 46 23 will
106 2750 117 28 discbarge
233 2750 31 23 all
274 2751 77 22 claims
361 2752 91 26 against
459 2752 40 21 the
509 2750 50 23 said
567 2750 59 23 firm.

341 2799 22 4 -
373 2785 41 22 W.
426 2785 62 23 Hay.

416 2812 35 22 M.
461 2811 151 23 Machattie.

76 2839 98 22 Witness
174 2850 29 5 —
203 2839 77 22 James
289 2839 80 22 Smith.
449 2850 11 10 •

76 2867 75 22 Dated
161 2870 23 19 at
195 2866 144 28 Wellington,
351 2867 90 26 August
451 2868 18 25 9,
481 2867 56 21 1842
