2540 4060
1309 181 54 19 note
1375 178 83 24 which'
1467 179 14 23 I
1493 179 132 25 afterwards
1643 181 71 24 found
1731 183 66 29 again
1812 183 54 24 with
1884 191 15 16 a

1408 211 64 25 when
1483 212 15 23 I
1509 213 108 24 returned
1627 214 51 23 first
1689 214 49 24 Mr.
1753 211 86 34 Wyetti
1850 216 46 23 told

1301 245 43 21 'me
1356 243 63 23 there
1430 252 45 16 was
1494 253 14 15 a
1517 246 79 30 pound
1614 247 71 28 short,
1705 247 45 23 and
1771 248 13 23 I
1797 248 98 30 thought

1308 275 63 24 there
1389 283 45 17 was
1451 278 61 23 a£2
1531 283 54 19 note
1595 287 7 21 ;
1622 279 14 24 I
1647 284 61 19 went
1724 280 59 24 back
1801 280 31 33 by
1845 276 49 29 Mr.

1307 308 105 30 Wyeth's
1435 310 84 30 orders,
1542 311 47 24 and
1608 312 49 24 said
1676 313 50 23 Mr.
1746 313 86 24 Brown
1851 314 44 24 had

1307 341 54 31 only
1366 342 68 30 given
1445 351 36 16 me
1491 344 51 23 four
1549 345 97 30 pounds,
1659 345 29 24 he
1700 346 50 23 said
1759 346 64 24 there
1834 354 61 17 were

1306 374 44 29 £5,
1371 374 15 24 I
1396 379 60 20 went
1472 376 60 24 back
1552 377 51 23 and-
1616 378 47 24 told
1681 386 40 23 my
1733 378 108 25 Mistress
1860 388 34 21 so,

1306 406 49 24 who
1375 408 48 24 said
1433 416 43 16 run
1494 414 40 19 out
1553 410 46 24 and
1617 418 38 16 see
1676 411 22 23 if
1713 419 46 23 you
1778 412 58 24 have
1854 418 41 19 not

1305 439 101 32 dropped
1416 442 18 23 it
1441 451 7 19 ;
1469 442 13 23 I
1494 447 60 19 went
1571 443 96 23 without
1677 452 14 15 a
1709 444 60 31 light
1780 446 52 23 first
1850 446 45 24 and

1305 472 129 26 afterwards
1437 474 59 24 'took
1507 484 14 15 a
1533 476 87 29 candle,
1633 477 44 24 and
1688 483 59 18 went
1759 483 22 18 to
1794 479 39 23 the
1842 479 52 24 side

1305 505 25 24 of
1347 513 14 16 a
1372 506 74 25 barrel
1543 508 13 24 I
1568 508 45 24 had
1632 511 96 30 stopped
1745 505 86 35 before^
1849 512 44 23 and

1303 540 107 30 stooping
1427 540 64 24 down
1509 541 14 24 I
1535 541 71 24 found
1619 542 38 23 the
1670 547 52 20 note
1730 552 7 20 ;
1758 544 13 23 I
1784 552 45 15 was
1841 545 53 30 paid

1304 579 28 16 on
1344 571 39 24 the
1394 574 104 31 morning
1509 574 13 24 I
1535 574 50 30 left,
1605 576 24 22 in
1645 575 31 24 all
1688 575 29 24 he
1737 577 53 30 paid
1801 585 37 16 me
1850 586 43 15 one

1303 605 78 30 pound
1392 614 48 21 one,
1454 607 62 24 there
1524 615 59 17 were
1594 612 43 20 two
1644 609 105 24 -months'
1763 618 73 22 wages
1848 611 45 24 and

1304 637 76 24 about,
1385 646 13 15 a
1409 640 84 24 weeks.

1335 668 45 33 (R.
1390 671 32 25 R.
1432 673 91 32 Strang,
1536 673 69 32 Esq.,
1614 675 114 31 produced
1740 677 77 32 copies
1824 676 24 24 of
1853 677 38 24 the

1302 703 138 32 depositions
1451 706 73 24 which
1536 706 30 25 he
1576 708 105 31 proved.)
1719 728 3 3 .
1746 726 4 5 .
1782 719 8 11 -.

1336 736 110 26 Wittness
1464 741 130 23 continued.
1596 754 34 5 —
1630 741 75 24 When
1725 742 13 24 I
1758 743 71 24 called
1855 743 36 23 for

1298 778 42 22 •my
1350 778 115 24 wages.on
1530 773 122 32 Thursday
1672 775 59 24 after
1749 776 15 23 I
1782 776 50 30 left,

1296 803 107 30 .prisoner
1415 805 48 23 said
1480 805 29 23 he
1528 806 46 24 had
1593 812 40 26 got
1647 808 48 23 into
1714 814 65 26 great
1798 809 90 24 trouble

1301 836 98 32 through
1422 837 38 24 the
1477 839 79 29 wood;
1580 839 28 24 he
1625 840 73 25 asked
1721 849 44 21 me,
1788 842 67 24 when
1876 842 13 24 I

1300 868 98 33 brought
1409 870 37 24 the
1456 871 62 23 wood
1531 872 49 23 into
1591 872 39 24 the
1641 873 79 30 house,
1729 875 20 23 if
1760 875 62 24 there
1832 884 58 17 were

1300 906 43 20 two
1355 910 53 16 men
1418 905 25 22 in
1454 904 37 23 the
1503 905 155 24 coffee-room.
1695 907 59 24 This
1763 908 54 23 took
1825 908 65 32 place

1299 936 23 22 in
1334 943 15 15 a
1361 936 60 24 little
1439 945 64 15 room
1514 936 101 33 through
1630 939 39 23 the
1685 940 41 24 bar
1736 950 6 19 ;
1768 941 28 23 he
1815 942 74 24 sawed

1299 976 62 16 some
1374 969 25 23 of
1438 978 6 21 ;
1465 971 13 22 I
1497 976 85 19 cannot
1599 972 68 23 think
1684 973 32 24 of-
1732 981 45 23 any
1794 967 69 31 word*
1875 974 14 25 I

1298 1000 49 25 said
1359 1007 23 18 at
1394 1002 37 24 the
1443 1003 157 25 Police-office
1608 1014 6 20 ;
1634 1006 38 24 the
1690 1007 65 23 wood
1771 1007 28 23 he
1812 1008 76 23 sawed

1298 1035 28 23 he
1338 1035 55 23 took
1403 1036 59 24 from
1472 1044 54 17 near
1540 1037 38 24 the
1588 1038 44 24 bed
1642 1047 64 16 room
1718 1040 28 23 he
1758 1040 45 24 had
1815 1041 73 31 lately

1298 1068 91 23 erected
1398 1069 35 23 for
1441 1070 34 23 his
1483 1070 59 29 wife,
1550 1072 20 22 it
1578 1079 44 16 was
1630 1077 51 26 part
1688 1073 26 23 of
1723 1073 39 24 the
1771 1075 116 30 partition,

1298 1101 43 23 aud
1352 1101 63 24 fixed
1426 1103 52 23 with
1491 1104 66 23 nails.
1594 1105 14 23 I
1620 1106 92 30 pointed
1724 1111 40 19 out
1775 1107 40 24 the
1825 1108 63 23 wood

1301 1134 74 23 which
1388 1134 11 24 I
1409 1135 44 24 had
1463 1136 77 30 taken,
1561 1138 45 23 and
1615 1138 28 24 he
1655 1139 54 23 took
1720 1140 18 23 it
1750 1140 65 24 down
1833 1141 54 23 with

1302 1176 14 14 a
1326 1167 110 30 hammer,
1450 1174 37 18 cut
1496 1170 18 22 it
1526 1171 50 23 into
1587 1171 99 31 lengths,
1705 1173 45 23 and
1766 1178 44 26 put
1828 1174 18 23 it
1858 1182 30 15 on

1297 1200 38 23 the
1345 1201 44 24 fire
1399 1202 24 23 in
1435 1202 37 23 the
1483 1202 104 25 kitchen.

1329 1234 63 23 John
1412 1235 112 32 Canning,
1545 1244 83 17 sworn.
1629 1251 35 3 —
1665 1238 12 23 I
1695 1247 38 15 am
1751 1247 15 15 a
1784 1240 102 23 cabinet-

1296 1267 80 24 maker
1385 1276 5 15 :
1411 1268 12 23 I
1443 1268 66 24 know
1527 1270 40 23 the
1585 1272 104 29 prisoner
1707 1277 24 18 at
1750 1272 39 24 the
1800 1273 43 23 bar
1852 1282 6 19 ;
1873 1274 13 22 I

1295 1300 60 23 lived
1364 1306 25 18 at
1399 1301 35 23 his
1451 1301 70 25 house
1531 1312 7 20 ;
1549 1311 34 15 we
1596 1312 57 15 were
1664 1310 104 26 partners
1780 1306 108 31 together

1296 1333 69 24 about
1377 1334 62 24 three
1448 1343 24 16 or
1484 1336 51 23 four
1547 1337 91 24 months
1651 1345 42 24 ago
1704 1347 6 20 ;
1731 1338 14 24 I
1755 1347 48 15 was
1822 1339 64 25 there

1296 1367 65 23 when
1373 1375 14 15 a
1401 1369 62 30 piece
1482 1369 25 23 of
1521 1370 73 29 wood,
1614 1371 69 23 about
1700 1376 44 19 two
1756 1372 52 23 foot
1822 1373 62 31 long,

1295 1400 55 23 such
1361 1408 26 15 as
1398 1401 53 31 they
1458 1409 39 16 use
1505 1402 35 24 for
1546 1403 133 24 foundation
1688 1405 60 30 piles
1757 1413 25 16 or
1789 1406 81 23 blocks
1877 1416 6 19 ;

1295 1432 13 24 I
1328 1434 51 28 sai.4
1399 1439 22 18 to
1441 1434 38 24 the
1499 1436 51 30 girl,
1575 1436 74 24 where
1672 1437 38 24 did
1728 1446 45 23 you
1792 1443 40 27 get
1847 1439 38 24 the

1295 1467 61 29 piece
1369 1467 25 23 of
1409 1468 61 23 wood
1482 1468 59 25 from
1551 1478 7 20 ;
1579 1470 41 23 she
1631 1471 66 23 made
1716 1479 29 16 no
1764 1472 66 31 reply
1842 1481 5 20 ;
1870 1472 14 24 I

1295 1500 48 22 said
1363 1500 50 24 that
1425 1501 63 30 piece
1509 1502 26 23 of
1556 1503 64 23 wood
1638 1503 96 32 belongs
1752 1509 23 19 to
1787 1505 49 24 Mr.
1850 1505 33 24 R.

1295 1532 95 30 Davies,
1403 1534 43 23 and
1458 1535 17 22 it
1487 1540 49 19 cost
1546 1535 39 24 the
1598 1544 52 15 man
1663 1537 38 24 6d.
1716 1546 25 15 or
1755 1539 43 28 Is.,
1811 1539 44 23 and
1866 1540 19 22 it

1294 1566 18 23 is
1324 1574 14 15 a
1349 1567 78 23 shame
1437 1567 49 24 that
1496 1568 18 23 it
1526 1568 82 24 should
1629 1569 28 24 be
1678 1570 70 24 burnt
1767 1571 65 24 when
1853 1572 31 23 he

1294 1603 71 19 wants
1377 1601 18 22 it
1406 1600 34 23 for
1453 1601 34 23 his
1498 1601 119 31 building;
1629 1603 57 24 after
1698 1603 13 24 I
1722 1604 50 23 said
1784 1605 47 23 this
1843 1605 41 23 the

1293 1633 104 30 prisoner
1408 1634 55 29 said,
1476 1634 55 24 dont
1543 1635 63 24 mind
1618 1635 81 33 taking
1717 1637 18 23 it
1754 1637 68 30 back,
1841 1638 43 24 but

1293 1665 55 24 dont
1366 1671 40 26 get
1415 1674 43 23 any
1476 1675 77 22 more;
1576 1668 13 24 I
1612 1670 50 23 said
1679 1670 65 24 mind
1763 1671 19 23 if
1797 1672 46 23 this
1862 1672 21 23 is

1293 1698 97 29 burned,
1403 1700 13 23 I
1425 1700 45 24 will
1484 1700 58 25 have
1552 1702 98 31 nothing
1660 1711 64 16 more
1741 1708 23 19 to
1781 1704 29 24 do
1829 1705 54 23 with

1293 1732 18 23 it
1321 1741 6 20 ;
1347 1732 14 24 I
1373 1738 40 26 got
1421 1741 30 23 up
1463 1734 44 23 and
1517 1740 61 18 went
1588 1743 61 23 away
1662 1741 38 19 out
1710 1737 25 23 of
1743 1737 37 24 the
1792 1738 72 23 house
1874 1747 5 21 ;

1293 1765 37 24 the
1348 1767 104 30 prisoner
1469 1775 45 15 was
1533 1768 104 33 building
1656 1778 30 23 up
1705 1778 63 16 some
1787 1771 78 24 bunks
1874 1781 6 20 ;

1293 1799 113 31 scantliug
1416 1808 45 15 was
1472 1801 118 31 employed
1604 1803 23 22 in
1637 1802 20 23 it
1665 1812 5 20 ;
1685 1802 13 25 I
1711 1811 46 16 saw
1769 1805 115 31 scantling

1293 1832 63 24 used.
1369 1853 5 3 .

1325 1865 210 26 Cross-examined.
1547 1881 36 4 —
1594 1869 79 24 About
1700 1870 53 24 four
1784 1879 26 16 or
1836 1871 46 24 five

1291 1899 94 23 months
1396 1908 41 23 ago
1458 1901 63 23 there
1540 1909 58 16 were
1618 1903 51 23 four
1680 1911 26 16 or
1724 1905 37 22 six
1771 1905 77 30 pieces
1860 1905 26 23 of

1292 1933 121 31 scantling,
1422 1933 68 24 about
1503 1936 31 22 16
1545 1935 48 24 feet
1604 1935 61 31 long,
1673 1936 46 24 left-
1726 1942 24 18 at
1761 1938 38 23 the
1811 1938 72 23 house

1293 1965 62 24 when
1366 1966 88 37 Jfysent
1463 1975 31 23 up
1506 1972 22 19 to
1541 1968 119 25 the-oorth
1669 1978 6 20 ;
1695 1969 14 24 I
1721 1969 67 25 knew
1799 1971 26 23 of
1832 1970 49 24 this

1289 2001 147 28 prosecution
1448 2004 22 19 at
1490 1999 74 25 Otaki
1573 2009 7 21 ;
1599 2001 103 32 Burgess
1723 2003 47 24 told
1789 2011 36 16 me
1843 2011 40 23 my

1289 2039 68 16 name
1368 2040 47 16 was
1426 2034 129 22 mentioned
1567 2043 25 15 as
1611 2035 70 30 being
1692 2037 125 23 connected
1827 2037 55 23 with

1290 2072 14 16 a
1314 2065 97 31 robbery
1422 2066 26 23 of
1457 2067 81 23 timber
1546 2076 7 19 ;
1574 2067 14 24 I
1607 2068 70 23 heard
1688 2069 50 23 that
1757 2069 63 24 there
1834 2077 47 16 was

1290 2105 13 16 a
1325 2103 98 20 warrant
1444 2103 39 20 out
1505 2101 93 30 against
1619 2109 43 21 me,
1682 2102 44 23 and
1747 2102 14 24 I
1778 2107 61 19 went
1849 2108 32 19 .to

1290 2131 109 31 Burgess,
1413 2132 44 24 and
1467 2133 134 24 afterwards
1618 2135 60 24 fined
1690 2143 30 16 on
1731 2135 44 24 bail
1785 2145 6 19 ;
1812 2136 13 24 I
1837 2145 42 23 ap-

1288 2165 85 31 peared
1383 2170 54 19 next
1449 2167 106 31 morning
1570 2167 76 24 before
1667 2168 47 24 Mr.
1728 2170 104 31 Murphy
1840 2178 6 18 ;
1867 2170 14 24 I

1289 2205 44 17 was
1347 2198 140 32 discharged,
1500 2200 45 23 and
1557 2201 49 23 told
1618 2205 23 20 to
1658 2210 82 23 appear
1761 2210 24 16 as
1805 2211 13 15 a
1830 2204 50 22 wit-

1288 2238 52 17 ness
1348 2241 6 19 ;
1376 2232 13 24 I
1400 2241 45 15 was
1458 2241 67 16 seven
1543 2242 26 15 or
1582 2235 61 31 eight
1654 2236 93 23 months
1763 2244 13 15 a
1787 2241 94 26 partner

1288 2269 22 19 to
1323 2265 48 25 Mr.
1382 2265 88 32 .Wyeth
1479 2275 5 20 ;
1506 2267 12 23 I
1530 2272 62 19 went
1603 2272 22 19 to
1643 2268 36 24 his
1692 2269 74 24 house
1777 2270 45 23 and
1834 2270 45 24 had

1288 2305 61 17 some
1361 2298 115 25 breakfast
1484 2309 7 19 ;
1510 2300 14 24 I
1537 2301 88 23 arrived
1643 2301 54 25 here
1717 2310 30 16 on
1766 2303 114 32 Saturday

1287 2331 66 31 night
1353 2345 34 4 —
1387 2333 96 30 perhaps
1495 2334 18 22 it
1521 2334 74 31 might
1604 2335 28 23 be
1644 2335 87 31 Friday
1731 2349 33 3 —
1766 2337 45 23 and
1822 2345 57 23 gave

1288 2364 43 24 bail
1341 2366 152 31 immediately
1502 2376 7 20 ;
1528 2367 14 23 I
1554 2368 82 31 lodged
1647 2368 29 24 at'
1684 2369 49 23 Mr.
1748 2369 112 32 Couper's
1869 2380 7 19 ;

1288 2397 12 24 I
1320 2399 103 24 received
1440 2408 38 22 my
1491 2406 109 26 property
1610 2402 58 23 from
1688 2403 48 23 Mr.
1749 2403 86 31 Wyeth
1850 2411 29 16 on

1288 2431 104 32 Monday
1399 2441 7 20 ;
1420 2432 13 24 I
1441 2432 57 25 have
1506 2433 83 32 lodged
1597 2436 61 22 since
1666 2439 24 20 at
1698 2436 48 24 Mr.
1756 2436 105 31 Young's
1870 2446 7 20 ;

1286 2464 14 24 I
1321 2465 80 31 placed
1418 2474 40 23 my
1468 2472 110 27 property
1596 2469 88 23 outside
1707 2469 49 24 Mr.
1775 2469 102 31 Perry's,

1286 2497 130 26 afterwards
1436 2499 14 24 I
1469 2500 80 31 placed
1572 2502 18 22 it
1612 2502 25 23 in
1657 2502 48 24 Mr.
1720 2502 32 24 R.
1769 2503 108 23 Davies's

1286 2530 69 25 house
1364 2541 7 20 ;
1391 2532 13 24 I
1415 2540 68 16 never
1503 2534 57 23 said-
1566 2538 22 20 to
1594 2561 5 3 _
1608 2543 44 23 any
1665 2543 42 16 one
1724 2540 24 19 at
1766 2544 45 24 any
1823 2537 54 23 time

1286 2564 50 23 that
1352 2564 14 25 I
1387 2566 73 23 would
1476 2571 41 20 not
1536 2568 38 23 be'
1583 2568 117 31 surprised
1723 2573 22 19 to
1765 2577 38 15 see
1824 2570 50 24 Mr.

1284 2597 86 31 Wyeth
1381 2607 75 16 across
1467 2599 39 24 the
1521 2605 71 19 water
1602 2610 6 20 ;
1627 2601 14 24 I
1653 2610 70 15 never
1735 2602 38 23 did
1784 2610 41 15 use
1837 2603 39 23 the

1286 2635 68 20 terms
1377 2637 22 18 to
1418 2632 48 24 that
1477 2633 67 24 effect
1554 2643 8 20 ;
1582 2634 31 24 all
1631 2634 13 23 I
1661 2634 49 24 said
1728 2643 53 21 was,
1800 2636 50 23 that
1862 2636 14 24 I

1276 2658 4 21 f
1285 2672 45 16 was
1340 2672 65 25 sorry
1416 2665 14 24 I
1440 2666 44 24 had
1495 2674 45 23 any
1550 2667 68 31 thing
1629 2672 22 19 to
1664 2667 28 24 do
1704 2668 55 23 with
1770 2669 26 23 it.

1317 2697 103 25 Richard
1432 2699 102 31 Harvey,
1548 2708 83 17 sworn.
1634 2714 33 4 —
1667 2701 14 24 I
1702 2709 37 16 am
1752 2710 14 15 a
1777 2709 96 24 carpen-

1284 2735 42 24 ter,
1347 2732 45 24 and
1409 2732 44 24 live
1472 2733 25 23 in
1508 2733 161 25 Willis-street
1679 2743 7 21 ;
1705 2735 16 23 I
1737 2735 69 23 know
1825 2735 48 24 Mr.

1284 2764 87 24 Davies
1381 2774 7 20 ;
1408 2766 13 23 I
1439 2773 45 16 was
1496 2771 23 18 at
1537 2766 65 24 work
1618 2772 24 19 at
1659 2768 39 23 the
1717 2768 73 26 hpuse
1808 2768 29 24 he
1854 2770 21 22 is

1283 2798 93 31 putting
1386 2806 30 24 up
1425 2808 6 19 ;
1446 2799 17 23 J
1482 2801 127 23 remember
1625 2801 37 23 his
1678 2802 116 30 receiving
1813 2810 62 15 some

1284 2831 113 32 scantling
1406 2841 6 19 ;
1432 2832 63 24 there
1505 2841 60 16 were
1575 2841 61 16 some
1651 2836 30 22 10
1693 2834 53 30 feet,
1757 2843 62 15 some
1834 2837 39 27 12,

1285 2865 38 27 14,
1336 2865 46 23 and
1394 2867 31 22 20
1434 2874 7 21 ;
1461 2865 15 24 I
1494 2865 58 24 have
1570 2867 85 24 missed
1674 2876 63 15 some
1746 2877 6 20 ;
1771 2876 33 16 we
1817 2868 58 24 have

1282 2897 86 24 missed
1380 2905 42 17 one
1434 2901 31 22 20
1476 2898 47 25 feet
1540 2899 80 32 length
1629 2909 6 20 ;
1655 2900 64 25 there
1737 2909 58 16 were
1812 2909 63 16 some

1282 2930 81 24 blocks
1374 2940 6 20 ;
1404 2932 14 23 I
1436 2932 28 24 do
1483 2937 40 19 not
1540 2932 69 25 know
1630 2934 22 23 if
1670 2933 64 25 there
1752 2942 59 16 were
1829 2942 46 24 any

1282 2964 107 31 missing.

1315 2996 66 31 Jury.
1383 3010 33 5 —
1418 2998 49 24 The
1486 2999 49 23 size
1552 2999 28 24 of
1597 3000 38 24 the
1654 3002 32 22 20
1698 3001 46 23 feet
1761 3001 115 31 scantling

1282 3038 45 15 was
1340 3030 33 33 2|
1386 3031 30 31 by
1424 3033 17 22 4
1449 3041 6 20 ;
1469 3032 38 23 the
1517 3033 47 30 girl
1570 3033 113 30 Johanna,
1694 3034 13 23 I
1719 3034 75 29 think,
1804 3034 69 24 could

1281 3064 57 30 drag
1349 3072 14 14 a
1375 3065 62 30 piece
1449 3065 24 23 of
1483 3065 83 24 timber
1578 3066 26 24 of
1611 3066 51 24 that
1673 3067 57 23 size.

1427 3107 6 19 ;
1453 3098 89 24 Robert
1554 3099 85 29 Gutch,
1653 3107 83 16 sworn.
1738 3112 34 5 —
1773 3100 12 23 I
1803 3100 69 23 know

1281 3130 38 23 the
1342 3131 103 30 prisoner
1467 3137 24 18 at
1510 3132 39 23 the
1568 3132 55 29 bar;
1644 3132 13 24 I
1677 3133 100 23 boarded
1794 3133 24 23 in
1835 3133 37 23 his

1281 3162 71 24 house
1364 3172 63 15 some
1440 3165 91 23 month's
1540 3174 6 20 ;
1567 3165 58 24 from
1643 3173 43 23 my.
1695 3173 49 16 own
1764 3166 107 24 observa-

1281 3196 55 29 tion,
1367 3196 14 24 I
1408 3197 57 24 have
1493 3198 85 30 always
1608 3199 131 23 considered
1769 3199 49 23 him
1842 3207 29 16 an

1280 3229 139 24 industrious
1429 3231 99 31 thriving
1540 3239 52 16 man
1602 3240 5 20 ;
1627 3231 29 24 he
1668 3239 45 16 was
1725 3232 110 31 punctual
1846 3233 25 23 in

1280 3262 36 24 his
1326 3267 120 26 payments
1456 3273 6 19 ;
1481 3264 14 24 I
1511 3264 62 24 lived
1583 3264 62 24 there
1657 3265 43 23 five
1712 3265 101 29 months,
1826 3266 45 23 and

1280 3295 83 31 during
1376 3296 47 25 that
1434 3298 54 23 time
1509 3297 13 24 I
1535 3305 46 16 saw
1600 3297 97 32 nothing
1712 3298 73 24 which
1804 3299 67 24 could

1278 3328 82 25 induce
1373 3337 35 16 me
1420 3335 22 19 to
1455 3330 66 24 think
1532 3330 51 24 that
1590 3339 44 22 any
1642 3331 118 24 dishonest
1770 3333 100 30 practice

1279 3369 45 16 was
1334 3363 72 31 going
1417 3371 43 21 on;
1477 3363 63 24 from
1556 3363 40 24 the
1608 3365 55 22 time
1682 3364 93 32 Ispent
1787 3366 26 22 in
1830 3365 39 23 the

1277 3395 80 29 house,
1376 3395 13 24 I
1401 3396 73 30 think,
1486 3396 21 23 if
1523 3397 59 23 such
1592 3398 111 30 practices
1722 3405 58 16 were
1797 3399 74 30 going

1277 3431 47 26 ton,.
1338 3427 14 24 I
1377 3428 81 25 should
1478 3429 58 24 have
1560 3438 54 15 seen
1633 3431 34 29 it;
1689 3424 29 30 lie
1740 3431 130 31 purchased

1277 3460 130 38 boards^of
1424 3462 73 25 Wade
1588 3463 76 24 others
1687 3465 68 26 since,
1773 3459 30 28 hie
1827 3464 42 24 has

1277 3494 109 31 occupied
1401 3495 38 24 the
1457 3496 125 31 prisoner's
1602 3496 86 29 house;
1709 3497 14 24 I
1735 3497 92 27 .believe
1839 3497 30 24 he

1276 3527 45 24 had
1339 3535 15 16 a
1369 3528 65 23 small
1452 3530 103 30 quantity
1577 3528 30 24 of
1619 3530 116 31 scantling
1750 3530 44 23 left
1811 3530 58 24 after

1275 3560 112 32 finishing
1401 3561 38 24 his
1455 3561 69 25 house
1534 3571 6 20 ;
1561 3561 14 24 I
1588 3561 78 25 know.
1674 3562 50 24 Mr.
1734 3562 81 25 .Willis
1825 3572 7 21 ;
1853 3564 14 23 I

1276 3601 46 16 saw
1329 3593 49 24 him
1388 3594 66 31 using
1464 3594 116 32 scantling
1590 3599 24 19 at
1622 3595 48 24 Mr.
1680 3595 107 31 Wyeth's
1796 3596 72 24 house

1275 3627 69 23 about
1355 3627 68 31 April
1442 3627 44 24 last
1495 3636 6 16 :
1520 3627 14 24 I
1549 3627 68 24 know
1629 3627 106 25 Johanna
1754 3629 97 25 Connell
1860 3640 6 20 ;

1276 3659 40 24 she
1333 3660 63 23 lived
1413 3664 24 20 at
1452 3660 49 25 Mr.
1512 3660 108 30 Wyeth's
1637 3669 26 16 as
1675 3669 14 16 a
1700 3667 92 19 servant
1800 3671 7 21 ;
1827 3663 41 24 she

1274 3692 60 24 lived
1353 3693 64 24 there
1436 3694 69 23 about
1516 3694 52 22 four
1588 3694 92 24 months
1689 3703 7 20 ;
1716 3695 14 23 I
1741 3695 76 25 would
1827 3702 42 18 not

1274 3726 73 24 belive
1359 3726 41 23 her
1417 3734 28 15 on
1456 3726 40 24 her
1510 3726 84 32 simple
1613 3732 130 25 statement,
1756 3728 79 25 unless
1854 3730 13 24 I

1274 3759 49 24 had'
1340 3758 83 25 known
1441 3760 23 27 it,
1476 3764 24 18 to
1520 3760 28 23 be
1568 3765 49 19 true
1626 3769 7 20 ;
1653 3761 14 24 I
1684 3760 70 25 know
1765 3763 50 23 that
1827 3763 40 24 she

1274 3800 46 16 was
1331 3792 99 31 charged
1437 3792 54 23 with
1503 3793 100 31 stealing
1613 3801 14 16 a
1637 3793 51 25 half
1695 3794 73 25 dollar
1777 3804 7 21 ;
1804 3796 14 23 I
1830 3804 37 16 re-

1274 3825 102 24 member
1394 3826 94 31 hearing
1506 3826 49 24 Mr.
1568 3826 86 31 Wyeth
1673 3829 83 30 saying
1771 3829 51 24 that
1837 3829 30 27 he

1274 3859 45 23 had
1329 3859 72 24 found
1412 3859 40 23 her
1462 3864 85 19 secrete
1557 3868 15 15 a
1588 3859 51 24 half
1648 3860 71 25 dollar
1731 3861 45 24 and
1787 3862 81 31 placed

1273 3892 20 24 it
1299 3892 74 24 under
1385 3900 13 16 a
1409 3892 65 24 small
1484 3892 48 24 box
1540 3901 7 20 ;
1567 3893 30 23 he
1608 3893 73 25 asked
1692 3894 62 24 Mrs.
1765 3895 102 24 Robert-

1274 3933 42 16 son
1323 3926 20 23 if
1352 3925 42 24 she
1402 3925 43 24 had
1456 3925 80 32 placed
1547 3934 46 23 any
1601 3927 101 31 thingpn
1712 3927 39 24 the
1759 3928 90 24 dresser
1858 3938 6 20 ;

1274 3959 41 24 she
1325 3967 48 16 was
1385 3960 66 23 taxed
1462 3959 54 24 with
1529 3959 71 32 doing
1617 3961 26 29 it,
1657 3961 45 23 and
1720 3966 60 19 went
1793 3967 23 18 to
1829 3962 38 24 the

1273 3992 70 33 shelf,
1358 3993 66 26 lifted
1436 3993 37 26 the
1483 3993 54 32 box,
1549 3994 48 24 and
1613 3995 84 26 turned
1712 3995 21 24 it
1740 4003 7 23 ;
1766 3995 14 26 I
1798 3995 69 27 think

1924 184 76 24 Willis
2019 185 45 24 had
2076 185 54 25 used
2142 187 67 24 about
2222 187 55 24 -four
2286 192 27 19 'or
2317 189 52 24 -five
2373 191 96 32 -lengths

1926 218 30 22 10
1968 217 45 24 feet
2023 218 55 31 long
2089 220 68 23 about
2168 220 37 24 the
2216 220 77 24 month
2306 222 25 22 of
2339 222 74 31 April.

1958 250 208 26 Cross-examiued.
2168 265 35 5 —
2203 253 50 24 The
2266 255 113 31 scantling
2389 264 47 16 was
2447 258 59 23 used

1977 283 97 30 rafters;
2094 285 13 24 I
2119 285 56 24 have
2192 293 54 17 seen
2266 287 114 32 scantling
2398 289 54 31 long
2462 291 42 23 be-

1923 319 73 20 tween
2013 317 49 24 Mr.
2083 317 146 32 M'Gregor's
2248 319 45 23 and
2313 320 48 24 Mr.
2382 321 120 32 Wyeth's;

1923 347 14 24 I
1948 356 38 16 am
1996 353 42 20 not
2048 358 71 16 aware
2137 351 97 25 whether
2252 352 14 23 I
2286 359 51 17 owe
2357 353 53 26 him.
2423 362 80 25 money

1923 389 49 15 now
1981 390 9 20 ;•
2006 382 30 24 he
2054 383 61 24 owed
2132 392 37 16 me
2188 392 88 23 money,
2290 385 44 23 and
2346 385 13 24 I
2377 386 59 24 have
2445 388 59 24 been

1921 414 107 37 indebted
2040 420 22 19 to
2073 416 48 24 him
2130 426 5 20 ;
2156 417 13 23 I
2182 425 35 16 am
2229 425 52 16 sure
2293 418 49 24 Mr.
2354 418 86 31 Wyeth
2450 420 54 24 does

1922 451 39 19 not
1972 455 47 16 owe
2031 456 36 16 me
2078 457 81 24 money
2166 459 6 20 ;
2191 450 13 24 I
2216 450 44 23 will
2272 455 39 19 not
2323 459 71 16 swear
2405 453 99 24 whether

1922 479 52 24 Ido
1993 485 41 20 not
2052 490 47 15 owe
2118 483 47 23 him
2183 490 81 24 money
2272 492 6 20 ;
2299 484 48 23 Mr.
2360 484 85 32 Wyeth.
2460 486 43 24 has

1921 513 65 23 made
2003 522 16 15 a
2039 516 95 23 number
2156 517 25 23 of
2195 516 66 24 small
2283 516 78 32 things
2370 526 6 20 ;
2400 519 110 25 remarks,

1921 553 58 17 were
1996 547 67 24 made
2074 548 23 23 in
2116 549 38 23 the
2170 556 108 24 presence
2296 549 26 24 of
2336 550 105 24 Johanna
2448 561 6 19 ;
2473 552 29 24 he

1920 578 40 24 has
1968 580 67 23 made
2042 585 131 20 statements
2181 582 71 24 which
2260 582 37 24 the
2305 583 46 30 girl
2358 583 40 24 has
2408 583 79 25 denied
2494 594 6 20 ;

1920 611 40 24 she
1980 613 115 24 remained
2117 615 57 23 after
2194 615 38 23 the
2250 615 83 31 charge
2354 616 25 23 of
2398 616 40 24 the
2455 617 51 24 half

1920 644 72 25 dollar
2002 653 46 17 was
2060 647 65 23 made
2136 648 88 30 against
2234 647 40 23 her
2283 656 7 20 ;
2308 648 30 24 he
2350 650 49 23 said
2415 650 47 23 that
2473 651 30 23 he
2511 655 3 4 '

1920 678 66 24 could
1997 683 41 20 not
2049 684 39 26 get
2097 681 99 29 another,
2205 681 95 23 thatshe
2310 689 46 16 was
2367 683 55 23 fond
2434 683 22 23 of
2463 683 39 24 the

1920 710 59 25 child
1987 721 10 18 ;
2015 712 63 25 there
2097 713 56 24 have
2171 714 55 23 been
2247 713 131 25 alterations
2396 716 63 23 made
2476 717 27 23 in

1919 743 37 24 the
1974 745 72 24 house
2055 755 6 20 ;
2080 746 63 24 there
2161 754 45 16 was
2218 754 62 16 some
2297 748 75 30 repair
2388 752 43 27 put
2441 756 61 24 upon

1919 776 37 24 the
1965 778 52 23 roof
2027 779 25 23 of
2061 779 38 24 the
2110 779 77 24 house.

1952 810 85 24 Emma
2048 811 136 30 Robertson,
2193 812 85 29 widow,
2290 820 82 17 sworn.
2373 826 34 4 —
2408 814 14 23 I
2435 814 67 25 know

1918 851 13 14 a
1942 844 44 30 girl
1998 845 81 22 named
2091 845 102 24 Johanna
2202 846 96 24 Connell
2306 855 6 20 ;
2327 846 13 23 I
2354 854 44 16 was
2410 853 92 25 present

1919 876 64 24 when
1995 884 13 16 a
2020 877 82 32 charge
2120 886 46 16 was
2177 878 64 24 made
2257 879 91 31 against
2358 879 40 24 her
2410 880 30 30 by
2449 881 50 24 Mr.

1919 908 82 32 Wyeth
2013 919 7 19 ;
2039 911 19 22 it
2068 918 45 16 was
2125 912 68 23 about
2205 920 13 15 a
2229 911 71 24 dollar
2311 912 75 24 which
2398 921 44 16 was
2454 914 46 24 laid

1918 941 29 31 by
1955 950 37 16 me
2005 951 30 15 on
2053 944 37 23 the
2109 945 66 28 table,
2187 944 73 24 which
2280 952 46 16 was
2344 947 104 23 removed
2458 956 6 19 ;
2480 947 20 24 T

1918 975 64 24 made
2000 977 95 31 enquiry
2111 978 57 23 after
2185 978 25 29 it,
2222 977 45 24 and
2278 978 37 24 M.
2333 978 86 31 Wyeth
2431 980 70 24 asked

1918 1007 36 24 the
1966 1009 45 30 girl
2022 1010 21 23 if
2057 1010 40 24 she
2110 1010 44 24 had
2170 1019 52 15 seen
2240 1011 26 27 it,
2278 1011 44 23 and
2334 1011 41 23 she
2394 1012 47 24 said
2452 1020 29 16 no
2490 1022 7 21 ;
2505 1017 4 5 '

1918 1040 62 25 there
1992 1050 46 15 was
2049 1051 14 16 a
2082 1044 79 23 search
2179 1043 64 25 made
2254 1044 37 23 for
2301 1044 26 29 it,
2340 1044 44 24 and
2404 1046 96 31 the'girl

1916 1074 55 24 took
1982 1076 18 22 it
2012 1076 57 24 from
2081 1084 14 16 a
2114 1076 61 25 shelf
2182 1086 6 20 ;
2207 1078 19 23 it
2243 1084 47 16 was
2309 1077 72 24 under
2393 1086 13 16 a
2417 1079 45 24 box
2473 1087 26 16 or

1917 1107 65 24 basin
1992 1109 75 24 where
2079 1110 13 23 I
2104 1110 45 23 had
2162 1115 40 19 not
2218 1109 79 33 placed
2315 1111 20 22 it
2343 1120 7 20 ;
2370 1111 13 23 I
2404 1112 37 23 did
2459 1117 40 19 not

1916 1140 67 24 know
1994 1142 101 24 whether
2106 1144 18 22 it
2135 1151 44 16 was
2193 1152 13 15 a
2217 1143 50 24 half
2282 1143 79 30 dollar,
2375 1144 12 23 I
2407 1145 53 23 took
2478 1146 20 23 it
2506 1144 4 4 '

1916 1178 22 18 to
1951 1174 28 24 be
1991 1182 14 16 a
2015 1175 134 24 half-crown
2158 1185 7 21 ;
2184 1177 47 24 Mr.
2247 1176 85 30 Wyeth
2352 1177 49 23 said
2412 1178 29 23 he
2452 1186 47 16 saw

1916 1206 42 25 her
1968 1213 44 25 put
2022 1209 19 22 it
2052 1209 71 29 there,
2135 1210 44 23 and
2188 1210 40 23 she
2239 1209 47 23 told
2293 1217 14 15 a
2318 1214 75 26 story;
2407 1210 14 24 I
2434 1210 66 25 know

1916 1241 95 31 nothing
2022 1243 89 29 against
2121 1242 38 24 the
2170 1243 43 31 girl
2225 1246 82 28 except
2324 1250 62 24 upon
2398 1243 48 24 that
2457 1252 39 15 oc-

1916 1274 84 24 casion.

1912 1326 6 3 .
1950 1307 211 25 Cross-examined.
2162 1321 34 4 —
2196 1308 59 25 John
2269 1308 93 32 .Wyeth
2373 1309 71 24 asked
2456 1311 43 24 her

1914 1339 19 24 if
1949 1340 41 24 she
2001 1340 68 25 knew
2079 1342 27 23 of
2119 1342 25 29 it,
2158 1342 40 23 she
2217 1341 80 24 denied
2316 1343 19 22 it
2344 1351 7 21 ;
2371 1343 13 23 I
2403 1343 64 24 knew
2480 1345 19 23 it

1914 1380 45 16 was
1991 1374 54 31 only
2074 1374 51 24 half
2154 1383 14 15 a
2195 1374 79 30 dollar,
2302 1375 32 31 by
2361 1376 138 32 subsequent

1914 1408 103 30 enquiry.
2024 1427 5 2 .

1949 1440 60 24 John
2021 1440 69 30 Ellis,
2102 1449 98 22 seaman,
2213 1449 81 16 sworn.
2296 1454 35 4 —
2332 1442 14 23 I
2356 1443 45 23 live
2412 1446 25 20 at
2447 1443 47 25 Mr.

1912 1473 106 31 Wyeth's
2030 1474 70 24 house
2111 1484 5 20 ;
2135 1475 38 24 the
2186 1476 42 31 day
2239 1475 26 23 of
2279 1475 39 24 the
2336 1476 161 31 investigation

1914 1511 22 19 at
1959 1507 39 23 the
2020 1507 164 30 Police-office,
2208 1509 12 23 I
2243 1509 127 23 remember
2393 1509 104 24 Johanna

1914 1541 90 30 coming
2015 1541 35 23 for
2062 1540 41 25 her
2114 1549 73 24 wages
2198 1551 6 19 ;
2223 1540 41 24 she
2280 1549 63 16 came
2354 1546 23 19 to
2389 1542 38 24 the
2439 1543 58 24 back

1914 1573 52 24 door
1979 1573 74 24 where
2066 1574 12 23 I
2095 1582 44 16 was
2160 1575 79 30 sitting
2248 1583 6 20 ;
2274 1575 40 23 she
2336 1575 107 31 enquired
2460 1577 35 23 for

1913 1606 38 24 the
1962 1607 61 24 child
2031 1617 7 19 ;
2059 1607 52 24 Ido
2123 1612 39 19 not
2179 1608 85 23 believe
2276 1607 38 24 the
2325 1613 85 19 master
2422 1610 72 30 spoke

1913 1644 26 25 to.
1947 1640 40 24 her
1998 1649 6 20 ;
2019 1640 13 24 I
2045 1648 45 16 saw
2100 1648 30 16 no
2142 1641 111 30 scantling
2265 1645 38 19 cut
2314 1641 66 24 down
2392 1650 25 15 or
2428 1642 67 24 burnt

1913 1681 29 15 on
1954 1674 49 23 that
2014 1674 51 30 day.

1947 1706 209 26 Cross-examined.
2158 1720 33 5 —
2192 1707 49 24 The
2261 1706 104 26 accident
2387 1708 73 24 which
2480 1709 14 24 I

1912 1747 35 16 am
1959 1740 112 32 suffering
2087 1741 79 28 under,
2178 1739 54 33 (viz.
2246 1740 38 24 the
2299 1741 99 24 fracture
2417 1750 28 15 on
2455 1742 39 24 the

1912 1772 56 25 head
1982 1773 44 23 and
2037 1773 88 24 broken
2141 1773 58 33 leg,)
2210 1773 54 25 took
2275 1774 64 31 place
2357 1775 44 23 five
2420 1776 75 23 weeks

1911 1815 42 23 ago
1962 1815 6 21 ;
1989 1806 38 24 the
2039 1807 43 31 girl
2093 1815 45 16 was
2149 1808 71 31 living
2231 1807 22 22 in
2270 1807 37 23 the
2326 1808 72 23 house
2416 1813 24 19 at
2455 1809 40 24 the

1911 1841 53 23 time
1975 1848 7 21 ;
2001 1840 41 24 she
2054 1848 45 16 was
2111 1841 69 31 going
2189 1845 23 19 to
2230 1840 29 24 be
2277 1840 135 32 discharged
2427 1842 68 24 about

1911 1881 13 16 a
1933 1874 51 30 pair
1996 1874 24 22 of
2035 1874 73 24 boots.

1944 1906 73 24 Sarah
2027 1907 108 30 Jackson,
2148 1915 80 17 sworn.
2229 1919 35 4 —
2264 1906 14 24 I
2289 1907 46 24 live
2347 1911 23 20 at
2379 1907 115 33 Welling-

1911 1944 46 24 ton,
1971 1944 23 19 at
2010 1940 49 24 Mr.
2078 1940 111 31 Wyeth's,
2208 1947 25 18 as
2250 1939 38 24 his
2306 1946 92 19 servant
2407 1940 16 30 ;'
2433 1942 62 23 three

1911 1973 63 23 week
1974 1973 8 14 J
1982 1981 12 15 s
2005 1973 126 31 yesterday,
2144 1974 19 23 I-
2167 1978 60 19 went
2245 1973 62 24 there
2318 1982 7 20 ;
2345 1973 13 24 I
2370 1975 125 23 remember

1911 2005 104 24 Johanna
2036 2007 95 23 Connell
2149 2007 89 29 coming
2257 2014 30 15 on
2304 2014 15 15 a
2336 2007 121 32 Saturday,
2471 2012 22 19 to

1911 2039 36 23 the
1958 2039 61 23 back
2031 2039 54 23 door
2093 2048 6 21 ;
2118 2040 41 23 she
2179 2039 70 24 asked
2267 2043 24 19 to
2311 2047 39 15 see
2365 2040 38 23 the
2414 2041 59 31 baby
2483 2050 7 19 ;

1911 2072 12 23 I
1935 2080 70 15 never
2023 2073 70 22 heard
2114 2073 47 23 Mr.
2180 2072 84 32 Wyeth
2276 2073 73 30 speak
2367 2077 22 19 to
2401 2073 40 24 her
2452 2083 5 20 ;
2478 2074 14 23 I

1909 2113 47 15 was
1974 2106 24 22 in
2017 2106 38 23 the
2073 2106 107 29 kitchen;
2198 2107 19 23 it
2235 2113 47 15 was
2300 2110 42 19 not
2359 2107 98 30 possible
2479 2107 14 23 I

1909 2139 68 23 think
1987 2139 35 23 for
2042 2139 48 24 Mr.
2103 2139 84 31 Wyeth
2205 2144 22 19 to
2240 2139 57 23 have
2309 2139 50 23 said
2372 2147 43 23 any
2427 2140 67 31 thing

1909 2176 22 19 to
1951 2172 106 23 Johanna
2073 2172 99 24 without-
2186 2180 37 24 my
2243 2172 96 31 hearing
2355 2173 32 28 it;
2415 2174 14 22 I
2448 2182 45 15 saw

1909 2206 96 30 nothing
2016 2211 41 25 put
2066 2206 23 23 in
2101 2206 38 23 the
2151 2207 41 22 fire
2212 2205 66 24 while
2292 2205 12 24 I
2324 2214 46 15 was
2382 2206 63 24 there
2453 2215 6 20 ;
2479 2207 14 24 I

1909 2247 47 15 saw
1966 2247 30 15 no
2008 2247 45 15 saw
2063 2248 6 19 ;
2090 2239 12 23 I
2121 2247 44 15 saw
2182 2238 96 32 nothing
2289 2239 71 23 taken
2379 2240 59 23 from
2455 2240 39 24 the

1908 2273 108 30 partition
2027 2281 7 20 ;
2054 2272 95 31 nothing
2159 2273 14 23 I
2191 2271 67 25 think
2276 2273 68 22 could
2354 2273 58 24 have
2424 2273 70 24 taken

1907 2306 65 31 place
1982 2306 95 23 without
2091 2314 39 23 my
2141 2306 77 31 seeing
2229 2306 26 22 it.

1908 2353 4 3 •
1942 2339 209 24 Cross-examined.
2153 2352 34 4 —
2187 2339 24 24 It
2221 2347 46 14 was
2280 2339 70 24 about
2358 2347 42 16 one
2413 2347 25 16 or
2450 2344 42 19 two

1908 2372 87 24 o'clock
2007 2372 64 24 when
2083 2372 40 24 she
2135 2381 70 20 came,
2219 2372 44 24 and
2275 2373 60 23 staid
2354 2381 43 15 one
2411 2381 26 15 or
2448 2377 43 19 two

1907 2406 68 23 hours
1984 2415 7 20 ;
2010 2407 19 22 it
2039 2414 45 15 was
2097 2414 29 15 on
2137 2405 121 31 Thursday
2267 2414 6 20 ;
2293 2405 13 24 I
2318 2405 68 24 know
2397 2407 39 22 the
2447 2407 44 30 day

1907 2440 40 22 she
1959 2447 72 21 came,
2039 2447 33 15 we
2083 2447 57 15 were
2149 2440 101 29 washing
2260 2439 39 23 the
2311 2439 44 31 day
2366 2439 77 24 before
2452 2449 5 20 ;
2477 2440 15 24 I

1906 2473 56 23 have
1974 2473 45 23 had
2031 2481 29 14 no
2079 2473 155 23 conversation
2246 2472 70 23 about
2333 2473 61 23 what
2412 2473 14 23 I
2443 2481 47 15 was

1907 2510 20 19 to
1942 2514 39 23 say
1993 2506 66 24 when
2071 2506 13 23 I
2104 2514 62 16 came
2183 2506 53 23 here
2247 2514 6 20 ;
2273 2504 15 24 I
2306 2506 57 23 have
2382 2511 42 18 not
2435 2506 56 24 been

1906 2539 71 24 asked
1992 2540 60 23 what
2070 2539 14 24 I
2103 2540 73 23 would
2194 2546 40 24 say
2242 2548 6 19 ;
2268 2546 30 16 no
2318 2547 43 16 one
2378 2539 43 24 has
2440 2548 52 15 ever

1905 2572 72 24 asked
1987 2581 37 15 me
2034 2582 6 19 ;
2060 2573 13 23 I
2084 2572 58 24 have
2163 2577 40 19 not
2219 2572 48 23 told
2285 2580 45 23 any
2352 2580 41 16 one
2405 2572 60 24 what
2476 2573 15 23 I

1904 2606 75 23 would
1996 2614 42 22 say
2046 2615 6 20 ;
2072 2606 13 23 I
2106 2614 45 15 wwass
2153 2628 10 9 s
2170 2605 99 31 brought
2287 2605 56 24 here
2360 2605 96 26 because
2476 2606 20 24 I>

1904 2647 45 15 was
1961 2640 25 22 in
1997 2640 39 22 the
2048 2639 92 23 kitchen
2152 2639 30 23 all
2193 2640 38 22 the
2242 2638 63 24 time.

1936 2673 90 23 Arthur
2049 2672 124 31 Heywood,
2198 2679 82 16 sworn.
2281 2684 35 4 —
2316 2671 15 24 I
2352 2672 68 23 know
2446 2673 43 24 .the

1903 2705 70 24 house
1987 2706 47 23 Mr.
2047 2706 85 31 Wyeth
2142 2706 56 23 lives
2210 2707 23 22 in
2240 2713 7 21 ;
2268 2713 14 15 a
2290 2706 64 30 piece
2367 2706 25 23 of
2407 2706 81 24 timber

1905 2741 31 21 20
1949 2739 46 23 feet
2005 2739 56 31 long
2079 2739 66 23 could
2162 2744 41 19 not
2221 2738 27 24 be
2267 2738 101 32 brought
2384 2739 49 23 into
2452 2740 38 23 the

1903 2772 59 24 back
1974 2770 93 26 kitchen
2079 2772 61 30 door,
2154 2772 44 24 and
2209 2772 53 24 thus
2276 2777 65 18 enter
2361 2772 39 23 the
2420 2773 69 23 coffee

1903 2813 70 16 room.

1937 2839 51 23 The
1997 2839 74 31 Judge
2081 2840 26 23 in
2117 2839 37 23 his
2173 2839 82 30 charge
2273 2842 24 19 to
2313 2838 40 23 the
2369 2838 55 31 jury
2442 2839 47 23 told

1904 2871 68 30 them,
1987 2872 53 31 they
2050 2877 62 19 must
2123 2873 90 23 dismiss
2231 2871 40 23 the
2288 2871 51 23 fact
2353 2871 60 23 from
2433 2871 57 25 their

1902 2906 84 28 minds,
1998 2906 50 23 that
2059 2906 38 23 the
2107 2906 102 31 prisoner
2221 2911 46 16 was
2278 2904 58 23 tried
2350 2912 28 16 on
2386 2912 14 15 a
2406 2904 84 25 former

1903 2940 112 23 occasion.
2059 2939 61 23 That
2139 2939 54 30 they
2210 2945 25 17 as
2250 2937 117 32 jurymen,
2391 2945 26 16 as
2440 2933 57 29 well'

1903 2980 23 15 as
1940 2972 35 29 he,
1989 2980 24 15 as
2022 2970 82 33 Judge,
2116 2976 61 19 must
2189 2970 77 25 attend
2284 2975 22 19 to
2325 2970 40 24 the
2383 2971 107 24 evidence

1903 3005 59 31 only,
1976 3005 45 23 and
2035 3005 31 24 all
2082 3005 84 30 parties
2185 3003 117 32 discharge
2311 3024 7 6 t
2321 3004 60 24 their
2402 3005 88 23 several

1902 3038 73 23 duties
1998 3037 120 32 according
2144 3042 22 19 to
2196 3037 57 24 their
2282 3036 74 30 oaths,
2386 3037 103 25 however

1900 3071 87 30 painful
1999 3070 18 24 it
2029 3071 73 31 might
2113 3071 26 23 be
2155 3075 24 19 to
2194 3070 59 24 their
2273 3069 106 33 feelings.
2428 3071 62 24 That

1900 3104 38 23 the
1950 3104 103 32 prisoner
2065 3103 108 33 (Wyeth)
2184 3103 44 24 had
2240 3104 106 23 received
2363 3112 30 15 an
2412 3105 85 24 excel-*

1900 3137 47 23 lent
1958 3137 116 24 character
2092 3137 59 23 from
2170 3144 96 25 persons
2284 3137 25 23 of
2325 3137 128 33 credibility
2462 3143 25 19 at

1899 3170 36 24 his
1946 3170 85 24 former
2043 3170 51 24 trial
2106 3170 25 24 of
2146 3170 73 25 which
2232 3170 30 23 he
2280 3170 76 25 would
2374 3170 59 25 have
2450 3171 38 24 the

1899 3203 93 25 benefit.

1932 3237 53 23 The
1996 3237 58 31 Jury
2063 3237 56 24 after
2129 3245 13 16 a
2150 3237 62 24 short
2222 3237 153 24 consultation
2380 3238 108 23 returned

1899 3278 13 15 a
1930 3270 87 24 verdict
2039 3270 26 24 of
2082 3270 84 31 guilty,
2184 3271 186 31 recommending
2391 3271 49 23 him
2460 3276 25 18 to

1898 3311 86 23 mercy.

1913 3361 4 3 .
1932 3336 52 24 The
1999 3337 105 31 prisoner
2121 3345 47 16 was
2187 3337 54 25 then
2259 3336 123 25 sentenced
2400 3341 22 19 to
2442 3341 51 19 two.

1897 3369 99 24 months'
2008 3370 58 23 hard
2076 3370 89 25 labour.

1930 3403 60 23 This
1999 3410 53 17 case
2064 3404 75 24 closed
2150 3404 38 24 the
2205 3403 104 25 criminal
2327 3410 64 16 cases
2408 3403 77 24 before

1897 3435 40 24 the
1950 3437 81 23 Court.

1929 3469 53 23 The
1993 3470 74 31 Judge
2074 3470 25 24 in
2106 3470 144 32 discharging
2256 3469 39 23 the
2303 3469 64 32 jury,
2380 3469 103 24 thanked

1897 3502 61 24 them
1982 3503 35 24 for
2038 3503 38 24 the
2098 3505 102 30 patience
2222 3502 45 23 and
2295 3503 110 29 integrity
2431 3503 64 33 with.;

1896 3536 72 24 which
1983 3536 54 31 they
2048 3536 45 24 had
2105 3536 132 32 discharged
2248 3535 59 25 their
2320 3535 83 24 duties.
2443 3536 42 23 He

1897 3567 50 33 (the
1958 3569 87 32 Judge)
2057 3570 55 24 took
2125 3571 36 23 the
2171 3569 102 25 occasion
2285 3573 22 18 to
2320 3568 92 23 remark
2422 3576 63 24 upon

1897 3602 37 24 the
1946 3603 46 23 late
2003 3604 50 28 fire,
2065 3603 73 24 which
2149 3603 44 24 had
2205 3601 106 25 occurred
2323 3602 28 22 at'
2360 3600 38 24 the
2409 3602 72 24 Court
2491 3609 4 5 '

1897 3635 90 31 House,
2004 3637 46 23 and
2067 3637 30 23 he
2114 3636 87 32 begged
2219 3640 22 18 to
2257 3642 80 16 assure
2349 3634 37 24 the
2404 3634 79 30 Court,
2492 3635 3 5 '

1896 3668 44 24 and
1952 3669 39 23 the
2001 3670 78 31 public
2091 3669 98 31 through
2205 3669 69 27 them,
2293 3667 51 23 that
2361 3667 39 24 the
2411 3668 73 24 whole
2490 3685 5 6 .

1896 3702 25 23 of
1935 3703 39 23 the
1984 3711 82 23 papers
2081 3702 45 24 and
2146 3702 66 23 deeds
2233 3700 124 24 connected
2375 3701 56 23 with
2444 3701 40 24 the

1897 3736 92 31 Connty
2004 3736 88 28 .Court,
2116 3743 24 15 as
2161 3735 49 23 well
2232 3741 25 16 as
2280 3733 38 24 the
2337 3734 147 32 preliminary

1895 3769 150 31 proceedings
2057 3769 25 23 of
2097 3768 36 23 the
2142 3769 108 31 Supreme
2261 3767 81 29 Court,
2354 3774 59 17 were
2426 3768 54 25 safe.

1897 3802 68 24 Since
1977 3802 39 24 the
2036 3805 190 20 commencement
2245 3800 25 23 of
2291 3799 65 25 these
2374 3802 109 30 proceed-

1896 3835 58 31 ings,
1967 3835 31 23 all
2009 3835 120 28 affidavits,
2130 3847 33 4 —
2164 3837 107 21 warrants
2290 3833 25 24 of
2337 3837 111 29 attorney,
2448 3847 37 5 —
2492 3841 4 10 '

1892 3868 155 31 judgements,
2048 3880 33 4 —
2082 3867 75 29 deeds,
2182 3867 35 24 &c
2227 3884 6 12 ,
2257 3866 46 25 and
2325 3866 32 25 all
2385 3872 96 20 matters

1895 3901 124 23 counected
2027 3901 53 23 with
2090 3901 37 23 the
2135 3901 179 24 administration
2323 3900 26 24 of
2358 3899 38 25 the
2405 3901 77 24 effects

1896 3931 149 27 ofMeceased
2057 3941 100 24 persons,
2171 3941 56 17 were
2244 3934 109 30 carefully
2367 3934 115 31 deposited

1895 3969 24 22 in
1928 3976 29 15 an
1970 3969 49 23 iron
2031 3968 53 29 box,
2098 3968 42 23 and
2156 3976 56 16 were
2230 3967 57 32 kept
2301 3974 24 16 at
2340 3968 37 23 his
2396 3969 86 31 private

1895 4001 71 26 house
1977 4001 61 26 until
2049 4009 14 17 a
2073 4001 60 26 safer
2144 4001 64 35 place
2217 4000 67 26 could
2293 4000 30 25 be
2333 4001 121 32 procured.

585 66 248 61 W&'Vt&b
855 82 431 45 gtirtmttKSKWtt*
1307 88 94 39 antr
1421 89 303 50 CtfMlingtott
1745 96 253 44 siwrtator.

73 180 4 6 .
104 165 33 22 To
157 172 46 14 the
224 164 79 22 Right
327 164 57 22 Rev.
404 165 47 23 Dr.
471 166 105 28 Selwyn,
601 166 65 23 Lord

59 190 106 24 'Bishop
176 198 26 14 of
212 190 58 22 New
278 189 207 34 ZEALAND.^May
493 193 19 21 it
526 193 77 28 please
612 200 54 21 your

57 218 138 27 .-Lordship,
196 227 26 5 —
321 219 12 19 \

103 249 48 22 The
159 248 138 22 inhabitants
313 249 26 22 of
348 249 42 23 the
404 251 141 28 Bdrough-of
555 251 110 29 Welling-

77 280 43 23 ton,
132 275 125 22 assembled
265 275 24 22 in
299 276 73 22 Pubic
379 277 108 28 Meeting,
495 278 169 23 have-resolved

76 310 28 15 on
252 305 23 19 to
285 310 56 20 your
357 303 111 28 Lordship
478 304 59 23 their
546 305 118 27 respectful

77 328 193 28 congratulations,
280 337 30 15 on
324 331 105 21 'occasion
476 338 56 18 your
548 332 81 22 arrival
638 332 24 23 in

75 356 43 22 this
126 359 51 25 part
186 355 26 22 of
223 355 38 23 the
271 356 85 28 Colony
365 357 32 22 of-
403 357 57 23 New
473 358 109 23 Zealand.

101 383 171 28 Representing,
285 390 24 15 as
328 383 44 23 this
387 385 99 27 meeting
501 385 61 28 does,
574 393 14 14 a
604 393 59 15 com-

74 411 88 26 munity
176 409 121 28 composed
311 411 26 21 of
350 412 112 21 members
477 412 26 21 of
513 412 31 21 all
559 413 104 27 religious

76 436 185 27 denominations,
279 444 33 14 we
329 437 31 22 all
376 437 64 22 unite
456 445 28 14 on
501 439 120 27 principles
640 440 26 21 of

75 463 106 22 Christian
191 462 86 29 charity
288 463 45 23 and
349 464 89 22 mutual
447 465 125 28 toleration,
584 469 23 18 to
616 465 45 23 hail

74 496 56 21 your
140 489 131 29 Lordship's
285 489 47 23 first
346 491 126 28 visitation,
484 499 23 14 as
517 499 14 14 a
539 492 80 27 pledge
628 493 34 21 for

75 516 36 22 the
137 516 155 27 perpetuation
315 518 26 22 of
359 517 65 23 those
447 518 120 28 principles
590 519 71 22 which

75 542 91 29 happily
175 543 91 23 nourish
283 551 82 21 among
379 552 28 15 us
424 548 25 19 at
463 545 38 22 the
516 549 89 24 present
614 553 47 14 mo-

74 573 70 19 ment.
150 593 2 6 t
173 571 42 21 We
224 571 93 28 believe,
329 571 54 29 also,
395 571 50 22 that
459 579 56 20 your
532 572 129 28 Lordship's

74 597 127 27 reputation
210 597 37 23 for
260 598 104 28 learning
379 599 45 21 and
443 598 69 22 moral
527 599 78 28 worth,
617 600 44 21 will

69 623 82 28 justify
167 625 37 21 the
219 625 145 27 -expectation
379 625 28 22 of
420 625 38 21 the
473 628 98 23 greatest
586 626 75 27 public

73 649 90 30 benefit,
174 651 58 22 from
242 659 56 20 your
306 654 136 25 acceptance
452 653 22 20 of
487 651 38 22 the
542 651 118 29 Episcopal

71 676 84 29 charge
174 679 25 21 of
219 678 39 22 the
277 679 90 21 Church
386 678 27 22 of
433 678 105 27 England
554 679 25 22 in
598 679 61 24 these

68 703 96 24 islands.
258 724 3 5 ,
420 703 55 28 '."',.

150 732 81 32 rejoice
242 731 48 22 that
290 740 1 12 ;
300 731 49 22 tliat
358 731 86 23 church
458 731 19 22 is
491 732 135 24 established
635 734 24 23 in

68 758 45 23 this
123 759 86 28 Colony
219 766 28 15 on
255 758 120 29 principles
384 758 49 23 that
447 763 80 18 cannot
537 760 75 22 offend
621 762 37 22 the

69 785 131 23 reasonable
216 786 100 27 scruples
322 783 3 6 '
335 786 27 21 of
372 785 3 4 '
381 785 66 22 other
464 786 193 30 denominations;

70 820 14 14 a
93 813 161 22 circumstance
263 811 72 23 which
344 812 82 22 affords
435 820 26 14 us
470 813 37 22 the
518 815 141 28 opportunity

70 839 27 21 of
105 839 159 28 unanimously
274 839 133 27 concurring
417 839 53 22 with
478 840 41 21 her
525 848 50 14 own
590 849 69 15 mem-

69 865 51 22 bers
134 865 25 22 in
172 865 47 23 'this
233 866 92 21 humble
339 866 83 21 tribute
439 867 26 20 of
476 871 92 23 respect,
580 868 43 22 and
634 869 22 22 in
667 866 2 30 |

69 892 96 28 wishing
175 891 21 23 to
205 900 56 21 your
270 893 111 28 Lordship
391 893 45 21 and
451 901 55 24 your
522 894 80 28 clergy,
620 896 38 22 the

68 918 90 29 highest
167 927 101 14 measure
278 920 26 21 of
315 920 126 30 prosperity
456 920 22 21 in
487 920 38 22 the
543 920 114 29 discharge

70 946 25 21 of
106 954 58 19 your
174 945 76 28 duties,
260 945 39 23 riot;
309 947 53 26 only
372 950 103 24 amongst
484 947 36 22 the
530 947 125 29 European,

66 972 42 22 but
130 976 93 25 amongt
245 973 39 22 the
301 973 76 22 native
400 973 128 28 population
549 974 27 21 of
595 974 61 23 these
659 983 4 4 -

68 999 98 22 Islands.
175 998 3 6 '
364 1004 5 24 ;

277 1026 113 22 Michael
405 1026 112 27 Murphy,
529 1027 62 27 Esq.,
625 1044 1 5 ,

151 1064 5 4 •
290 1068 3 5 •
322 1051 5 31 I
499 1053 129 23 Chairman.

101 1081 55 23 Mr.
170 1080 121 29 Hanson,
308 1088 60 18 rose,
379 1086 24 18 to
411 1081 83 24 second
501 1081 40 24 the
553 1082 109 32 address.,

29 1132 6 4 -
68 1113 38 25 He
118 1114 40 23 did
169 1118 40 19 not
221 1114 82 31 belong
320 1114 97 23 *o--that
435 1114 89 24 church'
541 1115 26 23 of
582 1116 72 24 which

66 1147 38 23 the
115 1147 131 31 gentleman
325 1147 54 31 they
390 1147 46 24 had
455 1147 49 24 that
524 1148 67 31 night
609 1155 45 18 met

66 1184 23 22 to
107 1180 106 24 welcome
224 1188 26 15 so
267 1180 107 31 worthily
449 1181 91 31 highest
555 1183 99 30 position

66 1213 124 31 occupied;
209 1213 43 24 but
269 1213 29 24 he
316 1213 99 32 rejoiced
434 1219 22 18 to
477 1214 47 23 find
548 1216 49 23 that
616 1217 38 24 the

66 1246 92 24 address
172 1255 45 15 was
229 1247 76 23 drawn
317 1254 29 24 up
358 1255 63 24 upon
430 1248 127 31 principles:
564 1256 26 16 so
601 1258 52 23 per-

65 1279 69 31 fectly
145 1280 196 31 unobjectionable
358 1280 51 24 that
419 1281 30 23 he
466 1285 61 19 most
546 1282 107 32 cordially

66 1313 83 31 agreed
160 1317 22 19 to
196 1314 28 22 its
240 1312 115 32 adoption:
362 1317 4 4 '
377 1317 4 5 '
393 1314 51 24 The
462 1314 93 24 address
567 1324 61 23 upon
640 1325 13 15 a

68 1347 61 22 show
141 1346 26 23 of
181 1346 80 29 hands,
275 1354 45 15 was
329 1347 98 31 adopted
439 1348 168 32 unanimously.

98 1380 55 24 Mr.
167 1380 92 24 White
279 1380 114 31 proposed
411 1380 50 24 that
478 1389 13 15 a
514 1381 138 26 Committee

67 1413 81 23 should
163 1413 28 23 be
212 1413 128 31 appointed,
349 1424 3 4 •
361 1413 46 24 and
429 1414 98 23 selected
545 1415 59 24 from
613 1416 3 6 '
623 1417 29 23 all

66 1446 84 24 classes
162 1446 45 24 and
221 1451 68 24 sects,
301 1446 67 24 when
387 1447 39 24 the
445 1447 117 33 following
582 1449 69 25 Com-

62 1481 77 23 mittee
150 1487 66 17 were.
220 1480 82 23 named
312 1488 7 16 :t:
322 1505 4 6 t
390 1502 5 8 t

92 1516 44 22 Mr.
148 1516 98 27 Murphy
247 1533 9 10 r
259 1532 4 4 .
271 1516 40 22 Dr.
320 1517 91 27 .Evans,
428 1517 45 22 Mr.
489 1517 97 30 Hunter,
605 1520 39 23 Mr

66 1543 31 21 St.
115 1543 58 21 Hill.
191 1543 46 21 Mr.
253 1543 102 28 Hanson,
375 1544 45 22 Mr.
437 1544 106 29 Mocatta,
561 1547 89 24 Colonel

66 1566 131 31 Wakefield,
219 1570 43 22 Mr.
283 1570 107 27 Wallace,
414 1571 45 22 Mr.
479 1572 100 27 Guyton,
607 1575 37 21 Mr

65 1597 69 26 Lyon,
153 1597 44 21 Mr.
208 1596 77 29 Levin,
301 1597 33 22 M.
346 1597 77 27 Wade,
435 1597 109 23 Rowland
561 1600 82 23 Davies

66 1623 42 22 Mr.
125 1623 94 28 Cooper,
236 1624 45 22 Mr.
298 1623 62 23 John
377 1624 78 28 Smith,
471 1625 44 23 Mr.
535 1625 114 25 Halswell'

65 1649 54 23 Rev.
130 1650 47 22 Mr.
186 1649 140 24 M'Farlane.
644 1651 5 10 '

96 1686 52 24 Dr.
161 1686 91 24 Evans
264 1688 114 30 proposed
397 1696 14 15 a
420 1692 53 20 vote
489 1689 27 24 of
530 1689 86 26 thanks
627 1696 22 20 to

65 1719 37 24 the
114 1719 132 30 Chairman,
256 1720 40 23 for'
302 1720 36 23 his
351 1721 99 24 conduct
461 1722 139 32 throughout
612 1725 37 24 the

65 1754 103 29 evening,
177 1753 44 23 and
231 1753 30 23 he
272 1753 71 24 added
353 1763 15 14 a
374 1759 52 19 vote
436 1755 25 23 of
470 1757 179 30 congratulation

63 1786 34 24 for
108 1786 36 24 his
157 1787 85 30 having
252 1787 105 31 presided
369 1792 24 19 at
405 1788 39 24 the
454 1789 50 24 first
511 1789 45 31 (R.
569 1790 79 31 Waitt,

64 1819 65 32 Esq.,
142 1819 54 24 here
207 1820 121 24 remarked
345 1821 52 23 that
415 1822 19 23 it
446 1829 44 17 was
503 1823 38 23 the
553 1824 96 32 second)

63 1853 100 31 meeting
173 1853 53 23 held
237 1853 24 23 in
275 1853 39 24 the
332 1853 98 33 Colony,
442 1855 75 25 where
536 1856 43 30 the,
586 1866 49 16 reso
637 1872 11 12 r

63 1886 85 23 lutions
159 1886 45 24 had
214 1886 58 24 been
284 1888 84 31 passed
378 1889 169 32 unanimously.

93 1919 55 24 Mr.
180 1919 115 24 Hunter
318 1921 121 29 seconded,
462 1923 44 23 and
534 1923 40 24 the
597 1929 51 20 vote

61 1952 24 24 of
104 1952 86 24 thanks
213 1954 45 23 and
280 1954 181 31 congratulation
486 1963 46 17 was
562 1958 86 24 carried

50 1992 77 25 .snem.
138 1991 62 20 con;,
205 1987 54 26 with,
271 1987 146 33 acclamation
421 1988 23 27 1/
511 2001 9 9 <

94 2018 54 23 Mr.
157 2018 118 25 Murphy
287 2020 108 23 returned
403 2020 84 25 thanks
498 2022 36 24 for
544 2022 38 24 the
593 2030 54 25 very

59 2050 224 26 handsomemanner
289 2053 22 23 in
320 2052 74 25 which
402 2054 38 23 the
445 2056 100 30 meeting
551 2056 45 24 had
602 2063 45 18 met

58 2084 44 24 Dr.
111 2084 99 25 Evans's
223 2086 86 23 motion
321 2086 25 23 of
355 2094 16 15 a
376 2091 52 19 vote
437 2087 24 23 of
466 2090 180 30 congratulation

58 2121 22 19 to
89 2117 101 25 himself:
226 2118 39 24 He
273 2119 110 31 certainly
391 2119 42 24 felt
443 2122 79 29 proud,
536 2123 45 22 and
592 2131 53 16 con-

57 2151 87 24 sidered
162 2152 19 23 it
197 2152 143 24 remarkable
361 2153 50 23 that
417 2147 46 31 .'he.
473 2154 51 24 .had
546 2155 46 25 had
609 2156 37 24 the

57 2184 56 31 good
136 2185 91 23 fortnne
250 2189 23 19 to
296 2193 87 24 occupy
402 2185 39 25 the
463 2187 62 24 chair
549 2196 30 16 on
601 2194 43 19 two

57 2218 111 28 occasion,
173 2218 72 23 -when
256 2218 37 24 the
305 2219 52 23 civil
367 2219 45 24 and
424 2220 107 31 religious
543 2222 101 24 liberties

57 2250 25 24 of
96 2251 38 23 the
153 2252 140 31 community
306 2252 88 24 formed
407 2252 39 25 the
462 2255 183 31 subject-matter

57 2284 24 23 of
89 2284 136 25 discussion.
263 2284 38 25 On
319 2284 63 31 bpth^
394 2284 63 27 these
477 2289 117 24 occasions
605 2290 39 24 the

56 2318 135 23 resolutions
202 2326 59 16 were
272 2319 83 31 passed
366 2321 170 32 unanimously.

89 2350 50 24 The
153 2351 72 24 result
236 2352 26 23 of
268 2352 47 23 this
326 2353 102 31 meeting
438 2359 68 25 must,
518 2363 34 16 we
569 2356 73 30 think;

56 2383 69 24 afford
136 2384 90 31 subject
238 2385 25 23 of
279 2385 183 32 congratulation
473 2392 21 20 to
506 2389 32 23 all
550 2391 92 30 parties.

320 2421 4 4 •
341 2425 21 10 ♦
378 2417 2 7 '
397 2419 5 4 '
412 2416 4 6 '
448 2420 4 8 l

55 2446 143 26 COUNTY
231 2445 134 30 COURT,
393 2451 248 24 WELLINGTON.

54 2485 134 24 BEFORE.
196 2487 54 23 HIS
271 2488 126 23 HONOR-
408 2490 27 22 E.
458 2490 184 28 HALSWELL;

145 2513 142 24 JUDGE.—
289 2514 162 25 CRIMINAL
466 2518 80 23 SIDE.

195 2548 128 27 [Continued
323 2551 64 24 from
394 2557 39 15 our
442 2552 59 27 last.}

147 2582 180 32 Wednesday,
344 2586 69 25 July
430 2589 24 28 2,
475 2589 74 24 1842.

84 2614 90 25 Robert
183 2636 3 4 .
196 2616 82 32 Wyeth
289 2619 109 24 undicted
416 2620 36 25 for
477 2622 100 32 stealing
596 2624 44 24 five

52 2648 73 31 pieces
142 2650 26 22 of
177 2652 118 31 scantling-
301 2652 44 24 and
357 2660 64 17 some
435 2654 80 25 blocks
526 2656 27 23 of
567 2657 71 30 wood,

53 2681 36 24 the
100 2688 109 26 property
220 2685 26 22 of
256 2685 111 24 Rowland
378 2686 92 26 Davis.'
485 2705 4 6 ,

83 2715 32 24 R.
129 2716 33 24 R.
175 2716 82 31 Dayis,
269 2715 134 32 sworij.-rl
421 2728 38 16 am
477 2730 29 15 an
523 2723 115 31 engineer,

52 2748 43 24 and
111 2749 46 23 live
170 2754 23 20 at
212 2750 192 34 Lambtoniciuay
411 2762 6 20 ;
438 2754 60 24 lam
515 2757 101 30 erecting
626 2766 14 15 a

51 2780 69 25 house
132 2786 25 19 at
175 2782 196 34 Lambton-quay,
384 2786 46 23 and
440 2787 56 24 have
511 2789 129 30 purchased

52 2814 66 24 obout
130 2816 68 26 40Q0
210 2824 25 15 or
247 2817 69 24 5000*
316 2817 56 24 feet
383 2819 25 22 of
419 2820 98 23 wood—
517 2814 121 39 sVantling,

50 2845 51 26 blue
112 2848 74 30 glum,
198 2848 46 25 and
254 2849 85 24 blocks-
354 2851 25 23 of
393 2852 64 24 wood
468 2850 125 34 (manuka)
607 2855 32 24 for

49 2879 148 31 foundation.;
216 2883 33 23 45
261 2883 46 24 feet
318 2883 59 24 from
389 2884 81 25 Waitf
478 2894 13 15 a
501 2886 84 32 Tyser,
599 2890 38 28 10,

52 2914 37 28 12,
104 2916 40 27 19,
159 2916 39 28 15,
211 2915 45 24 and
275 2917 75 23 six'of
358 2919 49 28 20;
428 2918 13 23 I
451 2918 56 25 have
523 2921 86 24 missed
625 2930 15 15 a

24 2952 3 5 1
49 2947 88 30 portion
156 2947 32 24 of-
199 2947 47 25 this
264 2949 45 23 and
321 2949 72 24 'other
402 2949 2 7 '
411 2951 82 24 timber
514 2953 37 24 for
574 2954 64 25 these

50 2987 60 17 some
120 2980 94 25 months
231 2986 54 27 past
285 2996 33 4 —
319 2982 115 26 Question
434 2990 55 26 .put
489 2999 35 4 —
524 2994 47 16 was
583 2987 55 32 kept

50 3017 21 18 at
80 3013 37 24 the
129 3014 62 24 front
200 3014 27 24 of
235 3015 50 25 Mr.
297 3015 94 33 Perry?s
402 3019 109 29 premises
520 3028 7 20 ;
547 3020 39 24 the
594 3021 44 24 last

50 3045 80 25 which.
133 3046 15 25 l
166 3048 86 23 missed
270 3056 58 17 were
340 3049 96 31 lO^l2j
449 3052 44 23 and
504 3060 44 16 one
560 3054 27 23 of
595 3056 41 28 20,

50 3080 41 23 and
107 3080 56 24 five-
170 3081 103 24 manuka
289 3082 82 24 blocks
381 3088 13 24 ;■
413 3083 23 24 I'
447 3085 57 24 have
525 3091 41 18 not
585 3095 53 16 seen

50 3111 57 26 them
118 3114 65 23 since
191 3123 7 21 ;
217 3114 40 25 the
267 3114 72 25 house
357 3116 76 24 which
451 3118 22 28 I,
484 3126 57 20 now.
550 3127 87 25 occupy

49 3151 43 17 was
106 3146 105 26 fastened
219 3169 4 6 ,
229 3148 31 32 by
271 3150 68 28 4000,
348 3149 61 24 nails
421 3154 24 19 at
462 3151 37 24 the
511 3152 68 30 back,
593 3154 44 24 and

49 3176 78 27 locked
145 3181 28 25 in
181 3182 85 29 .front;
291 3182 44 24 the-
350 3187 131 28 carpenters
500 3184 58 33 kept
578 3186 59 24 their

50 3212 53 24 tools
213 3214 43 24 but
267 3223 70 24 every
345 3217 75 31 night
425 3217 39 24 the
481 3218 52 24 best
543 3224 54 26 part
614 3220 24 23 of

50 3243 35 25 the
95 3247 82 24 timber
188 3248 74 25 which
271 3248 49 25 was*
329 3250 81 31 placed
421 3250 106 25 therefor
536 3254 99 31 security

24 3273 16 20 *
50 3283 41 19 was
102 3280 77 30 taken,
182 3280 6 17 r
191 3280 47 26 ahd
246 3276 39 30 ttie
296 3283 61 24 back
368 3283 56 24 door
435 3285 76 23 forced
523 3293 67 24 open.

80 3311 326 30 Cross-examined.-r-There
417 3325 46 16 was
477 3325 29 17 no
517 3318 66 24 fence
594 3320 41 23 be-

49 3346 66 23 tween
123 3346 39 24 the
169 3348 64 31 place
241 3349 122 25 wherethe
372 3351 84 24 timber
464 3359 45 16 was
516 3351 119 33 deposited

44 3377 45 28 .and
100 3378 38 25 the
150 3381 76 31 public
238 3375 68 37 road!;
319 3383 46 24 'the
377 3384 101 24 manuka
489 3393 47 16 was
554 3386 81 31 placed

49 3416 57 19 some
118 3412 25 24 in
160 3414 38 24 the
210 3415 134 26 houseandi
355 3426 65 15 some
432 3422 24 19 at
467 3418 37 24 the
522 3418 61 25 back
593 3428 7 20 ;
619 3419 14 24 I

49 3443 80 26 missed
146 3447 44 24 five
200 3448 86 32 pieces*
291 3450 51 24 -and
354 3451 74 24 called
439 3451 38 24 the
489 3453 112 23 attention
611 3454 26 23 of

24 3501 5 15 (
49 3475 34 26 the
94 3484 129 27 carpenters
235 3487 23 19 to
267 3482 39 25 the
318 3485 173 24 circumstance.

77 3510 119 27 Johannah
209 3514 104 32 Conriell,
325 3518 134 25 sworn.—].
461 3515 3 7 1
472 3527 37 16 am
521 3518 111 33 daughter

48 3544 20 21 to
90 3544 95 26 Charles
208 3548 97 24 Connell
327 3550 26 24 of
372 3551 257 33 Wellington-terrace;

48 3577 75 24 turned
132 3579 105 25 fourteen
243 3581 34 29 ;.I
286 3590 45 16 was
338 3589 94 19 servant
436 3589 27 20 to
470 3586 146 31 Mr..Wyeth
623 3596 6 20 ;

47 3607 57 27 three
116 3619 26 16 or
157 3612 53 24 four
226 3613 77 25 weeks
321 3623 43 24 ago
377 3617 20 23 I
408 3617 42 25 left
466 3627 39 23 my
515 3619 66 32 place
618 3620 12 24 I

47 3646 40 20 was
105 3645 24 23 in
148 3644 37 24 his
197 3647 100 23 service:
303 3647 52 26 four
365 3650 107 31 months;
491 3652 15 24 I
518 3657 61 19 went
593 3659 37 19 out

47 3676 19 21 to
76 3676 60 25 fetch
151 3678 66 23 wood
227 3678 36 24 for
280 3680 62 31 him;
364 3681 13 25 I
390 3683 95 26 .fetched
502 3694 64 15 some
577 3687 54 31 long

45 3713 70 23 pieces
123 3719 7 20 ;
151 3710 14 24 I
183 3716 48 26 got^
242 3712 63 24 them
322 3713 58 26 from
399 3723 13 16 a
426 3716 58 33 heap
506 3727 56 16 near
580 3720 48 25 Mr.

47 3739 87 35 Perry's
146 3742 94 32 house;,
252 3745 38 25 the
301 3748 64 24 wood
376 3756 46 16 was
432 3752 128 32 scantling;
579 3753 49 25 Mr.

45 3772 78 33 Wyeth
131 3777 48 24 told
191 3785 37 17 me
236 3782 24 20 to
271 3784 40 26 get
322 3780 61 25 them
393 3790 7 20 ;
414 3790 63 17 some
484 3792 45 16 was
541 3786 88 24 burned

45 3808 40 23 and
100 3817 63 17 some
179 3819 45 16 was
241 3812 58 24 used
311 3814 25 22 in
354 3814 50 25 Mr.
422 3815 105 32 Wyeth's
539 3819 72 24 house
620 3829 15 21 ;•

24 3855 6 5 •
45 3845 26 17 on
83 3841 94 34 Sunday
186 3845 20 23 it
216 3852 47 16 was
273 3846 99 32 raining,
386 3848 45 24 and
441 3849 29 24 he
482 3851 50 24 said
543 3852 30 24 he
585 3853 44 25 had

45 3878 26 17 no
85 3875 112 32 firewood,
209 3878 47 24 and
271 3878 30 24 he
320 3880 51 24 said
388 3880 14 25 I
420 3887 62 19 must
492 3892 30 23 go
533 3886 47 24 and
590 3890 39 27 get

44 3910 64 27 some,
120 3909 21 23 if
156 3909 14 25 I
182 3916 60 19 went
260 3911 99 34 through
371 3915 50 24 iron
430 3924 7 20 ;
453 3915 14 25 I
478 3916 40 25 did
533 3926 39 23 go,
585 3920 44 23 and

42 3942 55 42 Jent
113 3944 23 21 to
148 3942 39 25 the
197 3944 60 33 heap
268 3946 46 24 and
331 3947 56 25 took
398 3948 56 25 hold
470 3949 25 25 of
508 3949 64 27 them
584 3953 44 23 and

30 4003 5 7 ,
42 3972 96 35 <tygged
149 3975 20 27 it
177 3977 26 25 in
210 3986 9 23 j
237 3978 66 27 there
314 3988 61 19 were
392 3981 25 27 in
437 3982 40 27 the
485 3991 66 21 room
561 3985 67 27 when

648 176 18 14 to
694 170 124 32 I-brought
826 172 22 22 it
857 171 25 24 in
895 172 46 24 Mr.
952 172 88 31 Wyeth
1048 173 45 24 and
1101 174 47 24 Mr.
1160 175 115 32 Canning;

648 202 18 14 31
694 204 14 23 I
718 203 70 24 heard
799 204 51 24 Mr.
861 204 87 31 Wyeth
960 213 40 23 say
1012 206 19 23 it
1042 213 46 17 was
1107 209 32 22 20
1150 207 48 25 feet
1209 209 55 31 long
1273 218 2 20 ;

648 260 6 10 r
655 265 10 4 _
692 236 96 31 nothing
799 244 46 16 was
858 237 50 23 said
919 238 65 23 when
996 238 14 23 I
1026 238 100 32 brought
1141 240 19 23 it
1170 242 26 22 in
1204 250 7 20 ;
1232 242 43 23 Mr.

648 271 16 30 'd
692 269 84 31 Wyeth
788 269 54 24 took
854 270 18 23 it
891 270 58 23 from
969 279 37 15 me
1026 272 45 22 and
1087 272 54 24 took
1152 273 18 23 it
1182 274 49 23 into
1243 275 32 23 the

648 307 16 21 ill
692 301 92 25 kitchen
795 311 6 20 ;
821 301 29 25 he
861 303 75 23 sawed
947 303 19 23 it
977 303 25 24 in
1012 303 56 30 half,
1080 305 45 24 and
1136 305 54 25 took
1202 307 20 23 it
1230 308 45 23 into

648 334 14 21 in
692 334 38 24 the
743 334 153 30 coffee-room,
908 335 74 24 which
992 337 21 23 is
1022 337 25 23 in
1058 337 61 24 front
1127 347 5 20 ;
1146 338 38 24 the
1197 340 78 24 coffee-

692 376 63 15 room
765 375 45 16 was
821 372 41 19 not
873 376 59 23 open
942 373 24 20 to
976 369 38 24 the
1019 369 80 32 public
1106 380 7 20 ;
1126 371 39 24 the
1174 373 101 31 prisoner

648 394 15 41 |~
691 408 46 17 was
749 400 94 32 making
854 400 78 25 bunks
939 411 7 19 ;
966 402 29 23 he
1013 403 66 24 made
1090 405 119 30 partitions
1222 406 25 23 of
1261 407 14 23 it

648 440 18 22 j£
725 433 46 24 nail
783 433 38 24 the
833 434 83 24 boards
933 439 23 19 to
968 435 18 23 it
993 444 7 20 ;
1015 436 49 24 Mr.
1078 437 106 32 Canning
1196 446 46 17 was
1254 440 21 23 in

648 467 13 22 il
690 467 39 23 the
740 466 93 24 kitchen
841 475 8 21 ;
867 467 15 24 I
893 467 100 33 brought
1002 476 31 16 no
1043 477 63 16 more
1118 470 25 24 of
1151 470 50 25 that
1212 472 63 29 kind,

648 501 11 14 »■
690 499 41 23 but
743 499 12 24 I
767 499 98 32 brought
875 501 26 22 in
913 508 63 16 some
994 501 116 25 red-wood
1127 503 50 31 logs
1186 514 7 19 ;
1213 505 14 23 I
1238 510 37 26 got

648 555 13 13 H
690 532 63 24 these
763 532 58 23 from
831 541 56 16 near
896 534 51 23 Mr.'
954 534 95 24 Davies'
1059 535 138 25 blacksmith
1204 538 57 31 shop
1268 547 6 20 ;

647 574 2 9 >
650 581 11 14 a
689 565 73 23 round
779 566 80 23 blocks
870 575 6 20 ;
903 566 101 25 between
1023 573 44 18 two
1085 569 44 24 and
1148 569 65 25 three
1231 571 44 24 feet

648 601 13 21 11
689 598 54 31 they
754 606 57 16 were
824 599 13 23 I
850 599 68 24 think
927 609 6 5 •
946 600 38 24 the
996 601 105 31 prisoner
1109 610 44 16 was
1162 603 113 32 chopping,

648 635 13 14 ■c
688 639 30 23 up
731 632 69 23 these-
805 632 58 31 logs,
876 632 50 25 Mr.
939 633 108 32 Canning
1059 638 67 20 'came
1145 635 67 25 down
1233 638 42 23 and

648 668 12 35 £
688 665 49 23 said
748 669 22 19 to
783 665 38 23 the
831 666 104 30 prisoner
945 667 20 22 it
982 674 46 16 was
1047 675 14 16 a
1078 672 63 27 great
1161 669 79 25 shame
1252 675 23 19 to

688 697 58 32 chop
763 706 30 23 up
812 698 64 24 these
894 699 57 31 logs,
965 700 45 24 and
1028 700 29 24 he
1076 701 72 23 would
1169 708 41 25 get
1227 704 48 23 into

648 741 11 16 n
687 731 87 24 trouble
786 731 70 24 about
866 732 19 23 it
894 741 6 20 ;
914 732 13 24 I
938 733 58 24 have
1009 741 68 16 never
1089 741 53 16 seen
1154 743 46 23 any
1211 736 63 24 other

648 771 10 14 c
687 764 112 31 scantling
811 766 24 22 in
847 765 39 24 the
898 766 123 31 prisoner's
1034 766 70 24 house
1122 774 82 25 except
1215 769 59 24 what

650 806 6 10 »
687 797 15 24 I
713 797 98 32 bronght
821 799 24 22 in
855 808 6 19 ;
882 803 24 19 at
917 799 37 24 the
965 799 60 24 back
1038 800 26 23 of
1078 800 37 23 the
1128 801 70 24 house
1211 803 62 24 there

648 824 11 36 ■[
687 838 57 17 were
756 835 42 20 two
810 831 64 24 short
885 833 75 30 pieces
972 832 45 24 and
1029 841 43 16 one
1089 833 55 31 long
1160 835 65 30 piece
1235 844 5 21 ;
1261 836 12 24 I

648 877 8 15 n
686 864 104 24 recollect
802 864 50 24 that
863 865 39 24 the
922 866 102 30 prisoner
1038 866 101 31 changed
1154 872 43 19 two
1211 869 63 24 short

648 905 9 14 c
685 897 76 30 pieces
770 897 37 24 for
819 905 42 16 one
871 898 58 31 long
945 899 65 30 piece
1019 907 6 20 ;
1047 898 37 24 the
1101 901 103 30 prisoner
1216 910 56 23 gave

648 931 9 14 c
686 929 39 24 the
736 930 54 31 long
801 931 71 30 piece.
1230 931 10 33 f

648 958 15 39 £.
719 962 212 25 Cross-examined.
943 975 36 5 —
991 964 59 24 This
1073 967 106 23 occurred
1203 968 69 24 about

685 994 68 25 three,
759 1004 24 15 or
794 995 52 24 four
857 996 99 24 months'
969 1005 43 23 ago
1021 1007 6 20 ;
1047 998 29 24 he
1095 999 46 23 told
1158 1008 37 15 me
1207 1006 24 18 to
1242 1010 29 22 go

684 1033 40 18 out
735 1028 43 23 and
786 1033 40 27 get
835 1037 63 16 some
905 1030 64 23 wood
979 1031 136 24 somewhere
1124 1033 34 23 for
1166 1034 39 24 the
1215 1035 41 23 fire
1263 1045 5 20 ;

685 1060 12 24 I
709 1061 98 31 brought
817 1062 23 23 in
854 1070 63 16 some
934 1063 59 24 little
1013 1065 76 30 pieces
1101 1066 57 30 first,
1170 1067 46 24 and
1234 1069 37 24 the

648 1101 14 21 ,•>
683 1095 102 29 prisoner
796 1095 49 24 said
859 1095 54 32 they
925 1104 57 17 were
999 1105 31 16 no
1049 1098 66 31 good,
1130 1100 54 31 they
1197 1102 73 24 would

648 1126 6 14 1
683 1128 59 23 burn
753 1136 61 23 away
828 1129 76 31 quick,
919 1130 42 24 and
980 1138 30 23 go
1030 1136 40 26 get
1087 1138 61 18 some
1165 1134 40 31 big
1216 1135 52 29 bits,

683 1161 45 23 and
741 1161 52 24 then
806 1162 13 23 I
830 1162 91 25 fetched
932 1164 23 22 in
970 1164 39 23 the
1026 1165 114 32 scantling
1148 1175 5 20 ;
1176 1167 10 23 1
1200 1168 69 24 found

648 1192 6 16 1
683 1194 19 23 it
711 1202 54 16 near
777 1195 47 23 Mr.
838 1195 95 32 Perry's
944 1201 61 20 store
1013 1206 7 20 ;
1040 1197 14 25 I
1066 1199 80 30 passed
1159 1200 38 23 the
1208 1201 62 24 front

648 1227 6 14 3
682 1227 55 24 door
755 1228 43 23 and
816 1234 60 18 went
896 1230 62 31 right
975 1231 74 23 round
1067 1236 22 19 to
1108 1232 37 24 the
1157 1233 60 24 back
1226 1244 7 19 ;
1251 1236 19 23 it

682 1269 46 15 was
740 1261 68 23 about
819 1263 38 22 six
871 1263 87 23 o'clock
979 1272 30 15 on
1027 1265 95 31 Sunday
1132 1266 118 25 afternoon
1261 1278 5 19 ;

648 1293 5 21 '?
682 1293 14 24 I
708 1295 104 22 recollect
828 1295 48 24 Mr.
898 1296 85 23 Batton
999 1297 85 32 asking
1102 1298 46 24 him
1167 1300 101 25 whether

648 1326 5 15 1
680 1326 31 24 he
718 1335 3 8 ■
734 1328 72 30 might
831 1328 39 31 lay
893 1337 62 15 some
979 1329 82 25 boards
1078 1353 3 7 ,
1088 1333 44 23 and
1154 1335 115 31 scantling

680 1361 72 23 under
763 1361 36 23 his
812 1361 94 24 window
914 1363 33 23 for
956 1371 52 15 care
1014 1373 6 19 ;
1035 1364 18 23 it
1062 1372 45 16 was
1120 1373 28 16 on
1160 1374 14 15 a
1185 1367 82 24 Satur-

648 1402 4 6 •
681 1394 44 30 day
736 1394 55 23 after
809 1394 47 23 this
868 1396 109 24 occurred
985 1405 6 20 ;
1012 1398 136 24 remembers
1160 1407 30 16 no
1203 1401 65 24 other

648 1421 4 20 1
680 1427 82 23 timber
769 1427 69 31 being
844 1428 99 32 bronght
950 1438 6 19 ;
970 1430 29 23 he
1006 1430 98 32 brought
1113 1432 63 24 three
1184 1441 27 16 or
1217 1434 50 24 four

648 1465 3 5 ■
681 1460 82 31 planks
775 1460 99 30 himself,
892 1462 42 24 but
943 1462 54 24 Ido
1005 1469 40 17 not
1056 1464 66 24 know
1130 1465 75 25 where
1215 1467 52 31 they

681 1501 62 16 came
755 1493 55 24 from
821 1503 6 20 ;
848 1495 13 22 I
874 1495 29 23 do
915 1502 40 17 not
965 1497 127 24 remember
1105 1506 44 24 any
1160 1499 106 25 bullock-
1274 1508 2 10 '

680 1531 49 19 cart
739 1528 90 30 coming
840 1533 23 18 to
875 1528 40 24 the
929 1530 123 30 prisoner's
1064 1531 70 24 house
1147 1533 54 23 with
1212 1535 54 22 tim-

678 1559 42 24 ber
728 1569 7 20 ;
748 1560 14 23 I
772 1561 107 24 recollect
891 1570 62 16 some
963 1563 74 24 chairs
1048 1564 69 32 being
1133 1566 107 31 bronght,
1252 1568 13 23 I

648 1599 1 3 '
680 1601 45 16 was
738 1598 38 19 out
784 1594 53 23 with
847 1594 38 24 the
894 1595 66 31 baby,
974 1597 43 23 and
1025 1597 46 24 had
1079 1599 52 30 only
1139 1599 52 31 just
1202 1608 64 16 come

648 1625 1 37 j
679 1627 25 23 in
712 1636 6 19 ;
732 1627 14 23 I
758 1632 81 19 cannot
851 1636 41 24 say
902 1629 20 23 if
931 1630 83 23 timber
1021 1638 46 16 was
1078 1631 98 32 brought
1183 1637 25 20 at
1217 1634 49 24 that

678 1660 71 30 time;
770 1660 14 24 I
802 1662 90 23 noticed
910 1670 41 17 no.
957 1663 83 24 timber
1054 1662 68 34 lying
1137 1667 74 23 under
1226 1667 39 24 the

648 1701 1 15 )
677 1693 92 31 parlour
781 1694 93 24 window
882 1703 8 21 ;
912 1695 15 24 I
943 1696 65 24 don't
1024 1699 125 26 remember
1160 1707 46 24 any
1218 1706 48 18 cart

648 1735 1 14 j
678 1727 91 30 coming
783 1728 52 22 with
854 1728 89 30 timber,
962 1730 41 23 but
1020 1730 15 24 I
1042 1725 109 31 'recoiled
1167 1742 15 14 a
1197 1733 67 24 horse

648 1768 1 15 i
678 1760 44 23 and
735 1765 48 19 cart
800 1762 92 31 coming
909 1763 30 23 to'
949 1763 54 24 take
1016 1771 62 25 away
1090 1765 47 24 Mr.
1158 1766 106 25 Batton's

647 1811 2 10 ,
678 1793 94 30 timber;
798 1794 14 23 I
835 1794 28 24 do
885 1800 40 19 not
945 1797 128 24 remember
1095 1799 48 24 Mr.
1165 1799 99 25 Guthrie

648 1829 1 24 )
678 1827 90 31 coming
776 1827 54 23 with
840 1828 107 24 bullocks
959 1834 23 19 to
992 1830 69 32 bring
1073 1832 79 23 timber
1162 1841 25 15 or
1200 1841 65 24 carry

647 1874 2 4 •
676 1860 20 22 it
707 1867 62 23 away
777 1869 6 20 ;
807 1860 13 24 I
831 1863 128 23 remember
970 1864 70 31 being
1052 1866 117 23 examined
1190 1872 25 18 at
1226 1867 38 24 the

676 1892 157 25 Police-office
841 1903 8 20 ;
870 1895 13 23 I
897 1895 62 24 don't
978 1898 126 23 remember
1121 1900 83 31 saying
1216 1900 48 24 that

647 1934 2 15 i
676 1926 39 23 the
734 1926 63 24 affair
816 1931 22 20 to
857 1928 75 24 which
950 1929 45 23 this
1011 1931 160 31 investigation
1193 1933 70 24 refers

647 1959 2 23 I
676 1959 55 23 took
742 1959 63 31 place
816 1960 64 24 three
892 1962 77 23 weeks
980 1963 77 24 before
1068 1964 55 23 then
1130 1974 7 20 ;
1150 1965 14 24 I
1175 1966 89 25 believe

676 1992 28 23 he
716 1992 54 23 tdok
782 1993 18 23 it
816 1994 48 23 into
876 1994 40 23 the
928 1995 147 25 coffee-room
1085 1998 72 23 whole
1168 1998 47 24 and
1226 2004 38 19 cut

647 2033 2 4 •
676 2025 19 23 it
711 2032 31 25 up
753 2026 24 23 in
789 2025 63 25 there
861 2035 6 20 ;
892 2022 49 30 Mr.
953 2027 108 33 Canning
1078 2031 21 22 is
1118 2039 14 15 a
1148 2031 82 32 lodger
1240 2038 23 19 at

647 2067 2 14 ;
676 2057 46 24 this
734 2059 60 29 time,
812 2057 35 26 he'
852 2060 62 23 lived
926 2058 63 26 tKere
998 2062 80 32 longer
1090 2064 54 23 than
1155 2072 14 16 a
1181 2065 64 25 week
1254 2075 6 20 ;

676 2091 12 23 I
701 2091 67 24 think
779 2092 29 23 he
817 2093 61 23 lived
887 2093 63 25 there
958 2095 69 24 about
1037 2096 63 23 three
1111 2097 75 24 weeks
1194 2107 6 20 ;
1213 2100 47 23 Mr.

676 2124 105 32 Canning
791 2133 69 16 never
870 2132 53 18 sent
934 2135 36 16 me
982 2133 39 19 out
1033 2133 23 19 to
1073 2134 38 27 get
1125 2130 119 26 fire-wood
1253 2142 6 20 ;

647 2168 2 11 i
675 2157 12 23 I
701 2158 40 23 left
752 2159 67 23 about
830 2167 14 15 a
856 2160 78 24 month
946 2168 51 24 ago,
1010 2161 64 25 three
1086 2164 74 23 weeks
1172 2170 89 26 yester-

675 2190 43 32 day
726 2199 6 21 ;
755 2191 13 24 I
780 2197 58 18 went
851 2201 63 23 away
925 2194 96 24 because
1035 2195 13 24 I
1066 2198 93 30 stopped
1171 2203 41 19 out
1231 2199 30 24 all

675 2224 65 31 night
746 2234 6 19 ;
761 2225 28 23 he
797 2226 50 23 said
856 2226 12 24 I
876 2227 74 31 might
957 2227 53 24 take
1019 2237 38 23 my
1064 2229 83 32 things,
1155 2232 46 23 and
1207 2232 54 24 take

673 2258 85 30 myself
767 2258 45 30 off;
833 2259 14 24 I
864 2259 42 24 left
927 2260 68 25 about
1006 2270 13 15 a
1031 2264 78 22 month
1118 2272 41 23 ago
1169 2274 6 20 ;
1195 2265 65 25 three

674 2291 74 25 weeks
759 2292 75 24 before
841 2293 15 23 I
863 2293 41 24 left
912 2293 13 25 I
935 2295 48 23 told
987 2303 38 24 my
1034 2297 87 24 mother
1128 2298 13 23 I
1151 2306 47 17 was
1205 2299 54 24 tak-

673 2325 40 31 ing
725 2325 36 24 the
772 2326 71 30 wood,
857 2327 45 24 and
911 2328 40 23 she
963 2329 49 24 said
1019 2330 21 22 if
1049 2330 14 24 I
1075 2331 54 23 took
1140 2340 45 23 any
1195 2340 62 16 more

672 2357 41 24 she
724 2359 73 24 would
809 2360 41 23 tell
861 2360 48 25 Mr.
923 2361 87 24 Davies
1019 2372 7 20 ;
1042 2363 12 24 I
1066 2365 88 23 wanted
1165 2370 23 19 to
1202 2366 57 31 light

672 2398 13 16 a
699 2392 42 23 fire
744 2415 5 9 t
752 2400 31 15 on
798 2393 38 24 the
849 2395 113 31 morning,
976 2404 29 15 on
1016 2397 95 31 Sunday
1124 2398 12 23 I
1148 2403 61 19 went
1219 2405 40 18 out

671 2424 45 24 and
734 2431 38 26 got
790 2434 64 17 some
864 2428 111 32 shingles;
995 2429 14 24 I
1021 2430 56 23 took
1092 2431 46 24 Mr.
1161 2432 98 25 Smith's

671 2457 100 33 shingles
783 2467 6 21 ;
814 2460 63 24 there
898 2469 57 16 were
974 2471 64 16 some
1057 2464 100 31 shingles
1176 2466 27 23 of
1221 2466 37 24 the

669 2492 115 31 prisoners
791 2493 65 32 lying
866 2502 30 16 on
905 2495 183 31 the'hen-hpuse,
1098 2498 41 23 but
1146 2499 28 23 he
1182 2500 76 24 would

670 2529 41 19 not
720 2525 32 24 let
763 2534 35 16 me
811 2527 53 24 take
875 2528 62 24 them
947 2538 6 20 ;
968 2530 56 24 Mr.,
1031 2530 84 31 Wyeth
1126 2540 44 15 was
1182 2533 25 23 in
1216 2533 43 23 bed

669 2558 46 23 and
727 2559 45 24 told
788 2568 37 16 me
835 2565 23 19 to
873 2561 29 24 do
914 2563 53 29 this,
988 2563 50 24 that
1049 2572 14 15 a
1080 2572 52 17 man
1143 2565 52 24 who
1212 2566 45 24 had

669 2591 93 25 ordered
770 2601 62 16 some
840 2595 70 24 coffee
918 2596 81 24 should
1005 2597 57 24 have
1068 2605 62 17 some
1136 2607 7 20 ;
1155 2599 12 23 I
1173 2599 90 32 picked'

668 2624 40 24 the
718 2626 101 32 shingles
831 2624 40 27 oui;
917 2630 87 23 several
1012 2631 96 24 bundles
1116 2641 6 19 ;
1137 2632 12 23 I
1157 2633 100 32 brought

667 2658 25 23 in
704 2667 13 15 a
729 2659 76 30 block,
826 2661 45 24 and
882 2661 29 24 he
932 2662 72 25 asked
1014 2672 38 16 me
1064 2664 72 25 where
1148 2665 14 24 I
1170 2671 42 26 got
1230 2667 25 28 it,

668 2691 14 24 I
694 2693 47 23 told
749 2693 54 30 him,
816 2695 45 23 and
868 2695 31 24 he
909 2696 49 24 said
967 2705 29 23 go
1009 2698 45 23 and
1065 2703 39 26 get
1113 2707 62 16 some
1183 2707 71 22 more,

668 2732 25 16 as
706 2725 13 24 I
732 2732 58 19 want
801 2732 23 19 to
834 2727 65 25 dress
910 2737 15 16 a
932 2729 38 32 leg
978 2730 25 24 of
1012 2731 67 31 pork,
1092 2732 44 24 and
1145 2732 20 24 if
1175 2733 13 23 I
1199 2733 58 24 send

666 2758 20 23 it
698 2763 23 19 to
734 2760 47 24 Mr.
791 2761 86 24 Sellers
889 2762 30 24 he
928 2763 44 24 will
980 2763 54 24 take
1041 2769 39 19 out
1087 2765 31 23 all
1125 2765 37 24 the
1169 2774 73 24 gravy
1247 2776 7 20 ;

667 2798 44 17 one
723 2792 43 32 day
777 2794 49 24 Mr.
838 2794 87 31 Wyeth
936 2796 46 24 lost
989 2805 63 16 some
1064 2798 100 32 shingles
1176 2800 36 23 off
1219 2800 36 24 his

666 2824 139 31 hen-house,
826 2827 45 24 and
892 2828 40 24 the
946 2830 105 30 prisoner
1063 2832 49 23 said
1123 2832 20 23 if
1158 2833 41 23 she
1218 2833 38 24 did

667 2864 25 16 so
706 2859 66 30 again
789 2859 29 24 he
830 2861 74 23 would
915 2861 52 31 give
978 2862 20 24 it
1014 2862 48 31 her,
1082 2865 43 23 and
1137 2873 25 16 so
1183 2866 14 24 I
1210 2874 46 16 was

665 2888 145 33 frightened;
829 2893 39 23 the
878 2895 105 30 prisoner
995 2896 48 24 told
1054 2905 36 16 me
1108 2902 22 19 to
1140 2904 39 26 get
1191 2908 64 15 some

666 2923 109 32 shingles,
794 2927 44 22 and
845 2927 19 22 J
876 2927 51 24 said
936 2928 76 24 where
1030 2937 38 17 am
1080 2930 13 24 I
1104 2936 23 18 to
1141 2937 40 26 get
1192 2933 63 24 them

664 2956 68 30 from,
745 2958 28 24 he
785 2959 49 23 said
852 2968 29 23 go
897 2961 47 23 into
963 2961 49 25 Mr.
1025 2963 101 26 Smith's,
1132 2965 73 24 house
1214 2975 7 21 ;
1244 2966 10 24 I

666 2989 40 25 did
716 2999 33 21 so,
762 2992 44 23 and
818 2992 48 24 Mr.
880 2993 85 31 Wyeth
977 2995 55 24 then
1044 2996 47 24 told
1101 3005 37 16 me
1150 3003 22 19 to
1184 3000 70 24 make
1256 3004 2 5 1

665 3022 66 25 haste
743 3025 43 23 and
801 3029 39 27 get
849 3033 64 17 some
932 3027 101 33 shingles
1044 3029 59 25 from
1120 3031 72 30 these,
1213 3033 41 24 be-

664 3056 50 24 fore
729 3057 38 24 the
779 3064 131 26 carpenters
927 3068 62 17 came
1005 3062 26 23 in
1048 3062 38 25 the
1097 3066 132 31 morning;-
1241 3067 12 23 1

664 3097 48 16 was
736 3096 39 18 not
793 3093 98 23 accused
910 3094 26 23 of
955 3094 70 33 being
1048 3104 14 16 a
1082 3096 57 24 thief
1158 3103 25 19 at
1203 3099 49 25 Mr.

664 3122 106 32 Wyeth's
778 3134 7 20 ;
803 3125 64 24 there
885 3134 47 17 was
948 3135 14 16 a
972 3123 66 37 piece
1054 3130 26 23 of
1095 3130 67 24 silver
1178 3132 76 24 which

664 3156 63 25 Mrs.
736 3157 130 25 Robertson
876 3163 44 28 put
928 3168 27 16 on
963 3162 40 24 the
1010 3162 63 24 shelf
1081 3164 44 23 arid
1132 3165 18 22 it
1157 3173 47 16 wa3
1216 3174 36 16 re-

661 3190 85 24 moved
756 3199 61 23 away
827 3197 23 18 to
862 3193 95 25 another
972 3195 73 31 place,
1059 3197 44 24 and
1113 3197 54 24 then
1180 3199 15 23 I
1206 3207 47 16 was

664 3224 97 23 accused
779 3225 25 23 of
819 3227 94 30 moving
930 3228 18 23 it
965 3229 56 23 with
1041 3229 38 25 the
1097 3231 113 25 intention
1231 3233 25 23 of

664 3257 98 31 stealing
771 3258 19 23 it
798 3267 6 20 ;
819 3258 12 23 I
840 3262 155 23 wasaccused
1004 3262 26 23 of
1039 3263 97 32 stealing
1147 3273 13 15 a
1170 3266 53 31 pair
1230 3266 26 23 of

663 3288 66 25 boots
748 3290 122 33 belonging
888 3297 23 19 to
925 3301 12 16 a
955 3296 72 23 maori
1046 3304 96 23 woman,
1164 3298 13 24 I
1197 3299 55 24 took

662 3321 64 25 them
737 3323 34 24 for
783 3332 13 16 a
807 3324 59 29 lark,
884 3326 47 23 and
941 3327 14 23 I
967 3335 46 16 was
1024 3328 73 25 afraid
1113 3331 45 24 and
1169 3332 82 24 denied

658 3355 30 29 ,it,
701 3356 42 23 but
753 3356 14 25 I
779 3357 131 25 afterwards
923 3360 117 25 confessed
1050 3363 18 23 it
1077 3371 7 21 ;
1104 3363 47 25 Mr.
1149 3365 4 12 r
1164 3365 88 31 Wyeth

661 3388 73 24 found
752 3389 37 25 the
807 3391 66 24 boots
894 3393 26 22 in
936 3393 40 24 the
995 3394 61 24 back
1066 3396 71 32 place,
1156 3399 46 24 and
1222 3398 29 24 he

662 3422 56 24 took
729 3422 61 25 them
801 3423 61 25 back
873 3429 24 19 to
917 3426 52 24 Mr;
979 3426 115 27 Williams
1103 3438 5 7 •
1129 3430 20 24 T
1155 3431 62 24 lived
1228 3436 23 19 at

661 3454 62 26 Mrs.
737 3455 107 26 Hewitt's
853 3466 7 21 ;
872 3458 15 24 I
898 3466 46 17 was
953 3459 136 34 discharged
1099 3463 98 25 because
1209 3465 42 23 she

661 3488 68 25 could
739 3494 39 19 not
796 3490 72 25 afford
879 3496 24 20 to
922 3492 59 33 keep
993 3498 44 20 two
1049 3501 110 26 servants,
1179 3506 15 16 a
1204 3498 49 30 boy,

660 3522 46 24 and
717 3523 85 31 myself
809 3532 15 21 ;,
829 3524 70 25 -Mrs.
913 3525 89 26 Hewitt
1017 3536 70 17 never
1099 3531 97 24 accused
1212 3539 37 16 me

660 3555 27 24 of
695 3556 97 32 stealing
801 3558 131 32 anything;
945 3560 14 23 I
970 3560 58 25 have
1040 3562 45 24 had
1096 3570 29 16 no
1138 3564 49 24 talk
1195 3564 55 24 with

661 3589 48 24 Mr.
723 3589 70 30 Pode,
806 3590 29 24 he
848 3592 50 23 said
910 3597 23 19 to
944 3602 37 15 me
996 3598 23 20 at
1031 3595 40 24 the
1082 3596 165 31 Police-office,

658 3630 47 23 you
722 3622 57 25 have
796 3623 58 24 done
870 3633 15 16 a
896 3631 76 26 pretty
984 3627 66 32 thing
1062 3636 39 24 my
1112 3629 59 32 lady,
1194 3630 54 24 take

659 3664 52 16 care
721 3664 45 23 you
777 3664 38 16 are
826 3662 41 19 not
878 3664 53 19 sent
941 3668 77 16 across
1030 3661 40 24 the
1081 3667 77 25 water,
1170 3663 14 24 I
1198 3663 51 24 said

658 3689 55 24 take
725 3697 49 16 care
794 3698 46 23 you
852 3699 40 16 are
909 3697 40 19 not
965 3698 51 20 sent
1033 3702 77 17 across
1129 3696 37 24 the
1178 3701 69 19 water

657 3723 115 30 yourself;
791 3723 49 25 Mr.
855 3724 65 25 Pode
930 3726 20 23 is
962 3727 40 24 the
1013 3728 116 31 prisoners
1139 3729 108 24 brother-

657 3756 96 29 in-law;
777 3756 49 25 Mr.
850 3757 86 32 Wyeth
954 3767 70 17 never
1164 3770 44 18 me.
1224 3763 27 23 of

657 3789 99 32 stealing
772 3789 59 25 from
848 3790 50 25 him
915 3792 45 24 and
976 3794 81 30 giving
1073 3795 38 22 the
1128 3795 77 31 things
1224 3799 22 20 to

657 3827 23 19 to
701 3831 38 23 my
748 3822 74 24 father
830 3832 6 20 ;
857 3824 54 25 Mrs
923 3825 154 32 Macgreggor
1097 3828 49 23 said
1163 3829 25 23 in
1207 3828 39 24 the

658 3856 164 29 Police-office,
839 3856 53 25 that
908 3858 42 24 she
968 3859 99 31 thought
1085 3859 41 24 she
1144 3868 47 17 saw
1209 3869 38 16 me

657 3889 55 24 take
722 3890 93 23 tobacco
827 3897 36 20 or;
870 3891 132 31 something
1019 3892 42 24 she
1070 3892 38 24 did
1120 3897 46 20 -not
1177 3894 70 24 know

656 3922 61 24 what
737 3923 18 23 it
758 3923 54 23 'was
823 3922 14 30 ;'
850 3922 55 25 Ido
926 3925 127 24 remember
1074 3925 67 33 being
1151 3932 54 20 sent
1223 3932 23 20 to

652 3959 44 27 .get
709 3963 15 16 a
742 3955 37 26 £5
798 3955 119 33 changed;
936 3957 30 24 he
981 3963 52 20 sent
1050 3967 37 16 me
1106 3965 39 19 out
1165 3966 23 20 to
1207 3967 40 26 get

656 3988 88 35 change
756 3997 42 19 one
810 3994 45 22 wet
864 3990 69 35 night
942 3991 27 25 in
979 3992 31 26 all
1021 3992 40 26 the
1080 3994 58 31 rain,
1150 3995 14 27 J
1175 3995 48 26 lost
1234 4003 13 18 a
