3290 4290
100 152 226 51 Visitors'
348 150 122 49 List.

101 267 110 26 Brent's
366 267 52 26 Bathgate
425 267 39 26 House.

68 301 29 21 2>
103 304 62 20 Barry
173 301 22 19 J.
204 299 80 22 ittiSEsll,
292 298 154 19 West3l*ittotod

65 327 42 16 Airs
119 324 59 19 '-Sunt-
187 322 47 21 BeW
242 322 61 19 BoMb
310 321 62 20 Wu>lo»

102 348 38 17 and
148 340 47 27 iiia
203 346 85 21 J.lueeU-,
298 343 89 21 Adelaide

100 372 54 22 -Gray
162 371 37 17 una
207 371 73 17 Master
286 368 58 23 Gray,
352 367 78 23 Sydney

100 395 86 22 Duugtes
194 395 75 18 iJrovrti,
281 391 38 24 i'HJI

101 416 63 19 fjcsli»;
173 414 74 24 JBtoWn,
257 416 38 21 Fiji

100 441 78 18 B»auiiCi
192 437 99 21 AutMand

96 459 71 26 Kraft,
181 459 37 26 Fiji

100 486 135 22 StoC'dloUgn,
244 482 47 19 New
298 482 61 19 South
367 481 63 19 Wales

98 509 66 20 Clark,
174 508 46 18 XeW
227 507 62 18 South
298 505 61 20 Wale*

63 531 49 19 Mks
120 530 99 22 Atkinson,
228 529 47 19 New
282 527 62 21 Sotttfa
352 527 61 19 Walra

67 556 48 17 MtMi
123 555 58 21 Pyke,
190 552 77 25 Sydney

100 577 70 23 Whitti,
179 576 47 19 New
232 576 62 18 South
301 575 61 18 Walcn

96 599 107 24 Campbell,
212 598 46 20 New
267 597 60 20 SotttH
336 596 61 19 Waled

98 625 97 17 Cottlnati.
206 619 99 21 Auckland

63 644 29 21 t>r
100 647 120 22 Darliugton,
230 644 89 21 England

66 671 32 17 Mr
106 670 37 17 and
152 670 47 17 Miss
207 668 71 21 Ericlli,
288 664 89 26 England

99 693 39 17 und
146 691 48 19 Mis?
201 692 87 19 Parßons,
298 687 99 20 Auckland

99 709 182 25 Ammn/Escande,
291 713 46 18 New
345 710 101 20 CuledoUift

97 738 75 22 Laurie,
181 738 108 22 OnehUnga

98 761 80 23 Hurley,
188 761 111 17 Melbourne

98 786 38 16 and
144 785 46 17 Miss
199 785 71 21 Ttaey,
282 781 74 24 Sydney

100 808 37 17 and
145 808 40 17 Mrs
194 807 78 22 Cooper,
282 804 98 19 Auckland

167 830 79 20 Natlier,
256 830 85 16 Western
350 825 94 21 Australia

167 853 77 20 Bonnie,
254 851 106 24 Wanganui

167 876 65 22 Risby,
244 874 89 24 England

167 897 54 20 tbos.
232 896 52 23 Hall,
294 894 87 25 England

98 919 61 24 Bond,
169 922 124 18 Manchester,
303 918 89 24 Englund

98 945 75 17 Gordon
183 945 58 19 Scott,
252 943 88 18 Scotland

96 968 68 21 White,
174 968 75 22 Sydney

97 992 22 16 A.
129 991 28 20 011
157 991 20 20 c,
188 990 75 23 Sydney

97 1014 93 18 Matthew
199 1013 74 20 Wilkin,
284 1013 105 22 Wanganui

96 1037 66 20 Webb,
174 1037 112 16 Melbourne

96 1060 114 20 McDonald,
220 1060 47 16 New
275 1058 59 17 South
343 1056 61 18 Wales

63 1082 79 23 Captain
152 1082 88 19 Eekford,
249 1080 96 18 Bkhheiii;

63 1105 63 23 Major
134 1105 57 21 Take,
200 1105 124 22 Wellington

182 1155 70 25 Lake
270 1155 94 24 House.

61 1194 40 16 Mrs
110 1191 93 19 Goodscm,
213 1190 98 18 Auckland

63 1216 46 17 Miss
117 1215 111 22 Fenleyson,
238 1213 110 18 Melbourne

62 1239 81 22 Captain
150 1238 38 17 and
196 1237 40 17 Mrs
244 1236 90 21 Aluodoo,
343 1234 99 20 Auckland

62 1262 32 17 Mr
101 1262 19 17 J.
128 1261 86 20 Ste\vart,
224 1260 98 17 Auckland

96 1284 67 20 Baker,
173 1283 76 23 Sydney

95 1307 37 17 and
141 1308 40 16 Mrs
190 1306 81 18 Gallard,
282 1305 75 23 Sydney

94 1330 38 17 and
140 1331 40 16 Mrs
189 1330 65 16 Duran
263 1328 37 17 ahd
308 1328 56 21 child,
374 1327 64 23 TaUpo

94 1353 38 17 and
140 1353 41 17 Mrs
188 1352 73 21 Howel,
272 1351 88 23 England

94 1376 82 21 McNab,
184 1375 117 23 Wellington

96 1399 37 17 and
142 1399 39 17 Mrs
191 1399 30 16 Du
230 1398 81 22 Templfe,
323 1397 68 18 Salnoii

95 1420 90 21 lYidmaii,
195 1422 76 21 Sydney

94 1445 97 23 Mcaglier,
202 1443 87 24 Fngland

94 1467 111 21 Robertson,
216 1467 78 17 Galatea

94 1491 71 20 Currie,
177 1487 98 20 Auckland

94 1514 56 21 Beck,
162 1512 97 19 Auckland

94 1538 63 19 Davis,
169 1536 98 18 Auckland

92 1561 62 19 Meek,
164 1559 88 18 Duncdin

93 1583 37 17 and
139 1583 46 17 Miss
194 1583 54 20 Rose,
257 1578 99 21 Auckland

93 1606 58 21 Road,
161 1606 68 18 Samoa

92 1629 58 20 Read,
160 1628 57 23 junr..
228 1627 66 18 Samoa

60 1650 40 19 Mrs
110 1652 36 17 and
155 1652 46 17 Miss
210 1650 83 20 Watson,
304 1648 104 20 Southlnbd

61 1676 69 17 Messrs
139 1675 46 20 Allt,
195 1674 76 23 Sydney

132 1698 78 20 Simons,
221 1697 89 22 England

172 1758 115 21 Rotorua
300 1756 84 23 Hotel.

58 1793 40 17 Mrs
108 1792 133 23 Shnungahan,

57 1817 47 16 Miss
112 1815 84 19 Whelan,
206 1816 100 21 Tauranga

94 1839 89 22 Murphy,

57 1862 32 17 Mr
97 1862 73 22 Logan,
183 1861 99 17 Auckland

93 1885 74 20 Bcxtcr,
178 1883 99 18 Auckland

92 1908 100 20 Johnston,
206 1907 75 23 Sydliey

93 1931 79 18 Rolston
181 1931 37 16 and
226 1932 11 15 2
245 1929 109 23 daughters,
365 1928 70 24 Napier

92 1954 46 23 Ley,
148 1951 78 20 London

92 1978 23 16 A.
125 1976 105 22 Scccombc,
240 1975 98 18 Auckland

92 2001 97 18 Bristowc,
198 1999 75 18 Broken
281 1999 41 17 Hill

91 2023 39 17 and
138 2024 40 16 Mrs
186 2022 101 20 Davidson,
298 2020 116 23 Greymoutll

91 2046 74 20 Hobbs,
175 2046 78 17 Galatea

91 2070 22 16 A.
123 2070 78 19 Barron,
211 2068 114 22 Wellington

90 2092 19 17 J.
118 2093 78 19 Barron,
207 2092 47 17 New
262 2091 102 22 Plymouth

89 2115 21 18 J.-
118 2113 110 22 Strenchan,
238 2115 46 17 New
293 2112 102 24 Plymouth

90 2139 61 17 Barns
159 2138 38 17 and
206 2137 66 21 friend,
282 2137 99 17 Auckland

497 2178 1 11 I

164 2200 137 25 Tarawera
310 2200 89 23 House

57 2239 32 17 Mr
97 2238 37 17 und
142 2238 39 16 Mrs
190 2238 22 17 G.
222 2235 75 25 Bridge,
306 2236 108 24 Wanganui

150 2261 19 18 J.
178 2261 21 17 T.
209 2261 81 19 Garlick,
301 2258 99 19 Auckland

150 2285 26 16 H.
185 2284 27 17 M.
223 2284 92 19 Sineetoh,
342 2296 12 7 ~

150 2308 22 16 E.
182 2307 58 20 Cook,
249 2307 47 17 Now
304 2306 60 18 South

59 2331 39 16 Mrs
106 2330 76 23 Bridge,
191 2330 59 22 junr.,
258 2329 112 23 Wanganui.

90 2354 72 22 Henry,
176 2352 81 18 Waiuku

90 2376 58 21 Rake,
158 2376 99 18 Auckland

56 2399 47 17 Miss
111 2400 23 16 R.
144 2399 81 21 Garlick,
235 2397 97 19 Auckland

57 2423 31 16 Mr
96 2423 45 16 Geo.
150 2423 52 20 Best,
211 2421 98 18 Auckland

92 2446 23 16 G.
124 2446 83 22 Boagey,
217 2446 58 16 Pateu

167 2498 104 23 Mokoia
289 2494 81 26 View.

56 2537 40 18 Mrs
104 2537 65 20 Elliot,
179 2537 89 22 England

56 2561 46 17 Miss
111 2561 44 20 Ivis,
165 2560 116 22 Wellington

177 2582 89 23 England

55 2608 32 16 Mr
95 2608 51 16 Corn
149 2604 37 24 gal,
196 2605 47 18 New
251 2604 59 19 South

90 2630 92 21 Simpson,
193 2628 75 23 Sydney

90 2653 79 20 Martin,
179 2651 115 18 Helcnsville

91 2676 67 20 Green,
168 2675 77 18 Manaia

92 2700 66 19 Green,
169 2698 106 22 Ouelnihga

90 2722 37 17 and
137 2722 39 16 Mrs
185 2720 112 21 McDonald,
307 2720 110 18 Melbouruc

91 2745 64 20 Davis,
165 2745 110 16 Melbourne

90 2768 58 22 Page,
158 2767 98 18 Auckland

90 2791 101 22 Reynolds,
199 2789 98 19 Auckland

134 2853 90 23 MAIL
237 2849 142 26 NOTICES.

65 2903 81 31 fpilE
155 2903 120 20 Letter-box
285 2903 40 20 will
336 2903 26 19 be
370 2903 80 20 cleared
457 2903 32 20 for

80 2923 8 22 I
125 2929 87 21 Despatch
221 2930 19 15 of
249 2929 142 21 correspondence
404 2929 44 15 from
459 2929 19 16 th-

62 2952 33 15 irty
101 2957 9 10 e
117 2953 19 14 to
142 2951 28 16 the
179 2950 160 17 under-mentioned
351 2950 63 20 plucen,
424 2956 19 10 as
456 2950 33 16 (tola

63 2977 45 11 ows:

82 2993 34 16 For
124 2994 39 15 Oxfi
171 2994 20 15 rd
198 2993 52 16 north
259 2993 33 15 and
299 2992 99 21 Auckland,
411 2992 77 21 Monday

59 3014 109 21 Wedie-day
174 3015 34 15 and
214 3015 69 19 Friday,
290 3015 9 15 V
307 3018 39 13 a.m.

80 3036 34 15 For
127 3036 92 20 Tauianga
242 3036 33 15 and
293 3035 85 20 Awahou,
397 3033 90 23 Thursday

60 3057 34 15 and
101 3057 90 20 Saturday,
202 3058 37 16 7.30
246 3062 41 14 p.m.

82 3078 34 16 For
123 3079 94 19 Atimiuii,
230 3076 94 18 Wairahei.
337 3076 61 22 Taupo
416 3077 71 22 Napier,

61 3100 87 20 Tuebday,
156 3100 42 20 7.30
198 3100 43 20 p.m.

84 3120 34 16 For
126 3121 93 19 Atiamuri,
228 3120 87 16 Wairakei
327 3120 34 16 and
374 3119 66 23 Taupo,
449 3120 30 16 Fri-

63 3142 40 19 day,
112 3142 39 16 7.30
158 3147 43 16 p.m.

83 3163 33 15 For
126 3163 77 20 Galatea,
212 3162 85 21 Tuesday,
306 3163 7 15 7
324 3163 19 15 30
348 3168 42 15 p.m.

83 3184 137 16 N.B.—Lctterß
242 3183 99 20 containing
364 3183 85 21 anything
471 3184 19 16 of

62 3206 51 15 value
118 3205 60 16 should
184 3206 21 16 be
210 3204 69 17 handed
292 3207 19 14 to
322 3204 30 16 tho
361 3204 103 17 Postmaster
472 3208 19 13 to

74 3231 9 11 o
90 3226 100 21 registered.

88 3247 68 16 Letters
163 3248 102 19 containing
271 3247 44 21 coin,
327 3247 13 16 if
351 3247 61 20 posted
421 3253 22 10 us
445 3248 47 21 regis

63 3269 52 15 tcrcd.
134 3269 35 15 will
185 3268 21 16 be
223 3269 118 20 compulsorily
354 3274 93 15 rtgiatercu.
458 3269 33 16 utid

64 3290 75 20 charged
145 3290 62 15 double
213 3290 108 20 registration
330 3291 32 14 fee.

221 3310 24 20 H.
256 3311 24 19 D.
293 3310 120 25 DANSEY,

334 3337 132 19 Postmaster.

516 3535 56 19 THE
591 3535 56 19 HOT
666 3535 94 19 LAKES
779 3535 170 19 CHRONICLE

702 3573 55 12 AND

618 3601 107 20 Tourists'
741 3603 101 25 Journal.

602 3636 58 11 fact
674 3636 15 11 I
703 3636 58 11 will

553 3711 169 22 WEDNESDAY,
731 3712 93 20 MARCH
833 3716 16 20 6,
865 3716 50 17 1895.

542 3758 16 16 A
567 3758 38 17 sale
614 3758 21 17 of
646 3758 118 17 needlework
776 3759 20 17 in
809 3760 31 17 aid
853 3761 20 17 of
887 3766 11 11 a
910 3767 42 11 new

519 3780 69 18 church
610 3786 38 12 was
668 3780 44 18 held
735 3781 20 17 in
779 3782 33 17 tho
831 3783 120 18 Sanatorium

520 3803 89 22 grounds,
619 3809 23 11 on
651 3803 118 23 Wednesday
776 3805 43 20 last,
830 3806 37 16 and
882 3807 70 20 proved

520 3832 12 11 a
539 3828 54 20 great
602 3832 77 12 success.
709 3827 39 17 The
763 3827 37 22 day
813 3833 39 12 was
868 3829 26 16 all
910 3829 43 17 that

520 3849 55 17 could
583 3848 23 18 be
614 3847 78 20 desired.
717 3848 59 19 There
785 3856 37 11 was
835 3857 12 10 a
860 3849 50 24 good
922 3853 20 16 at-

520 3872 96 18 tendance,
627 3872 36 18 and
671 3872 33 18 the
710 3873 75 17 articles
793 3873 70 17 offered
873 3874 30 17 for
915 3874 38 18 sale

520 3895 77 17 realised
607 3895 50 22 good
664 3896 65 22 prices.
754 3896 107 18 Mesdames
873 3896 81 23 Spencer

520 3918 37 17 and
566 3918 79 17 Ginders
654 3919 37 16 and
699 3918 47 18 Miss
760 3919 113 23 Thompson,
888 3920 20 17 of
922 3920 31 17 the

521 3940 124 21 Sanatorium,
655 3941 37 17 had
700 3942 33 17 the
741 3944 135 21 management
888 3943 20 16 of
922 3943 32 16 the

520 3961 123 23 needlework,
661 3964 37 17 and
711 3966 54 21 great
779 3966 59 16 credit
850 3966 15 16 is
882 3965 36 17 due
934 3967 20 16 to

521 3986 52 17 these
581 3986 57 17 ladies
648 3987 29 17 for
685 3987 32 18 the
724 3993 43 17 way
779 3988 20 17 in
813 3988 62 17 which
889 3994 54 17 every-

522 4008 55 23 thing
585 4010 67 21 passed
660 4010 27 17 off
691 4015 20 13 so
718 4011 48 17 well.
785 4009 39 19 The
831 4012 123 17 refreshment

522 4031 118 22 department
649 4038 37 12 was
694 4032 61 19 under
762 4032 33 19 the
803 4034 116 22 supervision
936 4035 18 17 of

522 4054 66 17 Misses
597 4055 72 17 Corlett
677 4056 36 16 and
721 4054 27 19 H.
757 4056 79 21 Jordan,
845 4057 43 17 who
896 4057 50 17 offici-

522 4077 43 17 ated
573 4077 20 16 in
602 4083 11 11 a
621 4083 77 12 manner
706 4079 119 23 satisfactory
833 4081 21 16 to
859 4079 33 19 all.
916 4080 37 17 The

522 4099 88 23 proceeds
619 4101 100 18 amounted
728 4103 20 16 to
756 4102 59 19 about
823 4102 44 19 £22.

1003 139 29 24 By
1041 139 32 19 the
1081 140 50 19 train
1140 141 48 18 from
1197 140 101 20 Auckland
1312 140 101 25 yesterday

980 165 80 21 evening
1068 164 32 17 the
1109 165 40 18 first
1157 165 112 24 contingent
1282 166 20 18 of
1316 164 59 19 about
1390 164 23 17 60

979 187 63 17 native
1058 187 73 18 visitors
1145 188 78 22 arrived,
1238 186 133 25 accompanied
1385 186 26 24 by

979 210 32 17 the
1030 208 63 19 Maori
1112 210 56 19 Brass
1187 211 61 18 Band,
1270 211 104 25 belonging
1392 215 21 18 to

979 231 98 24 Pakipfild,
1094 231 90 26 (Huwkes
1200 235 56 24 Buy).
1286 234 40 19 The
1338 235 75 20 visitors

980 255 73 18 formed
1060 257 42 16 into
1109 256 107 23 proenssion
1224 259 38 17 and
1269 257 73 20 bended
1347 257 25 25 by
1380 259 33 19 tho

978 277 51 19 band
1037 278 87 19 marched
1132 281 49 17 from
1190 281 33 18 the
1230 280 79 25 railway
1315 281 70 19 station
1393 285 20 16 to

978 302 32 17 the
1024 302 63 17 native
1100 303 95 23 township
1211 304 122 22 Ohinemutu,
1351 304 62 20 where

978 325 45 22 they
1032 330 48 12 were
1088 326 101 18 welcomed
1197 326 26 24 by
1236 326 33 20 tho
1283 326 83 20 resident
1378 333 23 14 na-

978 349 47 16 tivoa
1034 347 37 18 and
1079 349 104 18 conducted
1192 352 20 16 to
1221 351 32 17 the
1263 351 48 18 Bah.

1001 375 33 19 We
1043 374 52 20 draw
1102 376 96 20 attention
1204 378 21 19 to
1230 379 33 18 the
1269 379 144 19 advertisement

977 400 20 17 of
1006 400 33 17 the
1046 398 38 19 sale
1093 400 20 17 of
1121 399 33 19 the
1162 398 95 22 residence
1265 401 70 19 known
1344 409 20 11 as
1380 403 33 18 tho

978 423 113 23 Parsonage.
1127 422 32 19 Mr
1182 426 82 22 Spencer
1288 427 34 17 has
1346 428 67 21 spared

976 446 74 17 neither
1058 446 54 22 pains
1124 453 35 12 nor
1172 453 81 18 expense
1266 451 20 16 to
1300 449 55 18 make
1370 451 17 17 it
1401 457 12 11 a

976 469 93 22 complete
1076 469 55 19 home
1140 472 46 17 with
1199 477 12 11 a
1223 472 132 18 well-stocked
1368 480 33 17 gar-

976 492 37 17 den
1022 492 38 17 and
1068 493 79 18 orchard
1155 495 26 17 all
1189 495 21 17 in
1222 493 33 20 the
1267 495 43 18 best
1323 497 20 17 of
1359 497 54 17 order

976 513 38 19 and
1030 514 116 25 thoroughly
1163 516 94 23 enriched,
1274 520 17 17 it
1306 520 58 18 forms
1380 520 33 17 tho

976 538 42 17 best
1030 539 72 22 private
1116 538 95 20 residence
1225 542 19 16 in
1258 542 91 19 Rotorua.
1382 541 31 20 Mr

977 561 81 22 Bpencer
1066 561 15 18 is
1090 563 68 23 soiling
1166 569 20 12 as
1195 564 24 18 he
1227 563 16 19 is
1251 566 77 23 leaving
1336 567 32 17 the
1373 565 29 19 dis-

976 584 45 17 trict
1029 586 20 15 at
1058 590 24 12 an
1090 586 52 21 early
1150 586 50 18 date.

999 612 26 18 At
1034 613 32 17 the
1074 614 122 19 Testimonial
1204 616 84 22 meeting
1295 619 21 16 to
1324 617 32 17 Mr
1369 619 42 16 Mc-

976 636 84 23 Fadgen,
1070 641 25 13 on
1102 636 99 25 Thursday
1209 638 43 23 last,
1262 640 32 17 Mr
1301 640 111 23 Neighbour

976 664 38 12 was
1029 660 133 23 unanimously
1174 661 72 20 elected
1258 660 99 21 librarian
1374 664 37 17 and

975 680 105 20 Treasurer.

998 710 40 17 The
1047 713 5 6 '
1060 711 55 20 Star,'
1124 712 106 22 Auckland,
1244 713 54 17 holds
1312 720 12 10 a
1340 713 59 22 promi-

975 734 47 15 nent
1030 731 53 24 place
1091 734 19 17 iii
1119 734 64 23 public
1191 738 69 15 esteem
1269 742 20 11 as
1294 742 12 11 a
1312 737 98 17 first-class

976 756 84 23 hostelry
1071 756 20 18 in
1105 757 99 18 Auckland
1219 759 38 16 and
1270 759 33 17 the
1318 760 93 17 excellent

975 779 115 18 illustration
1098 781 21 17 of
1126 781 16 17 it
1155 781 100 18 elsewhere
1267 782 20 17 in
1301 782 37 18 this
1354 782 55 22 issue,

976 802 80 27 coUpled
1076 804 46 17 with
1141 804 32 17 the
1194 810 55 12 name
1265 805 21 17 of
1302 803 31 19 Mr
1347 805 63 18 James

975 826 62 22 Craig,
1048 826 32 17 the
1095 832 89 17 manager
1199 826 67 19 should
1279 828 24 17 be
1319 829 92 18 sufficient

975 848 120 18 inducement
1102 850 21 16 to
1131 850 97 18 travellers
1245 851 38 17 and
1297 852 77 17 tourists
1390 854 20 16 to

975 871 42 23 give
1027 871 36 17 this
1076 871 51 19 hotel
1140 878 11 12 a
1167 872 44 18 trial
1227 874 56 17 when
1299 875 76 23 staying
1390 875 20 17 in

975 892 98 19 Auckland
1076 892 3 19 i

997 923 70 17 Messrs
1076 922 94 23 Huddart,
1182 921 71 21 Parker
1262 925 38 17 ahd
1307 923 40 24 Co.,
1363 925 37 19 else-

974 946 62 17 where
1044 946 76 22 publish
1128 948 33 16 the
1169 948 108 18 time-table
1286 949 20 18 of
1317 948 49 19 their
1374 949 36 18 line

974 970 89 16 steamers
1071 975 43 11 now
1126 970 78 23 trading
1216 973 21 16 to
1251 972 37 17 and
1302 973 48 16 from
1364 973 46 17 New

974 992 83 17 Zcalaud
1065 993 38 17 and
1111 993 58 23 along
1178 995 32 16 the
1218 996 58 16 coast.
1309 996 69 17 Messrs
1387 996 21 17 L.

975 1015 23 17 D.
1011 1015 78 18 Nathan
1103 1017 37 17 und
1153 1017 41 21 Co.,
1211 1023 32 12 are
1258 1019 33 16 the
1307 1020 68 21 agents
1390 1019 19 16 in

974 1038 105 18 Auckland.

997 1066 39 17 The
1045 1067 105 17 Clarendon
1159 1067 57 18 Hotel
1225 1068 20 16 in
1258 1066 103 19 Wakefield
1373 1068 35 22 St.,

974 1085 56 21 offers
1038 1088 53 23 quiet
1099 1090 37 16 and
1153 1090 99 18 first-clusu
1269 1092 140 17 accomodation

975 1112 49 16 close
1032 1113 21 15 to
1061 1112 32 17 the
1102 1113 54 16 heart
1169 1114 21 16 of
1203 1113 99 18 Auckland
1309 1118 5 17 J
1332 1111 32 21 Mr
1379 1113 29 19 W.

974 1134 67 22 Lynch
1049 1135 15 16 is
1073 1135 32 17 the
1113 1136 112 22 proprietor.

996 1163 39 17 The
1044 1163 54 17 value
1107 1164 20 17 of
1135 1170 12 11 a
1159 1165 50 22 grood
1224 1163 38 19 und
1276 1165 58 23 cheap
1350 1165 49 19 disin-

973 1186 72 17 fectant
1053 1186 15 17 is
1077 1188 32 15 too
1116 1187 43 18 well
1168 1191 70 14 Known
1246 1189 21 16 to
1275 1189 48 17 need
1335 1190 63 21 expati-

972 1209 34 22 ing
1015 1214 56 17 upon,
1082 1210 37 17 and
1127 1210 46 18 such
1184 1215 25 13 an
1222 1215 35 13 one
1271 1210 70 19 Messrs
1354 1213 41 16 War-

972 1232 49 17 nock
1034 1233 59 20 Bros.,
1112 1234 20 16 of
1148 1234 86 18 Durham
1248 1235 35 20 St.,
1301 1233 105 23 Auckland,

972 1255 47 17 offer
1026 1255 20 17 in
1055 1255 48 18 their
1112 1257 80 18 carbolic
1201 1257 90 23 powders,
1302 1264 60 16 soaps,
1371 1260 35 16 etc.

996 1283 40 16 The
1044 1283 80 23 popular
1133 1284 43 22 City
1185 1285 58 17 Hotel
1252 1285 21 17 of
1281 1285 31 17 Mr
1320 1285 22 17 P.
1352 1285 56 23 Kelly

972 1305 20 17 in
1013 1306 83 19 Hobson,
1118 1308 35 19 St.,
1179 1307 105 22 Auckland,
1312 1308 47 17 with
1383 1309 25 17 itR

971 1334 101 12 numerous
1079 1329 106 22 bedrooms,
1195 1331 34 17 hot
1239 1330 38 18 and
1290 1331 42 17 cold
1344 1332 62 21 baths,

971 1353 43 19 etc.,
1023 1351 34 18 has
1065 1352 41 22 just
1114 1351 46 19 been
1166 1354 118 17 refurnished
1290 1355 118 22 throughout

971 1374 38 17 and
1018 1375 49 16 from
1075 1376 24 17 its
1108 1376 82 22 position
1199 1377 15 17 is
1223 1382 42 13 sure
1274 1379 19 16 to
1309 1378 98 17 command

971 1403 11 11 a
990 1398 53 22 large
1051 1398 54 18 share
1113 1400 21 16 of
1141 1398 65 24 public
1213 1403 111 19 patronage.

994 1428 39 18 The
1041 1430 92 23 necessity
1142 1431 19 17 of
1170 1429 81 25 keeping
1260 1431 32 18 the
1297 1432 57 17 blood
1361 1438 45 17 pure

970 1452 39 17 and
1016 1452 45 17 thus
1076 1454 79 22 offering
1168 1460 26 11 no
1207 1456 118 22 harbourage
1338 1457 20 16 to
1374 1456 32 17 ''he

971 1481 62 16 germs
1042 1476 20 16 of
1070 1476 71 18 disease
1149 1478 15 16 is
1173 1483 21 11 so
1203 1478 78 17 obvious
1291 1478 41 17 that
1341 1478 25 18 all
1375 1484 31 12 are

971 1499 45 22 glad
1025 1500 20 16 to
1053 1499 56 17 know
1117 1506 12 10 a
1142 1501 40 16 safe
1196 1501 38 17 and
1248 1506 43 12 sure
1307 1507 63 11 means
1386 1503 20 16 of

969 1522 148 23 accomplishing
1126 1523 38 17 this
1172 1523 65 23 lnlppy
1244 1525 54 19 state,
1305 1525 37 16 and
1347 1524 47 24 judg-

969 1544 35 23 ing
1015 1545 26 22 by
1055 1546 31 16 the
1101 1546 105 18 wonderful
1220 1547 80 17 number
1316 1548 20 17 of
1352 1549 45 16 testi-

970 1569 85 18 monials,
1065 1574 56 17 many
1130 1576 11 10 a
1149 1570 78 17 sufferer
1234 1570 35 17 has
1282 1570 58 18 found
1354 1571 52 17 what

970 1596 38 12 was
1024 1592 85 22 required
1126 1593 19 16 in
1159 1593 100 17 Hitehen's
1272 1599 42 11 now
1332 1594 73 17 famous

969 1612 57 19 blood
1035 1617 84 19 restorer,
1126 1616 131 22 compounded
1263 1617 48 16 from
1317 1617 77 23 indigen-

969 1643 35 11 ous
1023 1640 51 15 roots
1094 1640 38 16 and
1152 1638 62 19 herbs.
1257 1640 40 17 The
1321 1640 84 17 business

969 1663 151 16 announcement
1128 1668 79 17 appears
1216 1663 106 17 elsewhere.

992 1694 40 17 The
1037 1695 63 16 Grand
1106 1695 65 21 Hotel,
1178 1696 76 17 Princes
1260 1696 34 21 St.,
1300 1696 103 21 Auckland,

969 1717 60 17 under
1042 1718 40 16 Mrs
1096 1718 119 23 Gallagher's
1229 1719 72 17 skillful
1314 1724 78 17 manage-

970 1742 52 15 ment
1030 1740 40 22 lays
1079 1741 51 17 itself
1138 1743 33 15 out
1181 1744 20 15 to
1214 1743 46 17 offer
1274 1743 32 16 the
1319 1743 41 17 best
1373 1750 21 10 ac-

969 1763 119 18 comodation
1097 1765 30 16 for
1137 1765 86 21 families,
1234 1765 37 18 and
1280 1765 33 18 has
1323 1765 82 18 received

969 1786 32 17 tho
1009 1787 137 22 distinguished
1155 1790 105 21 patronage
1269 1790 20 15 of
1297 1789 107 23 Vice-regal

969 1810 37 16 and
1015 1810 54 17 other
1076 1810 76 23 parties.

992 1837 39 17 The
1046 1843 63 13 names
1126 1839 20 17 of
1162 1838 19 18 J.
1198 1839 38 17 and
1251 1838 20 18 J.
1288 1839 72 22 DiYkey
1373 1845 31 11 aro

969 1861 53 21 quite
1030 1861 103 17 household
1150 1862 61 18 words
1225 1863 20 16 in
1260 1862 99 18 Auckland
1375 1863 30 16 for

969 1884 59 22 cheap
1036 1884 37 17 und
1089 1885 51 22 good
1156 1885 79 23 cutlery,
1253 1885 97 18 hardware
1366 1886 38 17 and

969 1906 70 18 similar
1047 1907 57 18 house
1114 1908 108 23 furnishing
1230 1908 65 22 goods,
1306 1909 37 16 and
1359 1909 25 22 by
1393 1915 11 10 a

968 1930 62 17 notice
1038 1930 99 18 elsewhere
1142 1932 45 21 they
1190 1932 99 17 introduce
1293 1931 111 19 themselves

969 1955 20 15 to
998 1953 32 17 the
1039 1953 84 18 Rotoiua
1131 1955 70 22 public,
1217 1955 43 17 who
1273 1960 34 12 can
1321 1956 38 16 rest
1372 1962 21 10 as-

968 1976 56 17 sured
1032 1976 44 17 that
1083 1977 19 17 in
1112 1977 77 23 dealing
1197 1977 46 18 with
1252 1978 38 17 this
1303 1978 41 17 firm
1358 1978 45 22 they

968 2005 31 11 are
1008 2000 91 23 studying
1107 2001 50 16 their
1165 2005 43 13 own
1220 2001 113 22 advantage.

992 2027 104 18 Elsewhere
1105 2034 11 11 a
1124 2028 38 17 fine
1168 2029 106 22 engraving
1279 2028 52 23 gives
1337 2035 10 10 a
1353 2028 50 23 good

968 2050 41 17 idea
1018 2051 20 16 of
1046 2051 32 17 the
1086 2052 67 16 extent
1161 2052 37 16 and
1208 2051 48 23 style
1262 2054 19 14 of
1286 2051 33 17 the
1327 2048 75 21 Ceiitrul

968 2073 58 18 Hotel
1034 2073 21 18 in
1063 2074 53 22 High
1126 2075 84 17 Victoria
1216 2075 79 20 Streets;
1309 2075 32 17 Mr
1346 2075 45 17 Caul-

968 2098 38 19 ton,
1017 2097 32 16 the
1057 2098 111 21 proprietor,
1178 2099 60 16 caters
1247 2098 30 17 for
1284 2098 33 17 the
1323 2099 81 16 comfort

968 2120 21 16 of
996 2120 25 16 all
1030 2120 43 17 who
1081 2122 75 16 entrust
1164 2120 110 18 themselves
1283 2122 20 16 to
1316 2120 29 18 his
1361 2127 42 11 care

968 2141 84 17 whether
1071 2148 20 10 as
1112 2144 96 16 travellers
1229 2144 30 16 for
1277 2143 85 17 business
1382 2149 21 12 or

968 2164 84 22 pleasure
1061 2171 22 11 or
1089 2165 95 21 boarders,
1194 2165 38 18 and
1237 2165 29 18 his
1271 2165 58 18 house
1335 2167 68 17 affords

968 2193 54 16 every
1031 2188 142 18 accomodation
1181 2190 42 16 tkut
1237 2195 33 12 ct*»
1284 2189 24 16 lw>
1324 2189 78 18 desired.

992 2219 78 23 Anyone
1079 2220 71 24 having
1159 2227 11 10 a
1178 2221 57 22 fancy
1244 2222 19 16 to
1277 2227 25 17 go
1316 2221 40 17 into
1370 2222 33 17 tho

968 2243 107 16 totalisator
1083 2244 85 17 business
1173 2250 35 11 can
1214 2244 136 18 communicate
1356 2245 47 17 with

968 2266 69 17 Messrs
1049 2266 25 17 \V.
1084 2266 112 18 Bloomfield
1205 2267 38 17 and
1251 2268 40 19 Co.,
1301 2268 42 17 who
1356 2268 47 17 have

968 2295 12 10 a
999 2289 80 17 number
1094 2291 21 15 of
1131 2291 95 17 machines
1243 2291 29 16 for
1288 2291 32 17 (he
1337 2296 32 12 use
1383 2292 20 16 of

968 2312 62 17 which
1039 2312 45 22 they
1093 2318 31 12 are
1132 2313 93 23 prepared
1234 2315 19 16 to
1262 2313 54 18 make
1326 2314 65 17 favour-

968 2334 42 18 able
1018 2336 63 17 terms.

991 2362 111 22 Glenalvon,
1111 2369 46 12 once
1166 2364 33 17 the
1206 2364 95 17 residence
1309 2364 21 17 of
1338 2364 29 17 Sir
1380 2365 21 17 F.

968 2385 97 18 Whitaker
1079 2386 18 18 in
1113 2387 93 22 Symonds
1223 2387 35 20 St.,
1276 2393 42 11 now
1335 2388 68 16 affords

968 2409 84 22 superior
1068 2410 143 17 accomodation
1227 2409 47 18 with
1290 2411 59 17 board
1364 2411 39 17 and

968 2431 94 18 residence
1070 2433 30 17 for
1106 2433 60 17 ladies
1180 2433 38 18 and
1234 2433 113 23 gentlemen,
1365 2434 38 17 find

968 2455 15 17 is
997 2455 60 17 under
1073 2456 32 17 the
1121 2456 43 18 able
1181 2458 133 20 management
1330 2458 20 16 of
1362 2457 40 17 Mrs

967 2477 35 18 Sch
1004 2479 34 16 erf.

990 2506 107 19 Elsewhere
1105 2508 33 17 the
1147 2507 96 18 Northern
1255 2508 105 23 Steamship
1368 2509 33 17 Co.

967 2529 96 23 publishes
1071 2531 24 17 its
1105 2531 97 18 timetable
1211 2532 20 16 of
1239 2533 89 16 steamers
1336 2532 67 23 plying

966 2553 85 17 between
1068 2554 100 18 Auckland
1180 2555 38 17 and
1235 2555 105 22 Tuuranga,
1358 2555 44 17 thus

967 2576 93 23 affording
1068 2583 11 11 a
1087 2578 87 22 pleasant
1181 2583 65 12 means
1255 2579 20 16 of
1284 2579 79 22 making
1371 2579 32 16 the

967 2599 61 17 round
1037 2600 43 22 trip.

990 2627 39 17 The
1037 2627 44 22 City
1087 2628 64 18 Buffet
1156 2628 19 18 in
1181 2628 65 19 Queen
1251 2628 35 21 St.,
1297 2628 104 22 Auckland,

967 2652 46 14 next
1022 2650 32 17 the
1063 2651 63 17 Union
1135 2651 61 20 Bank,
1213 2652 82 22 supplies
1308 2652 58 17 meals
1382 2654 21 16 at

967 2673 25 17 all
1002 2673 56 18 hours
1067 2674 38 17 and
1113 2675 69 16 should
1190 2675 23 17 be
1222 2682 11 10 a
1244 2675 122 17 convenience
1383 2677 20 15 to

968 2697 79 22 country
1056 2696 75 18 visitors
1140 2699 20 16 to
1168 2698 33 17 the
1210 2696 48 24 city;
1278 2698 31 17 Mr
1322 2698 80 18 Thomas

967 2719 87 18 MeEwin
1062 2720 15 17 is
1086 2720 32 18 the
1126 2721 113 22 proprietor.

991 2753 86 22 Somona,
1088 2761 46 12 near
1142 2756 33 17 the
1188 2756 67 17 Albert
1269 2755 55 20 Park,
1339 2756 50 18 Auck-

967 2776 49 21 land,
1027 2778 16 16 is
1051 2778 100 23 becoming
1159 2779 52 22 quite
1219 2786 11 10 a
1239 2778 102 18 household
1351 2780 52 17 word

967 2799 46 18 with
1022 2800 53 18 those
1084 2802 42 17 who
1135 2801 57 24 enjoy
1201 2809 10 10 a
1220 2802 73 22 change
1302 2802 20 17 of
1330 2802 27 17 air
1365 2803 38 17 and

968 2828 76 18 scenery
1052 2825 46 17 with
1107 2825 26 17 all
1142 2825 32 17 the
1182 2826 90 16 comforts
1281 2825 20 18 of
1314 2832 10 10 a
1340 2826 61 21 home,

968 2847 29 16 for
1005 2846 61 18 which
1074 2848 40 17 Mrs
1124 2848 119 18 Cruiksliand
1255 2849 34 16 has
1302 2849 55 17 made
1370 2849 33 17 her

968 2869 85 22 pleasant
1060 2870 59 19 house
1128 2872 79 17 famous.

991 2903 31 16 Mr
1030 2903 23 17 G.
1062 2903 27 17 H.
1099 2903 71 21 Carter,
1180 2903 107 18 auctioneer
1301 2903 37 17 and
1352 2910 39 11 com-

968 2926 76 17 mission
1058 2929 64 19 agent,
1138 2927 21 16 of
1171 2927 33 17 the
1218 2926 113 23 Cambridge
1347 2929 55 19 mart,

968 2948 101 18 advertises
1077 2956 12 10 a
1097 2950 80 17 nnmber
1190 2950 20 17 of
1221 2950 47 17 lines
1281 2950 19 17 in
1310 2950 61 17 which
1380 2951 23 16 he

969 2971 43 17 does
1021 2971 90 21 business,
1121 2973 38 17 und
1165 2973 28 17 his
1199 2973 31 17 list
1236 2973 15 17 is
1261 2973 60 17 worth
1330 2974 73 21 perusul

968 2995 26 21 by
1001 2995 84 18 business
1094 2996 67 22 people
1170 2996 37 17 and
1216 2997 79 16 settlers.

992 3029 84 17 Rotorua
1092 3030 74 17 visitors
1191 3032 20 16 to
1233 3030 98 17 Auckland
1349 3032 54 16 when

969 3051 78 23 looking
1056 3053 29 17 for
1098 3060 11 10 a
1122 3054 124 17 comfortable
1260 3054 52 22 place
1325 3055 20 16 to
1362 3056 41 21 stop

970 3075 53 17 when
1032 3075 19 18 in
1060 3076 106 21 Auckland,
1178 3082 35 12 can
1227 3077 36 17 call
1279 3077 19 17 in
1315 3079 20 15 at
1350 3077 53 17 Bella

969 3098 60 19 Vista,
1039 3100 85 21 opposite
1133 3100 128 17 Government
1265 3100 71 21 House,
1343 3101 60 17 where

969 3121 40 17 Mrs
1018 3122 84 18 Norman
1110 3122 88 23 provides
1206 3123 100 17 first-cluss
1318 3129 73 12 accomo-

969 3144 71 17 dation.

993 3175 61 18 Music
1065 3176 16 17 is
1098 3182 43 12 now
1157 3177 69 17 almost
1241 3183 25 11 an
1283 3178 86 17 essential
1385 3179 21 17 of

970 3198 94 18 existence
1072 3200 38 17 and
1119 3200 55 17 when
1183 3206 28 11 we
1219 3200 47 17 have
1280 3201 16 16 it
1310 3206 28 11 wo
1353 3203 53 15 want

970 3222 17 16 it
995 3222 49 22 good
1052 3222 4 24 ;
1070 3223 38 17 this
1113 3229 65 11 means
1183 3223 51 23 good
1239 3223 123 18 instruments
1367 3225 39 16 and

971 3250 37 16 any
1017 3246 85 22 wanting
1110 3246 47 17 such
1165 3246 68 18 should
1242 3246 44 17 look
1298 3253 26 16 up
1336 3247 70 18 Messrs

971 3267 91 18 Hoffman
1075 3269 38 17 and
1131 3269 47 17 Sons
1194 3270 55 16 when
1265 3269 20 17 in
1301 3271 52 16 town
1369 3270 38 18 and

970 3291 74 21 inspect
1051 3291 49 18 their
1108 3292 87 22 npluudid
1206 3291 60 19 stock.

994 3324 31 17 Mr
1033 3324 73 23 George
1116 3325 23 17 V.
1146 3325 57 20 Beck,
1213 3326 43 17 who
1265 3331 38 12 was
1310 3326 45 17 here
1369 3326 37 18 last

971 3352 45 17 year
1023 3347 20 17 i.i
1051 3348 111 18 connection
1171 3349 47 16 with
1226 3349 33 17 the
1266 3349 63 17 Bessie
1345 3349 62 22 Doylo

971 3371 76 16 concert
1054 3375 101 18 eolnpany,
1164 3371 74 17 arrived
1246 3372 20 17 in
1275 3372 89 20 Rotorua,
1382 3379 25 11 on

971 3393 94 22 Saturday
1073 3394 43 21 last,
1126 3396 20 15 to
1155 3399 80 18 arrange
1244 3396 29 16 for
1282 3401 11 10 a
1304 3397 74 15 concert
1386 3397 21 16 to

971 3416 44 17 take
1023 3417 53 21 place
1084 3423 24 11 on
1118 3417 94 22 Saturday
1221 3419 52 19 next,
1285 3418 66 17 March
1366 3419 39 20 oth,

971 3439 47 16 with
1028 3439 46 18 Miss
1090 3440 63 22 Cicely
1168 3440 94 18 Stannton
1277 3441 42 17 who
1333 3442 74 17 created

972 3462 46 17 such
1033 3468 11 11 a
1061 3463 109 17 favourable
1186 3464 110 21 impression
1312 3464 46 17 with
1374 3465 33 17 the

971 3483 48 19 New
1028 3483 82 19 Zealand
1118 3486 64 22 public
1193 3486 70 22 during
1277 3486 33 18 her
1323 3493 72 16 engage-

972 3509 52 15 ment
1032 3509 47 16 with
1087 3508 33 17 the
1134 3509 105 23 Montague
1253 3510 71 17 Turner
1337 3511 70 17 Italian

972 3531 98 22 Company
1081 3531 39 18 last
1135 3537 50 17 year.
1218 3532 47 17 Miss
1282 3533 93 18 Staunton
1391 3534 16 17 is

972 3554 44 21 nbly
1025 3554 102 23 supported
1143 3554 26 23 by
1181 3555 33 16 Mr
1230 3555 22 17 E.
1270 3555 108 22 Stevenson,
1396 3563 11 10 a

972 3575 82 19 violinist
1067 3578 20 16 of
1100 3578 118 21 exceptional
1232 3578 67 23 ability
1314 3579 43 17 who
1373 3580 34 17 lias

972 3599 40 23 just
1026 3601 89 16 returned
1129 3601 48 17 from
1193 3601 96 17 Australia
1303 3601 61 18 where
1378 3603 29 17 his

972 3624 138 20 performances
1130 3624 48 17 have
1198 3624 68 17 earned
1282 3625 40 16 him
1338 3625 69 18 laurels

974 3646 47 16 from
1029 3644 47 19 both
1085 3652 52 17 press
1150 3647 38 17 and
1201 3646 69 23 public.
1301 3648 45 17 Also
1360 3648 47 18 Miss

973 3668 60 17 Lizzie
1065 3669 83 21 Warren,
1182 3669 114 19 Auckland's
1327 3672 80 21 popular

974 3697 85 16 soprano.
1084 3692 33 17 Mr
1168 3693 100 21 Murdock,
1285 3699 11 11 a
1312 3694 63 23 singer
1388 3695 20 17 of

974 3714 117 22 exceptional
1112 3715 67 22 ability
1195 3714 63 19 whose
1273 3716 101 23 rendering
1388 3718 20 17 of

974 3737 82 17 nautical
1072 3743 57 17 songs
1143 3738 16 16 is
1175 3744 11 11 a
1202 3738 125 23 masterpiece.
1360 3740 47 18 Miss

974 3760 64 17 Mabel
1046 3761 81 22 Soppett
1134 3761 44 17 who
1185 3767 92 16 possesses
1286 3768 12 10 a
1310 3763 98 22 charming

974 3784 93 17 contralto
1083 3784 57 21 voice,
1158 3784 38 17 and
1211 3783 52 18 Herr
1277 3785 130 21 Goldenstedt,

975 3806 83 21 R.A.M.,
1075 3806 33 18 the
1127 3807 62 22 gifted
1204 3807 75 22 pianist.
1308 3808 40 17 The
1363 3815 33 16 per-

975 3829 94 18 formance
1077 3830 40 17 will
1124 3830 45 18 take
1176 3831 54 22 place
1241 3831 21 16 in
1277 3831 33 17 the
1322 3829 86 20 Pukeroa

974 3851 52 18 Hall.
1051 3851 38 19 The
1098 3858 120 17 programme
1226 3853 78 18 consists
1312 3854 21 17 of
1341 3854 67 18 Scotch

975 3874 37 17 and
1021 3875 51 18 Irish
1079 3876 80 21 ballads,
1176 3876 84 18 nautical
1272 3882 63 18 songs,
1351 3876 47 19 selec-

976 3897 49 17 tions
1033 3898 49 17 from
1089 3898 34 18 the
1131 3899 93 17 favourite
1232 3899 71 23 Operas
1315 3900 20 18 of
1348 3898 48 20 Mari-

976 3920 38 20 tan,
1036 3920 48 17 Paul
1099 3921 64 21 Jones,
1181 3922 65 21 Faust,
1263 3923 87 22 Dorothy
1371 3924 37 17 and

976 3942 83 18 Mikado.
1084 3944 38 17 For
1135 3945 112 21 particulars
1261 3951 30 12 sec
1306 3946 92 19 advertise-

976 3966 53 16 ment
1036 3965 38 17 and
1082 3966 97 22 day-bills.

998 3999 41 16 Just
1058 4000 118 16 received—A
1193 4001 49 20 large
1258 4003 119 19 consignment
1392 4003 16 17 of

977 4020 90 17 Hudson's
1075 4021 97 16 celebrated
1188 4021 81 17 Dunedin
1281 4022 75 18 Biscuits
1369 4030 30 11 con
1406 4020 2 21 -

978 4041 62 21 sisting
1049 4042 19 16 of
1077 4042 56 20 Wine,
1143 4039 93 22 Wheaten,
1250 4041 61 18 Water
1319 4044 88 21 Crackers,

978 4062 66 21 Lunch,
1054 4064 100 15 Arrowroot
1163 4064 34 15 and
1211 4062 45 17 Milk
1263 4062 3 25 ;
1279 4064 36 15 also
1327 4070 11 11 a
1345 4067 63 20 supply

978 4083 18 16 of
1004 4083 95 21 Beynold's
1114 4083 76 21 Factory
1204 4085 121 17 Butter.—W.
1333 4086 74 18 Botrt-ra.

978 4103 71 23 [Advt.]

1436 142 217 23 PRESERVATION
1670 142 62 21 AND
1751 141 101 22 PROTEC-

1536 169 68 21 TION
1619 169 36 20 OF
1669 168 99 26 TROUT.

1461 227 18 20 A
1490 226 92 27 meeting
1589 229 21 19 to
1617 227 92 21 consider
1718 227 35 22 the
1761 228 45 21 best
1813 235 55 19 ways

1436 252 40 21 and
1486 258 71 15 means
1565 256 22 17 to
1596 258 94 21 preserve
1699 254 41 21 and
1749 258 77 23 protect
1833 256 35 19 the

1436 282 55 17 trout
1500 286 21 13 in
1535 279 35 20 the
1588 282 84 17 streams
1688 279 23 21 in
1728 280 35 21 tho
1782 281 84 25 district,

1436 304 40 20 and
1486 303 44 22 also
1539 304 92 21 whether
1641 304 17 21 it
1670 311 44 15 was
1728 307 101 22 desirable
1847 312 21 16 to

1436 331 69 19 secede
1515 331 52 19 from
1577 329 109 26 Tauranga
1695 332 173 23 Acclimatisation

1436 357 80 25 Society
1533 356 41 20 and
1589 356 45 27 join
1650 360 34 17 the
1705 359 108 22 Auckland
1830 368 37 12 one

1435 389 42 13 was
1495 381 47 21 held
1566 383 21 19 in
1610 384 34 19 the
1663 383 73 22 Palac9
1754 385 70 25 Hotel,
1842 392 25 16 on

1435 407 100 27 Tuesday.
1546 408 107 27 February
1668 409 56 28 26th,
1757 411 111 23 Present—

1435 433 76 21 Messrs
1522 434 34 21 W.
1573 435 26 19 A.
1620 435 56 25 Butt,
1697 435 98 27 Mitchell,
1812 437 54 23 Hen'

1436 459 61 23 shaw,
1509 460 64 26 Keys,
1584 460 83 25 Croker,
1683 463 82 25 Corlett,
1776 466 89 23 Corbett,

1435 484 150 27 Marchesseau,
1603 485 24 22 P.
1642 488 70 24 Thom,
1730 488 95 27 Fortune,
1845 493 22 19 C.

1436 512 27 19 11.
1479 511 88 25 Wilson,
1587 512 84 26 Mcßae,
1689 514 117 26 Warbrick,
1824 517 43 21 Mc-

1435 538 97 23 Namara,
1543 538 20 20 J.
1575 538 27 21 H.
1613 538 80 26 Taylor,
1704 540 52 24 J.P.,
1766 543 24 19 P.
1803 543 62 21 Ham.

1436 564 66 23 mond,
1515 564 98 25 O'Keefe,
1629 564 97 26 Webber,
1742 567 123 28 Fitzgerald,

1435 590 89 25 Dansey,
1535 591 40 19 and
1588 590 30 21 Dr
1627 590 92 26 Ginders,
1730 593 44 21 J.P.

1460 615 34 20 Mr
1503 616 20 20 J.
1534 615 29 21 H.
1573 615 75 28 Taylor
1662 623 40 14 was
1721 620 60 21 voted
1796 623 20 18 to
1832 620 35 22 the

1434 640 63 21 chair.

1459 666 44 21 The
1514 667 110 21 Chairman
1638 667 53 22 drew
1702 670 99 23 attention
1817 676 22 17 to
1855 681 11 13 a

1433 693 91 26 meeting
1533 693 49 21 held
1592 700 26 14 on
1628 695 35 19 the
1674 696 41 24 Bth,
1730 700 22 17 at
1768 700 66 19 which
1850 700 17 19 it

1434 724 42 14 was
1486 718 84 22 decided
1579 723 21 16 to
1610 719 100 22 advertise
1719 728 12 14 a
1741 723 91 28 meeting
1846 729 21 16 to

1435 745 6 19 1
1449 752 11 12 e
1473 745 48 20 held
1531 752 26 13 on
1570 744 97 27 Monday,
1686 747 50 21 25th
1753 748 112 29 February,

1434 771 37 19 but
1481 771 40 19 had
1530 770 54 22 been
1596 773 112 26 postponed
1726 773 31 21 till
1772 774 95 23 Tuesday

1434 795 68 28 owing
1510 799 22 18 to
1541 803 50 20 poor
1601 799 126 21 attendance.

1459 820 43 23 The
1509 823 110 21 Chairman
1625 825 48 19 then
1679 827 50 19 read
1737 827 34 20 the
1789 829 66 20 follow-

1433 848 36 26 ing
1481 848 70 21 letters
1561 853 21 16 to
1591 849 40 21 and
1641 851 52 19 from
1708 852 35 20 the
1756 851 110 31 Tauranga

1434 876 40 18 and
1484 876 109 19 Auckland
1607 876 108 21 Auckland
1728 879 136 23 Acclimatisa>

1433 900 43 21 tion
1486 900 103 21 Societies.

1454 951 16 6 _
1496 930 4 27 .
1642 930 89 25 February
1740 936 5 15 1
1751 935 33 21 ltb,
1796 937 47 18 1895.

1453 952 26 16 To
1488 956 29 12 tne
1526 952 90 21 Secretary

1497 971 95 22 Tauratiya
1602 973 145 20 Acclimatisation
1756 978 75 22 Society.

1454 992 145 22 DrabSiH,—At
1615 1001 9 10 a
1639 997 77 20 meeting
1730 997 39 18 held
1785 1000 40 17 here
1843 1008 21 10 on

1433 1015 29 16 the
1470 1017 15 14 81
1489 1015 11 17 h
1509 1015 47 19 inst.,
1566 1016 9 16 I
1584 1020 36 12 was
1634 1019 88 18 requeued
1735 1022 18 14 to
1766 1022 49 16 write
1832 1028 14 11 v.
1853 1028 11 11 11

1432 1036 27 17 for
1474 1041 45 12 some
1535 1037 116 16 information.
1674 1037 56 19 There
1750 1045 29 13 are
1794 1048 11 10 a
1820 1044 44 19 good

1432 1063 51 16 ninny
1492 1058 40 16 here
1541 1058 38 16 who
1585 1058 51 17 think
1644 1060 39 16 that
1691 1063 13 13 it
1715 1063 56 15 would
1780 1062 20 17 be
1809 1065 55 16 better

1432 1081 18 13 to
1466 1079 20 16 be
1500 1078 56 17 under
1568 1079 30 17 the
1614 1080 90 18 Auckland
1719 1083 145 19 Acclimatisation

1432 1099 74 23 Society,
1516 1102 57 15 Others
1581 1102 18 15 to
1608 1100 43 17 form
1660 1107 9 10 a
1679 1103 24 15 loc
1715 1102 5 17 i
1726 1104 65 22 society
1796 1107 19 16 of
1820 1106 44 18 their

1432 1126 44 11 own.
1504 1120 52 18 I'hero
1564 1122 14 16 is
1587 1124 17 14 to
1613 1122 19 16 be
1641 1128 10 10 i»
1660 1124 75 21 hireling
1746 1126 38 16 held
1793 1127 40 17 hern
1843 1135 21 10 on

1432 1142 29 17 the
1470 1143 40 16 2oth
1519 1144 40 16 in«t.
1570 1146 17 13 to
1596 1144 40 16 take
1644 1144 36 17 into
1687 1145 67 18 conside
1763 1148 47 17 ulijn
1817 1149 47 17 these

1432 1166 71 14 mutters
1511 1164 33 16 and
1553 1168 46 13 cotne
1644 1170 46 12 Rome
1704 1166 69 18 definite
1789 1170 75 17 decision

1432 1190 17 10 re
1458 1185 30 16 tho
1496 1186 60 16 above.
1579 1185 64 17 Would
1651 1192 33 14 you
1699 1188 59 22 kindly
1767 1189 62 19 inform
1845 1197 19 11 us

1432 1205 77 17 whether
1514 1205 94 20 TaUratiga
1622 1208 56 16 would
1694 1212 32 17 jut
1740 1216 35 16 any
1789 1213 75 17 obstacle

1431 1227 17 16 in
1458 1228 29 15 the
1497 1233 38 11 *»v
1544 1229 61 15 should
1614 1230 13 15 it
1636 1228 21 17 be
1664 1229 69 17 decided
1741 1232 35 17 that
1785 1234 13 16 it
1808 1236 56 15 would

1431 1248 20 16 be
1460 1248 129 18 advantageous
1597 1251 28 15 for
1636 1256 21 10 uh
1665 1253 18 14 to
1690 1253 58 16 secede
1763 1255 44 16 from
1822 1260 42 12 vnur

1430 1270 68 21 Society
1523 1271 9 15 I
1540 1276 40 14 may
1589 1273 44 15 state
1641 1272 38 16 that
1688 1273 47 17 there
1746 1274 15 16 is
1769 1281 22 10 no
1799 1277 65 20 feeling

1430 1290 70 21 against
1507 1291 100 22 Tauranga,
1619 1292 31 17 but
1658 1295 58 16 rather
1724 1296 29 16 the
1768 1298 50 16 other
1827 1304 37 15 way

1430 1312 31 16 but
1472 1317 18 11 as
1498 1318 34 15 you
1542 1313 33 16 will
1585 1319 27 11 see
1621 1314 12 16 it
1643 1314 14 16 is
1670 1316 51 15 much
1735 1319 54 15 easier
1804 1319 27 16 for
1845 1325 19 11 us

1430 1335 18 14 to
1464 1336 29 17 get
1507 1333 33 17 fish
1557 1335 44 16 from
1622 1338 29 13 the
1669 1336 91 18 Auckland
1780 1340 84 17 Society's

1430 1354 61 21 ponds.
1501 1354 53 22 Wing
1562 1356 41 21 on'y
1618 1358 20 14 30
1653 1357 48 16 miles
1717 1359 43 16 from
1777 1361 40 16 here
1831 1363 33 15 and

1430 1376 91 20 alongside
1530 1377 29 15 the
1571 1378 77 20 railway.
1665 1378 38 17 The
1716 1378 32 18 fish
1764 1382 100 17 introduced

1431 1396 44 16 from
1484 1401 44 17 your
1536 1401 55 17 ponds
1599 1399 44 16 have
1656 1399 41 17 been
1706 1406 9 10 a
1728 1406 49 15 great
1792 1409 67 11 success

1429 1418 35 16 and
1472 1417 14 17 it
1492 1418 15 16 is
1514 1419 30 16 the
1556 1420 104 16 unanimous
1673 1421 55 17 desi-e
1742 1425 17 14 to
1773 1427 31 17 get
1817 1419 47 23 then!

1430 1440 88 19 protected
1526 1440 35 16 and
1569 1442 94 19 preserved.
1668 1441 38 18 —Y
1717 1449 34 13 urs.
1761 1446 37 19 &c.,

1431 1481 120 3 .......
1681 1464 11 15 J
1711 1464 109 24 H.Tatlob,

1430 1484 27 13 Un
1467 1484 58 14 behalf
1532 1484 19 15 of
1557 1485 79 19 sporting
1643 1487 106 21 community
1755 1489 18 15 of
1780 1489 82 18 Rotorua.

1625 1510 97 27 February
1729 1514 49 21 16th,
1789 1517 51 18 1895.

1451 1532 60 17 Dear
1521 1532 40 22 Sin,
1563 1533 35 18 —I
1606 1534 47 18 have
1662 1536 32 17 tho
1703 1537 60 19 honor
1770 1540 19 16 to
1794 1540 70 18 inform

1429 1559 37 18 you
1475 1556 43 17 that
1526 1562 49 16 your
1582 1557 56 18 letter
1646 1559 21 16 of
1674 1558 33 19 the
1717 1561 42 17 11th
1768 1561 51 23 inst.,
1826 1570 38 11 was

1428 1578 110 18 considered
1554 1578 26 24 by
1594 1580 37 18 this
1646 1582 89 23 Society's
1752 1585 112 19 Committee

1427 1601 38 17 and
1472 1601 46 23 thoy
1526 1603 47 17 have
1582 1603 103 19 instructed
1694 1611 29 13 me
1732 1608 19 17 to
1760 1609 53 23 reply
1822 1610 42 17 that

1428 1624 38 17 this
1475 1625 75 23 Society
1558 1626 39 18 will
1604 1629 35 15 not
1647 1629 35 21 put
1690 1635 38 17 any
1740 1631 91 19 obstacles
1845 1632 19 18 in

1428 1648 32 16 the
1469 1653 43 17 way
1526 1655 20 11 oi
1562 1650 33 17 tne
1608 1652 87 22 spurting
1711 1655 117 23 Cuiiimuiiity
1845 1657 19 17 of

1427 1671 91 19 Rotorua.
1528 1672 61 18 either
1597 1673 83 24 forming
1688 1682 11 10 a
1709 1676 48 19 local
1770 1678 82 19 Acclima-

1427 1695 78 16 tisation
1514 1695 80 23 Society,
1604 1702 22 12 or
1639 1697 30 17 for
1680 1698 32 18 the
1721 1700 60 18 Lakes
1789 1701 75 19 district

1427 1716 59 24 being
1493 1718 64 21 joined
1566 1721 21 15 to
1596 1719 33 18 the
1637 1720 98 20 Auckland
1744 1725 108 18 Acclimatis-

1427 1742 53 15 ation
1490 1741 81 24 Society.
1597 1742 81 19 Further
1686 1745 44 18 that
1737 1747 38 17 this
1789 1749 74 22 Society

1427 1763 141 23 endeavouring
1577 1767 20 15 to
1610 1768 31 16 act
1653 1767 19 17 in
1687 1770 113 19 accordance
1817 1772 46 17 with

1427 1785 59 19 broad
1495 1787 38 18 and
1542 1786 65 20 liberal
1617 1790 90 23 principle
1715 1792 20 18 in
1749 1794 103 18 acclimatis-

1427 1810 52 17 ation
1489 1812 77 16 matters
1575 1812 39 17 will
1622 1812 23 18 be
1654 1813 64 24 happy
1723 1817 20 16 to
1749 1817 56 17 ussist
1810 1818 54 18 those

1427 1839 24 11 on
1469 1833 64 18 whose
1552 1834 66 18 behalf
1633 1842 38 16 yau
1687 1838 47 17 have
1751 1839 76 20 written
1843 1841 20 18 in

1427 1856 61 17 either
1507 1857 21 17 of
1547 1857 33 18 the
1599 1857 83 24 projects
1697 1866 36 17 you
1747 1863 117 19 mention.—

1427 1879 9 17 I
1446 1885 36 15 am,

1604 1905 82 18 Gkoisok
1700 1907 114 22 Gaiidixi:!!,

1453 1947 8 7 ,
1556 1931 4 23 ,
1736 1931 51 19 Hon.
1798 1933 40 18 Sec.

1450 1947 18 19 J.
1479 1947 26 19 11.
1515 1949 74 23 Taylor,

1497 1972 56 18 llotoi
1557 1979 24 12 ua
1590 1973 91 25 Sporting
1689 1975 128 26 Community.

1479 2021 16 6 „
1619 2001 97 25 February
1726 2005 49 21 lltli,
1787 2006 51 18 1895.

1449 2024 20 15 T.
1480 2022 21 18 F.
1511 2023 120 22 Cheesemati,

1496 2045 105 19 Auckland.

1449 2067 59 19 Dear
1516 2069 126 22 Sib,—There
1656 2071 14 18 is
1682 2079 10 10 a
1706 2073 83 23 meeting
1802 2077 19 16 to
1839 2075 22 18 be

1425 2091 44 17 held
1479 2091 43 18 here
1531 2099 24 11 on
1564 2093 33 18 the
1606 2094 26 18 2.5
1632 2094 18 18 th
1663 2095 51 22 inst.,
1729 2098 20 16 to
1764 2098 43 17 take
1820 2099 41 18 into

1425 2115 139 18 consideration
1572 2117 67 23 firstly,
1649 2119 20 16 to
1677 2121 34 20 get.
1719 2120 34 18 fish
1762 2121 44 18 that
1814 2122 47 18 have

1426 2141 46 13 bccii
1481 2138 111 18 introduced
1601 2140 48 17 fixiiu
1658 2141 100 25 Tuuruugn
1763 2145 98 20 protected

1426 2160 38 17 and
1485 2162 105 21 preserved.
1628 2163 99 25 Secondly,
1745 2167 85 18 whether
1846 2169 15 17 it

1425 2183 64 18 would
1497 2186 34 16 not
1539 2183 23 19 be
1571 2187 20 15 to
1600 2192 34 11 our
1642 2188 73 18 mutual
1724 2190 107 24 advantage
1842 2193 19 15 to

1426 2210 22 13 be
1462 2207 61 17 under
1536 2214 31 11 iiiu
1584 2209 100 18 Auckland
1699 2212 162 19 Acoliiiiiitisiition

1425 2230 81 23 Society.
1532 2231 84 23 Thirdly,
1626 2232 15 17 it
1650 2233 15 17 is
1674 2232 84 26 thought
1771 2236 26 23 by
1811 2243 50 11 some

1426 2255 16 15 it
1449 2254 64 17 woidd
1522 2254 22 17 be
1552 2254 63 18 bettor
1623 2257 20 16 to
1658 2257 48 17 form
1722 2265 11 10 a
1750 2258 75 24 Society
1842 2262 19 16 of

1425 2282 34 11 our
1468 2282 49 12 own.
1543 2277 68 19 Would
1619 2285 38 16 you
1665 2280 66 23 kindly
1740 2282 26 18 let
1775 2289 22 11 us
1806 2284 55 17 know

1425 2300 53 17 what
1485 2301 51 21 steps
1550 2301 63 18 would
1630 2302 23 17 be
1668 2308 98 19 necessary
1783 2308 20 15 to
1818 2307 43 17 take

1425 2322 68 18 should
1510 2324 32 17 the
1559 2326 83 21 meeting
1659 2326 46 18 wish
1721 2329 20 16 to
1814 2334 47 18 your

1426 2346 75 23 Society
1509 2347 38 17 and
1556 2348 64 17 secede
1629 2349 48 17 from
1687 2350 106 23 Tauranga.
1818 2354 43 22 Any

1425 2369 122 18 information
1557 2376 37 16 you
1603 2377 33 11 can
1646 2371 43 24 give
1698 2379 21 11 us
1725 2375 38 17 will
1769 2376 23 16 be
1797 2378 54 21 grate-

1425 2392 49 23 fully
1482 2394 84 17 received
1575 2394 25 22 by
1607 2395 67 18 Yours.
1684 2397 40 21 &u„

1659 2418 19 18 J.
1689 2419 26 18 H.
1724 2420 89 23 Taylou,

1425 2439 30 17 On
1460 2439 66 17 behalf
1530 2441 88 22 sporting
1623 2444 115 21 community
1745 2445 20 16 of
1770 2445 91 18 ltotorua.

1502 2467 105 23 Auckland,
1618 2469 97 25 February
1725 2473 49 21 l.jtli,
1786 2475 51 17 IJSOo.

1448 2494 60 19 Dear
1521 2496 41 20 Sir,
1564 2497 34 17 —I
1606 2497 48 18 have
1666 2504 48 17 your
1726 2501 56 17 letter
1795 2503 21 16 of
1830 2501 31 18 the

1426 2518 44 17 11th
1479 2519 52 21 inst.,
1540 2519 79 19 relative
1625 2521 20 17 to
1651 2522 155 20 acclimatisation
1812 2528 37 15 mat-

1425 2543 38 16 ters
1472 2543 20 16 at
1501 2542 91 17 Rotorua.

1449 2564 26 18 Of
1487 2571 65 12 course
1565 2566 32 17 the
1612 2566 81 19 decision
1706 2575 20 11 as
1741 2571 20 16 to
1778 2571 85 18 whether

1425 2589 33 16 the
1466 2589 117 17 inhabitants
1592 2590 21 17 of
1620 2589 85 20 liotorua
1710 2592 68 19 should
1784 2595 49 17 form
1838 2601 25 11 an

1425 2611 163 19 Acclimatisation
1599 2613 75 23 Society
1688 2616 20 16 of
1722 2617 50 17 their
1786 2623 42 12 own
1842 2624 21 11 or

1426 2632 33 19 ask
1468 2636 20 15 to
1496 2635 24 17 be
1528 2634 89 19 included
1628 2636 21 17 in
1666 2637 32 18 the
1713 2637 114 21 boundaries
1843 2641 21 18 of

1425 2658 33 17 the
1467 2658 99 18 Auckland
1575 2659 79 23 Society,
1665 2663 47 16 rests
1720 2662 47 18 with
1778 2663 85 19 Rotoruu

1425 2681 57 17 itself.
1509 2682 19 16 If
1535 2688 38 16 you
1582 2682 65 18 decide
1661 2684 19 17 to
1694 2684 40 23 join
1748 2691 22 12 us
1785 2688 8 16 1
1807 2688 56 22 fancy

1426 2705 32 16 the
1466 2710 69 16 proper
1544 2711 64 12 course
1616 2706 16 17 is
1641 2707 29 16 for
1682 2708 32 17 the
1727 2709 102 19 Chairman
1844 2712 20 16 of

1426 2728 32 17 the
1466 2728 91 23 meeting,
1567 2727 70 24 (which
1650 2730 62 22 ought
1724 2737 21 12 to
1757 2731 24 19 be
1795 2734 56 17 adver-

1426 2750 47 18 tised
1482 2750 19 18 in
1513 2756 52 12 some
1572 2756 43 19 way
1623 2759 22 11 or
1653 2752 60 23 other,
1729 2756 37 17 and
1780 2761 48 18 open
1844 2759 19 16 to

1426 2774 25 16 all
1461 2774 106 23 residents,)
1576 2777 19 15 to
1602 2777 136 18 communicate
1744 2779 32 17 the
1781 2780 81 17 decision

1426 2797 19 17 of
1454 2797 33 17 the
1495 2798 84 22 meeting
1588 2799 20 17 to
1616 2799 33 18 the
1659 2800 85 18 Colonial
1758 2802 104 22 Secretary,

1426 2820 73 23 stating
1507 2820 32 17 the
1548 2827 74 12 reasons
1632 2823 29 16 for
1669 2823 32 17 the;
1708 2830 70 16 course,
1785 2826 38 17 and
1830 2827 22 17 de-

1426 2843 61 22 fining
1495 2844 32 16 the
1536 2844 112 19 boundaries
1657 2846 20 17 of
1689 2847 32 17 the
1735 2847 80 20 district.
1847 2851 16 16 A

1426 2871 47 17 copy
1483 2865 20 19 of
1512 2867 38 17 this
1559 2869 157 17 communication
1725 2871 68 18 should
1801 2874 22 16 at
1831 2873 32 17 the

1426 2895 51 12 same
1485 2890 46 17 time
1539 2890 24 17 be
1569 2893 43 15 sent
1617 2893 21 16 to
1644 2892 33 17 the
1683 2893 100 19 Auckland
1788 2895 75 23 Society

1426 2912 68 23 asking
1502 2912 17 18 it
1526 2914 20 17 to
1556 2916 79 21 support
1649 2916 32 17 the
1698 2918 50 21 steps
1764 2917 58 19 taken
1838 2919 25 23 by

1426 2936 73 22 stating
1507 2936 26 17 its
1542 2937 117 23 willingness
1668 2940 20 16 to
1698 2940 71 18 receive
1783 2941 33 18 the
1828 2941 24 18 ad-

1426 2957 80 20 ditional
1519 2959 80 19 district.
1738 2964 15 16 it
1769 2964 16 18 is
1801 2964 64 18 better

1426 2982 30 17 for
1465 2988 38 16 you
1511 2984 20 15 to
1540 2982 49 18 form
1599 2990 10 11 a
1618 2984 74 23 Sooicty
1701 2987 21 16 of
1729 2992 49 16 your
1785 2993 44 12 own
1842 2994 22 12 or

1426 3007 21 15 to
1455 3005 41 22 join
1506 3011 28 15 us,
1544 3006 16 17 is
1574 3013 12 10 a
1600 3009 68 16 matter
1682 3014 24 11 on
1723 3010 62 17 which
1802 3011 10 17 I
1829 3017 34 12 can

1426 3029 69 22 hardly
1510 3029 64 17 advise
1590 3036 43 16 you.
1658 3031 39 18 The
1712 3032 42 18 first
1770 3034 55 22 point
1840 3035 22 20 is,

1426 3051 86 18 whether
1519 3058 39 16 you
1565 3058 36 12 can
1609 3053 81 19 unaided
1699 3055 47 18 raise
1755 3057 32 17 the
1799 3063 54 12 neces-

1427 3081 43 16 sary
1480 3075 56 17 funds
1545 3077 20 15 to
1574 3076 75 23 employ
1658 3084 76 16 rangers
1743 3080 38 17 and
1795 3082 21 16 to
1829 3087 22 11 ex-

1428 3098 45 17 tend
1493 3098 32 17 the
1543 3098 120 20 distribution
1684 3102 20 17 of
1720 3102 35 17 fish
1776 3103 19 17 in
1816 3110 48 16 your

1427 3122 85 16 streams.
1543 3122 39 16 The
1599 3128 89 17 expenses
1704 3125 30 17 for
1750 3125 59 24 doing

1426 3144 65 17 would
1499 3145 34 16 not
1540 3144 24 18 be
1573 3145 60 18 small.
1659 3147 19 17 If
1686 3153 37 17 you
1728 3148 48 18 elect
1784 3151 20 15 to
1810 3156 54 17 carry

1428 3173 24 11 on
1461 3173 11 11 a
1481 3168 75 21 Society
1564 3168 21 17 of
1592 3175 48 15 your
1654 3176 42 12 own
1713 3177 28 11 we
1757 3173 56 17 could
1830 3169 34 22 seil

1427 3196 38 16 you
1473 3192 21 15 at
1503 3197 35 11 our
1545 3190 97 25 hatchery,
1651 3199 46 12 near
1705 3193 79 23 Oxford,
1794 3196 36 17 fish
1843 3197 20 16 to

1427 3213 53 18 stock
1491 3220 48 16 your
1553 3216 79 16 streams
1644 3217 52 21 with,
1712 3217 35 17 but
1763 3224 29 12 we
1808 3218 55 19 could

1427 3238 35 16 not
1478 3242 74 18 engage
1564 3239 22 16 to
1600 3238 68 24 supply
1681 3246 38 16 you
1733 3241 39 17 free
1784 3243 21 16 of
1817 3244 46 16 cost.

1428 3260 20 16 If
1463 3266 39 16 you
1517 3260 41 23 join
1575 3266 27 15 us,
1620 3262 32 17 the
1668 3264 105 22 proximity
1792 3266 21 17 of
1830 3271 35 12 our

1428 3283 97 22 hatchery,
1536 3283 61 18 which
1606 3285 15 16 is
1630 3286 76 22 capable
1715 3287 21 17 of
1743 3288 80 23 turning
1831 3290 34 16 out

1430 3307 76 19 iOO,\Kh#
1515 3311 30 17 iry
1553 3312 33 17 per
1600 3313 76 17 aiiuuia,
1689 3310 39 17 and
1742 3315 44 13 over
1802 3311 62 18 v.'hicb

1429 3335 29 11 we
1466 3330 48 17 have
1522 3330 98 22 expended
1629 3332 55 21 £SOO,
1694 3333 39 18 will
1741 3334 67 17 enable
1816 3339 22 13 us
1844 3337 21 15 to

1430 3352 53 17 stock
1492 3358 48 17 your
1548 3354 78 17 streams
1634 3354 20 18 in
1663 3361 11 11 a
1687 3361 46 18 very
1746 3356 53 18 short
1813 3358 51 17 time.

1428 3375 39 17 But
1475 3375 53 18 there
1536 3374 16 19 is
1558 3377 107 23 something
1672 3380 19 16 to
1696 3379 24 17 be
1726 3380 41 17 said
1773 3380 19 17 in
1798 3381 68 17 favour

1428 3398 21 17 of
1456 3399 46 16 each
1511 3405 70 15 course,
1591 3400 37 17 and
1636 3406 37 21 you
1687 3402 37 17 had
1737 3403 63 17 better
1816 3404 49 21 fully

1428 3420 86 19 consider
1522 3422 31 17 the
1562 3422 70 18 matter
1639 3428 20 13 in
1667 3424 25 18 all
1700 3425 25 18 its
1733 3425 88 23 bearings
1827 3426 38 18 and

1429 3445 49 16 form
1486 3450 48 17 your
1543 3451 42 11 own
1593 3445 190 24 decisions.—Yours,
1800 3450 39 20 &c.,

1616 3470 19 17 T.
1649 3471 22 16 P.
1685 3471 131 22 Ciieesemax,

1736 3495 104 21 Secretary.

1451 3512 19 18 J.
1480 3514 26 17 H.
1515 3512 75 25 Taylor,
1628 3522 5 4 •

1499 3537 91 17 Rotorua.

1456 3564 33 19 Mr
1498 3565 40 18 We
1545 3565 50 19 bber
1602 3566 81 20 wonted
1695 3569 20 17 to
1726 3568 60 19 know
1793 3568 17 19 if
1816 3568 49 26 they

1430 3589 70 25 joined
1511 3591 35 18 the
1559 3590 109 21 Auckland
1686 3593 80 25 Society
1781 3594 18 19 if
1816 3594 49 26 they

1431 3615 67 19 would
1508 3619 35 21 get
1553 3616 35 19 the
1597 3623 72 20 young
1678 3619 39 19 fish
1726 3620 49 19 free.

1456 3641 43 19 Tho
1512 3642 110 19 Chairman
1630 3644 44 19 said
1682 3644 45 20 that
1733 3645 48 25 tbey
1791 3646 72 20 would.

1457 3667 61 19 After
1525 3667 81 20 further
1615 3669 111 21 discussion
1739 3671 34 19 Mr
1783 3672 80 20 Wilson

1430 3693 101 26 proposed
1549 3693 46 20 that
1613 3695 49 25 they
1684 3697 74 19 should
1781 3699 54 18 form
1853 3705 12 12 a

1431 3720 75 24 society
1515 3720 29 24 by
1554 3719 128 22 themselves.

1456 3746 34 19 Mr
1500 3745 93 20 Mitchell
1604 3746 63 20 asked
1677 3749 55 19 what
1742 3749 34 19 the
1786 3749 66 20 bound-

1431 3772 53 18 aries
1493 3777 59 13 were.

1456 3796 43 19 The
1512 3796 109 21 Chairman
1628 3799 45 19 said
1682 3800 26 19 ho
1717 3800 35 20 did
1762 3803 36 17 not
1805 3801 60 19 know

1430 3822 69 19 unless
1516 3822 49 25 they
1586 3830 52 13 were
1657 3823 35 21 the
1713 3833 55 12 some
1788 3833 23 14 as
1831 3827 35 20 tho

1430 3846 96 20 Thermal
1536 3848 85 26 Springs
1636 3850 131 21 bonndaries.

1457 3873 34 19 Mr
1501 3873 58 24 Iveys
1569 3876 99 23 proposed
1679 3877 44 19 that
1733 3878 50 24 they
1792 3878 74 20 should

1431 3899 44 25 join
1481 3899 35 19 the
1527 3899 109 21 Auckland
1646 3901 80 27 Society
1743 3904 42 19 and
1796 3905 70 18 Decode

1432 3926 52 18 from
1493 3925 117 26 Tauranga.

1458 3951 34 19 Mr
1513 3949 78 23 Mcßae
1614 3951 91 28 thought
1726 3954 47 20 that
1793 3955 73 26 taking

1432 3977 122 24 everything
1565 3978 44 20 into
1617 3980 155 25 consideration,
1790 3981 46 19 that
1851 3982 15 19 it

1432 4003 67 19 would
1509 4003 26 19 be
1545 4003 35 20 the
1589 4004 46 20 best
1644 4005 61 26 thing
1715 4008 21 18 to
1745 4007 27 19 do
1786 4014 22 12 as
1817 4007 49 25 they

1432 4028 79 19 wanted
1522 4029 79 20 several
1610 4030 102 21 thousand
1722 4032 39 20 fish
1771 4034 21 18 to
1801 4033 65 25 putin

1432 4054 35 19 tho
1477 4056 85 18 streams
1573 4055 41 19 this
1623 4062 78 14 season.

1459 4079 34 20 Mr
1513 4080 93 21 Webber
1628 4083 99 21 seconded
1746 4083 35 20 Mr
1800 4083 66 26 Key's

1432 4106 102 23 proposal.

1918 141 34 20 Mr
1961 140 80 21 Wilson
2049 140 105 20 withdrew
2161 140 33 19 his
2201 141 123 24 proposition

1891 168 21 20 in
1921 168 75 19 favour
2005 168 22 19 of
2038 166 32 21 Mr
2077 166 76 26 Keys's
2163 166 66 19 which
2241 173 41 12 was
2290 169 34 23 put

1891 197 21 17 to
1931 194 35 19 the
1990 193 91 26 meeting
2099 192 41 19 and
2159 192 79 19 carried
2253 192 60 19 unani-

1891 220 86 24 mously.

1917 244 43 21 The
1971 244 110 21 Chairman
2098 241 45 22 said
2158 244 35 19 the
2211 246 49 17 next
2271 242 43 21 busi-

1891 278 46 14 ness
1949 278 42 13 was
2001 274 20 17 to
2031 272 52 18 form
2093 277 12 12 a
2121 270 115 19 committee
2252 272 21 17 to
2290 272 34 23 get

1890 296 139 24 information,
2040 301 88 21 arrange
2137 298 90 20 matters,
2238 295 34 20 &c,

1917 322 35 21 Mr
1959 322 79 20 Mcßae
2047 322 100 25 proposed
2158 320 33 20 Mr
2199 321 20 20 J.
2231 322 28 19 H.
2273 321 51 25 Taj'-

1890 350 37 23 lor,
1938 348 54 24 J.P.,
2008 355 23 13 as
2045 348 118 21 Chairman,
2181 347 100 20 seconded
2297 348 27 22 by

1891 375 33 19 Mr
1935 375 115 19 Warbrick.
2078 373 92 20 Carried.

1916 399 105 28 Proposed
2031 400 27 25 by
2074 401 35 19 Mr
2126 399 88 23 Meßae,
2232 398 41 20 and
2292 399 32 19 Mr

1891 426 57 26 Kej's
1966 426 98 20 seconded
2080 426 46 18 that
2142 425 33 19 Mr
2192 425 92 20 Webber
2299 425 25 19 be

1890 453 45 19 Sect
1939 451 64 26 etary.
2031 451 90 26 Carried.

1917 476 30 22 l)r
1959 479 87 19 Ginders
2056 477 101 26 proposed
2173 476 76 20 Messrs
2266 476 55 20 War.

1891 503 62 23 brick,
1965 503 83 24 Mcßae,
2067 503 99 22 Mitchell,
2184 500 80 22 Wilson
2282 503 41 19 and

1891 529 39 21 We
1933 528 4 26 1
1945 530 32 24 be,
1986 531 52 18 form
2048 529 35 20 the
2099 528 122 20 Committee
2239 528 22 20 in
2276 536 36 13 con-

1890 555 92 27 junction
1991 555 47 20 with
2048 555 35 20 the
2090 552 111 23 Chairman
2210 555 105 20 andSecre
2318 552 3 30 1

1890 585 52 22 tary.
1970 582 64 19 Three
2045 585 20 16 to
2075 582 53 19 form
2136 586 11 14 a
2154 587 94 19 quorum.
2276 581 34 19 Car-

1890 607 50 20 ried.

1916 633 33 20 Mr
1975 633 104 20 Henshaw
2099 632 111 26 suggested
2229 632 45 20 that
2290 631 33 21 the

1890 659 108 20 Auckland
2008 660 79 24 Society
2097 658 26 21 be
2137 658 62 20 asked
2210 659 54 19 what
2273 658 49 19 kind

1889 687 22 18 of
1919 686 39 19 fish
1968 686 49 24 thoy
2026 686 60 19 could
2097 685 80 25 supply.

1916 711 33 20 Mr
1956 710 57 26 Keys
2023 711 100 28 proposed
2131 710 40 20 and
2178 710 33 20 Mr
2219 710 103 20 Henshaw

1889 736 100 21 seconded
2006 744 13 12 a
2039 740 47 17 vote
2107 737 23 19 of
2147 737 77 19 thanks
2245 740 21 16 to
2289 737 35 19 the

1889 764 116 19 Chairman.
2034 763 84 19 Carried
2128 763 150 24 unanimously.

1947 803 167 22 COMMITTEE
2128 804 131 20 MEETING

1914 856 44 21 The
1978 857 121 20 Committee
2121 856 48 20 held
2197 863 13 14 a
2233 857 91 27 meeting

1888 884 54 19 after
1952 883 34 20 the
1996 883 69 24 public
2078 882 97 25 meeting.

1914 909 34 20 Mr
1958 909 77 19 Mcßae
2045 909 90 24 thought
2144 909 47 19 that
2199 909 16 19 it
2222 909 66 19 would
2299 910 24 20 be

1888 935 56 26 right
1954 938 21 16 to
1986 935 56 19 write
2052 937 21 17 to
2082 935 36 19 the
2125 935 110 25 Tauranga
2242 934 81 28 Society

1888 961 41 20 and
1947 959 75 21 inform
2038 961 55 19 them
2116 961 45 19 that
2180 960 35 20 the
2234 963 89 25 meeting

1888 987 40 19 had
1933 987 82 19 decided
2022 987 45 19 that
2074 987 92 19 Rotorua
2175 987 72 19 should
2254 989 69 19 secede

1888 1014 52 18 from
1950 1013 55 19 their
2022 1013 86 24 Society,
2126 1013 40 19 and
2182 1012 44 20 also
2241 1013 28 20 let
2285 1015 35 19 the

1888 1037 108 21 Auckland
2012 1045 38 13 one
2069 1039 61 19 know
2149 1039 45 19 that
2213 1039 48 25 they
2281 1040 42 20 had

1888 1064 84 20 decided
1980 1067 21 17 to
2010 1065 43 24 join
2061 1065 63 19 them.

1915 1091 34 19 Mr
1966 1091 108 19 Warnriek
2090 1091 83 19 wanted
2189 1094 21 16 to
2229 1091 59 21 know
2306 1093 16 19 if

1888 1116 34 19 the
1932 1116 79 20 natives
2026 1117 66 19 Would
2111 1117 24 20 be
2152 1117 64 26 likely
2238 1122 20 16 to
2277 1123 45 22 stop

1888 1142 76 26 fishing
1974 1150 25 12 on
2009 1143 53 19 their
2072 1146 103 27 property.

1913 1168 43 19 The
1966 1168 110 20 Chairman
2086 1170 44 18 said
2140 1169 26 19 ho
2176 1170 91 25 thought
2285 1171 35 19 the

1888 1195 78 19 natives
1977 1195 65 19 would
2052 1197 36 18 not
2099 1195 59 20 make
2175 1202 40 19 uny
2231 1197 77 20 disturb-

1888 1227 54 12 ance.

1914 1246 19 19 It
1944 1253 40 12 was
1999 1246 84 20 decided
2099 1247 46 19 that
2163 1248 35 19 the
2213 1248 108 26 Secretary

1888 1273 56 18 write
1955 1276 20 15 to
1984 1273 35 19 tho
2036 1274 112 25 T<turauga
2158 1274 40 19 and
2215 1275 106 19 Auckland

1887 1298 102 24 Societies,
2002 1299 112 25 informing
2126 1300 56 19 them
2198 1301 21 18 of
2234 1301 35 19 the
2286 1299 24 22 de-

1887 1324 63 19 cision
1960 1324 21 20 of
1991 1325 34 19 the
2035 1325 97 26 meeting,
2143 1326 40 19 and
2193 1331 35 20 get
2241 1333 12 12 a
2271 1334 50 18 copy

1887 1351 22 17 of
1918 1349 38 20 Act
1963 1350 84 20 relative
2057 1354 21 16 to
2099 1358 60 19 game
2178 1352 41 19 and
2240 1353 81 24 fishing.

1888 1376 48 19 Also
1946 1378 21 17 to
1977 1380 35 21 get
2022 1377 132 20 information
2165 1384 21 13 re
2196 1378 35 20 the
2246 1379 65 20 follow-

1888 1402 35 25 ing
1939 1401 90 27 subjects
2071 1404 43 20 Can
2128 1404 36 19 the
2182 1405 79 19 natives
2277 1407 44 24 stop

1888 1428 77 25 fishing
1984 1436 26 12 on
2032 1430 103 19 unfenced
2153 1436 23 13 or
2192 1438 40 18 any
2258 1431 48 20 land
2314 1432 7 18 1

1888 1453 124 21 boundaries
2022 1455 21 19 of
2052 1455 86 24 district,
2149 1457 80 24 getting
2239 1457 35 19 the
2283 1458 38 19 fish

1887 1481 104 24 protected
2012 1484 21 16 at
2055 1488 49 12 once
2122 1482 40 19 and
2180 1486 141 22 arrangement

1888 1507 32 18 for
1941 1506 90 24 licenses,
2053 1507 82 26 getting
2159 1515 12 12 a
2191 1514 75 21 ranger
2286 1516 27 19 ap
2316 1506 3 29 l

1888 1532 89 26 pointed,
1988 1533 40 19 and
2044 1533 44 19 also
2102 1536 21 17 to
2139 1535 50 18 send
2204 1542 13 12 a
2232 1542 51 19 copy
2298 1536 22 19 of

1888 1565 63 18 paper
1962 1559 48 19 with
2020 1559 35 19 the
2064 1559 160 21 advertisement
2236 1561 21 19 in
2273 1562 38 18 call-

1887 1584 36 23 ing
1933 1585 35 18 the
1978 1585 91 26 meeting
2079 1590 21 15 to
2110 1585 34 20 Mr
2152 1585 133 21 Cheeseinan.

1913 1608 50 21 This
1974 1611 123 20 terminated
2107 1613 35 18 the
2151 1613 97 25 meeting.

1906 1669 147 23 ROTORUA
2189 1669 43 23 TOWN
2243 1669 61 23 BOARD.

1912 1719 15 16 A
1937 1719 83 22 meeting
2032 1720 21 16 of
2065 1720 33 16 the
2115 1720 59 18 nbovo
2191 1726 38 12 was
2245 1720 44 19 held
2303 1722 18 17 in

1887 1740 32 19 Mr
1926 1740 99 24 Malfroy's
2033 1743 60 18 office,
2105 1745 21 15 at
2141 1745 9 15 2
2164 1748 46 18 p.m.
2228 1750 24 11 on
2265 1745 42 17 Wed-

1885 1765 78 22 nesday,
1986 1767 9 15 'J
1998 1766 9 17 7
2009 1766 20 17 tli
2053 1765 102 24 February.
2189 1767 79 18 Present
2268 1769 54 16 —Mr

1886 1787 20 18 C.
1927 1786 91 25 Malfroy,
2039 1788 50 19 J.P..
2108 1788 126 25 (Chairman.)
2253 1791 31 16 Mr
2301 1792 20 17 T.

1886 1811 64 20 Brent,
1960 1811 28 17 Dr
1996 1811 86 22 Gitulers,
2093 1812 49 21 J.P.,
2160 1812 38 18 and
2212 1814 32 17 the
2259 1814 62 21 Clerk,

1886 1835 30 16 Mr
1925 1835 81 22 Dunsey.

1909 1856 57 24 Upon
1974 1857 33 18 the
2015 1858 116 22 application
2140 1860 20 16 of
2169 1858 28 19 Dr
2205 1858 117 20 Gindersthe

1885 1880 84 23 meeting
1979 1886 37 12 was
2024 1881 108 23 adjourned
2141 1883 28 17 till
2180 1883 31 17 the
2225 1885 46 15 next
2284 1884 38 22 day

1885 1905 20 15 at
1913 1905 11 15 2
1933 1908 46 18 p.m.

1955 1932 157 19 ADJOURNED
2126 1933 125 19 MEETING.

1908 1978 38 18 The
1962 1978 106 24 adjourned
2081 1981 85 22 mooting
2182 1986 38 13 was
2237 1981 43 18 held
2298 1988 24 11 on

1884 2002 104 23 Thursday,
2011 2003 43 17 2.Stli
2078 2003 103 23 February,
2203 2006 21 15 at
2244 2006 10 15 2
2274 2011 47 16 p.m.

1884 2025 134 17 Present—Mr
2026 2027 21 17 C.
2056 2026 91 23 Malfroy.
2155 2027 42 17 J.P.
2205 2027 117 24 (Chairman)

1884 2048 31 17 Mr
1923 2049 20 16 T.
1954 2048 19 17 S.
1983 2049 63 21 Brent,
2056 2049 30 18 Dr
2094 2048 86 22 Cinders,
2189 2050 50 21 J.P.,
2247 2051 37 17 and
2289 2051 33 17 the

1884 2071 62 18 Clerk.

1906 2094 40 18 The
1955 2094 81 18 minutes
2052 2096 21 17 of
2087 2096 33 17 the
2133 2096 88 23 previous
2237 2097 85 23 meeting

1884 2123 48 11 were
1941 2118 44 17 read
1993 2119 38 17 and
2040 2119 108 17 confirmed.

1907 2141 91 16 Outward
2007 2142 159 20 correspondence
2178 2143 45 16 read
2235 2143 37 17 and
2286 2150 23 16 ap-

1884 2163 75 22 proved.

1959 2199 83 14 IXWARI)
2055 2200 189 14 CORRESPONDENCE.

1908 2221 62 23 Reply
1990 2223 49 17 from
2056 2223 146 19 Ccniinissiosier
2218 2225 20 17 of
2253 2225 69 17 Crown

1884 2245 69 20 Lands,
1964 2251 19 11 re
1992 2246 31 17 Mr
2032 2245 73 23 Kelly's
2118 2246 114 23 application
2242 2248 29 17 for
2279 2254 32 16 per-

1884 2268 76 17 mission
1969 2270 19 16 to
1998 2270 53 16 fence
2057 2269 20 17 in
2086 2272 43 20 part
2141 2271 21 16 of
2175 2270 32 17 the
2221 2271 101 22 esplanade

1884 2291 69 17 behind
1962 2292 32 16 the
2003 2293 74 16 Roman
2086 2293 87 17 Catholic
2181 2293 82 19 Church.

1907 2314 92 18 Resolved
2007 2315 44 18 that
2060 2316 31 17 Mr
2100 2315 57 23 Kelly
2164 2316 23 18 be
2192 2317 81 21 granted
2279 2324 33 16 per-

1884 2338 76 17 mission
1981 2338 20 17 to
2022 2340 53 15 fence
2095 2340 20 16 in
2135 2346 12 10 a
2166 2340 52 22 piece
2239 2341 20 16 of
2276 2341 45 17 land

1884 2360 69 18 behind
1971 2361 32 17 the
2011 2361 75 18 Roman
2095 2362 86 18 Catholic
2196 2362 74 19 Church
2281 2364 40 21 site,

1884 2383 37 18 and
1930 2383 34 18 the
1971 2383 42 18 lake
2022 2385 18 16 in
2051 2385 56 17 order
2115 2387 19 15 to
2143 2386 54 17 stack
2205 2385 29 18 his
2247 2386 74 22 timber,

1884 2413 20 10 as
1921 2413 33 16 per
1968 2408 27 16 his
2010 2408 57 17 letter
2079 2413 52 17 upon
2146 2412 91 20 payment
2254 2411 20 16 of
2287 2416 35 12 one

1884 2430 64 22 pound
1957 2431 80 22 sterling
2044 2437 35 16 per
2087 2434 83 20 quarter,
2183 2433 111 18 terminable
2302 2435 20 16 sit

1885 2455 10 15 3
1904 2453 81 17 months'
1994 2454 63 17 notice
2065 2461 24 10 on
2098 2455 61 17 either
2167 2455 46 18 side.
2239 2456 82 18 Carried.

1908 2475 66 18 Letter
1982 2477 48 17 from
2044 2478 40 16 Mrs
2093 2477 24 18 D.
2127 2477 86 19 Griffiths
2230 2480 92 22 applying

1884 2500 30 16 for
1922 2506 11 10 a
1941 2500 46 16 road
1996 2502 19 15 to
2024 2501 23 16 be
2056 2501 56 17 made
2119 2502 21 16 to
2157 2502 33 16 her
2198 2502 100 16 residence.

1908 2522 92 18 Resolved
2016 2524 45 17 that
2080 2524 76 18 tenders
2176 2524 23 18 be
2216 2526 61 17 called
2293 2526 30 17 for

1886 2545 83 22 forniilifr
1977 2547 32 16 the
2018 2547 132 18 continuation
2159 2549 20 16 of
2190 2548 95 23 Haupapa
2294 2549 27 17 St.

1885 2569 49 17 from
1942 2568 104 19 Tutanckai
2056 2571 19 16 to
2084 2571 83 17 Amohia
2173 2571 77 18 Streets.
2276 2573 34 16 Car-

1885 2590 39 19 ried

1909 2615 56 17 Prom
1973 2615 57 18 Town
2040 2616 63 21 Clerk,
2113 2617 105 20 Auckland,
2227 2618 96 23 enclosing

1886 2638 60 22 copies
1955 2639 20 16 of
1983 2639 39 23 city
2030 2639 101 23 bye-laws,
2140 2641 51 21 price
2204 2642 35 16 l()s.

1909 2661 56 18 From
1974 2662 31 17 Air
2013 2662 71 21 Currie,
2094 2663 93 18 architect
2195 2665 29 16 for
2236 2664 32 17 the
2281 2670 41 12 new

1886 2684 50 18 hotel
1945 2684 20 18 in
1973 2685 74 18 Fenton
2056 2686 68 21 Street,
2134 2686 71 22 asking
2212 2688 110 22 permission

1886 2709 19 15 to
1914 2708 41 16 sink
1964 2708 37 17 and
2009 2710 91 16 excavate
2109 2710 29 16 for
2147 2716 11 11 a
2166 2710 57 17 cellar
2228 2710 37 18 and
2274 2717 38 11 cess-

1886 2731 33 21 pit.
1945 2730 115 19 Permission
2071 2733 87 21 granted.

1909 2754 57 17 From
1984 2754 175 24 Uuder-Secretary
2176 2757 30 16 for
2218 2756 69 22 Lands,
2303 2763 19 12 re

1885 2777 93 17 bve-laws
1987 2778 29 17 for
2024 2778 84 23 sanitary
2115 2784 96 17 purposes.

1909 2800 56 18 From
1974 2801 75 23 County
2058 2802 85 20 Council,
2152 2803 106 21 Tauranga,
2266 2804 20 16 in
2293 2810 20 11 re-

1886 2824 32 21 ply
1926 2825 19 16 to
1954 2824 33 17 the
1994 2824 79 18 Board's
2082 2825 56 18 letter
2146 2831 20 12 re
2172 2825 33 18 the
2210 2826 21 17 2'.
2241 2832 34 16 per
2281 2828 43 16 cent

1886 2846 92 18 deducted
1992 2846 26 23 by
2030 2847 33 18 the
2082 2848 78 18 Council
2177 2850 30 16 for
2220 2850 103 17 collector's

1886 2869 125 19 commission.

1910 2892 91 19 Resolved
2010 2894 43 17 that
2061 2894 33 17 the
2103 2895 77 17 Council
2196 2895 23 17 bo
2232 2895 57 17 asked
2302 2897 20 16 to

1886 2916 69 17 refund
1963 2916 32 17 the;
2004 2923 42 11 sum
2054 2918 22 16 of
2084 2917 26 18 £2
2126 2919 35 20 10s,
2177 2919 37 16 and
2228 2917 45 19 that
2285 2919 38 18 this

1886 2939 63 17 Board
1958 2940 32 17 fail
1999 2942 21 16 to
2028 2946 30 11 see
2067 2940 62 18 where
2138 2942 32 16 the
2178 2941 52 23 large
2243 2944 79 15 ainouut

1886 2963 20 17 of
1914 2964 54 16 extra
1977 2963 74 17 cleaical
2060 2963 52 18 work
2122 2970 61 12 comes
2195 2964 25 18 iu.
2246 2965 24 17 In
2282 2966 41 17 face

1886 2987 20 16 of
1914 2984 38 19 this
1961 2986 39 17 fact
2008 2986 43 17 that
2060 2986 33 18 the
2107 2987 67 17 details
2188 2987 24 18 do
2225 2990 35 15 not
2274 2994 48 12 seem

1886 3010 20 15 t)
1914 3008 48 17 have
1971 3009 46 18 been
2026 3015 50 17 gone
2084 3010 46 21 into,
2144 3017 21 10 as
2177 3011 32 17 tho
2221 3011 101 18 deduction

1886 3031 54 18 made
1949 3032 48 18 from
2010 3032 39 18 this
2062 3033 69 20 Board,
2148 3034 44 20 £3O,
2207 3034 16 17 is
2239 3036 34 16 not
2288 3040 34 17 pro

1885 3057 42 15 rata
1934 3057 21 15 to
1964 3055 32 17 the
2004 3062 97 16 expenses.
2126 3057 83 17 Carried.

1909 3078 56 17 From
1975 3078 32 18 the
2016 3079 191 22 Surveyor-General,
2215 3079 107 25 (telegram)

1886 3102 110 22 intimating
2012 3102 44 17 that
2071 3102 34 17 the
2120 3103 60 22 police
2197 3104 39 17 will
2251 3102 24 19 be
2293 3105 20 16 in-

1886 3125 83 17 structed
1978 3126 20 16 to
2007 3125 45 17 visit
2060 3126 89 21 premises
2157 3126 38 18 and
2204 3126 42 23 give
2261 3128 61 16 notice

1886 3147 42 18 that
1936 3148 53 17 earth
1998 3148 68 17 closets
2074 3150 51 16 must
2133 3149 23 17 be
2165 3150 51 17 used.

1909 3170 57 18 From
1974 3171 103 18 Constable
2085 3172 85 22 Murray,
2180 3178 20 12 re
2210 3173 102 23 investigat-

1885 3194 35 22 ing
1927 3194 85 22 sanitary
2020 3198 150 19 arrangements.

1909 3216 91 18 Resolved
2009 3216 44 18 that
2061 3218 101 18 Constable
2168 3219 95 22 Murray's
2267 3219 56 17 letter

1885 3240 23 17 be
1923 3240 105 17 forwarded
2044 3241 21 17 to
2081 3240 33 18 the
2131 3241 190 23 Surveyor-General,

1886 3269 53 16 upon
1954 3263 71 23 receipt
2039 3264 21 17 of
2075 3264 75 18 further
2166 3265 157 18 communication

1887 3286 49 18 from
1947 3286 32 18 the
1988 3286 108 18 Constable.

1910 3308 56 18 From
1975 3309 31 17 Mr
2014 3309 23 17 F.
2047 3310 21 17 B.
2076 3310 59 22 Scott,
2146 3316 20 12 re
2174 3309 28 19 his
2209 3309 114 24 application

1887 3333 30 16 for
1924 3332 33 17 the
1965 3333 83 21 position
2057 3335 21 16 of
2087 3333 130 23 bath-keeper.

1910 3355 92 18 Resolved
2010 3356 43 17 that
2060 3356 24 17 ho
2096 3356 23 18 bo
2133 3357 94 17 informed
2239 3358 43 17 that
2294 3356 29 19 his

1887 3379 114 21 application
2008 3378 39 18 will
2056 3379 71 18 receive
2136 3380 37 17 due
2187 3380 137 18 consideration

1888 3401 55 18 when
1951 3401 32 18 the
1992 3402 133 22 appointment
2136 3403 16 17 is
2165 3403 60 21 made,
2240 3404 36 16 but
2291 3404 32 17 the

1886 3425 132 21 appointment
2026 3424 39 19 will
2073 3427 39 16 rest
2119 3425 47 18 with
2174 3426 29 17 Dr
2211 3427 111 23 McGregor,

1887 3448 97 21 Inspector
1992 3449 20 16 of
2020 3448 96 23 Asylums.

1910 3469 56 19 In-otn
1979 3469 175 25 Uuder-Secretary
2173 3472 29 17 for
2220 3472 69 21 Lands,
2304 3479 20 11 re

1887 3493 89 23 drainage
1985 3494 83 18 schemes
2075 3495 30 17 for
2114 3495 32 17 the
2154 3500 42 12 new
2204 3495 58 17 hotel.

1910 3517 92 18 Resolved
2010 3518 44 16 tli&t
2062 3518 32 17 the
2107 3516 175 24 Under-Secretary
2294 3519 30 17 for

1887 3539 65 18 Lands
1960 3540 23 17 be
1991 3540 95 18 informed
2095 3541 43 17 that
2145 3541 33 17 the
2186 3541 63 17 Board
2257 3541 34 18 has
2298 3547 26 12 no

1887 3563 57 17 funds
1959 3564 20 16 at
1995 3562 25 18 its
2037 3563 82 23 disposal
2135 3563 20 18 to
2173 3570 53 17 carry
2242 3566 33 16 out
2291 3565 33 17 the

1887 3586 89 20 drainage
1985 3587 20 16 of
2013 3586 33 17 the
2054 3587 58 20 town,
2122 3587 40 17 also
2169 3587 44 18 that,
2221 3587 32 18 the
2260 3587 53 18 drain-

1887 3608 33 23 ing
1929 3608 38 18 will
1975 3608 24 18 be
2007 3615 12 11 a
2027 3615 45 17 very
2081 3610 60 22 costly
2149 3612 76 19 matter,
2234 3610 38 17 and
2282 3611 42 17 that

1887 3633 33 16 tho
1925 3632 62 17 Board
1992 3633 35 16 not
2032 3632 73 23 having-
2110 3638 37 17 any
2151 3638 63 12 source
2220 3634 20 16 of
2244 3639 80 13 revenue

1887 3660 52 17 upon
1948 3653 62 20 which
2018 3655 16 17 it
2042 3655 56 18 could
2106 3655 75 18 borrow
2187 3657 32 17 the
2226 3657 52 22 large
2284 3662 39 12 sum

1887 3678 87 22 required
1993 3679 21 16 to
2034 3677 138 24 satisfactorily
2191 3685 55 17 carry
2265 3681 33 16 out
2314 3686 11 11 a

1888 3701 77 22 general
1973 3701 76 17 schame
2057 3702 20 16 of
2092 3702 96 23 drainage.
2213 3703 52 22 They
2277 3703 48 17 have

1887 3724 105 17 instructed
2008 3724 71 18 Messrs
2094 3725 93 17 Hancock
2200 3725 37 17 and
2254 3726 32 18 Co.
2305 3727 19 17 to

1888 3747 54 17 make
1948 3747 95 22 provision
2049 3748 30 17 for
2084 3747 90 23 draining
2181 3748 49 17 their
2237 3749 88 22 premises

1888 3770 25 22 by
1923 3770 131 23 constructing
2065 3777 12 10 a
2093 3771 84 22 cess-pit,
2193 3772 67 17 within
2275 3772 51 17 their

1889 3798 42 12 own
1940 3793 95 22 premises,
2051 3794 29 16 for
2094 3794 33 16 the
2143 3794 82 22 disposal
2241 3795 20 17 of
2277 3795 49 17 their

1889 3815 96 23 drainage,
2002 3816 21 17 in
2039 3822 12 11 a
2067 3816 72 17 similar
2154 3823 78 11 manner
2247 3819 20 15 to
2283 3818 43 17 that

1889 3838 82 22 adopted
1980 3839 29 17 for
2018 3844 54 16 years
2080 3841 44 20 past
2127 3840 27 22 by
2160 3840 33 17 the
2199 3840 126 18 Sanatorium.

1889 3862 39 16 The
1942 3862 61 18 whole
2016 3862 89 22 question
2120 3866 39 14 was
2172 3862 94 19 discussed
2279 3863 47 18 with

1889 3885 33 16 the
1931 3885 186 22 Surveyor-General
2125 3891 51 16 upon
2190 3886 30 16 his
2232 3887 39 17 late
2282 3887 45 17 visit

1889 3909 20 15 to
1918 3907 91 21 Rotorua,
2023 3907 38 18 and
2075 3908 15 17 it
2104 3913 39 12 was
2155 3909 78 21 pointed
2247 3911 34 16 out
2294 3909 33 18 the

1889 3929 118 24 desirability
2015 3931 21 16 of
2044 3929 78 25 making
2138 3937 51 12 some
2202 3932 80 18 suitable
2296 3938 21 12 ar-

1889 3954 113 21 raxigement
2016 3954 30 17 for
2061 3954 73 23 raising
2153 3960 12 11 a
2184 3955 43 17 loan
2244 3956 31 17 for
2289 3956 38 17 this

1890 3974 69 24 object.
1987 3977 82 17 Carried.

1913 3995 93 22 Resolved
2014 3999 44 18 that
2067 3998 32 19 the
2108 3999 185 23 Surveyor-General
2305 4001 22 18 be

1889 4022 77 17 written
1974 4024 20 16 to
2002 4022 105 23 regarding
2114 4024 52 21 steps
2173 4023 58 23 being
2242 4022 58 19 taken
2308 4026 19 15 to

1891 4046 96 16 construct
1995 4051 11 11 a
2014 4045 63 17 wharf
2084 4045 28 18 off
2118 4044 33 19 the
2160 4047 37 16 end
2210 4048 20 16 of
2243 4047 72 17 Tutane-

1889 4067 32 17 kai
1929 4066 68 22 Street,
2012 4068 30 17 for
2055 4068 34 17 the
2103 4074 82 17 purpose
2201 4070 20 17 of
2237 4070 90 23 enabling

1889 4091 77 16 tourists
1975 4092 20 16 to
2004 4091 45 17 land
2057 4091 38 17 and
2100 4091 78 18 embark
2184 4092 49 18 from
2240 4094 87 17 steamers

1889 4113 38 17 and
1934 4114 55 17 other
1996 4114 62 17 boats.
2083 4114 83 18 Carried.

2373 143 38 18 The
2419 144 100 24 following
2526 148 91 15 accounts
2627 151 48 11 were
2683 145 68 22 passed
2757 145 27 17 for

2349 169 101 21 payment:
2463 168 29 17 W.
2509 169 23 17 A.
2541 168 100 21 Williams,
2658 168 25 18 ill
2700 169 30 15 13s
2740 168 44 20 lOd;

2350 189 25 18 H.
2385 189 60 22 Brett,
2453 192 31 16 13s
2490 191 31 21 6d;
2536 191 46 18 Hot
2587 192 68 17 Lakes
2661 192 123 19 Chronicle,

2350 212 42 19 10s:
2406 212 26 18 H.
2442 214 18 17 S.
2471 214 78 20 Motrin,
2559 214 26 18 £l
2599 217 20 15 3s
2632 212 34 23 (id;
2680 214 75 17 Tonson
2770 215 14 16 &

2349 234 82 22 Garliok,
2441 237 26 17 £o
2478 238 31 16 16s
2519 238 40 17 lOd.

2371 257 91 20 Resoivcd
2471 260 43 17 that
2522 261 32 17 the
2563 261 64 17 Board
2632 261 49 17 form
2688 259 52 18 itself
2744 260 40 17 into

2347 286 11 11 a
2366 282 108 18 committee
2483 283 19 17 of
2511 284 33 16 the
2556 283 61 18 whole
2625 285 30 16 for
2664 284 32 17 the
2703 288 81 16 purpose

2347 304 20 16 of
2375 303 68 24 taking
2450 304 42 20 into
2500 306 138 19 consideration
2650 307 33 17 the
2697 306 87 22 question

2347 327 20 16 of
2383 327 91 24 selecting
2497 330 80 17 suitable
2597 330 93 22 bye-laws
2706 330 30 16 for
2752 329 32 17 the

2347 350 82 22 locality.

2370 372 92 19 Resolved
2476 375 43 17 that
2532 375 33 18 the
2577 375 101 27 Tauranga
2693 374 90 23 Borough

2347 393 78 20 Council
2433 396 23 18 be
2464 397 58 18 asked
2531 398 20 18 to
2564 405 55 11 cause
2632 398 37 18 this
2685 398 62 17 Board
2763 400 21 16 to

2346 418 24 17 be
2378 417 86 24 supplied
2473 420 46 18 with
2528 428 10 10 a
2547 428 48 16 copy
2604 423 20 16 of
2638 421 31 18 the
2682 421 100 23 bye-laws,

2346 441 38 17 and
2400 442 39 18 also
2453 444 50 17 their
2516 445 91 21 standing
2623 445 64 18 orders
2702 444 82 26 guiding

2346 464 32 17 the
2386 465 122 23 proceedings
2516 468 21 16 of
2545 468 32 17 the
2586 468 84 17 Council.
2696 466 85 23 Dolayed

2346 487 92 23 telegram
2446 490 20 16 to
2474 484 24 22 be
2507 492 42 16 sent
2557 493 20 15 to
2589 490 106 23 Tauranga.

2369 510 39 18 The
2417 511 101 19 Chairman
2526 513 51 18 drew
2586 515 32 16 the
2623 514 95 17 attention
2724 513 21 17 of
2750 513 33 18 the

2346 534 84 23 meeting
2438 537 20 14 to
2467 536 32 16 the
2513 536 76 26 neglect
2601 538 21 16 of
2636 537 31 17 the
2684 536 98 18 custodian

2345 556 39 17 and
2396 558 133 23 poundkeeper
2542 565 19 12 ic
2577 560 71 26 paying
2664 559 21 18 in
2698 560 32 16 the
2744 560 38 17 fees

2346 580 83 17 received
2438 581 38 17 and
2484 580 78 25 looking
2575 584 50 16 after
2633 580 32 20 the
2674 583 79 17 animals
2763 583 19 17 in

2346 602 33 17 the
2388 604 72 17 streets.

2369 624 92 20 Resolved
2469 626 43 19 that
2520 628 24 17 he
2548 628 23 18 be
2578 628 93 19 informed
2678 628 56 23 again
2739 628 44 18 that

2345 648 33 17 the
2387 649 38 17 fees
2433 652 51 15 must
2493 651 24 17 be
2525 652 44 21 paid
2578 652 20 17 in
2607 652 20 18 in
2634 653 33 17 the
2676 652 42 17 first
2730 652 52 17 week

2346 672 20 17 of
2374 671 32 18 the
2415 673 112 23 succeeding
2536 675 73 17 month.

2369 694 44 18 This
2422 696 103 18 concluded
2533 698 33 17 the
2574 698 89 22 meeting.

2349 747 105 22 PUBLIC
2475 750 190 23 TESTIMONIAL
2684 753 34 20 TO
2738 753 43 19 MR

2440 781 28 19 H.
2488 781 23 20 L.
2530 782 157 22 McFADGEN.

2371 842 51 20 This
2434 844 122 26 interesting
2565 849 60 17 event
2632 847 48 19 took
2688 847 57 25 place
2755 854 25 13 on

2345 868 109 26 Thursday
2465 870 46 24 last,
2531 872 20 18 in
2568 873 35 19 the
2622 873 158 25 Reading-room

2345 895 22 18 of
2377 896 34 18 the
2422 896 104 24 Institute,
2543 905 22 12 as
2580 905 12 13 a
2611 899 126 24 recognition
2757 900 22 18 of

2345 920 32 19 his
2387 922 86 19 services
2484 929 22 12 as
2520 923 107 27 Honorary
2638 925 8 19 l
2656 925 96 20 ibrarian.

2371 946 23 20 C.
2406 947 97 26 Malfroy,
2512 949 56 26 Esq.,
2578 950 53 24 J.P.,
2644 952 107 19 President
2759 952 22 19 of

2345 972 36 20 the
2390 973 98 20 Institute
2501 975 21 19 in
2533 976 35 19 the
2586 977 62 23 chair,
2665 978 41 19 and
2723 978 58 19 there

2346 1005 52 13 were
2408 1006 12 12 a
2430 999 57 26 large
2507 1002 118 20 attendance
2636 1004 21 19 of
2672 1004 107 24 residents,

2345 1025 108 26 including
2462 1026 71 20 ladies.

2371 1051 61 19 After
2457 1052 87 27 reading
2565 1054 34 19 the
2622 1055 159 20 advertisement

2344 1077 116 26 convening
2471 1079 35 19 the
2514 1080 91 26 meeting
2615 1081 33 20 the
2669 1082 111 19 Chairman

2345 1102 20 19 in
2389 1104 121 26 presenting
2534 1106 34 20 the
2595 1108 130 24 testimonial,
2754 1115 26 12 an

2345 1128 71 20 album
2426 1130 22 18 of
2457 1132 24 16 60
2493 1131 61 19 views
2565 1132 20 19 of
2595 1133 34 19 tho
2646 1134 85 25 district,
2753 1134 27 26 by

2345 1154 71 20 Josiah
2431 1155 83 25 Martin,
2526 1157 89 21 referred
2625 1159 20 19 in
2658 1162 53 17 most
2728 1167 39 12 com-

2345 1180 125 27 plimentary
2481 1185 61 17 terms
2555 1186 20 17 to
2584 1184 34 20 the
2624 1186 43 18 zeal
2675 1185 40 20 and
2722 1186 48 20 valu-

2345 1206 47 19 able
2403 1208 86 19 services
2499 1209 99 21 rendered
2608 1213 20 17 to
2638 1212 34 19 tho
2683 1212 97 20 Institute

2345 1232 28 24 by
2380 1233 34 19 Mr
2424 1233 122 27 McFadgen
2556 1238 36 17 not
2605 1237 47 25 only
2662 1244 22 13 as
2702 1245 38 13 one
2759 1239 22 19 of

2345 1259 35 19 the
2401 1259 99 20 founders
2520 1261 38 19 but
2580 1262 41 20 also
2639 1270 22 12 as
2678 1264 102 25 honorary

2344 1284 110 21 Librarian
2464 1287 31 18 for
2506 1293 55 13 some
2570 1294 65 19 years.

2371 1311 34 20 Mr
2415 1312 119 26 McFadgen
2544 1313 21 20 in
2578 1315 57 25 ieply
2643 1315 71 20 said—

2372 1342 18 19 M
2396 1348 14 13 n
2420 1342 125 25 President,
2565 1343 78 22 Ladies
2660 1353 42 13 and
2726 1349 52 19 Gen*,

2344 1373 89 19 tlemk.v,
2436 1369 38 19 —I
2484 1370 41 19 feol
2543 1371 73 24 myself
2636 1372 70 25 placed
2726 1374 22 20 in
2768 1382 12 12 a

2345 1393 85 20 difficult
2439 1395 89 25 position
2544 1396 21 19 in
2579 1397 78 26 finding
2676 1400 65 19 words
2759 1404 21 16 to

2345 1420 91 25 suitably
2446 1428 82 18 express
2538 1429 35 18 my
2583 1423 87 26 feelings
2677 1425 21 19 in
2706 1426 72 20 thank,

2343 1446 37 25 ing
2389 1453 41 18 you
2440 1448 32 18 for
2488 1448 35 19 the
2542 1455 48 18 very
2609 1449 110 22 handsome
2739 1454 41 18 and

2344 1473 131 25 appropriate
2498 1475 83 25 parting
2604 1480 81 20 present
2712 1479 67 19 which

2343 1505 40 18 you
2394 1499 52 19 have
2456 1499 44 25 just
2509 1500 60 26 given
2581 1507 36 18 me,
2630 1502 57 20 when
2703 1504 16 19 it
2738 1512 42 12 was

2344 1525 67 18 stated
2421 1528 21 15 to
2454 1532 31 12 me
2497 1526 44 19 that
2552 1528 15 17 it
2580 1533 40 14 was
2636 1528 98 22 intended
2752 1531 28 26 by

2344 1550 34 19 the
2393 1550 126 21 subscribers
2537 1555 21 17 to
2576 1553 33 19 the
2631 1554 88 27 Library
2738 1557 42 19 and

2344 1576 96 27 Rending
2448 1577 66 20 Room
2524 1581 21 16 to
2555 1580 46 24 give
2609 1587 32 12 me
2651 1588 12 12 a
2679 1587 101 16 memento

2343 1604 23 18 of
2375 1609 34 19 my
2418 1604 120 19 connection
2549 1605 49 20 with
2608 1606 34 19 the
2653 1607 125 27 institution,

2344 1629 11 19 I
2373 1630 101 25 certainly
2497 1630 36 20 did
2551 1634 35 16 not
2605 1636 71 22 expect
2697 1635 45 20 that
2763 1637 17 18 it

2345 1655 66 19 would
2423 1656 23 19 be
2456 1663 23 12 so
2488 1656 97 26 liberally
2595 1660 111 24 responded
2717 1665 26 21 to,
2753 1669 24 12 or

2343 1681 46 19 that
2399 1688 23 12 so
2438 1688 62 19 many
2518 1684 67 18 would
2604 1684 25 19 bo
2650 1690 82 20 present
2757 1695 22 12 as

2345 1707 56 19 there
2411 1714 40 17 are,
2463 1709 102 20 therefore
2580 1710 9 19 I
2600 1710 39 20 feel
2650 1719 48 17 very
2705 1713 74 27 deeply

2343 1733 35 19 the
2388 1740 49 19 very
2444 1734 50 19 kind
2500 1736 93 20 remarks
2600 1737 21 18 of
2630 1738 34 18 the
2671 1738 108 22 President

2344 1759 38 19 and
2394 1759 35 19 the
2440 1767 44 18 way
2495 1761 21 19 in
2526 1762 66 20 which
2606 1770 40 17 you
2662 1764 52 19 have
2730 1767 38 19 reci-

2345 1786 95 24 procated
2448 1787 57 19 those
2514 1789 97 19 remarks.
2622 1789 62 20 What
2692 1793 87 19 services

2345 1812 9 18 i
2366 1811 51 20 have
2427 1813 62 24 given
2509 1817 21 15 to
2552 1815 36 18 the
2606 1815 115 21 institution
2737 1826 42 12 was

2345 1837 54 20 what
2409 1837 11 20 I
2431 1838 38 19 felt
2479 1846 22 12 as
2512 1846 33 18 my
2556 1840 40 20 due
2604 1844 21 16 to
2637 1837 28 28 it;
2679 1843 43 20 also
2733 1846 45 18 that

2344 1864 11 19 I
2368 1864 40 19 had
2418 1871 54 12 some
2482 1865 49 19 time
2543 1869 21 16 to
2575 1873 64 19 spare.
2667 1868 11 18 I
2688 1870 42 20 also
2741 1872 39 19 felt

2345 1890 45 19 that
2413 1890 35 19 the
2470 1891 79 20 income
2568 1895 22 17 of
2606 1894 34 19 the
2658 1895 121 22 Institution

2344 1916 66 19 would
2422 1917 25 18 be
2457 1923 50 19 very
2516 1917 79 21 limited
2605 1920 40 19 and
2656 1921 34 19 the
2699 1923 67 19 attend-

2344 1943 36 25 ing
2390 1949 88 19 expense
2488 1944 73 25 heavy,
2573 1945 11 19 I
2594 1946 36 19 felt
2641 1947 15 19 it
2674 1954 105 21 necessary

2344 1973 20 14 to
2374 1969 26 18 do
2411 1968 54 20 what
2480 1970 10 18 I
2502 1977 38 12 cou
2549 1971 20 18 d.
2597 1972 43 19 The
2655 1979 94 20 progress
2759 1977 21 18 of

2344 1995 34 18 the
2389 1993 122 22 Institution
2521 1996 38 19 has
2571 1999 87 25 perhaps
2677 2001 101 21 exceeded

2345 2027 38 13 our
2398 2022 146 24 expectations,
2563 2025 107 26 especially
2690 2030 34 16 the
2744 2027 24 20 Li-

2343 2047 68 25 brary,
2422 2050 22 16 at
2454 2048 44 19 first
2509 2048 17 19 it
2535 2056 41 13 was
2593 2053 36 16 not
2645 2053 96 24 expected
2759 2057 21 16 to

2344 2075 52 18 form
2407 2079 44 18 one,
2465 2074 35 19 but
2511 2075 35 19 the
2556 2076 34 19 aid
2600 2077 21 19 of
2630 2077 51 25 gifts
2687 2079 22 19 of
2716 2079 64 20 books

2345 2100 52 19 from
2407 2100 101 20 residents
2519 2102 41 19 and
2570 2102 81 20 visitors
2660 2105 87 19 enabled
2756 2113 24 12 us

2344 2128 20 17 to
2381 2129 52 16 start
2452 2133 44 17 one,
2516 2128 40 19 and
2575 2128 35 19 tlio
2632 2129 88 26 Library
2739 2133 41 18 and

2344 2151 96 26 Reading
2449 2152 65 19 Room
2524 2153 18 18 is
2552 2159 44 14 now
2609 2161 13 12 a
2634 2155 95 20 valuable
2739 2158 40 19 and

2344 2184 105 19 necessary
2460 2178 123 25 institution,
2595 2180 40 19 and
2645 2180 11 19 I
2667 2181 52 26 hope
2739 2184 41 18 will

2344 2204 95 19 continue
2449 2208 21 16 to
2481 2211 56 18 grow
2546 2206 41 19 and
2595 2212 89 20 prosper,
2703 2208 38 19 but
2759 2212 21 17 to

2345 2229 24 19 do
2380 2237 22 12 so
2413 2232 16 17 it
2439 2229 42 21 will
2490 2232 27 18 be
2526 2237 106 20 necessary
2643 2236 20 13 to
2679 2239 70 14 Kociro
2768 2243 11 10 »

2345 2255 96 27 building
2449 2257 45 23 site,
2506 2257 41 19 aud
2561 2260 52 18 erect
2628 2258 88 21 suitable
2736 2267 32 19 pre-

2345 2282 65 24 mises,
2422 2283 44 19 also
2477 2283 46 19 that
2535 2284 34 18 the
2579 2288 84 21 support
2681 2286 22 19 of
2717 2286 17 20 it
2754 2288 26 19 be

2345 2308 51 19 from
2422 2316 13 12 a
2456 2310 84 24 general
2564 2312 49 22 rate,
2637 2311 35 19 the
2690 2313 90 20 resident

2345 2335 121 24 population
2482 2335 32 19 for
2533 2342 54 12 somo
2608 2343 60 18 years
2684 2341 20 17 to
2724 2346 56 13 come

2346 2367 46 18 may
2403 2364 36 16 not
2449 2361 26 19 be
2484 2361 58 26 large
2559 2363 82 24 enough
2658 2366 19 17 to
2694 2369 86 22 support

2345 2386 15 19 it
2368 2387 21 18 in
2398 2394 12 12 a
2420 2391 72 22 strong
2502 2388 108 24 condition,
2628 2390 40 18 and
2683 2391 41 19 this
2740 2392 31 19 dis

2345 2413 46 19 trict
2399 2413 64 26 being
2474 2420 11 12 a
2495 2415 73 18 tourist
2579 2418 63 16 resort
2652 2417 16 18 it
2684 2417 17 19 is
2714 2424 58 13 neces
2774 2413 4 26 l

2345 2445 46 12 surv
2411 2439 45 19 that
2465 2440 35 18 the
2519 2440 121 20 Institution
2663 2443 73 20 should
2755 2445 25 19 be

2345 2465 45 18 well
2401 2466 94 25 supplied
2503 2466 50 19 with
2562 2467 111 25 literature,
2686 2471 32 20 &c,
2727 2470 53 20 from

2344 2491 27 18 all
2385 2495 57 21 parts
2457 2493 22 18 of
2498 2492 36 19 the
2552 2493 69 19 world.
2658 2497 21 17 It
2696 2496 40 18 will
2756 2497 25 19 be

2345 2516 42 20 also
2397 2524 118 20 necesssary
2527 2519 44 19 that
2583 2519 35 20 the
2637 2525 144 21 management

2345 2543 40 19 and
2396 2544 120 19 attendance
2528 2544 25 19 be
2566 2545 92 25 efficient,
2669 2547 38 19 but
2716 2551 21 16 to
2756 2549 25 19 do

2345 2575 21 12 so
2376 2570 16 18 it
2400 2573 55 16 must
2465 2570 24 19 be
2499 2572 111 24 supported
2629 2572 27 25 by
2674 2573 35 19 the

2345 2594 59 21 dents
2429 2596 111 25 generally.
2577 2597 20 19 It
2616 2598 17 19 is
2653 2599 50 20 with
2726 2607 55 13 some

2345 2625 67 21 regret
2423 2623 44 18 that
2479 2623 11 18 I
2502 2629 32 12 am
2545 2623 87 27 leaving,
2644 2625 12 18 I
2665 2625 42 20 had
2714 2627 67 25 hoped

2345 2650 19 16 to
2375 2648 52 19 liave
2439 2648 53 19 been
2503 2655 12 12 a
2524 2649 89 20 resident
2627 2652 31 17 for
2668 2653 20 17 at
2699 2652 52 20 least
2768 2660 12 12 a

2344 2673 39 20 few
2394 2681 61 18 years
2465 2675 78 25 longer,
2555 2675 37 19 but
2614 2677 36 18 the
2671 2678 70 20 effects
2761 2681 20 17 of

2345 2699 36 20 the
2390 2700 97 20 sedulous
2497 2704 74 16 nature
2590 2703 21 18 of
2627 2710 33 18 my
2679 2704 101 24 business,

2345 2726 40 18 niul
2397 2726 59 19 other
2466 2727 161 25 circumstances,
2643 2733 92 23 prompts
2750 2739 31 12 me

2345 2754 19 17 to
2375 2756 72 21 accept
2458 2753 34 19 the
2502 2754 78 25 change
2591 2754 59 20 when
2660 2756 16 19 it
2695 2757 85 24 offered,

2345 2778 37 19 but
2392 2779 12 18 I
2415 2779 52 19 shall
2479 2779 75 25 always
2569 2779 25 20 be
2607 2781 83 25 pleased
2702 2785 20 17 to
2732 2784 49 18 hear

2345 2805 21 17 of
2376 2804 35 19 the
2427 2811 97 19 progress
2542 2806 22 18 of
2580 2806 43 20 this
2643 2808 79 19 district
2741 2810 40 19 and

2345 2831 61 18 recall
2420 2831 49 19 with
2489 2831 94 25 pleasure
2602 2839 33 20 my
2655 2837 45 22 stay
2718 2834 22 19 in
2758 2836 22 19 it.

2345 2856 61 19 while
2430 2857 35 18 the
2484 2857 62 19 views
2569 2859 108 20 contained
2694 2860 22 19 in
2740 2861 41 19 this

2344 2881 71 20 album
2427 2883 40 19 will
2478 2883 25 19 be
2514 2884 76 25 always
2605 2886 90 20 referred
2716 2889 21 17 to
2754 2887 27 25 by

2344 2908 74 25 myself
2431 2909 41 19 and
2485 2909 83 20 friends.

2371 2935 18 18 A
2413 2935 73 25 hearty
2505 2939 47 16 vote
2569 2935 24 20 of
2610 2937 75 21 thanks
2704 2941 21 17 to
2746 2939 35 19 the

2343 2960 112 20 Chairman
2467 2961 91 25 brought
2571 2963 35 19 the
2622 2966 91 20 meeting:
2730 2968 20 16 to
2770 2972 11 12 n

2343 2986 59 19 close.

2392 3050 95 19 PUBLIC
2505 3052 228 19 ENTERTAINMENT.

2369 3100 29 19 On
2407 3102 32 18 the
2450 3103 43 17 11th
2504 3104 40 17 *nd
2563 3105 42 16 12th
2622 3106 20 15 of
2657 3105 96 23 February
2771 3112 11 11 a

2345 3125 99 23 charming
2453 3127 146 18 entertainment
2608 3133 38 12 whs
2653 3128 57 23 given
2718 3130 20 16 ut
2750 3129 32 17 the

2345 3148 87 18 Pukeroa
2441 3149 52 21 Hull,
2504 3150 26 22 by
2538 3151 32 16 Mr
2578 3151 63 21 Boult,
2652 3152 41 16 f.-bo
2702 3152 34 17 has
2752 3153 30 16 for

2345 3177 51 12 some
2417 3172 45 17 time
2479 3172 48 18 been
2547 3173 84 23 training
2650 3179 12 12 a
2678 3175 67 17 chorus
2762 3176 20 17 of

2345 3200 66 17 young
2419 3195 65 18 ladies.
2511 3196 20 17 It
2539 3197 118 17 commenced
2665 3198 47 17 with
2721 3198 61 17 Franz

2345 3217 55 18 Abt's
2409 3218 82 18 Cantata
2520 3220 39 16 The
2567 3220 65 17 Water
2751 3227 20 11 ar-

2345 3241 58 22 rayed
2411 3242 30 17 for
2449 3241 33 18 the
2490 3244 55 21 stage
2553 3243 25 22 by
2587 3243 31 17 Mr
2622 3243 64 21 Boult,
2693 3245 44 17 who
2742 3245 40 17 also

2347 3264 91 23 designed
2446 3265 33 16 the
2492 3266 77 20 dresses,
2587 3266 37 17 and
2640 3267 94 23 arranged
2749 3268 34 17 the

2345 3287 75 18 dances.
2446 3288 39 17 The
2495 3289 62 17 fairies
2565 3293 49 13 were
2622 3290 69 17 attired
2703 3291 20 16 in
2732 3297 51 11 some

2345 3310 67 23 glazed
2421 3312 93 20 material,
2532 3318 24 11 no
2573 3313 74 21 sleeves,
2665 3313 37 17 low
2718 3314 65 18 bodies

2345 3332 38 18 and
2392 3332 95 24 scalloped
2497 3335 73 18 bottom
2582 3337 19 16 to
2610 3334 33 19 the
2658 3336 53 18 short
2728 3337 53 17 skirt-,

2345 3355 46 19 each
2401 3358 71 16 carried
2481 3364 11 10 a
2505 3357 47 23 gold
2567 3358 55 17 wand
2639 3359 47 17 with
2702 3366 11 11 a
2730 3360 53 23 large

2345 3379 57 17 silver
2410 3381 45 16 star.
2476 3380 39 18 The
2524 3382 38 16 two
2571 3380 61 19 fairies
2641 3382 101 24 attending
2750 3384 33 17 the

2346 3403 71 20 Queen,
2426 3403 68 17 Misses
2502 3403 84 23 Malfroy
2594 3403 38 19 and
2641 3405 83 23 Dansey,
2735 3413 48 11 were

2345 3426 76 17 dressed
2429 3426 20 17 in
2457 3427 68 23 bright
2538 3427 32 17 red
2586 3427 47 18 with
2648 3428 56 18 black
2721 3429 63 18 velvet

2345 3448 100 24 trimming
2453 3455 25 12 on
2486 3451 21 16 to
2518 3450 62 17 which
2595 3457 48 11 were
2659 3457 51 12 sewn
2728 3453 55 17 silver

2345 3473 55 19 stars,
2422 3473 38 17 and
2482 3473 33 17 the
2532 3473 69 21 Queen,
2618 3474 72 18 Master
2707 3476 76 18 Hubert

2345 3494 70 22 James,
2425 3495 39 18 had
2472 3501 25 12 on
2505 3502 12 11 a
2525 3497 120 22 transparent
2653 3497 52 19 dress
2714 3500 20 16 of
2741 3500 39 19 net,

2345 3518 112 23 plentifully
2465 3525 51 11 sewn
2524 3520 47 17 with
2580 3520 55 17 silver
2645 3520 62 22 sheen,
2718 3528 11 11 a
2737 3522 45 22 gold

2346 3547 69 15 crown,
2425 3542 56 17 wand
2490 3542 38 17 and
2536 3549 24 11 an
2568 3543 31 17 old
2608 3544 44 21 gold
2658 3545 51 16 train
2715 3545 67 22 falling

2346 3565 50 16 from
2404 3565 32 17 the
2445 3565 104 18 shoulders.
2573 3566 38 17 The
2620 3566 78 24 drilling
2714 3568 21 17 of
2749 3568 33 17 the

2346 3588 67 22 troupe
2422 3593 38 12 was
2469 3588 92 17 excellent
2570 3589 37 17 and
2615 3590 33 17 the
2657 3591 66 17 chorus
2729 3591 42 22 sing-

2346 3610 34 23 ing
2388 3610 50 23 crisp
2446 3611 38 17 and
2493 3611 77 18 distinct
2577 3612 47 17 with
2638 3619 11 10 a
2663 3614 118 22 remarkably

2347 3633 51 22 good
2405 3635 50 16 tone.
2481 3633 47 19 Miss
2540 3635 84 22 Malfroy
2639 3642 20 12 as
2676 3636 43 18 Ella
2734 3642 48 20 sang

2347 3657 46 16 with
2402 3658 55 20 great
2465 3657 55 23 spirit
2528 3658 37 16 and
2573 3659 55 17 acted
2636 3659 33 17 her
2676 3661 44 20 part
2732 3659 48 18 well-

2347 3680 47 17 Miss
2402 3680 82 22 Dansey,
2495 3686 20 11 as
2523 3681 73 21 Melita,
2610 3681 67 18 looked
2690 3683 34 16 her
2738 3684 44 20 part

2347 3704 20 16 to
2376 3703 104 22 perfection
2488 3703 38 17 and
2534 3704 34 17 her
2582 3704 94 18 beautiful
2689 3706 93 17 contralto

2347 3726 52 16 voice
2407 3726 53 22 quite
2469 3726 97 23 delighted
2572 3728 33 17 the
2610 3728 94 20 audience,
2710 3728 72 18 Master

2347 3748 64 18 James
2419 3749 55 17 made
2483 3756 12 11 a
2502 3749 50 23 good
2567 3751 69 20 Queen,
2653 3751 29 17 his
2698 3752 84 17 costume

2347 3777 39 12 was
2396 3772 69 22 capital
2473 3773 38 16 and
2519 3772 25 17 he
2551 3779 48 17 sang
2615 3774 48 17 well.
2695 3774 88 19 Mention

2347 3796 52 16 must
2406 3795 25 17 he
2439 3795 56 18 made
2502 3796 21 17 of
2531 3796 32 17 the
2571 3796 82 23 dancing
2661 3796 20 17 of
2696 3796 48 18 Miss
2756 3798 26 17 H.

2347 3817 60 18 Yates
2427 3818 62 17 which
2505 3824 39 12 was
2559 3825 45 17 very
2619 3819 92 23 pleasing.
2743 3821 41 18 The

2348 3840 96 21 tableaux,
2733 3843 51 19 little

2460 3864 38 17 and
2526 3860 120 22 Bluebeard's
2735 3872 49 13 wero

2348 3887 56 17 novel
2413 3887 63 17 effects
2485 3887 38 17 and
2528 3888 73 17 created
2608 3887 51 22 quite
2665 3894 11 10 a
2681 3890 102 18 sensation.

2373 3909 17 18 A
2398 3909 85 18 farewell
2491 3912 75 16 concert
2573 3911 16 16 is
2598 3911 19 16 to
2625 3910 23 17 be
2657 3911 57 22 given
2723 3914 21 16 to
2753 3914 32 16 Mr

2349 3932 59 17 Boult
2416 3933 38 16 and
2462 3934 73 17 Master
2542 3933 75 17 Hubert
2624 3932 71 23 Jamc-b,
2709 3940 24 12 on
2742 3936 32 17 Fri-

2349 3955 38 22 day
2395 3956 52 20 next,
2457 3956 56 17 when
2521 3956 31 17 Mr
2560 3956 72 17 Boult's
2641 3958 64 21 pupils
2718 3959 67 18 Misses

2349 3978 83 22 Dansey,
2455 3979 73 17 Corletfc
2547 3978 38 18 and
2605 3979 90 23 Malfroy,
2713 3981 73 18 Master

2349 4001 65 18 James
2422 4001 38 18 and
2469 4002 50 17 Herr
2527 4002 50 17 Both
2589 4002 40 17 will
2643 4003 26 17 all
2681 4003 49 23 sing,
2749 4005 37 17 and

2350 4024 34 17 the
2392 4024 86 23 Orpheus
2487 4026 76 21 quartet
2577 4024 27 23 by
2611 4025 70 18 Messrs
2698 4027 87 22 Webber,

2349 4047 100 21 Williams,
2458 4048 92 16 Bristowe
2558 4047 41 17 and
2603 4047 59 19 Boult
2676 4050 40 17 will
2732 4050 54 18 make

2350 4070 25 17 its
2384 4069 41 18 first
2432 4070 65 22 public
2505 4075 121 17 appearance.
2655 4071 40 18 The
2712 4076 74 15 cor.ert

2350 4092 41 17 will
2410 4093 23 17 be
2450 4093 88 18 followed
2554 4092 25 24 by
2595 4094 134 20 refreshments
2749 4097 37 18 and

2350 4116 90 23 dancing.

2811 144 429 44 CABLEGRAMS

2838 240 91 31 HOME
2959 237 64 36 AND
3064 237 150 36 FOREIGN.

2909 310 71 23 Irish
2994 309 72 23 Land
3079 309 58 24 Bill.

2833 341 93 24 London,
2936 341 71 19 March
3022 341 72 19 s.—ln
3113 341 35 19 the
3172 341 68 18 House

2807 369 21 17 of
2838 367 108 19 Commons
2954 367 35 19 the
2999 367 54 19 Irish
3060 367 106 23 Secretary
3180 367 50 18 intro-

2806 393 65 19 duced
2882 393 34 19 the
2925 393 55 19 Irish
2991 393 5 18 I
3006 393 41 19 and
3058 393 41 18 Bill
3112 393 66 18 which
3188 393 17 18 is
3222 398 18 12 i<;

2806 426 11 12 a
2827 420 59 24 large
2900 422 69 16 extent
2988 419 63 19 based
3066 425 26 12 on
3111 419 36 18 the
3165 424 63 13 recom-

2806 445 118 19 mendation
2934 445 22 18 of
2974 444 38 20 last
3027 445 67 24 year's
3113 444 127 19 Committer.

2806 471 34 19 All
2852 471 157 25 improvements
3018 471 59 18 made
3085 470 54 19 since
3149 472 49 17 1859
3206 476 34 12 are

2805 497 101 25 regarded
2916 504 23 11 as
2949 497 33 18 the
2992 496 95 23 tenant's,
3097 496 68 19 unless
3172 496 55 19 other-

2806 524 47 18 wise
2878 523 103 25 provided,
3005 522 40 19 and
3066 523 35 18 the
3123 522 42 19 Bill
3185 524 55 17 vesta

2805 549 116 24 absolutely
2932 550 21 17 in
2963 551 82 16 tenants
3061 548 116 24 ownership
3193 552 47 15 over

2805 574 158 26 improvements
2982 581 26 12 on
3026 574 66 19 which
3109 581 26 11 no
3153 576 45 16 rent
3224 574 16 17 is

2805 600 129 26 chargeable.
2973 600 44 19 The
3035 600 53 19 fixed
3107 600 96 18 duration
3219 600 21 18 of

2804 626 86 25 judicial
2899 629 55 16 rents
2964 626 17 19 is
2991 630 33 15 ten
3035 633 59 18 j'ears
3104 626 41 18 and
3160 625 80 25 ropeals

2805 652 35 19 the
2861 652 112 19 landlord's
2991 652 57 25 right
3066 652 22 19 of
3106 651 134 26 pre-emption

2805 678 67 20 where
2882 678 34 20 the
2926 681 72 16 tenant
3007 678 38 19 has
3055 678 35 19 the
3102 677 42 20 sole
3154 677 57 25 right
3219 676 21 19 of

2805 705 92 23 holding.
2925 705 52 24 Only
2989 710 38 14 one
3036 704 67 25 year's
3119 710 79 12 arrears
3215 703 23 18 of

2804 733 46 16 rent
2862 730 17 19 is
2890 731 127 18 recoverable
3028 730 65 19 under
3107 729 35 20 the
3160 729 46 22 Bill,
3224 729 16 18 it

2805 756 91 19 includes
2905 756 108 25 voluntary
3031 756 99 25 principle
3147 755 93 19 between

2804 781 94 20 landlord
2907 783 41 18 and
2960 783 78 19 evicted
3057 784 77 21 tenant,
3146 781 41 19 and
3204 787 24 12 en-

2804 808 57 19 ables
2883 809 78 19 evicted
2984 811 82 16 tenants
3088 811 22 15 to
3138 807 100 25 purchase

2805 834 96 25 holdings
2911 834 28 25 by
2948 835 138 19 Government
3103 834 65 18 loans.
3196 833 44 18 The

2805 859 41 19 Bill
2858 866 41 13 was
2908 861 49 18 read
2966 861 32 19 for
3007 861 36 18 the
3052 861 44 18 first
3104 860 55 19 time.

2830 886 43 20 The
2881 886 136 26 M'Carthyite
3027 886 77 19 section
3111 886 21 19 of
3140 885 34 19 the
3181 884 57 19 Irish

2804 912 63 24 Party
2878 919 35 13 are
2926 912 20 19 in
2955 913 74 19 favour
3046 913 21 18 of
3085 912 34 19 the
3139 916 94 14 measure
3234 921 5 12 (

2805 939 37 18 but
2855 938 35 20 the
2900 939 120 25 Opposition
3031 936 99 21 withhold
3145 938 35 18 the
3195 936 42 19 lino

2804 965 21 18 of
2835 964 67 19 action
2912 965 49 23 they
2971 964 41 20 will
3024 964 55 19 take.

2829 990 44 19 The
2883 990 67 20 Times
2960 990 97 20 criticises
3074 990 35 19 the
3126 989 42 20 Bill
3186 989 22 18 in
3227 994 13 13 a

2804 1016 74 19 hostile
2888 1016 64 26 spirit.

2876 1051 137 23 Influenza
3028 1051 133 30 epidemic.

2830 1086 95 24 Lnndon,
2942 1086 73 20 March
3033 1086 114 19 s.—There
3173 1091 18 12 :is
3213 1090 27 13 an

2804 1118 108 14 enormous
2934 1112 90 20 increase
3048 1112 20 19 in
3088 1112 35 19 the
3146 1111 54 25 price
3219 1110 21 18 of

2804 1139 121 25 eucalyptus
2935 1138 68 26 owing
3013 1141 21 17 to
3044 1137 109 20 influenza.

2830 1168 90 25 Vienna,
2928 1167 94 25 Marcb|s.
3024 1167 149 26 —Thirty-five
3180 1166 48 19 thou-

2804 1195 51 19 sand
2862 1202 56 13 cases
2928 1195 21 19 of
2962 1195 102 19 influenza
3074 1201 35 13 are
3118 1194 22 19 in
3147 1194 35 19 the
3191 1193 49 24 city/

2811 1253 21 6 _
2909 1226 80 23 Train
3012 1226 121 23 derailed.

2831 1263 113 23 Calcutta,
2968 1263 73 19 March
3063 1262 107 19 5.-—Some
3193 1260 36 19 mis-

2803 1292 71 17 creant
2885 1289 22 19 in
2918 1289 129 25 Jubbulpore
3061 1287 103 26 displaced
3174 1293 12 13 a
3201 1286 39 19 rail

2804 1322 26 13 on
2849 1316 36 18 the
2907 1315 41 19 lin6
2963 1322 26 12 on
3006 1314 67 20 which
3092 1320 12 13 a
3123 1313 57 20 taain.
3199 1318 41 13 was

2805 1341 110 25 travelling
2932 1341 47 19 with
2999 1341 35 19 the
3057 1340 63 19 result
3142 1339 45 20 that
3205 1338 35 19 the

2803 1368 103 25 carriages
2918 1374 50 12 were
2979 1367 80 19 thrown
3076 1373 49 12 over
3142 1366 35 18 the
3196 1371 28 12 em-

2804 1393 114 20 bankment
2928 1393 40 20 and
2977 1393 48 20 nine
3035 1399 74 19 person
3119 1391 71 20 killed.

2897 1424 71 23 Trial
2984 1424 40 23 for
3039 1425 113 21 treason-

2831 1456 33 18 Ft.
2877 1454 25 20 Pi
2912 1461 108 17 ieksbuko,
3031 1453 71 20 March
3109 1451 131 24 s.—Twenty

2803 1482 32 18 six
2845 1487 84 20 persons
2941 1481 21 19 in
2972 1480 80 20 Poland
3060 1479 75 25 mostly
3146 1477 93 21 students

2803 1508 53 19 have
2870 1511 51 16 baen
2933 1508 72 25 placed
3015 1513 26 13 on
3051 1505 48 20 tiial
3109 1505 33 19 for
3157 1506 83 17 treason

2803 1534 33 19 for
2845 1533 91 26 forming
2947 1540 12 12 a
2968 1535 65 17 seeret
3045 1532 75 25 society
3131 1533 22 17 to
3166 1529 73 26 regain

2803 1562 87 23 country
2900 1559 158 26 independence.

2899 1590 96 24 Sailors
3011 1588 129 25 drowned.

2830 1623 69 23 Rome,
2918 1622 71 19 March
3012 1622 136 23 s.—Seventy
3164 1619 22 20 of
3203 1618 36 19 tho

2804 1649 87 25 Oroga's
2913 1654 121 20 passengers
3053 1653 53 14 were
3124 1646 55 23 land,
3201 1645 38 18 but

2805 1682 37 12 one
2853 1675 49 19 boat
2919 1674 93 26 capsized
3034 1674 40 19 and
3092 1674 58 19 three
3168 1671 72 19 sailors

2805 1708 53 13 were
2867 1701 102 19 drowned.
2998 1700 19 19 A
3026 1702 64 17 steam
3109 1701 38 23 tug
3165 1698 18 19 is
3204 1703 24 14 en-

2805 1727 68 26 gaged
2882 1729 21 18 to
2914 1727 59 19 assist
2982 1726 36 19 the
3029 1726 66 19 vessel
3104 1726 36 19 off.

2808 1792 207 34 AUSTRALIAN
3030 1791 207 34 TELEGRAMS.

2891 1868 82 23 Great
2989 1867 166 24 excitement.

2829 1904 92 22 Sydney,
2943 1904 73 19 March
3035 1905 18 17 5.
3098 1902 139 20 Tremendous

2803 1930 121 19 excitement
2935 1930 16 19 is
2962 1930 110 19 evidenced
3085 1935 48 14 over
3142 1929 35 18 the
3187 1928 40 19 cric-

2803 1956 36 19 ket
2848 1956 75 19 match.
2952 1956 102 19 Immense
3070 1955 77 20 crowds
3162 1954 76 24 throng

2803 1982 35 19 the
2849 1984 72 17 streets
2931 1982 20 19 in
2961 1982 56 19 front
3033 1982 22 19 of
3069 1982 36 19 the
3119 1985 119 20 newspaper

2803 2008 67 19 offices
2880 2008 41 19 and
2931 2008 65 19 traffic
3008 2007 17 20 is
3035 2008 74 19 almost
3117 2006 121 26 completely

2804 2034 95 23 blocked,
2926 2034 38 19 and
2991 2036 90 23 greatest
3100 2033 99 25 difficulty
3218 2032 21 19 in

2805 2060 95 26 working
2909 2060 34 19 the
2953 2062 52 17 tram
3016 2060 82 19 service.

2987 2096 66 23 Fire.

2830 2128 93 23 Sydney,
2946 2127 73 20 March
3042 2130 18 17 5.
3106 2127 20 20 A
3152 2126 87 21 Chinese

2803 2156 88 16 steamer
2900 2154 71 24 brings
2990 2159 56 13 news
3060 2154 22 18 of
3098 2159 13 12 a
3127 2154 112 18 disastrous

2803 2180 36 18 fire
2858 2181 21 17 at
2895 2179 120 25 Singapore,
3035 2185 25 13 on
3079 2179 94 25 January
3187 2180 51 18 21st.

2803 2206 43 19 One
2856 2205 94 19 hundred
2970 2205 40 19 and
3029 2204 46 25 fifty
3094 2205 75 19 houses
3187 2211 53 13 wero

2803 2231 115 24 destroyed.
2946 2231 43 19 The
3009 2231 108 19 estimated
3130 2231 41 19 loss
3191 2231 17 19 is
3227 2238 12 12 u

2803 2260 85 22 quarter
2897 2258 21 18 of
2930 2264 12 12 a
2952 2257 79 19 million
3041 2257 82 19 uolluia.
3151 2257 43 19 The
3203 2257 36 19 fire

2803 2284 116 25 originated
2930 2283 90 25 through
3031 2290 12 12 a
3063 2283 41 26 boy
3117 2283 75 26 letting
3211 2283 29 19 olf

2803 2309 104 19 fireworks
2916 2310 21 18 in
2947 2316 12 12 a
2966 2309 87 19 Chinese
3067 2310 59 25 shop.

2969 2345 110 23 Cricket.

2830 2379 137 23 Melbouhne,
2989 2379 72 20 March
3080 2382 46 17 5.
3136 2379 43 20 The
3198 2380 41 25 city

2805 2405 73 26 simply
2887 2406 57 19 recks
2954 2406 49 19 with
3011 2405 81 20 cricket.
3127 2406 43 19 The
3187 2407 52 25 shop

2805 2432 97 19 windows
2912 2438 34 14 are
2956 2438 55 14 mere
3020 2432 91 25 displays
3122 2433 22 19 of
3154 2432 75 20 cricket-

2804 2458 37 25 ing
2850 2458 95 25 pictures.
2974 2458 114 24 England's
3104 2459 43 19 first
3156 2458 84 26 innings

2804 2484 68 19 closed
2881 2485 33 19 for
2924 2486 44 18 385.
3006 2486 54 18 Over
3077 2485 60 24 7,500
3155 2491 85 18 persons

2805 2510 48 24 paid
2863 2512 32 18 for
2905 2511 111 19 admission
3026 2510 75 26 to'day,
3114 2511 54 19 £4BO
3178 2511 62 25 being

2804 2535 68 20 taken.

2963 2572 128 31 Sporting.

2831 2606 20 19 M
2857 2612 113 19 ei.dourxe,
2980 2608 77 23 March,
3075 2607 90 20 5.-—The
3184 2607 42 19 Aus-

2805 2631 76 21 tralian
2907 2632 44 27 Cup
2979 2631 102 28 resulted:
3109 2634 77 24 Havoc,
3218 2636 7 16 1
3236 2631 4 28 ;

2806 2658 110 22 Donation,
2927 2661 11 17 2
2950 2658 4 25 ;
2969 2660 119 23 Harvester,
3101 2661 18 17 3.

2831 2685 62 19 Ascot
2903 2685 51 20 Yale
2968 2686 74 19 Stakes
3050 2693 5 12 :
3071 2686 130 25 Challenger,
3218 2687 7 17 1
3236 2685 4 26 ;

2806 2711 94 23 Onward,
2912 2713 10 17 2
2930 2719 5 15 ;
2949 2711 104 25 Trentina,
3064 2714 17 17 3.

2832 2737 83 19 Bouike
2924 2737 122 26 Handicap:
3071 2738 122 23 Eiridsford,
3217 2739 8 17 1
3236 2737 4 26 ;

2806 2762 123 25 Tullamore,
2940 2765 24 22 2;
2978 2764 104 23 Solanum,
3094 2766 18 17 3,

2896 2828 238 35 TELEGRAPHIC.

2895 2900 54 24 The
2963 2899 189 34 Half-holiday.

2831 2935 121 24 Auckland,
2965 2937 200 26 Wednesday.—Mr
3173 2937 67 27 Hyatt

2805 2961 132 24 hairdresser,
2947 2962 122 26 Onehunga,
3081 2963 45 20 wko
3136 2970 42 14 was
3193 2972 34 12 pro-

2805 2987 81 19 secuted
2907 2988 33 19 for
2958 2989 78 25 having
3054 2990 32 19 his
3111 2990 50 26 shop
3188 2998 52 19 open

2806 3013 61 20 while
2878 3013 26 20 he
2913 3020 41 13 was
2972 3017 35 17 not
3024 3018 82 23 exempt
3120 3020 36 16 not
3176 3017 63 26 being

2805 3039 22 19 of
2834 3039 108 26 European
2951 3047 22 13 or
2989 3041 52 19 New
3057 3042 92 20 Zealand
3164 3046 74 17 extrac<

2805 3065 50 24 tioh,
2879 3066 37 19 has
2937 3066 43 19 laid
3005 3067 32 19 bis
3054 3074 46 13 case
3118 3068 71 20 before
3204 3070 35 19 the

2805 3092 107 19 American
2923 3092 83 25 Consul,
3017 3093 26 20 he
3053 3093 17 20 is
3086 3100 27 13 an
3130 3095 108 20 American

2805 3117 73 19 citizen
2888 3118 40 19 and
2944 3119 71 20 claims
3033 3120 46 19 that
3097 3121 35 19 the
3149 3121 78 20 Govern-

2805 3146 56 16 ment
2879 3144 22 18 of
2918 3144 51 19 New
2989 3146 90 19 Zealand
3098 3150 74 17 cannot
3191 3148 47 19 take

2805 3175 57 18 away
2872 3170 32 18 his
2912 3170 58 25 right
2980 3173 21 18 to
3010 3171 53 20 have
3071 3172 33 19 his
3118 3173 51 26 shop
3179 3180 58 19 open,

2804 3195 41 18 and
2853 3195 53 19 have
2915 3196 59 20 made
2989 3204 26 12 an
3027 3198 107 26 exception
3157 3200 22 19 of
3196 3200 43 19 him

2805 3220 87 20 because
2901 3222 25 19 he
2936 3222 18 19 is
2963 3226 36 17 not
3008 3224 22 19 of
3043 3223 51 21 New
3110 3224 91 21 Zealand
3217 3233 22 12 or

2804 3247 109 26 European
2932 3250 118 20 extraction.
3088 3252 78 19 Justice
3186 3252 39 19 Con-

2804 3273 56 25 nolly
2869 3274 62 19 heard
2934 3274 150 26 tbecomplaint
3090 3276 40 19 and
3137 3278 102 24 promised

2805 3300 22 18 to
2837 3299 62 25 bring
2907 3300 35 19 the
2951 3303 75 18 matter
3039 3302 66 19 Under
3119 3303 35 19 the
3172 3304 67 20 notice

2805 3325 22 19 of
2836 3325 35 20 the
2882 3326 140 20 Government
3030 3328 22 19 of
3067 3328 79 20 United
3164 3329 74 20 States.

2905 3361 113 25 Haroc'a
3035 3365 110 30 victory.

2830 3396 122 24 Auckland,
2968 3397 212 27 Wednesday.—The
3196 3400 43 20 vie*

2805 3424 45 23 tory
2859 3422 76 24 gained
2944 3423 29 25 by
2983 3424 72 19 Havoc
3064 3425 22 19 in
3100 3426 36 19 the
3153 3426 84 20 Austra'

2805 3448 42 18 lian
2862 3447 50 26 Cup,
2932 3455 19 13 as
2965 3450 86 19 another
3067 3452 113 24 important
3196 3453 31 19 dis-

2804 3473 86 20 tinction
2907 3474 33 20 for
2962 3475 36 19 the
3021 3476 129 26 Wellington
3182 3478 56 20 Park

2805 3499 59 20 Stud.
2891 3499 42 21 Tbe
2944 3501 45 24 colt,
3000 3502 42 19 like
3057 3503 33 18 his
3107 3504 132 21 full-brother

2803 3525 99 25 Zalinski,
2914 3526 78 27 having
3003 3528 52 20 been
3067 3529 51 19 bred
3127 3530 29 24 by
3170 3531 35 19 Mr
3213 3532 23 19 T.

2805 3550 85 21 Morrin.
2918 3553 71 19 Havoc
2999 3554 58 20 takes
3067 3556 52 19 rank
3129 3562 22 13 as
3161 3563 38 13 one
3217 3558 22 18 of

2804 3577 35 18 the
2849 3577 83 26 highest
2940 3579 69 25 priced
3018 3581 103 26 yearlings
3135 3588 47 13 evor
3193 3584 45 19 sold

2804 3603 21 18 in
2834 3603 136 25 Australasia,
2983 3605 32 19 his
3025 3613 73 18 owner,
3107 3608 35 19 Mr
3151 3608 85 25 Wilson,

2804 3628 79 30 haying
2890 3630 49 25 paid
2949 3631 35 19 the
3001 3632 50 25 long
3066 3634 55 24 price
3139 3634 22 19 of
3180 3636 58 22 2,200

2804 3655 87 25 guineas
2915 3656 32 20 for
2969 3657 44 20 him
3036 3659 60 19 when
3117 3659 77 21 offered
3217 3662 21 19 in

2803 3681 109 20 Auckland
2921 3682 22 20 in
2954 3684 56 18 1892.

2824 3715 160 31 Deputation
2993 3725 28 16 re
3031 3719 184 33 half-holiday.

2831 3756 149 26 Wellington,
2992 3759 147 26 Tuesday.—A
3153 3761 85 26 deputa*

2805 3781 42 20 tion
2857 3782 52 19 from
2922 3782 111 28 Greytown
3050 3786 74 23 North,
3144 3787 49 20 held
3211 3789 27 25 by

2806 3807 35 20 tbe
2855 3807 77 26 Mayor,
2944 3811 73 19 waited
3027 3818 27 13 on
3068 3812 35 19 the
3114 3812 96 22 Minister
3219 3816 19 19 of

2805 3833 83 20 Labour
2897 3835 78 26 urging
2986 3837 47 19 that
3043 3838 36 19 the
3096 3838 139 28 half-holiday

2807 3860 26 18 be
2844 3859 93 26 changed
2947 3862 53 20 from
3013 3863 103 27 Saturday
3126 3868 21 16 to
3165 3866 62 20 Thurs-

2807 3885 47 24 day.
2895 3886 34 19 Mr
2947 3887 79 21 Reeves
3045 3890 22 19 in
3085 3891 95 26 replying
3198 3894 42 18 said

2807 3911 46 19 that
2860 3910 36 20 the
2906 3912 124 28 Wairarapa
3045 3918 121 23 magistrate
3176 3919 22 19 in
3208 3920 33 19 tbe

2809 3938 41 18 teat
2867 3943 46 14 case
2933 3939 84 21 decided
3038 3942 47 20 that
3108 3944 36 19 the
3161 3944 81 20 Gazette

2808 3964 68 17 notice
2892 3970 42 14 was
2952 3967 116 21 conclusive
3086 3970 95 19 evidence
3200 3971 42 19 that

2808 3988 103 26 Saturday
2918 3998 42 13 was
2970 3993 35 19 the
3017 3994 61 25 legal,
3093 3995 39 25 day
3149 3997 41 18 and
3205 3997 38 19 this

2808 4014 65 26 being
2882 4022 22 13 so
2913 4016 27 20 he
2949 4024 42 13 was
2999 4018 71 21 bound
3086 4022 20 18 to
3117 4025 72 22 expect
3198 4023 43 19 that

2809 4040 36 19 the
2855 4042 91 20 decision
2964 4044 21 19 of
3005 4045 36 19 the
3058 4047 120 24 petitioners
3200 4055 33 13 con-

2809 4066 81 21 sidered
2917 4069 35 20 the
2986 4071 137 25 magistrate's
3158 4074 86 20 decision

2810 4099 116 14 erroneous.
2954 4095 44 20 The
3006 4100 69 17 courts
3084 4106 52 13 were
3156 4106 52 19 open
3227 4104 17 16 to

2810 4120 41 19 test
2859 4120 36 19 the
2906 4122 100 24 question.

1331 75 58 23 THE
1415 74 57 24 HOT
1500 74 68 28 LAKE
1585 74 17 28 3
1619 74 169 28 CHRONICLE,
1817 75 189 27 WEDNESDAY,
2034 77 102 23 MA.RC3
2164 83 19 19 6,
2213 81 48 19 mi

175 3401 35 25 £5
224 3401 44 22 EE
270 3397 87 26 WARD-

66 3451 148 49 STRAYED
221 3453 53 19 from
326 3453 86 24 Roger's
418 3453 75 20 stables

127 3478 130 24 Ohinemutu,
286 3484 26 13 on
335 3479 92 18 Rotorua
448 3486 45 12 race

64 3504 65 26 night,
140 3511 40 13 one
195 3505 40 24 bay
251 3505 89 25 gelding,
352 3504 65 24 newly
435 3505 56 24 3hod,

62 3533 63 17 about
141 3532 22 17 12
174 3537 59 18 years
246 3530 38 23 old,
302 3537 12 12 a
324 3532 37 18 few
372 3536 50 20 gray
439 3530 55 19 hairs

65 3563 26 12 on
100 3559 35 23 top
145 3558 21 17 of
173 3556 46 22 tail,
231 3556 62 19 brand
312 3556 108 23 unknown,
432 3556 62 19 about

64 3584 25 17 1C
99 3582 66 19 bands
180 3582 57 24 high.
274 3582 43 18 The
335 3582 64 19 above
416 3582 79 19 reward

66 3608 42 19 will
119 3608 24 19 be
152 3608 48 25 paid
211 3611 19 16 to
242 3613 40 19 cny
296 3614 74 18 person
388 3608 107 23 returning

66 3634 34 19 tbe
110 3641 55 12 same
175 3637 20 16 to

244 3660 24 18 A.
284 3659 26 19 F.
326 3658 89 23 SCOIT,

368 3685 28 19 Te
403 3685 65 19 Puke.

118 3745 63 45 11.
236 3745 198 50 KOIIN,

64 3806 251 21 MANUFACTURING
336 3806 158 24 JEWELLER,

178 3840 87 25 Q,ueen
289 3841 92 27 Street,

221 3879 120 19 Auckland.

66 3935 43 16 And
133 3930 27 24 B.
177 3928 168 25 PETERSON
358 3929 22 23 &
395 3929 49 29 Co.,

178 3968 75 20 HIGH
272 3968 109 24 STREET,

202 4011 165 20 CjimVICJIUKCH.

93 4074 44 20 The
146 4074 77 25 largest
238 4072 40 19 and
294 4074 53 18 most
362 4071 58 21 selecl
441 4071 57 20 stock

67 4101 20 19 of
97 4100 104 26 jewellery
211 4099 54 24 kept.

513 144 4 35 I
529 144 61 35 \\T
592 145 227 28 ANTED—Washing
838 147 16 20 &
870 145 87 27 Ironing

514 172 3 28 i
544 176 26 16 T»
593 174 26 26 by
630 173 132 27 experienced
768 172 105 21 laundress
882 179 5 18 j
903 174 20 19 Is
931 174 26 18 Gd

527 207 11 13 a
706 200 110 19 CliAtiiAS.

614 250 28 30 J.
664 247 27 33 F.
713 244 158 41 PEATSON,

651 285 166 24 FIiu.TEKJ-R,

550 315 54 21 Next
615 313 101 23 Snddlfi's'
728 315 56 24 phop,
797 315 130 24 Ohinrmutu,

525 348 44 20 Has
578 349 73 24 al»«ya
664 356 9 11 ii
684 346 52 26 g'oil
758 348 73 25 supply
851 348 21 19 of
891 345 62 22 Ertsh

594 372 65 27 Eiiilt,
671 372 49 20 loth
731 373 50 20 local
791 374 37 19 and
840 372 24 21 im-

650 400 70 25 porteJ
731 407 25 12 oil
768 400 58 19 lmnd.

713 427 57 18 Ai.ao

523 453 17 18 A
549 449 146 23 trt-lNassoited
706 449 56 22 stink
771 452 21 19 of
800 449 96 24 Bi»cultH,
903 451 36 21 Con-

562 478 111 25 fectiohery
684 479 38 18 ami
733 479 91 19 Summer
834 476 83 25 Drink«,

601 505 26 18 nil
636 508 18 15 at
667 506 117 17 itoDVftATE
795 506 83 18 FiilcEU.

687 565 107 21 NOTICE,

590 641 98 27 Drapery.

703 670 19 19 S.
739 666 133 28 fiOWARD,

670 695 55 19 Near
733 695 91 19 Catholic
837 696 88 19 Church.

652 742 63 26 FOR
732 745 89 26 SALE,

518 805 82 49 THE
612 805 159 23 RESIDENCE
788 806 73 22 known
878 816 23 12 ns
918 807 34 22 the

596 834 123 26 Parsonage.
765 834 40 20 For
831 834 121 27 particulars

519 860 62 26 apply
588 864 21 15 to

648 894 53 20 REV.
713 893 23 22 l\
747 894 28 20 H.
791 893 134 22 SPENCER.

546 948 137 22 fUKEEOA
694 950 82 24 HALL,
784 946 141 25 SOTORUA.

518 997 89 32 Cicely
621 997 127 25 Staunton
764 999 109 24 Concert
890 1000 59 30 Coy.

604 1030 40 20 will
658 1030 46 25 give
713 1037 13 12 a
742 1030 84 20 Concert
836 1037 25 14 on

539 1058 153 23 SATURDAY
703 1058 83 26 NEXT,
798 1059 101 23 MARCH
910 1065 18 17 9.

517 1097 121 22 Programme
647 1096 103 23 consisting
758 1096 19 18 of
784 1096 68 18 Scotch
858 1098 38 17 and
903 1097 48 18 Irish

585 1119 77 17 Ballads
675 1119 37 17 unil
726 1120 97 17 selections
832 1121 49 17 from

644 1140 92 19 favourite
744 1142 77 24 Operas.

516 1170 60 17 Heiih
588 1170 153 20 GoldexsTedt,
752 1178 8 5 -
769 1167 80 21 Musical
858 1168 91 20 director.

551 1196 63 20 Prices
623 1199 20 17 of
652 1196 106 23 admission,
773 1200 25 18 3s,
813 1200 20 16 2s
842 1199 36 17 and
889 1200 25 16 Is.

539 1225 93 18 Reserved
640 1226 68 17 tickets
713 1227 20 15 at
738 1226 31 16 Mr
777 1223 80 23 Wake's,
864 1225 84 19 chemist.

652 1256 103 19 GEORGE
767 1256 23 18 V.
803 1258 75 21 BECK,

730 1281 88 17 Advance
826 1281 99 23 Manager.

535 1321 15 10 jr

683 1345 100 24 Notice.

518 1375 98 21 IV'OIE
635 1382 63 20 pnper
717 1378 40 19 anil
772 1378 113 25 Envelopes
902 1377 46 20 with

600 1402 80 26 printed
694 1403 89 25 heading
793 1406 20 17 at
823 1404 63 26 cheap
894 1406 54 17 rates

570 1431 22 17 at
601 1428 106 20 Chronicle
722 1430 61 19 office.

518 1526 291 45 Ehrenfried
824 1526 122 47 Bros

657 1604 145 23 BREWERS,

593 1646 109 21 ALBERT
718 1644 149 28 BriEWERY,

537 1689 217 24 QULEN-bTBEET,
768 1689 159 21 AUCKLAND

536 1750 69 18 WINE
617 1750 51 18 AND
680 1750 80 17 SPIRIT
769 1750 155 23 MERCHANTS,

557 1778 122 17 BOTTLERS
691 1778 51 17 AND
758 1779 144 21 IMPORTERS,

599 1807 27 18 •43,
642 1810 132 13 QUEEN-STREET
790 1810 68 13 'WHAHF.

607 1856 50 13 I'J'.IZK
669 1857 59 12 MEDAL
739 1858 35 11 AND
785 1858 71 12 AWAEDB

515 1884 24 16 At
548 1883 29 17 the
591 1884 91 20 following
697 1883 112 16 Exhibitions
824 1884 28 16 for
859 1890 32 10 our
898 1884 46 16 wcll-

608 1906 61 15 J>nown
685 1905 44 15 Bulk
738 1903 32 17 arid
780 1902 69 19 Bottled

624 1930 49 17 ALE
685 1930 51 16 AND
746 1930 87 17 STOUT:

511 1961 70 20 Sydney
590 1959 125 18 International
724 1960 107 20 Exhibition,
843 1962 48 16 1879.

512 1982 102 15 Melbourne
623 1981 127 16 Internationn!
757 1982 108 19 Exhibition,
875 1983 68 15 18S0-8I

512 2003 43 15 New
562 2002 75 16 Zealand
645 2002 94 17 Industrial
744 2003 108 20 Exhibition,
857 1997 75 27 Welling-

555 2027 36 15 ton,
602 2024 47 16 1885.

513 2044 44 17 New
576 2045 18 16 Z<
600 2044 52 17 aland
666 2046 33 15 and
713 2045 54 17 South
779 2044 41 18 Seas
836 2045 107 17 Exhibition.

555 2067 87 16 Dunedin.
654 2068 78 15 1889-90.

512 2087 20 17 Iu
542 2088 76 16 addition
628 2089 17 15 to
656 2088 53 16 above
717 2088 43 16 have
778 2088 42 16 been
835 2089 78 15 awnrded
927 2091 17 13 at

554 2109 105 16 Tasmanian
693 2109 108 20 Exhibition,
828 2108 115 22 Luunceaton,

557 2131 78 15 18al-92.

598 2152 58 19 Five
668 2154 70 17 first
755 2155 104 16 awards

710 2185 33 11 FOB

512 2208 72 16 BULK
596 2207 112 17 BOTTLED
720 2207 61 17 ALES
798 2208 51 16 AND
866 2207 77 17 STOUT

705 2237 47 20 Ali-o,

600 2267 249 33 CHAMPIONSHIP

538 2313 66 24 Gold
616 2312 87 25 Medal
713 2314 27 23 of
753 2311 166 26 Australasia

617 2348 72 11 AGAINST
701 2348 97 12 ALLCOMERS
810 2349 34 11 FoR

511 2371 91 23 BULK
615 2371 70 23 AND
705 2369 146 25 BOTTLED
871 2370 65 25 ALE

604 2436 73 19 Having
685 2441 10 10 a
707 2436 57 20 Large
772 2437 52 16 Stock
833 2438 18 15 of

623 2465 48 16 ALE
683 2466 51 16 AND
746 2466 83 20 STOUT,

511 2497 71 16 Bottled
590 2497 17 15 in
616 2499 51 18 qunrt
677 2497 33 16 and
726 2497 38 21 pint
776 2497 68 19 bottles,
861 2497 81 22 specially

512 2519 68 15 brewed
589 2519 27 15 for
624 2519 29 15 the
662 2523 73 11 summer
744 2519 54 17 trade,
808 2519 55 16 which
871 2524 28 11 are
905 2524 38 10 now

511 2540 105 20 thoroughly
625 2540 84 19 matured,
724 2545 31 11 can
769 2540 43 16 vith
826 2545 51 15 every
891 2540 43 16 confi-

511 2561 52 16 dence
575 2561 107 16 recommer.d
699 2566 45 11 same
760 2563 17 14 to
792 2566 118 11 connoisteurs
925 2567 18 10 as

511 2582 61 16 second
581 2584 17 14 to
606 2587 44 11 none
659 2582 18 16 in
689 2582 28 16 the
725 2582 72 21 Colony.

663 2890 57 19 ASK
736 2890 55 19 FOR

513 2939 429 47 HANCOCKS'

635 3013 185 21 CELEBRATED

689 3066 87 31 xxxx

623 3123 211 54 ALES,

642 3189 57 14 MADE
708 3190 54 14 EUOM
772 3190 42 13 THE

518 3234 116 32 FINEST
659 3235 87 31 MALT
767 3235 64 31 AND
849 3234 96 38 HOPS,

708 3292 42 12 AND

553 3327 54 15 FHEE
619 3328 56 14 FKOM
686 3328 39 14 ALL
738 3328 128 14 ANTISEPTICS
878 3328 26 14 OK

620 3363 138 16 bSLETEKIOUS
777 3366 65 13 ACIDS.

519 3424 140 33 CAPTAIN
680 3424 83 35 COOK
779 3426 168 40 BREWERY,

621 3478 193 21 NEWMARKET.

960 4191 100 42 Ask
1085 4192 73 43 for
1181 4193 269 45 Hancock's
1475 4198 277 42 Celebrated
1776 4200 188 40 XXXX
1988 4202 115 41 Ales
2128 4204 95 39 and
2248 4203 148 41 Stout.
