3290 4290
69 85 39 23 AN
118 84 88 22 ACTOR
220 83 123 20 STABBED
353 84 33 20 TO
405 85 95 20 DEATH

182 113 37 19 ON
228 112 57 20 THE
295 111 93 20 STAGE.

94 178 44 19 The
147 176 60 24 Daily
216 174 67 20 News'
290 173 153 26 correspondent
452 172 37 19 tele-

69 204 101 26 graphing
174 202 8 19 f
184 207 41 14 rom
228 200 80 20 Yienna
312 207 26 12 on
342 201 36 18 3rd
386 198 3 32 I
396 198 96 20 >ecember

70 233 55 20 1894,
137 234 57 19 says:
210 226 145 25 AtPrzemyse,
363 224 135 20 inGaliciaan

67 258 92 18 amateur
175 252 98 20 dramatic
297 252 136 25 performance
461 249 37 19 last

67 289 12 13 r
82 283 6 13 ;
90 282 37 25 ght
137 280 64 19 ended
219 279 21 19 in
257 285 11 13 a
278 277 97 24 shocking
393 276 40 19 and
450 281 48 18 very

66 308 43 19 real
137 305 94 27 tragedy.
280 305 19 17 A
327 303 48 25 play
395 301 4 31 _
416 301 82 19 entitled

203 337 41 13 was
253 330 63 24 being
325 329 59 24 given
394 327 21 19 in
434 326 64 20 which

67 367 13 12 a
89 366 38 19 spy
145 358 41 20 and
202 357 72 19 traitor
288 355 17 19 is
320 354 64 19 found
406 354 35 18 out
459 352 39 19 and

67 385 87 20 stabbed
163 384 30 25 by
200 383 35 19 the
244 382 55 19 liero.
325 379 43 19 The
377 381 46 23 part
433 379 21 18 of
463 378 35 19 the

67 418 39 20 spy
114 418 42 13 was
165 409 63 24 being
236 406 72 27 played
320 405 28 25 by
356 405 35 18 the
400 411 36 12 son
455 405 21 18 of
485 411 12 12 a

67 438 117 20 tradesman
193 436 21 18 in
227 434 34 19 tho
269 435 58 18 town,
347 431 41 18 and
405 430 35 19 the
448 430 49 19 hero

67 463 28 26 by
111 469 28 13 an
154 459 132 23 amanuensis.
313 457 42 18 The
373 457 60 18 latter
456 463 41 12 was

67 496 50 18 very
125 488 61 20 much
203 484 76 21 excited
294 483 74 24 during
386 482 35 19 the
440 488 57 13 scene

67 516 22 19 in
104 514 97 24 question,
221 510 40 20 and
288 509 67 18 thrust
375 508 35 19 the
435 507 61 25 sharp

67 542 78 24 dagger
154 538 64 21 which
222 541 41 15 was
272 534 62 25 being
342 534 51 19 used
401 534 42 18 into
462 533 35 19 the

66 567 69 20 breast
153 565 21 20 of
181 564 31 19 his
221 561 135 23 fellow-actor,
367 560 45 19 who
422 559 36 19 fell
475 561 21 17 to

66 594 35 19 the
127 589 83 28 ground,
231 586 58 21 while
315 586 34 19 the
368 585 127 20 amanuensis

66 619 56 20 stood
127 607 12 10 °
145 613 119 29 spellbound
290 612 73 25 gazing
384 612 21 18 in
428 611 67 24 abject

66 646 63 18 terror
144 644 21 17 at
182 641 35 19 the
235 646 46 12 man
299 640 21 17 at
328 638 33 19 his
379 637 47 19 feet.
455 637 40 19 I'lis

66 672 62 17 terror
138 674 38 13 was
185 673 21 13 so
215 665 42 19 real
271 664 44 20 that
333 663 27 19 aH
377 665 81 23 present
474 665 21 17 at

65 702 48 13 once
122 691 121 22 vuderstood
256 690 55 20 what
325 689 40 19 had
380 689 112 26 happened,

66 721 40 20 and
122 718 83 22 huu-ied
222 723 55 19 upon
299 715 35 20 the
359 717 65 22 stage.
451 714 43 20 The

65 747 96 25 unhappy
168 743 68 21 victim
245 741 82 26 expired
335 741 21 19 in
365 741 35 19 the
410 747 53 13 arms
473 741 21 19 of

64 774 34 19 the
106 778 47 14 man
163 770 44 20 who
216 768 59 20 lifted
283 768 42 18 him
331 774 35 19 up.

109 837 19 18 A
137 833 89 21 FATAL
235 832 200 21 SUPERSTITION.

88 891 19 19 A
113 890 47 20 trial
165 889 22 19 of
193 895 10 13 a
209 887 126 21 remarkable
342 887 103 20 character
454 887 36 20 has

61 918 43 25 jvst
116 914 119 22 terminated
255 915 21 18 at
298 913 117 20 Bucharest.
443 913 47 20 Two

61 944 55 24 boys,
125 948 36 14 one
172 940 50 27 aged
232 940 37 24 six,
280 940 34 18 tho
323 938 58 21 other
389 940 100 23 fourteen,

61 976 51 13 were
130 966 87 26 charged
233 972 53 19 upon
302 965 53 19 their
380 971 25 14 (n\
412 973 12 12 a
445 972 33 13 con-

61 995 74 20 fession
156 993 49 20 with
229 992 75 24 having
326 991 112 25 attempted
468 993 21 18 to

60 1021 68 20 drown
134 1027 13 12 a
154 1019 51 20 child
215 1020 38 17 two
262 1023 58 19 years
325 1017 21 18 of
356 1023 44 19 ago.
429 1017 61 20 Their

60 1047 82 20 defence
151 1051 40 14 was
198 1044 43 19 that
250 1044 34 18 tlio
293 1043 48 24 long
350 1042 90 26 drought
449 1044 39 19 and

59 1073 50 20 total
118 1072 44 19 lack
172 1072 21 18 of
201 1070 44 19 rain
254 1069 40 19 had
300 1071 20 16 to
329 1069 26 18 be
360 1070 126 23 terminated,

60 1099 39 19 and
109 1098 44 20 that
161 1097 35 19 the
209 1096 59 19 crime
285 1101 55 19 upon
358 1094 66 20 which
440 1096 48 24 they

59 1124 57 21 stood
125 1123 53 20 their
186 1122 47 19 trial
241 1127 41 14 was
294 1121 34 19 tho
344 1120 48 26 only
402 1127 75 13 success-

58 1150 31 20 ful
98 1149 81 20 method
185 1148 72 19 known
268 1150 19 16 to
306 1147 120 26 accomplish
440 1147 46 19 this.

57 1176 49 20 This
113 1174 149 25 extraordinary
268 1173 81 19 defence
355 1173 17 19 is
380 1173 107 26 explained

57 1202 28 25 by
92 1202 34 19 the
133 1202 8 18 1
148 1201 45 24 >aily
199 1200 60 19 News
265 1201 159 23 corresponpent.
452 1199 34 20 He

56 1230 62 17 states
128 1227 44 19 that
182 1227 33 19 tho
223 1225 88 20 children
320 1225 22 19 of
348 1225 35 19 the
392 1225 22 19 vi
414 1225 12 12 n
429 1231 54 20 ages,

54 1254 23 19 in
86 1254 58 18 times
154 1253 21 19 of
184 1253 57 25 great
250 1251 87 25 drought
346 1257 34 13 are
396 1251 59 19 made
464 1253 20 17 to

55 1279 64 20 tl'"ow
126 1286 12 12 a
148 1279 43 24 clay
200 1278 64 25 figure
273 1277 21 19 of
308 1283 12 13 a
328 1277 55 19 child
398 1277 42 19 into
450 1277 35 19 tho

54 1307 68 19 water.
149 1304 42 19 The
214 1304 48 24 boys
273 1303 92 19 drowned
388 1303 34 19 the
431 1303 53 19 child

54 1331 75 24 merely
148 1330 86 19 because
260 1329 48 25 they
325 1329 40 19 had
388 1335 26 13 no
440 1329 44 25 clay

55 1357 70 26 figure.
153 1356 43 19 Tho
205 1355 54 19 elder
278 1362 39 12 was
333 1355 107 19 sentenced
463 1357 20 17 to

55 1385 38 19 two
101 1381 64 27 years'
175 1381 155 26 imprisonment,
342 1381 35 19 the
392 1387 91 19 younger

55 1416 40 12 was
104 1409 36 19 left
154 1410 21 17 to
184 1408 31 19 his
225 1407 94 20 mother's
334 1406 148 21 chastisement.

100 1461 18 17 A
127 1459 99 19 YOUNG
235 1458 198 20 PHILOSOPHER

80 1513 38 20 She
226 1511 87 20 believes
322 1511 22 19 in
352 1511 36 20 the
396 1518 85 20 pcasure

53 1539 22 22 of

193 1571 40 20 yuu
243 1570 60 20 agree
310 1564 50 20 with
367 1564 45 20 him

211 1597 41 19 yes,
281 1590 85 20 indeed,-
396 1591 26 19 In
446 1591 34 19 tlio

54 1624 85 15 summer
148 1617 25 19 he
181 1616 96 27 promises
286 1618 21 17 to
316 1616 43 25 buy
367 1624 33 12 me
410 1624 11 12 a
431 1617 40 19 seal-

52 1645 45 21 skin
105 1650 72 20 sacque
186 1643 20 19 in
215 1643 34 19 the
256 1642 70 20 winter
334 1643 18 19 if
358 1643 35 19 I'll
399 1643 46 25 give
452 1649 28 20 up

53 1671 60 26 going
130 1672 30 22 to.
168 1669 34 20 the
221 1669 97 24 seashore,
347 1670 41 18 and
405 1670 22 18 in
445 1669 35 20 the

54 1697 67 20 winter
129 1696 26 20 ho
164 1695 95 26 promises
268 1697 20 17 to
298 1695 47 19 send
355 1702 38 12 rue-
406 1698 21 17 to
445 1695 35 20 tho

52 1723 90 21 seashore
151 1722 34 19 the
194 1721 103 26 following
306 1728 87 14 summer
411 1722 17 20 if
445 1721 34 20 I'Jl

52 1749 47 27 give
105 1756 27 19 up
142 1749 34 19 the
185 1747 88 21 sealskin
289 1751 79 22 sacque'i
397 1747 26 21 So
439 1755 40 18 you

52 1782 32 16 fieo
93 1776 10 18 I
113 1782 32 12 am
154 1774 74 25 always

59 1839 18 22 A
85 1837 141 22 PLEASANT
235 1838 118 20 MOMENT
364 1838 32 21 IN
411 1839 57 20 THE

193 1864 136 21 GALLERY.

78 1915 47 23 Miss
134 1917 122 21 Kult-Shaw
266 1917 30 25 (at
305 1917 34 20 the
348 1919 31 18 art
392 1918 87 26 galleiy)

156 1951 39 19 you
202 1943 78 20 noticed
287 1943 44 20 that
340 1944 69 20 horrid
426 1945 53 20 daub

52 1972 21 21 s*l
86 1971 32 20 the
128 1977 73 17 corner,
211 1970 34 19 Mr

78 1998 32 19 Mr
308 1996 71 20 That's
383 1997 35 20 the
424 1997 55 21 work

51 2024 22 20 of
79 2030 32 19 my
120 2024 44 19 best
172 2022 71 24 friend,
254 2022 51 19 Dick

78 2050 47 19 Miss
132 2048 120 21 Kult-Shaw

51 2082 32 18 no,
93 2078 33 17 not
135 2076 44 18 that
195 2081 42 16 onQ.
264 2074 42 19 The
323 2075 95 24 painting
435 2075 44 25 jlist

51 2100 62 22 under

78 2125 31 22 Mr
126 2126 73 20 Palett<
303 2133 41 18 yes,
368 2126 46 20 I've
431 2133 48 14 seen

52 2153 49 22 that,
129 2153 10 20 I
148 2153 81 26 painted
238 2152 22 24 it,
270 2158 40 19 you

75 2215 58 21 MAY
143 2215 35 20 BE
188 2215 17 19 A
221 2215 114 21 CHOLERA
351 2215 98 21 SCARE.

80 2267 106 25 "Ma'am,"
197 2267 43 20 said
249 2274 10 12 a
269 2267 65 25 quack
343 2269 21 18 to
371 2274 12 13 a
392 2274 86 13 nervous

52 2294 33 21 old
101 2295 50 25 lady,
255 2300 44 13 case
314 2293 18 20 is
354 2296 124 24 scrutoniory

52 2321 104 26 complaint
174 2320 39 20 and
231 2320 17 19 is
265 2319 80 26 rapidly
371 2320 106 27 becoming

81 2374 68 25 'Tray,
160 2373 72 24 doctor,
242 2371 54 21 what
301 2371 17 20 is
324 2371 45 21 that

122 2400 16 18 is
151 2399 34 19 the
193 2399 98 25 dropping
309 2399 21 18 of
347 2398 36 20 the
400 2405 77 18 nerves,

54 2425 76 21 uial'am.
156 2425 42 19 The
214 2431 70 13 nerves
298 2424 77 26 having
385 2425 62 19 fallen
457 2425 21 19 in

54 2452 34 19 tlit;
96 2451 155 23 whizerinktum,
267 2450 34 20 the
316 2451 55 19 chest
386 2451 93 20 becomes

54 2478 111 20 morberous
171 2477 39 19 and
216 2477 33 19 the
256 2476 51 20 head
311 2483 47 19 goes
365 2477 112 22 tisarizeen,

254 2529 108 19 exclaimed
388 2530 34 20 the
445 2529 34 20 old

54 2556 51 25 lady,
178 2555 50 20 have
238 2555 101 20 described
348 2562 35 19 my
391 2556 87 26 feelings

54 2645 19 19 A
82 2645 108 19 FRENCH
198 2645 159 19 CRIMINAL'S
367 2645 105 19 ESCAPE.

80 2703 59 22 Much
148 2705 104 19 excitmont
261 2705 37 19 has
306 2705 52 19 been
367 2705 73 21 caused
459 2706 20 18 at

56 2731 9 19 1
71 2734 34 18 tax,
112 2732 21 19 in
142 2732 33 19 the
185 2731 57 20 south
260 2731 22 19 of
299 2731 82 24 France,
401 2732 29 25 by
445 2731 34 19 the

56 2764 67 19 escape
138 2758 50 19 from
206 2758 68 25 prison
292 2758 21 18 of
337 2764 12 13 a
365 2758 115 25 dangerous

56 2783 87 21 criminal
160 2785 43 19 who
221 2784 63 19 called
298 2783 82 20 himself
393 2784 86 20 Gofette.

131 2811 25 18 he
182 2810 62 25 really
267 2816 41 14 was
335 2810 41 20 will
392 2810 88 25 perhaps

56 2835 73 26 always
137 2837 74 18 remain
221 2842 11 13 a
241 2837 93 24 mystery,
354 2842 22 13 as
392 2837 26 18 lie
435 2843 33 19 per-

56 2862 88 26 sistently
153 2862 79 20 refused
249 2864 19 17 to
287 2862 25 19 be
326 2862 154 26 photographed

57 2894 23 13 or
93 2889 20 18 to
126 2888 55 19 allow
199 2888 31 19 his
242 2891 156 17 measurements
417 2891 19 17 to
454 2889 26 19 bo

58 2914 59 19 taken
124 2915 30 18 for
163 2914 33 19 the
202 2914 167 26 anthropometric
374 2915 76 20 service
459 2915 21 20 of

58 2940 34 19 the
101 2940 66 26 police.
193 2940 33 19 He
247 2947 40 13 was
305 2941 96 25 captured
410 2942 22 19 in
446 2942 34 19 the

56 2971 47 19 very
118 2968 30 17 act
165 2967 21 18 of
204 2966 120 26 attempting
346 2973 11 12 a
384 2968 96 25 highway

58 2992 83 26 xobbeiy
150 2992 48 20 with
205 2992 88 20 violence
302 2999 54 19 upon
364 2993 34 20 the
412 2994 68 19 Dutch

59 3017 72 21 Consul
139 3018 20 19 in
177 3019 51 19 Dax.
256 3019 29 18 On
304 3018 63 26 being
380 3020 62 19 taken
460 3022 20 17 to

59 3044 64 25 prison
155 3044 78 20 Gofette
267 3045 128 26 persistently
421 3046 59 20 made

59 3070 92 25 grimaces
182 3071 57 20 when
273 3074 37 22 put
341 3072 70 19 before
446 3072 35 20 the

59 3095 139 28 photographic
206 3103 84 18 camera,
301 3098 40 19 and
350 3100 95 24 attempts
460 3102 21 16 to

61 3122 44 19 take
114 3123 101 26 snapshots
225 3126 20 17 at
254 3123 42 20 him
305 3130 52 13 were
371 3124 111 21 frustrated

60 3154 58 20 every
126 3149 45 20 time
181 3150 20 19 in
210 3150 34 19 the
252 3156 54 13 same
314 3156 50 19 way,
374 3150 61 21 while
449 3152 32 19 his

60 3175 97 25 struggles
173 3182 51 14 were
250 3176 49 19 such
325 3177 58 21 when
401 3177 11 19 i:
440 3184 41 13 was

60 3201 71 26 sought
138 3203 19 18 to
172 3208 90 14 measure
277 3202 41 20 him
333 3203 45 19 that
395 3204 87 26 notlrng

59 3230 54 18 could
122 3230 24 20 be
154 3230 48 20 done
211 3231 47 20 with
265 3231 49 20 him.
341 3233 43 20 The
398 3241 84 13 manner

59 3255 22 19 of
85 3255 100 28 hisescape
194 3258 46 19 does
247 3260 35 17 not
288 3258 75 26 inspire
369 3260 113 21 confidence

91 3281 31 20 the
132 3283 156 20 administration
306 3285 21 18 of
343 3285 80 21 French
437 3294 34 19 pro-

60 3307 69 19 vincial
145 3309 60 24 gaolt.
232 3310 64 20 There
315 3317 41 14 was
379 3313 48 25 only
445 3320 37 13 one

63 3333 69 24 gaoler,
141 3335 42 19 who
191 3342 16 13 n
220 3342 84 19 appears
314 3342 51 15 went
374 3341 36 16 out
420 3342 20 16 to
456 3346 26 13 an

63 3358 133 26 eating-house
204 3364 20 17 to
234 3366 33 20 got
281 3363 31 19 his
328 3364 86 26 evening
423 3366 58 19 meal.

64 3384 41 19 The
112 3385 91 30 prisoner,
218 3388 44 19 who
280 3395 40 13 was
338 3391 106 26 employed
461 3392 21 19 in

64 3411 81 25 making
153 3413 53 19 those
214 3415 111 24 rope-soled
343 3417 58 19 shoes
419 3418 63 19 called

63 3435 22 20 in
102 3436 72 22 France
358 3443 47 20 took
429 3450 54 14 some

63 3461 79 25 lengths
151 3465 19 18 of
174 3472 50 19 rope.
233 3461 13 32 11
250 3467 23 19 od
279 3467 54 20 them
339 3470 98 23 together,
444 3470 39 20 and

64 3488 76 24 quietly
148 3489 25 20 let
181 3491 77 20 lap.is..4f
263 3495 35 18 out
307 3494 22 20 of
338 3495 33 19 the
380 3496 102 20 windows.

66 3513 19 18 A
93 3513 50 20 little
151 3516 37 23 girl
199 3518 79 26 passing
291 3519 28 25 by
336 3522 89 25 actually
443 3528 40 14 saw

65 3540 35 18 the
108 3545 46 19 rope
163 3541 91 28 dangling
259 3547 34 17 out
302 3547 21 17 in
328 3547 34 19 the
369 3550 67 22 street,
446 3548 37 21 but

63 3566 84 24 directly
156 3566 33 19 she
197 3569 80 22 touched
286 3571 15 20 it
310 3572 16 19 it
331 3579 41 14 was
381 3574 70 24 pulled
456 3580 27 18 up

64 3591 89 24 through
162 3592 32 19 the
200 3594 83 21 window.

544 88 38 19 AN
596 87 164 21 EXECUTION
779 89 33 20 IN
826 89 89 20 COREA.

544 147 42 19 The
602 148 77 19 Corean
696 148 89 18 married
797 148 114 19 men—and
927 150 21 18 in

517 173 63 20 Corea
588 173 14 19 it
611 179 48 18 may
667 173 27 18 be
708 173 44 19 said
762 173 44 19 that
825 176 24 15 99
859 181 36 18 per
904 179 44 14 cent

516 199 23 19 of
544 199 33 18 the
585 205 46 13 men
640 205 34 13 are
683 198 167 26 married—keep
860 199 34 19 the
903 200 45 19 liair

517 225 41 19 tied
567 225 21 18 in
597 231 12 12 a
615 224 50 20 knot
675 231 48 13 over
731 225 35 19 the
776 225 58 19 head.
862 225 56 19 Each
927 226 21 19 of

517 251 34 19 the
560 257 46 13 men
615 254 20 15 to
650 250 26 19 bo
694 250 104 19 beheaded
816 251 41 19 had
866 258 12 11 a
887 253 61 18 straw

516 283 48 18 rope
573 277 41 18 tied
623 278 20 17 to
656 276 33 18 his
706 277 94 24 top-knot
819 276 40 19 and
876 283 41 13 was
926 278 22 18 in

516 303 40 18 this
565 308 45 19 way
619 301 47 20 held
675 303 41 18 fast
725 303 21 17 in
760 302 87 25 position
857 309 47 12 over
913 303 34 19 the

516 329 56 18 stool.
600 327 61 20 Their
676 334 54 12 arms
748 334 52 12 were
816 327 42 19 tied
871 327 76 21 behind

515 354 54 19 their
577 353 52 19 back
647 353 40 19 and
699 360 26 12 no
744 353 74 19 chance
836 360 41 12 was
886 354 60 24 given

516 381 54 18 them
581 380 21 18 of
610 379 83 25 moving
705 379 61 19 while
775 379 35 19 the
820 380 127 19 executioner

515 412 41 14 was
572 407 21 17 at
602 405 61 19 work.
691 405 63 25 Upon
763 411 37 12 one
810 405 21 18 of
849 405 34 18 the
892 412 51 18 men,

515 432 45 19 who
586 431 75 19 offered
693 437 12 12 a
732 430 77 19 violent
831 430 113 25 resistance,

515 457 76 20 several
607 457 83 18 soldiers
702 463 81 19 sprang,
803 456 41 19 and
857 456 88 21 handled

514 484 42 18 him
574 482 49 19 with
642 482 33 19 the
694 484 76 17 utmost
783 482 104 24 brutality,
911 483 34 19 the

514 510 62 18 result
586 508 61 25 being
654 508 19 19 tl:
678 510 26 22 at,
716 508 21 19 in
746 508 35 19 the
791 510 77 17 course'
875 508 21 19 of
913 508 31 19 his

513 534 104 26 desperate
645 534 53 25 light
720 534 81 25 against
824 534 66 23 death,
913 534 31 19 his

513 561 62 25 spine,
584 560 72 23 which,
666 560 68 24 owing
746 562 21 17 to
775 560 32 18 his
821 566 53 13 arms
883 556 61 29 being

513 586 42 19 tied
573 586 76 19 behind
668 586 34 19 his
723 585 59 24 back,
806 592 41 13 was
863 587 21 18 at
906 586 38 19 full

514 612 82 23 tension,
612 611 40 19 and
659 611 80 20 broken
754 612 22 18 in
793 613 50 18 two..
866 611 47 20 Two
923 612 21 19 of

512 639 35 18 the
554 638 56 19 other
620 644 45 12 men
675 638 41 19 had
722 639 46 24 part
775 638 21 18 of
806 637 34 19 the
849 637 95 20 shoulder

512 666 34 17 cut
563 664 33 23 off,
614 663 40 19 and
671 663 60 20 when
749 663 35 19 tho
802 663 68 20 writer
883 665 50 17 after-

513 690 64 19 wards
594 689 105 20 examined
708 689 35 19 the
762 689 77 19 several
849 689 68 19 bodies
927 690 16 18 it

511 722 41 13 was
559 715 56 26 plain
629 715 44 19 that
682 722 62 18 many
751 715 63 20 blows
824 715 40 19 had
880 715 62 19 fallen

511 741 51 20 wide
570 741 23 19 of
600 741 33 19 the
642 741 66 19 mark.
735 741 60 19 After
812 741 35 19 tho
857 741 54 19 work
921 742 22 18 of

511 767 122 19 destruction
649 767 41 19 had
708 767 53 19 been
775 767 112 25 completed
902 767 39 19 and

511 793 33 19 tho
554 793 65 25 safety
634 793 20 19 of
665 793 35 19 the
709 793 99 25 kingdom
822 800 48 12 once
887 800 54 12 more

510 819 88 23 secured,
628 819 129 19 executioner
789 819 40 19 and
851 818 87 25 soldiers,

509 844 89 20 satisfied
613 845 49 19 with
685 845 53 19 their
756 847 61 21 work,
833 845 56 25 gaily
910 851 20 13 re-

509 871 67 19 traced
586 871 52 18 their
647 873 55 23 steps
711 873 21 17 to
742 871 34 19 tho
793 873 78 17 nearest
880 871 48 19 wine-

508 896 57 26 shop,
575 896 66 20 where
650 896 35 20 the
694 900 42 16 rest
754 896 21 20 of
787 897 35 19 the
831 896 58 26 night
899 903 40 13 was

508 926 59 22 spent
575 922 21 19 in
606 929 27 12 an
650 929 51 19 orgy
710 923 22 18 of
750 923 48 19 food
815 922 41 19 and
873 922 64 19 drink.

508 949 41 18 The
572 948 70 19 bodies
664 955 52 14 were
732 948 38 19 left
786 949 32 18 for
839 948 98 25 leopards,

508 974 50 25 dogs
567 974 40 19 and
614 980 62 14 crows
685 977 21 16 to
714 974 47 19 feed
769 981 62 19 upon,
840 975 40 18 and
887 981 51 12 none

507 1001 22 19 of
538 1000 34 20 the
581 1000 88 20 Coreans
679 1000 64 20 dared
751 1003 20 17 to
790 1007 26 18 go
826 1007 48 13 uear
883 1000 54 20 them

506 1026 91 25 —firstly
607 1027 85 19 because
702 1027 48 24 they
766 1027 69 19 feared
850 1027 44 19 that
904 1027 33 19 the

506 1052 68 26 spirits
593 1053 20 18 of
634 1052 34 19 the
691 1052 98 26 departed
811 1052 65 25 might
890 1052 47 25 play

506 1079 54 19 them
583 1084 55 14 some
656 1078 121 20 malevolent
800 1078 52 20 trick
863 1078 3 24 ;
890 1079 45 22 and,

505 1104 99 25 secondly,
628 1104 86 20 because
732 1105 17 18 if
763 1110 47 14 seen
833 1110 48 13 near
902 1105 34 18 tho

505 1130 69 20 bodies
584 1131 21 18 of
618 1130 35 18 tho
667 1130 92 24 outlaws,
770 1131 34 18 tho
813 1130 123 25 probability

505 1162 41 14 was
567 1155 46 20 that
631 1156 48 25 they
692 1156 68 19 would
782 1156 26 20 bo
826 1157 61 19 taken
904 1157 32 18 for

504 1182 54 20 their
575 1182 113 22 associates,
704 1182 40 20 and
767 1182 67 20 would
856 1185 52 16 meet
923 1188 11 14 a

503 1208 77 19 similar
598 1208 47 19 fate.
673 1208 91 25 Though
779 1209 34 18 tlio
828 1208 50 26 high
887 1208 48 19 road

503 1240 41 14 was
553 1234 38 19 but
600 1240 12 13 a
620 1234 40 19 few
669 1234 94 19 hundred
769 1234 62 25 yards
839 1235 52 18 from
901 1234 33 19 tho

503 1260 56 26 place
569 1260 66 19 where
642 1260 34 19 tho
686 1262 106 18 execution
808 1260 48 19 took
871 1260 61 26 place,

503 1286 33 19 tho
559 1286 140 25 superstitious
722 1286 88 20 Coreans
832 1287 102 25 preferred

503 1312 62 25 going
574 1312 57 19 miles
641 1314 35 17 out
690 1313 22 18 of
721 1313 53 18 their
784 1319 44 18 way
844 1319 46 13 over
899 1312 35 19 the
947 1312 1 25 '

503 1338 46 19 hills
567 1338 68 19 rather
648 1338 51 19 than
717 1345 48 19 pass
777 1345 50 12 near
841 1338 35 19 tho
889 1340 45 24 spot

503 1364 66 20 Where
587 1371 21 12 so
626 1370 61 19 many
701 1371 47 12 men
770 1364 41 20 had
829 1364 39 19 lost
881 1364 52 19 their
947 1364 1 25 '

503 1390 54 19 lives.
584 1390 43 19 Tho
636 1390 66 20 whole
711 1391 22 19 of
740 1390 35 20 the
788 1392 48 17 next
843 1390 40 26 day
892 1397 40 14 was

503 1418 56 23 spent
569 1416 27 25 by
605 1416 35 19 tho
657 1416 69 20 writer
744 1417 21 18 in
783 1416 107 25 sketching
899 1417 33 18 tho
947 1413 1 28 1

503 1442 49 19 dead
565 1442 76 24 bodies,
661 1442 41 19 and
709 1443 35 18 tho
762 1442 81 25 ghastly
854 1449 78 19 expres-
947 1439 1 29 1

503 1468 51 20 sions
563 1468 46 20 that
622 1468 63 20 death
694 1468 42 20 had
744 1468 111 26 imprinted
864 1475 25 13 on
898 1468 34 20 the
947 1468 1 26 i

503 1494 60 20 men's
569 1494 59 20 faces.
656 1494 57 26 They
721 1494 34 20 did
760 1497 34 17 not
798 1494 59 20 make
866 1498 66 23 pretty
947 1494 1 27 '

503 1520 94 24 sketches.',
614 1521 37 19 but
661 1520 48 19 then
729 1528 38 12 one
777 1521 77 20 seldom
868 1523 43 23 gets
920 1528 12 12 a
947 1520 1 26 1

503 1547 71 19 chance
589 1547 21 19 of
618 1547 121 25 portraying
757 1547 49 19 sueh
823 1554 12 13 a
844 1554 58 13 scene
911 1547 21 20 in
947 1547 1 25 '

503 1573 56 19 black
569 1573 40 19 and
618 1573 66 19 white.

531 1632 19 20 A
564 1632 115 20 SNAKE'S
694 1632 69 20 GRIP
777 1632 38 20 ON
824 1632 64 20 LIFE.

525 1685 42 20 The
588 1685 89 26 tenacity
691 1686 21 19 of
730 1686 36 19 life
784 1685 105 27 possessed
904 1685 26 26 by

498 1712 73 20 snakes
602 1712 20 19 is-
646 1718 50 20 very
722 1712 119 20 wonderful.
882 1712 48 20 Last

498 1738 71 20 winter
578 1744 54 14 somo
642 1745 46 13 men
698 1745 52 13 were
769 1738 87 27 digging
865 1745 12 13 a
886 1738 44 20 well

498 1767 35 17 out
543 1765 21 19 in
583 1765 34 19 the
631 1767 90 22 couutiy,
738 1765 40 19 and
797 1766 51 18 close
867 1770 20 14 to
897 1765 33 19 tho

498 1791 106 24 Meramec,
619 1791 58 19 when
688 1792 48 25 they
746 1798 55 12 came
811 1798 26 12 on
844 1798 12 12 a
866 1791 64 26 cavity

497 1818 22 18 in
527 1817 35 19 the
572 1817 79 26 ground
664 1817 67 20 which
749 1817 107 19 contained
866 1824 11 12 a
886 1820 44 16 nest

497 1845 21 18 of
527 1844 80 20 snakes.
635 1843 42 19 The
687 1843 89 21 weather
791 1850 42 13 was
848 1843 82 25 bitterly

496 1871 51 22 cold,
559 1870 40 20 and
608 1869 34 20 tho
658 1870 74 19 snakes
748 1876 53 14 were
811 1870 119 25 apparently

497 1897 58 19 dead.
583 1896 56 25 They
647 1902 52 14 were
710 1896 26 19 all
746 1895 134 20 blacksnakes
891 1896 39 18 and

497 1923 103 23 harmless,
612 1929 21 12 so
644 1922 34 19 tho
687 1928 47 13 men
741 1921 73 20 loaded
823 1921 55 19 them
887 1922 42 18 into

497 1949 34 20 tho
540 1949 74 19 bucket
632 1948 40 20 and
682 1951 44 16 sent
740 1948 56 19 them
813 1949 20 18 to
851 1948 35 19 tho
895 1950 34 23 top

497 1976 42 25 just
548 1976 32 19 for
590 1975 100 24 curiosity.
719 1975 56 24 They
790 1980 51 14 were
851 1974 78 20 thrown

497 2004 35 17 out
555 2008 25 13 on
599 2001 34 19 the
651 2000 86 26 ground,
753 2000 41 20 and
811 2001 22 19 in
848 2007 12 13 a
877 2000 52 19 little

498 2028 59 20 while
574 2034 49 14 were
632 2027 69 19 frozen
719 2033 22 13 as
756 2027 43 19 stiff
808 2033 22 13 as
838 2032 22 13 so
869 2032 60 20 many

497 2054 68 20 sticks.
592 2053 61 20 Their
661 2053 72 20 bodies
740 2053 81 19 became
832 2059 21 13 so
861 2052 68 20 brittle

496 2080 49 19 with
555 2080 35 19 tho
607 2081 50 18 frost
670 2079 46 19 that
726 2079 20 18 in
766 2079 99 25 handling
874 2078 55 19 them

497 2106 77 19 several
583 2111 51 14 wore
650 2104 79 20 broken
738 2104 42 19 like
786 2104 73 20 iciebs.
887 2104 41 19 One

497 2132 21 19 of
537 2132 34 19 the
579 2138 47 13 men
644 2130 59 21 when
720 2130 26 19 lie
760 2132 54 18 Ivent
832 2130 58 19 home
908 2133 21 16 at

497 2158 59 25 nig]it
563 2158 48 19 took
620 2159 39 18 two
673 2164 23 12 or
705 2157 57 18 three
771 2157 21 18 of
810 2156 35 19 the
854 2156 75 25 largest

498 2184 61 25 along
568 2187 20 16 to
606 2182 93 28 frighten
713 2182 33 19 his
762 2182 53 20 wife.
843 2182 20 19 11
867 2189 10 12 o
887 2189 30 12 suc-

496 2210 73 20 ceeded
586 2216 48 19 very
651 2209 51 25 well,
724 2208 45 21 and,
791 2208 82 26 leaving
894 2209 35 18 tho

496 2236 73 20 snakes
578 2243 26 12 on
614 2236 33 19 the
663 2235 50 19 floor
722 2235 22 18 in
760 2234 35 20 the
804 2234 82 20 kitchen
895 2234 23 20 be-

496 2263 43 19 fore
557 2263 35 18 tho
605 2262 42 25 fire,
672 2264 32 17 sat
726 2261 60 20 down
808 2264 21 16 to
843 2263 33 17 eat
897 2261 32 19 his

496 2295 79 19 supper,
595 2288 114 26 forgetting
731 2287 28 19 all
782 2287 62 19 about
867 2287 60 19 them.

583 2314 35 20 tho
635 2314 53 20 meal
704 2320 42 13 was
759 2313 22 19 in
794 2320 94 19 progress
898 2313 31 20 his

496 2348 17 13 w
515 2342 5 14 ,-
523 2342 26 23 fe,
560 2341 45 20 who
614 2341 40 19 had
667 2340 38 20 loft
714 2340 36 19 the
757 2344 64 19 room;
830 2339 99 26 suddenly

496 2373 52 20 gave
557 2374 12 13 a
578 2367 73 20 terrific
665 2373 76 13 scream
760 2365 45 20 that
819 2365 59 20 made
887 2366 41 19 him

495 2395 59 25 jump
572 2400 28 19 up
618 2394 21 19 in
652 2400 11 13 a
682 2393 59 25 panic
755 2392 41 19 and
809 2398 39 14 run
867 2394 20 18 to
896 2398 33 14 see

496 2420 54 20 what
559 2427 41 13 was
619 2420 33 20 tho
661 2420 80 20 matter.
755 2422 5 2 '
769 2418 29 19 As
816 2418 26 20 ho
852 2418 77 26 opened

496 2447 35 19 the
541 2445 80 21 kitchen
637 2447 49 19 door
699 2445 37 21 she
745 2445 36 19 fell
792 2445 80 24 against
879 2445 47 24 him,

498 2473 71 19 almost
583 2473 89 25 fainting
688 2472 50 21 wiffi
756 2471 72 25 fright,
847 2471 40 19 and
896 2473 32 17 too

497 2499 62 26 badly
576 2499 70 20 scared
661 2502 21 16 to
700 2498 36 20 tell
750 2497 54 20 what
819 2497 54 19 ailed
886 2497 41 19 her.

498 2526 33 19 Ho
541 2532 48 13 soon
605 2525 64 19 found
677 2527 41 23 out,
727 2525 32 19 for
769 2531 25 12 on
804 2524 64 25 going
877 2523 21 19 in
903 2524 25 19 ho

499 2555 21 17 at
534 2552 43 19 first
595 2551 88 26 thought
697 2552 25 19 he
743 2550 4 27 '
754 2551 90 19 had'eili
854 2550 73 25 again,'

496 2579 32 19 for
543 2578 34 19 tho
595 2584 56 14 room
668 2578 80 19 seemed
761 2577 40 19 full
809 2577 22 19 of
848 2577 73 19 snakes

497 2603 98 21 Warmed
612 2604 28 25 by
657 2604 35 20 the
707 2604 69 25 genial
789 2603 53 26 glow
859 2603 21 19 of
895 2603 34 20 the

497 2631 82 19 kitchen
604 2631 35 19 fire
653 2630 35 20 the
711 2631 69 19 frozen
794 2630 73 18 snakes
889 2629 40 19 had

497 2663 55 13 come
562 2659 19 17 to
592 2657 35 19 lifo
637 2657 40 19 and
690 2663 53 13 were
760 2655 96 26 coursing
865 2656 64 19 round

497 2683 35 20 the
548 2689 54 13 room
621 2683 50 21 with
693 2682 140 26 soul-chilling
849 2688 79 20 energy.

496 2709 35 20 He
541 2709 33 19 did
589 2711 35 17 not
642 2716 45 12 care
705 2714 21 15 to
740 2708 66 20 tackle
820 2708 35 19 the
864 2708 35 26 job
910 2709 20 19 of

497 2736 74 25 killing
586 2735 56 19 them
656 2735 63 25 there,
730 2742 22 12 so
768 2735 27 19 ho
807 2734 80 26 pushed
896 2735 33 19 the

497 2763 58 19 outer
564 2762 49 19 door
629 2768 51 20 open
694 2762 40 19 and
745 2761 48 25 they
809 2767 49 13 soon
867 2761 63 19 found

496 2788 54 20 their
559 2794 45 19 way
616 2791 40 21 out,
677 2788 39 19 and
727 2788 41 19 had
777 2789 36 18 not
831 2793 52 19 gone
894 2789 35 17 100

496 2814 61 26 yards
573 2814 69 19 before
649 2814 49 26 they
707 2821 53 13 were
770 2821 22 12 as
801 2813 43 23 stiff
854 2820 21 12 as
886 2820 44 13 ever

498 2841 49 20 with
553 2840 35 19 tho
598 2840 50 20 cold,
675 2840 35 19 lie
725 2840 95 20 followed
834 2840 55 19 them
896 2841 34 18 out

498 2867 41 19 and
556 2866 87 20 finished
656 2866 56 20 them
730 2866 50 21 with
797 2873 12 12 a
823 2866 51 26 polo,
894 2866 36 19 but

498 2900 46 18 says
554 2893 25 19 he
588 2893 42 19 will
639 2899 62 14 never
709 2895 51 17 trust
771 2899 11 12 a
790 2894 63 18 snake
863 2892 65 26 again,

498 2926 26 12 no
533 2921 74 17 matter
615 2919 46 19 how
669 2918 53 20 hard
731 2920 75 18 frozen.

1014 97 125 20 CURIOUS
1150 97 130 20 SCHEMES
1294 99 59 19 FOR

993 124 140 20 CROSSING
1150 124 57 19 THE
1221 124 141 20 ATLANTIC.

1113 177 49 24 (Tit
1172 176 69 25 Bits.)

992 202 50 19 Man
1052 204 18 18 is
1086 210 12 12 a
1110 204 125 24 progressive
1248 203 81 19 animal,
1358 205 36 17 llis

965 230 92 22 greatest
1064 229 100 23 triumphs
1174 228 78 26 rapidly
1259 229 84 25 develop
1351 230 43 19 into

966 254 151 26 uninteresting
1141 254 158 20 reminiscences,
1321 255 73 19 thanks

948 280 1 21 L
965 282 20 16 to
996 280 34 19 the
1040 280 100 21 influence
1150 281 22 19 of
1182 288 25 12 an
1217 281 71 19 ardent
1299 281 66 19 desire
1374 284 20 16 to

948 306 1 25 >
965 306 40 24 'go
1024 313 39 13 one
1080 308 78 18 better.'
1187 308 24 18 In
1226 313 26 12 no
1266 307 127 24 department

948 331 1 27 •
965 331 16 19 is
991 332 39 19 this
1040 333 99 25 tendency
1150 333 66 20 better
1223 333 113 20 illustrated
1346 333 47 19 than

964 357 20 19 in
996 358 35 19 tho
1041 359 93 26 question
1143 360 22 19 of
1173 359 143 19 transatlantic
1322 360 71 18 travel.

964 383 55 21 Who
1030 385 35 19 has
1082 388 36 17 not
1129 385 105 19 marvelled
1245 387 21 17 at
1277 385 34 19 the
1329 388 53 16 extra-

963 411 94 24 ordinary
1069 412 108 20 difference
1188 411 89 19 between
1295 412 35 18 the
1339 418 46 12 cara

964 436 41 19 vels
1023 437 22 19 of
1062 438 109 19 Columbus
1185 437 39 20 and
1240 437 34 19 the
1289 437 104 19 Cunatder

963 462 130 25 Campania?
1120 464 47 19 And
1186 465 34 23 yet
1233 463 59 19 naval
1311 466 81 21 experts

948 489 1 27 !
963 495 33 12 are
1015 489 42 19 still
1075 490 100 26 yearning
1190 491 31 17 for
1239 489 78 19 swifter
1331 489 60 20 shins.

963 514 85 20 Endless
1067 517 88 24 projects
1169 522 34 13 are
1224 515 115 19 elaborated
1352 514 39 20 'for

963 540 34 20 the
1020 542 134 20 annihilation
1174 542 21 19 of
1209 548 57 19 spaca
1289 541 40 19 and
1350 548 30 11 sea-

962 566 95 21 sickness.
1085 569 43 19 The
1148 568 66 20 writer
1228 574 48 12 once
1299 567 61 19 heard
1381 573 9 13 a

962 595 63 17 smart.
1035 595 107 19 American
1153 594 82 23 develop
1251 593 34 19 the
1295 593 95 24 startling

961 618 72 26 theory
1052 620 45 20 that
1113 621 17 19 it
1146 620 64 20 would
1230 620 23 19 be
1269 619 87 25 possible
1371 623 20 14 to

961 647 105 19 construct
1076 654 25 12 an
1111 647 96 19 immense
1217 646 115 25 pneumatic
1343 645 47 19 tube

961 672 63 19 under
1048 673 34 19 the
1101 673 94 19 Atlantic
1215 672 87 26 through
1327 670 62 20 which

961 704 120 19 passengers
1092 699 58 20 could
1161 700 24 19 be
1204 698 45 20 shot
1258 700 22 17 at
1290 697 100 26 lightning

959 725 59 24 speed
1030 724 4 25 !

985 750 32 20 Dr
1027 751 93 25 Bausset,
1131 759 25 12 an
1167 751 106 20 American
1288 750 101 25 engineer,

960 777 91 25 recently
1068 778 88 25 planned
1168 785 25 12 an
1207 777 85 25 air-ship
1306 776 84 25 capable

958 803 23 18 of
1012 804 140 26 tiausportiug
1185 810 117 20 passengers
1337 803 51 18 from

958 829 94 20 America
1075 832 22 18 to
1115 830 82 24 Europe
1216 830 21 19 in
1256 829 133 24 twenty-four

959 854 67 21 hours.
1054 856 48 19 This
1112 856 62 20 aerial
1184 856 89 19 machine
1290 855 41 19 will
1341 861 36 12 con-

958 884 38 17 sist
1005 882 23 19 of
1046 889 11 12 a
1068 883 50 20 steel
1130 882 89 26 cylinder
1233 882 38 20 77-1
1282 881 42 21 feet
1341 881 46 25 long

957 908 39 19 and
1007 909 40 18 144
1057 909 43 19 feet
1117 910 20 18 in
1148 908 103 23 diameter,
1262 908 58 19 fitted
1340 907 46 20 with

956 940 11 12 a
978 933 130 27 three-story
1117 935 50 19 steel
1181 940 108 20 passenger
1298 940 41 17 car,
1348 935 39 18 420

956 960 43 20 feet
1009 960 54 26 long,
1080 961 74 25 rigidly
1165 960 113 26 suspended
1294 960 95 20 beneath.-

956 986 41 20 The
1005 986 92 25 cylinder
1104 988 65 19 would
1177 987 23 19 bo
1208 986 55 20 made
1273 986 112 26 absolutely

956 1013 97 25 air-tight
1071 1014 40 19 and
1121 1013 35 20 the
1166 1014 31 18 air
1211 1013 69 19 within
1299 1014 85 24 pumped

955 1040 43 23 out,
1017 1039 48 20 thus
1085 1040 68 25 giving
1169 1039 35 19 the
1226 1039 45 25 ship
1285 1045 12 13 a
1317 1038 69 27 lifting

956 1072 66 17 power
1031 1065 24 19 of-
1064 1067 75 18 several
1151 1068 46 17 tons
1207 1065 78 25 beyond
1297 1065 27 19 its
1341 1072 43 12 own

955 1091 78 25 weight.
1063 1092 41 20 The
1113 1092 94 20 inve.ntor
1217 1091 69 20 claims
1296 1091 47 19 that
1355 1091 29 21 his

954 1121 76 22 system
1048 1118 36 20 has
1096 1119 48 19 been
1160 1117 95 21 indorsed
1274 1118 24 25 by
1309 1118 27 19 all
1351 1118 33 20 the

955 1146 52 17 most
1016 1145 90 19 eminent
1115 1144 131 25 engineering
1255 1147 88 22 experts.

979 1170 42 20 The
1031 1170 4 20 '
1044 1170 127 20 whaleback'
1182 1171 16 19 is
1209 1170 84 20 another
1303 1171 80 19 curious

954 1197 74 19 marine
1043 1200 95 16 monster.
1167 1197 99 19 Invented
1286 1197 27 25 by
1332 1197 39 25 Cap-

953 1223 43 19 tain
1016 1223 137 26 Macdougall,
1164 1223 17 19 it
1196 1223 16 19 is
1222 1223 115 20 considered
1357 1224 25 25 by

953 1256 58 19 many
1021 1250 60 19 naval
1097 1249 109 21 architects
1216 1253 19 15 to
1247 1250 23 19 bo
1286 1249 34 21 tho
1331 1257 39 12 com-

951 1275 36 26 ing
1010 1275 51 26 ship.
1103 1276 48 19 This
1175 1276 63 20 vessel
1269 1282 16 14 is
1309 1277 61 19 round-

951 1302 82 23 decked,
1053 1302 154 25 llat-bottomed,
1223 1303 48 18 both
1290 1304 80 18 extremi-

951 1329 37 19 ties
1007 1329 123 25 resembling
1139 1329 35 19 the
1190 1329 80 25 pointed
1282 1329 46 19 end.
1339 1329 22 19 of
1371 1336 11 12 a

951 1355 59 25 cigar.
1052 1355 40 19 The
1117 1355 127 20 wlieelhouse
1262 1355 16 19 is
1294 1362 11 12 a
1329 1362 53 14 mere

950 1383 71 23 turret,
1040 1382 40 19 and
1091 1381 34 21 the
1139 1382 116 19 forecastles
1265 1388 34 13 are
1319 1383 62 19 under

950 1408 35 19 the
1005 1408 132 24 whcelhoUfo,
1152 1408 39 20 and
1207 1415 33 12 aro
1258 1410 31 17 set
1313 1415 27 19 up
1355 1416 24 12 on

950 1434 57 19 three
1026 1436 85 18 turrets.
1139 1434 63 20 These
1226 1434 4 20 '
1240 1434 125 20 whalebacks
1376 1434 4 20 '

950 1467 79 18 possess
1040 1461 135 24 peculiarities
1185 1460 62 20 which
1258 1461 57 20 make
1325 1461 54 20 them

949 1493 12 13 a
976 1487 99 25 complete
1094 1487 113 20 revolution
1222 1488 19 19 in
1253 1488 117 24 -ship-build-

949 1520 40 18 mg.
1026 1514 65 19 There
1113 1514 18 19 is
1151 1521 25 12 no
1192 1514 113 26 ponderous
1331 1514 48 21 bulk

949 1540 61 19 above
1019 1542 63 18 water
1091 1541 22 18 to
1122 1540 80 20 wrestle
1213 1540 48 20 with
1271 1540 35 20 the
1317 1547 61 19 angry

950 1573 69 19 waves,
1039 1566 65 21 which
1118 1566 62 21 break
1194 1574 46 13 over
1261 1567 118 20 them—not

950 1592 80 26 against
1040 1593 61 20 them.
1130 1594 33 20 No
1175 1595 72 18 matter
1263 1593 43 20 how
1318 1594 62 26 heavy

949 1620 34 19 the
993 1627 39 18 sea,
1052 1620 35 19 the
1097 1620 46 26 ship
1158 1620 79 20 neither
1247 1620 77 25 pitches
1342 1627 37 13 nor

949 1646 54 20 rolls.
1031 1646 143 20 Sea-sickness
1181 1646 16 20 is
1206 1646 46 20 thus
1260 1647 119 19 minimised.

976 1673 105 20 Professor
1100 1674 80 24 Hazan,
1194 1673 85 20 another
1297 1674 68 20 Ameri-

948 1707 44 18 can,
1013 1701 33 18 has
1057 1700 95 20 invented
1162 1708 11 11 a
1188 1700 80 19 btilloon
1286 1701 55 20 made
1357 1701 21 19 of

948 1725 134 27 goldbeater's
1100 1728 52 23 skin,
1164 1727 38 20 and
1213 1726 100 27 equipped
1331 1727 47 20 with

948 1753 163 26 extraordinary-
1131 1754 82 20 devices.
1250 1754 74 19 Moved
1354 1754 24 26 by

949 1780 113 25 propellers
1081 1780 80 20 worked
1173 1781 24 24 by
1212 1780 80 20 manual
1312 1787 66 19 power

948 1807 38 18 and
1007 1807 77 19 steered
1096 1807 25 25 by
1139 1814 11 12 a
1164 1806 82 25 rudder,
1256 1806 17 20 it
1291 1807 48 25 will,
1354 1807 24 20 he

948 1840 52 18 says,
1007 1833 58 20 make
1074 1833 34 20 the
1118 1833 43 26 trip
1169 1840 67 13 across
1246 1833 33 20 the
1286 1834 92 19 Atlantic

948 1860 19 19 in
979 1860 47 26 fifty
1034 1860 68 19 hours.
1131 1860 22 19 It
1161 1860 56 19 holds
1227 1861 83 22 103,003
1321 1860 57 19 cubic

948 1886 41 19 feet
1009 1886 21 20 of
1049 1893 35 18 gas
1101 1886 40 19 and
1155 1888 54 18 costs
1224 1887 17 19 £
1246 1887 62 22 1,200.
1336 1886 42 20 The

947 1912 73 20 basket
1039 1913 16 19 is
1074 1913 21 19 in
1111 1913 34 19 the
1155 1912 53 20 form
1228 1912 21 20 of
1261 1920 10 13 a
1286 1912 92 25 lifeboat,

947 1939 40 19 and
997 1939 40 20 will
1057 1946 58 13 servo
1124 1939 31 20 for
1171 1939 116 25 navigation
1298 1940 20 19 in
1334 1946 44 14 case

947 1966 20 19 of
978 1966 97 20 accident.
1103 1965 42 21 The
1152 1966 79 20 balloon
1242 1966 72 19 will'lie
1324 1966 52 20 filled

947 1992 47 19 with
1015 1992 104 26 hydrogen
1135 1992 70 25 lifting
1214 1992 47 20 701b
1272 1992 32 20 for
1320 1999 56 19 every

947 2019 59 24 1,000
1016 2019 58 20 cubic
1084 2019 49 19 feet.
1161 2019 49 19 This
1220 2019 65 19 would
1302 2026 56 12 mean
1370 2031 6 3 -

948 2045 71 26 lifting
1037 2045 92 25 capacity
1140 2045 21 19 of
1172 2045 85 23 7,0001b.
1285 2046 43 20 The
1346 2053 30 16 en,

947 2071 38 20 tire
1004 2072 97 23 machine,
1116 2071 105 25 including
1240 2074 42 21 net,
1301 2072 71 20 basket

947 2097 115 26 drag-rope,
1086 2097 80 24 anchor,
1190 2098 40 23 &c.,
1251 2098 40 19 will
1308 2098 68 25 'Weigh

947 2124 65 18 SOOlb.
1040 2123 67 20 Three
1131 2130 44 13 men
1190 2123 40 20 will
1249 2124 38 19 add
1310 2125 66 23 4501b,

948 2150 113 25 provisions
1084 2151 38 18 and
1145 2151 63 19 water
1227 2151 66 19 2501b.'
1329 2151 47 20 This

947 2177 64 19 leaves
1021 2183 11 13 a
1044 2176 77 26 margin
1133 2177 21 18 of
1164 2177 79 23 5,0001b
1254 2177 34 19 for
1298 2177 78 21 ballast.

947 2203 19 19 A.
985 2203 59 19 small
1064 2203 51 25 pilot
1131 2203 79 19 balloon
1235 2203 39 19 will
1289 2210 37 13 run
1350 2212 26 17 up

947 2229 60 20 about
1018 2236 11 13 a
1040 2230 46 19 mile
1098 2232 20 16 to
1129 2229 53 20 show
1193 2229 35 19 the
1247 2230 97 20 direction
1357 2231 19 19 of

947 2255 34 20 the
1003 2256 59 20 wind.
1090 2255 32 20 No
1142 2258 70 17 return
1227 2255 65 21 ticket
1310 2257 65 20 would

948 2282 23 19 be
990 2282 73 25 issued,
1084 2283 34 19 the
1133 2285 74 17 nature
1227 2283 21 18 of
1266 2283 35 19 the
1315 2283 49 20 wind-

947 2311 93 18 currents
1051 2309 118 25 forbidding
1188 2316 11 12 a
1208 2311 71 17 return
1289 2309 85 26 journey

948 2337 96 24 —except
1063 2336 25 26 by
1108 2336 61 25 going
1183 2335 54 26 right
1256 2337 66 19 round
1343 2337 33 19 the

947 2363 60 19 world
1017 2362 4 25 !
1050 2363 149 22 ISeverihclcss,
1211 2362 33 20 the
1255 2362 90 25 problem
1355 2364 21 18 of

947 2389 113 26 propelling
1078 2389 90 19 balloons
1186 2389 124 26 has'already
1326 2390 49 20 been

947 2415 94 26 partially
1051 2415 68 20 solved
1129 2415 21 20 in
1164 2415 82 20 Franco.
1274 2416 103 26 Air-ships

947 2443 48 19 have
1015 2442 82 25 already
1112 2442 107 20 succeeded
1235 2442 20 19 in
1270 2443 108 25 travelling

946 2469 20 18 in
978 2469 34 18 the
1023 2469 56 18 teeth
1089 2469 22 18 of
1121 2476 12 11 a
1147 2468 127 19 lifteen-mile
1286 2469 58 18 wind.

973 2495 36 20 Mr
1027 2494 75 20 Darius
1116 2494 97 25 Davison,
1227 2501 24 13 an
1268 2495 107 20 American

946 2521 169 26 naval.engineer,
1125 2521 69 20 claims
1204 2523 20 17 to
1235 2521 49 20 have
1294 2522 82 19 evolved

946 2555 11 12 a
980 2548 87 26 fourday
1086 2548 52 25 ship.
1173 2547 47 20 This
1235 2548 103 20 leviathan
1360 2548 16 20 is

947 2576 75 22 I,oooft
1032 2575 21 19 in
1065 2574 76 26 length,
1151 2575 72 24 45,000
1234 2576 45 18 tons
1293 2575 82 22 burden,

946 2602 73 23 50,000
1038 2602 142 24 horse-power,
1195 2601 39 19 and
1251 2600 42 20 will
1314 2603 62 18 steam

945 2627 66 27 thirty
1034 2627 57 20 miles
1114 2634 25 13 an
1163 2627 57 19 hour.
1264 2628 30 18 Its
1319 2628 57 20 novel

948 2655 89 19 features
1061 2661 35 12 are
1117 2661 11 12 a
1144 2653 115 26 projecting
1273 2654 44 20 bow*
1339 2655 38 19 and

947 2683 61 22 stern,
1017 2680 48 21 each
1074 2680 34 20 150
1108 2680 24 20 ft
1143 2680 53 25 long.
1224 2680 39 20 She
1274 2680 15 19 is
1298 2682 22 17 to
1328 2680 49 20 have

947 2709 39 17 two
1002 2707 85 20 rudders
1098 2707 39 19 and
1152 2707 47 19 four
1211 2707 115 25 propellers,
1345 2708 32 19 the

947 2734 61 19 latter
1027 2733 69 26 placed
1114 2740 20 12 so
1146 2733 49 24 deep
1211 2733 47 19 that'
1266 2733 49 26 tiny
1330 2740 36 13 can-

948 2762 35 18 uot
1008 2759 4 26 '
1023 2760 59 25 race,'
1101 2767 23 12 or
1140 2759 95 20 interfere
1259 2759 49 19 with
1331 2760 46 20 each

947 2786 64 25 other,
1031 2788 40 18 two
1082 2787 61 24 being
1153 2793 25 12 on
1193 2786 48 20 each
1251 2786 42 19 side
1312 2786 22 20 of
1345 2787 32 19 the

947 2813 50 20 keel.
1025 2813 56 26 They
1088 2813 39 19 will
1140 2812 56 20 make
1208 2814 36 18 150
1254 2812 123 21 revolutions

949 2846 34 18 per
1005 2839 82 21 minute.
1116 2839 41 20 The
1176 2839 64 20 vessel
1254 2839 41 19 will
1314 2839 63 26 weigh

947 2867 73 22 25,000
1042 2867 54 24 tons,
1116 2866 38 19 and
1169 2872 58 19 carry
1247 2872 10 13 a
1277 2872 59 19 cargo
1357 2867 20 18 of

947 2893 73 22 20,000
1039 2895 53 17 tons.
1127 2892 72 25 Owing
1213 2896 21 15 to
1254 2892 34 20 her
1302 2892 75 25 length,

948 2919 35 19 she
1002 2919 39 20 will
1051 2922 40 17 rest
1112 2926 53 19 upon
1182 2921 57 17 three
1254 2922 67 17 Waves
1331 2922 22 16 at
1368 2926 9 12 a

950 2945 54 24 time,
1027 2945 47 20 thus
1099 2945 94 25 avoiding
1216 2945 92 26 pitching
1340 2946 37 20 and

948 2972 79 25 rollirg.
1056 2973 96 24 Stability
1168 2971 39 20 wiii
1220 2974 22 17 bo
1260 2973 83 19 secured
1355 2973 22 25 by

948 2997 34 21 the
992 2999 45 19 SOft
1047 2998 65 25 beam,
1122 2998 82 25 making
1218 2998 35 20 her
1263 2999 45 19 15ft
1319 2999 58 20 wider

948 3025 49 19 than
1008 3032 39 19 any
1058 3025 63 21 vessel
1131 3032 45 12 now
1194 3025 66 20 afloat.
1289 3025 39 19 Sho
1340 3025 37 19 will

949 3051 48 20 have
1014 3051 125 26 water-tight
1153 3055 156 22 compartmenls
1326 3052 51 20 from

948 3079 39 18 end
1006 3080 21 18 to
1044 3080 46 21 end,
1105 3079 30 19 six
1150 3081 67 22 masts,
1237 3081 38 17 two
1289 3078 88 25 funnels,

948 3105 48 19 four
1020 3107 41 17 sets
1082 3105 21 19 of
1117 3105 90 25 engines,
1231 3105 48 19 with
1304 3105 73 26 special

948 3133 126 23 generators,
1080 3131 93 26 whereby
1181 3132 99 19 one-fifth
1289 3131 39 21 less
1337 3132 40 20 coal

947 3158 17 18 is
975 3159 115 19 consumed.
1119 3159 32 18 On
1161 3164 62 19 paper
1232 3158 35 20 she
1273 3159 58 19 looks
1340 3159 37 20 like

948 3190 11 13 a
969 3183 52 26 huge
1032 3185 36 19 fish
1080 3185 48 19 with
1140 3185 34 19 the
1185 3191 63 19 upper
1267 3188 44 22 part
1322 3185 21 19 of
1354 3192 23 13 an

947 3210 94 26 ordinary
1061 3211 46 26 ship
1121 3211 69 26 neatly
1205 3211 57 20 fitted
1284 3210 56 27 into'
1351 3213 26 20 itb

947 3239 58 19 back.

1058 3266 59 20 these
1139 3266 105 25 ingenious
1263 3267 116 20 inventions

948 3292 51 20 lmvo
1017 3292 115 26 practically
1149 3296 46 16 inati
1202 3292 87 25 riaiiseu,
1308 3299 59 15 trans-

948 3319 84 20 atlantic
1051 3320 108 19 travellers
1173 3322 54 16 must
1246 3319 93 26 perforce
1355 3322 23 18 bo

948 3346 86 19 content'
1040 3345 47 20 with
1094 3345 35 20 the
1137 3346 155 25 comparatively
1303 3347 73 20 iiiou'cal

948 3372 171 20 accommodation
1127 3372 92 20 afforded
1228 3372 25 20 bv
1265 3372 48 20 such
1324 3373 54 26 ships

948 3405 21 13 as
980 3398 34 20 the
1025 3398 90 20 Lucania
1124 3398 39 20 and
1174 3398 34 20 the
1218 3398 63 21 Pans.

1183 40 58 20 THE
1254 41 61 21 HOT
1330 42 94 20 LAKES
1439 43 175 21 CHBONICLE,
1630 43 194 21 WEDNESDAY,
1838 43 161 21 FEBETTAHY
2015 42 32 22 27,
2061 43 50 19 1895

88 3655 99 22 Amateur
196 3655 63 30 artist:
315 3664 72 21 slaoxild
405 3666 41 19 like
464 3667 21 18 to

64 3685 79 23 present
153 3683 35 19 the
197 3684 36 19 last
245 3687 72 24 picture
334 3691 11 19 I
363 3692 84 24 painted
464 3695 21 16 to

64 3715 52 13 some
126 3709 109 20 charitable
240 3709 115 32 institution;
362 3723 50 18 now,
419 3718 66 21 which

64 3735 66 19 would
143 3742 41 18 yon
200 3741 117 19 recommend
359 3743 61 20 Cruel
438 3744 47 21 lady

63 3761 78 20 Iriend:
159 3761 55 20 ''The
223 3761 57 23 Blind

89 3802 53 34 !^he:
229 3805 6 17 t
252 3810 37 19 you
311 3808 35 20 fell
367 3817 12 12 a
397 3810 90 26 draught

64 3835 46 13 over
125 3829 55 24 here,
207 3835 47 13 near
277 3831 32 21 the
321 3835 83 21 window
416 3837 22 19 '?"
452 3837 35 20 He

65 3855 79 26 (taking
151 3855 35 20 the
195 3855 66 25 hint):
308 3859 52 21 don't
372 3862 60 21 know
450 3864 37 18 but

64 3881 12 18 I
85 3881 30 20 do.
143 3881 66 20 What
217 3882 64 19 would
290 3890 38 18 you
343 3887 67 21 advise
425 3896 32 13 me
467 3892 20 17 to

64 3907 38 20 do:
120 3908 45 26 pull
181 3908 34 19 the
233 3908 56 19 blind
313 3911 56 22 down
390 3921 22 13 or
428 3921 59 14 move

64 3939 46 14 over
118 3941 72 13 nearer
208 3935 20 18 to
336 3937 47 22 She:

89 3977 41 19 The
148 3976 109 27 spectacles
280 3980 51 18 most
355 3981 89 23 admired
461 3984 18 26 by-

63 4009 67 20 young
139 4003 64 20 ladies
212 4009 35 13 are
256 4003 47 25 gold
311 4004 71 24 beaux.

355 4048 28 14 out
396 4050 32 15 rata
447 4055 41 13 mice

64 4064 73 19 coaches,
148 4064 41 19 fl'es,
202 4064 42 19 ants,
259 4063 88 21 bed-lmga,
360 4066 56 17 ''nrects
429 4061 59 24 'sl-jnk

66 4084 95 18 oek-raMts,
178 4087 86 16 sparrows,
277 4083 75 20 gophers.
373 4087 21 15 At

64 4102 33 18 iiud
108 4103 82 19 druggists

524 2996 68 22 There,
611 2997 16 19 is
651 2996 55 26 (says
725 2996 36 20 the.
784 2996 145 20 Westminster

500 3022 95 26 Gazette)
605 3023 47 25 only
661 3029 38 14 one
705 3022 88 26 entirely
800 3022 129 25 satisfactory

499 3050 79 20 feature
590 3050 18 18 in
620 3050 34 19 the
665 3049 77 26 finding
750 3049 21 19 of
779 3049 35 19 the
825 3048 74 26 llridihg
910 3048 21 19 of

498 3076 34 20 the
604 3076 87 19 Zealand
708 3077 59 19 court
777 3082 25 13 on
821 3075 33 19 the
865 3074 64 21 wreck

499 3103 21 19 of
526 3102 166 26 theWairarapa,
698 3102 61 26 viz—'
766 3102 164 19 Thestcwardess

499 3128 103 26 displayed
626 3131 56 23 gnat
708 3128 99 20 heroism.'
843 3128 53 19 Such
919 3135 10 12 a

498 3156 78 19 tribute
597 3157 22 18 to
642 3156 95 19 woman's
761 3154 85 20 heroism
870 3154 16 19 is
909 3154 21 19 of

499 3182 73 25 special
592 3182 82 20 interest
694 3182 20 19 in
731 3182 35 19 the
780 3181 72 24 colony
867 3180 62 20 which

498 3215 42 14 was
558 3208 34 19 the
609 3208 43 19 first
670 3210 21 18 to
707 3208 104 24 recognise
825 3206 105 21 Woman's

498 3236 71 25 Right.
597 3236 28 19 As
648 3237 20 18 at
684 3236 35 22 the
741 3242 56 13 same
814 3235 50 20 time
886 3235 44 19 'the

499 3264 63 26 ship's
571 3270 97 19 company
677 3263 35 20 did
722 3265 35 18 not
764 3263 26 19 do
800 3263 26 20 all
836 3263 46 19 that
890 3269 41 13 was

499 3290 96 26 expected
609 3290 21 19 ol
641 3290 78 19 British
729 3296 81 13 seamen
843 3295 88 19 pemaps
934 3290 1 32 j

499 3316 35 20 the
547 3317 49 18 next
613 3316 125 26 experiment
751 3315 67 20 which
840 3321 30 14 wo
886 3322 45 18 may
934 3315 1 27 i

498 3342 48 20 look
568 3343 32 18 for
615 3342 21 19 in
653 3342 52 19 New
719 3342 90 19 Zealand
825 3342 17 19 is
860 3348 12 13 a
886 3341 45 26 ship

499 3368 87 20 manned
595 3368 28 25 by
632 3368 78 19 British
720 3375 33 12 sea
755 3375 83 13 women.

526 3408 43 19 The
578 3408 39 19 end
623 3408 22 19 of
654 3408 33 19 the
696 3413 56 20 great
760 3408 79 25 Baring
844 3408 86 25 lirjuida.

499 3434 43 19 tion
560 3434 37 18 lias
616 3440 54 13 come
679 3436 21 17 at
718 3434 44 23 last,
774 3434 40 19 and
824 3430 39 23 the'
872 3434 59 19 Bank

500 3460 22 19 of
534 3460 96 25 England
647 3460 42 19 will
705 3460 33 19 be-
753 3460 56 21 freed
831 3461 53 18 from
905 3460 26 19 its

501 3486 54 23 debt,
574 3485 40 20 and
636 3486 34 19 the
684 3488 121 23 guarantors
826 3486 54 19 from
898 3486 34 19 the

500 3511 89 26 liability
606 3512 48 25 they
672 3512 118 19 undertook.
833 3512 71 19 Under
920 3514 15 27 aj

501 3545 45 13 new
555 3538 43 19 title
617 3538 39 19 and
666 3538 127 25 description,
812 3538 35 20 the
858 3538 43 19 firm
912 3538 20 19 of

501 3564 78 25 Baring
595 3564 41 19 will
650 3566 50 17 start
718 3564 21 19 in
753 3564 93 20 business
865 3564 66 25 again.

501 3591 44 18 The
553 3589 78 26 Baring
643 3592 63 17 assets
722 3592 59 21 trust,
792 3591 110 24 consisting
912 3590 21 19 of

502 3617 34 18 tlio
546 3616 41 19 still
596 3616 87 25 wealthy
693 3616 100 20 members
804 3617 20 18 of
832 3617 34 18 the
875 3617 59 24 great'

501 3641 94 21 financial
604 3642 71 25 family
690 3643 40 18 and
737 3642 53 20 their
799 3642 82 24 friends,
892 3643 40 19 will

503 3668 47 20 take
559 3674 47 14 over
616 3668 34 20 the
658 3668 116 24 remaining
787 3672 62 15 assets
869 3669 21 18 of
899 3669 34 18 the

502 3695 51 19 firm.
581 3694 51 21 Still,
650 3695 34 19 the
700 3694 107 25 precedent
821 3694 18 20 is
852 3696 35 18 not
896 3700 37 13 one

503 3721 52 20 tube

503 3747 62 19 house
574 3753 65 14 comes
649 3749 19 17 to
685 3746 54 25 grief
750 3747 88 23 through
847 3746 87 20 reckless

503 3773 106 24 financing,
621 3773 26 18 its
663 3773 99 20 member?
777 3773 39 19 and
826 3775 108 19 eustoiucrn

504 3799 41 19 and
553 3799 92 19 business
653 3799 107 19 associates
769 3800 55 18 must
833 3799 26 19 be
868 3799 37 19 loft
914 3801 20 16 to

504 3825 49 20 bear
569 3825 34 19 the
621 3825 45 23 loss,
683 3825 86 20 without
783 3825 34 18 the
835 3824 48 26 help
892 3825 21 18 of
923 3831 11 12 a

504 3851 83 20 colossal
602 3850 97 25 pledging
718 3851 21 18 of
748 3850 35 19 the
793 3850 61 19 credit
865 3851 21 18 of
901 3851 34 20 the

504 3877 58 20 Bank
573 3877 21 19 of
603 3876 95 26 England
707 3878 21 18 to
737 3876 63 19 break
810 3876 35 19 the
854 3876 42 19 fall.

531 3918 15 18 j\
558 3916 62 20 South
627 3916 118 20 Australian
751 3918 79 17 matron
837 3916 35 19 the
879 3916 56 19 other

505 3944 41 25 day
554 3943 95 25 acquired
657 3943 37 19 hor
711 3942 48 19 11th
764 3942 101 19 husband.
892 3942 43 19 Her

506 3969 115 27 experience
651 3970 17 18 is
691 3969 45 18 that
757 3968 38 19 hor
826 3967 109 25 marriages

505 3996 81 24 usually
599 3995 37 19 fall
654 4001 26 12 on
695 3994 123 26 Thursdays,
843 3994 40 19 and
900 3991 35 22 her

505 4022 77 20 burials
592 4027 26 13 on
626 4020 92 27 Fridays.

525 4062 56 18 Every
588 4066 58 15 person
654 4062 15 14 in
677 4062 33 15 this
724 4061 66 16 district
807 4060 58 16 should
875 4060 39 16 send
927 4066 8 9 a

506 4087 42 14 copy
558 4078 17 19 oi
588 4081 29 16 the
632 4081 41 15 New
695 4081 72 20 Zealand
780 4081 75 19 Cookery
865 4080 47 16 Hook
920 4081 15 14 to

506 4101 44 16 their
557 4100 68 16 friends.
646 4101 14 14 A
678 4105 46 12 more
741 4100 55 18 useful
808 4101 67 19 present
889 4100 46 16 could

507 4121 29 15 not
542 4121 20 15 bo
569 4120 127 16 foi'ml.—Advi

974 3449 28 19 At
1013 3456 10 12 a
1033 3449 108 20 Northern
1152 3450 87 25 meeting
1255 3451 20 18 to
1286 3450 92 21 consider

948 3475 35 20 the
990 3475 51 20 local
1052 3476 61 19 baths
1120 3476 91 24 question
1221 3475 4 27 :
1241 3475 3 27 '
1255 3476 123 26 Gintlemen,

948 3501 72 27 you've
1039 3502 27 19 all
1077 3502 39 19 had
1132 3508 51 18 your
1197 3509 41 17 say,
1255 3503 123 20 now'hero's

948 3528 73 19 moino.
1049 3528 40 19 I'm
1100 3530 24 19 73
1135 3535 59 19 yearn
1204 3529 21 19 of
1236 3536 35 18 nge
1281 3531 38 18 and
1330 3530 47 19 divil

949 3554 46 20 lake
1002 3561 30 13 mo
1042 3554 17 19 if
1070 3555 10 18 I
1091 3555 111 19 remember
1211 3555 55 20 when
1277 3556 11 19 I
1300 3556 77 20 washed

950 3580 78 27 myself,
1048 3581 38 20 but
1104 3581 11 19 I
1134 3581 104 25 challenge
1252 3588 39 19 any
1301 3582 23 19 of
1337 3589 40 19 you

950 3606 89 26 washing
1049 3614 57 13 coves
1117 3608 78 19 outside
1206 3610 21 17 to
1237 3615 11 12 a
1265 3608 64 25 rough
1340 3609 37 18 and

950 3633 82 20 tumble.
1060 3634 38 19 I'm
1118 3634 49 19 dead
1183 3634 80 25 against
1284 3634 94 26 washing.

950 3660 21 19 Tt
981 3662 56 23 stops
1046 3667 36 18 yer
1091 3660 82 19 health,'

976 3686 42 19 The
1036 3686 93 20 liawke'a
1141 3686 42 26 Bay
1198 3687 75 19 Herald
1291 3694 46 18 gays
1348 3686 3 26 :

950 3712 4 26 1
966 3712 41 20 The
1018 3712 46 20 boss
1075 3712 4 26 '
1090 3712 155 26 co-operatives'
1256 3713 43 20 who
1310 3714 68 19 bolted

950 3739 52 19 from
1021 3739 124 20 Tketaimua
1160 3739 47 19 with
1227 3740 33 19 the
1278 3746 65 19 wages
1358 3740 22 19 of

951 3766 34 18 the
1004 3765 64 21 whole
1077 3772 61 20 gang,
1157 3766 50 19 have
1220 3766 50 20 been
1289 3766 89 20 arrested

951 3794 22 18 at
991 3791 67 25 Tinui,
1068 3790 65 27 thirty
1150 3792 55 20 miles
1220 3799 61 18 away,
1292 3793 39 19 and
1347 3799 33 13 are

952 3822 21 16 to
983 3817 45 21 face
1038 3818 34 20 the
1082 3819 53 19 S.M.
1163 3818 41 20 The
1215 3819 100 19 workmen
1332 3819 47 19 used

952 3846 21 18 to
991 3845 29 25 '3'
1027 3845 39 19 left
1077 3845 40 25 'by
1127 3845 34 19 the
1169 3845 86 25 rascally
1265 3846 116 19 contractor

951 3871 20 19 in
992 3871 49 25 days
1060 3878 52 17 gone
1126 3871 33 26 by.
1186 3871 41 20 The
1248 3871 133 26 co-operative

952 3899 73 24 system
1047 3904 28 13 we
1092 3905 51 12 were
1158 3898 42 18 told
1220 3898 66 19 would
1301 3899 79 24 remedy

952 3923 28 20 all
1003 3923 51 19 that.
1091 3924 43 19 But
1153 3923 40 20 this
1209 3923 12 19 li
1225 3923 3 26 1
1234 3924 27 19 tie
1284 3925 97 24 escapade

953 3949 77 21 knocks
1039 3950 34 19 the
1081 3951 79 19 bottom
1167 3951 36 18 out
1214 3950 21 19 of
1242 3950 44 20 that
1297 3951 84 24 theory.'

971 3981 45 15 Pare
1023 3980 54 16 Blood
1089 3982 14 15 is
1115 3982 28 15 the
1151 3982 53 14 secret
1216 3982 18 14 of
1245 3982 56 15 health
1309 3982 45 14 —Dr
1364 3982 14 14 E

952 4001 83 15 Go-idou's
1046 4001 75 16 BLOUl)
1132 4001 63 14 PILLS
1205 4001 65 16 dense
1284 4001 28 15 Die
1322 4002 61 19 system

953 4021 17 15 of
977 4021 22 15 till
1006 4021 65 19 impure
1081 4020 54 18 blood,
1149 4026 39 10 cure
1198 4020 109 20 Indigestion,
1319 4021 55 15 Consti-

953 4040 64 20 pation,
1030 4040 49 15 Liver
1091 4040 100 19 Complaint.,
1206 4040 51 15 Pains
1267 4041 18 14 in
1296 4040 44 17 hack
1352 4041 32 15 and

953 4060 50 16 sides.
1021 4059 107 20 Biliousness,
1150 4060 39 15 Sick
1201 4059 100 19 Headache;
1319 4064 65 12 remove

954 4079 76 20 pimples,
1042 4078 82 20 Scrofula,
1132 4078 70 20 Scurv/,
1208 4080 32 15 cct.
1261 4079 54 20 Large
1321 4080 38 17 hoi,
1366 4080 17 14 Cs

954 4100 35 15 two
996 4099 57 17 boxes,
1069 4099 36 17 10s;
1115 4099 39 19 post
1164 4099 42 15 free.
1226 4099 17 15 J.
1261 4099 24 15 >Y.
1302 4099 22 15 Oi
1331 4102 28 12 v\*
1364 4103 19 11 j.»:

955 4116 33 19 bos
1039 4118 59 16 Dvicel
1101 4118 22 15 W.

1463 109 128 36 Rotoltl
1637 108 170 37 Sawmill.

1486 182 68 20 lUTE
1574 183 61 19 AND
1661 182 55 20 RED
1737 181 67 20 PINE
1827 182 20 18 of

1435 208 32 18 *?'
1512 208 34 20 the
1556 208 62 20 finest
1636 208 79 25 quality
1733 207 41 19 aud
1792 214 44 13 care-

1414 235 54 26 fully
1478 236 41 18 cut.

1589 260 26 15 fl!

1416 282 98 22 MATAI,
1543 282 136 19 PUKAL'EA
1696 281 39 19 au<l
1763 280 84 18 TAWA

1414 307 100 25 Shingles,
1529 307 101 25 Palinge?,
1649 307 72 19 Blocks
1732 306 39 19 arid
1780 306 67 19 Posts.

1454 356 12 21 A
1473 356 41 26 good
1524 355 33 22 and
1566 355 73 21 assorted
1654 355 61 25 supply
1723 355 64 24 always
1799 359 21 16 en

1500 381 68 21 liandat
1579 381 27 20 the
1614 380 66 21 Timber
1695 380 50 22 Yard.

1559 405 151 30 I^OiPOI^UA.

1414 449 54 20 N.B.
1470 448 124 25 —Special
1607 454 58 13 care
1675 447 75 21 taken
1768 448 22 18 in
1803 447 42 19 the

1496 475 144 24 seasoning.

1441 514 85 39 Prices
1553 514 26 37 at
1600 513 105 40 Current
1727 513 86 39 Rates.

1529 593 35 19 W.
1580 593 59 19 HEN
1642 593 94 22 SHAW,

1712 619 105 26 Manager.

1479 682 39 29 H.
1534 682 37 30 C.
1592 682 193 31 WRIGHT,

1486 729 137 19 SURGEON
1633 729 131 21 DENTIST.

1460 781 117 25 (Successor
1587 783 22 17 to
1620 784 14 16 h
1642 781 4 26 .
1658 783 22 18 L.
1691 781 103 26 Wright),

1435 833 89 20 Notifies
1534 833 46 19 that
1590 827 34 38 he•
1633 840 18 13 is
1669 834 121 26 continuing
1808 833 34 21 the
1846 827 1 38 |

1407 859 94 20 business
1512 859 21 20 of
1543 867 11 12 a
1565 861 84 18 Deni'st
1659 863 21 17 at
1691 861 34 20 the
1736 861 104 19 Premises.

1407 885 228 24 SIIORTLAND-ST.,
1651 888 86 20 assisted
1758 887 25 24 by
1802 887 38 19 Mu

1408 912 33 20 W.
1453 913 26 18 H.
1491 912 64 27 Witia
1562 919 12 12 ir
1581 918 14 14 r.
1615 912 43 20 The
1667 913 111 26 high-class
1787 913 52 19 wmk

1406 938 22 20 of
1440 938 35 19 the
1486 939 40 19 late
1536 939 35 19 Mr
1581 940 25 18 A.
1617 939 22 19 L.
1652 940 85 25 Wrigbt
1757 939 39 19 will
1816 939 24 19 be

1406 964 88 20 adhered
1505 966 26 22 t»,
1541 966 37 18 and
1590 972 38 17 any
1640 966 38 20 left
1689 965 116 21 untiuished
1814 965 25 25 by

1414 991 35 19 hat
1459 990 117 26 gentleman
1588 991 40 19 will
1648 993 24 18 be
1689 992 112 25 completed
1813 991 24 24 by

1499 1017 34 20 Ihe
1543 1024 43 13 new
1597 1024 148 20 management.

1474 1077 213 31 Established
1710 1087 61 19 *876-

1470 1136 95 36 John
1597 1134 172 46 J.'Keys,

1405 1190 118 27 Builder
1556 1189 59 27 and
1648 1189 188 32 Contractor,

1472 1226 297 28 ROTORUA-

1401 1261 110 20 Estimates
1529 1260 58 25 given
1602 1261 33 18 for
1646 1259 116 25 Buildings,
1773 1259 51 19 alter-

1419 1288 78 20 tations
1506 1287 38 19 and
1555 1287 76 25 repairs
1640 1287 22 19 in
1673 1287 25 19 all
1709 1285 99 21 branches

1558 1313 22 19 of
1590 1313 35 19 the
1633 1313 63 19 trade.

1443 1366 138 20 FUNERAL
1609 1365 176 20 FURNISHER.

1901 130 29 29 J.
1954 129 38 30 H,
2014 126 250 34 BUCHANAN,

1906 175 117 21 ST«I>!E
2038 172 216 23 MERCHANT.

1962 207 171 18 ESTABLISHED
2143 207 46 15 1892.

1864 258 107 20 Statuary,
1991 254 143 19 Monumental
2156 253 38 17 aed
2213 250 86 20 General

2038 277 78 17 Mason.

1893 299 118 20 MAKBLE
2027 298 63 20 AND
2109 295 142 22 PEEESTON
2257 294 16 18 h

1867 331 136 20 CHIMNEY
2022 329 107 23 PIECES,
2143 327 100 22 MASES,
2255 326 43 19 Etc.

1906 365 131 33 VICTORIA
2056 361 108 33 STREET
2190 360 74 35 EAST,

1955 404 249 36 AUCKLAND-

1889 475 66 24 Dfcsig
1997 473 40 19 and
2057 471 67 20 Prices
2140 468 114 21 forwarded
2273 475 25 12 en

1863 500 124 26 application
1998 501 21 17 to
2028 505 39 14 any
2076 499 47 24 part
2129 496 23 20 of
2157 496 36 19 the
2199 495 99 20 Province

1864 527 83 24 Colony.

1887 602 68 45 W.
1981 596 289 53 THOMAS,

2006 659 120 22 KXTASi
2136 656 126 22 31ASO.V

1855 691 2 26 1
1910 695 139 22 VICTOIUA
2060 694 14 20 S
2079 694 31 18 IE
2115 693 48 19 BET
2173 691 75 23 EAST,

1978 728 4 24 .
1992 728 172 23 AUCKLAND.

1896 785 93 23 Orders
2008 783 29 23 in
2057 780 111 28 Marble,
2187 778 109 24 Granite

1860 818 51 24 and
1919 818 86 28 Stone,
2016 814 132 34 promptly
2158 811 50 25 and
2216 811 67 24 laitli-

1862 852 66 31 -I'ully
1940 848 134 27 executed.

1886 910 111 32 Designs
2009 908 52 25 and
2073 907 83 33 prices
2166 905 52 24 free
2232 912 34 16 on

1991 940 166 34 application.

1919 1041 90 31 GEO
2039 1041 32 29 S.
2089 1037 143 37 WOOD,

1952 1084 80 18 EPSOM
2052 1081 142 19 AUCKLAND.

1894 1123 122 21 ESitiSeU'i*
2031 1119 194 25 &-C,-«ntrs?c<o
2248 1123 43 15 r.s

1940 1173 158 23 ESTIMATES
2109 1171 99 21 GIVEN.

1884 1230 82 18 Houses
1975 1227 53 20 built
2038 1226 39 20 and
2094 1223 114 30 Purnishqd
2219 1223 20 20 in
2250 1230 38 18 any

1855 1255 57 26 Style
1922 1256 22 18 at
1955 1255 70 19 lowest
2036 1253 62 19 Kates
2110 1251 30 19 for
2149 1248 59 25 Cash.

1855 1307 109 21 Purnitur'
1987 1306 22 20 of
2028 1312 39 17 any
2087 1303 133 24 Description
2241 1309 36 20 sup-

1909 1334 51 26 plied
1971 1335 22 17 ait
2003 1333 74 19 lowest
2086 1331 64 23 prices
2161 1331 22 18 sit
2203 1329 33 20 the

1973 1359 94 19 Shortest
2089 1356 80 20 Notice.

1639 1468 11 33 i
1677 1466 189 35 ocvocd
2111 1459 71 42 HIT

1596 1555 36 20 Six
1641 1555 59 19 miles
1709 1555 54 19 from
1772 1553 58 20 Lake
1839 1553 71 26 Taupo
1920 1552 100 26 (Eotorua
2031 1549 60 25 side).

1524 1596 220 32 SUPERIOR
1777 1588 389 37 ACCOMMODATION

1590 1643 55 21 ALL
1655 1644 59 19 THE
1723 1642 146 21 COMFORTS
1879 1640 35 21 01-'
1924 1640 18 20 A
1951 1639 83 21 lIOME
2044 1637 56 21 FOE

1549 1683 216 32 TOURISTS
1803 1681 90 32 AND
1929 1677 206 33 INVALIDS-

1397 1771 70 26 Hot
1481 1769 205 33 Swimming'
1699 1768 109 27 Baths
1943 1766 71 26 Hot
2027 1762 141 29 Douche
2180 1760 109 28 Baths

1698 1801 119 28 Grand
1836 1800 151 27 Climate.

1499 1842 185 28 Elevation
1685 1841 117 27 —1350
1822 1840 68 26 feet
1904 1839 109 26 above
2024 1844 59 21 sea
2093 1833 96 32 level,

1397 1922 258 27 COMPETENT
1673 1920 162 28 GUIDES
1846 1926 157 25 accompany
2015 1916 107 26 tourists
2131 1916 27 23 to
2166 1913 44 25 tlio
2223 1912 53 24 vari-

1498 1964 45 15 ous
1556 1956 85 31 places
1655 1955 26 24 of
1693 1955 118 30 interest,
1825 1953 87 25 which
1920 1952 74 24 bailie
2008 1951 45 25 ihe
2066 1950 65 23 most
2143 1947 77 25 facile
2231 1953 58 25 pen,

1498 1989 50 24 and
1560 1997 47 16 can
1620 1988 61 33 only
1693 1988 32 25 be
1738 1987 109 25 realized
1859 1986 78 25 when
1954 1993 68 16 seen.

1531 2035 88 28 MRS
1634 2035 36 26 H.
1691 2033 196 32 GRAHAM,
1908 2030 245 35 Proprietress.

1397 2122 293 26 GEYSERVAL

1476 2230 34 19 tlio
1519 2228 51 20 Mud
1582 2229 80 24 Geyser
1670 2237 5 15 ;
1693 2228 35 19 the
1740 2227 52 22 BJue
1802 2227 55 20 Lake
1867 2236 5 15 ;
1881 2226 36 21 the
1937 2225 31 20 Oil
1981 2224 53 20 Hath
2044 2224 4 29 ;
2067 2225 35 18 the
2124 2224 63 23 Jl&gle
2196 2227 9 11 a
2224 2224 54 16 rsest
2285 2224 4 29 >

1476 2256 36 19 the
1523 2254 78 21 Devil's
1613 2255 70 19 Punch
1695 2254 56 20 Bowl
1762 2247 4 30 ;
1778 2253 35 21 the
1824 2253 72 20 Prince
1911 2253 22 19 of
1942 2252 78 20 Wales'
2031 2250 99 20 Feathers
2138 2249 47 23 ;tbo
2201 2247 88 23 Mirror;

1476 2282 34 19 the
1519 2282 56 19 Twin
1585 2282 78 25 G6yser
1674 2273 4 34 ;
1689 2281 35 19 the
1735 2280 60 20 Coral
1808 2280 78 20 Gevser
1896 2273 4 34 ;
1912 2279 35 19 the
1957 2278 68 20 Green
2041 2273 62 34 Pool;
2125 2285 8 9 a
2140 2273 116 24 erekeiehe,
2268 2280 21 12 or

1476 2308 48 20 Hell
1536 2308 79 24 Geyser
1623 2300 4 32 ;
1639 2308 35 19 the
1685 2308 21 19 Si
1710 2314 44 13 earn
1766 2307 105 20 Hammer.
1899 2305 85 20 Guide's
1995 2305 32 19 fee
2038 2305 22 19 to
2072 2304 78 25 Geyser
2172 2301 8 19 \
2191 2300 59 25 al.ey,
2260 2301 29 19 ss:

1476 2336 93 19 distance
1578 2334 52 20 from
1641 2334 35 20 the
1686 2334 63 24 hotel,
1759 2340 37 13 ouo
1808 2333 52 19 mile.

1810 2371 26 3 —
1838 2366 24 14 ro:

1397 2398 97 24 THE
1514 2394 353 31 AREATEATEA,
1886 2401 21 13 or
1919 2393 80 23 Ladder
2010 2392 85 26 Lipids.
2124 2390 42 20 The
2184 2388 103 21 Grandest

1475 2428 79 25 Rapids
1566 2428 19 19 in
1596 2427 35 20 the
1642 2427 102 19 Southern
1756 2425 150 26 Hemisphere;
1916 2425 75 25 falling
2002 2425 19 19 in
2043 2424 29 19 six
2090 2421 87 21 distinct
2194 2419 93 21 cascades

1476 2456 94 24 amongst
1586 2454 61 20 weird
1660 2453 39 20 and
1712 2453 74 26 lugged
1802 2459 90 18 scenery.
1921 2451 98 21 Distance
2029 2450 52 20 from
2093 2449 35 19 the
2149 2447 61 21 hotel,
2231 2447 55 20 three

1476 2481 64 20 miles.
1568 2480 156 20 Saddle.horses
1738 2481 22 18 to
1771 2479 47 19 visit
1828 2479 34 19 the
1870 2478 84 27 Rapids,
1964 2478 22 20 7b
1999 2477 26 20 Gl
2035 2476 55 21 each.

1398 2531 30 23 K
1437 2529 94 25 ERA
1538 2529 37 24 Pi
1582 2524 39 30 T1
1650 2535 23 13 or
1683 2528 35 20 the
1731 2528 74 20 Devil's
1816 2528 96 24 Trumpet
1924 2527 16 19 ii
1957 2526 42 20 :;aid
2020 2528 21 16 to
2062 2524 50 21 emit
2131 2531 11 12 a
2163 2528 93 26 procure
2265 2528 18 12 cv

1476 2555 71 21 1801bs
1557 2555 21 19 of
1593 2558 64 17 steam
1668 2557 21 17 to
1699 2554 35 20 the
1741 2553 54 25 inch,
1810 2554 52 19 from
1872 2560 26 13 au
1914 2555 96 23 aperture
2021 2552 21 19 of
2062 2552 64 19 about
2146 2552 24 17 12
2187 2550 69 19 iccuea
2265 2548 20 20 in

1476 2582 104 20 diameter.
1606 2581 100 20 Distance
1721 2581 52 19 from
1784 2580 56 20 hotel
1846 2580 58 19 three
1915 2581 37 18 and
1966 2587 11 12 a
1987 2578 43 21 half
2041 2575 68 27 nii'e.?;
2130 2576 69 21 saUllc
2217 2575 69 20 l.cives

1476 2611 20 17 to
1509 2609 46 19 visit
1566 2608 36 20 the
1611 2608 69 24 above,
1691 2609 24 18 12s
1721 2608 25 19 SJd
1757 2606 56 21 each.

1810 2639 52 14 ALSO

1399 2670 96 26 THE
1516 2670 132 25 HUKA
1667 2668 170 31 FALLS,
1856 2668 35 20 the
1908 2658 105 46 Crudest
2021 2667 58 19 Fa'ls
2090 2667 20 19 in
2131 2665 33 20 the
2185 2663 100 21 Southern

1459 2695 3 31 '
1476 2701 141 25 Hemisphere.
1644 2700 43 21 The
1697 2699 56 20 Falls
1764 2707 45 19 may
1823 2700 25 19 be
1857 2699 71 20 visited
1937 2705 24 12 on
1972 2698 35 19 the
2017 2705 54 12 same
2078 2696 115 26 ox.p'ditiun
2208 2703 21 11 as
2252 2695 35 20 the

1478 2728 76 19 Devil's
1561 2728 104 24 Trumpet.
1693 2726 99 20 Distance
1801 2726 52 20 from
1866 2725 53 20 hotel
1930 2724 58 21 three
1996 2724 40 20 and
2048 2731 10 12 a
2069 2724 43 19 half
2123 2723 62 20 mile-'.
2212 2722 74 19 Saddle

1476 2754 59 20 horse
1543 2761 22 12 or
1574 2754 70 23 buggy
1659 2755 22 18 2i
1691 2753 26 21 9J
1728 2753 56 22 each.

1451 2979 55 34 Jr*
1511 2981 60 31 i~\
1584 2967 54 46 L*
1647 2979 26 34 I
1677 2983 32 30 A
1783 2979 57 34 to
1899 2980 57 32 r*l
1972 2995 51 16 W
2056 2980 11 30 I
2095 2980 141 30 <yL->.

1557 3049 7 27 (
1571 3047 69 26 Both
1654 3049 103 24 Houses
1770 3047 81 25 under
1866 3055 70 16 same
1943 3043 195 35 management.)

1397 3123 201 32 Pleasantly
1617 3123 164 28 situated.

1438 3160 221 33 IsXagniiiceiit
1670 3162 89 26 view
1769 3160 37 28 of
1810 3160 112 28 Maori
1931 3160 47 26 Pa
1988 3159 28 27 &
2025 3158 157 28 Rotorua
2192 3154 93 28 Lake

1498 3203 70 27 Hot
1578 3203 149 28 Mineral
1740 3204 27 26 &
1783 3202 155 34 Sulphur
1950 3201 109 27 Batlis
2070 3199 37 28 in
2122 3197 155 35 grounds

1468 3302 196 43 Buggies
1684 3302 44 33 to
1747 3299 300 36 Government
2064 3294 149 40 liatiis.

1910 3391 236 50 MCBAE,

1938 3451 273 31 PROPRIETOR

1669 3680 349 31 TKURKNGK

1398 3721 82 41 Smith
1508 3720 48 39 and
1574 3719 114 49 Carriage
1710 3716 107 46 Works,
1847 3715 81 40 Coach
1955 3715 49 40 and
2035 3715 111 51 Wgajjon
2181 3716 104 52 Factory

1604 3784 215 23 ESTABLISHED
1834 3783 82 21 OVER
1932 3783 26 20 iO
1973 3783 107 20 YEARS.

1419 3836 38 16 The
1464 3833 116 21 undersigned
1588 3838 30 11 are
1624 3833 140 17 manufacturers
1771 3832 19 16 of
1797 3832 24 16 all
1830 3831 61 16 classes
1899 3831 19 16 of
1926 3830 80 17 Vehicles
2014 3830 15 16 &
2037 3831 121 19 Agricultural
2166 3831 34 21 lin;
2206 3831 79 18 lements.

1421 3857 36 16 Our
1466 3856 111 17 well-known
1585 3855 99 20 reputation
1692 3860 19 10 as
1717 3853 86 17 Practical
1818 3852 101 17 Mechanic*
1935 3852 32 15 nu-1
1983 3851 59 17 W.T's
2054 3852 20 17 27
2089 3857 50 15 years
2151 3854 100 19 experience
2269 3855 17 15 in

1398 3880 31 16 the
1437 3876 118 18 Australasian
1564 3875 84 20 Colonies,
1658 3876 62 20 justify
1729 3881 19 9 u<
1757 3876 18 14 in
1791 3874 82 20 claiming
1885 3874 39 16 that
1939 3878 25 11 we
1981 3878 31 11 can
2026 3873 69 16 furnish
2111 3880 10 9 a
2136 3874 57 16 better
2207 3875 44 16 class
2270 3876 16 16 of

1399 3899 80 18 vehie'es,
1488 3897 93 17 consistent
1590 3897 41 14 with
1638 3897 62 16 lioncst
1708 3896 48 16 work
1764 3897 19 14 at
1791 3902 9 9 a
1809 3896 73 20 cheaper
1894 3897 36 14 rate
1939 3894 41 16 than
1989 3899 35 14 any
2032 3894 19 16 of
2059 3900 31 10 cur
2099 3896 116 19 competitors.

1421 3921 37 16 The
1465 3919 62 17 TuMic
1534 3918 35 16 will
1581 3918 35 15 find
1624 3918 14 15 it
1649 3919 18 15 to
1681 3918 46 16 their
1742 3917 98 20 advantage
1855 3918 18 14 to
1889 3915 150 17 ENCOURAGE
2058 3915 79 17 LOCAf.
2157 3916 129 22 IN'DUSTItY,

1402 3943 55 15 where
1468 3941 42 20 they
1521 3945 32 11 can
1560 3940 44 15 luivo
1611 3939 28 16 the
1645 3939 79 19 pleasure
1732 3938 18 16 cf
1758 3938 59 20 seeing
1830 3937 92 17 first-class
1938 3937 78 16 m:ito:iul
2029 3937 35 16 and
2079 3937 128 23 workmanship
2223 3941 33 18 put
2270 3940 16 15 in

1400 3963 79 18 Vehicle:-,
1486 3962 49 15 made
1543 3962 18 14 to
1569 3960 45 16 their
1620 3959 62 17 valued
1691 3960 63 15 orders.

1421 3984 47 19 N,B.
1470 3982 101 17 —Vehicles
1579 3981 18 15 of
1603 3981 23 15 all
1634 3981 115 21 descriptions
1759 3980 85 21 repaired,
1854 3980 77 21 painted,
1942 3979 95 18 renovated
2046 3980 34 16 and
2099 3980 49 16 made
2166 3982 17 14 to
2198 3981 39 16 look
2254 3988 32 15 <qu

1402 4050 202 32 WILLIAM
1621 4050 186 30 PARKER,
1828 4049 258 31 Coachbuilder.

1759 4085 139 28 JAMBS
1917 4087 134 30 HAUA,
2072 4087 214 29 Blacksmith

1662 4120 33 16 DK
1696 4120 50 16 VON
1748 4118 63 17 PORT
1823 4118 74 18 ROAD,
1911 4118 121 16 TAURANG
2039 4120 17 14 V.

722 4199 128 53 Ask
916 4201 93 51 for
1054 4203 328 52 Hancock's
1409 4200 344 53 Celebrated
1783 4209 212 43 XXXX
2020 4199 142 51 Ales
2187 4198 117 50 and
2328 4198 187 53 Stout,

2472 309 4 4 •
2492 309 5 4 •

2307 518 1 75 ;
2352 518 69 68 E.
2461 518 270 75 HARE,

2359 650 353 44 HERBALIST,

2505 728 30 16 AI\
2536 728 3 16 T
2540 728 16 16 D

2307 781 167 49 ;JV\edieal
2513 782 233 39 Electrician,

2414 862 244 32 AUCKLAND.

2474 976 106 28 BEST

2337 1033 162 37 Eleetrie
2525 1035 197 42 JAaefeines

2435 1106 57 20 FOR
2502 1108 13 18 S
2521 1107 52 20 ALE
2583 1108 37 19 AT

2344 1161 181 27 LOWEST
2552 1163 159 27 PRICES.

2364 1272 174 21 INSPECTIOV
2561 1274 54 20 7NY
2618 1275 5 18 1
2628 1274 63 20 TED.

2341 1378 77 24 From
2424 1379 44 24 the
2476 1387 78 25 many
2562 1380 66 25 facts
2636 1380 36 25 all
2677 1380 69 24 must

2308 1432 99 26 believe
2430 1434 59 24 that
2518 1435 74 24 there
2615 1436 23 24 is
2663 1436 45 24 uot
2732 1443 12 16 a

2307 1487 82 33 single
2401 1489 96 24 disease
2506 1489 28 25 in
2545 1498 62 16 man
2616 1490 58 24 that
2687 1498 59 24 may

2308 1545 45 22 not
2363 1543 64 25 have
2442 1541 34 25 its
2489 1545 104 33 remedy
2607 1554 27 15 or
2644 1553 62 16 cure
2720 1545 25 24 in

2308 1608 69 17 some
2390 1599 64 25 herb
2472 1607 26 16 or
2511 1599 76 26 other
2606 1601 21 24 if
2647 1608 39 17 we
2698 1600 48 25 hut

2308 1655 76 26 knew
2407 1655 85 25 which
2515 1655 83 32 plant.
2654 1655 92 34 Thirty

2308 1710 80 33 years'
2420 1710 45 25 life
2489 1709 26 25 in
2540 1710 64 26 New
2635 1711 111 25 Zealand

2308 1766 67 25 have
2391 1767 45 23 not
2447 1766 66 24 been
2522 1766 99 26 wasted
2646 1767 27 24 in
2695 1766 51 25 this

2309 1823 109 31 respect,
2433 1828 28 18 so
2473 1829 39 17 wo
2526 1822 64 25 offer
2602 1825 26 21 to
2642 1822 35 24 all
2690 1822 56 24 who

2308 1877 82 25 suffer
2401 1876 56 33 just
2468 1877 72 25 what
2551 1877 64 25 each
2628 1885 58 17 case
2708 1886 27 16 re

2310 1932 94 32 quires.

2343 2060 55 23 Our
2411 2058 115 27 Electric
2538 2060 83 24 Baths
2634 2067 44 17 are
2701 2060 45 24 the

2309 2113 57 26 best
2383 2114 28 24 in
2435 2114 44 23 the
2509 2114 61 33 city,
2601 2122 67 17 none
2695 2114 51 24 like

2309 2169 81 27 them.
2469 2169 55 25 Our
2552 2169 115 26 Mineral
2696 2177 22 17 ai
2731 2169 15 24 d

2308 2224 108 32 Vapour
2427 2223 82 26 Baths
2522 2233 43 16 are
2578 2225 53 24 also
2656 2225 27 24 of
2703 2225 43 24 the

2308 2279 58 24 first
2378 2279 79 25 order.

2783 115 11 15 A
2808 115 73 19 nviOE,
2895 119 149 18 PERSONALLY
3060 123 30 15 OR
3105 123 30 16 BY
3151 124 36 17 LET-

2787 137 21 11 x
2917 139 51 21 TEH,
2984 142 66 17 FREE.

2771 174 66 36 patrons
3072 186 78 18 informiu
3151 202 9 6 =
3176 191 25 16 •<«»

2850 214 17 14 of
2874 219 10 10 a
2891 202 96 33 content

2772 231 38 14 lan-1
2827 231 82 21 business,
2927 236 53 16 w!i.j<.'
2995 240 51 12 m..,lir
3053 242 10 10 .1
3079 230 32 22 i■
3126 230 4 22 -
3145 230 46 14 Auck

2773 270 33 29 be..
2815 270 29 14 aJ\
2848 270 24 29 IC,
2879 272 28 15 for
2913 273 29 16 the
2953 276 91 18 treatment
3051 280 18 14 of
3076 276 66 23 distal.

2771 313 60 34 CimV
2835 334 18 14 of
2933 318 23 16 IL
2961 339 10 12 b
2975 320 9 15 4
2987 321 15 15 D
3004 330 18 3 ~
3022 322 20 16 TI
3043 329 14 10 »e
3068 327 76 17 ffrea'C-jst
3157 330 41 17 Cold

2773 355 71 12 sevo.co
2850 354 29 15 ten
2884 359 52 15 years
2940 347 85 28 'standin"
3074 350 15 16 -°
3090 345 25 16 lds
3116 366 5 9 ,
3130 348 18 15 of
3161 350 18 14 fr,

2771 369 54 17 bottle
2835 362 4 32 _
2886 362 7 12 }
2943 362 39 12 nUli
2994 364 16 11 ln
3050 362 8 15 I
3064 368 24 10 ric
3088 369 14 13 «,
3112 366 18 16 2s
3137 368 20 15 (y
3171 375 30 14 pcr

2773 409 15 14 in
2797 409 21 15 its
2825 390 72 40 eS,™
2902 395 125 39 mllHwUvw
3032 405 9 10 °
3043 405 11 11 U
3060 403 46 35 M,^
3107 409 9 10 n
3114 425 12 11 R
3127 409 74 18 UDll>tiou

2771 427 77 17 Woollen
2863 431 52 17 Milß
2929 435 26 15 oa
2956 430 78 27 el,u«£a/
3113 425 17 16 B
3130 429 29 30 Hf
3160 432 31 13 ELI

2772 452 49 22 f'*?»
2827 453 23 14 „1>
2856 449 23 19 J)y
2886 452 33 15 two
2926 453 68 18 doctors
3005 457 56 17 before
3075 461 8 13 I
3166 453 33 11 was

2771 581 98 19 Flatulence
2993 598 10 5 ,»
3010 576 4 27 ,*
3043 586 14 15 ',
3064 576 8 27 f
3088 579 66 24 -fyfache
3166 584 32 15 and

2771 640 32 16 five
2811 641 26 15 for
2844 642 33 17 10s.
2964 637 2 23 '
3023 637 25 12 100
3055 645 10 4 -
3066 640 6 9 s
3105 641 32 15 per
3141 638 58 22 bottle;

2771 663 251 62 sSIIiFS
3030 673 170 56 Sr&at

2771 757 31 15 10s.
2938 750 8 10 0
2971 755 5 3 '
2991 747 20 16 M
3018 753 31 15 Per
3055 750 62 21 bottle;
3129 755 31 15 five
3173 757 26 17 for

2770 777 50 35 Eli/U
3078 790 50 17 LIVL
3128 777 2 46 '
3131 793 14 16 K
3144 813 7 10 1
3163 795 21 15 ol
3187 797 11 15 '-

2768 806 431 58 aMsrawgar-as

2762 990 1 43 I
3107 1008 73 19 (trained
3189 1002 5 3 '

2767 1060 240 51 STEELE
3043 1073 148 48 Bros.

2803 1146 162 42 Mararoa
2993 1154 168 44 Sawmill.

2773 1220 7 29 I
2794 1221 89 32 j£SIRE
2907 1227 21 18 to
2940 1228 65 19 thank
3023 1231 35 18 the
3077 1233 66 20 public
3166 1237 29 16 for

2764 1263 47 14 tiiar
2853 1250 9 13 S
2877 1250 4 27 -
2942 1254 8 13 s
2954 1250 3 27 '
2970 1256 34 12 a,lc
3005 1252 5 17 *
3019 1252 36 21 beg
3064 1254 21 17 to
3093 1260 101 17 announce

2764 1263 47 19 tnat
2834 1266 76 24 having
2921 1275 12 12 a
2948 1271 55 21 large
3025 1275 59 18 stock
3096 1277 21 17 of
3139 1280 44 17 weli-

2764 1287 106 37 thovmti
2883 1290 45 19 first
2937 1298 9 12 c
2947 1292 42 19 lasK
3011 1294 74 20 timber
3102 1303 26 14 on
3143 1300 53 20 hand

2764 1327 50 19 redu
2826 1313 162 39 £££***
3000 1317 22 17 t0
3044 1318 19 18 ul
3065 1318 12 18 ®
3079 1318 7 18 l
3095 1324 21 14 or
3117 1321 45 19 ders
3173 1325 22 16 at

2766 1382 186 37 JECKLIN
2975 1392 25 30 &
3019 1392 172 38 COTTER

2773 1430 59 39 W
2836 1431 48 20 ISU
2895 1436 22 17 t0
2924 1442 94 16 annount:
3019 1446 10 13 ®
3090 1442 47 27 tbey
3145 1444 49 22 hare

2766 1484 74 24 opened
2851 1492 11 12 a
2874 1486 106 25 Butcher's
2991 1492 54 28 Shop
3061 1497 91 24 opposite
3162 1498 32 21 tlio

2766 1535 142 27 Court-House
2926 1544 38 20 and
2983 1550 81 22 request
3083 1556 11 13 a
3108 1550 55 21 sbarc
3173 1552 21 20 of

2766 1589 67 26 public
2848 1595 117 28 patronage.

2839 1651 87 23 OKO
2942 1654 10 20 I
2968 1656 18 19 A
3055 1657 67 47 y1
3138 1659 16 20 K
3168 1659 26 22 w

2921 1708 125 22 PRIVATE

2771 1755 224 34 BOARDING
3037 1759 147 34 HOUSE

2768 1866 129 20 Opposite
2917 1872 50 16 the
2985 1870 66 20 Bosh
3060 1873 51 17 and
3120 1870 71 22 ©ele

2984 1898 96 19 OPFIGE

2768 1924 47 20 And
2830 1932 50 14 near
2899 1928 34 20 the
2956 1928 120 22 Celebrated
3098 1930 98 21 PRIEST

2821 1959 65 21 RACI
2888 1960 47 20 lEL
2944 1962 40 19 and
2990 1963 59 20 other
3056 1963 95 25 BATHS,

2916 1993 141 21 ROTORUA,

2790 2042 120 39 MRS
2936 2047 213 42 YOUNG,

3003 2093 143 27 Proprietress.

2883 2117 69 22 Tonus
2968 2120 110 20 Moderate.

2765 2168 46 36 B.
2842 2170 39 36 a
2924 2174 270 44 COELETT,

2848 2244 256 30 ARCHITECT.

2769 2319 59 21 BUI
2837 2321 65 20 LDI
2912 2322 18 19 N
2944 2323 16 20 G
2996 2323 166 23 SUIiVEYO
3173 2326 18 20 it

2799 2377 91 33 COMET
2910 2380 94 38 STORE,
3029 2368 163 47 ROTORUA.~'

2765 2480 210 23 DRESSMAKING
2987 2484 19 19 it:
3017 2484 27 20 ail
3055 2485 23 20 its
3090 2485 102 23 branches,

2786 2536 58 35 M.
2871 2537 295 46 BRENNBN,

2783 2653 133 22 GENERAL
2925 2656 93 26 STORE,
3029 2657 135 21 EOTORUA.

2762 2698 65 26 Every
2841 2699 122 28 description
2977 2703 21 19 of
3015 2703 60 20 Fruit
3088 2704 40 20 and
3141 2704 38 21 Con-

2799 2724 117 29 fectionery,
2933 2728 97 26 Tobacco,
3047 2730 116 25 Cigarettes,

2842 2753 34 20 &o.
2956 2755 34 19 &c.
3071 2758 33 16 Sc.

2312 2645 139 27 QEING
2469 2652 20 20 a
2511 2646 90 28 Cash
2625 2647 116 32 Buyer

2380 2679 141 33 Buying
2554 2679 36 27 in
2629 2681 112 32 Large

2307 2712 197 28 Quantities
2534 2713 17 26 I
2577 2720 56 20 am
2658 2713 82 27 thus

2306 2745 145 28 enabled
2503 2746 35 27 to
2592 2753 148 26 procure

2305 2779 106 32 goods
2454 2779 36 27 at
2525 2779 59 27 the
2620 2780 120 27 lowest

2304 2812 153 36 possible
2499 2812 122 33 prices,
2671 2813 68 27 and

2305 2845 174 27 therefore
2493 2852 56 20 am
2565 2846 37 26 in
2617 2853 19 20 a
2649 2846 71 33 posi-

2305 2879 75 26 tion
2389 2879 35 27 to
2444 2878 64 28 seli
2521 2879 37 27 at
2576 2880 163 32 cheapest

2305 2912 103 30 rates.
2444 2912 48 27 As
2516 2919 45 20 an
2581 2913 157 32 example

2306 2946 15 24 I
2345 2947 103 30 quote
2471 2945 58 27 the
2558 2946 181 33 following

2305 2979 141 27 articles
2464 2978 53 27 for
2537 2979 90 27 Cash
2640 2979 97 34 Only.

2305 3031 53 23 Jam,
2368 3030 129 22 Australian,
2516 3031 62 19 dozen
2590 3031 42 19 tins
2686 3033 12 17 G
2726 3033 13 18 0

2324 3073 12 8 ~
2356 3057 83 21 Menuie
2451 3057 16 19 &
2479 3057 63 26 Dey'a
2687 3059 11 17 6
2726 3060 13 18 0

2306 3083 113 24 Kerosene,
2450 3083 69 20 White
2547 3083 53 21 Kose
2627 3084 40 20 and

2331 3110 119 24 Snowflake,
2462 3111 38 19 150
2512 3113 40 17 test
2674 3112 24 18 15
2727 3113 12 17 G

2305 3137 66 26 Sugar
2380 3137 37 20 jS'o
2434 3138 10 18 1
2460 3137 103 25 uGiblags
2674 3139 24 17 14
2727 3139 12 19 6

2387 3179 12 9 ~
2425 3165 12 18 2
2461 3178 13 9 „
2526 3179 12 10 „
2674 3165 24 18 13
2727 3166 12 18 G

2331 3205 12 8 >.
2386 3205 11 9 ..
2425 3191 11 19 8
2528 3205 12 9 „
2674 3192 24 18 12
2728 3193 11 17 6

2310 3217 91 23 Tobacco,
2413 3216 31 20 Gib
2456 3217 109 25 quantities
2632 3225 5 4 -
2687 3218 11 18 5
2728 3219 11 18 8

2310 3244 41 22 i'ea,
2363 3244 22 18 L.
2397 3244 26 18 1).
2434 3243 148 21 Nathan'sand
2589 3243 78 21 N'elson

2332 3269 87 21 MoatfiV:
2431 3271 22 17 at
2465 3270 21 19 Id
2499 3270 29 19 off
2538 3270 14 20 f<
2560 3278 10 11 r
2579 3271 34 19 Gib
2625 3271 39 19 h-ts

2305 3296 68 24 Flour,
2403 3297 47 19 sUil)
2480 3296 119 20 liousewite
2618 3304 25 12 au
2651 3299 7 18 i

2331 3323 112 25 Champion
2455 3325 22 17 .3a
2490 3324 38 18 and
2540 3325 22 18 5s
2573 3323 31 20 fid.

2308 3350 95 20 Wa'kato
2414 3349 97 20 Potatoes
2522 3352 21 17 Ss
2554 3356 11 12 a
2580 3351 53 19 sack.

2331 3377 42 19 The
2384 3375 64 20 above
2467 3375 115 25 quotations
2601 3384 35 13 are
2660 3377 80 26 subject

2306 3405 20 18 to
2334 3402 77 20 market
2420 3402 11 19 il
2435 3404 30 18 uci
2470 3402 85 20 uations.

2331 3429 67 20 Other
2408 3429 62 25 goods
2483 3429 79 26 equally
2578 3429 68 27 cheap.

2331 3497 98 26 Monthly
2439 3498 103 22 account*,
2558 3497 46 20 that
2617 3497 15 20 is
2643 3501 98 17 accounts

2305 3523 45 25 fald
2363 3523 40 21 defi
2411 3530 21 13 ro
2441 3523 34 19 tie
2486 3523 47 19 lOih
2545 3523 21 19 of
2580 3524 73 20 month
2664 3524 66 20 follow-

2304 3557 34 18 ing
2350 3550 46 20 date
2406 3550 23 19 of
2435 3557 19 11 s-•
2459 3549 17 19 le
2486 3549 39 19 will
2533 3549 24 19 be
2567 3551 81 19 treated
2655 3558 23 12 as
2685 3551 55 19 cash.

2447 3584 135 21 WILLIAM
2596 3585 118 20 IiOGERS.

2368 3664 37 44 J.
2442 3664 234 48 LARKIN,

2325 3746 404 29 BOOTMHKSR.

2367 3814 323 45 ROTORUA.

2330 3925 31 40 C.
2396 3924 33 41 A,
2450 3924 152 48 CLARKE,
2622 3925 90 46 JUL,

2307 3994 60 46 JJf
2372 3994 93 20 RATED
2477 3994 100 21 WATER
2584 3995 17 19 &
2610 3995 129 20 CORDIAL

2400 4046 244 25 MANUFACTURE!*,

2453 4098 144 18 ROTORTTA.

2862 2783 72 21 Finest
2943 2785 87 21 Smoked
3038 2786 50 20 Pish

2836 2814 71 22 Finest
2921 2817 82 26 Oysters
3014 2825 26 13 011
3050 2818 61 20 hand.

2759 2868 49 27 K.
2846 2869 341 33 MRBRICK,

2761 2923 36 22 13
2804 2923 181 23 OATBUILDER
2990 2928 15 19 &
3011 2926 179 23 CONTRACTOR

2763 2942 38 26 O

2905 3024 141 22 ROTORUA.

2789 3071 109 21 Estimates
2906 3074 109 21 furnished
3023 3076 44 19 free
3076 3077 21 18 of
3106 3078 49 18 cost.

2756 3127 42 39 J.
2827 3128 49 38 B.
2915 3131 268 46 BARKER,

2757 3200 76 29 Wtch
2845 3204 67 26 mak
2916 3212 31 19 er
2961 3205 145 34 Jeweller,
3126 3209 58 30 &c.,

2877 3264 188 26 Hamilton.

2771 3301 86 26 Repairs
2880 3307 20 16 to
2924 3305 93 25 watches,
3041 3306 71 24 docks,
3135 3307 42 24 &e.,

2810 3331 97 19 executed
2929 3332 101 26 promptly
3048 3333 41 18 and
3107 3335 21 16 at

2886 3357 103 20 moderate
2997 3360 62 18 rates.

2758 3380 68 25 Agent
2836 3382 31 19 for
2880 3382 100 21 Rotorua:
3017 3384 20 19 J.
3062 3384 121 22 SEVERIN

2773 3432 23 30 A
2831 3434 43 28 AT
2935 3420 40 42 5
3008 3437 20 20 u
3058 3438 59 21 sb
3145 3440 21 21 t

2773 3432 23 28 A
2832 3434 42 33 \T
2938 3436 35 30 I>
3008 3438 63 19 uS
3101 3440 16 19 B
3146 3441 19 19 Y

2777 3456 27 21 A
2814 3468 9 10 »
2881 3471 9 10 #
2937 3456 16 25 I
2964 3459 11 20 >

2886 3487 58 20 THE
2952 3489 59 21 ORG
3015 3491 31 19 IN
3050 3492 14 19 A
3070 3493 16 18 L

2760 3518 147 19 VEXETIAN
2917 3521 61 20 AND
2999 3523 80 21 WIRE
3097 3526 93 20 GAUZE

2865 3551 94 24 BLINP
2976 3557 109 25 MAKER,

2802 3604 28 27 J.
2848 3605 43 28 W
2923 3607 215 36 WEIG-LEY,

2774 3661 20 27 A
2836 3662 19 19 K
2883 3663 15 20 C
2926 3664 22 19 II
2975 3666 12 18 I
3020 3666 16 19 T
3069 3666 19 20 E
3119 3668 17 20 c
3168 3669 22 23 T,

2763 3685 41 22 iA

2902 3716 138 21 ROTORUA.

2786 3742 69 24 Assent
2872 3742 30 19 for
2916 3746 35 17 the
2971 3745 63 18 South
3055 3745 79 20 British
3144 3747 45 20 Eire

2759 3768 17 19 &
2786 3767 81 21 Marine
2877 3769 113 21 Insurance
3001 3772 110 26 Company.

2809 3823 161 37 Rotopua
2986 3826 158 43 Library,

2760 3889 63 46 OP
2831 3891 15 18 E
2855 3891 17 18 X
2888 3892 53 20 irom
2952 3895 25 18 10
2989 3902 11 12 a
3010 3902 23 12 111.
3044 3897 20 17 to
3075 3902 11 11 o
3094 3900 44 20 p.m.
3149 3895 37 19 and

2818 3920 12 16 G
2839 3919 25 17 .'SO
2872 3920 20 17 to
2903 3920 23 18 10
2935 3927 10 17 p
2956 3927 23 12 m.
2990 3921 94 25 Sundays
3094 3921 29 18 iill
3132 3923 53 23 !)j>.in

2959 3952 51 18 s<)s
3023 3958 47 16 jies*
3082 3957 96 13 aiitnini

2806 3979 65 20 isitors
2891 3987 44 18 u:ay
2954 3989 84 19 procure
3053 3983 66 19 Books
3133 3982 51 19 from

2758 4005 33 18 ilio
2809 4005 85 26 Library
2911 4014 26 12 on
2955 4009 81 26 making
3053 4017 12 12 a
3077 4008 77 25 deposit
3163 4008 21 19 of

2758 4033 35 17 not
2809 4031 39 19 less
2867 4032 42 20 iluj
2935 4042 28 13 0.1.
2981 4036 39 19 and
3035 4034 117 27 purchasing
3162 4036 20 17 Is

2757 4064 79 18 coupon
2847 4057 5 19 t
2858 4065 20 12 or
2888 4066 61 19 evirj-
2960 4061 56 20 l:\>ur
3025 4061 68 20 books.

2784 4088 40 20 The
2843 4089 87 29 Library
2949 4092 17 21 is
2989 4100 50 20 open
3063 4092 67 24 during
3149 4091 33 21 the

2756 4114 92 23 evening.
