3248 4170
66 111 40 21 AN
122 113 56 19 OLD
197 111 123 21 CONVICT
331 111 95 20 SETTLE-

128 139 80 19 MENT
223 138 157 20 REVISITED.

67 191 49 19 Port
139 190 85 24 Arthur,
243 197 20 12 sis
284 189 100 21 described
410 189 24 25 by
457 195 10 12 a

43 225 15 10 v
80 219 13 16 t-
139 224 10 8 ti
165 217 13 16 fi
189 215 3 21 (
195 215 3 21 >
224 215 2 21 •
234 217 62 17 idnrv
312 217 19 15 T-
341 215 9 18 \i
359 215 67 21 er-nnll.
451 221 14 11 1-

328 353 3 12 I
376 353 2 12 .
397 357 17 6 i.-
429 353 3 12 I
438 353 3 12 I

121 407 9 12 ii
149 407 13 11 n
171 398 2 26 ,
190 403 16 14 ..i
221 400 83 24 viewing
316 399 31 18 ibe
365 398 103 25 delightful

105 433 19 12 rv
150 426 18 18 in
189 426 44 18 that
249 424 122 20 remarkable
386 424 83 25 'region.

90 453 37 19 n:;i'
139 451 35 19 the
190 451 38 25 trip
239 452 15 17 is
265 450 100 26 generally
378 457 10 12 a
404 449 49 20 ratbi

69 481 37 16 usi'i
118 483 43 17 (me,
173 484 49 12 mice
231 476 34 20 the
285 483 16 13 v<
310 476 36 20 ssel
358 482 16 13 oi
387 481 39 15 ters
437 475 33 20 the

88 503 33 20 oth
133 507 72 15 waters
221 503 21 20 of
252 503 35 19 the
299 504 35 23 bay
345 503 26 19 all
388 502 72 19 difcoui-

68 533 17 15 ■t
98 537 14 11 ih
122 529 109 25 forgotten,
243 529 37 19 and
291 530 46 24 only
351 528 118 19 admiration

45 556 32 20 for
96 556 35 18 the
146 555 63 26 lovely
231 562 80 19 rcenery
333 554 62 20 which
411 560 61 14 meets

44 583 36 18 the
90 589 35 18 eye
136 581 15 20 is
162 581 136 26 experienced.
326 581 39 19 For
383 581 14 18 it
413 581 16 19 is.
439 581 22 18 in-

45 608 49 20 deed
106 607 98 19 beautiful
216 607 75 24 beyond
312 613 99 17 compare.
438 606 33 20 All

45 634 84 23 around,
153 633 168 26 thickly-wooded
344 633 53 23 hills,
421 640 51 12 Rome

45 661 65 24 rising
120 663 20 15 to
151 659 53 25 lofty
214 659 66 25 peaks,
291 659 75 24 rugged
379 659 38 19 and
428 659 45 19 bave

45 686 89 24 looking,
146 685 39 19 and
195 685 49 20 then
251 685 80 26 sloping
338 685 70 25 gently
419 692 53 16 away

46 713 43 18 into
109 711 80 25 valleys,
214 711 59 20 dense
299 712 47 18 with
370 711 102 20 luxuriant

46 738 150 24 undergrowth,
207 740 65 17 whoso
283 737 64 20 varied
359 744 71 18 greens
441 745 33 13 are

46 763 140 26 ipteimingled
199 764 47 19 with
258 764 47 19 such
325 763 40 20 rich
378 763 95 27 harmony

47 790 21 19 of
79 790 40 19 tint
129 790 45 19 that
184 797 39 18 you
234 790 58 19 stand
305 790 37 19 lost
362 790 18 19 in
392 790 71 20 admira-

46 816 44 19 tion
109 816 22 19 of
146 816 33 19 the
194 816 164 24 transcendency
376 816 99 21 beautiful

49 849 59 12 scene
127 842 69 19 before
211 849 43 17 you,
271 842 39 19 and
329 843 80 18 wonder
432 843 41 19 that

48 869 47 19 such
106 876 11 12 a
127 869 60 25 place,
198 875 21 12 so
229 869 63 24 richly
301 869 93 19 endowed
407 870 24 24 by
442 870 34 18 the

48 895 53 19 hand
121 895 21 19 of
152 895 86 24 Nature,
254 895 57 19 could
327 902 45 12 ever
384 895 47 19 have
447 902 18 13 re-

50 920 71 20 echoed
134 920 34 20 the
179 928 72 17 groans,
263 922 36 18 and
312 921 50 19 cries
373 921 21 19 of
405 921 60 20 suffer-

49 947 35 25 ing
94 947 37 18 and
143 947 99 25 depraved
256 947 109 21 humanity.

78 973 55 19 Dead
144 973 76 24 Island,
231 973 63 20 which
306 974 33 18 lies
349 973 44 25 jus!'
403 974 29 18 off
443 974 33 19 the

50 999 64 24 shore,
125 999 57 19 takes
193 999 26 19 its
232 1006 56 12 name
298 999 50 19 from
360 999 34 19 the
404 999 43 21 fact
457 1001 20 18 of

52 1025 26 19 its
88 1025 74 26 having
172 1026 49 18 been
232 1026 47 18 used,
291 1032 20 12 as
327 1032 10 12 a
349 1025 62 19 burial
422 1026 56 25 place

52 1051 33 19 for
95 1051 35 19 the
140 1051 56 19 dead.
224 1052 21 18 It
252 1052 16 18 is
278 1051 126 26 remarkably
414 1053 64 23 small,

52 1084 12 12 a
74 1084 52 12 mere
137 1077 60 23 knoll,
207 1078 38 18 and
257 1078 80 19 covered
355 1078 48 20 with
414 1079 52 19 tomb-

54 1107 67 16 stones
144 1104 37 19 and
207 1103 61 25 rough
292 1105 80 18 wooden
397 1111 81 18 crosses,

52 1130 64 19 which
136 1130 55 19 mark
201 1130 35 19 the
244 1130 40 19 last
297 1130 78 24 resting
384 1131 57 25 place
459 1131 20 19 of

54 1156 57 19 those
130 1156 42 18 who
184 1163 47 13 once
245 1156 103 20 inhabited
360 1157 57 19 those
435 1164 44 13 now

52 1182 61 19 silent
132 1182 75 20 shores.
236 1183 18 19 A
278 1183 75 25 feeling
368 1183 21 19 of
410 1183 69 20 horror

53 1208 57 19 takes
121 1209 113 24 possession
245 1208 22 20 of
276 1209 33 19 the
318 1209 96 20 oulooker
424 1210 55 19 when

52 1234 26 19 he
87 1234 17 20 is
109 1234 101 21 informed
220 1235 43 19 that
274 1242 25 12 on
309 1235 46 19 that
361 1236 118 19 diminutive

51 1260 64 19 island
127 1267 54 13 some
191 1262 110 19 thousands
315 1261 21 19 of
347 1262 132 19 unfortunate

52 1287 75 19 human
147 1287 67 25 beings
229 1295 33 11 are
280 1287 71 25 taking
374 1288 53 19 their
441 1289 38 18 last

52 1312 49 26 long
125 1312 52 26 sleey
224 1314 81 19 Heaven
328 1313 69 20 knows
428 1314 51 19 what

52 1339 52 19 tales
128 1340 21 18 of
168 1346 75 12 sorrow
265 1341 37 18 ami
327 1340 97 25 suffering
445 1347 12 12 a
459 1347 8 7 v
469 1347 10 12 e

53 1365 70 19 buried
134 1365 47 19 with
193 1366 57 19 them.
280 1366 40 19 The
332 1366 116 19 settlement
458 1369 20 16 at

54 1391 48 20 Port
121 1392 80 19 Arthur
211 1392 17 19 is
246 1399 47 19 very
308 1392 63 24 small,
392 1392 38 19 and
446 1392 33 19 the

53 1417 124 20 inhabitants
193 1419 106 23 scattered,
310 1418 57 19 while
384 1418 26 19 its
422 1419 46 25 prin-

54 1444 51 26 cipal
117 1444 64 26 place?
193 1445 21 19 of
224 1445 85 20 interest
319 1451 49 13 were
379 1444 34 20 the
424 1446 55 19 ruins

52 1471 22 20 of
93 1471 34 20 the
142 1471 32 20 old
195 1471 85 27 prisons,
294 1478 12 13 a
321 1472 37 19 few
377 1471 22 20 of
416 1472 62 19 which

53 1504 51 13 were
123 1497 71 20 almost
209 1498 64 20 intact
284 1497 53 27 prior
352 1500 21 18 to
389 1497 33 21 the
441 1498 38 19 lale

52 1524 105 21 'Visitation
168 1524 25 27 by
204 1524 34 20 the
249 1525 33 20 firo
299 1524 58 21 lieud.
386 1524 42 21 The
440 1525 26 20 Go-

53 1554 104 17 vernment
168 1551 37 20 had
215 1552 41 19 sold
268 1554 52 17 most
336 1552 22 18 of
368 1551 60 25 them,
440 1552 39 19 and

52 1577 47 26 they
111 1584 50 14 were
169 1578 59 25 being
239 1578 40 20 fast
288 1577 129 21 demolished,
447 1579 31 19 On

52 1603 34 22 the
105 1604 36 20 flat
151 1611 47 13 near
208 1605 33 19 the
257 1604 80 26 landing
352 1604 54 27 jetty
422 1606 56 19 stood

54 1630 33 21 the
111 1631 55 25 large
188 1631 142 26 penitentiary,
363 1633 116 24 containing

52 1664 51 13 rows
114 1664 53 19 upon
182 1664 51 14 rows
243 1657 21 21 of
280 1658 56 20 small
351 1657 53 25 celis,
416 1658 63 20 where

52 1690 44 14 men
117 1690 50 14 wero
182 1691 48 13 once
245 1684 89 20 confined
349 1685 21 19 in
392 1691 11 13 a
421 1691 58 20 space

54 1710 85 26 scarcely
149 1711 66 24 larger
231 1711 49 19 than
290 1718 12 12 a
311 1711 50 24 good
372 1711 52 20 sized
442 1712 37 25 dog

52 1733 71 23 kennel
136 1733 3 28 ;
164 1738 58 19 while
244 1738 46 19 each
307 1738 42 19 iron
368 1738 48 19 door
440 1745 38 13 was

52 1764 105 19 furnished
177 1765 47 18 with
236 1766 61 23 heavy
313 1764 54 19 bolts
376 1765 39 18 and
427 1765 51 22 bars,

52 1796 22 12 us
85 1791 43 19 well
139 1798 21 11 as
170 1798 10 12 a
191 1790 52 21 little
254 1791 50 19 slide
318 1790 87 25 through
417 1791 61 19 which

52 1815 35 22 the
107 1817 74 19 warder
191 1817 58 19 could
261 1817 81 25 .inspect
353 1817 34 19 the
405 1817 74 19 inmate

50 1841 22 20 of
82 1843 34 19 the
126 1843 42 19 cell.

81 1869 44 19 One
137 1869 61 25 phico,
209 1869 19 19 in
239 1869 54 19 little
303 1869 90 19 Norfolk
404 1870 48 25 Bay,
464 1870 15 19 is

54 1894 67 19 shown
132 1902 21 12 as
171 1895 33 19 the
214 1898 46 23 spot
271 1896 62 19 where
349 1896 37 19 fire
396 1897 83 24 escaped

53 1921 94 23 convicts,
167 1921 53 20 after
241 1922 100 24 divesting
362 1922 118 20 themselves

53 1947 22 19 of
94 1947 53 20 their
167 1948 65 24 prison
248 1948 48 26 garb
311 1948 39 20 and
373 1949 59 25 tying
446 1949 34 19 the

53 1973 85 20 bundles
149 1980 53 20 upon
218 1974 52 19 their
286 1975 66 24 beads,
363 1975 81 25 essayed
460 1979 20 15 to

53 2000 54 19 swim
118 2007 65 12 across
194 2000 34 19 the
237 2001 85 20 channel
333 2003 20 17 to
371 2001 34 20 the
415 2008 52 19 oppo-

53 2026 39 19 site
116 2026 63 19 shore.
215 2027 42 20 But
280 2027 46 25 only
351 2034 37 13 one
409 2027 70 20 Janded

52 2052 63 24 there,
136 2052 33 20 tho
179 2053 58 19 other
254 2053 46 20 four
315 2054 73 25 falling
402 2054 77 19 victims

54 2080 21 17 to
86 2079 34 18 ihe
131 2078 75 24 sharks,
218 2079 61 20 which
291 2087 56 17 were,
362 2080 24 24 by
398 2080 34 20 the
442 2081 29 18 dis-

53 2104 71 26 clk/'gc
143 2106 22 18 of
188 2106 47 19 offal
259 2108 21 17 at
304 2106 34 19 tho
361 2106 62 26 place,
447 2114 22 13 en-

52 2132 98 24 couraged
171 2134 20 17 to
202 2132 62 19 infest
278 2132 34 19 the
322 2134 73 18 waters
405 2133 22 19 of
446 2134 34 19 the

52 2158 44 24 bay.
125 2158 42 19 The
186 2158 56 19 other
258 2165 48 18 poor
330 2159 79 23 wretch,
429 2160 52 19 after

52 2184 79 24 tossing
156 2184 29 19 his
204 2184 76 20 clothes
295 2186 43 18 into
358 2185 35 20 ihe
414 2189 65 20 water,

52 2210 64 19 threw
129 2210 78 19 himself
221 2212 53 18 after
285 2211 59 23 them,
361 2212 95 26 thinking
465 2213 15 18 it

52 2236 67 19 better
137 2238 21 17 to
175 2237 31 19 die
217 2238 25 24 by
258 2238 45 18 that
313 2245 68 12 means
397 2238 48 19 than
461 2241 19 16 to

52 2265 53 17 meet
129 2262 33 20 the
181 2263 109 20 inevitable
304 2264 59 19 death
388 2264 25 24 by
433 2265 47 19 slow

52 2290 112 19 starvation
176 2290 62 19 which
249 2290 82 20 awaited
343 2290 39 19 him
394 2291 18 19 in
423 2291 57 20 those

52 2315 47 19 then
119 2316 72 19 barren
209 2316 61 24 wilds,
285 2324 21 11 or
317 2317 41 20 else
374 2318 23 18 be
412 2325 57 16 recap-

51 2342 66 19 tured.
146 2342 47 23 But,
204 2345 81 23 strange
302 2346 20 16 to
334 2344 69 23 relate,
413 2344 25 19 he
447 2344 33 19 did

51 2370 36 16 not
99 2370 51 17 meet
165 2368 34 20 the
210 2368 42 20 fate
265 2369 22 19 of
298 2370 28 19 his
343 2370 136 24 companions,

51 2394 32 18 for
94 2394 25 19 he
129 2396 94 24 regained
234 2395 35 20 the
279 2396 50 19 Port
350 2396 78 20 Arthur
439 2396 41 20 side

51 2426 49 14 once
109 2427 53 13 more
173 2421 18 19 in
201 2422 71 24 safety,
281 2422 37 19 and
330 2422 54 20 after
393 2423 75 19 wander-

51 2447 13 18 i'
73 2454 12 18 g
96 2447 32 19 for
138 2447 49 25 days
197 2447 87 26 through
296 2448 32 20 ihe
342 2449 57 23 bush,
410 2449 70 24 naked,

53 2473 23 18 he
96 2473 112 25 eventually
227 2475 95 19 returned
338 2477 21 17 to
384 2476 33 18 the
433 2476 48 19 Port

53 2499 76 20 Arthur
139 2501 41 18 coal
198 2501 67 24 mines,
278 2501 62 19 which
354 2502 23 18 he
395 2502 85 20 reached

52 2525 20 19 in
84 2532 10 12 a
105 2526 83 19 terrible
198 2529 58 22 state,
268 2531 51 19 tori',
332 2528 100 25 blinding,
442 2529 38 18 and

52 2555 65 22 gaunt
137 2552 46 19 with
200 2553 80 24 hunger.
309 2554 32 19 He
357 2554 55 20 there
433 2562 48 17 gave

54 2579 79 18 himself
145 2586 26 17 up
181 2581 21 17 to
213 2580 34 18 the
257 2579 126 24 authorities,
403 2581 45 22 and,
460 2588 21 12 as

54 2612 12 11 a
85 2607 75 17 reward
185 2605 31 19 for
232 2605 28 20 his
284 2607 57 25 pains
360 2614 39 12 was
413 2607 55 20 imme-

54 2631 75 25 diately
153 2631 80 20 ordered
254 2634 21 17 to
301 2633 24 19 be
350 2633 76 26 flogged
451 2634 30 20 for

54 2658 122 25 attempting
201 2660 20 18 to
238 2665 68 19 escape
318 2658 3 26 !

112 2743 19 20 A
145 2743 123 21 RUSSIAN
283 2745 122 20 MIRACLE-

203 2770 134 22 WORKER.

79 2823 75 21 Father
162 2824 53 19 John
226 2831 17 13 is
254 2825 87 20 believed
351 2826 25 20 bv
387 2827 94 22 religious

53 2850 98 20 Russians
174 2852 21 18 to
228 2852 24 18 be
275 2852 43 19 able
342 2855 20 16 to
392 2853 88 25 -perform

53 2877 97 20 miracles.
178 2878 33 19 He
221 2878 16 19 is
247 2878 124 25 arch-priest
384 2882 20 17 at
416 2880 53 19 Crou-

52 2904 63 24 sfadt,
133 2904 38 19 and
187 2904 30 19 his
233 2904 60 20 house
307 2906 17 18 is
339 2906 75 20 treated
435 2913 21 12 as
472 2914 10 11 a

54 2930 68 19 shrine
141 2931 24 24 by
177 2931 33 18 the
225 2931 95 25 pilgrims,
332 2932 42 19 who
390 2939 56 13 come
461 2935 20 17 to

54 2963 32 12 see
97 2956 38 19 him
147 2956 51 20 frotii
216 2958 24 19 all
254 2961 54 16 narts
320 2959 21 18 of
352 2959 32 19 the
402 2959 83 25 Empire'

56 2982 55 25 (says
131 2984 34 17 the
181 2984 106 24 Graphic).
326 2986 36 17 Mis
386 2986 96 24 portraits

54 3009 37 18 a'id
113 3009 58 20 busts
188 3017 31 12 are
236 3010 42 19 sold
293 3011 99 22 overywlu
402 3019 25 15 re,
444 3012 36 19 and

54 3035 56 19 when
121 3035 25 19 he
157 3036 67 19 makes
236 3036 28 19 his
273 3043 125 19 appearance
417 3038 18 19 in
449 3038 32 19 the

54 3064 73 16 streets
139 3063 70 24 people
219 3062 57 19 kneel
288 3064 57 18 down
359 3064 67 19 before
435 3064 46 19 him.

61 3088 47 25 They
118 3095 33 12 sav
164 3088 39 19 thai
215 3089 29 18 bin
256 3090 125 19 benediction
393 3094 88 20 protects

54 3114 53 19 them
127 3114 52 19 from
190 3115 95 19 sickness.
312 3116 63 19 There
390 3117 16 18 i«
425 3120 36 16 not
472 3125 9 11 a

53 3141 41 18 ri-'h
105 3141 70 25 f-mily
187 3142 18 17 in
221 3141 33 19 the
272 3148 85 19 counTy
368 3143 62 19 which
449 3144 33 19 has

83 3170 5 12 t
134 3168 2 24 •
146 3169 8 14 t
172 3170 32 14 i-.t
214 3168 38 18 him
270 3175 17 11 in
303 3170 23 16 do
341 3168 3 24 j
353 3175 54 13 oraio
423 3177 58 12 ca-i-s.

58 3193 28 19 lie
108 3193 1 22 ■
131 3203 12 7 i■
148 3201 7 10 v
171 3193 14 22 ■,
196 3195 16 17 d.
223 3202 26 10 ir.a
268 3195 21 18 fit;
307 3193 3 22 i
316 3196 45 18 ..bo
374 3196 9 17 I'
393 3193 3 22 i
404 3193 3 22 t
426 3198 23 16 aI:
454 3203 28 12 o:e

56 3219 46 19 with
124 3220 27 18 hi~
166 3221 81 22 patient,
258 3221 37 19 and
313 3229 59 18 prays
389 3222 30 19 till
436 3229 46 12 euro

54 3245 37 19 has
111 3246 47 18 been
181 3247 100 19 obtained.
319 3248 31 19 Ho
375 3248 35 20 has
433 3249 48 19 boon

54 3271 71 19 known
138 3274 20 16 t'i
178 3273 71 18 remain
261 3274 71 18 kme-ii-
343 3281 12 18 g
365 3275 30 18 for
412 3276 71 18 twelve

55 3297 61 19 hours
127 3298 26 25 by
163 3298 35 20 the
214 3299 42 19 sidi;
266 3300 21 18 of
299 3301 33 19 the
343 3301 80 20 invalid,
444 3302 38 19 and

56 3330 107 13 numerous
183 3332 38 12 ensf
230 3332 8 12 s
256 3325 21 19 of
291 3334 47 12 cure
352 3334 35 12 are
406 3328 40 18 said
463 3329 19 17 to

58 3349 49 20 have
117 3351 48 19 been
177 3352 144 23 neempished
343 3353 24 24 by
378 3353 30 20 lis
419 3355 53 18 inter-

55 3377 88 19 vention.
175 3378 68 19 Under
259 3379 47 18 such
323 3380 159 25 circumstances,

54 3402 17 19 it
82 3402 16 19 is
110 3410 26 11 no
148 3404 80 19 wonder
242 3404 42 19 that
297 3405 24 18 lie
332 3406 72 19 should
423 3407 22 18 he
456 3414 18 12 le-

55 3429 73 28 garded
146 3429 26 25 by
192 3430 34 19 the
247 3433 98 22 populace
355 3439 20 11 as
399 3440 8 12 a
421 3433 61 19 paint.

60 3455 62 19 When
144 3455 23 20 he
179 3463 37 12 was
228 3457 62 19 called
305 3457 19 19 in
336 3460 19 16 to
369 3459 33 17 the
422 3459 61 25 dying

57 3481 50 19 Czar
131 3483 20 17 at
171 3483 81 19 Jjivadia
266 3485 57 23 great
342 3485 86 19 emotir.n
445 3492 39 12 was

56 3508 91 22 aroused,
170 3508 33 19 for
226 3509 74 20 Father
320 3509 53 20 John
397 3511 17 19 is
438 3512 46 19 onlv

56 3533 78 25 applied
158 3536 21 17 to
203 3535 20 19 in
249 3536 76 19 critical
351 3544 53 12 cases
428 3537 54 19 when

58 3560 72 19 human
151 3567 76 14 science
250 3562 34 19 has
299 3563 51 18 done
365 3563 25 19 all
410 3563 16 19 it
441 3570 43 13 can.

56 3586 34 19 He
98 3586 85 20 receives
194 3587 53 25 large
256 3595 54 12 sums
320 3589 21 18 of
350 3596 71 19 money
432 3590 52 19 from

56 3619 85 18 persons
162 3613 42 18 who
215 3621 79 13 recover
309 3615 54 19 after
374 3615 29 20 bin
422 3616 52 20 inter-

56 3639 89 23 vention,
157 3639 62 20 which
235 3642 22 17 lie
267 3642 74 23 spends
351 3642 21 18 in
392 3642 93 26 building

56 3665 81 25 reluges
160 3666 33 19 for
212 3666 124 26 workpeople
350 3671 36 16 out
411 3669 21 19 of
445 3676 26 13 em-

55 3691 108 25 ployment.

485 102 87 19 EIGHT
585 100 139 20 BETWEEN
742 99 18 19 A
773 99 69 19 LION
856 98 57 19 AND

641 128 18 17 A
679 125 79 20 BULL.

512 179 44 23 Tim,
576 178 104 24 .-following
703 178 16 18 is
748 176 94 25 reported
864 176 51 18 from
924 176 2 28 |

487 205 80 20 Madrid
576 205 28 25 by
618 205 34 18 the
659 204 89 24 Cologne
755 202 82 20 Gazette
845 202 4 28 :

517 226 4 24 (
532 238 61 12 never
599 230 111 19 roineinbor
719 235 11 12 a
740 235 59 13 scone
810 226 105 21 couuoeloil

666 262 18 14 •V
722 255 45 18 ili'.'ll
781 262 20 11 f.:i
807 254 16 18 il<
828 254 15 18 -<l
865 252 50 19 tnl'tll

699 313 13 11 .'v
719 315 12 10 u
737 308 15 16 it-
760 314 18 10 .11
798 306 41 18 liuii
858 305 40 19 uud
906 311 13 11 a

550 332 3 24 .
562 334 63 18 ar-oiil
646 334 46 17 bail.
727 332 59 24 High
802 332 42 18 bets
868 336 51 13 wuro

491 361 61 21 made,
564 359 39 19 and
621 359 86 24 nothing
719 358 40 18 elso
771 364 39 12 was
820 355 69 20 talked
898 356 21 18 of

489 386 30 18 for
529 385 49 24 days
587 392 5 15 ;
606 385 15 18 it
631 383 79 20 seemed
720 390 21 12 as
750 383 17 19 if
785 383 34 18 tiio
828 381 90 19 national

489 412 78 18 honour
583 409 103 26 depended
705 416 25 12 on
740 409 22 18 It.
790 408 43 19 Tlio
847 407 73 19 tickets

489 443 52 14 were
550 437 42 18 sold
609 437 21 17 in
644 442 26 12 no
687 435 53 23 time,
756 434 40 19 and
807 434 56 18 those
876 433 44 20 who

491 469 50 13 were
559 464 34 16 not
618 461 45 19 able
679 463 19 17 to
715 466 84 20 procure
821 458 56 21 tlie:n
900 459 21 18 in

490 489 51 24 good
552 488 48 18 time
615 487 42 19 had
673 489 21 17 to
703 492 40 20 pay
764 488 22 17 10
797 492 22 13 or
828 487 25 18 20
863 486 58 19 times

492 515 31 18 the
543 513 85 25 original
647 513 53 25 price
722 513 33 18 for
768 519 44 12 one.
839 512 28 18 At
883 513 38 16 two

491 541 20 18 in
520 540 35 18 the
571 539 106 19 afternoon
693 545 10 12 a
722 538 84 26 regular
814 536 107 26 migration

491 566 47 19 took
547 566 56 24 place
618 571 65 12 across
701 564 35 19 the
752 563 141 20 Alcala-streot
901 564 21 15 to

492 592 32 18 the
534 591 61 19 Plaza
606 591 24 18 do
639 591 67 22 Toros,
724 590 40 19 and
774 590 40 18 this
824 594 39 13 was
873 593 48 13 soon

492 617 53 18 filled
559 619 19 16 to
588 617 34 18 the
632 617 39 18 last
680 616 62 26 place.
771 614 81 20 Several
861 613 47 19 thou-

491 643 50 18 sand
549 643 145 25 personscould
703 643 35 18 not
742 641 48 25 gain
794 639 126 22 admittance,

492 669 37 18 but
538 669 22 18 in
578 674 134 20 consequence
731 668 21 18 of
766 666 34 19 the
812 665 59 19 crush
889 665 34 18 the

492 695 88 18 barriers
597 694 85 26 yielded,
697 693 39 19 and
746 692 63 19 about
818 693 38 17 300
872 696 52 14 were

492 721 89 25 jammed
599 722 20 17 in
639 720 83 19 without
738 718 78 22 tickets,
832 717 40 19 and
889 716 35 18 the

493 747 119 26 gendarmes
626 746 41 18 had
686 752 19 12 to
719 743 59 19 make
797 745 42 16 free
853 748 35 12 use
903 743 21 17 of

493 773 34 19 the
546 773 46 18 butt
610 771 39 19 end
667 771 21 18 of
700 770 53 19 their
772 769 53 19 rifles
835 771 20 16 to
873 768 51 24 keep

494 799 58 18 order
562 800 21 16 at
596 797 34 19 the
640 799 99 16 entrance.
767 795 43 19 The
829 795 96 18 aeronaut

494 824 81 23 Enrich,
595 823 40 19 and
648 822 83 22 Mallen,
742 821 34 19 the
795 821 41 18 lion
854 821 69 21 tamer,

495 850 34 18 the
545 849 113 25 proprietor
672 848 20 19 of
701 848 35 18 the
751 847 48 23 lion,
812 846 63 19 which
887 851 38 13 was

494 875 96 25 captured
600 875 21 18 in
631 873 135 25 Senegaiubia
775 873 21 18 in
808 873 54 22 lSßts,
875 877 50 13 were

494 901 87 24 scarcely
593 900 84 19 noticed.
705 898 122 26 Everybody
840 896 85 20 awaited

495 927 48 19 with
565 926 120 26 impatience
707 926 35 18 the
764 927 57 23 great
838 924 88 17 moment

496 954 57 17 when
563 952 34 19 the
607 955 39 16 two
656 951 85 19 animals
753 950 72 19 should
832 954 33 19 try
874 948 52 19 their

496 978 92 26 strength
610 978 49 19 with
682 983 37 13 one
747 976 84 19 another
854 976 20 17 in
892 974 34 19 the

496 1004 90 25 gigantic
604 1004 42 18 iron
666 1009 55 19 cage,
741 1002 43 19 39ft
793 1002 21 18 in
824 1001 102 22 diameter,

498 1030 64 19 which
571 1036 41 13 was
623 1031 36 24 put
675 1035 27 19 up
712 1030 21 17 in
742 1028 34 19 the
786 1028 67 19 centre
863 1027 21 19 of
893 1026 33 19 the

497 1062 67 12 arena.

524 1081 58 19 With
592 1088 11 12 a
613 1080 127 20 tremendous
749 1079 72 26 spring
830 1078 40 19 and
878 1078 48 19 loud

497 1114 46 12 roar
550 1107 35 19 the
594 1107 41 19 lion
654 1106 81 19 entered
744 1105 82 19 first—a
835 1103 92 26 splendid

498 1133 80 23 animal,
599 1133 39 18 and
656 1139 21 12 su
701 1138 73 18 savage
793 1131 44 18 that
852 1129 74 18 Mallei;

498 1159 57 19 could
566 1159 24 18 do
603 1158 86 25 nothing
698 1158 49 19 with
762 1157 47 22 liim,
820 1156 40 18 and
870 1153 57 20 could

498 1187 35 17 not
551 1185 58 18 make
626 1191 35 12 use
678 1184 20 18 of
712 1184 42 17 him
768 1183 22 18 in
807 1182 32 17 liis
851 1181 65 24 perfor-

498 1217 85 13 mances.
611 1210 21 18 It
641 1216 41 13 was
691 1208 47 24 only
746 1208 39 18 last
795 1213 48 18 year
849 1206 44 18 that
902 1206 25 18 lie

498 1236 68 24 nearly
583 1236 36 18 fell
633 1242 11 11 a
653 1235 67 18 victim
738 1236 21 16 to
777 1233 32 19 his
818 1231 99 20 foolhardi-

498 1268 50 17 noss,
561 1261 60 24 being
631 1260 91 25 dragged
731 1260 35 18 out
780 1259 21 19 of
810 1258 34 18 the
853 1257 75 19 beast's

498 1287 58 19 claws
579 1286 72 19 almost
668 1288 45 17 torn
731 1288 21 16 to
767 1285 47 23 hits,
835 1284 34 18 tho
887 1283 40 19 lion

497 1313 76 24 having
595 1312 43 25 just
656 1312 68 18 before
738 1311 64 19 killed
821 1317 12 12 a
854 1309 73 25 hyena.

498 1339 42 19 The
549 1339 41 18 lion
602 1338 60 25 paced
672 1337 66 19 round
749 1337 34 19 the
793 1342 49 19 cago
852 1334 76 20 several

497 1365 64 24 times,
572 1365 39 18 anil
620 1364 50 19 then
679 1364 33 25 lay
727 1364 58 19 down
795 1362 90 26 opposite
894 1361 34 19 the

498 1391 48 19 door
555 1391 21 18 of
585 1390 34 19 the
630 1390 61 19 bull's
699 1396 54 18 cage.
781 1388 19 20 A
807 1387 70 20 second
888 1387 40 19 bell

498 1417 61 25 being
569 1423 53 18 rung
632 1416 40 20 this
689 1416 47 19 door
746 1420 40 15 was
795 1413 82 26 opened,
889 1412 39 20 and

498 1450 25 12 an
533 1442 147 20 indescribable
691 1442 76 19 motion
778 1443 51 17 went
839 1438 89 26 through

497 1469 34 20 the
547 1469 71 20 crowd.
646 1469 50 19 Like
710 1466 104 27 lightning
832 1466 35 19 the
884 1464 43 21 bull

497 1494 76 21 started
592 1502 26 19 up
635 1495 40 19 aad
689 1497 51 17 went
757 1492 88 26 straight
860 1494 19 17 at
893 1492 34 19 the

497 1521 46 25 lion,
555 1521 66 21 which
630 1528 44 12 now
681 1519 66 21 raised
756 1519 55 20 itself
821 1518 39 20 and
869 1517 58 20 lifted

497 1548 26 19 its
533 1553 57 20 great
605 1554 61 19 paws.
694 1546 41 20 For
749 1553 37 12 one
797 1547 87 17 moment
894 1544 33 19 the

497 1576 39 18 two
546 1573 84 21 animals
647 1573 79 20 seemed
734 1574 20 18 to
766 1572 23 20 be
800 1578 37 13 one
846 1570 81 25 moving

498 1606 57 18 mass,
576 1600 48 19 then
638 1599 34 20 tho
694 1599 52 25 king
764 1598 21 20 of
801 1598 67 19 beasts
887 1603 40 14 was

497 1633 46 13 seen
553 1630 19 15 to
582 1626 28 25 fly
619 1626 89 25 through
718 1626 34 19 the
760 1625 35 19 air.
823 1622 91 21 Thunder-

497 1653 35 25 ing
543 1652 96 26 applause
648 1653 52 18 from
716 1652 35 19 the
760 1650 111 21 thousands
889 1649 39 20 and

497 1679 69 20 cheers
574 1680 32 18 for
614 1678 63 26 Spain
686 1678 55 19 filled
751 1678 34 19 the
793 1677 35 19 air,
839 1677 31 18 for
880 1676 47 24 they

498 1705 100 25 evidently
616 1704 116 20 considered
741 1704 34 19 the
783 1703 61 19 bull's
853 1702 75 24 victory

498 1739 21 12 as
535 1738 12 12 a
561 1731 78 25 symbol
655 1731 22 18 of
690 1731 34 18 tho
738 1729 90 20 national
842 1729 85 24 destiny.

497 1758 42 19 The
548 1758 44 19 bull
606 1763 44 14 now
659 1757 49 19 took
717 1764 12 11 a
746 1756 40 19 few
804 1758 54 22 steps
867 1755 48 18 back-

498 1784 54 19 ward
562 1784 86 19 towards
666 1784 34 18 tho
719 1785 66 16 centre
798 1782 20 19 of
828 1782 34 18 the
872 1787 54 19 cage,

498 1810 40 19 and
555 1809 86 20 awaited
655 1816 11 12 a
689 1815 43 14 now
750 1808 73 19 attack.
852 1808 41 18 But
907 1813 21 13 as

498 1836 40 19 this
548 1836 34 18 did
600 1838 35 16 not
649 1842 54 12 come
715 1836 23 17 lie
757 1834 75 19 rushed
841 1833 87 20 forward

498 1862 40 19 and
555 1862 64 19 rolled
638 1862 30 18 his
684 1867 71 18 enemy
769 1860 63 20 about
850 1860 21 18 in
893 1860 35 18 tlio

498 1888 50 19 sand
558 1888 39 18 like
608 1894 12 12 a.
637 1888 47 23 ball,
696 1888 31 18 till
736 1887 28 25 by
773 1893 13 12 a
795 1886 75 19 sudden
882 1888 46 16 turn

498 1914 34 19 the
546 1914 41 19 lion
597 1913 68 19 struck
675 1914 24 18 its
707 1914 59 18 claws
773 1913 43 19 into
826 1913 34 18 the
867 1912 61 19 bull's

497 1940 149 25 hindquarters,
666 1940 58 19 when
733 1939 25 19 ho
766 1945 41 13 was
821 1939 70 18 driven
901 1938 27 19 off

498 1966 28 25 by
543 1966 76 19 several
632 1966 98 25 powerful
748 1965 63 24 Icicles,
830 1964 40 19 and
887 1971 41 12 was

497 1992 70 25 finally
586 1992 61 25 again
665 1993 73 18 tossed.
766 1991 43 19 The
823 1991 41 18 lion
884 1997 44 12 now

498 2024 50 19 gave
559 2019 25 23 in,
601 2018 46 23 and,
666 2018 54 19 aniid
738 2017 34 19 tho
786 2017 65 19 hisses
864 2017 21 18 of
894 2016 34 19 tho

497 2044 75 25 public,
584 2044 110 25 attempted
701 2045 20 18 to
728 2049 71 18 escape
807 2043 32 19 till
852 2043 25 19 lie
886 2048 41 14 was

498 2070 84 19 allowed
604 2073 20 16 to
641 2071 38 24 slip
698 2071 41 18 into
759 2070 30 18 his
804 2075 54 19 cago.
886 2068 42 19 The

497 2096 64 19 result
586 2102 47 18 was,
665 2097 106 23 therefore,
800 2095 56 25 quite
890 2094 28 19 dif-

499 2123 67 19 ferent;
589 2123 52 19 from
669 2123 54 19 what
746 2122 35 19 the
804 2127 54 19 large
882 2121 46 19 hills

499 2149 70 25 posted
588 2156 28 17 up
626 2149 125 25 everywhere
767 2148 38 19 had
825 2147 102 26 predicted

501 2177 23 21 by
543 2182 26 12 an
586 2175 127 19 illustration
724 2175 21 19 of
760 2175 34 19 the
805 2175 39 18 lion
860 2174 68 25 finally

498 2202 111 25 devouring
617 2202 29 19 his
653 2208 40 19 opp
701 2204 62 17 merit.
792 2201 58 19 Most
858 2200 70 26 people

499 2229 37 18 had
559 2231 36 17 not
605 2229 98 25 expected
719 2228 47 20 such
777 2234 24 13 an
813 2228 60 22 issue,
893 2227 35 18 but

499 2261 50 13 were
572 2255 51 19 from
644 2255 33 19 the
693 2254 109 26 beginning
821 2253 107 20 convinced

500 2281 45 20 that
564 2281 34 20 the
620 2281 42 19 bull
681 2281 65 20 would
766 2281 26 18 bo
815 2280 113 20 victorious.

499 2308 55 24 They
576 2308 57 19 based
649 2308 52 19 their
722 2307 113 20 conviction
855 2313 25 12 on
895 2306 33 19 the

498 2335 75 18 results
592 2334 22 19 of
633 2334 77 19 similar
724 2334 61 24 fights
807 2333 73 25 during
895 2332 33 19 the

499 2362 46 22 past
554 2361 25 18 40
597 2367 66 19 years,
673 2367 21 12 m
706 2360 63 19 which
785 2360 34 19 the
830 2359 40 19 bull
890 2358 38 19 had

499 2386 115 26 triumphed
635 2393 47 13 over
693 2386 57 24 lions,
766 2386 78 24 -Bengal
861 2386 67 24 tigers,

498 2414 38 18 and
548 2413 100 19 ice-brars.
676 2412 33 20 He
719 2420 46 16 was,
786 2412 96 19 however,
893 2414 35 16 not

499 2439 58 25 equal
577 2442 19 16 to
607 2440 35 19 the
658 2439 101 25 elephant,
774 2438 32 20 for
823 2438 28 19 his
870 2438 58 19 horns

499 2466 59 19 e<>uid
567 2468 37 17 not
614 2466 65 24 pierce
689 2466 35 19 the
734 2465 55 20 thick
805 2465 52 23 hide,
868 2464 37 19 and
919 2471 9 12 a

500 2492 126 19 tremendous
651 2492 48 19 blow
724 2492 53 19 from
801 2491 34 19 the
868 2491 60 19 trunk

499 2518 81 20 sufficed
592 2521 20 16 to
623 2519 31 23 lay
666 2518 38 19 him
715 2518 20 19 in
747 2519 34 18 the
792 2518 52 19 dust.

561 2592 16 19 A
594 2592 115 19 DARING
726 2592 69 19 RIDE
812 2592 51 19 FOR

510 2618 353 18 FREEDOM.

527 2673 30 19 An
582 2673 155 24 extraordinary
762 2674 111 18 encounter
898 2679 21 13 oc-

500 2706 41 12 cun
546 2700 23 18 ed
581 2702 20 16 nt
617 2699 81 23 Forbes,
714 2699 22 19 N*<
745 2706 14 10 or
778 2699 41 19 8011
819 2699 21 19 th
854 2699 74 22 Wales,

501 2732 23 13 on
545 2725 33 20 the
588 2726 49 18 23rd
649 2725 37 19 nit.
703 2725 87 19 between
812 2725 34 19 the
867 2725 62 26 poiiee

501 2752 36 20 aud
558 2760 10 11 a
583 2752 97 24 cjimipa',
702 2751 41 19 who
760 2759 38 12 was
820 2751 69 26 trying
910 2754 19 17 to

500 2779 60 19 trade
578 2781 88 22 captu.e.
695 2779 19 18 A
733 2785 44 12 man
794 2780 52 17 went
863 2779 41 19 into
919 2786 10 12 a

500 2805 50 19 local
571 2804 106 27 jeweller's
696 2805 50 25 shop
762 2805 37 19 and
821 2805 107 26 purchased

501 2833 61 24 goods
582 2831 69 19 valued
663 2831 71 20 at-£7.
764 2832 33 18 lie
818 2832 42 24 paid
879 2832 23 24 by
919 2838 10 12 a

500 2859 74 24 cinque
593 2857 33 19 for
642 2859 30 19 £7
685 2859 41 22 12s,
741 2857 101 25 receiving
859 2859 35 19 12a
908 2864 20 13 in

500 2885 81 24 change.
610 2884 149 25 Subsequently
780 2884 17 19 it
812 2890 38 13 was
868 2885 59 19 found

500 2912 46 18 that
557 2911 34 19 the
601 2910 75 26 cheque
687 2918 39 12 was
736 2911 78 24 forged,
824 2911 38 19 and
878 2911 39 19 Con-

500 2937 74 20 stable*
585 2937 122 19 Greenwood
719 2939 38 17 and
776 2939 92 23 Gnrsmg
879 2944 50 13 were

500 2966 45 17 Sr-nt
564 2965 18 18 in
603 2964 77 23 pursuit
691 2965 21 18 of
727 2965 33 17 the
775 2964 95 23 criminal,
887 2963 42 19 who

501 2998 38 12 was
559 2998 10 12 a
590 2990 130 20 weli-lcDown
735 2991 105 19 character
858 2990 70 19 named

500 3017 71 24 Rhody
591 3017 83 24 trheedy,
687 3017 41 19 who
740 3024 38 12 was
795 3016 77 20 wanted
882 3023 25 12 on
919 3024 10 11 a

500 3044 83 19 number
602 3043 21 19 of
638 3043 88 25 charges.
754 3043 42 19 The
821 3050 42 12 man
890 3050 38 11 was

501 3074 35 15 met
559 3070 78 24 coming
654 3072 35 16 out
706 3069 20 19 of
741 3069 35 19 the
787 3069 63 19 stable
868 3069 22 19 of
905 3076 24 12 an

501 3096 52 20 hotel
578 3097 79 24 leading
676 3100 39 14 two
740 3095 91 25 splendid
854 3095 75 21 horse?.

501 3123 25 18 Gi
532 3130 35 12 eon
572 3123 52 19 wood
659 3122 37 19 had
739 3122 112 25 previously
891 3122 38 19 di--

501 3156 16 11 in
534 3156 9 12 ii
563 3151 38 18 t..1.
619 3149 75 21 leaving
715 3149 30 19 his
765 3149 117 24 companion
903 3156 24 11 on

501 3175 107 19 hoi-.-e.b.u-k
620 3177 21 17 aL
653 3175 32 18 tho
695 3177 46 23 yard
753 3181 47 19 gate
812 3179 19 14 to
842 3175 44 19 ho'd
898 3175 31 19 his

501 3202 63 20 liort-O.
592 3204 27 17 /<t?
630 3209 7 10 s
653 3208 23 11 on
685 3210 21 10 as
717 3202 43 19 hlu-i
768 3201 24 25 dy
802 3209 38 12 saw
853 3202 16 19 G
875 3208 54 13 reeit-

501 3229 53 18 W'»od
568 3229 87 24 walking
666 3234 20 12 to
698 3228 37 19 him
748 3228 23 19 he
786 3228 48 23 said,
847 3228 3 25 '
865 3229 5 18 I
884 3234 34 18 sup-

515 3262 21 12 os
544 3254 4 24 i
568 3261 38 17 you
623 3257 52 16 want
691 3254 42 19 me.'
769 3255 34 18 •.ho
825 3254 105 22 constable

512 3280 39 26 epli
566 3281 17 17 d.
608 3280 4 26 '
628 3281 51 18 \"es.'
715 3281 61 18 Sliced
781 3288 11 12 v
814 3281 46 18 tiip.n
882 3281 47 20 said.

502 3307 3 26 '
521 3308 57 24 Well,
598 3307 32 19 I'll
640 3307 45 25 give
694 3314 39 19 you
749 3314 11 12 a
771 3307 69 18 flutter
851 3307 30 18 for
900 3308 29 19 it.'

502 3334 37 18 and
560 3333 74 25 lolling
644 3340 24 18 go
681 3341 37 11 one
736 3334 57 18 horse
808 3333 24 18 ho
850 3333 79 19 vaulted

501 3367 25 12 on
538 3360 33 18 the
581 3360 58 19 other
646 3360 38 19 and
696 3360 47 19 rode
753 3361 21 18 at
785 3367 10 11 a
806 3359 69 23 spiked
885 3364 46 18 gate

501 3386 52 25 fully
564 3387 33 18 5.';
614 3386 52 24 high,
677 3386 79 19 outside
767 3386 21 19 of
798 3385 63 20 which
879 3386 39 19 Gar-

502 3420 50 16 pang
571 3419 39 12 was
629 3412 72 24 sitting
716 3419 25 12 on
762 3412 29 19 his
806 3412 63 19 horse.
900 3412 31 19 Ho

501 3438 77 20 cleared
597 3438 34 19 tlie
641 3440 52 23 gate,
710 3438 141 19 Greenwood's
867 3438 63 23 horse,

501 3465 38 19 and
559 3466 35 18 the
609 3464 143 26 hindquarters
776 3464 21 19 of
822 3464 109 26 Garsang's

503 3492 56 18 horse
579 3492 19 17 in
609 3490 34 19 the
653 3491 63 25 jump,
733 3490 62 19 which
814 3497 39 12 was
863 3497 10 12 a
891 3493 30 16 tre-

503 3518 95 19 mendous
615 3524 44 16 one,
677 3518 38 17 and
726 3516 123 26 beautifully
864 3516 67 21 taker).

502 3544 55 19 Then
576 3543 26 20 hj?
623 3543 73 20 dashed
717 3550 61 18 away,
798 3543 93 20 followed
907 3544 24 25 by

503 3570 34 19 the
547 3572 99 23 troopers.
675 3570 66 19 Green
746 3570 53 19 ivood
809 3576 52 13 came
873 3576 26 19 up
911 3572 20 17 to

505 3596 37 18 him
561 3597 20 17 in
606 3596 62 19 about
683 3596 55 19 threo
763 3596 60 23 miles,
847 3596 39 19 and
910 3603 21 12 as

503 3622 76 25 Sheedy
590 3622 86 23 laughed
691 3624 21 17 at
723 3622 29 20 his
764 3622 37 20 call
813 3625 20 17 to
852 3625 44 22 stop
908 3622 24 20 he

503 3649 49 19 fired
575 3650 22 16 at,
615 3648 30 18 his
667 3649 98 19 shoulder.
804 3649 127 25 Apparently

503 3674 77 25 Sheedy
592 3681 38 12 was
642 3675 19 17 in
671 3681 25 13 no
705 3682 41 18 w;ty
757 3675 132 23 intimidated,
900 3675 31 19 for

503 3701 23 19 he
536 3701 40 19 still
586 3700 92 25 galloped
687 3708 32 12 on.
748 3701 124 19 Greenwood
884 3701 47 19 then

503 3727 52 19 drew
574 3726 104 24 alongside
689 3727 45 24 him,
750 3730 38 21 put
798 3727 30 19 his
843 3728 90 19 revolver

503 3755 19 17 to
542 3753 29 19 his
581 3753 56 23 head,
649 3753 38 19 and
702 3753 76 24 begged
789 3753 41 19 him
840 3756 21 16 to
880 3756 51 23 stop,

503 3779 105 19 otherwise
633 3779 23 19 ho
677 3779 65 19 would
757 3779 50 19 have
831 3782 20 16 to
875 3780 56 19 shoot

503 3806 46 19 him.
578 3805 78 25 Sheedy
666 3805 82 25 replied,
760 3805 26 19 'I
797 3812 29 12 am
838 3805 45 19 shot
893 3807 37 17 and

503 3834 75 17 cannot
586 3832 41 25 pull
639 3831 33 20 the
680 3831 59 20 horse
748 3831 39 25 up.'
815 3831 42 19 The
867 3831 66 20 officer

505 3859 45 19 then
570 3859 84 24 grasped
673 3857 33 19 the
722 3857 59 25 reins,
799 3858 84 25 s'opped
900 3858 33 19 the

503 3884 78 24 animal,
592 3885 38 18 and
641 3884 95 19 returned
749 3884 46 19 with
811 3883 34 20 the
856 3890 44 13 man
911 3889 21 14 to

504 3913 59 20 town,
583 3910 64 20 where
666 3912 17 17 it
697 3917 39 13 was
752 3911 62 19 found
839 3910 45 20 that
899 3911 34 19 the

503 3937 64 18 bullet
578 3937 38 18 had
628 3937 69 19 stiuck
710 3937 78 25 Sheedy
803 3944 25 12 on
839 3937 34 19 the
884 3943 48 13 arm.

503 3962 78 24 Sheedy
601 3963 36 18 had
656 3963 49 19 been
719 3963 114 25 previously
850 3963 46 20 shot
907 3963 24 26 by

503 3988 33 19 the
546 3988 65 25 police
622 3989 18 18 in
653 3989 68 25 trying
732 3991 20 17 to
764 3996 77 18 escape,

984 101 50 23 LOW
1051 101 67 23 LIFE
1135 101 33 23 IN
1185 101 117 23 LONDON.

959 156 64 20 There
1040 162 34 13 ore
1083 155 40 19 few
1133 160 54 18 ways
1196 153 21 19 in
1234 153 66 19 -which
1310 157 54 14 some
1379 153 1 25 :

935 311 129 25 studentship
1074 312 19 17 ol
1104 310 31 19 his
1147 315 27 12 wo
1182 314 42 13 owo
1234 313 61 18 many
1305 307 21 18 of
1334 307 33 18 his

936 337 114 20 inimitable
1071 334 119 26 descriptive
1210 339 103 19 passages.
1349 333 18 17 A

937 370 44 13 ease
991 363 49 20 such
1050 369 21 11 as
1088 361 34 19 the
1132 362 57 23 groat
1198 358 87 20 novelist
1300 357 67 21 would

936 390 52 19 have
1006 388 74 23 closely
1088 386 99 23 followed,
1203 390 42 15 was
1262 384 69 23 hoard,
1346 383 21 19 in

937 416 35 19 the
990 414 77 24 closing
1076 413 49 24 days
1135 411 21 19 of
1169 411 39 19 last
1226 416 55 19 year,
1299 410 21 18 in
1334 409 34 18 the

938 439 121 21 Southwark
1068 438 67 19 Police
1146 437 68 19 Court.
1241 436 21 20 It
1276 434 91 20 revealed

938 474 12 11 a
966 467 53 17 most
1036 463 91 25 unloscly
1141 462 63 26 phase
1218 462 21 19 of
1254 461 113 23 hunianily,
1375 461 5 25 |

938 492 36 19 but
984 492 16 18 it
1009 489 106 27 presented
1126 495 10 12 a
1146 488 77 26 perfect
1237 486 127 27 portraiture,

938 518 40 18 and
996 517 17 18 it
1021 516 44 24 has,
1081 513 158 24 unfortunately,
1259 515 20 16 to
1297 512 27 18 bo
1338 517 20 13 ac-

938 542 71 26 cepted
1027 548 22 13 as
1059 548 37 12 ono
1119 541 21 19 oE
1160 541 34 18 tho
1213 542 58 21 types
1292 538 22 18 of
1335 537 35 19 the

938 568 90 20 vaunted
1046 574 38 17 ago
1101 567 22 19 of
1136 565 120 20 civilisation
1270 564 21 18 in
1305 563 66 19 which

940 600 28 15 we
978 595 46 18 live.
1053 593 42 19 Tho
1112 592 64 25 police
1186 590 41 19 had
1240 589 104 26 preferred
1359 595 12 12 a

940 621 73 24 charge
1032 619 81 25 against
1131 620 39 16 two
1183 623 47 12 men
1250 615 22 20 of
1292 615 4 30 '
1306 615 55 18 inten-

940 646 83 24 tionally
1034 645 39 19 and
1080 643 124 24 maliciously
1213 641 109 25 wounding
1333 640 39 19 and

940 672 100 25 inflicting
1047 671 93 25 grievous
1148 668 69 24 bodily
1224 668 57 19 harm
1289 674 26 12 on
1323 666 48 19 each

941 699 58 18 oilier
1016 698 28 23 by
1066 695 97 24 (stabbing
1177 694 50 19 each
1244 693 58 20 other
1322 693 50 19 with

940 723 84 20 knives.'
1054 722 42 19 Ono
1114 722 21 18 of
1145 721 34 18 the
1194 720 99 19 offenders
1304 725 40 13 was
1361 725 12 12 a

941 751 54 18 John
1014 748 98 22 Sullivan,
1127 746 41 19 and
1185 746 33 19 his
1234 746 68 19 aliases
1317 747 5 8 '
1332 744 41 25 Big

941 775 50 20 Tim'
1012 774 40 19 and
1072 770 3 28 '
1086 773 41 25 Big
1136 772 57 24 Ben,'
1208 772 88 25 perhaps
1315 770 45 19 suffi-

941 800 73 26 ciently
1033 799 90 20 describe
1133 799 31 18 his
1178 798 94 25 personal
1288 802 72 19 appear-

942 834 47 12 ance
1000 822 4 28 ;
1028 826 34 18 the
1093 825 57 19 other
1172 831 41 12 was
1242 822 131 24 Christopher

942 853 67 25 Selby,
1033 852 49 19 alias
1105 848 4 30 '
1119 850 64 20 Black
1201 849 71 20 Chris.'
1309 848 64 18 These

942 873 53 24 men*
997 885 52 12 wore
1060 877 73 25 simply
1142 878 39 17 two
1191 876 21 19 of
1222 882 12 12 a
1251 876 66 24 party,
1329 873 44 19 who

942 905 41 18 had
993 904 81 19 devised
1084 898 4 27 '
1100 910 12 12 a
1121 902 53 20 walk
1183 901 63 19 round
1262 900 34 19 the
1306 898 68 27 public

943 932 73 17 houses
1027 925 3 29 '
1050 930 28 24 by
1087 935 45 18 way
1141 929 21 18 of
1172 934 12 12 a
1197 926 94 25 morning
1310 925 53 19 diver-

943 957 50 19 sion.
1020 956 27 19 In
1065 955 35 19 the
1114 954 38 20 end
1169 953 56 19 there
1239 958 41 14 was
1296 958 12 12 a
1323 950 51 26 good

944 983 45 19 deal
1004 982 20 19 of
1034 981 93 26 lighting,
1144 986 37 12 one
1191 979 21 19 of
1221 979 35 19 the
1272 978 102 19 witnesses

945 1005 114 28 exhibiting
1078 1014 11 12 a
1107 1003 53 22 head
1174 1005 66 19 which
1262 1003 41 20 had
1324 1003 51 19 boon

945 1034 100 25 damaged
1054 1034 27 25 by
1092 1028 4 31 '
1107 1033 34 19 the
1150 1031 119 19 murderous
1287 1036 36 13 use
1333 1028 22 20 of
1358 1034 17 17 .a

945 1060 102 19 crowbar.'
1068 1054 50 24 'Tho
1132 1058 45 23 end,
1187 1057 29 25 by
1231 1056 34 19 the
1275 1062 51 17 way,
1341 1054 35 19 did

944 1089 36 17 not
989 1092 55 13 como
1053 1085 31 19 till
1093 1085 40 18 late
1142 1084 22 19 in
1171 1084 34 18 tho
1215 1082 90 24 evening,
1317 1080 59 20 whon

945 1113 34 18 tho
988 1114 40 16 two
1037 1118 47 12 men
1100 1110 63 19 above
1173 1108 114 19 mentioned
1302 1106 74 24 agreed

946 1141 19 15 to
975 1138 52 18 have
1039 1132 3 27 '
1053 1144 12 11 a
1074 1136 40 19 fair
1123 1134 65 25 light,'
1207 1134 39 18 and
1256 1133 34 18 the
1309 1132 67 19 others

946 1165 5 9 •'
961 1163 27 18 all
999 1162 57 19 stood
1070 1161 66 19 round
1145 1162 21 17 to
1175 1160 51 19 have
1237 1166 12 11 a.
1264 1158 47 19 look
1321 1156 53 20 like.'

945 1188 64 20 What
1031 1186 108 27 happened
1168 1192 41 13 was
1237 1183 96 20 narrated
1355 1183 20 19 in

945 1214 84 25 graphic
1053 1213 61 19 detail
1132 1212 28 25 by
1186 1210 109 25 somebody
1317 1209 49 20 collo-

945 1240 77 26 quially
1032 1240 74 19 known
1116 1245 22 12 as
1147 1236 4 30 '
1163 1238 61 24 Costy
1234 1236 3 30 '
1249 1236 84 20 Cannon
1345 1236 3 30 :

973 1261 3 30 '
985 1266 38 25 Big
1033 1266 43 19 Tim
1087 1261 4 30 '
1103 1265 73 24 shaped
1188 1270 26 19 up
1223 1263 38 19 and
1270 1261 79 26 popped
1361 1261 15 19 it

946 1300 25 11 o'.i
996 1292 76 20 Solbv's
1094 1291 51 23 face,
1170 1291 38 18 and
1233 1289 59 25 Selby
1318 1291 58 15 turns

946 1318 77 21 around
1035 1318 37 19 and
1086 1317 66 26 pulled
1160 1318 35 18 out
1206 1323 10 12 a
1225 1315 57 26 chivy
1292 1314 84 26 (knife),

946 1346 38 18 and
996 1344 74 21 make's
1080 1351 46 18 ago
1138 1346 20 17 at
1167 1343 61 19 Tim's
1248 1348 57 14 arms.
1333 1341 42 19 Tim

948 1374 35 22 put
998 1377 27 17 up
1040 1371 31 20 his
1088 1377 46 16 arm,
1155 1370 38 20 and
1210 1369 33 19 the
1258 1367 56 20 knife
1331 1374 46 19 goes

946 1398 87 25 through
1053 1398 22 19 it.
1103 1397 61 24 Selby
1185 1396 47 19 then
1261 1394 67 20 makes
1343 1400 22 12 an-

946 1424 56 20 other
1012 1424 34 25 dig
1056 1427 20 16 at
1086 1423 29 21 his
1126 1423 31 25 leg
1171 1422 39 20 and
1221 1421 32 20 the
1263 1420 58 20 knife
1330 1426 46 19 goes

946 1450 26 21 in,
1002 1450 90 20 Sullivan
1117 1451 59 18 turns
1197 1447 64 21 round
1287 1452 19 14 to
1324 1449 52 17 them

947 1478 52 19 what
1020 1484 38 13 was
1070 1475 80 26 looking
1168 1482 24 13 on
1209 1474 38 20 and
1258 1480 50 20 sayu,
1321 1472 3 29 '
1334 1472 42 20 I've

946 1504 76 25 copped
1033 1504 16 20 it
1060 1502 67 24 thick,'
1137 1502 39 20 and
1183 1503 47 19 then
1242 1501 24 19 he
1276 1500 55 25 pulls
1341 1502 35 17 out

945 1537 11 14 a
966 1525 57 25 kiiit'o
1034 1531 37 19 and
1093 1535 44 20 says
1148 1532 20 16 to
1179 1528 82 26 Selby/
1274 1527 58 24 Now,
1343 1525 32 21 I'll

945 1565 33 12 see
988 1557 43 20 how
1042 1564 38 19 you
1092 1555 40 21 like
1148 1555 28 21 it.'
1207 1555 31 19 He
1247 1554 34 20 has
1299 1560 46 19 ago
1355 1554 22 20 at

946 1584 67 26 Selby,
1023 1584 37 20 and
1075 1583 42 26 digs
1129 1582 38 20 him
1178 1581 21 20 in
1219 1581 34 20 the
1267 1579 41 27 logs
1320 1587 11 13 a
1341 1579 34 20 bit.

945 1611 61 19 —Mr
1017 1611 59 19 Slndo
1087 1606 4 24 :
1107 1609 41 21 Did
1159 1609 23 19 he
1193 1607 44 21 etab
1258 1614 53 14 more
1327 1606 48 20 than

946 1645 49 13 once
1004 1637 132 21 r—Witness
1144 1631 4 30 i
1163 1634 41 27 No,
1221 1635 24 19 he
1263 1633 47 26 only
1321 1631 55 22 made

946 1666 39 18 two
1001 1671 22 13 or
1044 1664 56 19 three
1120 1663 49 25 digs,
1188 1661 40 20 and
1244 1668 28 13 we
1283 1660 92 26 laughed.

948 1690 132 26 (Sensation.)
1110 1689 61 25 Selby
1187 1691 59 17 turns
1267 1688 63 20 round
1355 1689 21 17 to

947 1724 29 13 me
996 1717 38 20 and
1054 1715 113 27 says,'l've
1186 1716 35 25 got
1239 1713 17 21 it
1271 1713 55 20 thick
1338 1711 38 21 this

947 1744 53 23 time,
1012 1739 76 29 Costy','
1103 1743 40 19 and
1161 1743 11 18 I
1183 1748 51 18 fays,
1247 1739 4 29 '
1259 1740 62 25 Well,
1328 1742 47 18 turn

946 1771 16 19 it
970 1777 27 18 up
1007 1771 38 18 and
1056 1776 55 13 come
1121 1771 21 17 to
1153 1768 35 20 the
1208 1767 99 28 hospital.'
1335 1767 41 18 The

946 1797 68 19 others
1035 1797 18 18 in
1078 1796 35 19 the
1133 1795 34 19 bar
1182 1801 50 19 says,
1251 1793 3 27 '
1264 1794 40 19 Let
1322 1793 54 19 them

946 1823 50 19 have
1013 1823 83 19 another
1114 1822 36 25 go,'
1167 1821 37 19 but
1223 1821 9 18 I
1249 1827 45 17 goes
1311 1826 25 19 up
1356 1820 20 18 to

946 1849 91 20 Sullivan
1047 1849 39 19 and
1103 1848 66 25 Selby,
1189 1847 39 19 and
1247 1847 11 19 1
1269 1846 55 19 takes
1345 1845 32 20 the

947 1876 69 19 knives
1039 1882 61 19 away.
1138 1874 11 20 I
1174 1875 52 19 went
1247 1872 68 20 ouside
1338 1872 37 19 and

947 1903 62 18 threw
1030 1898 56 23 them'
1099 1908 47 12 over
1157 1900 35 19 the
1209 1900 80 24 railway
1301 1899 75 24 bridge.

948 1929 59 19 After
1018 1928 35 20 the
1063 1928 75 24 barney
1148 1934 40 12 was
1198 1932 46 13 over
1258 1925 11 20 I
1290 1925 55 20 looks
1355 1928 21 15 at

947 1955 76 24 Selby's
1034 1955 48 24 legs,
1089 1955 38 18 and
1135 1953 12 19 I
1155 1960 42 12 sees
1206 1952 40 20 he's
1257 1959 11 12 a
1278 1952 98 24 bleeding.

947 1981 60 25 Selby
1025 1981 47 19 then
1092 1987 46 18 goes
1159 1981 36 17 out
1214 1979 40 19 and
1272 1985 66 13 comes
1357 1978 19 18 in

947 2003 51 24 with'
1016 2007 86 19 another
1126 2006 61 19 knife.
1216 2005 11 19 I
1246 2011 52 19 says,
1314 2003 3 27 '
1326 2004 50 19 Now

946 2034 55 24 then,
1013 2040 54 13 come
1078 2040 31 17 on,
1120 2033 51 25 push
1182 2033 36 18 out
1227 2032 21 19 of
1259 2031 47 24 this,
1316 2037 22 13 or
1349 2037 28 12 we

946 2060 51 19 shall
1013 2060 50 19 have
1082 2059 34 20 the
1131 2066 83 18 coppers
1239 2058 76 22 round,'
1340 2057 37 19 but

948 2087 54 18 when
1014 2094 30 12 wo
1054 2087 44 25 gets
1108 2086 80 19 outside
1207 2084 60 25 Selby
1278 2084 46 19 tells
1343 2083 35 20 the

946 2120 74 18 copper
1032 2113 38 19 and
1082 2112 47 24 they
1137 2119 34 12 are
1183 2111 70 19 locked
1266 2117 32 17 up.

973 2140 20 18 it
1004 2139 38 20 will
1055 2139 97 25 probably
1167 2138 89 25 surprise
1267 2136 78 24 nobody
1356 2138 20 16 to

947 2166 54 19 learn
1013 2166 43 19 that
1067 2164 47 21 each
1135 2171 45 12 man
1193 2164 38 19 had
1249 2162 97 25 indulged
1356 2162 20 19 in

947 2200 10 11 a
973 2192 90 20 solicitor
1080 2194 20 17 to
1120 2191 72 19 defend
1209 2190 45 21 him,
1275 2190 44 18 that
1330 2188 46 20 each

947 2218 59 26 badly
1021 2219 80 19 wanted
1118 2220 20 17 to
1149 2218 24 19 be
1190 2216 87 21 released
1296 2222 25 13 on
1331 2215 45 23 bail,

947 2245 39 19 and
1004 2245 45 20 that
1069 2244 33 20 the
1121 2244 70 24 police,
1209 2243 72 23 having
1301 2242 18 19 in
1329 2241 47 19 view

946 2272 35 19 tho
992 2272 101 24 notoriety
1103 2270 22 19 of
1135 2270 33 19 the
1179 2270 99 23 duellists,
1289 2275 77 12 success-

948 2298 51 24 fully
1009 2298 87 25 opposed
1106 2296 34 21 the
1145 2295 129 27 application.
1303 2294 75 20 'Black

948 2324 71 24 Chris,'
1030 2324 78 23 indeed,
1120 2323 52 20 tried
1183 2329 12 13 a
1205 2322 44 26 plea
1261 2322 45 19 that
1317 2320 61 26 might

948 2351 47 18 have
1013 2350 66 19 moved
1091 2357 10 12 a
1112 2350 40 19 less
1166 2348 128 27 experienced
1307 2348 59 24 magis-

948 2379 52 17 trate,
1011 2377 48 19 than
1070 2376 34 20 Mr
1114 2376 58 19 Slade
1181 2372 23 24 :''
1217 2375 31 18 lie
1268 2374 77 19 wanted
1357 2375 21 17 to

947 2411 24 18 go
983 2404 38 19 and
1031 2409 32 14 see
1073 2403 30 19 h'n
1115 2403 76 18 mother
1201 2401 84 20 buried.'

976 2462 41 19 Can
1028 2462 10 18 T
1051 2467 32 13 see
1093 2467 38 19 you
1144 2463 58 22 apart
1210 2460 32 19 for
1253 2466 10 12 a
1282 2458 97 20 moment?

950 2489 44 20 You
1006 2495 55 12 mean
1073 2488 64 21 alone,
1154 2486 58 20 don't
1230 2485 51 26 you?
1312 2486 44 23 ies,
1369 2492 10 12 a

949 2512 3 27 1
956 2521 43 18 ran,
1020 2514 62 20 that's
1101 2514 16 18 it
1134 2513 85 25 exactly.
1248 2512 12 18 I
1279 2513 52 19 want
1358 2514 21 16 to

950 2543 75 19 borrow
1036 2548 12 12 a
1058 2540 109 25 sovereign.

949 2575 38 19 She
999 2573 84 26 laughed
1094 2574 21 18 at
1126 2579 58 18 every
1194 2571 64 20 litttle
1267 2571 47 26 jest,

975 2601 55 19 Even
1042 2599 75 25 though
1127 2601 17 16 it
1153 2598 62 26 might
1226 2599 23 18 bo
1260 2598 71 25 simple
1340 2598 3 26 ;

949 2626 98 21 itwasft't
1066 2633 11 12 a
1096 2625 47 19 wish
1162 2628 21 16 to
1199 2624 55 20 show
1270 2624 34 19 her
1314 2626 65 22 taste;

978 2652 144 21 Hutacun::in
1134 2651 55 19 little
1205 2650 79 25 dimple.

1408 101 19 19 A
1433 100 48 19 wild
1490 99 53 19 duck
1553 99 45 19 shot
1611 100 21 17 at
1640 97 110 26 Kempsey,
1764 96 52 19 New-

1382 126 64 20 South
1460 125 76 24 Wales,
1553 131 12 13 a
1587 125 40 18 few
1649 123 49 25 days
1717 128 40 19 ago
1775 128 41 13 Avas

1382 152 64 18 found
1454 155 21 15 to
1484 151 51 19 have
1546 157 12 12 a
1566 150 56 25 piece
1636 150 21 19 of
1666 148 49 26 gold
1723 148 36 19 the
1776 148 40 18 size

1382 203 74 20 redoill
1465 203 46 18 shot
1521 208 26 12 on
1556 202 34 18 the
1604 198 93 22 Behhofe
1716 206 40 12 was
1775 199 42 18 also

1382 230 64 19 found
1457 232 19 15 to
1486 228 52 19 have
1548 233 12 14 a
1569 227 58 19 small
1634 227 56 25 piece
1709 224 21 21 of
1739 225 48 25 gold
1796 224 21 19 in

1383 256 26 19 its
1424 261 52 19 crop.

1411 285 43 19 The
1472 284 50 19 vital
1531 283 98 25 principle
1643 283 17 18 is
1676 280 107 28 preserved
1797 286 21 13 in

1386 311 58 19 seeds
1453 310 41 19 and
1503 316 56 18 eggs,
1570 309 60 18 fruits
1645 309 40 18 and
1696 306 120 26 vegetables,

1386 337 75 23 during
1469 336 45 18 cold
1521 335 88 19 weather
1616 335 86 18 because
1710 333 48 24 Ihcy
1768 332 50 18 have

1385 369 12 12 a
1408 362 47 19 heat
1463 362 20 17 of
1493 360 53 19 their
1552 367 51 13 own.
1630 360 44 19 The
1685 360 134 23 temperature

1385 388 21 19 of
1416 394 26 13 an
1451 393 41 19 egg
1502 393 22 13 or
1533 386 66 26 apple,
1611 386 59 19 down
1680 387 20 17 to
1713 384 35 19 the
1757 384 51 18 freez-

1385 414 36 24 ing
1440 413 63 25 point,
1519 412 17 19 is
1555 412 75 25 always
1644 410 77 20 several
1736 410 84 24 degrees

1382 436 1 25 i
1388 440 63 18 above
1462 439 45 18 that
1516 438 21 19 of
1547 438 35 19 the
1592 437 136 24 surrounding
1738 436 36 18 air.

1413 480 43 20 The
1470 480 70 24 Eoyal
1558 478 139 25 Agricultural
1707 477 78 23 Society
1800 476 21 18 of

1387 506 95 25 Bngland
1493 506 54 19 show
1564 505 40 19 this
1613 511 49 19 year
1671 504 18 18 is
1698 506 20 16 to
1738 503 26 18 be
1775 501 44 19 held

1387 536 21 15 at
1421 532 119 24 Darlington
1550 531 75 24 during
1634 530 34 19 the
1677 530 40 18 last
1734 528 56 19 week
1800 527 21 19 of

1387 559 60 23 June,
1468 558 40 19 and
1526 557 76 24 £6,035
1617 556 41 20 will
1681 555 26 19 bo
1726 554 60 25 given
1799 553 19 19 in

1387 584 71 26 prizes,
1478 584 22 19 of
1509 583 65 19 which
1588 583 68 18 horses
1677 582 34 23 got
1730 581 91 21 £2,012:

1388 611 66 19 cattle.
1475 610 76 19 £1.7-10
1563 606 3 25 ;
1591 608 40 18 and
1645 607 68 24 sheep,
1738 606 81 23 £1,170.

1389 637 49 18 Last
1455 636 66 25 year's
1540 635 55 17 show
1606 635 20 17 at
1641 632 122 25 Camhridgo
1782 637 40 14 was

1389 669 49 18 very
1454 660 115 23 successful,
1579 659 77 24 having
1674 658 90 19 resulted
1780 658 21 17 in
1811 663 12 12 a

1390 693 35 14 net,
1434 687 61 26 profit
1505 686 20 18 of
1535 685 69 25 nearly
1613 686 82 22 £l,lOO.

1418 719 14 18 A
1445 717 77 20 Nelson
1535 717 43 18 firm
1587 716 16 18 is
1611 722 42 12 now
1663 713 161 26 experimenting

1390 744 47 20 with
1449 750 58 12 anew
1521 748 80 19 piocess
1606 742 32 19 for
1644 740 119 26 preserving
1769 745 53 20 eggs,

1391 770 69 23 which,
1475 770 18 18 it
1516 770 17 18 is
1557 767 130 26 anticipated,
1711 766 39 19 will
1773 766 49 24 keep

1390 797 54 18 them
1455 796 20 18 in
1487 802 11 12 a
1512 795 66 19 sound
1594 797 52 15 state
1655 793 21 19 of
1698 791 125 27 prearvalion

1390 823 33 19 for
1434 823 57 19 three
1499 828 64 18 years.

1418 861 40 21 The
1482 861 81 24 long?st
1582 859 47 20 time
1642 859 74 24 during
1731 857 63 20 which
1815 863 8 13 n

1392 890 47 18 note
1449 888 36 18 has
1495 886 102 20 remained
1606 885 80 20 outside
1696 887 34 17 the
1740 884 53 19 bank
1804 883 19 20 of

1392 913 95 26 England
1509 920 17 12 is
1545 913 37 20 111
1602 919 64 18 year?.
1695 911 21 19 It
1739 917 39 13 wa3
1793 910 30 19 for

1392 941 50 24 £25,
1462 939 38 21 and
1520 939 16 19 it
1551 939 17 19 is
1583 937 129 27 computated
1728 937 45 19 that
1792 936 34 19 the

1393 967 113 25 compound
1525 966 86 19 interest
1631 965 74 24 during
1723 963 46 20 that
1779 963 47 24 long

1394 993 67 24 period
1483 992 110 20 amounted
1614 994 21 16 to
1666 997 25 13 no
1714 990 40 19 less
1778 989 47 19 than

1394 1021 81 23 £G,OOO.

1420 1054 17 19 A
1459 1060 58 18 cargo
1538 1052 21 19 of.
1576 1052 58 19 villas
1653 1052 35 19 has
1707 1051 50 19 been
1782 1050 33 18 des-

1395 1080 84 25 patched
1491 1080 51 18 from
1554 1078 142 25 Gothenburg,
1704 1078 20 18 in
1736 1077 90 22 Sweden,

1395 1110 21 15 to
1441 1106 80 19 Buenos
1542 1105 70 25 Ayres.
1641 1104 54 25 They
1710 1103 53 19 filled
1780 1102 46 26 fifty

1394 1132 82 21 railway
1502 1137 101 19 waggons.
1630 1130 42 19 The
1691 1129 92 24 building
1806 1129 21 17 of

1396 1158 92 25 portable
1508 1157 72 19 houses
1596 1157 17 18 is
1632 1156 71 19 indeed
1725 1154 102 25 becoming

1395 1184 55 26 quite
1462 1190 24 13 an
1506 1183 113 25 important
1633 1182 94 24 industry
1747 1180 49 20 both
1806 1180 19 20 in

1395 1211 83 20 Sweden
1489 1210 40 19 and
1538 1209 94 26 Norway.
1661 1208 41 19 The
1719 1207 58 19 villas
1794 1213 33 13 are

1395 1237 68 19 useful
1474 1237 38 18 and
1524 1242 47 19 very
1582 1235 69 25 cheap,
1662 1234 39 20 and
1719 1234 47 24 they
1777 1233 50 19 have

1396 1264 60 23 ready
1467 1263 63 19 found
1551 1262 72 23 buyers
1642 1261 21 20 in
1683 1267 10 13 a
1704 1260 84 20 number
1807 1259 20 19 of

1395 1290 98 19 different
1502 1288 107 20 countries.

1422 1328 18 17 A
1459 1325 91 20 resident
1574 1324 86 26 Gympio
1686 1322 139 26 (Queenland)

1397 1352 65 20 whilst
1487 1351 86 25 walking
1596 1351 62 25 along
1690 1357 37 12 one
1750 1349 21 19 of
1795 1348 33 19 the

1396 1381 73 17 streets
1487 1378 70 26 picked
1570 1384 26 19 up
1612 1384 11 13 a
1643 1376 83 20 boulder
1738 1375 78 20 contain-

1395 1405 35 25 ing
1440 1405 47 26 gold
1502 1404 73 21 valued
1586 1405 21 18 at
1618 1404 91 19 between
1728 1403 45 20 £SO
1790 1401 38 20 and

1396 1432 50 20 £7O.
1489 1431 59 21 More
1571 1430 50 20 than
1650 1436 38 13 one
1716 1428 40 21 had
1779 1428 49 20 been

1397 1458 79 26 tripped
1494 1458 25 26 by
1529 1457 33 20 the
1578 1463 52 14 stimo
1641 1456 84 20 boulder
1745 1461 25 14 on
1780 1454 48 21 dark

1397 1485 76 26 nights.

2801 78 146 19 JAPANESE
2962 77 132 20 HEROISM.

2763 148 26 19 In
2800 146 34 19 llis
2844 146 66 25 Japan
2922 146 88 26 Weekly
3021 145 51 20 Mail
3084 151 34 13 are
3130 146 39 18 two

2745 177 95 16 nstances
2849 172 21 19 of
2880 172 85 19 heroism
2982 172 76 23 during
3077 171 33 19 the
3130 177 40 13 wr.r

2748 200 35 18 hat
2805 199 103 19 illustrate
2940 198 34 19 the
2998 198 61 26 pluck
3088 197 21 19 of
3137 197 34 19 the

2745 226 100 25 fapanese.
2875 224 41 20 The
2931 224 44 20 first
2989 225 18 19 is
3018 224 35 20 the
3063 225 55 23 story
3129 223 21 18 of
3161 229 10 12 a

2745 258 52 13 >rave
2808 258 80 12 seaman
2905 258 26 12 on
2951 251 62 19 board
3033 251 34 19 the
3084 249 77 19 Itsuku-

2745 278 58 20 ihima
2815 277 54 22 Kan,
2879 277 44 19 who
2938 284 40 12 was
2997 277 45 19 shot
3062 275 59 20 while
3138 281 23 13 en-

2746 304 103 24 leavoring
2860 306 21 16 to
2892 310 46 12 fave
2950 303 35 19 the
3006 303 80 25 powder
3105 308 53 17 maga-

2745 337 45 12 ;ine.
2820 330 40 18 The
2871 336 45 12 man
2924 336 39 12 was
2973 336 11 12 a
2996 329 76 19 marine
3084 328 42 19 who
3134 327 39 19 had

2745 363 44 12 jeen
2799 356 42 18 toid
2853 358 20 16 to
2884 355 58 19 stand
2954 361 21 13 as
2986 357 70 22 sentry
3064 361 26 12 on
3109 353 66 26 gua<'d

2745 385 16 17 it
2767 383 35 19 the
2812 384 96 17 entrance
2921 381 18 19 Df
2957 380 34 20 the
3011 381 80 24 powder
3109 386 52 18 maga-

2745 409 45 18 zine.
2818 407 82 25 During
2910 407 35 19 tlie
2956 407 76 19 hottest
3052 408 46 23 part
3109 405 21 20 of
3140 406 34 18 tha

2748 435 51 19 •aval
2809 437 136 22 engagement,
2963 433 45 19 that
3026 433 22 19 of
3065 432 110 25 Hai-yang,

2745 461 30 19 die
2785 459 141 20 ItFukusliima
2942 466 40 12 was
3003 466 21 12 so
3042 458 78 20 steered
3130 458 45 19 that

2745 487 31 19 she
2787 484 40 26 shot
2837 484 10 26 3
2857 484 20 26 of
2894 485 33 20 the
2947 485 88 25 enemy's
3055 484 120 19 small-armH

2746 513 74 19 jeemed
2830 515 20 16 to
2859 514 130 17 concentrate
2998 512 22 18 in
3039 511 35 19 the
3093 510 83 23 vicinity

2747 539 16 19 jf
2773 539 35 18 tlie
2818 538 50 19 vital
2883 538 63 24 point,
2967 538 40 19 and
3026 536 91 24 noticing
3135 536 42 19 this

2746 565 32 20 the
2788 566 70 24 sentry
2872 564 105 24 fearlessly
2997 562 140 21 ei.ieavoured
3156 564 21 16 to

2746 598 55 13 ;c,ver
2817 590 34 19 the
2874 590 64 19 wholo
2962 592 93 21 doorway
3079 588 47 20 with
3146 588 31 18 his

2746 618 34 18 lior]
2783 624 18 17 J*.
2832 617 23 18 In
2867 616 39 19 this
2923 616 23 19 he
2957 623 39 12 was
3007 616 71 24 wholly
3090 621 87 13 success.-

2746 644 34 23 Fnl,
2792 645 36 17 not
2838 649 11 12 a
2859 642 65 19 builet
2934 642 95 24 reaching
3039 642 35 19 the
3093 640 85 20 interior

2747 670 19 19 dE
2784 670 34 19 the
2837 669 107 23 maqi'.ine.
2982 668 67 20 When
3069 667 34 20 the
3119 666 59 19 affair

2747 703 38 12 was
2797 702 50 16 over,
2860 695 58 18 relief
2928 701 41 13 was
2985 697 46 16 sent
3041 698 21 15 to
3074 694 35 19 the
3119 692 52 20 faitli-

2747 722 36 19 full
2794 721 104 25 guardian,
2905 720 43 19 who
2956 727 40 12 was
3006 727 47 12 seen
3060 720 43 19 still
3111 720 56 18 stand-

2747 749 33 23 ing
2799 751 23 16 at
2839 748 31 18 his
2889 750 53 22 post,
2966 746 49 20 with
3038 753 12 13 a
3071 745 108 20 somewhat

2747 774 92 19 troubled
2855 774 116 24 expression
2989 779 25 12 on
3034 772 30 20 his
3083 774 84 18 counten-

2747 807 54 12 ance.
2830 800 32 18 He
2874 806 39 12 was
2923 799 114 19 discovered
3050 802 19 16 to
3079 799 25 18 bo
3123 800 57 18 stone

2747 826 56 23 dead,
2814 826 39 19 and
2863 826 88 25 literally
2966 825 151 24 honeycombed
3133 824 47 19 with

2747 852 82 24 bullets,
2841 852 21 18 of
2872 852 63 19 which
2947 858 25 12 no
2983 851 38 19 less
3041 851 49 19 than
3108 851 62 25 thirty-

2747 886 30 13 fix
2788 879 38 18 had
2837 880 70 17 struck
2918 878 45 18 him.
2993 877 29 19 0£
3032 883 76 18 course,
3120 877 61 19 death

2749 905 38 19 bad
2801 905 75 19 ensued
2896 905 47 24 long
2962 903 68 20 before
3049 903 31 19 his
3098 903 83 19 wounds

2748 931 84 19 reached
2843 931 46 19 that
2898 930 85 20 terrible
2998 929 57 24 total,
3076 929 37 20 but
3131 936 51 12 even

2748 957 21 19 in
2785 957 59 19 death
2860 957 31 19 his
2900 957 53 24 body
2977 956 38 19 hod
3033 955 109 20 continued
3161 957 21 17 to

2749 983 63 26 guard
2821 983 34 19 the
2869 985 47 22 post
2926 983 49 24 kept
2985 989 22 12 so
3025 981 106 26 fearlessly
3142 981 40 19 and

2750 1018 21 12 so
2782 1009 43 20 well
2835 1009 21 19 in
2867 1009 42 19 life.
2950 1009 43 19 The
3016 1008 86 20 Fuzoku
3122 1007 60 20 G-uho

2750 1037 56 24 gives
2818 1042 26 12 an
2858 1037 87 18 account
2963 1035 23 19 of
3010 1041 11 13 a
3045 1041 47 19 very
3111 1033 71 26 dariDg

2750 1063 44 19 feat
2805 1061 114 27 performed
2930 1061 27 26 by
2966 1068 26 12 an
3007 1060 91 26 infantry
3108 1060 75 19 soldier

2750 1089 45 25 just
2803 1088 69 20 before
2891 1087 33 19 the
2949 1087 140 25 Phvongyang
3112 1086 72 20 battle.

2754 1116 61 18 Boats
2837 1120 52 14 were
2907 1113 141 26 imperatively
3071 1119 112 19 necessary,

2753 1142 36 19 but
2799 1148 58 18 every
2868 1140 97 20 available
2976 1140 53 19 craft
3038 1140 20 19 in
3069 1140 34 19 the
3114 1139 57 25 neigh-

2752 1167 89 21 borhood
2851 1167 40 19 had
2901 1167 63 19 either
2975 1167 50 18 been
3039 1165 145 26 requisitioned

2753 1195 26 24 by
2790 1194 33 19 the
2834 1193 85 20 Chinese
2930 1200 21 12 or
2959 1192 42 20 else
3011 1192 80 19 moored
3099 1198 25 13 on
3131 1192 53 19 their

2753 1221 43 19 side
2806 1220 21 19 of
2837 1220 33 19 the
2881 1220 35 19 Tai
2926 1220 54 24 dong
2997 1219 68 19 liiver.
3100 1219 44 18 One
3163 1218 22 19 of

2754 1247 33 20 the
2798 1247 102 25 Japanese
2910 1245 132 20 volunteered
3052 1247 20 17 to
3083 1251 24 19 go
3118 1251 67 13 across

2754 1274 59 19 alone
2822 1273 40 19 and
2870 1272 58 19 fetch
2936 1274 21 17 at
2964 1272 52 19 least
3035 1278 37 13 one
3091 1270 21 20 of
3130 1271 57 19 these

2755 1301 63 23 boats,
2830 1299 39 20 and
2877 1305 26 13 on
2917 1298 101 25 receiving
3036 1297 118 26 permission
3164 1298 21 19 to

2756 1326 56 20 make
2822 1326 33 19 the
2865 1325 47 20 trial
2923 1325 24 20 he
2957 1331 61 14 swam
3029 1331 72 17 across,
3112 1324 73 25 mostly

2754 1353 66 20 under
2832 1353 61 19 water
2899 1352 39 19 and
2945 1351 21 20 in
2976 1350 34 21 the
3017 1350 45 21 face
3071 1350 22 20 of
3102 1357 12 12 a
3124 1352 61 18 storm

2756 1380 21 19 of
2783 1379 82 24 bullets,
2872 1378 111 21 unmoored
2991 1383 38 14 one
3036 1377 21 20 of
3065 1376 34 21 the
3107 1376 80 21 smaller

2755 1406 63 27 junks
2830 1405 40 20 and.
2881 1404 63 21 towed
2951 1403 36 22 her
2993 1403 50 21 back
3053 1404 22 19 to
3086 1403 30 20 his

2757 1434 33 24 ing
2809 1432 62 26 place,
2900 1431 33 20 He
2956 1430 85 26 escaped
3066 1430 86 20 without
3176 1436 11 15 a

2758 1459 78 23 wound,
2849 1458 58 21 much
2914 1461 20 17 to
2945 1459 33 19 the
2989 1456 127 21 satisfaction
3126 1456 21 21 of
3157 1456 30 21 hia

2757 1486 103 27 regiment.
2889 1484 41 21 The
2940 1483 49 22 bold
2998 1484 66 21 fellow
3079 1483 17 22 is
3107 1482 42 23 said
3167 1486 21 18 to

2758 1514 24 20 be
2796 1512 34 21 the
2849 1513 88 20 Btoutest
2960 1511 40 21 and
3024 1512 52 19 moat
3099 1510 90 28 iutrepid

2758 1540 98 22 swimmer
2863 1539 22 20 in
2895 1538 35 21 the
2940 1544 63 20 army.

2838 1590 57 23 THE
2909 1590 98 22 ROYAL
3025 1588 88 25 NAVY.

2785 1647 41 21 The
2837 1646 49 24 Pall.
2891 1644 53 22 Mall
2951 1645 88 21 G-azefcfco
3047 1644 22 21 of
3078 1640 111 26 DflcemW

2759 1675 23 21 21
2795 1672 77 26 writes:
2889 1673 81 25 During
2978 1672 33 19 the
3020 1677 49 20 year
3078 1679 45 14 novr
3140 1672 49 21 clos«

2760 1703 34 25 ing
2804 1701 56 19 there
2870 1700 50 20 have
2931 1700 50 19 been
2992 1698 100 21 launched
3111 1699 33 20 for
3156 1700 33 19 tho

2760 1729 64 26 Royal
2833 1728 60 24 Navy
2903 1729 147 23 twenty-seven
3066 1726 81 24 vessels,
3158 1733 22 18 ag-

2759 1758 106 23 gregating
2885 1754 71 22 31,525
2976 1755 45 17 tons
3041 1752 49 20 with
3109 1753 82 25 engines

2759 1783 22 19 of
2791 1782 87 23 451,250
2887 1778 100 22 indicated
2996 1783 133 22 horsepower.
3150 1780 41 19 The

2760 1813 43 17 cost
2813 1808 21 20 of
2841 1807 57 20 these
2908 1806 76 20 vessels
3002 1807 58 18 when
3078 1805 111 26 completed

2760 1835 41 21 will
2811 1836 24 19 be
2844 1833 133 25 £2,413,570.
3019 1832 46 20 This
3089 1832 51 20 total
3158 1839 33 14 ex-'

2761 1863 68 20 eludes
2849 1861 84 25 torpedo
2952 1860 64 24 boats,
3036 1859 21 20 of
3077 1859 63 20 which
3154 1860 38 19 five

2762 1891 49 18 have
2820 1889 51 19 been
2881 1886 139 21 constructed.
3043 1886 42 19 The
3093 1886 98 26 principal

2761 1915 63 21 vessel
2836 1915 15 19 is
2862 1914 35 20 the
2909 1912 144 27 Magnificent,
3070 1912 35 20 the
3122 1914 49 18 next
3180 1920 12 12 a

2761 1942 76 20 crusier
2857 1941 22 19 of
2897 1941 52 19 SGOO
2968 1942 51 21 tons,
3039 1940 34 19 the
3089 1938 102 25 Minerva,

2761 1967 99 21 launched
2870 1967 72 20 within
2951 1972 60 15 seven
3022 1965 79 20 months
3120 1965 21 20 of
3157 1966 36 20 her

2761 1995 44 21 keel
2815 1995 60 25 bring
2885 1994 40 19 laid
2940 1995 23 18 at
2982 1992 130 21 Portsmouth
3121 1992 4 28 ;
3135 1992 57 21 three

2763 2021 82 26 torpedo
2856 2021 100 25 gunboats
2966 2019 53 20 built
3034 2021 23 17 at
3066 2020 125 24 Devonport,

2761 2049 34 19 the
2807 2047 98 26 Halcyon,
2918 2046 87 21 Harrier
3012 2046 40 19 and
3059 2046 86 22 Hussar,
3153 2046 40 19 and

2761 2082 10 12 a
2782 2075 60 19 sister
2850 2074 70 24 vessel,
2939 2074 36 19 the
2991 2072 90 24 Hazard,
3103 2067 52 24 built
3171 2074 23 17 at

2761 2100 119 23 Pembroke;
2901 2100 59 19 while
2978 2098 34 19 the
3036 2098 52 18 total
3111 2100 22 16 oi:
3160 2098 34 19 the

2761 2126 101 26 dockyard
2878 2125 53 20 work
2949 2125 18 20 is
2986 2124 57 19 made
3062 2130 28 19 up
3109 2123 26 26 by
3154 2126 38 19 two

2762 2154 66 24 sloops
2848 2152 49 20 with
2920 2153 57 24 large
2996 2150 36 19 sail
3050 2156 47 13 area
3120 2152 22 17 to
3168 2152 26 19 be

2762 2178 97 23 launched
2870 2180 54 19 from
2938 2180 109 19 Sheernees
3067 2178 49 18 next
3132 2178 62 21 week.

2761 2208 64 19 These
2848 2204 170 28 dockyard-built
3051 2204 74 21 vessels
3151 2208 43 17 cost

2762 2234 131 24 £1,803,576.
2944 2232 41 19 Tho
3008 2231 57 20 work
3094 2230 100 22 launched

2762 2261 51 20 from
2825 2260 79 25 private
2923 2258 165 21 establishments
3106 2258 31 19 for
3158 2258 35 21 the

2762 2295 51 19 navy
2824 2286 96 20 included
2935 2284 94 26 eighteen
3048 2285 146 24 torpedo-boat

2762 2315 116 23 destroyers
2888 2313 21 19 of
2918 2311 167 26 27-knotspesd,
3102 2312 21 19 of
3130 2311 62 20 which

2762 2348 60 13 seven
2832 2341 49 20 have
2896 2340 49 19 been
2966 2338 52 19 tried
3038 2338 48 19 with
3104 2339 80 20 satisfac-

2763 2370 45 23 tory
2824 2368 81 19 results.
2942 2366 66 19 There
3027 2371 52 14 were
3097 2365 41 20 also
3156 2366 38 21 five

2762 2394 152 26 torpedo-boats
2925 2392 39 21 and
2975 2399 11 12 a
3005 2391 100 26 tug-boat.
3133 2392 28 19 As
3172 2394 22 19 to

2762 2422 34 19 the
2804 2420 54 21 work
2870 2420 20 19 in
2900 2425 71 14 course
2982 2418 23 20 of
3024 2421 137 18 construction
3172 2419 21 20 in

2763 2449 33 19 the
2808 2447 121 26 dockyards,
2940 2446 45 19 that
2993 2445 95 24 includes,
3107 2445 21 20 in
3138 2444 44 21 addi-

2763 2476 40 19 tion
2823 2476 21 18 to
2861 2474 34 19 the
2914 2472 142 26 Magnificent,
3072 2474 30 19 six
3121 2472 62 20 battle-

2761 2502 54 24 ships
2826 2500 22 20 of
2856 2508 8 12 a
2878 2500 75 20 similar
2964 2502 54 22 type,
3027 2505 37 13 one
3074 2500 89 19 Renown
3172 2500 22 19 of

2763 2529 69 21 12,350
2843 2529 52 22 tons,
2908 2528 39 17 tvvo
2959 2525 57 20 other
3031 2526 88 20 cruisers
3127 2526 22 19 of
3159 2527 34 19 the

2763 2555 92 20 Min-rva
2866 2557 53 22 type,
2931 2552 39 20 and
2982 2554 39 17 two
3032 2553 66 25 sloops
3109 2554 19 19 in
3140 2553 44 20 addi-

2763 2587 40 14 tion
2815 2583 21 18 to
2846 2581 34 19 the
2891 2582 41 17 two
2943 2578 105 21 launched.
3064 2580 55 19 Next
3128 2581 65 23 year's

2763 2614 124 20 programme
2897 2606 40 20 will
2949 2605 80 20 include
3041 2613 37 12 one
3090 2606 103 20 lirst-class

2761 2636 80 22 cruiser,
2852 2634 48 19 four
2910 2632 135 21 second-class
3055 2633 88 20 cruisers
3154 2634 40 19 and

2762 2669 9 12 u
2782 2661 53 20 third
2845 2661 52 19 class
2907 2660 85 19 cruiser.
3010 2659 26 19 In
3048 2660 77 24 private
3134 2661 60 24 yards

2761 2688 56 19 thero
2827 2694 34 12 are
2872 2686 92 24 builaing
2983 2688 39 17 two
3044 2686 149 26 Magnificents,

2761 2716 39 17 two
2808 2714 108 22 Terribles,
2928 2712 88 20 cruisers
3027 2712 21 19 of
3058 2714 71 23 1-1,000
3140 2715 52 19 tons.

2761 2742 70 22 24,000
2840 2740 61 25 i.h.p.,
2912 2740 39 19 and
2969 2740 87 18 22-knot
3076 2740 65 24 speed,
3152 2740 41 19 and

2761 2768 35 18 five
2807 2767 112 23 Minervas,
2933 2766 19 19 iu
2966 2766 90 19 addition
3076 2769 21 16 to
3109 2766 33 19 'die
3152 2767 30 18 tor-

2762 2794 48 24 pedo
2822 2794 45 18 boat
2878 2793 123 25 destroyers,
3022 2792 22 19 of
3064 2792 61 19 which
3137 2792 55 21 there

2761 2827 33 12 are
2803 2820 94 19 fourteen
2909 2822 34 22 yet
2954 2822 21 17 to
2986 2818 79 21 lauueh.

2799 2876 58 19 THE
2873 2875 155 20 AMERICAN
3049 2875 103 20 MONEY

2931 2901 97 21 CRISIS.

2789 2956 13 19 A
2814 2956 68 19 writer
2894 2956 52 20 from
2957 2958 50 18 New
3018 2956 57 19 York
3094 2963 53 14 some
3164 2958 30 19 fix

2762 2982 64 20 weeks
2837 2989 37 18 ago
2885 2983 103 25 evidently
3004 2984 83 19 foresaw
3098 2984 35 19 the
3149 2991 34 18 pre-

2760 3011 44 17 sent
2815 3010 57 18 crisis
2884 3010 40 18 and
2948 3010 47 19 then
3021 3010 119 19 wrote:—lf
3159 3010 34 20 the

2760 3035 55 19 draft
2825 3035 21 19 of
2855 3035 48 25 gold
2913 3042 26 12 on
2948 3036 36 19 the
2997 3036 101 25 Treasury
3117 3038 65 18 contin-

2760 3068 36 12 ues
2806 3068 22 12 as
2838 3061 16 19 it
2863 3061 37 19 lias
2911 3062 32 19 for
2953 3062 34 19 tlio
3005 3064 47 23 past
3070 3064 38 18 two

2759 3089 16 17 it
2792 3087 40 19 will
2844 3089 36 17 not
2896 3088 27 19 lie
2941 3088 49 25 long
3008 3088 70 20 before
3093 3089 34 18 tlie
3145 3089 49 24 gold

2760 3113 86 19 realized
2856 3113 28 26 by
2889 3114 36 19 the
2934 3114 43 19 sale
2986 3115 21 19 of
3018 3121 36 12 our
3061 3115 46 21 fifty
3115 3115 79 19 million

2760 3140 21 19 of
2790 3139 64 19 bonds
2865 3140 16 18 is
2895 3140 119 24 exhausted,
3034 3140 40 19 and
3093 3141 33 18 the
3145 3141 49 24 gold

2759 3172 78 12 reserve
2848 3166 40 18 will
2897 3166 27 19 be
2933 3167 92 23 reduced,
3034 3173 22 12 as
3065 3167 14 18 it
3087 3173 40 12 was
3134 3173 12 13 a
3153 3167 41 19 few

2760 3195 65 16 weeks
2835 3198 39 19 ago
2883 3194 22 17 to
2914 3199 12 12 a
2940 3192 54 20 trifle
3012 3199 48 13 over
3077 3193 54 24 sixty
3148 3193 36 19 rail-

2759 3218 44 18 lons
2822 3218 21 19 of
2861 3218 81 20 dollars.
2985 3219 32 19 No
3036 3225 48 13 man
3106 3225 36 13 can
3157 3219 37 19 tell

2760 3244 54 19 what
2833 3251 11 12 a
2863 3245 70 25 couple
2953 3245 21 19 of
2991 3252 58 17 years
3071 3251 47 18 may
3132 3245 62 25 bring

2759 3270 61 24 forth,
2832 3270 38 19 but
2880 3273 21 17 at
2919 3274 82 22 present
3014 3271 56 19 there
3089 3271 17 19 is
3131 3278 12 12 a
3159 3271 23 19 de-

2759 3296 82 25 ficiency
2852 3297 21 18 of
2880 3299 84 23 seventy
2974 3297 87 19 millions
3080 3297 21 19 of
3119 3297 75 19 dollors

2759 3323 79 25 staring
2844 3329 24 12 us
2878 3323 20 18 in
2908 3323 36 20 the
2959 3323 50 24 face,
3029 3323 17 18 if
3055 3323 41 18 this
3110 3325 50 17 state
3171 3323 22 19 of

2760 3348 70 19 affairs
2849 3350 105 18 continues
2976 3350 33 18 till
3020 3351 56 21 1896,
3096 3350 40 19 and
3157 3350 35 19 the

2759 3374 138 25 Republicans
2911 3375 74 19 should
2994 3382 57 18 carry
3058 3375 34 19 the
3102 3376 90 24 election,

2760 3401 40 18 and
2917 3401 111 25 McKinley
3037 3408 23 12 or
3068 3401 51 20 Tom.
3136 3402 58 19 lieed

2760 3433 76 19 occupy
2846 3426 34 19 the
2890 3427 58 20 chair
2957 3434 45 13 now
3010 3427 55 19 filled
3073 3428 28 23 by
3117 3428 77 19 Grovcr

2760 3452 116 21 Cleveland,
2904 3454 49 24 they
2985 3454 67 24 might
3080 3454 42 19 find
3157 3454 35 19 the

2759 3478 97 19 National
2874 3480 102 24 Treasury
2994 3487 22 12 as
3034 3480 17 19 it
3068 3486 41 13 was
3122 3480 72 19 before

2759 3504 34 20 the
2802 3511 49 14 war:
2866 3504 123 27 E-m-p-t-y!

1084 40 57 21 THE
1154 39 61 22 HOT
1230 38 93 21 LAKES
1339 35 174 24 CHRONICLE,
1529 32 191 25 WEDNESDAY,
1735 31 156 21 FEBRUARY
1919 32 22 24 G,
1967 32 58 23 ISOS,

2756 4037 70 16 Printed
2837 4037 35 16 and
2883 4037 93 21 published
2994 4037 28 16 for
3033 4038 29 15 tlio
3074 4037 115 21 proprioot.ors

2776 4059 19 15 at
2810 4059 27 16 his
2851 4059 96 20 registered
2953 4059 79 20 printing
3042 4058 47 16 office
3112 4058 78 17 Rotorua

2776 4080 22 21 by
2806 4080 59 17 Percy
2875 4081 60 17 Jamj43
2944 4080 100 20 Hammond,
3056 4079 19 17 of
3082 4079 82 18 Rotorua.

2797 4106 156 22 WDWESDAY
2971 4106 88 20 MARCH
3077 4108 66 28 6.J.895,

83 3781 41 20 Tlie
134 3785 89 22 greatest
232 3784 61 25 depth
303 3784 20 19 in
336 3784 63 20 which
419 3792 12 12 a
440 3786 44 25 ship

56 3808 37 19 has
113 3809 46 19 been
176 3810 97 19 anchored
289 3811 16 18 ia
325 3812 58 22 2,000
399 3812 85 19 fathoms

60 3834 149 27 (considerably
228 3843 54 13 more
297 3836 48 20 than
357 3840 38 16 two
411 3838 63 24 miles)

58 3862 10 18 'i.
77 3861 28 19 his
116 3868 37 12 was
164 3862 144 24 accomplished
327 3864 25 24 by
364 3864 33 18 the
407 3864 75 19 United

57 3887 68 19 States
137 3888 61 19 vessel
211 3887 4 28 1
227 3888 62 20 Blake
298 3887 3 28 '
313 3889 56 20 when
380 3890 103 25 employed

57 3920 25 12 ori
102 3913 34 20 the
147 3914 53 19 work
220 3916 17 17 oi
237 3913 3 28 ;
254 3915 93 26 charting
357 3916 35 19 the
407 3916 78 19 various

57 3941 95 18 currents
163 3940 25 25 by
199 3941 60 19 which
271 3941 33 19 the
324 3942 111 20 Caribbean
447 3942 38 20 Sea

56 3966 40 18 and
120 3966 26 19 its
174 3967 127 24 approaches,
324 3968 35 19 the
390 3968 50 20 Gulf
463 3968 21 20 ot'

57 3991 86 24 Mexico,
153 3993 39 19 and
203 3993 32 19 the
296 3991 2 28 -
316 3995 77 19 Stream
406 4001 78 18 proper,

56 4025 35 13 are
108 4018 151 20 characturiprd.
287 4019 53 20 Such
350 4028 12 12 a
371 4021 43 19 feat
432 4028 21 12 as
462 4023 22 18 to

57 4045 76 19 anchor
155 4045 21 19 in
195 4046 58 22 2,000
273 4045 89 21 fathoms
382 4047 22 19 of
424 4050 61 18 water

46 4071 84 24 'would,
148 4078 12 13 a
180 4071 56 19 short
246 4071 45 20 time
307 4079 44 18 ago,
371 4073 49 21 have
435 4074 49 20 been

56 4098 81 23 deemed
148 4097 56 28 quite
214 4097 121 27 impossible,

502 4093 39 21 avid
551 4094 48 20 thou
610 4099 63 16 comes
681 4094 69 20 maize.

1516 1557 203 42 REWJIRD,

1570 1625 38 20 and
1623 1624 99 21 residents
1742 1623 26 28 by
1784 1631 34 20 pay-

1404 1646 19 30 jj.
1519 1659 35 19 lug
1565 1659 11 13 a
1589 1651 48 21 visit
1651 1653 21 19 to
1686 1650 35 21 the

1441 1688 159 32 COMET
1621 1686 176 32 STORES

1490 1726 113 26 Adjoining
1618 1724 56 21 Lako
1683 1724 57 21 Yiew

1436 1761 53 20 Will
1499 1762 24 19 be
1533 1761 102 19 rewarded
1650 1760 26 25 by
1687 1759 105 26 obtaining

1397 1794 98 27 Fruit
1519 1794 26 26 &
1569 1792 263 32 Confectionery

1396 1838 22 17 at
1438 1836 106 20 reasnable
1563 1835 72 26 prices.
1663 1835 19 20 A
1699 1834 74 19 nimble
1789 1834 30 19 six

1411 1869 60 19 penes
1482 1863 16 19 is
1505 1862 67 20 better
1583 1862 49 19 than
1642 1869 12 12 a
1664 1862 49 19 slow
1728 1860 88 26 shilling.

1531 1903 13 25 A
1557 1902 101 26 VARIETY
1672 1902 26 26 OF

1466 1944 157 26 Summer
1636 1943 128 27 Drinks

1397 1982 75 25 always
1482 1982 20 19 in
1515 1981 58 20 stock
1587 1980 105 26 including
1706 1981 20 18 J.
1738 1980 25 19 1?-
1773 1980 48 19 Peat-

1397 2008 54 19 son's
1462 2008 115 19 celebrated
1590 2006 213 21 lIOMS.HSMOUR
1809 2006 23 20 I>

1505 2034 57 19 Note
1570 2034 33 19 the
1617 2034 83 19 address

1397 2067 86 26 THE
1523 2067 142 26 COMET
1697 2066 134 27 STORE

1437 2109 48 19 And
1495 2109 54 19 mind
1563 2115 40 19 you
1618 2108 58 19 don't
1691 2108 68 25 forget
1768 2107 23 19 it.

1424 2159 45 38 W.
1490 2158 186 36 Blomfield
1692 2158 36 36 &
1742 2157 64 46 Co,,

1396 2218 207 21 TOTALISATOR
1623 2218 208 26 PROPRIETORS-

1423 2257 40 17 Are
1470 2255 99 25 prepared
1577 2257 19 17 (o
1611 2255 56 19 make
1674 2257 158 22 arrangements

1397 2288 24 12 on
1441 2281 119 19 favourable
1579 2283 64 18 terms
1666 2282 32 19 for
1714 2281 36 20 the
1760 2288 37 13 use
1810 2281 21 19 of

1397 2307 53 21 their
1462 2307 108 21 machines.

1571 2348 100 20 Adjhiess

1399 2388 44 39 W,
1482 2388 187 36 Blomfield
1705 2388 36 37 &
1776 2389 54 40 Go,

1467 2435 106 34 QUEEN
1634 2435 130 34 STREET,

1528 2467 172 24 AUCKLAND.

1559 2517 23 26 [a
1599 2518 71 25 card.]

1400 2549 50 48 J.
1485 2549 79 47 W
1696 2550 70 20 101

1519 2608 166 26 AECHITECT,

1503 2652 16 19 II
1535 2652 15 19 0
1566 2652 16 19 T
1597 2652 18 19 O
1630 2653 18 18 li
1664 2653 20 16 TT
1700 2653 26 18 A.

1134 2697 213 28 official
1370 2698 282 28 testimony.

1050 2757 240 39 KITCHEN'S
1314 2758 150 39 BLOOD
1487 2759 244 38 RESTORER

947 2808 43 16 Won
997 2808 40 19 high
1044 2808 71 14 honours
1122 2806 18 14 at
1147 2805 27 15 the
1183 2804 72 16 Colonial
1263 2805 89 17 Inlustrial
1361 2806 97 18 Exhibition
1468 2808 39 15 held
1514 2808 17 16 in
1540 2808 109 19 Wellington,
1658 2809 33 16 and
1705 2809 16 15 in
1736 2810 27 14 the
1774 2809 58 15 official

986 2829 56 17 report
1049 2825 89 17 submitted
1145 2825 16 14 to
1168 2825 28 15 the
1204 2824 112 17 Govoininfriit
1326 2826 27 15 Iho
1361 2826 86 19 following
1454 2827 82 16 referenca
1545 2832 32 11 was
1584 2829 48 15 made
1640 2829 16 14 to
1664 2829 36 14 it.—
1717 2837 6 4 -

967 2848 69 18 '•Jiemy
1045 2847 19 15 A.
1075 2846 23 14 11.
1106 2844 85 18 Hitehens,
1196 2844 94 20 Auckland,
1298 2845 47 15 sends
1350 2850 11 10 a
1368 2846 52 19 small,
1428 2843 32 19 lint
1468 2848 75 14 valuable
1551 2847 68 18 exhibit,
1627 2848 92 19 consisting
1733 2848 17 15 of
1764 2853 11 10 a
1780 2853 40 14 vege-

947 2867 43 16 table
998 2865 91 20 compound
1097 2865 44 14 from
1197 2864 11 14 Z
1219 2864 49 15 aland
1275 2864 53 19 herbs,
1335 2865 26 14 for
1366 2865 28 15 the
1402 2871 38 10 cure
1448 2867 17 14 of
1479 2867 106 19 Indigestion,
1601 2867 119 16 Rheumatism,
1735 2868 98 15 llheumat.'c

947 2888 46 14 Gout
1003 2886 33 15 and
1043 2884 95 20 Impurities
1145 2884 16 13 oi
1169 2883 26 15 the
1203 2883 58 15 Blood.
1284 2884 32 14 The
1322 2885 57 15 maker
1386 2890 33 11 ana
1427 2886 81 16 exhibitor
1521 2886 56 16 claims
1592 2887 26 15 for
1636 2887 31 15 this
1678 2887 79 16 mediciue
1769 2891 50 12 sever;
1827 2887 5 15 1

947 2906 91 20 important
1045 2904 81 20 qu:slilies,
1134 2903 33 15 i-nd
1175 2903 29 15 has
1211 2902 59 19 gained
1277 2904 28 14 the
1315 2904 37 15 first
1359 2904 47 15 order
1413 2905 18 16 of
1441 2905 48 16 merit
1496 2906 43 15 from
1547 2906 28 15 the
1586 2905 65 21 judgrs.
1679 2907 35 15 The
1729 2907 103 19 preparation

947 2926 12 15 is
966 2926 30 16 not
1004 2930 17 10 to
1029 2926 20 14 be
1056 2922 103 17 confounded
1166 2923 39 14 with
1213 2922 78 20 ordinary
1298 2924 53 18 quack
1359 2924 94 20 medicines,
1461 2924 87 16 inasmuch
1552 2930 18 10 as
1577 2926 13 14 it
1604 2926 13 15 is
1632 2926 27 15 the
1665 2926 72 19 product
1750 2926 18 15 of
1782 2931 50 15 many

947 2951 48 14 years
1002 2945 18 13 <■>'
1030 2941 2 24 :
1040 2944 41 19 Uuly
1089 2943 31 15 and
1128 2941 118 23 investigation
1251 2942 19 19 by
1279 2948 20 10 an
1308 2944 73 14 eminent
1388 2944 83 19 phyti'.ian
1479 2945 18 15 of
1502 2945 27 15 the
1538 2947 50 17 .Army
1595 2945 70 16 Medical
1677 2945 47 19 Stall',
1732 2946 39 15 with
1780 2946 52 15 whom

947 2966 29 15 the
983 2964 63 16 exhibit
1058 2969 7 9 ;•
1072 2962 56 16 .-ervel
1136 2961 42 15 durii
1185 2966 11 14 g
1204 2961 28 16 the
1244 2961 41 15 .\ew
1293 2962 68 15 Zjalaml
1374 2968 35 10 wav
1422 2969 17 10 as
1454 2964 77 15 assistant
1542 2964 88 19 Disponed'
1637 2966 18 14 to
1673 2966 27 14 iho
1714 2966 41 14 New
1762 2966 71 15 Zealand

947 2985 63 15 Forces.
1032 2984 27 14 I»Ir
1067 2982 80 16 ili'.chens
1279 2982 27 15 the
1314 2987 45 10 cures
1366 2983 18 14 of
1394 2983 117 20 Rheumatism,
1519 2985 30 16 etc,
1558 2984 67 15 effected
1634 2985 21 18 by
1669 2985 26 14 his
1705 2985 86 18 medicine,
1803 2990 28 10 are

984 3003 69 19 entirely
1060 3004 18 14 to
1086 3002 19 14 its
1115 2999 89 17 wonderiui
1212 3001 48 14 effect
1267 3006 43 14 upon
1319 3001 26 15 the
1353 3002 48 16 blood
1415 3003 21 19 by
1451 3003 21 16 its
1479 3004 89 20 cleansing,
1575 3004 92 20 purifying,
1679 3005 33 14 and
1722 3005 110 19 invigorating

947 3028 60 15 power*
1028 3023 18 15 It
1057 3022 13 16 is
1075 3020 47 18 made
1130 3020 44 15 from
1181 3020 41 14 Xcw
1229 3020 71 16 Zealand
1311 3020 48 16 herbs
1365 3022 33 16 and

1184 3067 220 26 NOTABLE
1439 3071 161 24 CURES.

948 3103 92 20 Mention
1049 3102 17 19 is
1075 3100 58 20 m:ido
1143 3100 21 19 of
1173 3099 34 20 tlio
1217 3100 105 26 following
1329 3107 21 12 as
1361 3107 11 12 a
1382 3102 39 19 few
1428 3104 21 18 of
1457 3104 34 18 the
1500 3104 108 19 multitude
1618 3104 21 19 of
1649 3111 56 12 cures
1715 3104 89 20 effected:
1808 3116 25 2 —

968 3137 58 16 Sciatic
1028 3142 25 9 a—
1058 3132 24 29 (•;■
1085 3137 17 17 l>t
1117 3135 91 19 I'.ii'ijuli.u',
1224 3139 26 10 s.p.
1270 3132 120 29 ■GlniKiimi],'l
1398 3140 47 14 (.f.ujt
1454 3139 28 20 Dy
1484 3145 23 11 sel
1507 3141 51 19 ]tory,
1568 3140 62 16 cau.sed
1644 3140 21 20 by
1674 3140 80 21 working
1762 3140 18 16 in.
1798 3140 33 16 bad

947 3157 91 16 Auckland
1044 3156 54 15 whose
1105 3159 35 11 case
1148 3159 33 10 was
1187 3154 94 16 considered
1287 3155 17 15 to
1312 3154 20 16 be
1337 3155 43 19 hope

948 3178 35 14 loss.

967 3197 20 15 IV
995 3201 19 10 en
1016 3196 35 16 mat,
1051 3195 31 15 i-m
1089 3194 17 15 of
1114 3194 27 14 the
1148 3194 40 16 Feet
1189 3193 64 19 —Gapt
1259 3193 56 16 James
1322 3194 46 15 Avon-

948 3217 44 17 dale,
1001 3215 93 17 Auckland,
1103 3214 18 16 17
1129 3218 48 15 years
1187 3213 83 19 standing.

968 3234 98 16 Rheumatic
1074 3234 50 18 Gout,
1133 3238 17 10 so
1156 3233 34 15 bad
1198 3232 36 15 that
1241 3232 27 15 tlie
1275 3232 65 20 patient
1347 3233 33 16 had

948 3256 17 14 to
973 3255 19 15 be
998 3254 48 16 lifted
1054 3254 15 15 in
1077 3253 34 16 and
1118 3254 29 13 out
1154 3252 17 15 of
1178 3252 30 15 bed
1228 3252 28 15 Mr
1265 3252 25 15 W.
1305 3252 74 20 Hunter,

948 3274 74 17 Ormond
1030 3274 70 18 Poverty
1110 3273 44 19 Bay.

1399 3161 24 15 air
1432 3161 33 16 and
1473 3163 32 14 wet
1514 3161 53 16 mines
1575 3163 19 14 at
1600 3161 28 16 the
1634 3161 119 17 Thames—lX
1771 3162 58 16 Elkiii,

1422 3182 169 16 Rheumatism—Mr
1600 3182 60 16 James
1668 3182 54 21 Poole,
1732 3183 99 16 Auckland.

1420 3203 96 16 Cancerous
1543 3203 51 17 Ulcer
1614 3204 19 16 in
1652 3203 96 17 Face—Mr
1764 3203 29 18 W.
1812 3205 18 15 C.

1399 3224 76 19 Walker,
1486 3225 97 16 Auckland.

1420 3246 102 16 Rheumatio
1543 3246 98 16 Gout—Mr
1659 3246 84 17 Edwards
1756 3247 74 19 Waters,

1399 3267 125 19 Confc-cli.mor,
1542 3267 94 20 Auckland;
1646 3268 28 15 Mr
1680 3269 100 16 Alexander
1789 3269 32 14 Bar-

971 3293 103 17 j:hf;uiTi!itic
1082 3292 105 15 Fevov—Mr
1203 3292 69 19 B.ovn,
1289 3292 92 16 Britannia
1388 3285 3 28 |
1399 3290 38 16 rctt.
1524 3289 62 18 Street,
1602 3289 105 18 Auckland;
1724 3290 29 15 Mr
1771 3290 21 15 E.
1809 3290 22 15 D.

948 3315 35 17 Hoi
1039 3314 71 16 Nelson.
1389 3309 2 23 I
1500 3309 103 22 \6t«ijnai'y
1612 3311 84 20 Su.gcon,
1710 3311 100 16 Auckland.

971 3327 103 25 Jilieu'matic
1089 3335 53 19 Gout,
1159 3334 75 20 Dropsy,
1255 3335 57 20 Ague,
1329 3334 53 17 Liver
1409 3331 120 16 Rheumatism
1539 3332 17 15 in
1563 3332 29 15 the
1599 3331 57 16 Knees
1663 3332 32 19 and
1695 3332 54 19 Feet,
1757 3332 73 20 brought

949 3358 104 20 Complaint,
1063 3357 32 15 and
1105 3356 79 16 Stomach
1201 3356 66 20 Cough,
1286 3357 44 14 most
1345 3349 35 29 dis-
1389 3349 3 29 I
1430 3353 22 20 by
1462 3352 78 21 working
1548 3353 17 15 in
1575 3354 104 15 water—Mr
1693 3354 85 16 Matthew
1795 3354 36 15 Box

949 3379 125 20 trofsiug—Mr
1090 3377 76 20 Waugli.
1185 3377 82 21 Bombay,
1288 3377 80 16 Waikato
1376 3373 4 26 ;
1399 3373 79 18 Thames.

949 3401 50 20 given
1011 3406 28 14 up,
1049 3405 21 10 no
1079 3399 44 20 hope
1131 3399 40 15 held
1180 3403 34 15 out,
1225 3399 129 15 recommended
1364 3400 17 14 to
1421 3395 128 18 Rheumatism,
1560 3396 72 19 causing
1643 3396 66 16 intense
1717 3396 48 21 pain,
1776 3396 55 16 which

980 3422 48 16 homo
1036 3420 34 17 and
1081 3421 34 15 die.
1399 3417 93 20 prevented
1501 3417 28 15 th<-
1538 3417 66 20 patient
1612 3419 44 14 from
1665 3417 53 21 being
1726 3418 105 16 overturned

972 3442 127 17 Inflammation
1115 3443 18 14 of
1147 3441 29 16 the
1190 3441 53 16 Jiivc-r
1261 3441 34 15 and
1312 3441 68 16 Gastric
1399 3438 17 15 in
1425 3438 32 15 bod
1480 3438 29 15 Mr
1517 3438 58 15 Drvid
1584 3438 61 21 Barry,
1655 3439 40 16 Nov.
1700 3440 36 16 ton.

949 3464 50 16 Juice
1006 3465 17 15 of
1032 3464 28 15 the
1072 3462 132 17 Stomach—Mr
1217 3462 76 16 Thomas
1308 3462 70 21 Macky,
1421 3459 74 16 Chronic
1503 3459 150 21 Dysentery—Mr
1660 3460 22 17 A.
1692 3460 81 21 Bettany,
1785 3460 43 16 Pon-

950 3485 28 16 Me
981 3486 65 18 reliant,
1056 3485 98 15 Auckland.
1399 3481 54 19 sonby
1461 3480 55 17 Bond.
1534 3481 95 16 Auckland.

971 3506 61 20 Lupuß
1038 3507 17 14 of
1061 3507 28 14 the
1095 3505 95 17 Face—Mr
1196 3505 81 20 Dickson,
1288 3505 92 16 Auckland
1421 3502 74 16 Chronic
1510 3502 120 16 Rheumatism
1649 3504 17 14 in
1686 3503 29 16 the
1724 3504 53 20 spine,
1790 3504 37 19 liip,

971 3527 104 17 Rheumatic
1084 3526 97 16 Guut—Mr
1199 3526 99 20 BUokmau,
1314 3526 62 16 'Even-
1400 3523 48 19 knee,
1455 3523 60 21 joints,
1529 3523 34 16 calf
1571 3524 18 15 of
1599 3524 29 15 the
1641 3524 34 20 leg,
1698 3525 32 15 and
1753 3525 77 16 toes—T.

950 3549 28 20 ing
989 3549 45 16 Star'
1044 3548 52 19 cfiico,
1110 3547 97 16 Auckland.
1399 3544 80 21 Moigan.
1489 3544 62 17 Mount
1559 3544 49 16 Eden
1618 3545 54 20 Road,
1682 3546 96 16 Auckland.

971 3570 120 17 Rheumatism
1101 3570 18 15 of
1135 3570 19 15 2;!
1174 3568 56 21 years'
1247 3568 134 21 standing—Mr
1399 3566 104 15 Rheumatic
1512 3566 51 20 Gout,
1575 3566 58 16 which
1642 3567 77 15 confined
1728 3568 29 15 the
1763 3568 67 19 patient

949 3592 29 16 Wi
987 3593 40 15 li.nn
1035 3591 84 19 McEvoy,
1130 3591 36 15 Pitt
1174 3591 77 21 Terrace,
1261 3589 96 17 Auckland.
1400 3588 17 14 to
1425 3587 28 16 his
1461 3587 31 16 bed
1499 3587 27 16 for
1539 3587 55 16 weeks
1597 3587 75 17 —MrT.
1682 3588 18 16 J.
1718 3588 111 22 Bainbridgc,

971 3613 78 20 Scialica,
1060 3613 34 15 and
1102 3605 142 27 Lumbago—Mr
1251 3611 23 16 N.
1282 3611 98 20 McMillan,
1399 3608 96 20 Ponsonby,
1507 3608 97 17 Auckland.

949 3634 67 17 Vulcan
1026 3634 53 19 Lane,
1089 3631 96 18 Auckland.

1428 3629 74 17 General
1520 3630 79 20 Debility
1610 3631 34 15 and
1663 3630 115 22 Indigestion,
1797 3632 33 16 and

971 3655 151 21 Lumbago—Mrs
1133 3655 51 21 Mary
1192 3655 59 19 Knox,
1260 3654 71 20 Rokeby
1347 3654 33 17 St..
1400 3651 80 20 inability
1489 3652 18 15 to
1515 3652 43 20 keep
1564 3652 85 24 anything
1663 3657 21 10 on
1695 3652 30 16 tho
1733 3653 97 16 stomach—

949 3677 97 17 Auckland.
1401 3672 27 15 Mr
1437 3671 63 17 Gerald
1509 3672 60 20 Graso,
1578 3672 61 20 Kybcr
1646 3673 46 20 Pass,
1700 3674 96 17 Auckland.

971 3697 132 18 Sciatica—Mrs
1113 3698 18 16 J.
1140 3697 88 21 Renwick,
1243 3697 58 16 Drake
1317 3697 28 16 Sir
1356 3697 24 19 ot,
1435 3693 124 17 Sciatica—Mr
1574 3693 46 16 John
1636 3694 50 21 Koss,
1700 3695 54 16 Duko
1769 3696 61 17 Street.

949 3720 98 16 Auckland.
1399 3714 98 17 Auckland.

971 3740 119 18 Rheumatism
1099 3739 18 17 of
1125 3742 19 14 20
1154 3741 55 20 years'
1226 3740 81 19 standing
1324 3739 56 17 which
1423 3736 94 21 Discliargo
1523 3737 19 16 of
1552 3737 52 16 Blood
1613 3739 43 14 irom
1664 3737 29 17 tlio
1699 3737 133 23 Bowels—Capt

950 3763 76 20 brought
1034 3768 21 10 on
1062 3762 74 16 Asthma
1144 3762 34 15 and
1184 3761 120 21 Dropsy—Mr
1311 3761 70 16 Samuel
1399 3758 20 16 T.
1429 3757 96 26 Aldridgo.^

949 3784 55 17 Field,
1016 3784 45 16 Lorn
1070 3784 56 15 Stieet
1133 3783 96 17 Auckland.
1422 3779 52 16 Great
1482 3779 78 21 Debility
1567 3780 98 16 audßlcodi

1567 3780 34 16 and
1606 3780 85 21 Bleeding
1700 3782 18 14 at
1727 3781 29 16 tlio
1764 3781 56 17 Nose-

971 3805 120 16 Rheumatism
1094 3804 48 16 —Mr
1149 3804 24 16 ft.
1182 3805 62 20 Lewis,
1255 3804 59 18 Queen
1324 3803 58 17 Street
1399 3800 28 16 Mr
1435 3800 74 17 Ihnmas
1517 3801 81 19 Pellican,
1614 3801 99 21 Ponsonby.

950 3827 96 16 Auckland.

971 3848 74 16 Sciatica
1054 3848 33 15 and
1095 3847 142 21 Lumbago—Mr
1245 3847 50 17 Chas.
1305 3848 63 21 lloney

950 3869 66 21 combe,
1027 3869 95 18 Auckland,

1420 3822 96 18 Neuralgia
1524 3822 33 16 and
1566 3822 78 17 Nervous
1652 3823 138 21 Debility—Mrs
1806 3824 24 17 li.

1401 3843 63 20 Wuite,
1474 3843 97 17 Auckland.

1421 3864 51 16 After
1479 3864 59 16 off-lets
1555 3865 18 15 of
1580 3865 103 17 Rheumatic
1702 3866 59 21 Fever,
1777 3868 53 15 which

978 3890 103 17 Rheumatic
1101 3890 97 17 Gout—Mr
1213 3890 59 20 Elliot,
1291 3890 88 21 McGuire,
1399 3886 5 15 '
1406 3892 9 10 e
1456 3891 14 10 10
1478 3886 67 20 Patient
1552 3886 125 21 helpless—Mr
1684 3887 47 17 John
1740 3888 24 16 11.
1774 3888 53 17 Joacs

950 3911 78 16 Contract
1032 3917 24 15 or,
1066 3913 13 14 A
1083 3911 82 21 uekland.

973 3933 73 16 Chronic
1066 3933 170 16 Rheumatism—Mr
1255 3933 68 16 Ronald
1341 3933 39 16 Mc-

950 3954 73 20 Donald,
1033 3954 88 17 Rollesfcon
1134 3954 60 19 Street,
1207 3954 79 17 Thames.

1400 3907 96 16 Auckland.

1420 3928 71 21 Kidney
1499 3929 72 17 Disease
1580 3930 32 16 and
1619 3929 91 22 Lumbngo
1722 3931 18 15 of
1749 3933 19 14 20
1776 3932 53 19 years'

1399 3950 134 20 standing—Mr
1542 3951 76 17 Wi'Uam
1625 3951 54 21 Trico,
1689 3952 65 21 Poplar
1769 3953 61 16 Farm'

972 3975 113 21 Indigestion,
1100 3974 73 17 General
1187 3975 83 21 .Debility,
1287 3981 15 10 ai
1310 3976 11 16 d
1335 3975 45 17 Con-
1388 3970 3 26 1
1399 3978 42 11 near
1448 3972 80 17 llowick.

950 4009 64 20 These
1024 4015 56 13 cures
1090 4014 34 13 are
1130 4007 27 20 nil
1167 4008 85 19 attested
1261 4008 27 25 by
1297 4008 140 24 testimonials,
1445 4007 66 20 winch
1519 4008 35 18 tho
1569 4008 151 19 manufacturer
1729 4008 42 26 has,
1783 4010 49 20 with

1185 4033 103 19 hundreds
1298 4034 21 19 of
1328 4034 73 24 others,
1409 4034 20 19 in
1437 4034 31 19 his
1477 4034 118 25 possession,

1037 4087 40 17 Sold
1087 4087 23 20 by
1122 4087 23 15 all
1150 4085 105 22 respectable
1266 4085 84 17 Chemists
1357 4086 33 16 and
1402 4086 123 21 Storekeepers,
1535 4086 34 16 and
1580 4086 23 21 by
1615 4086 29 16 tlio
1652 4087 101 23 proprietor,

1055 4113 28 21 11,
1093 4112 24 22 A,
1129 4111 27 29 H,
1168 4111 150 29 HITOHENS,
1330 4113 24 19 60
1376 4112 124 22 SIIOIUXASB
1510 4112 85 28 STREET,
1605 4111 121 29 AUCKLAND,

1934 234 103 36 M

2456 242 26 29 m

2329 247 72 29 11111

2560 319 29 34 1

2465 322 21 15 SS.
2492 326 8 10 f

2583 370 56 20 SkNSS

2482 447 33 14 ?»

2621 511 27 19 SI

2322 616 37 13 svw;

2335 686 28 11 vi'.

1958 789 85 24 4fiV

2089 824 6 17 l
2096 824 3 17 r
2100 827 19 14 eg

2462 863 150 14 Tir=^cs»w»^w«W'

1996 1009 58 26 HIGH
2073 1008 33 26 ST.
2127 1007 39 26 and
2184 1006 109 26 VICTORIA
2303 1006 34 26 ST.
2354 1005 63 30 EAST,
2441 1005 126 27 AUCKLAND.

1898 1070 43 19 Tim
1959 1069 64 19 ahove
2042 1066 108 21 Favourite
2167 1065 40 20 and
2230 1065 143 19 Commodious
2392 1064 62 18 Hotel
2472 1064 75 20 affords
2564 1063 165 21 EXCELLENT

1845 1086 242 31 ACcSmMO.DATION
2120 1093 32 19 for
2178 1090 141 23 TOURISTS,
2355 1089 180 21 TRAVELLERS
2562 1091 16 19 &
2604 1089 125 23 VISITORS

1847 1123 43 20 who
1900 1122 41 20 will
1950 1122 77 19 receive
2037 1126 59 19 every
2105 1118 91 21 Comfort
2211 1117 40 19 and
2266 1117 112 19 Attention.

2281 1150 10 12 o

1885 1174 81 26 Sample
1976 1174 75 19 Eooms
2060 1173 32 18 for
2101 1169 185 23 COMMERCIAL
2295 1168 182 21 TEAYELLEES
2488 1169 99 20 available
2597 1171 21 17 at
2628 1169 29 19 all
2667 1169 59 19 times

1899 1226 90 25 Charges
1999 1225 109 19 Moderate.
2134 1222 116 21 SPECIAL
2256 1222 89 20 RATES
2352 1221 33 20 TO
2395 1221 174 20 PERMANENT
2577 1220 153 22 BOARDERS,

2287 1256 11 12 o

1898 1279 106 19 Excellent
2013 1277 87 19 Cuisino.
2129 1276 96 25 Spacious
2239 1275 40 20 and
2298 1274 181 20 Well-Ventilated
2496 1273 115 21 Bedrooms.
2648 1272 82 21 Billiard

1846 1305 65 19 Room
1921 1305 50 19 with
1980 1306 40 18 two
2030 1302 103 20 first-class
2143 1302 71 19 tables.
2242 1301 44 19 Hot
2300 1302 17 18 &
2327 1301 51 19 Cold
2390 1300 81 26 Plunge
2481 1301 15 18 &
2507 1300 81 20 Shower
2596 1300 72 20 Baths.

2014 1334 78 24 Wines,
2104 1333 73 27 Spirits
2187 1334 40 19 and
2325 1333 35 19 the
2371 1333 43 19 best
2423 1331 80 20 Brands
2511 1332 52 25 only.

1900 1631 181 46 Gutlery
2082 1656 10 18 s
2131 1628 260 38 Hardware,
2429 1627 263 43 Brasswass,

1992 1699 149 35 House
2160 1695 281 46 Furnishing
2456 1696 143 37 Goods

2136 1757 54 32 (in
2201 1755 99 33 great
2313 1754 147 34 variety)

1853 1821 157 35 Nickle
2037 1820 88 35 and
2150 1819 97 36 E.P.
2275 1819 167 44 Spoons
2479 1816 87 37 and
2599 1815 132 38 Forks

2157 1881 94 38 E.P.
2281 1881 156 35 Cruets

1993 1942 87 35 Tea
2107 1942 115 40 Pots,
2248 1941 157 35 Butter
2435 1939 157 36 Dishes

1853 2011 103 35 Jam
1976 2011 165 46 Spoons
2399 2011 158 35 Butter
2575 2009 157 35 Knives

2113 2065 146 44 Sugar
2308 2064 150 44 Tongs

2033 2121 79 33 etc.
2257 2119 79 37 etc.
2482 2119 80 32 etc.

2014 2202 9 14 g
2047 2204 28 16 IF®

2063 2357 94 42 234,
2193 2357 149 44 Queen
2379 2358 152 39 Street.

1964 2485 63 27 '^ik

2402 2590 51 27 WM

2475 2648 20 13 n

2404 2661 35 21 m

2300 2779 38 23 m

2218 2791 33 19 m

2599 2795 28 15 i=i

2294 2799 48 27 em

2210 3252 152 17 CPIITIA
2367 3248 53 21 iin
2453 3254 54 15 nn
2513 3255 112 14 nnidf>
2633 3256 21 13 r
2660 3257 22 12 r

2221 3175 89 28 mm

2290 3255 147 38 mmDl
2452 3255 55 33 PR
2512 3255 182 35 ODIiCJES.

2557 3531 32 23 m

1853 3598 274 36 WHOLESALE
2146 3597 184 38 AGENTS,

2140 3658 50 39 L.
2218 3657 52 39 D.
2300 3658 260 39 NATHAN
2585 3658 40 39 &
2651 3658 85 41 CO.

1971 4063 266 52 Rotorua
2274 4063 116 51 and
2422 4064 212 69 Taupo.

2781 3581 39 17 Did
2828 3581 89 23 anybody
2925 3586 44 13 ever
2976 3582 45 17 hear
3029 3581 21 18 of
3058 3587 11 12 a
3077 3581 116 19 red-hoaded

2757 3603 70 18 farmer
2836 3610 20 12 or
2871 3605 86 17 farmer's
2971 3605 94 22 daughter
3081 3605 56 23 being
3145 3612 35 11 sun-

2757 3628 65 17 struck
2831 3628 8 17 ?
2851 3628 51 23 Why
2918 3634 12 11 a
2946 3628 34 17 red
2995 3628 49 18 head
3056 3629 68 18 should
3131 3629 61 18 afford

2757 3656 37 17 any
2803 3652 106 21 protection
2917 3652 50 17 from
2981 3652 32 17 tlio
3021 3657 43 17 rays
3073 3652 20 17 of
3101 3652 32 17 the
3149 3658 42 16 sun,

2757 3680 20 11 or
2786 3675 43 22 give
2837 3675 24 17 its
2878 3680 64 12 owner
2952 3675 103 22 immunity
3070 3675 49 17 from
3128 3681 35 12 one
3171 3676 21 17 of

2757 3697 32 18 tho
2798 3699 50 16 most
2856 3697 86 23 singular
2955 3698 96 18 affections
3060 3699 42 17 that
3110 3699 68 17 human-

2756 3721 29 22 ity
2793 3721 15 17 is
2822 3721 40 18 heir
2878 3722 26 20 to,
2918 3721 16 18 is
2943 3727 35 11 one
2994 3721 20 18 of
3028 3721 54 18 those
3094 3722 98 22 mysteries

2756 3744 43 18 that
2815 3750 46 12 even
2881 3744 33 18 tho
2928 3744 67 19 doctor
3015 3746 69 17 cannot
3105 3746 71 16 fathom
3185 3744 4 22 ;

2756 3767 35 18 but
2799 3767 32 18 tho
2839 3768 40 17 fact
2896 3768 81 17 remains
2985 3767 43 18 that
3037 3768 49 17 folks
3104 3768 45 18 with
3156 3768 35 18 red.

2756 3791 41 17 linir
2814 3797 34 11 can
2865 3791 55 17 stand
2933 3791 69 17 almost,
3022 3797 38 17 any
3079 3793 78 15 amount
3170 3792 21 17 of

2756 3814 85 18 exertion
2875 3815 34 16 out
2928 3815 21 16 of
2977 3814 54 18 doors
3064 3814 69 22 during
3156 3815 33 17 tho

2756 3838 71 17 hottest
2852 3838 89 21 weather,
2963 3838 38 17 and
3020 3843 57 12 never
3097 3838 35 17 feel
3152 3844 39 18 any

2756 3861 69 17 serious
2834 3861 67 17 residts
2910 3861 49 17 from
2966 3861 21 17 it.

2781 3903 19 19 A
2810 3909 79 14 woman
2898 3909 42 14 was
2950 3909 21 13 so
2985 3903 91 24 sevoroly
3084 3904 61 25 stung
3161 3903 28 25 by

2756 3936 12 12 a
2777 3935 73 13 swarm
2859 3929 21 19 of
2893 3929 49 20 boos
2952 3931 21 18 at
2986 3929 109 24 Parkville,
3115 3930 20 18 in
3154 3929 37 19 tho

2756 3955 121 26 Wairavapa
2886 3955 35 20 tho
2931 3955 58 20 other
3003 3955 40 26 day
3057 3955 45 20 that
3108 3955 36 19 lior
3153 3955 38 19 lifo

2756 3981 16 21 is
2782 3981 106 26 despaired
2897 3982 27 19 of.
