2510 4020
129 67 7 16 NEW
136 67 2 16 ZEALAND
138 67 1 16 GAZETTE

38 83 2413 199 AND

38 282 1206 198 WELLINGTON
1365 282 1086 198 SPECTATOR

576 494 245 42 PUBLISHED-
837 494 132 38 EVERY
1013 490 280 39 WEDNESDAY-
1314 489 88 38 AND
1448 488 227 40 SATURDAY
1720 490 205 38 MORNING.

523 614 129 32 PORT
671 609 287 38 NICHOLSON,
981 590 315 64 WEDNESDA^
1310 603 240 39 MORNING,
1573 606 267 32 DECEMBER
1864 610 52 35 28,
1940 607 89 33 184fc.

2241 598 97 51 [toL.
2360 606 69 33 in.

65 622 62 31 No.
141 619 88 38 206,]

106 713 6 21 '.
138 721 5 12 .'
164 712 54 21 For
243 709 121 22 Jiondbn'
393 705 96 27 direict,
506 704 81 37 V^/

183 746 29 19 To
222 744 42 21 sail
272 744 58 25 early
336 748 30 15 -an
369 742 106 24 January.
508 755 4 3 ■

186 780 95 30 rpHE
306 778 49 22 well
367 774 89 26 'known
479 776 43 22 fast
541 775 81 25 sailing

58 800 106 39 r^~f&t
193 804 31 25 JL
395 805 112 26 Qlydeside,

35 828 146 30 MSfc^^,
200 831 248 27 Adams';commander,
456 831 43 21 will
509 829 39 22 sail
560 828 61 26 early

35 855 148 32 □Brgnfnieg
200 861 24 21 in
233 858 119 29 January.^
369 856 263 26 Asmostofhercargo.

200 887 19 21 is
243 885 121 28 engaged,'
378 885 117 26 intending
522 882 110 31 shippers/

176 923 6 4 -
198 913 46 23 will
262 913 88 27 require
369 915 23 18 to
409 911 66 23 make
491 909 142 28 immediate/

33 942 144 29 application.
205 941 136 25 Passengers
359 946 39 14 are
414 939 49 21 also
480 936 105 27 required
596 937 27 19 to

34 976 77 16 secure
122 967 133 27 the-.berths,
265 974 28 14 as
302 966 52 27 only
366 965 18 21 'a
400 965 41 22 few
458 971 37 15 are
512 969 48 15 now
576 962 47 21 dis-

32 995 111 28 engaged.
155 991 9 7 *
172 994 47 23 The
241 994 107 27 Clydeside
359 992 52 26 .will,
430 989 191 27 immediately*on

33 1022 143 27 discharging
189 1021 41 22 her
247 1028 67 19 cargo
329 1019 32 23 in'
371 1018 102 25 London,
487 1023 93 20 prepare
600 1017 22 18 to

33 1054 79 17 return
131 1052 22 18 to
173 1049 55 21 New
244 1047 109 22 Zealand.
383 1045 43 21 She
451 1043 43 23 will
510 1043 112 20 therefore

35 1076 70 22 afford
121 1083 29 14 an
166 1075 113 25 exqellent
296 1072 141 29 opportunity
446 1071 33 20 for
498 1069 69 27 goods
587 1073 35 15 re-

32 1103 81 22 quired
131 1106 22 17 at
168 1101 38 22 the
226 1101 89 21 earliest
332 1098 78 27 period
430 1097 30 30 by
470 1100 80 23 parties
562 1097 59 21 here,

34 1129 51 22 who
96 1136 36 15 are
142 1127 118 28 requested
269 1130 23 18 to
301 1125 93 22 instruct
410 1123 60 21 their
484 1125 78 24 agenls
578 1122 46 19 and

33 1156 87 23 friends
130 1158 23 18 at
161 1155 67 22 home
237 1156 24 20 to
272 1153 51 26 give
333 1151 45 22 this
390 1149 101 23 Colonial
502 1149 74 21 trader
585 1149 38 19 the

33 1183 133 28 preference
193 1181 46 21 For
247 1178 83 27 freight
339 1185 25 14 or
373 1184 100 21 passage,
484 1176 66 27 apply
559 1177 24 19 to

319 1221 3 4 •
354 1209 85 22 Waitt
453 1207 45 23 and
512 1207 83 21 Tyser.

63 1247 146 28 Wellington,
220 1245 128 23 December
357 1245 35 25 16,
404 1243 62 21 1812.

38 1294 63 25 Ship
119 1292 81 21 Hotel
215 1292 32 23 &,
252 1291 115 22 Tavern,
383 1289 131 21 Manners
528 1285 97 24 Street,

188 1324 42 22 BY
245 1323 84 23 JOHN
346 1320 130 27 FULLER,

38 1360 82 19 WINES,
132 1359 95 19 SPIRITS,
239 1358 48 14 AND
296 1357 62 14 MALT
369 1355 98 17 LIQUORS
477 1354 27 14 OF
515 1351 112 17 SUPERIOR

279 1383 108 16 QUALITY.

114 1404 157 24 Commodious
281 1410 74 14 rooms
365 1402 51 21 with
426 1400 56 27 good
491 1398 62 23 beds.

69 1434 92 21 Dinners
178 1433 36 24 got
235 1431 65 25 ready
319 1436 27 14 on
364 1430 36 22 the
413 1429 91 20 shortest
524 1427 75 20 notice.

123 1466 31 15 AN
164 1464 120 19 ORDINARY
295 1464 71 15 DAILY
376 1463 28 14 AT
413 1457 14 20 2
445 1455 102 22 O'CLOCK.
627 1467 3 6 ,

194 1504 55 21 For
259 1503 109 26 Sydney
381 1501 94 24 direct,

195 1539 94 30 rp»HE
298 1539 84 27 barque
391 1539 78 25 Bright
473 1537 84 25 Planet,
570 1535 58 22 John

60 1560 113 38 JeE!zß&
202 1566 30 23 -L
272 1567 111 21 Morrison
392 1568 86 19 master.
500 1564 43 22 For
548 1562 82 27 freight

42 1587 145 42 >jWPTPfrk
209 1602 26 14 or
244 1600 93 21 passage
348 1593 66 26 apply
423 1595 23 17 to
451 1591 38 22 the
500 1590 94 28 Captain
601 1595 29 15 on

68 1685 125 23 December
207 1685 33 25 19,
251 1684 63 21 1842.
547 1684 3 4 '

151 1727 169 28 Survey-office,
331 1726 57 22 New
398 1724 101 23 Zealand
509 1723 119 27 Company;

233 1754 146 27 Wellington,
391 1753 49 21 Oct.
451 1751 19 26 7,
482 1751 61 21 1842.

45 1788 145 52 NOTICE
206 1788 28 23 IS
250 1785 130 24 HEREBY
395 1783 106 28 GIVEN,
524 1782 49 22 that
594 1781 36 23 the

126 1816 98 24 Country
235 1813 67 24 Land
312 1820 48 15 now
370 1811 74 22 under
453 1817 80 20 survey
541 1809 46 21 will
602 1809 27 21 be

44 1844 85 21 thrown
140 1849 56 22 open
206 1842 34 21 for
254 1840 107 23 selection
376 1838 40 22 for-
430 1838 37 21 the
482 1835 148 26 Preliminary

44 1870 107 26 Sections,
169 1872 23 19 at
209 1871 91 24 present
317 1866 127 25 remaining
460 1863 122 26 unchosen,
604 1869 26 14 on

45 1896 107 28 Monday,
162 1896 38 22 the
210 1895 46 22 2nd
266 1894 108 26 January,
386 1893 63 25 1843/
463 1891 44 22 and
517 1890 113 25 foHowing

45 1924 81 28 days—
127 1922 155 26 commencing
291 1924 23 18 at
327 1922 26 20 11
370 1927 61 18 a.m.,
449 1918 54 21 and,
608 1920 23 18 at

44 1952 15 21 4
67 1958 60 21 p.m.,
138 1950 116 29 precisely,
266 1948 44 23 and
320 1947 67 27 being
396 1953 25 14 as
431 1945 97 22 follows:
529 1955 29 4 —

471 1979 34 16 No.
515 1978 22 16 of
550 1977 79 17 Sections

470 2000 3 5 '
479 1999 59 16 under
545 1997 74 21 purvey!

70 2030 113 21 District
193 2027 80 21 of'the
280 2027 104 22 Ohaiwtjj
390 2023 146 21 theTSections
541 2032 4 3 •

98 2063 37 14 are
146 2052 96 24 situated
255 2052 25 21 in
296 2051 37 22 the
345 2049 80 28 valley,
445 2047 91 29 parallel
550 2063 4 4 .
580 2054 4 4 '
619 2056 4 5 -

96 2082 55 22 with
169 2080 49 22 that
237 2079 68 27 given
324 2080 40 19 out
383 2080 23 18 at
429 2075 44 25 the,
491 2075 43 21 last

98 2108 112 25 selection,
221 2106 47 22 and
279 2111 106 20 comprise
395 2106 23 26 a$
426 2103 67 21 least.
500 2116 32 6 ...
576 2102 30 20 44

82 2136 78 28 [Plans
169 2140 58 21 open
241 2132 34 22 for
289 2130 125 28 inspection
424 2132 23 19 at
456 2129 37 21 the
504 2127 90 28 Office.]

73 2171 112 21 District
200 2175 27 14 of
243 2173 46 15 the
304 2165 69 22 Hutt
564 2164 41 20 100

99 2197 48 22 The
166 2194 100 23 Sections
286 2199 35 15 are
343 2190 52 28 laid,
403 2192 39 20 out
457 2193 22 18 at
499 2190 37 21 the

98 2230 69 21 upper
175 2225 51 24 part
232 2220 26 22 of
266 2219 37 22 the
312 2218 65 26 river,
386 2217 44 22 and
440 2224 35 15 are
484 2224 53 15 con-

99 2249 82 23 nected
199 2247 54 22 with
275 2246 62 22 those
350 2253 3 7 -
361 2244 91 27 already
470 2244 66 27 given

100 2280 46 19 out.
174 2275 69 23 Plans
252 2277 23 18 to
284 2273 28 22 be
321 2272 69 27 ready
400 2273 33 20 Ist
441 2270 96 23 Decem-

98 2305 48 26 ber,
158 2303 60 22 1842.

75 2339 111 22 District
197 2343 28 14 of
234 2335 106 25 Horoki,
350 2331 122 27 extending
480 2331 55 22 from

101 2371 54 16 near
165 2363 90 22 Section
266 2364 32 24 10,
310 2361 116 26 Kinapora
435 2358 100 25 District,

100 2390 93 23 towaids
216 2389 39 22 the
280 2391 61 19 coast
363 2390 23 18 at
410 2384 128 23 Wai-kanai

99 2417 107 29 probably
566 2411 40 22 150

78 2461 7 5 ,
89 2445 80 29 [Plans
178 2448 22 17 to
210 2444 29 21 be
247 2441 115 29 ready-lst
373 2439 132 26 December,
516 2438 86 28 1842.]-

75 2480 111 23 DISTRICT
216 2485 28 14 OF
277 2476 83 22 LOURY
393 2475 58 25 BAY,
486 2473 53 21 Port

101 2505 122 23 Nicholson
447 2514 6 6 •
593 2499 13 20 5

172 2536 3 5 '
221 2530 80 29 [Plans
310 2536 52 15 now
370 2527 91 27 ready.]
479 2538 3 7 •

73 2568 113 26 Porjrua,
197 2565 135 25 Kinapora,
341 2562 44 22 and
390 2561 83 27 sundry
479 2562 60 26 parts

101 2593 90 23 around.
195 2593 56 21 Port
259 2590 124 23 Nicholson
581 2588 33 20 18-

88 2621 111 27 [Plansto
207 2619 29 21 be
245 2617 72 28 ready
326 2618 33 20 Ist
371 2614 135 26 November,
518 2613 74 27 1842.]

74 2649 113 21 District
197 2653 28 14 of
235 2645 149 23 Manawatu,
392 2642 38 21 the
441 2641 98 22 Sections

73 2685 4 15 t
100 2673 84 23 extend
211 2672 69 25 along
308 2670 38 22 the
368 2668 61 23 bank
452 2668 25 21 of
501 2667 38 22 the

73 2703 11 26 I
101 2701 69 22 River
178 2699 71 22 above
262 2697 60 22 those
332 2696 67 27 given
411 2697 40 20 out
463 2698 24 18 at
503 2694 37 21 the

101 2728 44 22 last
157 2726 115 25 selection,
291 2724 81 21 thence
390 2725 23 19 to
433 2721 37 22 the
489 2720 51 22 hills

103 2754 42 22 and
155 2758 110 22 comprise
281 2752 24 19 at
312 2749 65 24 .least
567 2748 42 20 300

65 2782 14 26 |f
82 2781 90 28 {[Plans
179 2778 27 22 'to
215 2778 29 21 be
253 2775 69 29 ready
332 2777 35 19 Ist
376 2773 132 26 December,
519 2773 73 26 1842.]
603 2795 6 3 .

75 2813 48 22 The
132 2809 65 25 Field
209 2809 63 22 Plots
280 2809 54 25 iriay
345 2806 29 21 be
388 2812 53 15 seen
458 2807 23 19 at
493 2803 37 22 the
546 2806 91 25 present

49 2841 53 21 time
113 2843 23 18 at
145 2838 36 22 the
192 2837 86 25 Survey
288 2833 98 23 Stations
401 2832 27 22 of
438 2830 37 23 the
493 2830 85 23 several
592 2830 43 21 dis-

49 2867 62 22 tricts
324 2865 172 29 ',".,,,
557 2884 12 10 £
613 2882 6 12 ,

77 2894 28 22 In
113 2892 65 22 order
186 2894 24 18 to
220 2886 167 26 accommodate
397 2886 38 22 the
444 2885 89 22 holders
543 2885 93 25 of.early

50 2920 95 26 choices,
155 2919 167 24 arrangements
331 2914 58 22 have
406 2913 57 21 been
478 2910 65 23 made
553 2910 35 23 for
599 2910 36 22 the

49 2950 65 23 party
123 2944 126 29 possessing
265 2942 38 22 the
319 2941 49 21 first
378 2939 65 23 order
460 2938 24 23 of
492 2938 83 26 choice,
588 2944 49 15 suc-

49 2972 108 27 cessively
166 2971 93 26 making
274 2968 58 22 their
346 2966 107 22 selection
462 2969 24 18 at
500 2964 37 22 the
552 2965 83 27 Survey

51 3000 71 22 Office
132 3006 25 15 as
166 3004 54 16 soon
230 3004 25 15 as
265 2995 37 23 the
312 2994 68 22 Plans
390 3000 36 15 are
435 2992 85 30 ready./

268 3038 5 8 /
294 3027 94 22 Samuel
396 3025 14 21 '
410 3025 102 21 Charles
526 3023 83 26 Brees,
635 3036 4 4 -

395 3051 241 27 Principal-Surveyor.

220 3099 79 21 Meat
319 3098 149 25 Company.

52 3133 90 52 THE
162 3130 238 27 UNDERSIGNED,
420 3130 83 27 having
520 3129 58 21 been
600 3135 37 20 ap-

231 3159 110 26 Manager
351 3157 25 21 of
390 3157 37 21 the
433 3157 71 21 'Meat
513 3155 122 28 Company,

51 3189 54 27 begs
113 3191 23 18 to
145 3193 120 16 announce
274 3185 49 23 that
338 3191 14 15 a
360 3183 88 28 regular
457 3182 77 29 supply
544 3182 26 22 of
578 3182 58 25 beef,

53 3218 92 24 mutton,
166 3213 49 26 and.
227 3211 59 30 pork
300 3218 53 20 may
373 3212 81 25 always
467 3210 33 32 ,be
519 3208 123 29 depended,

53 3249 59 20 upon
122 3245 24 18 at
204 3238 179 24 'establishment.
392 3237 3 4 '

79 3270 33 21 As
134 3268 44 22 this
200 3267 117 27 Company
336 3271 107 21 purposes
461 3263 79 26 selling
559 3265 24 19 at
600 3263 36 20 the

52 3295 75 22 lowest
135 3295 71 28 prices
218 3297 22 18 at
254 3291 74 23 which
337 3293 18 19 it
369 3291 18 21 is
395 3289 72 23 found
476 3289 37 22 the
523 3292 114 29 meat^can

53 3322 27 22 be
90 3321 105 28 afforded,
206 3321 39 22 the
254 3317 151 28 undersigned
413 3317 19 21 is
446 3317 52 27 only
508 3314 125 24 authorized

56 3352 20 18 to
85 3349 49 27 give
141 3355 52 20 very
199 3346 90 23 limited
297 3345 77 26 credit,
381 3344 45 22 and
433 3343 40 23 has
479 3343 55 22 been
544 3341 94 23 ordered,

54 3378 21 19 to
90 3380 48 25 stop
153 3375 30 21 all
197 3376 104 20 accounts
313 3371 76 24 which
403 3378 38 14 are
456 3373 41 19 not
510 3369 54 28 paid
576 3375 59 29 u^on

183 3403 19 17 -'
242 3405 3 5 '
529 3421 90 7 ....

79 3429 47 22 The
136 3427 101 23 business
246 3427 27 21 of
280 3425 36 23 the
327 3425 115 27 Company
450 3430 19 15 is
479 3422 85 23 carried
574 3429 30 15 on
611 3429 24 14 in

54 3455 56 22 their
123 3462 49 15 new
186 3453 111 27 building,
308 3454 87 21 erected
413 3451 101 22 between
532 3448 103 23 France's

55 3481 65 24 Hotel
140 3481 43 24 and
202 3480 38 22 the
259 3479 63 23 head:
334 3479 25 22 of
373 3479 38 22 the
426 3478 56 27 Bay,
500 3476 47 22 and
559 3476 77 26 nearly

56 3509 94 27 opposite
160 3512 23 18 to
193 3507 46 23 Mr.
250 3507 84 27 Lyon's
343 3507 70 21 Store.
523 3521 4 8 ,
549 3527 4 2 .
613 3523 2 3 .

279 3554 4 6 .
324 3539 43 22 W.'
374 3539 101 27 Flxger,
482 3551 4 3 -
492 3537 117 27 Manager.

80 3568 128 24 November
218 3568 35 26 23,
264 3568 60 21 1842.

32 3625 5 11 «
291 3616 110 25 Cheese.
423 3630 3 3 •
438 3631 3 5 
463 3615 6 1 ,
532 3635 2 7 ,
557 3632 2 5 .
571 3635 2 4 .
583 3630 7 9 ,.
636 3616 5 20 \

57 3653 48 50 A
113 3651 118 28 SUPPLY
239 3649 104 26 received
350 3649 86 27 weekly
442 3650 26 22 of
474 3648 57 26 New
536 3646 99 26 Zealand

113 3698 2 4 .
131 3679 65 23 made
207 3678 92 29 Cheese,
306 3676 59 22 from
374 3676 38 23 the
420 3676 139 27 Cowpasture
566 3674 68 29 dairy,

54 3706 44 21 and
106 3706 34 31 for
147 3705 46 23 sale
202 3708 31 30 at;
242 3704 38 22 the
289 3702 108 29 premises
406 3702 26 22 of
444 3702 38 22 the
487 3702 75 22 -Meat
571 3702 64 21 Com-

152 3731 8 13 "'
176 3728 64 17 *'*'"■'■
327 3735 5 4 *
369 3730 20 10 v>
447 3728 122 18 ...'..■-

331 3756 36 22 W.
378 3756 102 27 Flyger,
491 3756 117 27 Manager.

80 3785 156 26 Willis-street,
247 3783 127 24 December
381 3784 37 26 20,
423 3780 73 24 1842.

169 3850 42 5 ..
240 3829 89 24 F*es&
340 3829 106 23 Rutter*
460 3846 3 4 .

69 3863 18 23 A
105 3863 109 25 LWAYS
228 3869 35 18 on.
273 3862 50 24 Sale
338 3864 28 21 at
378 3861 43 23 the;
426 3860 65 24 Meat
501 3860 134 30 Company's

55 3890 51 26 •ijL
129 3890 118 32 premises,
292 3903 4 3 .
402 3898 4 19 ;
405 3909 2 5 ,
426 3909 7 4 „
457 3904 10 10 
489 3902 3 3 .
566 3901 12 6 ■■
598 3902 3 7 ,

198 3930 4 3 •
269 3931 4 5 .
320 3914 162 31 W,.EL,YQi?fi,.
491 3914 116 30 Manager.

78 3943 159 39 Willis^eet^
246 3949 57 26 Bee,
313 3950 24 26 &
347 3950 61 27 1842,

730 702 54 21 For
792 700 60 21 Sale
861 699 37 26 by
907 697 109 22 Private
1025 695 130 27 Bargain.

653 735 87 51 THE
750 735 71 21 Lease
832 732 26 23 of
868 732 155 25 Prelimenary
1034 729 88 22 Section
1135 729 26 21 of
1172 728 65 22 Land

724 762 45 22 No.
777 761 34 25 45;
826 758 98 23 situated
933 758 22 23 in
966 756 134 23 Robinson's
1111 755 55 27 Bay,
1177 762 60 15 com-

652 789 74 26 monly
743 787 73 23 called
834 786 81 26 Okiwi,
933 782 196 34 Port/Nicholson,
1136 786 39 17 -'as
1189 785 50 24 pre-

651 815 69 28 sently
736 813 115 29 possessed
868 812 32 27 by
914 809 100 24 William
1030 809 84 25 Deans,
1131 809 53 20 with
1184 814 3 5 1
1188 817 6 8 '
1201 809 37 21 the

653 843 92 25 Houses,
758 842 74 26 Crops,
844 840 49 25 &c,
906 845 30 15 on
947 837 38 22 the
994 843 70 16 same.
1092 835 50 22 The
1151 835 58 21 lease
1220 835 18 22 is

651 869 31 22 for
694 869 37 21 the
741 873 58 17 term
809 867 25 22 of
837 868 27 19 14
873 872 72 20 years,
954 864 45 21 and
1007 861 147 24 commenced
1162 868 28 14 on
1201 861 38 22 the
1243 875 3 15 f

651 896 49 22 25th
719 896 107 25 January,
845 894 62 24 1841,
928 896 22 17 at
966 891 37 21 the
1021 889 83 27 yearly-
1115 892 51 17 rent
1185 889 26 20 of
1225 896 14 14 a

652 927 67 22 pepet,
726 928 53 16 corn
786 921 35 21 for
830 920 38 21 the
878 919 49 22 first
933 917 68 22 three'
1006 923 73 20 years,
1090 915 44 21 and
1143 915 47 22 £30
1199 922 47 20 per.

653 956 79 15 annum
744 948 34 21 for
788 946 38 22 the
835 945 127 25 remaining
972 943 79 22 eleven
1061 948 73 21 years.

675 975 73 21 There
767 974 19 22 is
804 980 15 14 a
841 969 153 24 considerable
1018 969 108 27 quantity-
1140 969 25 20 of
1183 969 56 20 land

653 1001 87 27 already
750 998 92 26 .cleared
860 998 46 21 and
924 996 23 22 in
962 1003 61 20 crop.
1048 1017 6 4 t
1060 995 49 22 The
1124 994 122 32 dwelling-^

652 1028 66 21 house
733 1028 19 20 is
768 1033 13 14 a
795 1028 57 19 most
866 1023 154 26 comfortable,
1041 1021 137 27 substantial,
1195 1022 52 30 and;

652 1053 147 23 commodious
814 1050 111 26 erection;
940 1049 47 22 and
997 1049 40 22 the'
1042 1049 63 27 place
1115 1048 124 27 altogether
1244 1056 5 7 -

651 1081 16 22 is
682 1083 57 18 most
753 1078 123 26 admirably
887 1076 124 23 calculated
1020 1076 36 21 for
1072 1075 37 21 the
1125 1075 114 22 residence

653 1107 22 22 of
687 1114 13 14 a
710 1105 137 29 respectable
857 1104 85 26 family,
959 1103 44 21 and
1013 1102 45 22 will
1064 1102 53 21 -suit
1127 1101 48 24 well
1185 1101 55 22 both
1245 1107 2 6 1

653 1141 21 14 as
684 1141 13 14 a
705 1133 62 27 dairy
772 1132 46 22 and
827 1130 62 23 stock
896 1130 91 22 station.
997 1150 4 3 .
1012 1129 52 23 .The
1073 1128 121 28 purchaser
1197 1136 42 14 can

652 1160 55 23 have
717 1168 14 14 a
740 1160 61 26 large
811 1158 86 28 quatity
907 1157 26 21 of
938 1156 90 28 poultry
1038 1156 20 21 if
1065 1155 28 22 he
1104 1155 84 21 choses.
1241 1158 7 14 '<

678 1187 44 22 For
732 1186 86 22 further
827 1183 131 29 particulars
964 1183 65 27 apply
1036 1185 23 18 to
1069 1182 49 21 Mr:
1127 1179 122 24 William'

654 1214 70 26 Lyon,
736 1211 125 27 Merchant,
872 1210 148 27 Wellington,
1032 1216 26 14 or
1066 1212 22 18 to
1098 1208 151 30 Mr;;Deajjsj

654 1248 26 15 on
693 1234 37 28 the
909 1251 7 3 -
1161 1249 8 8 »
1188 1247 3 3 ■
1194 1237 38 29 '^.*
1246 1240 4 9 '

679 1271 127 23 December
816 1271 33 25 14,
861 1270 63 20 1842.
1115 1274 9 6 -
1159 1261 56 30 //
1248 1265 3 36 j

654 1318 52 20 Por
716 1317 70 24 Sale,
797 1316 45 20 the
854 1320 83 21 cargo
950 1313 30 21 of
992 1314 46 20 the

659 1352 102 25 QAA
780 1346 79 22 TONS
879 1345 76 22 BEST
975 1344 136 22 CHILIAN
1129 1342 111 28 FLOUR,
1249 1343 2 6 1

788 1373 60 22 fresh
858 1372 87 28 ground
955 1370 73 23 direct
1036 1371 57 22 from
1103 1369 136 29 Valparaiso,
1249 1391 2 5 ,

764 1402 22 20 at
795 1400 47 23 £20
853 1406 39 21 per
904 1404 47 22 ton,
963 1398 60 23 cash.

907 1448 4 4 .
937 1449 4 4 .
1009 1431 83 22 Waitt
1103 1431 45 21 and
1157 1430 84 22 Tyser.

657 1461 144 28 Wellington,
813 1460 128 22 November
950 1461 21 24 4,
983 1459 63 21 1842.

657 1515 52 21 For
720 1513 71 24 Sale,
801 1507 52 25 the~
863 1510 133 27 cargo^of
1007 1510 46 21 the

664 1546 15 30 |
698 1546 24 27 £T
728 1536 38 40 (i
790 1543 80 24 TONS
894 1543 28 22 of
940 1543 38 22 the
1001 1543 49 21 best
1073 1541 60 23 fresh
1155 1541 88 27 ground

662 1564 100 29 J_OvJ
778 1571 87 20 Chilian
881 1570 65 27 flour,
962 1569 50 22 how
1027 1569 92 26 landing
1133 1569 56 21 from
1206 1568 36 21 the

780 1597 102 26 Cheerful,
900 1597 71 21 direct
985 1597 58 21 from
1062 1595 130 28 Valparaiso
1193 1605 27 5 —
1222 1598 22 18 at

658 1625 47 22 £20
713 1632 41 20 per
766 1628 43 18 ton.
839 1642 2 4 ,

973 1649 84 22 Waitt
1072 1656 45 14 and
1131 1649 85 22 Tyser.

686 1678 49 22 Oct.
746 1680 33 24 23,
790 1679 61 20 1842.
1009 1694 4 4 .

661 1756 67 20 OA
745 1755 79 23 TONS
839 1755 48 22 first
903 1755 59 22 fresh
977 1753 87 29 ground
1081 1753 90 28 Sydney
1182 1752 57 23 flour

760 1784 32 21 35.
801 1783 73 22 chests
882 1782 73 27 hyson
965 1786 43 23 tea,

746 1811 40 20 100
800 1810 74 21 chests
882 1816 69 20 green
962 1811 42 24 tea,

762 1838 25 21 10
801 1837 54 26 bags
864 1836 77 26 coffee^

694 1877 4 4 -
719 1866 28 18 **.
773 1864 13 20 5
800 1863 55 27 bags
864 1869 90 21 pepper,
1005 1871 4 3 •
1117 1863 7 9 *

712 1901 1 7 ■
735 1902 8 4 -
956 1902 3 6 '
975 1888 83 22 Waitt
1070 1887 48 23 and
1131 1888 93 22 Ttser.-

687 1917 141 26 October2s,
840 1917 61 22 1842.
1009 1926 4 4 •
1030 1926 5 6 ♦
1053 1918 17 14 -'

909 1962 90 19 Seeds.
1050 1981 5 5 ,
1145 1969 5 3 -

659 1995 203 47 ONj3ALE,-at
871 1995 39 21 the
920 1995 85 20 Gazette
1010 1994 78 25 Office,
1096 1993 23 21 in
1124 1993 130 27 quantities-

725 2025 36 17 -to
767 2021 45 21 suit
820 2021 139 26 purchasers,
961 2026 2 4 1
969 2020 38 22 the
1016 2019 114 26 following
1139 2019 63 21 seeds
1210 2026 5 14 :—:
1218 2030 26 4 —

686 2047 76 21 Sword
771 2046 110 27 long-pod
889 2047 66 26 bean,

687 2073 119 28 Long-pod
818 2074 63 25 bean,
990 2074 4 9 '

686 2100 109 27 Speckled
805 2100 74 22 dwaif
886 2099 84 28 kidney
979 2099 65 27 bean,

686 2127 74 22 Broad
770 2127 65 27 bean,

686 2154 75 22 Horse
770 2153 64 28 bean,
863 2166 4 3 ■

687 2181 86 21 Scarlet
781 2188 91 18 runner,

686 2207 68 27 Early
764 2207 110 22 Warwick
882 2215 48 20 pea,

686 2234 69 28 Early
764 2234 116 22 Mazarine
890 2242 49 19 pea,

687 2261 103 22 Prussian
802 2261 51 21 blue
862 2268 50 20 pea,

686 2287 108 23 Nonsuch
805 2295 48 20 pea,

687 2315 56 21 Blue
754 2314 99 27 imperial
863 2322 50 19 pea,

687 2341 96 27 Spanish
793 2341 71 22 dwarf
870 2348 49 20 pea,

687 2368 73 27 Large
770 2368 98 27 cabbage
878 2367 88 27 lettuce,
990 2370 3 4 '
1258 2371 2 25 J

686 2394 133 23 Drumhead
830 2395 98 26 cabbage
936 2394 91 27 lettuce,

687 2422 116 22 Battersea
813 2421 106 27 cabbage,

687 2448 131 22 Drumhead
828 2448 106 27 cabbage,

687 2475 52 23 Red
748 2475 75 22 Dutch
834 2472 106 29 cabbage,

653 2500 4 12 ;
688 2503 93 21 Puller's
792 2501 60 27 early
863 2501 106 28 cabbage,
998 2524 3 3 .

688 2529 104 22 Prussian
804 2529 65 21 white
879 2529 81 26 turnip,

687 2556 87 22 Yellow
785 2555 78 22 Swede
875 2555 82 28 turnip,

689 2583 81 28 Purple
781 2587 35 23 top
828 2582 167 28 Swedelturnip,

687 2610 76 21 White
773 2614 64 17 stone
849 2609 82 28 turnip,

688 2637 76 21 White
773 2636 57 22 horn
840 2636 81 27 turnip,
948 2649 4 4 ■

689 2663 72 22 Silver
769 2662 80 23 leaved
858 2662 59 27 beet,
964 2671 3 3 •
985 2682 3 5 ,

688 2691 52 21 Red
748 2690 58 27 beet,

665 2733 5 3 .
688 2716 113 28 Mangold
811 2716 97 29 wurtsel,

689 2741 143 28 Altringham
842 2747 80 23 carrot,

689 2770 68 27 Early
766 2770 56 22 horn
834 2774 81 22 carrot,

689 2797 66 26 Long
765 2803 89 20 orange.
858 2799 79 23 carrot,

689 2823 76 21 White
774 2821 108 28 mustard,

690 2849 82 22 Curled
781 2856 67 19 cress,
898 2854 3 4 '
907 2853 2 4 '
1187 2867 8 8 t

690 2876 65 27 Long
764 2875 80 22 scarlet
851 2875 83 26 radish,
1067 2886 1 6 '
1192 2879 2 6 '

689 2902 77 22 White
774 2901 74 28 turnip
856 2901 83 27 radish,
1043 2900 9 3 ~
1163 2908 3 4 ■
1176 2923 4 3 .
1197 2908 3 7 ■
1238 2916 4 2 -

690 2929 51 22 Red
749 2929 74 27 turnip
833 2928 82 27 radish,
917 2924 11 26 \
1226 2933 2 8 '

691 2955 134 28 Strasburgh
834 2954 76 27 onion,

691 2983 80 22 Brown
782 2981 97 29 Spanish
889 2981 73 28 onion,

691 3009 99 27 Parsnip,

691 3037 83 21 Curled
783 3035 99 28 parsley,.
971 3058 5 2 .
1204 3037 10 19 '.

693 3063 73 22 Green
778 3061 75 23 curled
867 3061 87 28 endive,

692 3089 109 23 Batavian
810 3088 88 28 endive,
920 3101 3 4 •

692 3117 69 26 Leek,

691 3144 137 27 Asparagus,

670 3177 5 3 ■
693 3171 43 21 Sea
746 3171 51 24 kail,

675 3203 4 6 *
693 3197 73 22 Globe
776 3203 86 21 savoys,
884 3206 3 4 •
935 3208 6 3 -
1021 3211 4 3 -

694 3223 80 23 Curled
784 3223 100 25 brocoli,.
995 3238 6 6 ,
1028 3242 3 6 ,

692 3251 56 24 Re,d,
752 3249 56 23 solid
817 3249 75 28 celery
902 3249 46 23 and
955 3249 69 25 white
1034 3249 80 28 celery,

693 3277 104 27 Cabbage
808 3276 90 28 lettuce,
968 3288 2 4 •
1148 3294 4 4 .
1171 3294 8 5 „
1209 3293 3 3 -
1229 3291 6 4 -
1249 3291 6 11 %

693 3305 104 21 Summer
806 3310 88 21 savory,
930 3308 7 2 ~
1217 3313 5 8 j
1251 3325 2 3 .

691 3331 89 22 Winter
789 3337 87 20 savory,
899 3352 7 4 .

693 3359 65 26 Sage,
853 3380 4 3 .
915 3371 7 9 v
1061 3374 3 4 ■
1235 3363 3 8 '

656 3406 4 3 .
692 3385 75 21 White
776 3383 59 28 beet,
995 3406 10 3 -

691 3411 94 29 Thyme,
839 3431 3 4 .
872 3415 4 4 '

691 3438 101 22 Brussels
802 3439 95 28 sprouts,
1162 3449 3 3 •
1175 3457 5 3 .
1194 3449 5 6 <
1204 3455 7 4 .
1240 3451 4 2 -

691 3465 95 27 Borage,
858 3477 6 16 j
919 3474 15 13 v
1000 3469 9 20 i
1025 3487 3 4 ,
1175 3465 12 14 *

691 3492 130 27 Angelica,-
851 3498 2 5 •

691 3518 76 27 Wh,ite
778 3517 78 25 selesia
865 3517 90 26 lettuce,

691 3545 82 25 Brown
783 3545 47 23 and
838 3543 67 23 white
914 3551 50 21 goss
973 3543 94 28 lettuce,-
1145 3559 3 3 -
1193 3556 4 3 -

692 3571 93 28 Salsafy,
799 3571 3 5 '
818 3573 3 4 '
848 3571 2 5 '
865 3571 3 4 '

657 3603 4 3 '
692 3599 73 22 Vanal
774 3598 108 27 cabbage^
891 3604 3 5 '
1063 3619 6 3 .
1089 3606 5 4 -

667 3638 4 3 •
691 3625 78 27 Sorell,

691 3651 94 27 Fennel,

659 3693 2 5 .
691 3675 125 31 Lavender,
880 3679 8 5 '
1077 3686 5 5 -
1171 3683 4 3 '

675 3718 2 4 '
691 3706 66 27 Long
766 3704 86 29 prickly
861 3704 128 28 cucumber,
1227 3716 6 3 -
1250 3714 6 3 -

692 3734 72 23 Sweet
773 3731 57 25 basil
838 3731 48 23 and
892 3731 58 25 bush
959 3730 63 27 basil,
1128 3742 3 3 ■
1155 3743 2 6 •
1185 3749 4 2 -
1231 3749 4 1 -
1253 3739 4 10 >

658 3761 3 5 '
691 3760 104 30 Hyssop,,
988 3779 4 3 .
1104 3775 3 4 •
1147 3770 27 22 -'-ji
1174 3777 5 13 r
1227 3778 2 4 •
1255 3779 3 4 •

658 3789 3 8 '
677 3790 3 7 '
691 3786 70 28 Early
769 3784 141 24 cauliflower.
985 3796 6 5 -
1152 3783 24 20 ?*
1176 3790 4 6 '
1230 3803 2 4 ,
1248 3803 7 4 .

658 3813 3 13 :
691 3813 57 23 Also
757 3820 14 14 a
785 3811 88 28 variety
882 3812 26 22 of
913 3811 79 23 flower
1000 3809 72 28 seeds;
1082 3809 58 23 both
1148 3808 105 26 Colonial

663 3841 47 23 and
719 3839 102 28 English.
881 3837 3 4 '
905 3846 3 4 •
922 3847 5 3 -

691 3871 127 26 December
827 3872 21 26 8,
859 3871 65 22 1842^
929 3877 26 14 '-
984 3883 4 2 -
1047 3881 16 7 >■
1164 3871 4 3 '

662 3917 95 53 JUST
771 3915 136 27 OPENED,
912 3914 46 24 and
968 3921 29 16 on
1008 3912 50 23 Sale
1067 3915 24 20 at
1100 3912 38 22 the
1148 3911 71 26 OflStce
1229 3902 30 33 of*

727 3944 45 26 this
780 3944 81 29 Paper,
870 3942 40 26 ins
920 3940 77 24 stands
1006 3940 28 25 of
1040 3939 88 24 various
1137 3939 64 24 sizes.

1264 688 2 6 %
1269 682 31 31 //
1381 694 54 21 Por
1449 692 70 25 Sale,
1535 697 34 16 ex

1389 723 97 23 INDIA
1501 723 62 23 ALE
1576 723 25 23 in
1615 723 78 28 bottle,
1705 724 85 28 Bryant
1804 725 46 22 and

1264 746 42 28 ;JK
1338 751 99 26 Davis's,

1275 779 88 26 ,IStOttt,
1374 777 87 28 Bryant
1470 776 46 22 and
1521 776 97 27 Davis's,

1272 803 83 23 "ißass'
1366 804 85 22 Burton
1462 803 41 26 ale,

1281 848 2 3 •
1289 830 57 24 ■Pule
1366 830 79 27 sherry
1463 830 46 22 and
1525 829 109 28 Madeira,
1653 829 136 26 Rutherford
1803 830 48 23 and

1264 856 95 29 'Dniry's
1369 857 79 26 brand,

1270 880 84 31 .^ery
1363 883 36 22 old
1407 883 114 26 TVladeira,
1532 885 50 24 port
1595 883 44 22 and
1654 882 76 29 sherry
1739 884 24 23 in
1778 883 72 28 wood,

1268 909 133 25 Rutherford
1411 909 44 23 and
1465 910 94 26 Drury's
1568 909 79 28 brand,

1265 934 74 37 .jjOld
1348 944 85 20 cognac
1444 936 86 27 brandy
1539 937 22 22 in
1572 936 75 27 bottle,

1281 964 97 31 ACherry^
1388 962 86 28 brandy
1483 964 22 21 in
1516 971 68 20 cases,

1282 990 129 27 ('Sparkling
1421 990 144 28 champagne,

1280 1016 156 25 IJMaraschion
1447 1017 44 22 and
1498 1018 76 27 punch
1584 1023 97 20 essence,

1283 1043 59 31 i^Eau
1352 1044 29 22 de
1394 1043 104 28 Cologne,
1603 1056 7 2 -
1803 1052 3 9 >

1283 1071 23 24 I'l
1315 1079 52 15 case
1376 1070 88 23 French
1475 1078 59 19 rugs.
1761 1087 3 5 ,
1799 1089 9 4 .

1413 1097 102 26 anchors,
1826 1101 4 9 '

1281 1120 84 36 JChain
1375 1125 81 26 cables,
1467 1125 90 23 various
1566 1123 63 27 sizes,
1708 1142 4 5 .
1742 1143 5 4 .

1384 1156 93 23 carpets,

1279 1182 12 16 i
1297 1177 94 30 Glasses,

1265 1219 7 5 r
1296 1204 123 29 Tumblers,

1288 1231 103 28 _Pickles,

1297 1258 77 23 Butter
1382 1260 24 21 in
1413 1259 53 27 jars,

1298 1285 53 23 Pine
1362 1285 86 28 cheese,
1461 1287 45 21 &C
1512 1285 42 23 &c.
1574 1297 7 2 -

1579 1311 83 22 Waitt
1677 1310 46 22 and
1740 1311 84 22 Tyser.

1279 1359 4 5 <
1298 1344 143 28 Wellington,
1453 1345 129 28 September
1591 1346 33 24 30,
1637 1345 61 21 1842.

1299 1391 37 21 To
1349 1391 199 26 Ship-builders
1562 1390 54 21 and
1631 1390 194 26 Ship-owners.

1275 1423 69 48 ON
1359 1423 78 21 SALE
1451 1423 28 26 by
1491 1422 38 22 the
1538 1421 148 28 undersigned
1693 1428 5 14 :
1700 1431 27 6 —

1335 1450 104 21 Anchors
1451 1450 26 20 of
1488 1449 30 21 all
1528 1449 61 26 sizes,
1600 1454 4 3 '

1301 1476 68 22 Chain
1380 1475 73 22 cables
1463 1475 45 22 and
1523 1475 59 22 short
1596 1474 78 22 linked
1688 1474 84 26 chains,

1273 1504 51 27 bya
1332 1503 135 27 hydrostatic
1477 1502 87 27 engine,
1573 1500 164 24 assorted.'sizes
1746 1500 43 22 and
1800 1506 67 16 war-

1274 1530 82 27 ranted,

1274 1563 7 6 *•
1301 1556 105 23 Bitheads
1415 1555 43 22 and
1469 1562 62 21 spare
1542 1554 107 27 shackles,

1301 1583 111 22 Windlass
1421 1584 67 20 metal
1498 1583 25 21 in
1533 1581 107 28 complete
1650 1583 60 24 setts,

1270 1616 2 5 1
1302 1610 111 21 Mariners
1422 1616 130 20 compasses,

1302 1637 44 21 Sail
1356 1643 92 15 canvass
1457 1636 46 22 and
1512 1636 72 26 twine,

1302 1663 70 26 Pitch,
1384 1667 39 22 tar,
1436 1663 40 21 &c.
1487 1663 41 21 &c.
1621 1673 6 9 v

1634 1687 89 22 Willis
1733 1694 46 15 and
1789 1687 40 21 Co.

1276 1716 97 22 October
1382 1718 32 25 11,
1427 1717 60 21 1842.
1784 1723 3 4 •

1328 1762 53 20 For
1401 1760 59 21 Sale
1484 1761 29 20 at
1535 1760 44 20 the
1594 1759 108 21 Nelson
1720 1758 83 26 Dairy

1553 1788 29 19 at

1452 1813 105 21 Nelson
1570 1813 104 20 Haven.
1769 1822 6 6 '

1279 1851 63 21 qa
1359 1845 85 23 COWS
1457 1845 36 22 IN
1509 1845 85 26 CALF,

1270 1866 73 33 Oil
1371 1874 28 20 30
1408 1872 82 22 heifers
1498 1872 25 21 in
1532 1872 50 27 calf,

1316 1902 12 25 •,'
1348 1908 3 5 >
1371 1901 28 20 50
1408 1906 76 20 young
1492 1898 90 27 heifers,

1302 1925 34 27 4-,
1336 1925 104 27 halt-bred
1449 1925 103 22 Durham
1562 1924 67 27 bulls,

1302 1953 23 22 H
1336 1956 75 23 steers,

1264 2012 2 3 •
1279 2005 50 15 ■*■•■'<
1329 2002 178 28 istoclMiorses,
1579 2011 4 3 -
1743 2002 122 16 j:.—£~*--.-
1867 2009 6 9 r

1266 2036 17 11 ■'*
1329 2032 42 20 100
1380 2037 65 19 ewes,

1328 2059 33 20 50-
1365 2057 102 27 wethers,

1280 2093 3 3 •
1302 2085 48 23 The
1365 2084 71 21 above
1449 2091 37 14 are
1501 2082 56 23 from
1572 2082 40 21 Dr.
1624 2080 93 27 Imlay's
1734 2079 127 23 celebrated

1263 2115 2 20 i
1275 2112 63 22 stock
1348 2110 132 22 afTwofold
1493 2110 56 32 Bay.
1557 2129 3 3 .
1575 2108 48 23 The
1634 2108 66 21 cattle
1716 2115 36 14 are
1762 2106 38 21 the
1811 2106 51 22 best

1276 2139 60 27 bred,
1347 2138 58 22 have
1416 2138 56 21 been
1482 2136 84 22 landed
1574 2136 23 21 in
1610 2134 40 23 the
1660 2134 65 22 finest
1737 2133 69 26 order,
1817 2132 44 22 and

1276 2166 58 22 form
1343 2165 38 21 the
1394 2165 51 21 best
1453 2164 106 21 selection
1566 2163 25 22 of
1599 2169 41 21 any
1647 2161 32 22 lot
1688 2164 38 24 yet
1735 2159 95 28 brought
1839 2163 23 18 to

1277 2193 56 21 New
1343 2191 106 23 Zealand.
1479 2191 44 21 For
1528 2188 136 30 particulars,
1675 2188 66 27 apply
1750 2191 22 18 to

1466 2225 22 22 S.
1503 2225 100 26 Revans,
1618 2223 143 27 Wellington,
1774 2228 25 15 or

1467 2251 28 22 D.
1506 2251 145 25 Drummond,
1663 2249 85 22 Nelson
1758 2248 89 22 Haven.

1304 2279 55 27 July
1369 2279 20 24 7.
1401 2280 59 21 1842.
1863 2303 4 2 .

1451 2331 108 21 Heifers
1573 2331 30 20 in
1617 2329 69 22 Calf.

1280 2365 88 48 FOR
1381 2363 86 26 SALE,
1479 2363 68 21 about
1560 2363 27 21 50
1597 2361 100 29 superior
1706 2360 55 22 bred
1773 2359 89 27 heifers,

1338 2394 59 19 most
1413 2390 26 22 of
1449 2389 62 22 them
1525 2389 72 27 heavy
1610 2389 24 21 in
1652 2387 50 27 calf,
1703 2411 7 7 r
1719 2386 45 23 and
1778 2386 86 27 having

1279 2418 57 22 been
1356 2425 60 14 some
1431 2416 54 22 time
1500 2416 23 21 in
1536 2416 37 21 the
1594 2415 90 27 Colony,
1702 2417 40 18 not
1749 2413 74 22 'liable
1841 2416 34 19 to;

1279 2445 68 21 suffer
1355 2444 56 22 from
1422 2443 36 22 the
1469 2442 76 23 effects
1554 2442 25 22 of
1589 2442 38 21 the
1643 2442 62 21 Toot.
1714 2462 4 4 .
1733 2440 48 22 The
1794 2440 70 21 above

1281 2472 66 21 cattle
1364 2478 42 15 can
1419 2470 29 21 be
1464 2469 103 27 strongly,
1575 2467 184 26 recommended,,
1773 2473 23 15 as
1810 2466 54 27 they

1280 2498 59 22 have
1354 2498 57 21 been
1428 2496 96 22 selected
1538 2497 57 20 from
1611 2495 37 22 the
1664 2500 119 16 numerous
1798 2493 67 22 cattle

1281 2524 61 28 ships
1351 2524 71 22 which
1432 2523 56 22 have
1505 2522 87 23 arrived
1604 2522 61 22 here.
1693 2520 76 28 Apply
1773 2543 6 10 _,
1783 2519 81 27 to/Mr.

1275 2552 103 26 -Revans,
1392 2552 85 20 Gazette
1486 2550 70 26 office,
1568 2557 24 14 or
1601 2553 23 17 to
1635 2548 43 23 Mr.
1690 2547 85 26 Hulke,
1783 2546 82 22 Evans'

1283 2578 55 27 Bay.

1284 2614 5 4 •
1308 2605 63 25 Also,
1380 2604 64 22 three
1453 2602 115 23 well-bred
1577 2609 72 15 mares
1655 2601 24 22 in
1688 2600 53 28 foal,
1753 2603 22 19 to
1783 2606 83 22 lmpor-

1282 2631 35 22 ted
1328 2632 83 21 horses.
1813 2630 4 3 '

1360 2693 3 3 .
1376 2675 92 21 Union
1482 2674 79 21 Bank
1575 2673 29 21 of
1622 2672 148 21 Australia.

1283 2708 95 23 London
1396 2708 92 26 Office,
1503 2707 45 21 No.
1561 2707 36 26 3S,
1616 2706 49 21 Old
1681 2705 186 21 Broad-street.

1337 2740 94 28 Capital,
1441 2739 120 27 £800,000;
1582 2737 51 29 paid
1641 2745 38 19 up,
1695 2736 118 27 £500,000.

1517 2775 108 13 DIRECTORS
1630 2776 4 12 :

1389 2801 67 19 George
1463 2799 39 16 Fife
1509 2798 67 20 Angas,
1583 2797 49 20 Esq.,
1674 2805 3 9 i
1876 2796 2 18 I

1389 2821 67 16 Robert
1463 2819 75 18 Brooks,
1547 2819 48 19 Esq.,
1705 2823 3 10 s

1359 2843 3 5 '
1389 2842 60 16 James
1457 2840 49 16 John
1514 2839 97 19 Cummins,
1620 2839 49 19 Esq.,

1352 2870 5 3 -
1389 2862 67 17 Eobert
1463 2860 96 19 Gardener,
1570 2860 48 19 Esq.,
1630 2858 121 20 Manchester,

1389 2882 48 17 John
1446 2882 45 16 Gore
1507 2881 48 20 Esq.,

1389 2903 51 16 Johir
1444 2900 80 18 William
1530 2900 74 19 Buckle,
1610 2900 49 21 Esq.,

1389 2923 96 20 Benjamin
1492 2922 22 17 E.
1520 2922 62 19 Lindo,
1590 2922 48 19 Esq.,

1389 2944 73 17 Charles
1470 2943 77 17 Edward
1552 2941 87 21 Mangles,
1648 2941 48 20 Esq.,

1389 2964 115 21 Christopher
1512 2964 82 18 Rawson,
1601 2962 48 20 Esq.,
1661 2961 81 20 Halifax,

1389 2986 78 17 Thomas
1475 2984 63 19 Sands,
1547 2984 47 20 Esq.,
1600 2982 101 20 Liverpool,
1719 2985 3 3 •

1389 3007 61 18 James
1456 3005 58 21 Bogle
1521 3004 63 19 Smith,
1590 3004 48 19 Esq.,

1389 3027 61 17 James
1458 3025 80 17 Ruddell
1544 3024 54 19 Todd,
1606 3024 43 20 Esq.
1657 3025 3 5 '

1284 3056 100 18 .Trustees:
1400 3054 82 16 George
1493 3053 55 16 Cark
1559 3051 66 19 Gltn,'
1632 3051 49 20 Esq.,
1691 3050 53 17 John
1755 3050 62 20 Gore,
1825 3045 48 25 Esq.'

1430 3075 36 16 and
1472 3074 67 16 James
1545 3073 17 16 J.
1569 3072 100 19 Cummins,
1678 3072 44 20 Esq.
1809 3086 4 9 ,

1310 3103 82 18 Bankers
1397 3107 5 12 :
1414 3102 75 17 Messrs.
1496 3100 60 19 Glyn,
1567 3100 114 17 Hallieax,
1689 3098 70 19 Mills,
1767 3098 37 16 and
1811 3098 32 17 Co.

1402 3130 102 20 Secretary:
1516 3128 81 16 Samuel
1603 3126 96 19 Jackson,
1705 3126 43 20 Esq.

1373 3157 81 18 Colonial
1460 3157 103 20 Inspector:
1575 3155 17 16 J.
1599 3154 19 17 C.
1625 3154 153 20 M'LAREN.Esq.

1404 3205 70 21 New
1491 3202 122 22 Zealand
1631 3201 114 21 Branch.

1283 3240 55 17 local
1342 3239 104 20 Piiectors:
1462 3238 48 17 Geo.
1521 3237 17 16 S.
1549 3236 73 17 Evans,
1634 3235 49 21 Esq.,
1694 3234 64 18 D.C.L.
1771 3235 44 19 .and
1827 3234 42 18 Geo

1312 3265 2 5 -
1335 3262 4 3 •
1503 3257 91 18 Huhiek,
1606 3256 43 21 Esq.
1665 3256 4 7 '
1799 3269 5 3 .
1827 3259 3 6 ■

1284 3286 98 19 Manager:
1390 3284 50 18 John
1446 3284 73 18 Smith,
1526 3282 49 20 Esq.,
1582 3281 37 17 late
1625 3281 21 17 of
1654 3281 31 16 the
1693 3280 117 18 Commercial
1815 3280 54 18 Bank

1328 3310 8 7 «
1398 3305 74 16 -of
1479 3303 89 20 England,
1579 3302 121 17 Manchester.

1338 3346 4 5 -
1359 3330 5 4 '
1393 3329 116 27 Branches
1517 3331 24 19 at
1554 3327 97 29 Sydney,
1735 3324 15 28 *,

1378 3358 5 4 '
1405 3368 6 3 -
1491 3360 30 18 .;\.
1555 3354 173 28 HobartTown,

1369 3387 32 17 j-?>
1451 3386 4 6 *
1556 3382 147 26 Launceston,
1714 3380 48 22 and

1547 3408 64 22 .Port
1619 3407 80 28 Philip.

1286 3439 54 24 Port
1346 3436 133 27 Nicholson,
1489 3434 79 24 March
1578 3435 34 25 24,
1623 3435 63 23 1840,
1693 3455 5 5 .
1711 3446 36 23 ,C/
1770 3449 4 6 
1822 3454 3 3 .

1286 3479 97 63 THlf
1392 3490 117 24 Directors
1523 3488 26 26 of
1563 3486 39 26 the
1618 3486 58 24 New
1679 3485 13 26 '
1692 3485 98 26 Zealand
1803 3486 66 24 Land

1360 3518 116 27 Company
1488 3514 84 28 hereby
1588 3513 51 28 give
1645 3511 91 29 .'iioti'cei
1752 3512 53 23 that'

1284 3545 58 23 have
1348 3550 113 17 EFFECTED
1470 3549 30 16 AN
1511 3543 230 24 ARRANGEifENT/WttU
1747 3540 38 22 the
1792 3540 76 23 UniOH

1284 3571 65 25 Bank
1362 3571 27 22 of
1404 3568 120 28 Australia,
1541 3568 43 24 Nu.
1600 3567 48 29 38j'
1645 3590 5 6 r
1649 3566 220 28 Qld>Broad^treet,

1284 3598 103 24 London,
1396 3597 36 22 for
1440 3595 38 23 the
1491 3594 167 26 establishment
1670 3593 26 22 of
1709 3593 159 24 asBRANCH

1284 3624 88 24 BANK
1386 3623 35 23 IN
1436 3621 72 23 NEW
1520 3620 157 26 ZEALAND,
1690 3619 96 27 through
1796 3620 73 24 which

1284 3652 37 22 the
1329 3651 103 23 business
1443 3649 27 21 of
1481 3648 39 22 the
1537 3648 55 22 New
1608 3646 101 25 Zealand
1721 3646 66 24 Land
1803 3647 66 22 Com-

1285 3685 59 22 pany
1352 3677 46 23 will
1405 3677 31 21 be
1442 3672 134 25 transacted.
1603 3672 48 23 The
1665 3672 115 23 Direotors
1796 3673 73 23 there-

1282 3705 48 25 fore
1338 3702 146 24 recommend
1492 3704 24 21 to
1532 3699 112 27 Colonists
1656 3698 40 26 the
1711 3699 77 23 Union
1801 3700 68 23 Bank
1876 3704 2 29 j

1284 3732 25 22 of
1327 3730 115 25 Australia
1458 3736 25 18 aa
1500 3735 31 17 an
1554 3726 170 24 establishment
1733 3727 135 32 .possessing;

1283 3758 58 24 their
1356 3756 71 24 entire
1448 3754 138 28 confidence,
1604 3753 47 22 and
1668 3752 51 25 able
1737 3756 23 20 to
1776 3754 94 24 provide

1283 3783 126 28 effectually
1423 3782 36 22 for
1473 3780 39 24 the
1524 3778 106 25 financial
1644 3780 116 29 watifc^pf
1768 3780 40 23 tibe
1821 3781 49 23 first

1282 3811 135 23 settlement
1587 3820 2 4 •
1656 3825 4 4 .
1691 3818 7 17 :
1704 3818 6 4 -
1730 3818 9 21 ;

1449 3835 36 28 By
1491 3833 72 25 order
1568 3832 26 25 of
1603 3832 39 24 th«
1651 3831 94 31 BoardX-

1526 3866 85 25 JOHN
1625 3865 105 29 WARD,
1743 3867 126 28 Secretary.

1283 3906 57 24 New
1349 3902 101 26 Zealand
1457 3901 67 25 Land
1533 3902 115 27 Company
1650 3900 22 23 'a
1676 3900 86 28 Offica^

1310 3940 21 26 1,
1342 3937 161 24 Adwa-sfreeti,
1513 3932 108 29 Adelphv
1627 3931 60 25 27th.
1691 3931 65 28 Aug..
1770 3933 60 23 1830.

1924 717 6 12 c
1999 695 42 21 Ex
2298 699 45 21 &c.

1886 729 66 36 Or|
2123 730 57 24 Irish
2194 734 70 26 prime
2271 739 59 17 tness
2341 735 63 27 pork,

1980 758 26 21 30
2022 757 86 22 barrels'
2115 758 119 24 American
2248 760 69 28 prime
2328 768 59 16 mess
2393 756 66 33 port,

1980 783 137 28 Westphalia
2127 785 67 27 hams,

1909 807 26 20 45
1945 809 76 22 firkins
2031 810 64 23 CorL
2098 810 87 28 butter,-

1910 833 63 29 Rice,
2036 843 7 4 -
2089 858 3 10 x
2187 849 7 4 -
2350 852 6 4 .
2390 852 4 4 .
2429 840 16 3 "'

1909 861 28 20 38
1947 862 52 27 bags
2009 858 83 31 coffee,'

1889 890 13 15 >:
1911 887 27 21 19
1947 888 68 23 boxes
2025 889 77 22 mould
2112 889 94 29 candles,

1910 913 14 23 &
1933 922 61 15 caies
2003 916 76 21 Dutch
2089 916 84 28 cheese,

1910 939 107 28 Tobacco,
2028 942 69 28 pipes,

1886 976 3 4 •
1912 967 26 22 10
1947 972 49 18 tons
2005 969 122 22 Mauritius
2135 976 72 21 sugar,

1911 994 45 22 140'
1960 994 53 28 bags
2022 995 96 22 Manilla
2127 1003 71 21 sugar,
2384 1014 3 10 ,

1910 1021 28 21 30
1948 1028 59 15 cases
2017 1021 80 29 cherry
2107 1023 92 27 brandy,

1911 1045 76 24 Wines
2005 1049 27 20 of
2048 1056 67 20 every
2133 1050 130 27 description
2286 1050 23 23 in
2330 1050 64 23 wood
2417 1051 46 24 and

1884 1071 75 29 bottle,

1912 1101 26 21 10
1947 1108 59 15 cases
2011 1101 100 28 [English
2119 1102 64 22 boots
2192 1103 46 22 and
2248 1103 70 27 shoes,

1911 1127 52 28 Slop
1973 1128 104 28 clothing,
2090 1129 80 22 beaver
2178 1129 58 27 hats,
2247 1130 38 21 &c.
2296 1131 41 21 &c.

2194 1160 23 23 J.
2233 1162 33 22 M.
2281 1162 102 28 Taylor,

1926 1203 4 4 •
2020 1202 3 5 ■
2112 1200 3 5 ■
2243 1203 5 4 -
2333 1189 33 21 Te
2379 1189 59 23 Aro.

1911 1211 126 24 December
2046 1215 34 25 26,
2092 1214 60 22 1842.

1943 1260 2 5 '
1958 1262 4 3 '
1989 1285 3 2 .
2089 1277 12 3 -
2114 1267 42 20 On
2170 1266 69 21 Sale.

1886 1297 134 49 SILVER
2034 1298 124 23 PLATED
2173 1299 111 27 GOODS,

1950 1324 71 27 Kings
2035 1329 94 23 .pattern
2149 1326 59 22 table
2227 1333 86 21 spoons,
2332 1325 71 28 forks,
2422 1326 42 22 fish

1886 1351 71 26 slices,
1966 1358 64 15 sauce
2040 1352 77 27 ladles,
2128 1355 59 20 meat
2203 1353 98 27 skewers,
2314 1353 84 22 dessert
2406 1353 61 22 forks

1886 1377 44 22 and
1946 1385 85 21 spoons,
2043 1383 36 17 tea
2096 1386 86 21 spoons,
2198 1386 66 21 sugar
2278 1383 69 24 tongs,
2359 1384 36 18 tea
2410 1384 57 23 pots,

1886 1404 73 22 butter
1982 1405 90 27 coolers,
2100 1412 65 21 sugar
2187 1406 88 27 basons,
2294 1407 95 26 waiters,
2413 1406 54 22 cake

1886 1431 94 28 baskets,
2001 1432 136 27 christening
2160 1433 74 26 bowls,
2257 1432 103 23 decanter
2382 1433 85 27 stands,

1887 1462 62 18 cruet
1963 1459 43 21 and
2021 1458 89 28 liqueur
2123 1460 88 26 frames,
2229 1459 57 22 table
2301 1459 47 22 and
2363 1460 106 21 chamber

1887 1485 154 26 candlesticks,
2053 1486 79 26 lamps,
2144 1486 40 22 &c.

1914 1511 122 23 Rosewood
2045 1512 45 22 and
2096 1513 126 27 mahogany
2227 1512 61 22 work
2294 1512 78 27 boxe3,
2380 1512 90 28 writing

1888 1537 71 27 desks,
1968 1539 99 26 dressing
2076 1546 68 21 cases,

1914 1564 86 25 Bronze
2010 1565 101 27 pedestal
2118 1565 183 28 and.suspension
2311 1565 78 28 lamps,
2399 1566 40 22 &c.
2446 1569 24 19 at

2144 1598 22 22 J.
2182 1598 34 22 M.
2232 1599 101 27 Taylor,

1883 1642 2 3 .
1909 1630 3 4 '
2199 1625 122 22 Wholesale
2332 1626 70 26 Store,

2344 1652 32 22 Te
2387 1654 56 20 Aro.

1916 1678 125 22 December
2050 1680 34 25 26,
2096 1680 60 21 1842.

2001 1721 184 23 FINNIMORE
2212 1722 54 26 begs
2287 1725 22 18 to
2331 1722 84 21 inform
2437 1722 35 21 his

1960 1760 11 11 •
1987 1748 85 22 friends
2082 1748 49 22 and'
2139 1749 38 22 the
2190 1748 75 28 public
2275 1748 22 22 in
2309 1748 103 28 'general,
2424 1748 49 22 that

1890 1775 73 22 Baron
1983 1774 115 23 Alzdorf's
2116 1774 112 24 excellent
2249 1775 51 22 Port
2322 1775 46 22 and
2392 1775 82 27 Sherry

1890 1802 76 21 Wines
1984 1809 36 14 are
2039 1802 165 23 henceforward
2227 1805 23 18 to
2273 1802 25 21 be
2321 1802 47 21 had
2391 1805 23 18 at
2436 1802 38 21 the

1890 1828 158 23 Wellingtom
2062 1829 96 22 Tavern
2176 1828 62 28 only;
2253 1828 70 23 either
2337 1828 24 22 in
2372 1835 62 16 cases
2448 1835 26 15 or

1891 1854 89 23 smaller
1989 1856 128 27 quantities.

1979 1896 78 16 PRICES
2074 1897 124 15 MODERATE
2198 1900 28 5 —
2229 1896 73 16 TERMS
2318 1896 66 16 CASH.

1889 1924 21 20 A
1917 1924 93 26 spacious
2019 1924 43 21 and
2071 1924 40 26 dry
2121 1924 73 21 skittle
2201 1924 82 26 grouud
2294 1930 45 14 now
2349 1930 52 20 open
2410 1924 23 20 at
2442 1923 35 21 the

1977 1964 4 5 .
2001 1965 2 4 .
2038 1950 3 5 '
2107 1952 60 20 above
2178 1953 81 19 tavern.
2266 1958 8 4 -

1884 1994 119 22 ?&&!>&•&;-
2024 1995 316 23 Town>of-Mane,watu»
2340 2006 23 8 -r
2370 1998 19 13 ■-
2394 2002 55 14 -„,,*,

1892 2026 91 49 THE
2003 2025 215 23 PROPRIETORS
2243 2026 25 21 of
2290 2027 38 22 the
2349 2026 63 23 three
2425 2028 49 22 first

1978 2052 87 22 choices
2081 2055 24 18 at
2114 2054 36 21 tlie
2167 2053 44 21 last
2226 2053 105 22 selection
2341 2053 25 22 of
2380 2058 95 25 country

1891 2079 69 27 lands,
1973 2079 84 27 having
2076 2079 137 22 determined
2227 2087 59 20 upon
2302 2080 38 22 the
2357 2080 41 22 site
2412 2081 34 22 for
2462 2089 14 14 a

1905 2113 92 22 TOWN
2012 2113 44 22 ON
2070 2113 65 22 THE
2151 2113 187 23 MANEWATU
2352 2115 109 28 RIVER,

1891 2141 57 21 after
1952 2141 77 20 several
2037 2141 60 19 visits
2107 2143 21 19 to
2136 2140 39 22 the
2182 2141 186 27 neighbouroood,
2379 2141 48 22 and
2438 2142 37 22 the

1891 2171 58 18 most
1967 2167 85 23 careful
2070 2167 46 21 and
2132 2167 84 22 minute
2236 2168 149 22 examination
2400 2169 25 21 of
2438 2169 38 22 the

1893 2199 70 17 eiitire
1973 2195 97 26 .district,
2086 2193 66 23 aided
2166 2194 32 27 by
2206 2193 38 23 the
2258 2195 145 27 professional
2417 2195 57 28 skill,

1893 2221 134 27 knowledge,
2048 2221 189 28 andfexperience
2251 2221 25 21 of
2286 2221 38 22 the
2340 2225 61 19 most
2415 2229 61 15 com-

1893 2252 76 23 petent
1975 2247 87 28 judges,
2079 2254 92 21 propose
2186 2249 24 19 to
2226 2247 53 22 offer
2289 2248 33 22 for
2340 2248 103 29 disposal,
2455 2253 23 18 at

2041 2270 37 26 tlie
2092 2277 88 24 present
2189 2274 61 27 time,
2261 2274 67 22 about
2361 2284 6 2 -

1893 2305 219 24 TWENTY-FIVE
2145 2305 106 27 ACRES,
2288 2306 37 21 IN
2362 2306 116 24 ALLOT-

1895 2333 110 27 MENTS,
2021 2332 86 23 EACH
2128 2332 39 21 OF
2192 2332 63 22 ONE
2275 2333 149 24 QUARTER
2438 2334 40 22 OF

2111 2358 43 22 AN
2170 2359 90 22 ACRE.

1895 2400 7 4 -
1920 2386 47 22 The
1976 2389 48 25 spot
2033 2386 51 21 thus
2094 2385 97 22 selected
2201 2393 108 20 possesses
2318 2386 38 21 the
2366 2390 58 19 most
2439 2394 39 15 ex-

1885 2414 93 21 pensive
1991 2413 102 27 frontage
2147 2412 56 27 deep
2215 2416 66 18 water
2295 2413 26 22 of
2333 2420 44 20 any
2392 2421 28 14 on
2440 2414 38 23 the

1895 2440 63 22 river.
1986 2440 22 21 It
2025 2439 20 22 is
2064 2439 98 22 situated
2174 2439 48 25 just
2234 2439 85 22 aWhat
2338 2441 64 25 point
2408 2440 70 23 -from

1956 2466 72 23 which
2037 2473 14 14 a
2060 2466 56 21 road
2125 2464 73 23 would
2208 2466 81 21 branch
2300 2466 33 22 off
2339 2471 22 17 to
2372 2466 38 22 the
2435 2473 4 5 -

1895 2501 92 14 WOODED
2011 2500 46 15 AND
2079 2500 98 15 FERTILE
2197 2500 115 15 DISTRICTS
2332 2501 77 15 ALONG
2432 2501 46 15 THE

2064 2526 57 15 BASE
2134 2527 27 14 OF
2176 2526 46 15 THE
2237 2527 72 20 HILLS,

1895 2547 44 22 and
1952 2548 69 21 above
2031 2546 74 22 which
2115 2546 36 22 the
2164 2547 127 26 navigation
2305 2547 36 21 for
2349 2547 83 22 vessels
2439 2547 41 22 be-

1897 2581 73 15 comes
1980 2574 85 25 tedious,
2075 2573 25 26 if
2104 2574 36 20 not
2149 2573 95 26 difficult.
2272 2573 21 22 It
2299 2574 19 21 is
2325 2573 109 22 therefore
2440 2574 38 22 the

2093 2600 63 27 point
2163 2600 73 21 where
2241 2599 42 22 -the
2283 2619 7 6 s
2294 2616 3 3 .

1898 2634 86 22 LAND
1998 2634 69 21 AND
2082 2633 114 22 WATER
2210 2633 160 25 CARRIAGE
2384 2633 94 24 MEET,

1897 2661 45 21 and
1951 2661 72 21 where
2032 2667 14 15 a
2055 2660 69 22 Town
2140 2667 61 15 must
2215 2668 29 14 be
2249 2668 4 5 •
2258 2667 89 15 formed
2364 2661 67 21 when
2440 2661 39 22 the

1898 2687 84 22 district
1995 2687 20 21 is
2024 2687 90 22 settled.
2141 2687 22 21 It
2171 2693 44 15 was
2225 2686 96 22 selected
2336 2687 30 27 by
2375 2686 45 22 the'
2427 2688 53 22 Sur-

1898 2714 79 27 veying
1986 2714 60 22 Staff
2057 2721 24 14 as
2091 2714 37 21 the
2135 2713 138 22 rendezvous
2281 2714 42 23 for.
2331 2713 58 23 their
2403 2714 75 27 body*;

1899 2741 42 21 and
1952 2741 38 21 has
1999 2741 58 21 been
2066 2747 52 15 now
2129 2740 77 27 found,
2217 2740 57 22 after
2283 2740 86 22 several
2384 2741 97 23 months'

1898 2768 101 27 location,
2011 2771 23 17 to
2048 2767 28 22 be
2085 2767 38 21 the
2131 2771 60 19 most
2203 2767 163 27 advantageous
2376 2767 103 28 position,

1898 2795 63 21 from'
1971 2795 26 21 its
2011 2794 101 27 peculiar
2130 2794 85 27 facility
2232 2794 26 21 of
2267 2794 112 27 approach
2389 2794 52 22 both
2452 2794 29 28 by

1899 2821 53 22 land
1961 2821 44 22 and
2013 2825 77 21 water.
2138 2821 2 9 '
2233 2828 5 6 *
2387 2832 5 2 -
2467 2830 6 2 -

1928 2849 27 21 In
1966 2848 153 22 confirmation
2128 2847 26 21 of
2159 2846 176 28 the»superiority
2345 2846 26 22 of
2378 2846 44 24 this
2432 2850 49 24 spot

1900 2882 52 14 over
1961 2882 43 19 any
2013 2874 64 22 other
2084 2877 39 23 yet
2130 2873 93 27 known,-
2232 2873 37 21 the
2278 2874 90 20 Messrs.
2376 2874 103 27 Kebbell,

1900 2902 57 20 after
1973 2901 37 21 the
2030 2900 149 22 examination
2196 2901 26 20 of
2238 2900 35 21 the
2290 2900 59 21 river
2364 2900 59 22 from
2440 2901 39 21 the

1901 2928 86 22 Paneiri
1997 2927 47 21 Pah
2053 2930 24 20 to
2086 2927 30 21 its
2123 2926 87 27 mouthy
2220 2926 137 22 determined
2370 2934 35 21 on,
2410 2931 70 18 erect-

2135 2953 39 27 ing
2187 2952 58 23 their

1901 2987 65 22 SAW
1980 2987 80 22 MILL
2081 2985 226 23 IMMEDIATELY
2322 2985 159 25 OPPOSITE,

1900 3015 47 21 'ihe
1965 3013 70 22 works
2052 3013 32 21 of-
2093 3012 48 22 that
2159 3012 166 23 establishment
2342 3020 38 15 are
2387 3018 5 6 v
2399 3017 23 18 at
2431 3014 50 22 .this

1900 3044 98 19 moment
2015 3036 103 34 in^rapid
2131 3046 115 21 progress,,
2255 3039 43 22 and
2316 3039 38 22 the
2371 3041 110 27 proposed

1900 3068 68 24 Town
1977 3063 186 30 wuTnecessavily
2167 3067 93 26 partake
2265 3066 24 22 of
2295 3066 43 22 this
2347 3065 133 30 advantage.

1912 3093 4 3 '
1927 3093 48 23 The
1992 3093 94 22 nucleus
2101 3092 24 22 of
2140 3100 14 14 a
2171 3093 70 22 Town
2255 3093 25 27 is,
2288 3093 24 22 in
2326 3093 54 27 fact,'
2390 3093 91 29 already

1900 3120 94 26 created,
2004 3120 31 27 by
2044 3119 37 23 the
2093 3119 163 22 concentration
2271 3119 27 23 of.
2309 3119 37 23 the
2356 3121 125 27 Surveying

1901 3147 56 24 Staff
1964 3154 28 15 on
2002 3146 49 23 that
2060 3149 56 24 spot,
2126 3153 25 14 as
2158 3145 38 22 the
2206 3149 73 19 centre
2295 3146 26 22 of
2328 3147 153 22 communica-

1901 3175 45 22 tion
1956 3176 22 19 to
1988 3173 38 22 the
2036 3171 148 28 surrounding
2193 3171 94 29 district;
2303 3169 39 26 the
2352 3173 96 22 erection
2457 3174 27 21 of

1900 3201 89 22 Messrs.
2000 3199 118 23 Kebbell's
2131 3199 50 22 Saw
2196 3198 64 23 Mills
2274 3199 111 30 opposite.;
2401 3200 29 27 by
2442 3200 38 22 the

1900 3230 171 25 arrangements'
2077 3226 35 21 for
2125 3232 29 16 an
2171 3226 112 23 extensive
2293 3226 98 23 General
2403 3227 75 26 Store;

1901 3254 44 23 and
1954 3255 28 26 by
1989 3253 38 24 the
2037 3253 45 22 late
2091 3252 133 32 application
2230 3253 33 22 for
2271 3260 13 15 a
2289 3252 109 24 Licensed
2403 3252 76 23 House

1900 3288 28 15 on
1937 3280 38 23 the
1982 3282 51 26 part
2041 3279 27 22 of
2078 3286 31 15 an
2117 3278 123 24 individual
2253 3279 47 23 who
2313 3279 47 26 has,
2371 3279 61 21 since
2441 3279 38 22 the

1900 3308 117 21 formation
2034 3307 26 21 of
2074 3305 39 23 the
2127 3306 92 28 Colony,
2234 3305 93 28 pursued
2339 3324 6 8 v
2342 3312 21 16 a-
2374 3305 106 23 lucrative

1901 3334 63 22 trade
1973 3333 53 23 with
2034 3333 39 22 the
2083 3333 91 26 natives,
2186 3333 46 22 and
2242 3332 68 22 whose
2320 3331 131 26 knowledge
2457 3332 27 22 of

1901 3361 37 22 the
1947 3361 137 26 advantages
2093 3359 25 22 of
2124 3359 39 23 the
2171 3359 100 28 position,
2276 3357 117 28 prompted
2402 3357 46 25 him
2457 3361 24 19 at

1901 3395 56 17 once
1966 3391 22 18 to
1996 3388 75 27 prefer
2079 3386 50 22 that
2139 3384 139 29 application.

1891 3425 7 9 <
1927 3414 47 23 The
1984 3413 93 23 Natives
2092 3413 29 27 by
2130 3413 72 22 whom
2217 3410 43 22 this
2269 3409 53 24 land
2331 3417 46 16 was
2386 3410 95 26 claimed

1901 3448 37 15 are
1948 3441 60 28 quite
2018 3439 108 29 prepared
2135 3443 21 18 to
2163 3438 51 27 give
2220 3444 30 21 up
2255 3437 130 28 possession,
2392 3437 44 23 and
2442 3444 38 17 are

1890 3467 154 28 ..exceedingly
2054 3467 98 22 anxious,
2158 3469 23 17 to
2196 3463 56 23 have
2262 3470 13 15 a
2283 3463 118 29 European
2409 3471 70 21 popu-

1900 3495 68 21 lation
1977 3501 81 20 among
2069 3493 65 25 them,
2146 3490 82 27 having
2245 3489 53 24 heen
2307 3497 59 21 upon
2377 3490 38 22 the
2424 3494 58 19 most

1899 3521 95 28 friendly
2001 3521 87 28 footing
2098 3517 51 23 with
2156 3517 45 21 the.
2206 3517 127 27 Surveying-
2338 3517 59 23 Staff
2401 3517 80 28 during

1899 3548 38 22 the
1945 3547 49 25 four
2003 3555 26 15 or
2037 3547 44 22 five
2090 3543 87 25 months
2185 3543 53 27 they
2258 3542 54 23 have
2328 3543 56 22 been
2394 3543 89 23 located,

1898 3575 70 25 there.
2011 3593 4 4 .
2233 3578 136 18 _••-#••-

1927 3601 34 25 As
1970 3601 36 24 the
2011 3598 138 28 Proprietors
2157 3603 94 21 purpose
2259 3598 21 20 to
2288 3596 89 27 dispose
2386 3596 26 22 of
2418 3596 40 22 hut
2467 3604 14 16 a

1899 3627 84 24 limited
1996 3626 90 28 portion
2102 3624 25 22 of
2137 3623 37 22 the
2189 3622 69 23 Town
2272 3625 23 19 at
2311 3625 97 26 present,
2427 3623 55 27 they

1899 3654 78 29 pledge
1985 3651 133 25 themselves
2121 3650 59 26 .that,
2191 3648 23 28 fit
2222 3655 29 16 no
2269 3648 73 23 future
2351 3649 64 27 sales,
2425 3646 59 28 shall

1900 3682 39 21 the
1948 3680 126 26 allotments
2082 3677 29 21 be
2119 3679 39 27 put
2164 3683 31 20 up
2203 3677 25 20 at
2236 3683 14 14 a
2258 3675 45 25 /ea.s
2311 3682 50 15 sum
2369 3676 56 22 than
2432 3683 52 17 now

1900 3708 88 26 offered.
2004 3714 4 3 ■
2093 3725 3 5 .
2149 3726 9 9 *
2178 3710 26 25 ,1.
2211 3714 67 21 "»!"-'•«
2299 3726 12 9 v
2329 3717 44 18 •**•*«
2387 3721 25 12 v-
2454 3723 26 12 •£*

1926 3736 23 23 A
1967 3733 130 27 Prospectus
2115 3728 46 26 and
2178 3728 57 24 Plan
2255 3728 23 23 of
2291 3728 126 33 the..Towp
2432 3731 51 22 *tW

1900 3761 84 27 shortly
1991 3760 29 22 be
2027 3754 70 30 ready
2105 3756 35 22 for
2147 3755 123 29 inspection
2284 3757 30 20 at-
2319 3754 132 26 tb^Xmc&i
2459 3754 25 24 Hi

1900 3787 89 24 Messrs.
1999 3783 70 23 Waitt
2077 3782 45 24 and
2131 3783 79 29 Tyae£
2217 3781 31 23 Te
2256 3782 58 21 Aro.-
2447 3780 15 26 .':
2470 3803 4 3 .

1927 3809 370 37 WeUington,-Aprii2S,iß42,r.
2302 3820 7 6 <
2309 3812 66 27 ir.f
2418 3837 4 3 .
2445 3836 3 8 ,

1977 3877 17 5 ■•
2004 3881 9 9 r-
2029 3874 35 24 o§f
2085 3869 74 21 Just,
2163 3866 131 24 received.

1901 3903 126 53 PLANS
2050 3900 26 24 of
2097 3898 38 25 tHe
2151 3898 77 25 .Town
2246 3898 26 23 of
2287 3897 170 27 WEnrNcfroN.

1971 3931 70 23 Plans
2050 3928 27 26 of
2083 3925 36 27 th«
2128 3926 108 26 Harbour
2244 3924 25 25 of
2281 3924 55 25 Port
2351 3924 131 25 Nicholson.
