3364 6122
64 531 1273 74 LYELL
1592 531 1528 74 TIMES.

64 605 340 40 AND
517 605 792 40 CENTRAL
1422 605 679 40 BULLER
2214 605 906 40 GAZETTE.

130 786 110 46 Vol.
268 786 52 45 V.
327 785 148 45 —No.
506 798 84 34 210
618 785 7 57 )

955 784 219 44 LYELL
1256 783 364 45 SATURDAY.
1687 781 353 50 FEBRUARY
2104 804 67 38 21,
2229 794 107 58 18S5

2860 799 179 55 (Price
3072 801 72 43 6d.

205 974 208 38 JAMES
461 972 249 46 INGLIS,

144 1084 311 40 HAREBROKEB
493 1087 22 30 &
553 1082 279 35 COMMISSION

134 1135 3 17 i

339 1212 23 29 A
388 1209 24 33 G
444 1207 22 33 E
493 1206 26 34 N
545 1206 36 38 T,

171 1326 138 35 Cliff
354 1324 187 37 Street,
588 1319 54 34 Ly
654 1329 99 23 kll,

188 1437 93 37 MR.
303 1435 32 38 J.
357 1434 34 38 J.
412 1429 317 45 MOYNXHAN,

156 1516 225 37 ARRISTER
419 1513 91 35 AND
559 1507 278 38 SOLICITOR.

81 1661 256 35 Commissioner
364 1658 35 33 of
419 1656 54 34 the
499 1658 157 40 Supreme
682 1655 99 30 Court
807 1650 35 32 of

385 1737 154 34 Victoria.

143 1825 99 35 Office
258 1834 5 23 :
290 1823 205 33 Palmerston
518 1818 63 42 St.,
600 1815 176 45 Wesfeport.

82 1916 92 44 Lyell
198 1915 119 33 Courts
331 1910 154 36 attended
502 1909 95 33 when
621 1919 35 21 so
678 1903 161 45 required.

196 2023 22 34 J
242 2049 7 7 .
316 2021 31 33 P
369 2047 8 7 .
445 2013 283 43 CLARK,

183 2112 360 42 HABBBK
581 2114 30 33 O
649 2107 33 38 K
720 2107 27 36 E
780 2106 31 35 K
835 2133 8 17 ,

136 2159 5 23 >

199 2235 170 34 MINING
404 2233 90 32 AND
527 2227 216 34 GENERAL

84 2336 467 44 COMMISSION
613 2328 231 38 AGENT,

324 2436 145 39 LYE
496 2435 29 37 L
556 2434 25 36 L
602 2464 5 5 .

181 2558 290 44 GEORGE
551 2552 201 40 WISE.

90 2645 691 64 QHAKEBEOKE
812 2642 37 49 R

92 2859 178 39 UOMM
295 2852 217 40 I'SSION
621 2852 25 32 A
670 2844 179 45 GENT,

208 2966 260 39 BROADWAY,
506 2959 224 35 REEFTON.

185 3091 59 43 G.
304 3088 52 43 C.
412 3076 346 52 BOWMAN,

114 3193 25 28 A
165 3185 278 39 UCTIONEEB,
468 3184 46 33 O
526 3174 326 39 HARKBROKER,

284 3302 134 31 Mining
440 3308 65 21 and
530 3297 140 31 Gknral

117 3385 404 45 COMMISSION
602 3378 232 37 AGENT.

265 3476 202 32 Broadway,
522 3467 169 33 Rjsefton.

153 3591 293 43 JOHNSTON
482 3589 33 35 8c
544 3584 257 39 WATKINS

363 3678 126 34 CIVIL
511 3676 93 33 AND

209 3775 85 35 INI
309 3773 26 34 N
350 3773 27 33 0

550 3761 310 40 NGINEEKS,

332 3881 211 26 AUTHORISED
571 3879 64 23 AND

105 3954 336 55 LICENSED
473 3945 389 53 SURVEYORS

104 4083 161 41 Working
297 4080 96 32 Plans
420 4075 65 34 and
515 4072 127 33 Details
671 4071 35 32 of
736 4068 130 40 Miiung

149 4132 193 38 Machinery
360 4120 156 50 prepared
529 4119 64 35 and
604 4119 54 34 the
670 4117 155 34 Erection

214 4176 125 41 Mining
358 4171 189 42 Machinery
565 4164 198 46 supervised.

109 4273 142 38 Purveys
266 4267 51 32 for
332 4262 127 43 Mining
473 4257 197 43 Companies
681 4253 187 35 contracted

108 4318 49 35 for
172 4316 42 43 by
231 4314 54 35 the
302 4321 85 35 year.
433 4307 142 41 Surveys
590 4306 94 31 made
697 4300 103 34 under
813 4298 54 34 the

302 4349 110 43 'Land
427 4353 151 35 Transfer
591 4353 70 31 Act.

408 4448 161 36 Address:

110 4507 201 35 Broadway,
337 4499 157 36 Bottom
510 4506 7 32 ;
551 4504 65 24 and
648 4492 222 34 Commercial

357 4547 128 36 Hotel,
510 4544 108 31 Lyeli

155 4637 346 44 N.B.—lnstructions
517 4635 58 34 left
591 4641 33 28 at
640 4633 107 33 Times
761 4630 110 37 Office,

115 4693 105 40 iye.ll,
235 4689 67 36 will
318 4687 123 35 receive
451 4681 189 37 immediate
658 4678 172 35 attention.

122 4824 85 49 -PI
253 4823 84 50 in
367 4818 108 55 -P4.
519 4826 52 30 pei
572 4826 13 47 ;
614 4825 8 18 c
623 4813 31 60 V
657 4824 20 28 y
721 4821 78 31 mfty
836 4809 20 31 b
859 4821 19 52 !-

119 4861 57 33 9U
183 4857 40 33 JL
263 4857 74 32 UU
364 4857 111 30 <3utl
515 4859 92 31 made
635 4857 41 40 by
694 4865 134 32 persons
844 4857 31 28 ot

119 4914 104 37 either
239 4923 64 25 sex,
320 4909 32 35 in
370 4907 84 34 their
472 4917 71 22 own
560 4902 167 39 localities,
740 4904 33 31 at
788 4899 85 35 work

120 4963 50 30 for
195 4970 50 20 us.
289 4957 79 31 New
400 4953 158 33 business.
603 4950 51 31 All
682 4954 97 25 meet-
795 4948 80 31 with

122 5002 179 38 wonderful
318 5010 136 25 success.
499 4998 72 40 Any
589 5006 60 23 one
673 5006 61 22 can
757 4993 41 34 do
821 4993 54 34 the

122 5050 100 35 work.
277 5046 126 44 Capital
435 5048 55 27 not
520 5041 157 44 required.
727 5040 54 32 \Ye
811 5038 62 33 w.ll

124 5103 81 30 start
220 5108 75 31 you.
341 5090 102 37 Outfit
459 5088 105 35 worth
590 5088 41 35 Jfil
657 5087 119 34 mailed
799 5087 77 33 free.

124 5144 69 33 The
210 5141 223 43 employment
456 5137 27 30 is
506 5134 209 44 particularly
738 5133 139 42 adapted

124 5201 33 24 to
174 5189 54 35 the
251 5186 111 42 region
386 5185 32 32 in
446 5180 108 35 which
584 5179 66 34 this
680 5177 198 45 publication

126 5236 182 36 circulates.
374 5231 87 42 Boys
497 5227 65 34 and
599 5226 75 43 girls
711 5237 58 21 can
802 5237 77 21 earn

126 5283 114 43 nearly
256 5293 34 21 as
307 5278 98 35 much
422 5290 35 20 as
473 5287 85 21 men.
605 5271 74 36 Full
686 5272 194 44 particulars

123 5330 66 38 and
230 5326 199 36 nstructions
459 5320 119 35 mailed
607 5320 74 31 free.
738 5318 79 35 Now
854 5319 27 32 is

127 5381 56 33 the
200 5374 216 37 time—don't
432 5371 107 43 delay,
557 5369 57 32 hut
626 5367 91 33 write
739 5376 33 25 lo
796 5379 37 21 us
849 5372 32 30 at

126 5435 90 25 once.
261 5420 141 34 Address
419 5416 96 34 BTIN
525 5414 78 33 SON
637 5413 22 31 &
685 5413 64 31 CO.
793 5414 70 31 Port-

125 5471 90 36 land,
235 5469 120 36 Maine,
377 5462 115 36 United
520 5460 115 33 V.i'-es.

188 5575 176 37 >EMEPY
381 5571 118 36 FREE
515 5570 80 34 I—A
604 5568 109 33 victim
727 5568 137 43 ofyouth-

188 5628 14 24 u
247 5623 47 35 fill
309 5618 208 47 imprudence
541 5616 132 40 causing
698 5614 186 36 Premature

133 5677 123 38 Decay,
276 5670 147 34 Nervous
439 5659 156 47 Debility,
614 5662 80 31 Lost
709 5660 177 44 Manhood,

133 5722 66 37 &€.,
221 5717 124 38 having
371 5712 80 34 tried
480 5712 33 31 in
544 5719 73 22 vain
646 5718 95 31 every
766 5706 119 36 known

132 5764 146 44 r§»«dy,
296 5763 59 31 has
367 5756 183 36 discovered
564 5768 17 20 a
599 5753 114 43 simple
728 5754 159 39 self-cure,

133 5811 111 36 which
261 5809 40 32 he
317 5806 66 33 will
400 5804 79 33 stnd
496 5800 118 35 FKEE
639 5804 32 28 to
695 5799 50 31 his
767 5799 102 33 fellow-

134 5858 204 36 sufferer*.—
341 5851 139 33 Addrass
491 5844 30 37 J.
534 5847 43 32 H.
593 5845 190 38 REEVES,
798 5846 89 41 Esq.,

134 5908 40 33 48
212 5900 164 37 Chatham
409 5898 113 34 Street,
562 5893 79 33 New
679 5889 88 35 York
804 5891 84 41 City,

136 5952 79 33 U.S.
219 5952 38 29 A:

875 1026 307 89 Import
1257 1026 570 90 Ironmongery
1887 1028 523 90 Warehouse,

1460 1238 161 44 NEL
1647 1235 27 45 G
1700 1237 31 44 0
1759 1237 40 43 N

1153 1943 2 19 ■
1171 1943 18 19 •.
1219 1948 30 4 ■■■■
1270 1948 7 14 i
1293 1943 4 19 i
1336 1943 40 19 r-f-
1377 1943 6 13 ;
1383 1943 7 9 *
1409 1943 21 10 Tl,
1442 1943 19 19 ■:
1533 1947 5 15 i

1140 1980 3 43 •
1171 1980 2 43 .
1191 1984 66 35 Phi■>:
1265 1995 10 21 -.
1294 1980 75 36 to
1374 1991 17 22 *
1396 1980 71 43 v-..;
1479 1992 47 26 n>
1554 1987 43 36 C$

1037 2158 139 45 vH^xt

1452 2128 111 34 ft&Ai

1756 2072 24 13 v..
1798 2046 125 39 -"M-.d--'
1938 2049 54 34 I*l*

2164 2159 4 14 -
2201 2159 1 14 '
2214 2159 4 14 '
2247 2159 2 14 :
2263 2160 51 13 '.*.«■:«;

1058 2465 419 49 Communications
1529 2464 57 63 by
1626 2463 106 48 Post
1776 2482 49 28 or
1860 2463 119 49 Wire
2024 2468 231 61 promptly

1508 2602 215 46 attended
1748 2611 60 37 to.

1017 2782 229 40 NOBEL'S
1299 2783 215 38 PATENT

887 2842 698 72 DYNAMITE

927 2983 47 34 To
991 2983 220 39 Contractors,
1238 2984 131 35 Miners,
1388 2983 218 46 Quarrynien,

1157 3029 65 35 and
1250 3030 128 34 Others.

891 3123 231 71 NOBEL's
1138 3121 253 43 DYNAMITE,
1404 3123 83 36 frtrn
1500 3123 146 45 repeated

1016 3171 93 31 trials
1131 3170 43 40 by
1204 3171 55 31 the
1289 3171 122 40 largest
1441 3173 207 30 Contractor?

889 3215 65 34 and
971 3215 130 46 Mining
1116 3215 172 45 Managers
1305 3216 32 33 in
1356 3216 52 34 the
1425 3217 223 34 Australasian

891 3264 161 39 Colonies,
1070 3265 64 32 and
1150 3264 84 32 from
1251 3264 77 32 lon*
1347 3276 52 21 use
1430 3266 64 31 and
1524 3270 127 28 mortar

891 3314 89 36 tests,
997 3310 59 32 lias
1073 3310 121 42 proved
1209 3309 89 31 itself
1312 3309 125 42 beyond
1468 3311 126 41 dispute
1617 3316 32 25 to

890 3354 38 35 be
955 3356 55 33 the
1042 3361 111 39 purest
1183 3354 65 34 and
1272 3354 40 45 by
1336 3356 49 33 far
1409 3357 53 33 the
1489 3361 162 37 strongest

892 3403 264 31 manufactured.

934 3457 30 34 It
981 3458 26 33 is
1025 3457 196 43 unoqnailed
1237 3457 48 34 for
1300 3457 141 43 mining,
1458 3458 192 44 quarrying,

894 3504 142 41 blasting
1051 3504 45 40 (in
1115 3511 61 24 wet
1192 3514 35 21 or
1243 3504 68 34 dry,
1338 3505 80 32 solid
1449 3517 35 20 or
1514 3503 138 34 fissured

893 3548 101 45 rock).
1040 3549 207 44 Tunnelling,
1265 3548 155 48 breaking
1446 3563 42 32 up
1520 3550 131 36 wrecks,

894 3597 128 30 sunken
1038 3597 105 36 rocks,
1160 3596 141 42 blowing
1324 3604 56 24 out
1409 3599 66 30 and
1505 3597 149 44 splitting

895 3652 42 32 up
954 3648 67 26 tree
1037 3644 99 36 roots,
1153 3640 159 36 boulders,
1331 3641 51 35 &c.

937 3687 48 32 Its
1002 3689 103 40 safety
1120 3688 60 31 has
1194 3688 81 31 been
1298 3690 193 43 completely
1522 3690 109 33 demon-

896 3731 123 35 strated
1034 3731 44 44 by
1093 3732 55 33 the
1166 3732 135 34 absence
1313 3735 35 32 of
1361 3735 173 40 accidents,
1552 3735 87 34 eithe

897 3779 32 32 in
953 3780 127 38 transit,
1092 3786 137 36 storage,
1254 3792 34 20 or
1319 3782 39 32 its
1388 3782 176 44 legitimate
1591 3793 64 21 use.

898 3825 31 33 It
945 3826 25 32 is
986 3825 173 35 insensible
1176 3832 33 26 to
1226 3827 126 37 shocks,
1370 3840 18 21 a
1399 3829 189 42 percussion
1599 3838 56 31 cap

898 3870 95 43 being
1030 3871 150 43 required
1223 3877 33 27 to
1299 3872 135 46 develop
1482 3876 42 31 its
1567 3874 88 44 giant

899 3928 119 33 power.

941 3965 108 32 Prices
1066 3976 53 21 are
1136 3976 71 22 now
1225 3966 48 33 for
1275 3986 40 3 —

942 4012 15 32 1
982 4024 83 28 ease,
1084 4013 38 32 50
1138 4012 49 34 lbs
1406 4017 35 31 2s
1457 4015 41 34 6d
1514 4027 57 32 per
1588 4014 30 32 lb

941 4070 18 20 o
1004 4058 39 32 do
1108 4059 53 31 do-
1394 4058 48 35 '2s
1458 4062 40 33 3d
1517 4072 54 32 per
1590 4060 28 33 11)

941 4104 68 35 The
1026 4102 100 37 above
1143 4118 54 22 are
1213 4106 54 34 the
1284 4107 103 44 prices
1401 4108 33 35 in
1453 4108 155 36 Dunedln
1625 4117 33 23 or

903 4152 198 41 Wellington
1119 4154 200 42 magaziues.

943 4198 158 35 Discount
1134 4199 136 35 allowed
1302 4210 31 24 to
1363 4202 117 43 buyers
1510 4202 36 34 of
1573 4202 85 41 large

885 4244 1 34 !
905 4244 132 34 parcels.

1754 2825 175 33 LADIES'
1955 2826 57 32 OR
2037 2825 327 35 GENTLEMEN'S

1843 3069 109 40 (Quiet
1967 3068 65 32 and
2049 3069 235 35 Well-broken)

1683 3165 87 33 FOR
1787 3165 114 31 HIKE
1920 3164 58 32 BY
1995 3165 93 31 THE
2107 3166 335 33 UNDERSIGNED

1827 3260 49 32 At
1902 3261 197 34 Inanoahua
2121 3262 179 33 Junction.

1730 3404 132 31 Horse's
1878 3408 71 26 sent
1964 3406 44 39 Jto
2025 3403 93 42 Lyell
2135 3407 34 27 at
2192 3413 18 21 a
2227 3405 177 29 moment's

1689 3598 235 53 Courtney's
1935 3596 358 44 Accommodation
2306 3597 142 43 House

1690 3692 134 41 Having
1854 3692 99 41 lately
1980 3692 81 31 been
2088 3692 228 41 considerably
2342 3692 106 32 added

1692 3760 32 27 to
1747 3754 66 33 and
1837 3754 181 43 improved,
2036 3754 26 32 is
2086 3766 73 21 now
2177 3766 60 21 one
2253 3754 36 33 of
2308 3754 55 33 the
2379 3754 70 33 best

1691 3818 176 42 appointed
1883 3819 64 31 and
1963 3822 86 28 most
2065 3817 211 33 comfortable
2301 3817 148 33 roadside

1825 3880 129 34 house's
1970 3891 41 22 on
2028 3879 55 34 the
2099 3879 91 34 West
2208 3880 108 33 Coast.

1711 4031 286 38 FRANCIS
2059 4031 374 45 COURTNEY,

1964 4112 226 34 Proprietor.

1814 4266 159 37 LYELL,
1997 4266 93 32 AND
2115 4266 222 35 REEFTON.

925 4336 230 46 NOBEL'S
1181 4337 226 47 PATENT
1445 4339 161 47 BLAST-

1059 4402 104 46 ING
1205 4405 303 45 GELATINE.

947 4483 33 35 Is
996 4485 39 33 50
1052 4496 54 31 per
1122 4490 75 29 cent
1212 4489 148 40 stronger
1373 4487 78 34 than
1465 4486 176 46 Dyruniito
1656 4494 6 31 ;

906 4532 88 42 gives
1011 4532 45 33 off
1070 4533 61 32 less
1148 4534 129 38 smoke;
1302 4545 78 20 uas
1397 4543 65 24 sate
1480 4548 33 19 as
1552 4536 88 38 Dyna-

906 4577 78 33 mite
997 4588 7 30 ;
1027 4578 27 33 is
1070 4579 124 40 slower,
1211 4579 62 33 less
1289 4578 191 48 shattering,
1498 4581 65 33 ami
1574 4588 89 24 more

906 4625 174 44 expansive
1103 4626 33 33 in
1167 4626 40 34 its
1237 4626 108 35 action
1360 4639 6 29 ;
1390 4627 210 34 indissoluble
1631 4625 33 33 in

907 4677 111 36 water,
1035 4673 64 33 and
1114 4674 27 31 is
1158 4673 79 34 fired
1259 4674 80 34 with
1371 4675 80 40 fuse,
1482 4675 182 36 detonator,

908 4719 64 32 and
990 4719 169 41 dynamite
1175 4720 123 42 primer
1311 4722 34 31 in
1357 4721 53 33 the
1425 4734 90 20 same
1527 4729 138 24 manner

908 4777 35 21 as
960 4765 179 44 dynamite.

950 4812 108 33 Prices
1074 4812 35 33 of
1119 4812 152 44 Blasting
1287 4814 152 31 Gelatine

952 4870 14 29 1
985 4879 83 25 ease,
1086 4870 40 30 50
1141 4868 50 32 lbs
1331 4894 34 7 ...
1411 4871 35 32 3s
1463 4881 56 32 per
1534 4868 33 32 lb

952 4917 17 33 5
1014 4915 40 34 do
1120 4915 40 34 do
1331 4943 33 7 ...
1411 4918 35 32 2s
1461 4917 42 33 8d
1524 4927 57 31 per
1595 4913 33 33 lb

1089 4962 35 31 in
1141 4961 155 34 Dunedin
1312 4962 178 42 magazine.

953 5030 180 41 Necessary
1150 5030 161 42 tape-fuse
1329 5030 64 31 and
1407 5030 187 31 detonators
1623 5027 48 30 for

912 5075 97 45 tiring
1026 5075 179 45 Dynamite
1218 5077 63 33 and
1313 5077 148 34 Gelatine
1490 5075 121 42 always
1638 5071 33 35 in

912 5124 101 31 stock.
1061 5124 131 31 Printed
1205 5125 210 30 instructions
1431 5124 50 29 for
1496 5123 94 37 using
1616 5120 56 30 the

913 5169 101 35 above
1030 5168 108 35 issued
1152 5167 80 37 with
1249 5181 97 31 every
1362 5167 52 36 51b
1430 5166 154 46 package.

974 5264 124 44 Agents
1115 5264 49 34 for
1180 5263 53 35 the
1251 5263 150 43 Glasgow
1425 5261 169 42 Company

1061 5330 367 39 DALGETTY&Co.

1137 5380 153 33 Dunedin
1310 5379 64 32 and
1390 5376 245 34 Christchurch.

1059 5447 53 35 W.
1131 5447 46 33 M.
1194 5443 275 41 BANNATYNJE
1487 5444 25 33 &
1527 5442 69 42 Co.,

1425 5488 213 45 Wellington.

905 5538 1 19 i

960 5589 84 32 N.B.
1047 5585 197 45 —Supplies
1259 5597 78 31 may
1353 5584 40 33 be
1407 5583 66 33 had
1489 5583 85 33 from
1590 5583 89 33 John

905 5630 1 43 1
920 5633 235 36 FsNNELLand
1166 5633 109 34 James
1289 5632 104 34 Ryan,
1407 5630 113 43 Lyell;
1538 5630 142 34 Thomas

921 5682 101 38 Field,
1050 5681 184 42 Westport;
1259 5680 39 31 R.
1327 5679 112 40 Oxley,
1454 5677 141 42 Forsyth
1618 5677 62 32 and

905 5721 1 52 |
922 5728 151 38 Masters,
1096 5726 83 34 Reef
1179 5733 56 26 ton
1261 5723 65 35 and
1355 5724 84 42 Grey
1443 5722 116 34 mouth
1574 5733 7 30 ;
1606 5721 73 35 Gal-

905 5768 1 46 I
923 5774 111 40 higher
1051 5774 102 36 Bros.,
1176 5773 214 35 Boatman's;
1413 5770 38 31 A.
1479 5770 106 37 Foldi,
1601 5768 79 34 Dill-

905 5806 1 51 I
922 5821 106 29 man's
1058 5819 114 38 Town,
1206 5817 147 32 luimara
1371 5825 6 29 ;
1425 5815 35 32 C.
1492 5814 188 39 Linniman,

905 5860 2 45 I
922 5863 52 32 W.
990 5863 165 34 Johnston
1168 5863 65 33 and
1249 5863 68 38 Co,;
1334 5860 346 38 CowlishawandCo.,

905 5907 2 49 |
924 5909 160 33 Ilokitika
1096 5920 7 28 ;
1128 5909 64 34 and
1208 5908 109 35 others
1334 5919 41 22 on
1386 5907 55 34 the
1460 5907 89 34 West
1576 5907 104 38 Coast,

906 5955 3 31 l
925 5964 30 22 at
974 5955 109 31 lowest
1101 5962 95 24 rates.

2998 3153 197 40 Proprietor.

2507 3283 318 46 ALPINE
2889 3285 318 58 HOTEL,

2735 3387 258 34 ZALATOWN.

2485 3529 128 34 rnHE
2643 3529 219 47 undersigned
2890 3532 77 36 be*s
2994 3541 33 29 to
3050 3537 122 36 inform
3189 3538 56 36 the

2589 3593 110 42 public
2736 3595 72 31 that
2844 3596 56 32 the
2939 3598 105 33 above
3085 3601 101 32 Hotel
3217 3603 28 32 is

2482 3653 120 43 rtplete
2619 3653 80 34 with
2716 3667 96 32 every
2829 3657 151 35 comfort.

2485 3802 87 40 Ales,
2588 3802 123 40 Wnei,
2728 3803 66 34 and
2812 3805 118 43 Spirits
2946 3807 35 34 of
3000 3809 87 33 First
3111 3811 135 44 Quality

2775 3877 78 45 only
2869 3878 88 44 kept.

2572 4025 94 32 Gosld
2685 4026 167 31 Stabling
2864 4036 299 26 accommodation.

2528 4177 244 39 HENRY
2862 4179 349 42 GARBETT.

2775 4256 62 31 Pro
2878 4257 91 32 ietor.

2591 4397 169 63 JOHN
2829 4398 333 49 FENNELL.

2499 4549 71 63 Q.
2579 4550 215 33 ENERAL
2854 4552 400 45 STOREKEEPER,

2524 4693 124 33 WINE
2672 4694 93 32 AND
2790 4694 147 35 SPIRIT
2962 4695 264 43 MEBCHNAT,

1699 4397 111 72 JOB
1847 4396 149 34 LINES,
2020 4396 118 33 wishes
2176 4399 33 32 to
2248 4396 118 34 inform
2403 4396 54 36 the

1794 4442 106 29 niiK!if»
1917 4443 35 28 fkf
1969 4444 6 27 I
1986 4443 81 28 /vail.
2090 4443 144 28 Rflftft.nn.
2265 4443 61 28 anrl
2359 4443 98 28 intfiv-

1699 4442 34 26 V
1794 4443 106 43 public
1918 4443 34 34 of
1965 4443 102 43 Lyell,
2088 4443 146 38 Reefton,
2265 4443 64 34 and
2359 4443 82 34 inter-

1698 4490 142 35 mediate
1857 4490 117 45 places,
1992 4489 71 36 that
2079 4490 40 35 he
2136 4490 59 35 lias
2208 4504 73 22 now
2294 4492 112 44 placed
2417 4504 42 23 on

1700 4538 54 32 the
1772 4537 247 43 Reefton-Lyell
2039 4538 89 31 Road
2152 4550 18 20 a

1866 4605 111 35 LINE
2002 4607 53 33 OF
2081 4606 214 40 COACHES,

1702 4675 147 44 Leaving
1865 4676 93 44 Lyeil
1974 4688 43 21 on
2035 4677 171 43 Mondays,
2225 4676 235 46 Wednesdays,

1701 4722 64 32 and
1782 4722 149 44 Fridays,
1972 4726 33 30 at
2036 4725 29 31 8.
2115 4736 88 25 a.m.,
2234 4724 145 43 arriving
2430 4730 32 26 at

1702 4768 138 35 Reefton
1872 4777 32 26 at
1935 4772 26 31 5'
1983 4782 78 32 p.m.
2100 4783 89 20 same
2227 4771 73 43 day,
2335 4770 129 44 leaving

1807 4816 138 33 Reefton
1962 4828 42 20 on
2020 4817 230 32 intermediate
2268 4817 91 41 days.

1829 4916 107 24 GREAT
1957 4916 190 24 REDUCTION
2170 4918 34 23 IN
2227 4918 113 23 FARES.

1748 5009 68 32 The
1833 5021 67 30 pro;
1916 5009 99 32 rietor
2026 5009 126 39 having
2169 5023 18 19 a
2203 5010 99 32 coach
2318 5019 29 23 '<■<*
2378 5019 88 23 meet

1706 5054 70 34 him
1792 5066 42 23 on
1850 5054 54 35 the
1922 5054 92 45 Lyell
2031 5054 67 35 side
2115 5056 34 33 of
2163 5055 193 44 Inangahua
2368 5054 100 38 River

1709 5113 59 21 ean
1786 5110 177 33 guarantee
1980 5115 19 18 a
2015 5102 141 42 through
2172 5115 147 29 passage.

1825 5257 166 39 EVEFY
2032 5256 340 42 DESCRIPTION

1714 5492 155 75 JOB
1949 5492 523 69 PRINTING

1921 5624 345 35 EXECUTED

1717 5736 68 36 ON
1836 5736 100 36 TrlE
1988 5735 253 37 SHORTEST
2288 5738 186 38 KOTICE

2027 5854 41 25 AT
2098 5854 67 24 THE

1813 5945 162 37 LTELL
2011 5945 150 36 TIMERS
2191 5945 188 37 OFFICE.

2665 4828 105 31 Cliff
2795 4829 141 36 Stkket,
2959 4828 123 33 Lyell.

2583 5011 143 40 Highest
2757 5012 91 32 Price
2878 5014 97 38 given
3001 5014 49 32 for
3090 5015 86 39 gold.

2501 5153 316 46 ANCHOR
2898 5155 365 49 FOUNDRY

2733 5242 278 41 NELSON
3043 5275 9 11 .

2526 5397 28 29 A
2578 5395 56 32 LL
2657 5395 97 32 kinds
2770 5395 36 32 of
2818 5397 225 43 Engineering
3058 5399 66 31 and
3142 5400 105 32 Smith-

2618 5458 101 39 work,
2751 5458 79 33 Iron
2856 5460 66 32 and
2953 5461 102 33 Brass
3085 5463 182 43 Founding

2508 5520 141 44 Mining,
2666 5521 139 41 Marine,
2820 5522 67 33 and
2910 5522 233 37 Monumental
3159 5526 102 34 Work

2549 5662 291 33 Communication
2884 5662 108 34 Twice
3039 5664 139 43 Weekly
3226 5667 45 42 by

2510 5724 132 35 Anchor
2658 5724 82 34 Line
2758 5724 131 34 Steame
2946 5725 65 33 and
3027 5727 105 42 prices
3148 5729 124 42 quoted

2510 5787 165 34 delivered
2691 5790 35 31 at
2740 5787 77 33 Wes
2848 5787 98 33 Coast
2962 5787 104 33 Ports.

2712 5875 278 34 ALEXANDER
3014 5876 178 43 BROWN,

3064 5946 170 44 Manager,

2470 981 403 37 CRITERION
2933 985 232 35 HOTEL

2727 1061 20 24 L
2766 1060 22 26 T
2811 1062 16 23 hi
2848 1062 18 25 L
2890 1062 16 25 b

2591 1190 219 40 EDWAKI)
2844 1194 63 36 CI
2915 1194 29 37 Li
2952 1194 126 38 NOLL

2638 1275 33 28 to
2695 1272 120 32 inform
2840 1273 50 32 his
2916 1284 177 25 numerous
3125 1284 84 24 town

2569 1328 65 33 raid
2665 1334 139 39 country
2833 1329 121 36 fri-nds
2985 1332 71 35 that
3087 1333 39 35 lie
3153 1334 61 34 has

2453 1395 183 44 purchased
2653 1395 54 35 the
2724 1397 100 33 above
2841 1398 157 41 business,
3016 1400 65 33 and
3111 1402 101 43 hopes

2455 1463 42 42 by
2528 1465 92 32 strict
2649 1467 161 32 attention
2829 1474 31 26 to
2885 1466 55 35 the
2968 1474 103 27 wants
3102 1470 35 31 of
3164 1471 49 32 his

2456 1538 180 31 customers
2662 1536 64 34 and
2754 1537 167 37 travellers
2946 1543 31 31 to
3007 1542 97 33 merit
3120 1554 18 21 a
3155 1541 59 35 fair

2600 1604 94 35 share
2711 1606 35 33 of
2765 1607 107 42 public
2889 1611 187 42 patronage.

2554 1755 149 49 Liquors
2729 1757 37 34 of
2789 1757 59 35 the
2871 1758 82 36 Best
2979 1759 141 36 Brands.

2811 1938 36 35 E.
2880 1938 245 47 CARROLL,

2983 2015 195 40 Proprietor.

2461 2164 381 48 BELFAST
2905 2166 310 59 HOTEL,

2691 2249 133 34 GIBBS
2849 2252 143 31 TOWN.

2669 2313 221 35 Eight-Mile
2915 2315 103 35 Road.

2467 2402 129 34 rnHE
2606 2404 221 44 undersigned
2838 2407 124 43 having
2972 2408 155 33 removed
3137 2408 85 34 from

2575 2467 78 32 Zala
2669 2467 102 34 Town
2789 2469 64 33 and
2870 2471 128 33 erected
3021 2483 73 22 new
3116 2483 85 32 prem-

2465 2523 63 31 ises
2553 2535 35 20 as
2613 2523 114 39 above,
2751 2524 28 33 is
2807 2537 75 21 now
2905 2528 159 42 prepared
3088 2535 33 26 to
3147 2529 79 32 offer

2467 2580 160 34 excellent
2678 2584 285 34 accommodation
3001 2590 33 29 to
3082 2586 142 38 visitors,

2467 2636 164 42 boarders,
2649 2639 65 32 and
2732 2638 54 34 the
2801 2639 110 45 public
2928 2643 180 44 generally.

2469 2749 92 34 Ales
2585 2749 122 35 Wines
2728 2761 66 24 and
2819 2752 132 35 Spirits
2981 2764 40 25 of
3051 2765 67 24 the
3146 2765 83 24 best
3280 2752 24 34 \

2650 2810 184 40 Qualities
2850 2822 84 22 only
2953 2823 95 22 kept.

2622 2924 186 63 Charges
2841 2926 230 47 Moderate.

2686 3069 150 33 PETER
2859 3071 293 40 ARMSTRONG,
