3364 6122
404 858 162 32 DEATH.

147 921 140 34 Morris.
334 921 47 33 On
411 921 72 32 19th
513 920 173 42 February,
714 918 88 39 1885,
827 920 31 29 at

104 987 50 31 his
176 987 172 34 residence,
378 986 132 29 Newton
531 984 82 36 Flat,
644 983 100 41 Lye]!,
773 982 82 30 Wm.

109 1048 123 39 Morris,
257 1047 79 43 aged
353 1047 39 35 42
418 1057 102 33 yean.
565 1042 152 37 Adelaide
743 1053 113 34 papers

103 1111 104 45 please
228 1122 91 32 copy.

136 1261 129 73 The
308 1261 214 73 Lyell
565 1261 257 73 Times.

137 1419 246 39 SATURDAY,
402 1414 245 39 FEBRUARY
666 1418 49 39 21,
735 1417 87 34 1885.

104 1553 27 33 A
147 1558 294 27 will-organised
459 1560 105 28 move,
581 1549 26 32 is
631 1553 34 29 at
680 1548 62 33 last
764 1546 95 44 being

105 1612 94 33 made
214 1610 35 34 in
266 1608 54 36 the
338 1609 153 34 direction
514 1607 36 35 of
569 1607 122 44 having
716 1606 143 36 Manuka

104 1668 75 36 Flat
195 1665 196 45 thoroughly
409 1666 71 33 well
497 1665 200 46 prospected,
715 1666 64 32 and
796 1666 25 32 it
832 1665 27 32 is

105 1726 174 44 gratifying
301 1731 32 28 to
357 1726 105 36 know,
495 1724 71 34 that
588 1735 41 22 an
660 1724 196 33 association

106 1786 60 35 bat
189 1783 129 45 already
341 1781 80 35 been
452 1780 136 38 formed,
615 1779 34 35 in
671 1780 94 35 order
790 1780 69 36 that

107 1844 54 33 the
184 1842 105 35 works
304 1841 64 35 and
390 1840 55 34 the
473 1844 185 41 operations
680 1839 178 33 connected

108 1901 181 38 therewith,
319 1899 83 33 shall
431 1899 37 32 be
494 1898 123 32 carried
646 1908 43 21 on
723 1906 116 35 system-

107 1958 143 42 atically.
294 1957 68 35 The
391 1962 127 38 present
544 1954 186 46 depression
753 1955 33 33 in
816 1954 42 36 all

106 2023 138 26 matters
259 2014 184 46 pertaining
464 2020 33 26 to
520 2013 132 33 alluvial
668 2012 139 43 mining,
832 2014 26 31 is

108 2086 18 21 a
149 2077 83 40 good
254 2074 172 42 argument
448 2080 36 25 as
503 2077 32 28 to
560 2070 53 35 the
636 2076 117 39 urgent
776 2069 82 36 need

107 2130 107 32 which
238 2131 97 31 exists
360 2129 48 33 for
428 2129 175 42 enterprise
640 2127 35 33 of
701 2128 54 31 the
778 2127 80 32 kind

108 2186 182 41 indicated;
309 2186 110 34 whilst
433 2185 55 33 the
501 2197 78 33 very
592 2185 161 33 favorable
771 2185 70 43 gold-

107 2242 134 45 bearing
270 2244 139 33 features
442 2242 106 34 which
581 2242 54 33 the
665 2242 132 44 locality
827 2242 33 33 in

106 2302 150 43 question
273 2312 172 33 possesses,
463 2300 62 33 will
540 2300 157 43 certainly
710 2299 149 32 eombine

106 2370 34 22 in
157 2359 141 43 forming
313 2371 19 21 a
345 2367 94 33 stong
451 2359 96 33 claim
561 2357 49 34 for
625 2357 159 34 attention
798 2357 62 33 and

106 2420 135 40 support
271 2427 86 32 upon
387 2415 54 40 all,
478 2414 82 34 local
595 2415 64 32 and
689 2414 170 40 outsiders,

107 2472 121 43 having
260 2474 161 41 anything
448 2474 35 32 of
506 2484 42 22 an
580 2474 133 31 interest
743 2474 34 31 in
808 2474 53 31 the

107 2527 107 35 future
237 2529 36 33 of
292 2529 54 33 the
370 2528 105 34 whole
498 2528 133 34 district.
682 2528 101 34 When
807 2528 55 33 the

109 2585 155 36 Premier,
282 2586 65 32 and
365 2587 52 31 the
435 2587 149 31 Minister
600 2586 35 32 of
656 2586 106 32 Mines
778 2597 83 21 were

108 2640 77 35 here
209 2653 19 22 a
249 2642 61 33 lew
334 2642 107 34 weeks
464 2654 72 31 ago,
559 2642 74 42 they
659 2642 202 34 entertained

106 2696 56 36 the
184 2703 121 28 matter
328 2710 77 33 very
431 2699 180 43 favorably,
638 2698 65 34 and
733 2710 102 21 recom-

108 2755 140 33 mended
272 2757 71 31 that
358 2757 171 41 organised
551 2757 107 33 action
680 2756 118 33 should
822 2755 38 34 be

105 2811 99 37 tak'U
226 2813 129 42 locally,
378 2814 108 39 when,
512 2813 173 39 doubtless,
711 2814 126 32 Govern-

106 2872 92 31 ment
219 2869 108 33 would
350 2867 158 35 subsidise
536 2869 52 32 the
612 2868 98 34 work.
760 2869 101 34 Since

106 2929 92 37 then,
218 2928 51 32 Mr
285 2928 158 38 O'Conor,
463 2928 135 33 M.H.K.
616 2927 116 32 visited
755 2927 106 42 Lyell,

109 2982 63 38 and
197 2982 54 36 the
281 2983 190 46 deputation
496 2983 108 35 which
633 2989 66 29 met
729 2983 69 35 kirn
828 2989 33 29 to

110 3046 164 40 .••present
303 3041 83 32 local
414 3048 115 30 wants,
557 3041 132 42 pointed
720 3046 56 27 out
805 3041 55 31 the

110 3105 203 35 importance
343 3101 31 30 ot
395 3097 56 33 the
477 3097 217 43 undertaking
718 3103 122 28 contem-

113 3154 122 44 plated,
258 3154 63 34 and
339 3154 171 43 suggested
529 3156 71 32 that
614 3155 26 33 if
654 3155 55 32 the
732 3155 130 41 County

113 3211 132 33 Council
268 3211 108 33 would
398 3211 68 33 also
488 3213 71 40 give
581 3223 19 21 a
630 3211 145 44 subsidy,
806 3211 55 33 the

113 3267 73 33 idea
210 3267 94 33 could
337 3269 38 29 be
404 3268 208 42 successfully
644 3268 120 31 carried
793 3272 66 28 out.

114 3323 52 35 Mr
182 3324 148 34 O'Conor
351 3324 187 39 concurred,
560 3324 64 33 and
642 3336 45 21 we
711 3336 53 23 are
786 3324 75 42 glad

113 3391 33 23 to
176 3392 52 21 see
259 3381 73 32 that
358 3381 89 32 these
475 3382 274 42 representations
779 3382 83 32 have

109 3438 143 36 resulted
263 3450 34 24 in
306 3439 54 35 the
369 3439 134 35 Council
514 3440 177 43 promising
701 3451 17 23 a
731 3439 132 45 subsidy

107 3497 36 34 of
176 3498 97 34 £250.
318 3497 105 34 There
459 3497 77 41 will,
575 3497 86 41 thus,
695 3498 37 34 be
768 3498 92 34 three

108 3565 129 24 Bources
261 3561 83 26 irom
375 3555 107 32 which
513 3556 108 32 actual
653 3557 208 42 prospecting

106 3622 158 36 expenses
275 3610 66 36 will
350 3610 38 36 be
402 3611 209 44 drawn;-the
625 3613 236 42 Government,

107 3672 131 42 County
255 3672 145 39 Conncil,
417 3673 64 31 and
497 3672 56 33 the
568 3673 162 32 members
746 3674 37 31 of
803 3674 55 31 the

106 3728 207 37 Association
330 3729 208 37 themselvef.
581 3730 104 36 There
705 3743 53 22 are
776 3737 32 29 to
825 3730 38 35 be

108 3788 115 37 30,000
237 3787 111 34 shares
364 3788 34 32 in
416 3787 55 33 the
488 3787 214 38 Association,
714 3788 36 32 of
753 3788 110 32 which

106 3843 153 48 upwards
273 3844 36 35 of
321 3846 114 37 28,000
449 3844 83 34 have
548 3844 133 45 already
694 3844 80 35 been
788 3844 54 34 sub-

108 3903 126 35 scribed
259 3904 48 33 for
335 3904 34 33 in
397 3904 165 43 Westport
588 3904 64 33 and
685 3904 104 41 Lyell.
833 3904 28 32 A

108 3960 196 43 provisional
327 3959 161 44 directory
503 3959 59 33 has
578 3959 81 33 been
684 3959 177 44 appointed

106 4018 49 33 for
171 4017 55 33 the
242 4023 139 37 present,
398 4021 32 29 to
454 4028 136 31 arrange
607 4016 252 43 preliminaries,

106 4072 66 37 and
193 4071 27 38 it
242 4085 75 33 may
346 4073 37 34 be
406 4072 170 42 reckoned,
600 4072 78 35 with
703 4072 95 45 unity
830 4072 34 34 of

106 4141 149 32 purpose,
285 4142 160 30 everyone
478 4131 43 30 ail
550 4132 147 40 together
735 4132 33 29 in
805 4131 56 30 the

106 4193 132 37 matter,
254 4188 64 36 and
334 4200 42 24 no
393 4187 164 43 wavering
572 4201 36 22 or
623 4186 146 45 hanging
785 4187 68 39 fire,

106 4246 74 33 that
195 4246 55 32 the
266 4246 122 43 objects
404 4248 34 30 of
451 4246 54 32 the
524 4246 201 33 Association
739 4246 67 32 will
825 4245 36 32 be

106 4301 82 41 fully
203 4303 157 32 attained.

151 4409 73 33 The
239 4409 87 43 yield
341 4409 36 33 of
396 4409 162 40 amalgam
578 4409 82 33 from
684 4410 55 32 the
762 4411 102 41 plates

109 4469 35 33 at
173 4465 55 34 the
255 4464 115 44 Alpine
392 4463 126 38 buttery
543 4464 49 34 for
614 4464 65 35 this
705 4465 100 40 week,
835 4465 28 35 i*

114 4526 127 33 lSGozs,
257 4524 49 31 for
317 4525 40 32 8$
376 4529 71 25 ton*
463 4523 34 32 of
509 4529 91 25 stone
617 4524 148 32 crushed.

148 4592 71 35 Ike
242 4590 137 38 Reefton
410 4591 127 44 battery
566 4597 128 30 returns
721 4593 49 35 for
800 4593 64 36 last

111 4649 90 35 week
216 4660 81 23 were
312 4658 6 24 :
321 4648 291 45 —Keep-it-Dark,
630 4651 116 33 882ozs
762 4649 80 35 amal-

109 4719 89 31 gam,
222 4709 84 33 from
332 4709 61 30 212
416 4713 92 33 tons;
543 4708 177 37 Welcome,
745 4711 118 31 3300zs

109 4764 37 36 of
172 4764 164 42 amalgam
366 4763 83 34 from
477 4765 41 34 1)0
549 4769 92 37 tows;
671 4764 193 42 Inkerman,

110 4820 119 36 2460zs
236 4819 37 34 of
275 4819 175 45 amalgam,
464 4820 83 32 from
558 4822 61 31 310
630 4826 71 26 tons
714 4831 7 27 ;
733 4821 131 32 Wealth

109 4878 39 36 of
181 4877 26 35 N
214 4878 113 36 aliens,
364 4877 118 34 201ozs
520 4878 35 32 of
579 4875 166 44 amalgam
782 4881 84 29 from

108 4936 107 42 plates
242 4935 47 34 for
309 4935 59 33 150
393 4938 92 35 tons;
515 4934 168 39 Treasure,
711 4934 96 34 94ozs
834 4934 35 35 of

111 4994 165 38 amalgam
292 4992 82 31 from
391 4996 55 36 top
462 4992 104 40 plates
581 4991 50 31 for
645 4993 41 30 90
703 4999 81 24 tons.

155 5057 207 46 Wednesday
385 5063 87 31 next,
488 5058 27 33 is
531 5056 54 35 the
607 5057 63 45 day
692 5058 176 45 appointtd

112 5119 49 35 for
183 5117 56 35 the
262 5125 77 25 next
354 5115 122 33 unnnai
492 5115 137 33 election
652 5115 36 32 of
706 5115 54 35 the
783 5117 85 33 local

112 5176 178 42 Licensing
318 5173 205 35 Committee.
568 5173 105 33 There
697 5185 52 22 are

113 5234 165 46 aspirants
307 5230 49 35 for
385 5229 55 35 the
471 5228 198 40 distinction,
700 5229 169 45 including

113 5294 93 35 three
222 5289 163 36 members
406 5290 36 33 of
453 5289 56 35 the
530 5289 120 35 former
671 5289 198 33 committee.

114 5352 102 34 From
239 5348 44 35 all
305 5351 166 37 aoeounts,
487 5347 91 33 tkere
605 5348 26 31 is
653 5347 100 42 likely
776 5353 33 27 to
833 5347 36 33 be

115 5408 112 37 *little
238 5417 90 23 more
337 5406 133 33 interest
478 5404 97 33 taken
587 5414 42 22 on
638 5402 64 35 this
711 5404 158 37 occasion,

116 5469 80 32 than
213 5466 60 33 has
288 5463 81 35 been
384 5462 57 34 the
457 5472 72 23 ease
544 5460 35 34 in
596 5462 150 41 previoas
761 5473 88 22 ones.

156 5535 60 36 We
226 5536 106 40 regret
343 5531 123 42 having
478 5533 34 30 to
524 5540 171 22 announce
707 5528 56 34 the
774 5528 97 36 death

114 5595 36 35 of
163 5595 53 33 Mr
231 5592 86 33 Wm.
330 5589 128 38 Morri3,
471 5588 36 32 of
514 5588 137 32 Newton
666 5587 84 36 Flit,
765 5588 104 32 which

114 5652 153 36 occurred
290 5653 36 31 at
347 5646 52 35 his
414 5645 90 44 place
523 5644 90 33 there
635 5655 41 22 on
700 5644 172 45 Thursday

114 5710 156 40 morning
285 5707 73 33 last.
402 5702 168 36 Deceased
588 5700 65 35 had
668 5700 81 35 been
771 5702 101 41 ailing

114 5771 85 35 from
226 5761 231 45 consumption
483 5759 118 43 dnring
631 5758 55 34 the
712 5763 72 39 past
812 5759 60 33 few

112 5822 181 52 y«ars,and
305 5818 157 45 although
480 5817 54 36 the
551 5816 73 34 best
636 5816 137 34 medical
787 5816 84 39 skill,

112 5886 68 36 and
194 5884 143 40 changes
359 5879 37 33 of
405 5877 132 33 climate
556 5886 82 22 were
661 5874 144 33 reserted
826 5878 45 36 to,

112 5943 70 42 Mill
206 5941 56 36 the
288 5935 181 47 complaint
492 5931 76 37 held
589 5931 42 35 its
657 5929 80 36 fatal
760 5942 111 23 course

112 6003 87 35 Until
220 6004 145 31 extreme
391 5993 167 36 weakness
573 5990 172 42 gradually
769 5989 103 33 ended

890 219 31 30 in
941 219 107 31 death.
1097 220 48 32 Hi
1162 232 65 19 was
1240 220 119 41 always
1373 231 59 20 one
1449 220 32 32 of
1490 219 54 32 the
1557 224 85 27 moat

889 272 100 33 ready
1011 283 62 23 ani
1103 276 119 38 witting
1243 276 33 30 in
1302 279 135 28 matters
1462 276 182 40 pertaining

888 336 31 28 to
943 331 54 32 the
1023 332 133 33 District
1181 334 30 31 in
1230 333 104 34 which
1354 333 38 33 ha
1417 333 137 40 resided,
1577 332 64 34 and

888 389 50 30 his
962 390 106 38 genial
1093 396 239 35 temperament
1355 389 63 34 and
1441 392 115 42 kindly
1579 392 45 31 dis-

889 444 150 43 position,
1065 446 95 33 made
1184 447 48 34 for
1256 448 67 33 him
1352 460 18 22 a
1392 449 81 33 wide
1497 449 91 34 circle
1611 447 36 35 of

891 501 117 33 (riends
1042 504 79 30 from
1156 504 103 32 whirh
1292 506 39 32 he
1362 507 63 31 will
1452 506 38 32 be
1521 506 122 42 freatly

890 557 128 34 missed.
1068 558 49 35 He
1145 560 105 32 leaves
1276 574 16 21 a
1310 563 114 33 widow
1448 563 63 33 aid
1535 574 109 33 young

889 616 126 41 family,
1034 617 46 31 for
1097 619 107 31 whom
1225 631 73 30 very
1323 622 128 38 general
1470 622 174 41 sympathy

890 669 26 33 is
938 671 57 32 felt
1020 672 30 32 in
1076 673 82 33 their
1182 672 164 36 affliction.
1394 674 162 36 Deeeated
1582 688 62 21 was

891 728 138 30 interred
1048 730 32 29 in
1103 729 87 41 Lyell
1208 739 162 33 cemetery
1387 734 190 41 yesterday;
1589 734 55 32 the

891 782 124 33 funeral
1028 783 95 43 bein<;
1138 784 120 45 largely
1270 787 154 33 attended
1441 787 40 44 by
1493 789 151 32 numbers

891 840 82 32 from
990 840 41 33 all
1051 847 89 36 parts
1156 842 35 31 of
1206 843 54 32 the
1277 843 135 33 district.
1458 845 67 31 The
1542 845 101 33 burial

891 897 123 32 service
1030 909 66 21 was
1112 900 179 32 conducted
1309 901 40 36 by
1368 901 50 31 Mr
1433 901 168 33 Jennings.

933 961 72 34 The
1030 962 79 34 Rev.
1133 964 37 32 T.
1197 965 35 33 B.
1260 965 158 35 Maclean,
1444 968 33 32 of
1498 967 144 37 Reetton,

893 1017 65 31 will
989 1019 140 33 conduct
1161 1021 138 43 evening
1338 1022 129 33 Service
1500 1022 75 34 here
1604 1033 38 22 on

892 1075 182 44 Thursday,
1098 1078 53 32 the
1182 1080 46 31 26*
1228 1080 31 31 th
1284 1081 87 37 iist.,
1400 1082 191 42 proceeding
1612 1086 32 27 to

893 1132 84 32 Fern
1006 1132 74 34 Flat
1104 1140 77 27 next
1204 1134 74 43 day,
1306 1136 106 34 where
1436 1137 120 35 service
1582 1135 62 36 will

893 1189 67 31 also
983 1188 38 33 be
1038 1190 75 32 held
1129 1191 33 32 in
1189 1191 53 32 the
1259 1195 147 41 evening,
1428 1199 34 27 at
1478 1195 53 31 the
1557 1194 87 34 usual

892 1244 64 34 and
973 1246 99 41 place,
1098 1248 64 32 and
1178 1248 170 42 returning
1369 1256 32 27 to
1426 1251 92 41 Lyell
1541 1251 102 44 again,

892 1302 48 34 for
956 1301 54 34 the
1027 1306 152 43 morning
1195 1305 121 36 service
1340 1313 33 29 at
1390 1308 46 34 St.
1463 1308 181 37 Matthew's

892 1373 41 20 on
951 1362 133 41 Sunday
1101 1364 176 43 following.

934 1428 145 35 Remedy
1088 1439 63 25 for
1161 1431 101 34 Hard
1272 1433 242 45 Times.—Stop
1526 1436 97 44 Spend-

893 1474 55 43 ing
964 1485 35 21 so
1016 1476 96 31 much
1132 1487 42 21 on
1190 1477 64 33 fine
1269 1478 115 40 cloths,
1398 1480 67 33 rich
1482 1482 85 40 food,
1584 1482 60 34 and

893 1520 91 40 ityle\
1030 1520 73 45 Buy
1119 1523 83 40 food
1218 1524 85 37 food,
1322 1527 138 43 cheaper
1470 1530 63 32 and
1549 1529 95 36 better

893 1568 155 46 clothing,
1074 1570 62 33 and
1155 1576 71 40 stop
1243 1572 54 35 the
1314 1572 91 37 habit
1426 1576 35 34 of
1479 1577 96 46 using
1595 1589 54 28 ex-,

893 1618 130 43 pensive
1053 1630 36 20 er
1119 1621 104 41 quack
1258 1622 138 40 doetors,
1430 1636 35 21 or
1502 1626 142 41 humbug

893 1662 158 34 medicine
1079 1664 72 34 that
1174 1666 76 34 does
1276 1680 62 30 you
1361 1670 79 43 only
1464 1671 104 40 harm,
1592 1675 53 32 but

892 1718 59 36 put
966 1722 81 32 your
1063 1717 82 27 trust
1156 1713 32 32 in
1204 1714 54 33 the
1269 1723 140 32 greatest
1420 1720 30 31 of
1466 1719 43 32 all
1522 1721 120 42 simple,

892 1768 77 32 pure
1000 1759 170 39 remedies,
1201 1760 76 36 Hon
1309 1762 131 40 Bitters,
1474 1765 71 34 that
1575 1778 68 23 cure

893 1806 122 41 always
1032 1810 32 27 at
1080 1817 18 20 a
1116 1806 122 44 trifling
1254 1814 78 31 cost,
1350 1812 62 32 and
1429 1823 64 32 you
1509 1814 64 32 will
1595 1826 48 21 see

893 1851 103 34 better
1013 1852 96 33 times
1125 1854 62 31 and
1199 1855 82 42 good
1295 1855 123 36 health.
1466 1857 98 37 Read.

933 1919 210 34 Despairing
1159 1922 284 38 Bankers.—The
1459 1927 137 37 number
1616 1929 33 35 of

893 1967 137 33 suicides
1055 1979 123 30 amen*
1208 1971 55 33 the
1288 1972 158 40 brightest
1472 1976 64 32 and
1564 1985 81 26 most

893 2012 132 45 capable
1055 2015 36 32 of
1117 2014 146 36 business
1295 2029 86 27 men,
1417 2020 137 34 bankers
1584 2023 61 33 and

893 2060 119 41 others,
1029 2061 64 33 will
1114 2061 36 35 be
1168 2063 134 35 reduced
1322 2071 32 28 to
1377 2077 18 22 a
1416 2068 174 36 minimum
1612 2082 34 21 as

893 2119 77 20 soon
989 2119 34 20 as
1040 2108 55 31 the
1111 2110 129 40 specific
1258 2112 120 30 virtues
1392 2114 34 29 of
1437 2115 77 40 Hop
1529 2115 116 33 Bitters

893 2162 53 23 are
962 2151 131 34 known.
1138 2155 44 31 As
1205 2155 43 33 all
1270 2167 75 22 men
1370 2157 67 33 who
1457 2159 88 34 work
1570 2161 73 34 with

893 2199 84 32 their
992 2199 109 33 brains
1112 2200 63 33 and
1188 2202 126 39 neglect
1328 2209 32 27 to
1377 2204 72 33 take
1462 2206 54 32 the
1528 2208 118 32 needed

893 2247 150 38 exercise,
1061 2245 54 35 the
1131 2246 75 34 food
1223 2247 98 34 taken
1340 2250 75 34 does
1429 2259 56 25 not
1497 2256 148 34 nourish;

894 2292 64 32 and
995 2292 182 42 dangerous
1215 2295 134 43 debility
1394 2298 148 43 physical
1584 2300 62 34 and

896 2338 126 39 mortal,
1040 2351 110 23 ensue.
1196 2340 102 36 Read.

989 2460 161 45 THE
1249 2464 303 47 MINES.

963 2573 107 38 (From
1102 2583 66 23 our
1202 2574 133 34 Mining
1364 2577 207 35 Reporter.)

1221 2666 139 39 Friday,
1378 2669 165 43 February
1559 2674 46 31 20.

938 2719 134 35 United
1087 2721 287 37 Alpine.—Down
1392 2733 33 26 at
1444 2727 56 33 the
1527 2729 119 44 battery

894 2777 195 44 everything
1103 2778 27 33 is
1146 2782 97 40 going
1258 2792 42 22 on
1317 2783 33 32 in
1367 2782 54 35 the
1445 2786 92 32 usual
1555 2787 91 41 style,

894 2832 63 32 and
1004 2834 54 31 tke
1095 2841 137 34 returns,
1268 2838 161 32 maintain
1472 2853 19 19 a
1534 2841 112 44 highly

895 2889 204 47 satisf»ctory
1130 2903 145 32 average.
1320 2895 28 34 A
1378 2902 145 29 contract
1560 2899 25 33 is
1613 2900 32 34 in

894 2959 112 21 course
1023 2950 35 30 of
1066 2954 180 29 execution,
1257 2952 49 32 for
1319 2964 17 20 a
1352 2955 141 32 tail-race
1505 2956 139 34 between

894 3004 55 33 the
966 3006 46 42 pit
1029 3007 107 32 where
1152 3008 55 32 the
1225 3021 69 20 tiew
1317 3011 101 35 whe»l
1440 3013 26 31 is
1489 3020 32 26 to
1545 3015 101 34 stand.

895 3060 64 33 and
976 3061 54 33 the
1047 3062 103 33 creek.
1196 3064 145 43 Repairs,
1359 3067 63 33 and
1439 3069 60 36 the.
1510 3072 137 31 renewal

895 3117 36 33 of
950 3118 54 33 the
1028 3118 183 43 head-race,
1236 3133 53 22 are
1313 3124 68 33 also
1409 3124 96 44 being
1526 3128 123 41 pushed

896 3174 114 39 ahead,
1035 3177 64 32 and
1123 3179 129 32 tenders
1268 3180 82 33 close
1375 3182 126 43 to-day,
1525 3184 47 32 for
1595 3185 53 33 the

896 3234 221 32 construction
1134 3235 35 32 of
1184 3237 35 32 15
1237 3236 112 34 chains
1366 3238 34 32 of
1412 3241 35 30 it.
1494 3241 68 32 The
1579 3253 69 21 now

896 3287 113 39 wheel,
1033 3290 28 32 is
1084 3291 152 42 expected
1263 3299 32 27 to
1324 3293 36 33 be
1388 3295 136 45 shipped
1552 3298 97 33 about

896 3345 55 33 the
967 3346 79 33 24th
1059 3349 36 31 of
1105 3348 64 32 this
1183 3350 125 33 month.
1354 3352 109 34 Inside
1482 3355 54 32 the
1552 3356 96 38 mine,

894 3401 45 34 all
963 3403 89 33 work
1075 3403 29 34 is
1126 3404 97 44 going
1240 3418 41 22 on
1303 3419 35 22 as
1362 3410 104 34 usual.
1510 3412 86 34 That
1620 3414 32 34 of

896 3459 136 46 making
1052 3462 95 43 good,
1171 3465 64 33 and
1265 3467 224 44 re-timbering
1512 3471 54 33 the
1588 3474 60 31 rise

896 3517 143 35 beiween
1065 3520 77 34 Nos.
1167 3524 18 32 5
1209 3523 64 33 and
1299 3526 19 31 4
1341 3526 109 40 levels,
1473 3528 58 33 has
1554 3530 93 33 taken

896 3574 111 43 longer
1031 3577 81 33 than
1140 3578 218 46 anticipated;
1383 3583 161 42 however,
1575 3596 74 25 next

895 3633 90 36 week
1021 3635 26 34 is
1078 3637 154 44 expected
1257 3646 32 28 to
1323 3653 49 23 see
1402 3644 26 33 it
1457 3647 191 41 completed.

895 3691 153 33 Accolino
1065 3693 64 32 and
1139 3700 106 38 party,
1258 3697 33 32 in
1310 3698 53 34 the
1372 3701 61 32 rise
1444 3702 82 33 from
1547 3704 58 34 No.
1620 3709 28 37 6,

894 3755 114 36 expect
1023 3754 33 28 to
1072 3750 97 34 finish
1188 3752 98 34 about
1301 3756 55 32 the
1380 3759 120 33 middle
1522 3763 32 30 of
1576 3773 74 23 next

896 3804 127 33 mouth.
1068 3806 68 34 The
1152 3807 68 34 face
1236 3810 27 32 is
1279 3821 73 23 now
1368 3813 30 33 in
1413 3815 149 42 splendid
1573 3820 60 32 reef-

895 3860 55 44 ing
966 3865 254 43 country.—No.
1237 3868 19 33 6
1270 3867 349 44 level—South—Nos.
1631 3879 18 32 8

895 3921 64 30 and
975 3921 19 31 4
1010 3926 108 37 stopes
1133 3923 97 45 being
1240 3929 157 32 exteuiled
1411 3942 42 21 on
1461 3933 187 38 good-sized

896 3974 118 35 widths
1030 3977 35 33 of
1077 3983 92 30 stone
1185 3980 33 33 in
1241 3982 65 35 this
1330 3984 316 42 direction.—North

894 4033 148 34 —Strike
1058 4036 35 33 of
1106 4036 93 35 block
1212 4051 30 20 in
1265 4041 59 33 No.
1341 4045 19 31 3
1383 4050 89 39 ctope
1487 4046 60 34 has
1570 4049 78 34 been

896 4091 148 41 reached,
1068 4094 65 34 and
1151 4095 60 35 No.
1233 4099 21 33 4
1276 4098 27 34 is
1327 4112 69 23 now
1420 4102 95 45 being
1538 4107 111 35 driven

895 4148 82 33 from
996 4149 76 35 both
1090 4152 90 40 ends,
1198 4165 39 22 on
1261 4157 83 43 good
1367 4158 86 36 faces
1469 4161 37 34 of
1525 4171 122 38 quartz.

897 4207 131 35 Portion
1044 4212 35 31 of
1091 4213 55 32 the
1169 4224 103 33 upper
1286 4217 107 38 levels,
1418 4220 101 34 above
1544 4224 59 33 Mo.
1621 4229 28 33 4,

896 4264 59 33 has
971 4265 79 35 been
1067 4268 43 34 let
1127 4274 31 28 to
1173 4271 110 35 Burns
1298 4274 65 33 and
1380 4283 104 37 party,
1508 4281 73 33 who
1599 4295 51 23 are

896 4332 72 23 now
983 4323 128 44 driving
1141 4339 42 21 on
1212 4340 18 21 a
1260 4332 136 41 payable
1427 4335 224 45 gold-bearing

895 4379 117 41 leader,
1058 4384 77 34 with
1172 4397 97 34 every
1310 4400 151 34 prospect
1496 4394 38 34 of
1573 4409 55 22 con-

896 4438 172 33 tinuation.

938 4496 69 34 Tyr
1023 4497 315 41 Connell.—There
1360 4507 27 31 is
1408 4519 43 22 no
1474 4510 125 44 change
1622 4519 32 28 to

896 4556 109 40 report
1030 4554 87 43 here,
1141 4557 56 35 the
1219 4558 106 37 hands
1349 4562 124 49 having
1494 4566 81 37 been
1598 4580 36 25 en-

896 4618 102 31 gaged
1013 4614 111 41 laying
1138 4618 10 30 i
1152 4629 20 19 n
1188 4630 19 18 a
1228 4621 82 37 good
1328 4625 117 39 supply
1468 4626 36 30 of
1525 4627 126 33 timber.

897 4666 93 46 They
1006 4669 64 34 will
1087 4682 71 23 now
1177 4684 189 28 commence
1383 4690 19 22 a
1418 4679 131 47 leadiag
1561 4687 90 41 stope

897 4725 83 32 from
997 4726 54 32 the
1068 4728 67 33 foot
1151 4729 35 32 of
1199 4731 54 33 the
1269 4733 72 40 ri»e,
1353 4735 65 33 and
1431 4739 154 34 continue
1599 4741 53 35 the

898 4793 86 22 •ame
1007 4783 97 44 along
1127 4786 55 32 the
1204 4789 118 39 leader,
1348 4802 43 32 up
1407 4798 33 28 to
1457 4796 55 33 the
1527 4807 127 32 present

899 4836 68 34 face
983 4839 35 32 of
1028 4841 123 33 tunnel.

942 4895 134 34 Unitxb
1113 4898 222 39 Italy.—The
1372 4905 109 36 leader
1516 4910 54 34 the
1603 4915 39 32 tri-

899 4950 111 37 butes
1040 4953 82 37 have
1147 4956 80 37 been
1256 4962 148 43 working
1433 4978 52 24 on.
1512 4968 59 35 has
1602 4980 56 27 not

901 5010 95 32 wade
1013 5013 98 31 much
1129 5014 32 31 in
1177 5016 65 32 size
1256 5027 7 29 ;
1280 5018 156 43 although
1450 5023 56 33 the
1519 5033 138 39 country

900 5065 28 33 is
956 5077 79 33 very
1062 5070 190 46 promising
1308 5075 67 35 The
1406 5082 90 32 stone
1527 5081 28 34 is

903 5122 95 45 being
1013 5126 82 32 risen
1114 5138 42 22 on
1174 5129 36 33 13
1228 5136 63 30 sets
1306 5132 83 36 baek
1405 5135 83 37 from
1505 5139 55 35 the
1576 5140 80 45 face,

902 5181 82 33 after
1005 5183 118 41 which,
1146 5188 27 32 it
1203 5190 65 32 will
1290 5191 38 34 be
1353 5192 205 40 blecked-out
1580 5200 77 35 both

902 5248 98 32 ways.

1144 5369 277 40 LATEST

946 5445 290 51 CABLE
1330 5455 284 52 NEWS.

1227 5601 143 42 Sydney,
1388 5606 166 47 February
1571 5613 48 33 12.

946 5652 27 33 A
989 5653 138 36 Cabinet
1142 5656 136 36 Connoil
1292 5660 77 35 held
1388 5663 123 45 to-4ay,
1529 5667 131 40 decided

905 5712 33 30 to
953 5710 95 33 make
1064 5723 42 21 an
1123 5712 80 34 offer
1217 5719 33 29 to
1266 5716 56 34 the
1344 5717 157 45 Imperial
1518 5726 120 38 Govern-

906 5771 90 29 ment
1019 5768 47 33 for
1088 5768 56 35 the
1167 5770 155 46 despatch
1346 5775 83 36 from
1454 5779 80 36 New
1558 5785 101 38 South

905 5824 110 35 Wales
1031 5830 33 29 to
1083 5827 148 43 Suakiro,
1247 5832 116 35 within
1380 5846 19 23 a
1414 5838 129 43 month,
1554 5844 35 32 of
1598 5847 62 34 two

904 5881 157 35 batteries
1077 5885 36 32 of
1124 5886 156 44 artillery,
1291 5893 152 42 properly
1456 5893 128 42 horsed,
1598 5904 62 34 and

904 5950 18 23 a
939 5938 159 37 battalion
1116 5942 37 34 of
1163 5943 145 47 infantry
1324 5949 62 34 500
1400 5954 122 41 strong,
1534 5959 32 31 to
1579 5957 81 39 form

906 6002 72 37 part
994 5998 35 33 of
1041 5999 54 34 the
1111 6001 185 43 expedition
1313 6008 33 31 to
1362 6007 55 35 the
1435 6009 141 38 Soudan.

1968 216 151 36 London,
2135 214 167 42 February
2321 216 47 30 IG.

1719 271 69 33 The
1805 276 262 28 announcement
2079 272 32 30 in
2127 271 55 31 the
2194 270 159 32 Observer
2368 274 73 28 taat

1674 326 53 34 the
1768 326 153 44 Imperial
1960 326 226 34 Government
2220 330 131 40 accepts
2384 324 54 34 the

1681 385 122 31 service
1835 384 34 32 of
1893 384 79 31 New
2002 384 103 31 South
2132 384 106 31 Wales
2264 388 111 36 troops
2405 382 34 31 in

1683 440 109 44 Egypt
1809 440 58 34 has
1883 440 81 33 been
1980 439 154 43 officially
2151 438 189 35 confirmed.

2005 497 143 36 Sydney,
2166 496 165 34 February
2349 497 47 31 17.

1722 554 69 34 The
1807 555 196 43 proprietors
2020 553 34 33 of
2067 553 54 32 the
2137 552 131 42 Sydney
2286 551 154 42 moraing

1680 612 123 31 Herald
1814 613 63 30 and
1892 611 146 39 Evening
2050 610 181 31 Naws«ach
2246 610 70 39 jive
2333 610 107 31 £IOOO

1679 666 139 34 towards
1843 666 54 31 the
1921 665 151 42 patriotic
2102 664 90 37 fund,
2224 664 65 32 and
2313 664 127 31 similar

1676 728 138 26 amownt
1860 722 58 31 has
1963 721 80 31 been
2093 720 186 32 subscribed
2319 720 40 40 by
2391 720 49 33 Sir

1676 777 120 33 Daniel
1809 778 136 39 Cooper.
1963 775 132 33 Colonel
2113 775 212 39 Richardson,
2340 776 77 32 Coai-

1675 834 163 31 mandaat
1853 833 35 31 of
1901 832 55 32 the
1974 832 79 32 New
2074 831 103 33 South
2197 831 106 33 Wales
2326 832 114 39 forces,

1678 889 66 32 will
1759 888 74 33 take
1851 888 175 33 command
2044 888 35 33 of
2088 888 54 33 the
2156 888 81 33 local
2248 891 192 41 contingent

1678 949 48 31 for
1751 946 144 34 Soudan.
1940 946 199 35 Lieutenant
2160 946 133 35 Colonel
2319 947 121 44 Rogers

1677 1005 145 31 remains
1838 1004 33 29 in
1888 1003 118 41 charge
2023 1003 88 32 here.
2156 1004 70 32 The
2246 1008 110 38 troops
2373 1004 65 32 will

1677 1058 134 36 embark
1828 1072 40 22 on
1888 1059 54 35 the
1958 1059 58 35 3rd
2032 1061 148 43 proximo
2197 1061 51 34 for
2265 1062 143 34 Soudan.

1919 1118 223 41 Melbourne,
2161 1119 165 44 February
2346 1122 47 31 16.

1718 1173 69 32 The
1813 1173 134 33 Cabinet
1970 1180 102 27 meets
2095 1180 188 29 to-morrow
2306 1182 33 27 to
2362 1188 54 22 con-

1676 1229 87 34 sider
1788 1230 55 32 the
1874 1232 150 41 question
2047 1232 35 33 of
2105 1233 136 43 offering
2270 1234 166 34 Victorian

1677 1293 111 37 troops
1804 1287 49 33 for
1868 1287 122 34 service
2006 1289 33 32 in
2056 1289 55 34 the
2129 1290 143 35 Soudan.

2064 1349 120 36 Korti,
2201 1351 149 42 January
2366 1353 30 31 9.

1719 1401 138 44 Captain
1876 1403 86 35 Lord
1980 1405 34 34 C.
2032 1404 172 36 Beresford
2217 1406 177 35 succeeded
2404 1408 34 33 in

1677 1459 151 43 rescuing
1845 1460 51 32 Sir
1908 1461 133 33 Charles
2057 1463 135 37 Wilson,
2211 1467 81 29 alter
2307 1475 18 21 a
2339 1464 98 43 sharp

1679 1516 107 33 action
1810 1516 80 35 with
1913 1518 56 35 the
1992 1519 62 34 fort
2072 1518 103 35 below
2201 1520 54 34 the
2280 1520 159 35 Shabukli

1677 1579 154 38 cataract,
1855 1575 118 49 during
1994 1578 108 36 which
2126 1590 20 24 &
2174 1578 73 36 shot
2274 1579 83 36 from
2382 1580 55 35 the

1676 1632 64 34 fort
1761 1637 188 40 penetrated
1973 1637 54 33 the
2044 1637 100 34 boiler
2166 1638 37 33 of
2222 1639 53 32 the
2298 1647 141 24 steamer

1676 1689 105 36 under
1798 1691 49 34 his
1867 1694 186 41 command,
2071 1694 57 35 but
2148 1695 107 35 wbieh
2279 1709 66 21 was
2368 1708 50 22 suc-

1676 1748 151 44 cessfully
1846 1751 143 42 repaired
2007 1753 103 33 under
2125 1752 69 34 fire.

1994 1810 151 39 London,
2163 1810 167 45 February
2347 1812 48 33 11.

1718 1863 67 35 The
1811 1876 110 24 rescue
1949 1868 36 33 of
2008 1868 52 34 Sir
2083 1868 133 35 Charles
2243 1868 127 35 Wilson
2396 1870 40 43 by

1678 1921 87 32 Lord
1793 1922 170 36 Beresford
1991 1924 26 34 is
2045 1926 187 34 considered
2264 1931 32 31 to
2319 1926 39 34 be
2383 1926 53 34 the

1677 1980 160 43 pluckiest
1855 1981 144 34 incident
2015 1983 34 32 of
2062 1984 54 33 the
2133 1986 184 40 campaign.

691 69 134 55 THE
896 67 216 57 J.YELL
1177 71 219 59 TIMES,
1464 74 368 55 SATURDAY,
1904 72 358 51 FEBRUARY
2333 90 65 39 21,
2473 74 123 59 1885.

275 218 230 34 NOTI
554 218 24 33 C
626 219 23 31 E
676 242 5 5 .

99 329 72 73 J)
223 329 69 48 R.
402 330 64 71 jg
520 326 207 48 RUE
779 326 76 57 N,

359 442 38 24 of
415 433 192 33 Wkstport,

102 491 74 35 Will
213 492 103 34 arrir*
354 497 31 27 st
427 490 87 43 Lyell
555 501 40 21 on
641 485 206 35 TUESDAY

103 549 148 43 morning
277 553 85 31 next,
395 548 75 33 24th
503 543 250 36 FKBRUAUY,
785 541 63 31 and

102 619 73 30 may
193 606 37 33 be

101 671 265 35 CONSULTED
400 680 36 23 at
461 679 65 23 Tiir.
552 664 297 39 COMMERCIAL

216 729 149 31 HOTiilli
384 728 46 31 ft*r
447 740 16 18 a
482 729 56 30 few
557 727 78 41 days
654 726 88 38 only.

1719 2099 26 30 A
1761 2109 111 30 young
1889 2111 127 21 woman
2035 2102 56 32 left
2108 2114 59 20 one
2185 2104 33 31 of
2229 2104 58 31 her
2299 2104 136 42 slippers

1678 2149 33 25 at
1727 2153 18 20 a
1764 2153 190 33 newspaper
1969 2147 90 31 office
2076 2147 55 32 the
2140 2147 93 33 other
2246 2147 74 44 day.
2345 2147 91 46 They

1678 2188 104 33 didn't
1798 2187 70 35 fiud
1885 2191 24 32 it
1925 2199 56 25 cut
1998 2192 49 33 till
2064 2194 78 42 they
2159 2206 65 20 saw
2244 2200 64 27 two
2326 2196 35 32 of
2380 2196 55 33 the

1677 2234 102 34 devils
1796 2234 126 46 pulling
1939 2248 60 23 one
2018 2240 137 33 another
2170 2240 98 34 about
2286 2241 55 34 tke
2354 2241 82 35 back

1677 2282 81 41 yard
1774 2283 33 31 in
1824 2282 25 32 it
1866 2284 117 42 during
1999 2285 80 33 theii
2099 2287 115 32 dinner
2224 2287 93 33 hour.
2343 2288 92 33 The*

1678 2327 65 34 had
1759 2327 93 35 stuck
1875 2330 26 32 it
1924 2342 39 21 on
1989 2337 62 28 two
2066 2332 125 40 rollers,
2216 2333 64 35 and
2298 2334 96 35 made
2418 2346 17 24 a

1678 2375 97 33 Kinall
1791 2381 83 27 tram
1879 2387 54 23 car
1951 2378 35 32 of
1999 2379 34 31 it.

1775 2484 221 32 FINAL
2044 2486 216 35 NOTIO
2283 2489 29 31 B
2330 2513 7 7 .

1682 2597 215 37 TSJOTICE
1928 2598 28 31 is
1991 2597 121 39 hereby
2143 2599 107 42 given,
2290 2601 72 33 that
2393 2603 45 31 all

1805 2655 164 31 Accounts
1983 2653 60 34 due
2060 2660 32 28 to
2110 2656 37 32 E.
2167 2657 36 32 P.
2222 2657 125 36 Smyrk,
2370 2658 66 34 late

1679 2708 35 34 of
1766 2709 112 34 Lyill
2055 2717 89 28 mast
2159 2711 37 34 be
2220 2714 76 43 paid
2320 2720 32 28 to
2377 2715 55 35 the

1679 2766 218 44 undersigned
1912 2779 41 20 on
1970 2779 34 21 or
2020 2768 105 34 before
2147 2770 77 33 28th
2243 2772 191 41 February,

1681 2824 88 31 1885.

1720 2878 52 34 All
1789 2883 153 31 accounts
1961 2884 54 31 not
2032 2881 86 45 paid,
2135 2894 37 24 or
2187 2883 116 36 settled
2321 2884 51 37 for
2394 2885 42 45 by

1679 2937 54 31 the
1750 2938 100 31 above
1867 2938 83 37 date,
1970 2941 65 30 will
2058 2940 38 32 be
2120 2942 79 31 sued
2221 2942 49 33 for
2292 2944 139 33 without

1679 2994 126 33 further
1820 2995 118 33 notice.

1980 3053 30 33 J.
2020 3050 46 36 7.
2093 3054 258 43 MOYNIHAN,

2233 3114 160 35 Solicitor.

1723 3165 172 45 Westport,
1913 3169 18 30 6
1950 3167 20 32 h
1989 3168 165 44 February
2184 3172 89 31 1885.

1762 3264 296 33 APPLICATION
2084 3267 87 32 FOR
2195 3269 158 33 LEASE.

1825 3356 154 33 District:
2005 3358 121 33 Nelson
2146 3360 208 34 South-west.

1989 3403 84 34 Date
2092 3413 7 24 :
2123 3405 57 34 9th
2198 3406 90 41 Feb.,
2306 3408 90 35 1885.

1766 3460 2 39 i
1812 3460 47 32 To
1876 3471 65 22 the
1956 3461 153 34 Warden
2125 3473 40 23 at
2182 3464 122 35 Lyell.

1684 3516 39 33 T
1749 3516 188 35 HEREBY
1961 3515 99 48 apfely
2087 3521 52 35 for
2161 3534 18 21 a
2208 3523 231 47 Gold-mining

1684 3569 40 17 -*-
1770 3563 101 32 Lease
1900 3565 36 31 of
1960 3566 54 32 the
2038 3557 94 42 lands
2163 3568 199 35 hereinafter
2385 3572 35 33 de-

1682 3608 136 42 scribed,
1848 3608 33 36 in
1912 3612 197 36 accordance
2142 3614 78 36 with
2253 3616 54 36 the
2339 3617 97 38 Gold*

1684 3657 126 40 Mining
1835 3658 117 34 Leases
1979 3661 210 38 Regulations
2205 3665 36 32 of
2257 3666 80 33 New
2360 3667 57 33 Zea-

1681 3702 87 39 land,
1785 3702 64 33 and
1874 3704 16 31 I
1913 3715 104 31 agree,
2036 3717 87 34 upon
2146 3709 55 33 the
2226 3712 156 44 approval
2406 3713 36 34 of

1681 3750 64 32 this
1762 3750 209 41 application,
1989 3758 31 27 to
2040 3763 132 26 execute
2189 3769 19 20 a
2224 3758 102 33 Lease
2349 3771 88 31 upon

1682 3795 53 32 the
1751 3794 85 32 basis
1853 3796 128 34 therein
2002 3798 116 40 stated,
2142 3801 30 32 if
2189 3802 55 34 the
2269 3804 171 35 Governor

1682 3840 84 33 shall
1782 3840 95 34 think
1893 3843 50 32 nit
1959 3847 32 29 to
2008 3852 95 35 grant
2119 3847 55 33 the
2191 3860 100 23 same.

1973 3890 41 33 D.
2039 3892 37 32 P.
2099 3893 257 46 ANDERSON,

2209 3942 187 42 Applicant.

1725 4028 104 32 Name
1847 4026 64 32 and
1930 4027 138 34 Address
2084 4029 34 35 in
2134 4031 60 33 full
2217 4035 35 31 of
2262 4038 176 42 Applicant

1805 4072 82 34 —D.
1906 4073 35 33 P.
1959 4074 180 39 Auderson,
2159 4078 146 40 Reefton.

1725 4121 90 42 Style
1845 4121 103 31 under
1973 4122 107 32 which
2108 4125 25 30 it
2163 4127 27 31 is
2219 4127 156 35 intended
2405 4138 35 27 to

1806 4163 140 38 conduct
1954 4165 55 36 the
2020 4166 258 44 business—The
2292 4175 148 40 Larnaeh

1808 4215 82 32 Gold
1910 4214 128 41 Mining
2060 4216 182 44 Company
2260 4223 156 35 Limited.

1725 4261 121 33 Ixtent
1862 4261 31 30 ot
1911 4260 124 39 ground
2060 4264 127 41 applied
2211 4266 227 38 for—Sixteen

1808 4305 63 32 and
1889 4306 107 31 a-half
2008 4318 99 21 acres.

1726 4351 177 35 Minimum
1921 4351 138 34 number
2074 4353 36 33 of
2128 4367 75 22 men
2223 4361 159 42 proposed
2406 4366 33 30 to

1807 4399 38 32 be
1867 4398 174 42 employed
2064 4400 43 42 by
2137 4403 54 32 the
2217 4405 225 37 Lessee—For

1807 4445 56 31 the
1879 4443 71 33 first
1965 4443 48 33 six
2030 4447 144 38 months,
2199 4450 18 32 2
2242 4461 76 23 men
2335 4462 7 30 ;
2367 4454 55 33 sub-

1808 4490 183 44 sequently,
2022 4492 95 35 whan
2147 4505 34 23 in
2211 4497 59 33 full
2307 4500 85 34 work
2422 4503 20 31 8

1808 4548 87 20 men.

1728 4584 143 35 Amount
1895 4581 35 36 of
1949 4583 118 45 capital
2090 4587 158 44 proposed
2273 4595 33 29 to
2328 4590 40 36 be
2391 4593 32 35 in-

1811 4629 306 37 vested—£24,ooo.

1732 4674 158 48 Proposed
1908 4688 54 21 m©
1975 4676 28 34 le
2020 4676 35 34 of
2074 4677 148 47 working
2244 4682 55 33 the
2323 4683 120 35 land-

1811 4723 162 43 Ordinary
2003 4724 112 33 modes
2142 4726 35 32 of
2203 4729 121 40 Quartz
2359 4731 63 33 Min-

1810 4771 67 42 ing.

1732 4817 125 33 Precise
1893 4816 310 44 Locality—Alpine
2240 4831 109 30 range,
2390 4824 36 32 ad-

1807 4862 128 44 joining
1958 4862 116 43 Alpine
2098 4867 55 30 (Jo.
2177 4876 41 22 on
2250 4866 55 33 the
2335 4869 109 40 south,

1812 4908 150 33 bounded
1986 4908 42 41 by
2052 4908 134 43 Captain
2211 4911 88 33 Cook
2322 4913 55 32 Ce.
2403 4926 42 22 on

1812 4955 55 34 the
1883 4954 110 41 north,
2006 4953 171 37 otherwise
2189 4955 44 43 by
2245 4961 201 43 unoccupied

1813 5000 136 41 ground.

1732 5048 94 34 Term
1844 5047 48 33 for
1907 5044 107 36 which
2038 5045 101 35 Lease
2161 5047 27 33 is
2210 5048 235 44 required—ls

1813 5104 105 32 years.

1732 5141 92 35 Time
1848 5139 35 35 of
1904 5139 226 43 commencing
2150 5141 274 43 operations—lm-

1813 5186 176 41 mediately
2005 5196 41 21 on
2062 5186 56 31 the
2130 5191 97 33 grant
2241 5189 36 31 of
2288 5189 97 33 lease.

1733 5231 141 38 General
1911 5230 146 34 remarks
2129 5231 133 35 Portion
2306 5234 36 34 of
2380 5235 67 35 this

1815 5278 125 45 ground
1958 5289 64 21 was
2038 5277 155 45 formerly
2208 5279 76 34 held
2300 5281 43 43 by
2354 5282 60 35 No.
2429 5285 18 31 2

1815 5325 115 44 Alpine
1947 5324 181 43 Company.

1733 5419 68 33 The
1812 5417 101 35 abore
1926 5415 195 44 application
2137 5417 63 34 and
2213 5429 65 33 any
2288 5418 159 44 objection

1693 5466 126 32 thereto
1848 5463 67 34 will
1944 5460 42 36 W
2007 5462 100 32 heard
2130 5468 33 27 at
2189 5463 56 34 the
2276 5464 172 36 Warden's

1693 5511 99 34 Office
1819 5515 34 29 at
1879 5507 104 46 Lyell,
2010 5519 42 23 on
2079 5508 259 41 THURSDAY,
2370 5512 76 34 12th

1695 5557 169 39 MARCH,
1881 5556 90 33 1885.

1733 5603 75 42 Any
1835 5612 116 34 pert©*
1976 5600 143 40 desiring
2142 5607 36 28 to
2201 5601 104 44 object
2334 5607 32 29 te
2394 5604 55 34 the

1691 5650 86 33 issne
1801 5648 35 34 of
1855 5660 19 21 a
1897 5647 127 40 mining
2048 5647 83 33 lease
2154 5659 89 31 upon
2267 5648 56 34 the
2346 5650 103 35 above

1693 5694 197 45 application
1921 5697 97 35 must,
2044 5692 114 34 within
2182 5694 37 33 21
2251 5693 87 35 clear
2366 5696 83 42 days

1693 5744 84 31 from
1801 5741 55 33 the
1879 5740 75 33 date
1969 5738 36 33 of
2023 5738 79 34 such
2121 5739 211 43 application,
2356 5747 93 29 enter

1693 5789 50 33 hii
1770 5786 161 45 objection
1956 5790 33 29 at
2011 5785 56 34 the
2093 5784 171 36 Warden's
2288 5787 101 35 Office
2416 5794 33 29 at

1693 5834 105 44 Lyell.

1857 5878 182 33 ALFRED
2062 5878 38 32 A.
2128 5878 240 42 CORFIELD,

2167 5923 72 35 Pro.
2256 5924 152 40 Warden.

1780 5971 168 34 Warden's
1969 5970 109 37 Office,

1736 6018 104 47 Lyell,
1855 6017 57 37 9th
1930 6017 178 46 February,
2128 6018 90 35 1885.

2474 210 167 35 NOTICE
2654 209 56 33 TO
2721 207 93 34 THE
2829 207 231 35 ELECTORS
3074 210 54 34 OP
3140 211 91 33 THE

2516 265 251 34 LICENSING
2783 263 209 33 DISTRICT
3017 267 55 30 OF
3090 267 112 32 HAMP-

2515 322 105 34 DEN.

2566 435 179 35 COUNTY
2764 435 54 33 OF
2836 434 285 39 INANGAHUA.

2626 550 69 32 Tlie
2714 548 175 42 Licensing
2907 552 68 38 Act,

2478 659 144 34 rTIHIS
2659 672 27 21 is
2724 665 33 29 to
2787 663 106 37 notify
2924 663 73 33 that
3027 665 54 33 the
3116 665 96 36 under-

2487 696 43 33 •*-
2586 717 190 33 mentioned
2820 719 289 35 CANDIDATES
3154 724 80 33 have

2478 771 79 33 been
2575 772 78 43 duly
2674 774 276 35 NOMINATED
2969 787 35 22 as
3022 777 164 35 Members
3204 780 34 32 of

2477 827 55 33 the
2557 828 176 45 Licensing
2756 832 198 34 Committee
2981 833 49 34 for
3053 835 55 33 thd
3132 836 101 33 above

2477 883 148 41 District,
2650 887 175 44 according
2841 893 31 29 to
2931 891 68 32 The
3017 891 100 33 Local
3142 893 72 33 Elec-

2476 943 86 33 tions
2578 944 71 37 Act,
2801 946 116 35 Clause
2936 950 32 31 11
2987 959 50 22 :

2601 999 257 42 BEAMSLEY,
2883 1004 144 32 William

2600 1055 131 36 DOWN
2740 1057 59 41 lE,
2824 1059 135 35 Charles

2599 1114 205 41 HUNTER,
2830 1117 147 33 William

2601 1172 135 39 KERR,
2761 1173 146 35 Thomas

2599 1228 235 44 KEOGHAN,
2859 1231 132 34 Patrick

2599 1286 166 36 LYNCH,
2791 1288 100 33 Owen

2601 1345 246 39 M'GREGOR,
2872 1347 132 33 Donald

2517 1456 69 33 The
2604 1457 114 32 POLL
2735 1458 66 31 will
2821 1458 36 33 be
2879 1458 98 34 taken
3001 1464 33 29 at
3057 1462 54 32 the
3136 1463 100 32 Court

2463 1512 137 42 .House,
2619 1514 189 42 Hampden,
2827 1516 64 34 and
2902 1520 33 31 at
2952 1517 190 38 Mailman's
3152 1520 83 41 Hut,

2478 1571 208 44 Matakitaki,
2719 1585 43 23 on
2794 1574 250 46 SATURDAY,
3077 1577 55 36 the
3162 1580 72 35 21st

2474 1631 64 43 day
2561 1632 36 32 of
2610 1632 257 42 FEBRUARY,
2893 1637 91 39 1885,
3010 1636 145 35 between
3179 1640 55 32 the

2474 1688 101 35 hours
2604 1689 36 35 of
2666 1691 18 33 9
2710 1691 124 34 o'clock
2866 1704 74 23 a.m.
2970 1695 63 33 and
3064 1697 19 33 G
3113 1697 124 34 o'clock

2516 1805 107 35 Dated
2640 1807 66 34 this
2723 1808 76 34 18th
2816 1808 63 45 day
2898 1812 36 33 of
2948 1815 175 43 February,
3139 1817 89 32 1885.

2753 1878 117 34 JOHN
2898 1882 39 32 G.
2963 1884 189 38 HESLOP,

2862 1936 184 50 Returning
3062 1941 128 35 Officer.

2473 2032 362 36 LICENSING
2879 2037 271 36 COMMITT
3167 2041 24 33 E
3206 2044 25 31 E

2733 2092 237 37 ELECTIOK.

2473 2205 212 33 DISTRICT
2707 2206 57 33 OF
2786 2206 160 42 LYELL,
2975 2209 178 36 COUNTY
3177 2215 54 32 OF

2753 2264 197 37 BULLER.

2474 2379 40 32 T
2559 2378 146 34 JAMES
2723 2380 168 42 INGLIS,
2916 2384 184 44 Returning
3117 2388 114 34 Officer

2520 2437 14 25 f
2581 2440 50 34 for
2648 2441 55 36 the
2719 2441 175 49 Licensiig
2915 2445 137 37 District
3069 2449 35 34 of
3125 2450 103 45 Lyell,

2470 2495 35 32 in
2529 2497 56 32 the
2608 2498 130 44 County
2753 2509 32 23 ot
2801 2502 123 38 Buller,
2949 2504 41 32 do
3013 2505 120 43 hereby
3156 2518 71 30 pve

2470 2551 110 45 publie
2596 2559 119 35 notiee,
2731 2565 161 35 pursuant
2908 2565 34 28 to
2965 2561 57 34 the
3044 2565 185 41 provisions

2472 2610 36 31 of
2672 2612 175 43 Li«ensi»£

2472 2665 176 44 Licensing
2669 2669 61 33 Act
2752 2670 225 36 Amendment
3005 2676 72 35 Act,

2471 2721 65 35 and
2596 2722 68 36 The
2681 2724 195 44 Regulation
2899 2730 36 33 of
2946 2730 100 36 Local
3062 2733 167 35 Elections

2471 2780 71 39 Act,
2713 2784 72 33 that
2813 2786 56 33 the
2899 2788 168 45 following
3096 2802 133 32 persons

2472 2835 84 33 have
2580 2838 81 32 been
2683 2841 191 34 nominated
2896 2847 50 29 ior
2963 2845 55 33 the
3035 2857 138 31 purpose
3197 2850 35 31 of

2471 2892 56 35 the
2550 2899 114 31 return
2686 2895 37 36 of
2733 2897 108 36 FIVE
2863 2901 155 43 qualified
3040 2916 133 32 persons
3195 2912 33 29 to

2472 2960 92 23 serve
2580 2962 42 24 on
2634 2953 54 33 the
2698 2953 249 38 LICENSING
2958 2959 269 37 COMMITTEE

2470 3007 51 33 for
2536 3007 54 33 the
2606 3009 71 33 said
2692 3010 146 42 District,
2855 3013 51 34 viz
2921 3023 50 24 :

2596 3063 163 44 BURNS,
2783 3067 146 36 William

2597 3122 160 41 CLARK,
2780 3125 113 35 James
2919 3129 171 35 Frederick

2597 3178 138 42 EDGE,
2757 3182 114 33 James

2599 3234 291 46 FEDDERSEK,
2914 3242 171 35 Frederick
3111 3245 34 34 C.

2598 3290 193 44 LOWICK,
2815 3294 119 36 James

2601 3348 164 42 MASON,
2790 3352 116 43 Henry
2922 3355 145 35 William

2601 3404 146 43 M'COY,
2771 3407 181 37 ROBERT
2977 3411 48 35 W.

2602 3463 330 44 O'CALLAGHAN,
2956 3470 143 37 Thomas

2517 3577 70 34 The
2604 3578 116 35 POLL
2734 3581 66 34 will
2816 3581 40 35 be
2878 3583 99 35 take*
3000 3590 35 30 at
3057 3588 55 33 the
3135 3589 100 37 Court

2475 3635 127 45 House,
2626 3639 107 45 Lyell,
2757 3655 43 21 on
2832 3643 299 46 WEDNESDAY,
3156 3652 77 35 25feh

2476 3694 64 44 day
2564 3697 36 32 of
2619 3696 259 46 FEBRUARY,
2902 3703 91 41 1885,
3012 3704 143 37 between
3180 3710 55 33 the

2476 3751 101 35 hours
2593 3754 36 33 of
2640 3757 19 31 9
2676 3768 77 22 a.m.
2770 3759 65 32 and
2852 3762 19 30 6
2886 3772 79 30 p.m.

2518 3809 109 35 Dated
2643 3810 66 37 this
2727 3814 76 34 18th
2820 3815 64 45 day
2901 3817 34 33 of
2948 3817 177 48 February,
3143 3823 90 34 1885.

2768 3884 148 36 JAMES
2946 3886 169 44 INGLIS,

2673 3941 181 35 Substitute
2871 3944 184 44 Returning
3070 3948 126 34 Officer.

2700 4191 121 37 GOLD
2847 4195 174 38 MINING

2478 4237 198 33 LEASE
2716 4239 68 33 TO
2821 4242 69 33 HE
2928 4244 310 39 GRANTED.

2654 4329 127 35 Public
2809 4333 250 40 Notification.

2478 4421 75 32 TN
2578 4423 197 42 conformity
2791 4427 80 32 with
2888 4428 55 33 the
2960 4431 78 35 37th
3061 4436 121 32 lection
3208 4437 34 33 of

2600 4466 67 34 The
2686 4468 107 35 Mines
2806 4472 70 36 Act,
3015 4478 66 37 and
3092 4482 77 33 with
3184 4483 56 34 the

2477 4512 200 38 regulations
2700 4517 96 31 made
2814 4520 104 35 ander
2938 4523 72 33 that
3026 4525 64 34 Act
3113 4530 49 30 for
3186 4530 54 31 the

2477 4556 156 44 granting
2658 4569 19 24 0
2680 4559 14 34 f
2713 4560 8 33 i
2725 4572 90 24 saßßl
2839 4563 14 34 f
2854 4576 36 24 or
3014 4571 127 47 mininff

2478 4616 104 29 pofes,
2607 4606 25 33 it
2654 4607 27 33 is
2705 4608 120 42 hereby
2844 4614 136 34 notified
2997 4619 72 31 that
3090 4622 27 30 is
3142 4634 25 19 is
3191 4624 31 31 in-

2477 4649 119 33 tended
2620 4654 32 30 to
2676 4659 96 36 grant
2794 4666 20 23 a
2837 4656 88 38 lease
2948 4661 36 34 of
3004 4662 116 37 Crown
3144 4666 97 37 lands

2477 4697 50 30 for
2542 4697 219 42 rold-minmjr
2777 4713 158 32 purposes
2951 4712 33 28 to
3000 4710 57 32 the
3076 4713 165 43 applicant

2478 4741 153 44 specified
2654 4755 34 22 in
2704 4745 56 34 the
2779 4751 148 35 annexed
2945 4752 161 41 Schedule
3130 4760 111 36 unless

2480 4788 88 33 there
2584 4790 85 33 shall
2680 4790 39 34 be
2732 4794 87 32 Talid
2831 4796 181 43 objections
3019 4804 129 40 against
3158 4809 80 31 such

2478 4834 97 31 lease.

2521 4878 188 43 Objections
2726 4887 33 28 to
2776 4884 55 34 the
2841 4888 155 44 granting
3007 4903 17 21 e
3027 4892 14 32 f
3050 4895 79 32 sneh
3144 4896 8 33 i

2479 4926 124 43 statute
2616 4928 56 32 the
2689 4930 144 40 gruandi
2849 4933 32 34 of
2897 4932 172 49 objoetion,
3092 4946 90 33 mast
3204 4943 37 37 be

2481 5013 141 35 Warden
2639 5023 34 26 at
2689 5018 103 38 Lyell,
2809 5033 43 22 on
2869 5035 36 22 or
2918 5026 107 37 before
3035 5030 56 35 the
3104 5035 64 34 2nd
3179 5035 64 36 day

2481 5061 33 32 of
2529 5062 126 40 Maroh,
2673 5064 90 36 1885.
3221 5061 16 20 J

2522 5106 91 45 Copy
2628 5109 37 33 of
2676 5109 56 35 the
2748 5114 199 43 application
2964 5123 97 34 maile
3078 5127 64 34 and
3167 5130 76 38 plan

2481 5153 146 34 annexed
2654 5166 79 35 may
2759 5157 38 36 be
2826 5174 75 23 «een
2926 5172 35 28 at
2986 5169 56 35 the
3068 5171 175 41 Warden's

2481 5202 100 29 Onice
2598 5205 34 28 sit
2647 5202 104 33 Lrell.

2766 5297 193 42 Schedule.

2522 5348 197 44 Applicant:
2744 5354 42 33 D.
2811 5356 35 33 P.
2870 5359 183 41 Andereon.

2524 5405 90 44 Style
2632 5409 104 34 under
2751 5411 107 35 wbick
2874 5416 26 33 it
2914 5418 28 33 is
2957 5421 155 39 intended
3125 5434 31 28 to
3167 5442 56 23 eon-

2606 5452 162 39 duelthe
2798 5456 167 42 business:
2991 5467 69 35 The
3092 5472 149 39 Larnaeh

2606 5500 84 32 (xeld
2709 5500 131 45 Mining
2856 5506 182 51 Company,
3059 5517 153 39 Limned.

2521 5554 85 34 Area
2620 5566 6 22 :
2652 5558 38 32 16
2705 5570 91 23 acres
2811 5564 19 31 2
2846 5567 105 33 roods.

2523 5609 169 46 Locality:
2716 5614 105 44 Lyell.

2525 5666 130 46 Mining
2669 5668 157 39 District:
2852 5677 123 39 Nelson
2993 5685 211 43 South-west.

2484 5806 76 34 17th
2577 5806 64 45 day
2656 5809 36 33 of
2705 5809 176 51 February,
2898 5830 60 24 one
2973 5822 167 43 thousand
3154 5800 75 69 oU

2483 5854 149 33 hundred
2650 5855 64 34 and
2730 5859 207 44 eighty-five*

2643 5910 183 38 ALFRED
2849 5917 312 58 GREENFIELD,

2622 5968 260 41 Commissioner
2895 5978 38 33 of
2944 5981 119 37 Crown
3080 5988 120 38 Lands.

2736 6019 161 49 (Holding
2911 6024 169 50 dtlegatea
3095 6040 149 43 powers.)
