3294 6137
691 56 137 48 THE
900 58 212 49 i.YKEL
1179 58 220 47 TIMES.
1473 47 362 65 SATaRDVY,
1908 57 362 59 FEBRUARY.
2338 90 67 37 21,
2481 80 118 58 1885.

111 196 280 39 INANGAHUA
415 200 175 35 COUNTY
619 198 207 35 COUNCIL.

112 308 31 36 A
167 309 61 33 NY
238 310 173 35 PERSON
426 310 99 36 found
541 309 75 35 with
631 309 215 35 UNREGIS-

90 421 152 36 CUTED
258 426 137 33 without
411 427 124 34 further
553 428 113 32 nolice.

133 526 50 34 All
201 526 77 44 do*i
296 529 138 35 without
451 531 114 34 collars
581 530 67 34 will
659 530 39 35 be
711 529 135 37 deemed

88 586 235 40 tonregistered.

454 642 31 36 J.
511 644 39 34 G.
575 643 187 40 HESLOP,

131 753 149 39 Reeftos,
297 755 57 36 4th
374 755 174 47 Jebrutry,
567 759 89 34 1883.

129 842 198 36 TOWLE'S
344 844 301 39 PENNYROYAL
659 848 24 34 &
697 848 145 35 STEKL

89 888 128 37 PILLS
235 890 85 36 FOR
337 890 210 39 FEMALES
567 894 131 45 quickly
722 901 118 29 eorreet

87 936 42 32 all
144 937 240 38 irregularities,
402 941 63 29 and
483 941 115 31 reliave
623 943 54 29 the
693 942 129 30 distress-

85 981 57 41 ing
158 988 181 38 symptoms
356 995 34 22 so
407 984 166 44 prevalent
593 985 75 33 with
695 985 53 34 the
772 997 65 22 sex.

85 1026 105 35 Boxes
207 1031 34 31 Is
334 1030 63 33 and
413 1031 34 32 'is
464 1031 63 35 9d.,
551 1032 35 31 of
604 1031 42 33 all
664 1031 172 33 Chemists.

86 1071 158 46 Prepared
261 1074 77 34 only
355 1075 42 38 by
421 1076 38 32 E.
477 1075 35 35 T.
534 1075 118 36 Towle,
677 1074 158 39 Chemist,

84 1118 227 44 Nottingham.
337 1120 130 42 Encjlan
476 1122 10 19 1
491 1143 8 14 *
546 1123 181 34 Wholesale
744 1124 34 33 of
792 1124 40 33 all

80 1165 56 33 the
161 1166 182 34 Wholesale
369 1168 139 33 Houses.
553 1169 133 34 Beware
709 1171 36 33 of
768 1169 44 34 Im-

80 1211 144 36 itations.

155 1300 46 33 To
217 1300 37 33 he
331 1302 273 54 Jpß(\r\C\
669 1305 44 33 To
729 1305 38 33 he

79 1344 211 34 Distributed.
326 1340 277 34 d+J*J\J\J\J
635 1348 197 30 T)\mtr\hnt*A

635 1349 200 36 Distributed

394 1414 41 23 ON
452 1414 64 23 THE

77 1458 464 48 CHAMPION
614 1463 218 47 RACE

171 1524 17 32 'J
203 1539 16 18 a
236 1524 38 33 be
291 1536 59 22 run
367 1526 33 32 in
421 1525 188 34 Melbourne
625 1539 42 21 on
684 1529 56 33 7tk

336 1570 125 41 March,
480 1573 89 34 1885.

72 1662 368 50 MEMBERS
494 1666 53 51 A
604 1667 221 47 EACH.

155 1727 87 35 ALL
257 1729 160 34 PRIZES
431 1731 7 32 !
470 1729 58 36 NO
545 1729 177 37 BLANKS
738 1734 7 32 !

95 1819 85 47 The
208 1821 159 61 Sydney
388 1823 154 63 Jockey
568 1823 116 55 Turf
700 1826 107 44 Club

120 1884 27 35 N
167 1885 162 46 thanking
346 1898 175 24 numerous
541 1888 122 35 Client*
679 1889 48 35 for
743 1891 85 35 their

160 1940 135 36 support
310 1934 33 33 in
360 1936 151 41 previous
525 1936 243 33 Consultations
785 1950 40 21 on

72 1974 126 47 Racing
210 1979 137 39 Events,
431 1986 32 30 to
477 1993 29 22 mi
513 1983 81 33 form
607 1982 53 35 the
674 1983 153 44 Sporting

71 2024 113 34 Public
200 2031 32 29 ot
250 2027 79 33 New
342 2029 102 31 South
460 2028 108 33 Wales
578 2030 63 32 and

70 2069 160 39 Colonies,
257 2072 72 33 that
350 2072 78 45 they
451 2073 82 34 hare
558 2074 94 34 made
677 2087 129 31 arrange-

69 2123 107 27 ments
193 2119 47 32 for
255 2118 135 40 holding
406 2132 18 21 a

144 2162 164 48 £5,000
332 2164 418 40 CONSULTATION

221 2206 52 33 All
291 2206 107 34 Prizes
417 2209 7 31 I
450 2208 49 32 No
519 2209 138 32 Blankg!

65 2249 72 32 ON
170 2249 120 35 THE
329 2252 301 36 CHAMPION
666 2251 173 43 RACE!

120 2296 47 35 To
184 2296 38 35 be
238 2310 61 22 run
317 2300 31 32 in
369 2299 190 35 Melbourne
576 2314 42 21 on
635 2301 54 34 the
706 2303 55 33 7th

252 2344 63 36 day
331 2347 34 32 of
383 2346 123 39 March,
526 2349 78 33 1885

106 2390 107 34 When
237 2392 55 33 the
309 2392 166 41 following
498 2394 108 34 Prizes
628 2395 64 33 will
717 2395 46 34 dis-

334 2438 142 35 tributed
492 2449 7 25 :

105 2483 87 33 First
210 2483 104 33 Horse
672 2491 109 31 £ISOO

104 2528 127 33 Second
249 2528 106 35 Horse
718 2535 61 33 800

104 2574 102 34 Third
226 2576 106 33 Horse
717 2583 62 31 400

102 2619 104 34 Other
222 2620 140 35 Starters
381 2621 134 44 (divide)
588 2651 33 7 ...
718 2627 61 33 300

101 2665 234 37 Non-Starttrs
353 2668 132 40 (divide)
718 2675 61 33 500

434 2762 96 32 Total
576 2788 34 8 ...
658 2765 120 38 £5,500

60 2803 130 37 fTIHE
206 2805 188 44 remaining
411 2807 108 36 £ISOO
535 2809 66 36 will
616 2809 38 35 be
670 2811 31 33 in
709 2812 108 34 rested

69 2855 43 21 -*•
166 2851 43 45 by
232 2853 54 34 the
304 2854 81 33 Club
403 2856 31 31 in
460 2867 32 20 m
498 2856 73 33 akin
577 2869 19 27 y
619 2868 17 22 a
660 2857 92 33 Book
775 2870 40 22 on

58 2896 55 34 the
156 2899 160 46 Autumn.
345 2901 154 43 Meeting,
547 2904 99 33 1885:
670 2903 72 34 that
779 2905 38 34 is.

58 2943 112 43 laying
199 2946 62 32 and
293 2946 116 44 taking
436 2948 56 33 the
523 2948 80 33 odds
627 2949 42 41 by
697 2962 18 20 a
744 2962 71 21 new

58 2995 136 38 system,
225 2991 56 35 the
308 3005 126 22 sneeesi
457 2994 35 33 of
510 2994 106 34 which
646 2995 59 34 has
735 2996 80 33 been

57 3038 191 42 practically
264 3040 132 42 proved.
441 3040 68 33 The
529 3042 163 33 Members
713 3042 38 33 of
760 3043 55 33 the

58 3082 106 35 S.J.T.
182 3084 82 34 Club
279 3084 99 43 being
391 3086 73 33 well
481 3087 172 33 informed,
665 3088 63 32 and
742 3101 54 21 eon-

58 3129 115 33 neeted
199 3129 78 34 with
303 3130 56 33 the
389 3131 156 45 principal
575 3132 151 35 Trainers
752 3134 65 35 and

59 3174 246 36 Performances
328 3177 32 32 oi
388 3178 84 32 their
498 3179 134 33 Horse*,
657 3191 53 21 are
740 3181 35 31 in
799 3193 18 21 a

60 3221 140 43 position
231 3225 33 31 to
300 3226 85 31 state
413 3223 72 34 that
515 3224 55 34 the
603 3225 120 40 £1,500
751 3226 65 35 will

60 3268 114 33 realise
197 3281 18 20 a
239 3268 181 33 handsome
444 3270 107 38 profit,
577 3271 57 32 the
657 3273 105 32 whole
785 3275 34 31 of

59 3312 107 34 which
197 3313 68 33 will
293 3313 39 34 be
370 3314 132 34 divided
537 3322 150 32 amonjst
726 3318 91 34 those

60 3358 204 35 Subscribers
295 3360 75 35 who
406 3373 82 22 were
524 3364 221 33 unsuccessful
782 3377 33 21 m

58 3404 148 41 drawing
229 3417 19 21 a
272 3406 93 33 Prize
380 3407 33 33 in
430 3407 57 34 the
511 3408 119 39 £3,500
652 3409 144 36 Distribu-

60 3452 78 34 tion.
184 3452 104 35 There
303 3452 65 35 will
384 3453 38 36 be
438 3466 43 22 no
503 3454 116 36 blanks
642 3457 164 35 whatever

59 3499 54 32 All
131 3498 204 35 Subscriber!
351 3511 54 22 are
422 3511 73 22 sure
512 3506 32 28 to
561 3502 110 35 obtain
683 3516 17 21 a
712 3505 103 41 Prize,

58 3544 56 37 the
145 3546 131 44 highest
304 3546 99 47 being
440 3550 128 34 .£1,500.
627 3552 46 34 T©
705 3553 110 34 obtain

58 3593 106 32 better
188 3594 139 32 chanees
359 3595 48 31 for
435 3597 166 40 investing
626 3598 130 42 surplus
786 3600 33 31 of

62 3637 130 42 £1,500,
209 3638 88 46 early
313 3639 199 46 application
528 3653 181 35 necessary.

103 3730 70 34 Add
203 3730 169 43 exchange
402 3736 33 30 to
471 3732 150 47 cheques,
654 3735 65 35 and
753 3740 65 30 two

58 3783 127 38 stamps
201 3777 49 35 for
265 3779 92 42 reply
368 3780 64 32 and
445 3781 107 33 result.
600 3782 126 35 Letters
743 3796 55 19 ton-

59 3825 126 38 tainm?
200 3824 79 35 c*sh
296 3825 117 35 should
430 3826 39 35 be
483 3828 187 38 registered.
705 3829 112 35 Drafts

58 3881 36 25 e.r
108 3871 35 32 P.
157 3872 37 32 O.
207 3872 118 32 Orders
341 3873 96 32 made
455 3873 134 41 nayaUe
607 3881 32 26 to
641 3895 39 4 —

251 3916 146 34 JAMES
431 3916 222 40 WALLACE,

402 3963 167 35 Seeretarv
586 3965 147 36 S.J.T.C.

373 4009 69 34 Box
457 4011 70 33 784.
546 4012 133 36 G.P.0.,

481 4056 142 39 Sydney,
646 4059 128 33 N.S.W.

213 4141 212 36 DUNEDIN
452 4143 97 41 CUP,
579 4147 85 32 1385.

112 4270 21 35 L
155 4235 102 42 DA
345 4236 473 79 jyTELMOEE

227 4329 78 34 Will
322 4327 92 35 Close
430 4342 43 22 nn
489 4343 37 21 or
541 4332 100 35 about

89 4402 119 45 24TH
263 4387 332 61 FEBRUARY,
663 4393 122 63 1885.

59 4518 146 55 10,000
247 4519 209 48 Members
497 4524 44 45 at
581 4523 71 47 10s
693 4524 126 48 Each.

103 4646 162 34 DuN-ini*
310 4647 72 34 Cup
426 4650 54 39 (40
522 4650 255 46 Nominations).

148 4701 85 38 First
630 4710 109 35 JIOOO
778 4704 5 10 '

147 4751 126 33 Second
678 4758 62 31 700

146 4796 101 35 Third
677 4802 62 35 400

145 4843 140 34 Starters
677 4849 64 32 250

145 4889 226 36 Non-starters
677 4896 63 34 C3O

629 4986 109 38 £2980

306 5038 90 35 Cash
416 5040 155 34 Awards.

186 5094 19 36 2
221 5101 33 28 at
270 5096 90 35 £IOO

164 5282 38 33 25

143 5327 61 35 100

628 5424 110 37 £2020

100 5483 91 35 Each
210 5482 114 35 Ticket
339 5483 69 33 will
424 5482 82 35 have
520 5483 90 42 ©ight
623 5487 150 35 chancas.

99 5539 73 36 One
197 5539 118 35 Extra
338 5537 133 39 Ticket
497 5541 93 34 Free
614 5551 40 25 of
677 5544 139 36 Charge

56 5588 68 32 will
142 5586 38 33 be
197 5586 97 44 given
310 5586 49 33 for
378 5587 80 33 each
475 5587 104 34 d&z%n
602 5588 117 35 tickets
741 5603 57 33 pur-

56 5632 130 36 chased.

97 5696 191 35 Registered
306 5695 113 36 letters
436 5697 65 34 and
512 5698 174 45 telegrams
698 5706 58 30 not
765 5714 33 22 ac-

52 5743 126 44 cepted.

95 5790 116 34 Please
228 5789 79 34 send
323 5794 94 30 notes
433 5801 37 23 or
485 5791 79 35 P.O.
584 5791 119 35 Orders
719 5795 95 35 when

52 5835 209 38 convenient.

145 5882 277 38 Address-ADA
449 5882 240 43 MELMORE,

395 5930 80 34 Care
492 5931 35 33 of
543 5931 51 34 Mr
612 5933 160 39 Mitchell,

242 5975 77 39 Box
329 5977 64 41 81|
395 6004 7 14 f
419 5976 79 39 Past
515 5978 111 42 Office,
645 5979 168 39 Dunedin.

904 197 425 45 WELCOME
1418 198 217 53 INN,

1192 266 123 33 Lyell.

993 389 162 39 Ellen
1228 391 292 47 Williams,

929 469 22 15 /i
986 457 83 30 t'tsiut
1079 469 29 17 ui
1179 456 118 30 tiiaiiko
1320 463 48 24 iC/i
1396 461 35 28 )s*
1444 463 22 22 ;.Z
1494 458 28 27 ill
1529 460 103 25 VOUFS,

1064 520 32 28 to
1122 514 116 33 inform
1262 514 57 33 her
1342 513 122 34 friends
1487 513 63 34 and
1578 512 55 33 the

879 577 106 42 public
1010 578 70 33 that
1107 578 57 33 she
1193 578 59 33 has
1278 578 68 43 just
1374 576 181 43 completed
1581 586 33 21 ex-

878 639 122 33 tensive
1024 638 161 37 additions
1214 651 40 22 an
1269 638 8 34 1
1301 638 190 35 alterations
1519 645 31 25 to
1574 637 58 33 her

878 701 166 43 premises,
1068 702 64 33 and
1157 703 52 33 the
1237 703 246 33 accomodation
1507 700 26 34 is
1556 710 73 22 now

1136 764 226 45 unsurpassed.

875 891 86 42 Ales,
992 892 73 35 Win
1089 905 22 26 s,
1141 892 64 35 and
1233 892 115 44 Spirits
1379 891 35 35 of
1442 889 187 38 First-class

1080 956 131 41 Quality
1228 955 76 41 only
1321 955 87 42 kept.

1106 1047 90 32 Good
1221 1046 158 43 Stabling.

1077 1139 150 34 ELLEN
1257 1138 245 37 WILLIAMS,

1324 1202 260 35 Proprietress.

871 1311 467 37 COMMERCIAL
1367 1310 254 47 HOT3L,

1012 1375 115 34 Cuff
1160 1376 154 38 Street,
1345 1371 135 38 Lykll.

870 1470 127 70 THE
1015 1468 227 45 undersigned,
1261 1468 121 41 having
1397 1465 132 36 become
1546 1468 54 33 Pro-

974 1517 120 42 prietor
1124 1517 31 31 ol
1184 1515 54 33 the
1278 1514 101 33 above
1409 1515 209 33 well-known

866 1561 111 40 Hotel,
994 1562 100 44 hopes
1111 1561 41 43 by
1169 1562 88 33 strict
1274 1561 159 33 attention
1452 1567 32 27 to
1501 1561 55 34 the
1572 1572 28 22 re-

864 1610 200 42 quirements
1077 1609 35 33 of
1118 1609 53 33 the
1181 1614 131 37 patrons
1329 1608 35 32 of
1374 1608 52 33 the
1442 1608 99 33 house
1553 1607 62 33 and

864 1659 54 29 the
930 1656 106 41 public
1046 1656 162 43 generally
1219 1661 32 26 to
1263 1654 95 33 marit
1369 1666 17 20 a
1402 1653 214 35 continuance

864 1701 34 32 of
917 1701 55 33 the
997 1701 112 34 liberal
1134 1708 133 37 support
1291 1700 142 34 hitherto
1459 1700 156 33 accorded
1628 1700 4 52 j

1065 1747 3 34 •
1078 1749 57 32 the
1150 1747 257 34 establishment.

902 1839 68 33 The
1002 1842 156 41 premises
1185 1840 83 32 have
1286 1840 69 42 just
1383 1839 186 41 undergone
1597 1849 16 23 a

861 1885 160 45 thorough
1066 1885 204 41 renovation,
1314 1886 63 33 and
1423 1885 189 40 Travellers,

860 1933 149 35 Visitors,
1040 1935 64 31 arid
1136 1935 109 31 others
1273 1933 63 32 will
1362 1945 72 20 now
1461 1933 69 32 rind
1559 1933 54 33 the

860 1978 215 37 Commercial
1105 1991 60 23 one
1193 1985 31 28 ot
1250 1978 54 37 the
1332 1978 69 35 best
1427 1977 92 36 fitted
1550 1978 62 35 and

861 2033 84 26 most
974 2027 225 33 commodious
1223 2026 115 33 Hotels
1368 2038 41 20 on
1442 2027 53 31 the
1529 2027 82 31 West

859 2071 109 33 Coast.

899 2165 71 31 One
1008 2173 39 24 or
1082 2163 161 35 Alcock's
1282 2163 88 33 Bkst
1409 2163 162 33 Billiard

1163 2212 140 30 Tables.

857 2301 112 34 Wines
985 2302 65 33 and
1069 2302 117 44 Spirits
1202 2304 34 31 of
1249 2303 54 33 the
1315 2303 69 33 best
1396 2302 124 45 quality
1534 2304 77 42 only

1195 2348 88 45 kept.

896 2439 187 36 First-class
1111 2440 116 46 Lively
1250 2441 64 35 and
1333 2441 73 36 Bait
1431 2441 137 42 Stables,

1103 2490 72 31 well
1192 2490 159 40 supplied.

1081 2578 175 39 JAMiS
1284 2580 250 45 ORMGND,

1063 2621 92 42 (Lata
1172 2623 36 32 of
1223 2623 86 34 West
1315 2631 81 35 port)

1335 2670 192 44 Proprietor,

959 3108 60 45 To
1047 3108 129 45 Stand
1201 3110 84 45 this
1315 3112 163 45 Season.

1005 3229 193 42 Clydesdale
1214 3231 115 35 Entire
1346 3231 101 38 Horse

1131 3422 173 36 Pedigrek
1319 3437 8 22 :

1137 3493 26 30 is
1206 3504 17 21 a
1267 3497 154 41 powerful
1467 3498 141 44 draught

854 3530 65 37 -W
980 3537 138 37 Stallion
1142 3539 79 36 with
1247 3554 18 22 a
1296 3544 148 44 splendid
1471 3555 134 37 temper.

854 3595 60 31 His
942 3595 69 32 Sir*
1038 3607 65 21 was
1128 3597 149 39 Glaucer,
1300 3601 163 43 imported
1488 3605 43 41 by
1559 3606 49 32 Mr

855 3652 85 34 Win.
978 3652 178 38 Robinson.
1221 3655 97 41 Dam,
1364 3660 164 37 Diamond
1568 3664 39 44 by

854 3708 162 33 Farmer's
1040 3710 100 39 Glory
1164 3711 162 43 imported
1350 3716 40 45 by
1417 3718 50 34 Mr
1491 3719 117 39 Henry

854 3765 176 40 Redwood,
1047 3768 194 43 grand-dam
1261 3770 39 45 by
1318 3773 86 34 Lord
1420 3777 113 42 Clyde,
1548 3779 39 32 im-

854 3823 112 44 ported
980 3824 42 44 by
1041 3825 50 34 Mr
1110 3824 50 37 W.
1180 3828 92 39 Paul,
1296 3836 89 37 great
1409 3835 196 36 errand-dam

854 3880 41 39 by
909 3881 101 38 Glyd*
1029 3883 196 38 Oamn)ii,
1430 3892 39 41 by
1498 3892 52 33 Mr
1573 3892 33 34 H

856 3936 174 35 Redwood.

1161 4001 137 34 Terms:

895 4050 121 35 Season
1035 4052 106 34 .Mares
1158 4052 32 42 i);
1190 4052 22 42 3,
1230 4059 137 40 payable
1386 4062 48 33 Ist
1443 4062 163 39 January,

854 4108 92 33 1885.

895 4224 42 31 11
971 4226 54 30 10.s
1055 4237 41 20 on
1127 4228 70 32 first
1234 4233 121 30 service
1371 4244 10 25 ;
1411 4235 137 34 balance
1577 4238 34 32 of

855 4276 44 37 £2
916 4280 54 33 10s
986 4280 135 45 pabable
1137 4294 42 24 on
1198 4285 47 34 Ist
1260 4285 158 49 January,
1435 4294 90 34 1885.

1228 4343 38 34 R.
1294 4346 36 31 T.
1358 4348 168 41 WOLFE,

1369 4407 197 46 Proprietor.

934 4454 179 33 Left-hand
1134 4457 144 40 Branch,

895 4510 50 36 Ist
961 4511 100 45 Sept.,
1079 4515 91 37 1834.

856 4607 255 51 WOLF
1190 4615 182 50 AND
1459 4623 147 58 CO,

1009 4723 214 38 WHOLESALE
1239 4740 66 22 ANB
1325 4732 128 35 RETAIL

854 4781 754 73 BUTCHERS.

974 4943 135 34 Dealers
1125 4944 34 34 in
1176 4947 43 32 all
1236 4948 213 45 descriptions
1466 4955 37 33 of

873 4998 124 35 FARM
1042 5002 92 33 AND
1178 5004 142 34 DAIRY
1365 5009 225 37 PRODUCE.

852 5091 119 35 Hotels
980 5094 65 33 and
1062 5096 156 35 Families
1227 5099 119 33 waited
1362 5112 44 23 on
1420 5103 50 32 for
1480 5105 120 34 Orders

892 5182 119 36 Orders
1035 5185 162 37 delivered
1223 5196 33 28 to
1281 5190 45 35 all
1352 5198 90 39 parts
1458 5207 17 22 o
1513 5197 56 35 the

1160 5235 147 36 District.

1061 5330 80 30 flote
1160 5328 56 34 the
1233 5329 147 36 Address

874 5369 128 35 IS*W
1025 5371 130 36 OLF
1242 5377 137 34 AND
1478 5383 109 43 CO.,

912 5426 87 35 Next
1028 5428 56 34 the
1115 5430 225 38 Government
1363 5437 185 47 Buildings,

1026 5485 103 33 Cliff
1152 5487 141 42 Street,
1318 5493 123 34 Lyell.

893 5570 88 33 OXE
997 5572 90 33 BOX
1098 5574 55 31 OF
1164 5574 212 38 CLARKE'S
1392 5581 24 32 B
1430 5584 38 31 41
1481 5585 125 33 PILL*

849 5615 28 34 is
893 5618 184 36 warranted
1101 5624 33 29 to
1157 5632 75 23 cure
1247 5624 44 33 all
1315 5625 186 45 discharges;
1525 5632 80 34 from

851 5662 55 33 the
925 5663 143 40 Urinary
1079 5666 135 40 Organs,
1225 5669 31 33 in
1267 5672 102 34 either
1380 5684 54 24 sex
1445 5677 160 45 (acquired

850 5719 36 22 or
907 5710 273 45 constitutional),
1206 5715 128 37 Gravel,
1365 5721 63 32 and
1453 5722 99 35 Pains
1575 5726 31 33 in

850 5753 54 34 the
921 5756 95 33 Back.
1043 5760 209 34 Guaranteed
1265 5763 64 34 free
1343 5765 83 35 from
1446 5769 160 40 Mercury.

851 5800 74 33 Sold
943 5802 33 32 in
994 5804 117 38 Boxes,
1129 5807 36 32 4s
1176 5807 40 32 6d
1228 5810 90 38 each,
1332 5809 41 44 by
1387 5814 41 32 all
1444 5815 162 35 Chemists

848 5846 65 34 and
931 5847 118 37 Patent
1069 5851 159 36 Medicine
1246 5854 168 45 Vendors;
1441 5861 73 36 Sole
1532 5864 55 34 Pro-

847 5894 148 42 prietors,
1034 5898 73 33 The
1154 5899 150 36 Lincoln
1340 5916 66 23 and
1446 5908 160 36 Midland

847 5939 171 37 Counties
1042 5943 101 36 Drug
1171 5945 68 41 Co.,
1266 5948 148 44 Lincoln,
1439 5952 166 46 England.

847 5986 187 38 Wholesale
1051 5991 36 34 of
1098 5992 46 34 ail
1159 5993 55 34 the
1234 5995 182 36 Wholesale
1434 6001 141 33 Houses.

1703 197 134 45 SOLD
1866 202 126 44 OFF!
2069 206 135 45 SOLD
2234 211 151 46 OFF!!

1858 273 65 22 AND
1941 274 145 27 STARTED
2105 280 111 24 AGAIN.

1672 348 228 48 QELLIMG
1930 355 158 40 Cheaper
2118 362 93 35 Than
2245 365 177 38 Evir—2o

1648 404 70 54 I**-*
1790 400 54 32 Pti
1886 402 82 33 Cent
2111 408 78 34 than
2228 423 63 26 any
2330 414 92 35 other

1977 448 118 39 House.

1647 536 3 48 I
1856 539 107 37 JUST
1990 545 166 36 ARRIVE
2165 548 46 34 I):

1721 594 99 46 Five
1864 598 123 46 Cases
2029 603 139 57 Fancy
2210 607 147 57 Goods,

1907 664 35 33 of
1954 665 126 35 Ladies'
2109 670 94 34 Maud
2330 675 71 33 lieti-

1663 703 95 42 oules,
1777 706 129 42 Combs,
1926 710 151 42 Brushes,
2100 715 103 35 Toilet
2225 718 178 46 Requisites

1664 749 122 37 Scents.
1806 755 186 38 Stationary
2017 759 123 43 Scents,
2166 764 124 34 G.B.D.
2310 767 103 43 Pipes,

1663 795 152 37 Assorted
1832 801 93 33 Briar
1954 804 99 43 L*ip«g,
2309 794 104 63 Pipe*!

1663 842 133 37 Ambers
1827 848 61 32 an]
1922 849 156 40 Ferrules,
2112 854 42 34 all
2185 854 94 37 knis
2321 859 91 44 Pens,

1665 889 132 42 Pencils,
1827 894 117 37 Pocket
1976 899 133 37 Knives,
2142 903 97 34 Table
2268 906 110 34 Cutler
2384 920 26 21 v.

1660 935 52 32 Jet
1750 939 155 40 Earrings
1942 945 63 30 and
2050 946 173 40 Brooches,
2268 950 144 35 Tobacco

1661 979 156 44 Touches,
1850 986 124 42 Purses,
2014 988 126 37 Ladies'
2179 994 232 45 Companions,

1661 1028 108 42 Fancy
1819 1032 205 43 Workboxes,
2070 1037 91 34 P«arl
2206 1042 62 31 and
2317 1044 94 31 Glass

1660 1072 113 41 Beads,
1799 1076 138 46 Playing
1960 1080 109 41 Cards,
2095 1082 155 45 CribUage
2275 1087 134 43 Boards,

1754 1124 115 39 Slates,
1888 1126 115 35 Sfhool
2020 1129 86 42 Bags
2122 1133 63 32 and
2201 1134 118 33 Books.

1902 1220 97 35 TWO
2027 1224 135 35 CASES

1643 1270 1 57 1
1655 1270 197 47 Containing
1890 1277 104 35 Music
2032 1280 104 34 Boxes
2183 1284 58 41 (six
2286 1287 120 40 tunes),

1654 1316 126 37 Violins
1817 1322 34 33 in
1895 1334 82 27 case,
2022 1326 207 43 Accordians,
2271 1332 135 33 Musical

1653 1364 146 40 Albums,
1851 1368 246 42 Tambourines,
2140 1375 131 43 Banjos,
2325 1379 60 31 Con-

1691 1414 151 39 certinas,
1859 1416 118 33 Tutors
1993 1419 49 32 for
2064 1419 45 33 ail
2131 1420 232 37 Instruments.

1913 1508 90 34 ONE
2027 1512 109 33 CASE

1650 1559 197 38 Invincible
1867 1562 110 37 Music
1997 1564 179 40 Machines
2198 1572 64 34 and
2287 1573 116 35 Music.

1649 1607 25 32 A
1690 1608 87 34 child
1792 1612 19 31 5
1834 1623 77 31 year
1928 1613 53 35 old
1997 1626 59 23 eau
2074 1617 76 44 play
2174 1618 102 35 them.
2325 1621 76 34 Five

1649 1653 159 36 Hundred
1844 1658 138 40 selected
2022 1663 104 42 pieces
2156 1671 30 27 oi
2229 1667 104 33 Music
2372 1678 31 23 to

1966 1708 113 33 arrive.

1912 1797 26 34 A
1956 1798 27 34 L
2001 1801 19 33 S
2039 1802 81 39 (),-

1645 1837 220 38 Harmonium
1897 1845 76 32 with
2005 1848 47 32 six
2084 1855 89 37 stops
2191 1860 6 25 ;
2229 1861 61 22 oie
2321 1852 77 34 with

1644 1882 196 40 knee-swell.
1888 1891 116 34 Pianos
2022 1895 69 33 sold
2108 1896 102 45 cheap
2234 1898 50 34 for
2300 1899 96 41 Cash,

1713 1935 64 33 aad
1794 1947 40 21 on
1854 1937 55 32 the
1924 1940 78 32 time
2020 1949 157 34 payment
2193 1949 136 36 system.

1874 2032 240 56 Jewellery:

1645 2088 20 31 A
1837 2093 153 35 seleetion
2024 2096 35 33 of
2086 2098 84 33 Gold
2200 2099 65 34 and
2297 2101 101 34 Silver

1643 2133 180 47 Jewellery,
1855 2140 43 32 all
1929 2152 71 22 new
2037 2143 153 41 designs;
2229 2145 167 34 Wahham

1647 2180 158 39 Watches,
1836 2184 41 33 £3
1909 2186 54 33 15s
1980 2197 7 28 ;
2029 2187 133 42 English
2196 2190 131 37 Levers,
2354 2194 43 31 £5

1644 2227 150 40 upward*
1813 2238 5 21 :
1864 2231 42 31 all
1945 2232 129 34 makers
2111 2234 76 45 kept
2225 2236 33 33 in
2296 2238 100 33 stack.

1643 2270 298 47 Clocks—Alarm*,
1963 2279 132 40 Marele,
2115 2281 125 36 Freneh
2261 2286 20 32 8
2297 2285 101 43 Right.

1982 2326 73 44 day.

1741 2368 190 37 WEiiTiiKiM
1950 2374 135 33 Sewing
2102 2375 191 36 Machines.

1909 2465 205 45 Books.

1643 2521 233 47 Shaktsp«are,
1906 2526 119 42 Burns,
2056 2528 211 43 Loiifffellew,
2300 2531 76 36 Gold-

1642 2570 111 38 smith,
1775 2572 149 34 Dickens.
1944 2576 84 31 Lord
2048 2576 130 42 Lytton,
2201 2578 78 32 Miss
2295 2579 80 32 Brad-

1641 2613 75 41 don,
1738 2616 118 39 Payne,
1876 2618 74 44 Hay
1955 2620 98 41 ward,
2072 2622 140 38 Hatton,
2231 2622 165 41 Mavkew,

1867 2665 113 40 Noble,
2013 2668 63 32 and
2107 2669 95 32 other
2238 2670 134 34 authors
2389 2682 10 30 ;

1684 2709 121 44 Moody
1834 2712 63 33 atd
1926 2714 158 41 Sawkey's
2108 2716 116 41 Hymn
2247 2717 109 32 Books

1961 2759 53 32 &5.
2031 2760 55 31 &e.

1803 2849 150 45 Patent
1977 2850 253 47 Medicines:

1645 2911 79 33 Irish
1768 2912 94 37 Moss,
1910 2916 112 31 Avar's
2069 2916 124 42 Cherry
2238 2918 158 37 Pectoral,

1640 2954 125 40 Clark's
1804 2959 101 35 Blood
1939 2961 152 40 Mixture,
2131 2963 181 44 Hepatieus
2349 2966 49 35 for

1645 3004 91 34 Liver
1752 3005 198 44 Complaint,
1968 3008 83 31 Hair
2069 3010 97 40 Dye*,
2184 3011 104 30 Eao's
2305 3013 94 32 Fruit

1642 3050 79 35 S*lt,
1746 3051 226 43 Tricopherus,
1999 3053 202 45 Holloway's
2229 3056 80 34 Pills
2331 3058 65 34 and

1641 3099 179 32 Ointment,
1872 3099 146 32 CockU's
2063 3101 65 31 aad
2151 3092 75 42 *Dr
2278 3103 119 34 Rook's

1641 3140 143 35 Oriental
1801 3142 94 33 'Pills
1926 3144 64 33 and
2029 3145 115 40 Elixir,
2185 3148 94 33 Head
2317 3150 79 32 ache

1644 3187 84 38 Pills,
1749 3188 175 38 Neuralgia
1941 3190 87 39 Pills,
2048 3192 148 33 Powell's
2213 3192 133 35 Bulsam
2365 3196 34 33 of

1641 3234 148 38 Anise*..!,
1806 3235 67 33 Cod
1894 3235 94 34 Liver
2011 3238 61 38 Oil,
2099 3239 130 34 Mother
2253 3240 142 43 Ssagle's

1641 3282 106 39 Syrup
1762 3280 63 31 and
1844 3281 88 37 Pills,
1953 3283 44 30 St.
2018 3284 131 32 Jaeob's
2166 3284 51 32 Oil
2236 3286 95 42 (geod
2346 3286 50 33 for

1639 3336 96 32 •v«ry
1740 3324 115 46 thing),
1882 3326 125 35 Bunter
2036 3329 152 37 Nervine,
2219 3331 175 44 Eucalypti

1641 3373 176 40 Lozenges,
1836 3374 182 40 Glycerine,
2038 3376 75 41 Hop
2130 3377 132 33 Bitten.
2279 3379 95 31 Eucal-

1638 3418 79 44 ypti,
1744 3417 136 36 Seewted
1899 3419 114 45 Soaps,
2030 3421 122 39 Agents
2175 3421 49 35 for
2246 3423 150 37 Baxter's

1641 3467 94 37 Lang:
1770 3466 175 38 L*re*crver,
1976 3468 160 42 Soothing
2168 3471 116 42 Syrup,
2317 3473 57 31 Aro-

1641 3513 97 34 matic
1766 3511 137 37 Mixture
1926 3513 63 35 an!
2013 3514 177 37 Alterative
2219 3517 115 41 Elixir,
2358 3518 36 36 T.

1643 3559 40 34 M.
1703 3561 197 41 Shepherd's
1917 3562 28 39 Q
1959 3563 165 33 leeailani
2139 3566 139 30 Asthma
2293 3567 100 32 Herb,

1639 3653 157 35 Tobacco,
1834 3652 184 36 Dandelion
2057 3655 106 34 Coffee
2199 3657 65 33 and
2303 3658 89 34 Pills.

1641 3699 109 32 Worm
1770 3701 106 41 Syrup
1893 3700 63 32 and
1980 3700 224 44 Composition
2228 3703 164 40 Powders,

1886 3746 117 34 Herbs.
2021 3747 53 33 As.
2093 3748 51 34 &c.

1780 3837 88 47 Ten
1893 3840 121 44 Cases
2039 3842 196 55 Drapery,

1640 3903 116 33 Whieh
1788 3908 87 28 m*ut
1906 3903 37 32 be
1974 3903 70 33 sold
2079 3904 121 44 Cheap,
2232 3911 33 27 to
2298 3906 96 33 makfe

1640 3961 87 22 room
1746 3949 49 33 for
1814 3950 75 32 New
1915 3951 150 31 Season's
2089 3950 110 33 Goods
2224 3957 30 27 to
2279 3953 113 34 arrive.

1640 3996 177 36 eoasistmc:
1840 3995 33 33 of
1893 3997 80 31 5000
1997 3995 98 43 yards
2124 3998 143 33 assorted
2295 3998 99 35 Bresa

1641 4042 105 34 Pierer
1767 4042 109 42 (Silks.
1894 4044 20 29 %
1922 4045 103 33 Urn's,
2039 4043 62 32 nod
2114 4044 84 32 Irish
2211 4045 143 42 Poplins,
2364 4047 34 32 of

1640 4087 42 33 all
1700 4087 149 40 Shade*),
1868 4087 169 33 Dolman's
2051 4088 138 34 Ulster's
2204 4090 63 32 and
2279 4090 116 35 Cloaks

1642 4134 66 44 (the
1747 4134 112 34 Latent
1889 4134 183 44 Fashions),
2114 4135 114 35 Ladies
2270 4136 103 36 Uuder-

1640 4181 156 40 elothing,
1816 4179 113 37 Skirts,
1952 4181 109 36 Fancy
2086 4182 182 40 Costumes,
2293 4185 102 44 Bugle

1642 4237 82 21 .LdCft
1741 4228 64 30 aud
1822 4227 210 41 Trimmings,
2154 4233 198 28 assortment
2365 4234 31 29 of

1645 4270 99 43 Bugle
1783 4271 208 39 Ornaments,
2030 4271 108 35 While
2177 4274 65 33 and
2279 4275 115 35 Cream

1643 4319 93 33 Lviee,
1755 4319 164 37 Button's,
1938 4318 91 42 Baby
2050 4320 114 38 Babes,
2190 4321 118 33 Cloaks
2333 4325 62 30 and

1642 4366 131 38 Gowns,
1788 4364 94 43 Boys'
1897 4365 96 40 Suits,
2013 4365 96 40 Hats,
2128 4365 148 42 Flannel,
2297 4368 79 34 Mole-

1642 4411 71 34 skin
1744 4411 64 34 and
1837 4412 128 42 Carpet,
2004 4412 255 42 Counterpanes,
2294 4416 103 33 Toilet

1642 4458 131 36 Corera,
1800 4457 161 37 Curtains,
1995 4457 105 36 Me.ii*!
2130 4459 64 32 and
2229 4459 167 33 Women's

1642 4502 64 36 and
1744 4502 182 36 Children's
1966 4503 98 36 Socks
2105 4505 62 34 and
2215 4505 182 40 Stocking,

1799 4551 104 31 Shirts
1919 4551 42 30 till
1978 4552 113 36 eolors,
2108 4553 52 30 &c.
2180 4553 52 30 &e.

1644 4644 68 32 The
1729 4643 103 33 Trade
1848 4642 147 45 supplied
2018 4645 33 31 in
2076 4656 64 30 any
2164 4645 35 34 ftf
2219 4646 56 32 the
2298 4646 100 33 abere

1966 4689 110 35 Lines.

1646 4781 217 37 Motto—The
1882 4782 75 36 Nina
1962 4781 49 37 We
2036 4783 83 35 Nine
2124 4795 98 33 pence
2238 4783 91 36 beats
2347 4785 52 35 the

1894 4830 84 32 Slow
2003 4830 149 43 Shilling.

1642 4922 95 74 E.
1770 4922 90 74 K.
1886 4921 231 72 Issell
2157 4922 65 73 &
2268 4922 131 77 Co.

1759 5025 222 33 Palmkrston
2000 5025 65 37 St.,
2083 5025 196 33 Westport.

1734 5141 113 54 JOB,
1863 5140 118 45 AND
1997 5140 112 45 ALL
2128 5141 177 47 KINDS

1643 5242 79 47 OF
1751 5241 292 50 PRINTING
2072 5242 325 50 EXECUTED

1888 5352 98 34 —AT
2009 5352 102 34 THE-

1786 5446 196 48 TIMES
2015 5446 249 48 OFFICE.

1681 5594 28 33 A
1726 5594 221 34 CARD.—To
1963 5604 65 23 all
2042 5604 73 23 who
2131 5605 63 23 are
2212 5605 185 28 suffering

1640 5650 88 24 from
1746 5652 67 23 the
1823 5653 102 21 errors
1939 5640 64 35 and
2019 5642 33 32 in
2057 5641 169 34 discretion
2241 5643 35 34 of
2281 5645 115 42 youth,

1641 5699 139 21 nervous
1812 5687 175 39 weakness,
2015 5688 89 41 early
2131 5687 112 43 deeay,
2273 5690 63 34 loss
2367 5696 30 29 oi

1640 5733 178 41 m.inbood,
1834 5733 66 38 &c,
1926 5734 16 32 I
1966 5733 64 33 will
2055 5733 80 34 send
2150 5745 18 22 a
2191 5737 107 42 recipe
2325 5738 70 34 that

1641 5779 65 33 will
1722 5791 74 23 care
1808 5791 75 31 you,
1896 5779 119 34 FREE
2029 5780 56 32 OF
2099 5780 195 35 CHARGE.
2319 5784 78 35 This

1641 5831 89 33 great
1746 5826 133 42 remedy
1892 5837 67 22 was
1968 5826 185 33 discovered
2166 5826 42 43 by
2218 5840 17 20 a
2246 5828 132 36 mission-

1641 5883 57 33 ary
1721 5873 32 32 in
1777 5872 102 35 South
1904 5874 161 32 America.
2111 5873 85 34 Send
2223 5887 19 21 a
2267 5876 112 36 self-ad-

1641 5918 130 32 dressed
1787 5920 157 41 envelope
1961 5930 63 20 una
2045 5919 149 42 sixpence
2220 5928 31 25 to
2274 5933 120 34 prepay

1639 5968 132 40 postage
1801 5974 33 24 to
1865 5965 54 34 the
1942 5965 78 34 Rev.
2048 5965 129 36 Joseph
2204 5967 36 34 T.
2273 5968 121 43 Inman,

1641 6010 127 32 Station
1785 6010 41 38 D,
1848 6012 77 29 New
1943 6011 86 30 York
2046 6012 85 40 City,
2150 6012 118 33 U.S.A.

2678 225 156 47 LIN
2869 230 36 46 B
2942 233 27 46 S

2541 341 145 46 OYAJL

2873 353 95 35 All
3044 356 172 39 TIMS

2435 468 4 45 I
2703 469 54 31 OF
2794 468 216 45 JCOACFTES

2435 510 4 20 i

2435 535 3 69 I
2457 539 72 36 Run
2549 544 96 46 Daily
2662 548 141 39 between
2832 556 88 43 Lyell
2939 560 61 33 rind
3017 562 196 42 Inangahaa

2434 597 4 69 j
2451 597 168 43 Jun-tion,
2647 606 112 33 taldn*
2787 620 188 38 passengers
3006 618 64 35 and
3087 632 19 32 p

2433 651 3 71 j
2453 654 47 32 for
2519 655 131 38 lioefton
2669 675 41 21 on
2740 666 153 46 Monday,
2912 672 216 50 Wednesday,
3146 681 64 33 and

2432 714 3 72 |
2450 714 131 48 Friday,
2615 723 62 33 and
2717 725 46 35 for
2791 728 157 48 Westport
2980 748 40 22 on
3046 738 162 48 Tuesday,

2431 779 3 70 j
2449 779 182 47 Thursday,
2649 788 63 32 and
2730 790 173 45 Saturlmy,
2921 797 62 35 and
3011 800 65 33 vice
3105 814 101 23 versa.

2447 872 76 35 Also
2549 881 194 43 connecting
2769 885 76 35 wit!)
2872 889 184 38 NTewurm's
3085 896 27 33 N
3137 898 6 12 '

2472 920 316 42 IweofCoajhesat
2809 932 87 41 Lyoil
2914 947 98 32 every
3026 939 92 35 Tues<

2714 985 62 33 and
2810 987 126 47 Friday.

2445 1064 234 43 Commissions
2706 1080 165 34 entrusted
2900 1091 31 24 to
2948 1096 37 21 us
3003 1087 63 34 will
3083 1091 123 35 receive

2670 1134 117 33 •areful
2806 1141 171 33 attention.

2443 1232 148 48 Carriage
2608 1251 42 21 on
2667 1242 42 32 all
2742 1243 125 39 Parcels
2884 1262 36 22 or
2949 1253 147 47 Luggage
3113 1264 88 31 muat

2485 1291 35 33 be
2537 1296 75 39 paid
2631 1298 104 33 before
2753 1302 144 46 delivery
2915 1310 63 32 will
2996 1310 36 35 be
3048 1314 107 41 given.

2667 1391 145 37 Coaches
2845 1399 104 35 Leave
2965 1413 6 21 :

2443 1439 61 33 For
2521 1441 164 48 Westport
2788 1479 32 7 ...
2912 1482 19 9 ~
3032 1465 6 16 <

2441 1485 61 34 For
2525 1488 135 39 Reefton
2789 1526 33 7 ...
2914 1482 3 58 '
3032 1482 6 58 \

2441 1578 146 47 Booking
2603 1586 99 36 Office
2782 1619 33 6 ...
2862 1597 217 40 Commercial
3097 1606 100 35 Hotel

2479 1684 195 41 N.8.--Tlw
2701 1705 182 33 proprietor
2908 1702 65 34 will
3002 1710 57 29 not
3090 1707 38 35 be
3144 1721 34 24 re-

2436 1736 163 36 sponsible
2625 1738 49 32 for
2704 1741 208 48 miscarriage
2928 1750 36 32 of
2974 1761 67 31 any
3055 1754 139 38 lu^ast

2436 1777 174 47 belonging-
2625 1789 32 27 to
2674 1797 202 35 passengers.
3091 1783 39 16 °°
3156 1784 17 17 *

2859 1849 79 34 JOB
2964 1853 146 44 LINES,

2980 1901 192 38 Proprietor.

2587 1997 39 44 N
2653 1999 35 45 E
2712 2002 58 45 W
2794 2006 44 43 M
2860 2010 183 48 AN'S

2522 2133 70 33 OY
2609 2137 27 30 A
2653 2138 26 31 L

2840 2147 56 31 Al
2917 2148 24 32 L

3084 2154 109 36 INB

2672 2257 56 35 OF
2752 2260 210 42 COACHES

2472 2366 282 42 Twice-Weekly
2794 2378 145 38 Service
2978 2373 170 51 Between

2627 2427 111 39 Lyell
2761 2444 65 23 and
2845 2437 146 40 Nelson.

2432 2513 108 36 Leave
2557 2516 96 45 Lyell
2669 2521 49 33 for
2735 2523 122 38 Nelson
2873 2542 97 28 every
2988 2534 208 51 Wednesday

2433 2572 64 31 and
2516 2573 122 46 Friday
2654 2583 34 27 at
2704 2582 18 30 7
2740 2593 91 30 a.m.,
2849 2589 148 45 arriving
3012 2598 34 27 at
3075 2595 107 36 Foxhi

2432 2637 100 35 every
2549 2631 174 48 Thursday
2747 2640 65 33 and
2831 2641 163 49 Saturday
3011 2648 34 35 in
3062 2655 79 31 time
3161 2662 33 27 to

2587 2692 95 33 catch
2700 2694 54 34 the
2771 2698 148 47 mdi-day
2936 2706 96 33 train.

2432 2745 108 34 Leave
2571 2750 129 37 Foxhill
2730 2758 47 31 tor
2805 2759 95 43 Lyell
2930 2775 99 35 every
3048 2768 148 49 Monday

2433 2803 64 33 and
2518 2804 205 50 Wednesday
2747 2819 33 29 at
2808 2817 35 34 11
2879 2831 89 31 a.m.,
2994 2826 145 46 arriving

2514 2862 93 43 Lyell
2624 2878 41 21 on
2683 2868 149 48 Tuesday
2850 2876 64 34 and
2932 2879 181 47 Thursday.

2434 2963 197 47 Passengers
2663 2970 122 38 booked
2825 2979 50 33 far
2914 2982 179 46 Hampdea
3131 2993 67 33 and

2577 3026 95 32 other
2689 3035 230 34 intermediate
2937 3038 120 43 places.

2638 3118 158 40 Booking
2823 3128 144 37 Offices
2982 3142 6 24 :

2434 3180 45 58 W
2486 3182 42 33 eU
2556 3230 8 9 ,
2862 3198 219 42 Commercial
3097 3206 103 39 Hotel

2432 3226 136 79 fS}
2569 3242 40 24 eu
2868 3243 215 47 Moonlight'.
3096 3255 102 34 Hotel

2434 3275 129 33 loxhlll
2838 3287 245 51 Gaukrodger's
3095 3299 104 38 Hotel

2822 3355 43 33 H.
2892 3358 219 49 NEWMAN,

2958 3407 185 46 Proprietor

2453 3509 153 53 POST
2658 3518 230 54 OFFICE
2944 3502 255 83 HOTEIT

2680 3584 128 36 LYK
2837 3591 24 32 L
2887 3593 23 32 L
2936 3619 8 9 .

2489 3702 267 56 PETER
2796 3715 335 62 MANGOS

2448 3777 153 41 r)EGS
2626 3788 33 29 to
2676 3785 120 39 inform
2822 3791 50 37 his
2896 3797 121 38 triends
3043 3805 66 34 and
3135 3809 56 36 tie

2445 3831 63 31 LJ
2555 3831 110 40 public
2691 3833 72 36 that
2794 3838 49 33 his
2869 3852 71 23 new
2964 3853 227 36 connnodiww

2636 3888 100 34 Hotel
2752 3892 27 31 is
2796 3904 73 24 now
2886 3909 94 32 open.

2430 3974 178 36 Travellers
2633 3981 63 32 and
2723 3985 127 35 visitors
2873 3995 37 31 to.
2931 3991 64 37 this
3017 3999 157 37 establish

2472 4050 90 28 men*
2579 4050 63 30 will
2660 4052 67 31 tmd
2744 4053 83 34 their
2840 4060 140 34 comfort
2990 4065 65 32 and
3071 4077 56 25 con-

2514 4124 154 29 venience
2682 4118 199 52 thoroughly
2892 4130 154 37 attended
3064 4138 43 32 te.

2432 4205 66 33 The
2516 4206 174 36 bedrooms
2716 4224 53 23 are
2785 4217 89 40 lofty,
2893 4222 64 30 and
2978 4226 70 31 well
3067 4229 125 40 lighted

2674 4269 64 33 and
2766 4273 186 38 ventilated.

2473 4375 243 42 Comfortable
2758 4385 146 39 Parlors
2937 4404 66 25 an»
3027 4398 102 37 First-

2693 4452 98 23 class
2813 4446 121 37 Table,

2434 4528 67 32 The
2522 4530 63 33 Bar
2599 4533 28 32 is
2643 4536 133 32 stocked
2790 4540 78 31 with
2886 4543 86 40 Ales,
2988 4547 121 43 Wines,
3126 4555 68 34 and

2497 4589 115 47 Spirits
2629 4598 31 31 of
2681 4603 199 37 guaranteed
2903 4604 121 39 brands
3039 4614 87 43 only.

2474 4682 28 34 A
2525 4683 169 41 first-class
2720 4692 216 42 sixteen-stall
2952 4703 103 36 stable
3074 4708 101 36 isce*.

2434 4742 116 34 nected
2567 4746 79 32 with
2664 4748 64 34 this
2746 4749 100 36 hotel.

2734 4819 147 37 PETEB
2911 4826 196 42 MANGOS,

2957 4885 176 43 Preprieer.

2458 4965 136 49 NEW
2642 4972 165 49 CHUM
2850 4955 330 92 BUTCHERY^

2688 5081 255 47 LTE.LL.

2548 5214 244 56 JAMES
2854 5226 217 64 EDGE,

2702 5316 129 39 SALE
2876 5325 94 35 AMD
3026 5329 170 44 RETAIL

2610 5419 403 52 BUTCHER.

2432 5561 117 36 Hotels
2566 5565 66 33 and
2647 5567 156 36 Families
2827 5572 119 36 waited
2973 5588 42 24 o»
3033 5580 98 48 Daily
3145 5585 27 36 fe

2749 5627 129 37 Orders.
2962 5632 15 15 *

2495 5736 88 36 Meat
2601 5739 173 36 Delivered
2797 5747 32 30 to
2846 5744 42 34 all
2914 5752 88 39 parts
3018 5754 33 31 of
3078 5756 53 34 fch«

2740 5800 148 38 District.

2433 5921 138 38 NEW
2627 5926 182 38 CHUM
2861 5928 331 65 BTTTCHEKT,

2510 6000 153 40 Opposite
2677 6001 180 34 Alhainbro
2872 6005 110 37 Hotel,
3000 6008 103 42 Lyeil.
