3364 6122
139 1887 173 34 MINING
364 1886 321 37 REGULATIONS
736 1887 157 35 UNDER

399 1933 142 35 MINES
566 1935 92 38 ACT,

182 2010 74 42 Any
271 2020 116 32 parson
405 2008 204 41 discovering
618 2020 70 22 new
706 2010 74 40 gold
791 2009 81 33 work-

141 2057 67 41 ing,
233 2055 61 33 and
319 2053 95 45 being
437 2052 144 36 desirous
605 2054 35 35 of
659 2055 170 45 obtaining
853 2067 41 23 an

141 2102 167 32 increased
331 2114 72 19 area
427 2102 134 31 thereon
591 2101 85 34 shall
699 2102 90 33 mark
812 2103 45 32 off
877 2116 18 19 a

141 2147 208 43 prospecting
365 2145 106 36 claim,
488 2156 35 21 as
539 2146 155 43 provided
710 2147 33 32 in
758 2148 117 39 Kcgula-

142 2193 68 32 iion
228 2191 47 40 11,
292 2192 64 33 and
370 2191 81 33 shall
462 2190 224 46 immediately
696 2199 108 37 report
816 2193 78 33 such

142 2238 168 41 discovery
347 2237 77 33 with
456 2238 57 32 full
544 2238 191 42 particulars
771 2245 32 27 to
841 2240 55 32 the

142 2282 153 40 Warden,
321 2283 63 33 and
412 2282 54 34 the
489 2283 125 42 ground
639 2295 34 22 so
696 2284 134 34 marked
853 2285 47 33 off

141 2328 85 37 shall
242 2330 37 33 be
297 2329 164 44 protected
476 2330 84 33 until
576 2330 55 35 the
656 2331 141 34 Warden
814 2332 83 34 shall

141 2375 83 35 have
241 2375 114 44 finally
371 2376 126 33 refused
513 2387 36 22 or
563 2378 136 42 granted
710 2379 54 33 the
778 2379 96 33 claim
889 2389 7 30 ;

142 2420 58 35 but
231 2422 54 33 the
316 2422 141 33 Warden
483 2434 87 27 may,
600 2424 28 32 if
654 2426 39 31 he
725 2424 93 34 think
850 2425 47 39 fit,

141 2468 118 33 refrain
290 2467 83 33 from
398 2468 153 43 granting
580 2480 36 22 or
643 2469 147 42 refusing
819 2471 78 33 such

141 2514 96 32 claim
266 2513 85 34 until
375 2513 54 34 the
453 2514 125 44 ground
601 2515 85 34 shall
710 2517 81 33 hare
818 2516 80 35 been

141 2560 117 33 visited
274 2560 42 43 by
334 2560 134 33 himself
480 2572 35 21 or
525 2561 41 43 by
578 2573 128 32 anyone
722 2563 177 44 appointed

139 2605 44 45 by
200 2606 82 34 him.

187 2653 129 32 iNotices
327 2652 35 33 of
369 2652 43 34 all
423 2653 205 45 prospeoting
638 2655 116 33 claims
764 2656 135 44 granted

142 2699 79 34 with
247 2699 59 34 full
329 2700 193 42 particulars
539 2700 35 34 of
594 2702 140 44 'ocality,
757 2703 88 44 yield
868 2704 36 33 of

142 2745 86 45 gold,
246 2745 64 34 and
322 2745 196 46 description
530 2748 36 32 of
577 2747 174 46 workings,
765 2749 84 34 shall
861 2749 38 35 be

143 2793 114 41 posted
279 2792 43 42 by
346 2792 54 34 the
418 2794 141 34 Warden
575 2807 41 22 on
640 2796 54 33 the
717 2797 127 33 outside
868 2800 32 30 ot

144 2838 50 31 his
210 2837 91 33 office
318 2838 50 32 for
382 2838 108 44 public
512 2840 221 33 information.

188 2885 31 36 It
235 2884 83 36 shall
334 2891 58 30 not
408 2885 37 36 be
461 2886 110 36 lawful
581 2887 50 36 for
642 2888 55 35 the
711 2888 143 37 Warden
866 2894 33 30 t<*

144 2939 96 35 grant
268 2944 19 20 a
312 2935 204 40 prospecting
537 2935 97 31 claim
660 2935 50 32 for
733 2948 65 31 any
828 2948 70 20 new

144 2978 168 44 discovery
342 2983 33 29 at
405 2991 18 21 a
453 2979 63 33 less
550 2979 144 35 distance
725 2981 79 35 than
836 2988 63 28 two

144 3025 94 31 miles
254 3025 83 30 from
354 3036 63 30 any
435 3027 184 41 previously
642 3028 139 41 existing
795 3029 82 32 work-

144 3069 73 43 ings
245 3069 32 35 in
305 3069 133 36 alluvial
461 3071 135 44 ground,
614 3083 60 23 nor
696 3078 29 31 tc
755 3080 95 35 grant
880 3087 19 22 a

144 3116 206 44 prospecting
372 3118 95 31 claim
485 3118 48 32 for
555 3130 65 30 any
635 3131 72 20 new
733 3121 165 44 Jiscovery

143 3162 37 34 of
202 3174 18 22 a
244 3169 114 36 quarts
382 3164 69 34 reef
464 3168 32 30 at
519 3177 18 21 a
560 3164 62 34 less
646 3165 146 36 distance
817 3167 80 35 than

142 3208 71 34 half
232 3221 18 20 a
270 3210 77 32 mile
363 3217 82 25 trom
462 3222 64 31 any
548 3211 187 44 previously
758 3214 139 42 existing

141 3262 113 35 quartz
270 3255 173 42 workings.

188 3301 105 43 Every
323 3308 205 36 prospecting
556 3303 95 34 claim
682 3304 95 40 thi-.11,
815 3306 82 33 after

142 3346 96 44 being
264 3348 145 36 marked,
435 3348 36 34 be
496 3348 74 34 held
593 3349 42 44 by
659 3363 60 21 one
742 3362 79 22 man
847 3363 32 22 re-

141 3393 150 43 maining
314 3405 41 21 on
379 3395 54 32 the
459 3396 125 42 ground
607 3396 118 43 during
750 3398 146 44 working

141 3438 98 37 hours
262 3440 83 35 until
362 3440 52 36 the
437 3441 196 45 application
650 3443 26 34 is
693 3443 87 35 dealt
802 3445 80 34 with

141 3487 74 39 and,
233 3487 26 32 if
271 3489 146 40 granted,
433 3489 56 32 the
505 3490 95 31 claim
617 3496 100 33 must,
729 3492 109 31 units*
850 3492 44 42 by

139 3533 118 46 ■pecial
273 3534 192 43 permission
483 3534 35 35 of
530 3534 54 35 the
598 3535 153 42 Warden,
763 3537 38 35 be
812 3538 82 41 fully

137 3580 155 44 occupied
308 3581 115 33 within
439 3593 94 23 seven
551 3582 80 45 days
646 3583 84 34 from
746 3583 55 35 the
817 3584 75 35 date

184 3633 105 36 grant.

179 3673 67 33 The
264 3674 139 34 Warden
420 3686 87 32 may,
523 3675 28 35 if
563 3676 41 33 he
620 3675 94 35 think
730 3677 47 41 fit,
796 3684 97 38 grant

136 3732 19 21 a
165 3720 205 45 prospecting
378 3720 97 35 claim
487 3727 34 29 to
530 3722 54 35 the
592 3724 105 34 actual
710 3724 182 36 discoverer

135 3767 35 32 of
192 3778 72 21 new
294 3767 75 40 gold
400 3769 162 40 workings
591 3770 182 43 conjointly
810 3772 79 32 with

134 3822 132 34 persons
292 3812 73 34 who
388 3812 83 35 have
487 3814 137 35 assisted
648 3816 90 34 them
761 3818 34 33 in
818 3829 53 34 pro-

109 3899 8 9 -9
134 3861 145 43 spec-ting
316 3860 103 36 either
456 3861 77 35 with
572 3863 239 36 contributions
855 3878 35 21 or

130 3906 184 41 otherwise,
331 3920 36 21 or
382 3908 78 33 with
474 3910 94 32 other
579 3921 136 32 persons
727 3912 73 32 who
814 3924 75 31 may

130 3952 37 33 be
194 3953 189 33 nominated
407 3954 42 43 by
466 3954 54 34 the
544 3957 108 31 actual
677 3956 211 41 discoverers,

129 3998 155 46 although
310 4000 55 33 the
382 4000 68 34 said
475 4012 132 33 persons
624 4015 77 32 may
724 4009 58 29 not
805 4005 83 33 have

128 4045 79 35 been
232 4057 41 23 on
291 4046 54 36 the
360 4056 128 36 ground
503 4049 88 43 prior
608 4056 32 28 to
658 4050 53 34 the
735 4059 154 35 granting

128 4092 134 34 thereof.

170 4139 68 33 The
259 4138 141 35 Warden
418 4151 88 33 may,
523 4152 87 34 upon
623 4141 54 35 the
689 4143 196 45 application

128 4186 35 35 of
175 4197 64 34 any
255 4198 133 33 persons
406 4188 142 42 forming
567 4201 19 22 a
602 4195 94 40 party
712 4193 34 31 of
757 4197 57 28 not
824 4192 63 33 less

128 4233 78 33 than
229 4234 83 38 four,
335 4241 95 34 grant
447 4242 180 36 protection
645 4237 49 33 for
716 4244 58 26 not
797 4250 90 21 more

130 4278 78 33 than
226 4279 89 33 three
339 4280 134 33 months
489 4281 49 32 for
554 4293 18 20 a
589 4283 207 42 prospecting
812 4296 75 20 area

127 4330 34 28 at
184 4335 18 23 a
224 4324 143 35 distance
391 4331 31 28 ol
438 4332 58 28 not
515 4326 62 34 less
601 4327 80 33 than
705 4333 64 29 two
791 4328 96 34 miles

128 4370 84 34 from
239 4383 63 33 any
328 4372 138 42 existing
493 4372 163 46 workings
686 4374 34 34 in
751 4376 135 33 alluvial

127 4418 136 42 ground,
280 4430 36 21 or
332 4419 33 33 in
382 4419 54 33 the
454 4430 72 22 case
543 4420 35 32 of
591 4425 113 39 quartz
722 4422 164 43 workings

126 4463 36 33 of
188 4468 57 29 not
276 4463 62 34 less
362 4465 80 32 than
468 4465 73 33 half
560 4477 17 21 a
603 4467 77 32 mile
705 4469 83 31 from
820 4479 66 31 any

126 4507 140 44 existing
282 4515 112 38 quartz
412 4510 162 44 workings
588 4520 7 23 :
621 4512 161 33 Provided
797 4512 33 33 in
843 4524 42 21 no

127 4566 72 23 case
221 4555 84 34 shall
330 4567 64 32 any
410 4557 79 33 such
518 4559 206 42 prospecting
748 4571 77 21 area
848 4559 37 34 be

127 4602 134 41 granted
284 4603 114 34 within
424 4604 67 33 halt
507 4615 18 22 a
549 4605 76 32 mile
649 4605 36 33 of
703 4616 67 31 any
793 4605 94 34 other

127 4647 80 35 such
224 4649 206 43 prospecting
452 4661 85 21 area.
584 4650 159 34 Provided
760 4651 127 34 further

127 4694 71 35 that
221 4695 78 34 such
324 4696 181 43 protection
523 4696 83 34 shall
629 4696 79 44 only
731 4697 154 34 continue

128 4741 33 33 in
178 4741 84 34 force
278 4743 82 32 until
377 4743 74 39 gold
468 4745 26 31 is
510 4743 121 39 struck,
644 4744 32 34 in
694 4744 106 32 which
813 4756 72 22 case

128 4786 56 32 the
207 4786 168 43 discovery
401 4788 82 33 shall
501 4788 39 33 be
564 4789 161 42 reported,
744 4799 35 21 or
802 4790 84 31 until

127 4832 54 34 the
199 4833 127 35 holders
342 4846 53 22 are
412 4835 150 44 required
577 4834 44 43 by
631 4835 56 33 the
700 4834 142 34 Warden
853 4841 32 27 to

128 4879 94 33 mark
253 4891 18 21 a
296 4881 208 43 prospecting
527 4880 109 38 claim,
659 4881 33 31 in
722 4880 104 32 either
854 4881 36 32 of

127 4924 106 36 whieh
249 4938 90 23 cases
355 4938 19 23 a
389 4938 91 34 prosj.
490 4927 108 44 ecting
621 4925 97 35 claim
741 4925 84 36 shall
848 4926 38 36 be

127 4972 135 31 marked
289 4974 64 30 and
377 4974 129 40 applied
530 4974 50 31 for
605 4985 35 21 as
668 4974 156 41 provided
851 4976 35 29 in

130 5014 192 43 Regulation
354 5016 46 36 11.
431 5018 66 35 and
524 5018 51 40 V.,
607 5017 65 36 and
705 5019 180 44 protection

127 5061 83 33 shall
226 5063 179 44 thereupon
422 5077 91 21 cease
531 5077 36 21 as
582 5070 32 27 to
631 5065 55 33 the
699 5066 188 32 remainder

128 5105 35 36 of
175 5107 79 36 such
271 5112 205 43 prospecting
492 5122 85 25 area.

170 5155 32 32 It
227 5156 82 32 shall
337 5157 37 32 be
396 5159 111 31 lawful
529 5159 49 32 for
600 5159 56 32 the
681 5159 143 32 Warden
852 5164 34 28 to

127 5209 106 25 renew
256 5200 85 34 from
367 5209 77 27 time
466 5209 33 28 to
523 5205 79 34 time
626 5204 53 34 the
703 5206 181 43 protection

128 5246 49 33 for
207 5258 18 22 a
254 5250 208 41 prospecting
496 5261 84 24 area.
627 5252 156 33 Prrvided
814 5252 72 34 that

130 5292 78 34 such
246 5294 147 35 renewed
426 5303 179 37 protection
637 5298 85 35 shall
753 5304 57 29 not
847 5298 38 34 be

127 5340 137 39 granted
290 5341 49 31 for
362 5352 88 22 more
468 5344 80 32 than
571 5344 92 33 three
691 5345 137 33 months
852 5350 33 27 to

127 5394 64 33 any
208 5384 88 36 time.

749 24 136 52 the
955 27 216 56 lyell
1238 25 216 70 Times,
1521 37 362 63 Saturday,
1954 48 343 52 February
2376 72 51 32 «
2521 60 119 45 m*.

2498 5872 136 36 Printed
2650 5875 65 35 and
2731 5877 176 44 published
2930 5882 50 35 for
2999 5884 56 36 the
3079 5888 190 45 Proprietor

2538 5920 42 45 by
2596 5921 31 36 J.
2645 5922 36 35 F.
2700 5924 110 42 Clark,
2827 5932 35 30 at
2878 5928 57 36 the
2954 5930 193 45 Registered
3165 5939 102 39 Offica

2539 5969 93 34 otthe
2680 5971 96 43 Lyeli
2942 5979 78 35 Cliff
3032 5981 117 43 Street,
3158 5986 111 40 LyelL

2540 6017 132 44 (county
2689 6017 36 34 of
2737 6017 122 46 Builer,
2879 6021 128 50 Colouy
3024 6028 37 35 of
3071 6028 80 38 N.Z.

137 160 427 52 ALHAMBRA
616 167 275 59 HOTEL,

416 255 36 43 L
468 270 156 28 YELL.

195 359 76 33 IHE
289 362 216 42 undersigned
521 362 121 42 having
658 363 133 35 become
818 366 57 34 Pro-

186 426 5 3 -
247 406 120 46 prietor
383 408 35 33 of
430 409 64 33 this
510 409 210 35 well-known
737 410 63 36 and
818 412 77 42 long

138 451 196 36 established
352 455 111 36 Hotel,
480 456 106 33 would
609 457 58 40 beg
684 464 31 27 to
732 458 88 33 draw
839 460 54 32 the

138 500 161 33 attention
323 501 35 33 of
383 501 193 36 Travellers,
602 503 137 34 Persons
764 505 131 40 visiting

137 543 55 33 the
210 545 134 35 district,
362 547 63 32 and
451 548 53 33 the
528 549 108 42 public
659 550 178 45 generally,
862 559 32 26 to

139 589 53 36 the
209 594 107 42 ample
332 593 63 34 and
413 595 196 36 convenient
619 597 167 36 character
800 599 34 33 of
840 599 54 35 the

136 639 247 33 accomodation
416 641 105 33 which
560 643 54 32 the
645 645 248 32 establishment

447 687 129 35 affords.

134 773 138 40 Board
287 776 82 39 and
385 779 163 48 lodging
576 810 17 8 ..
618 782 53 38 £1
687 792 73 37 per
781 784 113 37 week

135 820 221 36 Meals—at
371 820 54 37 all
440 823 170 37 hours—
784 825 39 37 Is
840 826 54 37 6d

135 858 108 40 Beds
856 868 39 38 Is

139 941 70 36 The
225 943 111 36 Table
354 945 65 36 will
437 947 35 34 be
489 947 106 36 under
604 948 55 37 the
671 948 104 37 direct
786 961 90 36 super-

137 988 105 34 vision
259 994 36 29 of
310 994 66 29 Mrs
393 996 35 28 A.

136 1077 173 39 Kextdoor
323 1091 31 25 to
371 1086 54 31 tht
444 1086 97 31 Hotel
554 1088 90 30 there
657 1088 26 30 is
697 1100 16 18 a
732 1089 86 38 large
832 1089 63 32 and

219 1128 226 38 commodious
476 1131 101 34 Room
603 1129 138 38 suitable
765 1133 49 35 for

284 1175 169 42 Meetings,
482 1178 110 33 Dance
618 1181 131 40 parties,

366 1222 294 41 Entertaiunients,

487 1270 52 33 &c.

132 1357 120 33 Wines
270 1371 64 19 and
353 1362 127 31 SpiitiTs
498 1373 38 21 of
553 1374 66 21 thk
638 1374 79 22 bkst
742 1376 151 25 quality.

176 1450 158 34 Marshall
358 1453 65 31 and
447 1455 197 41 Copeland's
664 1456 124 33 XXXX
812 1469 41 20 on

482 1507 64 36 tap.

376 1590 92 33 Good
493 1590 20 34 S
518 1590 133 43 tabling.

313 1683 51 34 All
383 1683 132 45 charges
532 1684 178 38 moderate.

351 1741 200 34 ANTONIO
572 1743 237 40 ACCOLINO,

658 1790 192 44 Proprietor.

301 5474 65 24 the
397 5466 114 35 Blood
541 5479 31 24 is
602 5480 66 24 the

126 5509 213 36 CLARKE'S
369 5512 339 39 WOKLD-FAMED
734 5520 150 33 BLOOD

128 5555 210 35 MIXTUKE
362 5558 27 33 is
412 5562 183 33 warranted
623 5570 33 27 to
679 5565 127 34 cleanse
829 5565 55 33 the

127 5602 95 34 blood
239 5602 82 44 fro,m
345 5604 43 34 all
410 5605 184 45 impurities
612 5610 86 34 from
720 5612 166 35 whatever

126 5660 95 22 cause
232 5650 131 40 arising.
411 5651 61 34 For
482 5652 158 44 Serefula,
652 5657 136 39 Scurvy,
804 5658 78 34 Skin

125 5701 64 26 and
202 5695 102 32 Blood
318 5695 160 41 Dismasts,
490 5699 65 31 and
566 5699 98 35 Sores
675 5704 37 31 of
720 5694 45 42 all
776 5704 107 39 kind*,

123 5740 43 35 iti
181 5739 110 35 effect*
307 5751 53 23 are
378 5743 208 34 marvellous.
633 5747 193 36 Thousands
850 5751 36 33 of

124 5787 229 34 testimonials.
400 5788 77 33 Sold
500 5790 31 31 in
552 5790 127 41 bottles,
697 5796 35 31 2s
754 5795 41 33 6d
819 5797 64 33 and

124 5832 147 36 llseaeh
288 5833 41 35 by
340 5832 165 36 Chemists
516 5836 66 34 and
592 5837 118 36 Patent
723 5840 159 37 Modicine

118 5879 151 36 Vendors
291 5880 219 44 everywhere.
567 5882 71 36 Sole
670 5885 212 47 Proprietors,

119 5929 74 35 The
224 5928 151 35 Lincoln
406 5938 67 25 and
513 5929 161 37 Midland
713 5933 169 39 Countiis

118 5974 101 35 Drug
237 5975 69 38 Co.,
325 5974 139 33 Lincoln
483 5976 164 42 England.

1079 183 224 50 SANDER
1329 191 32 45 &
1390 190 146 47 SONS'

927 233 404 55 EUCALYPTI
1379 246 303 48 EXTRACT.

972 334 176 40 (Deutsche
1181 339 86 35 Med.
1299 343 261 37 Wochenschrift
1591 350 89 40 1879)

931 377 129 42 Mosler,
1080 381 101 38 M.D.,
1193 384 164 39 Proftisor
1369 397 33 27 at
1412 391 55 34 the
1482 391 199 47 University,

930 424 203 42 Grtifswald,
1180 431 174 47 Germany,
1402 445 123 36 reports
1543 450 49 21 :
1615 442 67 31 The

930 471 173 45 Eucalypti
1130 475 134 36 Extract
1295 484 119 40 proved
1437 487 245 43 magnificently

929 520 176 33 successful
1144 523 31 32 in
1216 536 75 32 very
1338 541 108 22 severe
1484 536 196 33 contusions,

929 564 133 40 bruises,
1075 567 138 45 sprains,
1225 571 144 42 wounds,
1379 576 171 45 scalding,
1561 581 120 34 broken

929 611 75 40 ribs,
1016 615 63 32 and
1094 615 106 36 limbs.
1240 619 32 33 It
1284 622 184 38 effectually
1482 633 88 37 stays
1580 630 43 31 all
1634 630 30 31 in-

928 657 205 36 flammation
1152 664 62 31 and
1233 666 156 43 swelling.
1435 671 87 40 Also,
1547 675 54 33 the
1618 685 46 23 ser-

931 705 83 33 vices
1032 706 130 35 derived
1178 711 83 32 from
1272 713 26 32 it
1308 715 31 31 in
1358 716 43 32 all
1410 717 161 34 disorders
1583 721 35 32 of
1628 722 53 30 the

929 760 193 38 respiratory
1136 766 127 31 organs,
1277 770 35 21 as
1324 771 109 34 croup,
1447 762 171 45 diptheria,
1633 767 31 32 in-

928 798 205 35 flammation
1165 804 35 31 of
1222 804 55 33 the
1305 806 167 36 bronchial
1498 812 90 34 tubes
1618 813 61 32 and

932 844 103 40 lungs,
1053 847 132 35 chronic
1195 850 157 42 Jcatarrh,
1370 854 189 40 bronchitis,
1583 858 95 34 colds,

929 892 64 35 Ac,
1011 904 53 21 are
1082 900 57 28 not
1163 902 31 28 to
1217 897 38 34 be
1275 901 146 42 equalled
1440 903 41 43 by
1504 915 65 23 anv
1591 905 90 33 other

929 938 230 38 medicament.

964 995 157 47 Sander
1153 1002 82 42 and
1273 1004 114 44 Son's
1428 1007 214 58 Eucalypti

1220 1053 182 50 Extract.

971 1101 115 40 Lister,
1112 1104 102 39 M.D.,
1239 1107 174 41 Professor,
1447 1113 64 37 &c,
1536 1113 143 37 London,

929 1145 54 34 the
1004 1148 144 42 Leading
1171 1162 138 33 surgeon
1327 1156 35 32 of
1376 1157 53 34 the
1447 1166 129 35 present
1591 1162 87 35 time,

929 1193 106 34 stated
1051 1202 33 26 at
1100 1197 54 33 the
1171 1198 63 34 last
1254 1202 146 42 meeting
1415 1205 36 32 of
1468 1205 55 33 the
1547 1204 134 36 Clinical

931 1240 137 44 Society,
1078 1242 149 38 London,
1237 1258 35 21 as
1287 1247 171 44 published
1467 1253 31 31 in
1511 1252 168 35 Gaillard's

931 1287 137 37 Medical
1092 1291 149 42 Journal,
1258 1293 73 37 that
1346 1296 54 35 the
1423 1298 172 47 Eucalypti
1618 1298 40 35 Ex-

931 1344 80 27 tract
1027 1339 27 32 is
1070 1339 54 34 the
1141 1340 70 34 best
1226 1341 119 36 known
1369 1347 172 42 antiseptic
1559 1350 120 39 (means

929 1383 34 34 of
976 1387 191 43 preventing
1183 1390 240 42 putrefaction).

1016 1446 101 44 nder
1157 1448 82 43 and
1278 1449 116 45 Son's
1430 1452 216 58 Eucalpyti

1211 1500 182 48 Extract.

972 1553 184 35 (American
1175 1555 138 32 Medical
1327 1555 147 40 Journal,
1490 1560 189 32 November,

931 1598 189 42 1881).—In
1136 1599 141 36 diseases
1293 1602 35 33 of
1347 1601 55 36 the
1425 1602 132 45 kidney,
1581 1605 100 35 either

930 1646 103 33 active
1050 1648 187 38 congestion
1252 1659 36 21 or
1298 1652 207 41 suppression
1524 1652 153 43 (uraemia)

930 1693 41 34 all
988 1691 229 44 albuminuria,
1234 1695 130 45 dropsy,
1380 1696 151 38 lithiasis.
1550 1699 131 40 nothing

931 1740 64 32 will
1012 1741 95 40 equal
1123 1752 34 22 in
1173 1743 41 31 its
1227 1744 106 32 action
1352 1745 176 43 Eucalypti
1540 1747 138 34 Extract.

932 1785 114 36 Doses,
1077 1786 62 35 five
1168 1792 34 29 to
1232 1789 89 41 eight
1354 1790 97 45 drops
1479 1793 33 33 in
1548 1806 20 21 a
1601 1792 78 36 little

930 1833 182 34 sweetened
1142 1841 101 27 water
1272 1839 92 31 twice
1397 1849 37 23 or
1462 1840 91 34 three
1589 1842 92 33 times

929 1878 98 41 daily.

953 1934 157 48 Sander
1151 1939 82 46 and
1288 1940 115 48 Son's
1443 1943 216 59 Eucalypti

1219 1994 182 47 Extract.

973 2042 109 34 (From
1098 2044 171 35 American
1284 2047 137 35 Medical
1434 2048 148 39 Journal,
1595 2051 85 33 Jan..

931 2089 268 43 1882).-Pitzer,
1235 2093 101 35 M.D..
1364 2095 164 36 Professor
1557 2099 124 35 Tbeorv

929 2134 65 32 and
1011 2135 147 33 Practice
1172 2138 36 31 of
1222 2139 168 33 Medicine,
1406 2143 174 32 American
1594 2143 64 32 Med-

929 2178 63 35 ical
1007 2178 143 43 College,
1168 2192 75 33 says
1256 2182 86 35 :—lt
1357 2183 26 35 is
1396 2185 56 35 the
1467 2185 71 35 best
1551 2188 131 42 remedy

929 2225 120 33 known
1072 2225 33 34 in
1130 2228 269 42 typhomalarial,
1423 2234 137 40 typhoid
1586 2234 96 35 fever,

930 2272 185 43 erysipelas,
1127 2274 196 43 diphtheria,
1337 2278 115 32 scarlet
1467 2279 95 35 fever,
1576 2281 88 32 small-

931 2329 71 33 pox,
1020 2319 66 40 &c;
1110 2319 26 35 it
1158 2320 186 41 effectuallv
1361 2324 123 35 retards
1507 2325 55 34 the
1587 2326 78 35 disin-

930 2365 160 42 tegration
1127 2368 35 31 of
1187 2368 56 33 the
1274 2370 123 33 animal
1434 2371 106 35 fluid*,
1579 2375 102 32 which

931 2411 106 40 might
1051 2413 102 33 result
1169 2415 33 32 in
1223 2427 18 21 a
1264 2417 128 37 general
1416 2418 214 45 breaking-up
1653 2421 33 32 of

931 2458 55 32 the
1002 2458 96 33 blood
1114 2460 65 33 and
1194 2462 33 31 in
1246 2460 109 35 death.

955 2515 156 47 Sander
1158 2517 82 46 and
1282 2518 115 47 Son's
1446 2521 217 60 Eucalypti

1210 2571 182 48 Extract.

975 2623 111 35 (Frem
1128 2624 45 34 St.
1220 2626 98 32 Louis
1362 2628 139 35 Electric
1548 2630 133 35 Medical

932 2668 147 41 Journal,
1117 2670 90 38 Dec,
1247 2674 103 40 1881).
1363 2693 38 4 —
1412 2676 123 33 Cancer
1564 2677 34 33 of
1630 2676 53 35 the

933 2716 316 43 Tongue—Patient,
1269 2719 77 34 Mrs.
1517 2749 6 7 .
1541 2725 38 31 85
1592 2736 91 29 years

933 2761 63 35 old.
1055 2762 165 36 Evidence
1249 2765 35 34 of
1310 2768 177 34 serofulous
1519 2768 162 36 diathesis.

933 2809 186 34 Prescribed
1142 2811 73 33 four
1241 2813 96 42 drops
1354 2822 32 24 to
1409 2813 37 34 be
1469 2815 97 34 taken
1594 2817 89 32 three

932 2855 96 33 tiroes
1055 2855 88 36 daily
1162 2866 6 31 ;
1192 2856 78 42 aho,
1298 2862 119 39 tongue
1448 2861 116 34 wetted
1596 2862 87 33 three

933 2902 95 35 times
1079 2904 78 34 with
1208 2906 55 34 the
1312 2908 174 44 Eucalypti
1538 2909 143 36 Extract.

932 2949 137 33 Treated
1093 2962 35 21 as
1151 2952 100 33 above
1281 2953 51 32 for
1361 2954 71 33 four
1461 2955 117 39 weeks,
1604 2956 77 33 then

932 2994 190 41 discharged
1138 2999 108 32 cured.

975 3051 42 45 (J.
1057 3052 43 34 H.
1140 3053 143 45 Kuttley,
1331 3055 99 35 M.D..
1477 3058 96 38 Prof.,
1618 3060 64 38 &c,

932 3099 404 45 Philadelphia).—Since,
1352 3104 31 33 in
1409 3105 54 32 the
1483 3116 71 22 case
1578 3105 35 33 of
1634 3105 49 34 Mr

933 3145 134 40 Mercer,
1084 3146 35 32 of
1135 3147 139 42 Kerang.
1292 3149 72 32 who
1382 3149 62 33 had
1455 3149 81 35 been
1552 3150 130 35 advised

930 3192 43 33 bv
999 3192 56 34 the
1089 3193 139 36 Medical
1251 3196 122 33 officers
1400 3196 36 33 of
1452 3197 55 33 the
1538 3197 144 42 Bendigo

930 3237 151 44 Hospital
1100 3244 33 28 to
1149 3239 83 34 have
1249 3241 51 32 his
1317 3248 118 31 tongue
1446 3243 235 37 removed,like

929 3284 150 43 splendid
1095 3286 118 33 results
1230 3287 81 33 have
1322 3288 143 33 attained
1474 3290 139 42 through
1626 3290 54 33 the

929 3331 197 44 application
1143 3333 35 33 of
1189 3333 55 33 the
1260 3333 176 45 Eucalvpti
1455 3335 144 35 Extract.

952 3387 158 47 Sander
1150 3390 81 44 and
1280 3390 116 46 Son's
1443 3392 215 58 Eucalvpti

1209 3442 182 48 Extract.

969 3496 99 33 From
1091 3497 56 33 the
1171 3497 136 33 Clinical
1331 3499 136 37 Record,
1491 3501 35 30 of
1545 3502 133 38 August,

928 3541 104 43 1881).
1107 3542 146 43 Surgical
1291 3544 103 34 Clinic
1439 3545 35 33 of
1517 3546 162 36 Professor

929 3588 173 44 M'lntjre,
1141 3590 129 41 College
1307 3592 36 33 of
1383 3592 192 43 Physicians
1616 3595 60 33 and

928 3635 173 43 Surgeons,
1117 3637 47 34 St.
1179 3638 293 34 Louis—Seirrhus
1483 3641 36 31 of
1527 3640 150 35 Breast-

926 3683 155 33 Excision
1096 3693 7 23 :
1120 3684 176 44 Eucalypti
1312 3686 137 32 Extract
1464 3687 170 43 employed
1644 3700 33 21 as

925 3741 108 32 spray,
1065 3730 64 34 and
1159 3730 157 44 dressing.
1362 3731 102 42 Eight
1491 3732 79 43 days
1601 3735 77 33 after

924 3776 169 42 operation
1112 3777 181 33 Professors
1309 3778 109 32 Bauer
1433 3778 63 32 and
1516 3779 160 43 M'latyre

923 3822 98 33 noted
1066 3822 55 34 the
1164 3822 168 43 following
1374 3823 165 34 condition
1558 3834 49 24 :-
1629 3826 48 34 No

924 3869 156 42 swelling,
1097 3869 77 34 heat
1190 3883 36 21 or
1241 3870 238 35 discoloration,
1496 3884 80 22 near
1596 3886 34 21 or
1644 3874 33 33 in

924 3916 54 32 the
1001 3917 131 38 wound,
1157 3917 105 33 which
1287 3918 58 32 has
1362 3918 112 33 united
1498 3919 81 43 fully
1594 3932 6 27 ;
1624 3921 52 33 the

922 3962 126 42 patient
1063 3962 136 34 allowed
1215 3967 33 28 to
1264 3963 112 33 attend
1389 3968 31 28 to
1433 3963 58 33 her
1500 3965 176 34 household

922 4008 106 33 duties
1045 4009 107 40 again.

947 4064 157 47 Sander
1152 4066 82 45 and
1275 4066 115 46 Son's
1438 4066 217 62 Eucalypti

1202 4119 181 43 Extract.

966 4170 149 39 (Clinical
1146 4171 136 39 Record,
1315 4172 88 45 Sept.
1436 4176 240 44 1880).—The

921 4220 173 32 American
1131 4219 139 34 medical
1307 4221 178 41 profession
1522 4238 82 25 uses,
1643 4228 33 32 in

921 4264 205 43 gonorrhoea,
1152 4276 34 21 as
1202 4276 42 21 an
1268 4266 167 41 injection,
1453 4281 41 21 an
1517 4274 159 33 emulsion

920 4309 36 33 of
983 4321 61 21 one
1068 4320 103 23 ounce
1195 4321 77 32 gum
1300 4311 128 40 Arabic,
1453 4315 35 33 in
1515 4320 41 32 30
1582 4332 36 21 or
1637 4318 40 34 40

920 4367 121 23 ounces
1057 4356 36 33 of
1105 4360 110 33 water,
1233 4356 129 44 applied
1378 4358 73 35 four
1467 4363 96 35 times
1579 4367 96 42 daily.

920 4402 101 41 Eight
1046 4402 97 41 drops
1165 4402 97 40 given
1279 4403 170 42 inwardly,
1474 4421 80 24 once
1578 4413 98 41 daily,

919 4452 154 38 prevents
1089 4448 185 42 effectually
1291 4453 259 37 contamination
1568 4459 36 33 of
1622 4459 55 32 the

919 4493 97 36 blood
1033 4494 35 32 in
1084 4493 68 33 foul
1170 4494 134 34 disease.

1126 4606 346 38 CAUTION.

943 4661 158 47 Sander
1147 4663 83 45 and
1271 4664 116 47 Son's
1436 4668 219 61 Eucalypti

1201 4715 182 52 Extract.

962 4769 60 40 (St.
1041 4770 99 31 Louis
1157 4771 137 31 Clinical
1314 4774 134 37 Record,
1465 4776 88 38 Jan.,
1572 4781 58 38 188'
1630 4781 45 38 i).

919 4813 188 41 —Hazard,
1128 4814 90 34 M.D.
1243 4815 85 36 Prof,
1353 4818 36 34 of
1408 4819 181 50 Pathology
1611 4825 63 34 and

919 4861 152 32 Diseases
1097 4861 36 32 of
1152 4861 55 33 the
1232 4863 103 40 Mind,
1360 4870 100 30 states
1477 4878 6 21 :
1510 4870 56 33 We
1593 4871 82 33 have

919 4904 173 35 examined
1110 4905 71 36 half
1193 4918 19 23 a
1228 4908 103 35 dozen
1348 4911 183 37 sotciraens
1554 4916 36 34 of
1609 4917 42 35 Eu-

919 4953 122 43 calypti
1051 4954 146 35 Extract.
1229 4957 153 34 Sander's
1391 4964 208 38 preparation
1609 4978 66 20 was

919 4998 54 32 the
1013 4998 78 43 only
1133 5011 61 22 one
1240 5001 104 35 which
1388 5009 211 42 corresponds
1643 5016 32 29 to

919 5045 158 33 scientific
1095 5051 90 29 tests.

961 5091 67 33 Our
1058 5094 206 43 preparation
1293 5096 28 33 is
1346 5095 56 34 the
1430 5098 77 45 only
1535 5102 141 47 existing

918 5138 132 34 volatile
1074 5146 134 34 extract,
1231 5142 66 35 free
1321 5144 36 33 of
1368 5144 44 34 all
1434 5148 146 35 resinous
1603 5163 52 31 par-

919 5185 101 32 tisles.
1065 5185 52 33 All
1135 5186 93 33 other
1244 5190 224 42 preparations
1484 5193 35 32 of
1539 5195 53 33 the
1609 5197 42 34 Ex-

918 5231 161 44 calyptus,
1096 5243 42 22 no
1155 5239 120 29 matter
1291 5235 106 35 where
1414 5239 258 42 manufactured,

918 5288 53 24 are
1004 5277 108 43 crude,
1141 5280 148 36 resinous
1318 5282 71 42 oils,
1416 5284 164 49 irritating
1609 5292 63 34 and

918 5325 178 39 blistering,
1128 5328 110 33 rather
1268 5341 135 28 causmg
1430 5332 242 40 inflammation

918 5369 80 34 than
1028 5371 131 43 staying
1188 5372 36 41 it,
1257 5374 64 34 and
1352 5375 35 34 of
1405 5378 65 33 real
1500 5378 123 43 danger
1650 5383 27 35 if

917 5418 190 41 erronously
1122 5419 129 43 applied
1263 5421 34 33 in
1308 5422 107 34 throat
1427 5423 140 38 diseases
1578 5430 52 33 Ac.

961 5462 50 32 No
1040 5462 117 34 bottles
1173 5467 140 39 genuine
1336 5472 112 39 except
1470 5470 92 37 those
1594 5456 76 53 with

917 5507 101 34 labels
1049 5508 134 44 bearing
1206 5522 59 23 our
1290 5512 166 42 signature
1486 5519 64 34 and
1582 5523 89 34 trade

917 5554 104 39 mark,
1052 5555 65 33 and
1147 5558 132 33 secured
1309 5560 127 35 outside
1473 5565 79 34 with
1594 5569 78 42 pink

917 5613 148 33 wrapper
1074 5602 64 33 and
1150 5614 98 29 green
1258 5604 98 42 band,
1368 5607 55 35 the
1432 5609 96 37 latter
1539 5612 133 48 bearing

916 5660 60 22 our
990 5648 141 34 location
1147 5649 64 33 and
1228 5651 176 43 signature.

958 5696 186 33 Directions
1159 5695 50 34 for
1223 5707 58 23 use
1296 5699 79 34 with
1392 5701 80 34 each
1488 5703 113 37 bottle.

972 5787 255 34 SANDER
1270 5790 122 35 AND
1437 5795 179 47 SONS,

1114 5834 195 44 Sandhurst,
1326 5837 155 39 Victoria.

972 5929 290 37 DUNCAN
1329 5933 286 52 M'LEAN,

1112 5987 115 45 Agent,
1248 5990 215 45 Greymouth.

2048 200 94 33 THE

1717 288 367 75 LYBLL
2133 296 339 75 TIMES

1855 426 207 36 Newspaper
2083 440 66 23 and
2175 432 161 34 General

1738 517 98 45 JOB
1891 519 281 46 PRINTING
2233 522 215 57 OFFICE,

1855 620 116 38 Cliff
2009 620 154 48 Street,
2194 623 136 38 Lykli..

1719 806 438 54 LETTER-PRESS
2184 814 288 48 PRINTING

1838 1013 152 35 EVKRY
2044 1018 302 35 DESCRIPTION

1715 1195 249 41 NEATEST
1987 1201 168 40 STYLE
2184 1204 33 38 <fe
2241 1206 231 40 NEWEST

1968 1286 252 43 DESIGNS.

1715 1466 206 36 BALANCE
1947 1471 175 36 SHEETS

1797 1560 112 34 CALL
1933 1564 254 37 CIRCULARS

1878 1656 223 37 BUSINESS
2124 1661 256 38 CIRCULARS

1961 1752 174 37 MINING
2159 1757 127 34 SCRIP

2045 1847 196 37 RECEIPT
2265 1853 143 34 BOOKS

2195 1943 277 40 BILL-HEADS

1799 2027 228 44 Prospectuses

1881 2123 176 34 Handbills

1963 2215 156 36 Business
2135 2220 101 34 Cardi

2171 2311 99 35 Show
2286 2314 102 34 Cards

1819 2397 74 33 And
1910 2410 98 29 erery
2023 2401 92 35 other
2131 2404 198 46 description
2346 2411 30 30 of

1717 2486 169 76 JOB
1992 2492 480 74 PRINTING

2027 2617 41 23 OK
2097 2618 65 24 THK

1886 2697 230 37 SHORTEST
2140 2702 166 36 NOTICE

2026 2805 65 22 AXD
2124 2806 40 24 AT

1751 2879 363 56 WESTPORT
2194 2888 242 55 PRICES.

1931 3090 47 34 lo
2006 3091 246 39 Advisutiskri.

1718 3166 42 35 As
1791 3180 41 23 an
1863 3170 208 45 Advertising
2097 3173 146 37 Mtdium
2273 3177 54 35 the
2358 3178 113 36 Lyell

1716 3230 106 33 Times
1838 3233 26 32 is
1880 3243 62 23 one
1957 3235 37 32 of
2006 3235 54 32 the
2071 3236 69 34 best
2155 3239 32 32 in
2200 3239 54 33 the
2273 3250 198 36 up-country

1717 3292 152 42 districts,
1885 3295 42 33 its
1939 3296 191 36 circulation
2147 3300 97 44 being
2262 3302 86 43 large
2365 3304 35 34 in
2417 3305 54 35 the

1715 3354 164 44 following
1915 3359 169 44 places:—
2085 3362 179 46 Township
2297 3366 36 33 of
2366 3368 105 43 Lyell,

1715 3417 177 38 Zalatown,
1905 3421 95 43 Lyell
2013 3423 113 40 Creek,
2142 3425 80 34 New
2233 3427 112 42 Creek,
2358 3429 113 47 Upper

1718 3481 119 40 Buller,
1855 3485 83 33 Fern
1957 3487 85 39 Flat,
2060 3490 133 33 Central
2209 3492 125 39 Buller,
2361 3495 108 33 Lon*-

1714 3544 81 40 ford,
1815 3546 198 44 Murchboo,
2047 3551 206 42 Matakitaki,
2271 3555 199 46 laangahua

1712 3608 167 37 Junction.
1911 3612 173 46 Westport,
2112 3617 150 41 lieefton,
2291 3621 65 34 and
2378 3622 93 35 other

1712 3678 124 27 centres
1873 3676 36 31 of
1947 3679 192 42 population
2187 3694 42 22 on
2276 3685 56 33 the
2379 3686 92 35 West

2034 3742 108 35 Coast.

1932 3899 46 33 Te
2007 3902 239 38 Subscribers.

1712 3972 68 33 The
1797 3973 111 36 Lyell
1925 3977 106 35 Times
2056 3983 149 34 contains
2221 3986 55 34 the
2293 3986 96 37 latest
2405 3989 65 35 and

1752 4044 85 26 most
1866 4040 133 34 reliable
2029 4054 89 24 news
2148 4048 32 31 of
2219 4049 45 32 all
2300 4054 129 43 mining

1793 4107 137 29 matters
1951 4104 34 33 in
2001 4106 56 34 the
2084 4107 93 45 Lyell
2192 4113 65 32 and
2275 4114 112 44 Upper

1814 4164 112 35 Buller
1942 4166 152 38 Districts
2110 4172 65 34 and
2203 4173 54 35 the
2275 4175 91 36 West

1834 4230 98 33 Coast
1938 4234 168 43 generally
2114 4237 230 41 tog®therwith

1855 4291 43 32 all
1921 4295 130 39 general
2069 4307 89 23 new*
2173 4299 37 32 of
2235 4311 65 22 com-

1874 4356 133 33 mercial
2023 4356 198 46 imporance,
2239 4363 65 33 and

1899 4419 27 32 is
1937 4419 158 36 therefore
2104 4434 19 21 a
2130 4424 151 35 valuable

1916 4493 113 23 source
2053 4485 37 32 of
2112 4493 150 28 accurate

1931 4542 211 39 information
2151 4553 33 28 to
2192 4549 56 34 the

1958 4608 130 42 mining
2099 4612 24 32 &
2135 4622 62 23 mer-

1978 4673 117 33 cantile
2112 4685 64 23 com-

2005 4720 166 34 munities.

1710 4867 69 32 The
1794 4868 108 32 Times
1917 4869 26 32 is
1966 4871 174 42 published
2163 4887 99 32 everj
2289 4878 175 45 Saturday,

2007 4948 34 31 at
2056 4946 18 34 7
2090 4958 77 22 a.m.

1709 5099 118 34 Orders
1838 5099 50 35 for
1899 5099 64 35 Job
1974 5100 150 47 Printing:
2135 5113 38 24 or
2183 5104 282 40 Advertisements

1707 5164 43 43 by
1764 5168 74 39 post
1852 5176 36 22 or
1903 5165 166 43 telegraph
2096 5167 68 34 will
2189 5171 123 34 receive
2334 5180 132 37 prompt

2002 5228 172 37 attention.

1711 5396 164 75 The
1919 5397 234 93 Lyell
2200 5401 263 77 Times

1746 5659 210 35 CENTRAL
1993 5661 186 35 BULLER
2216 5663 206 38 GAZETTE

1998 5781 173 28 •EXKKAL

1703 5878 104 49 JOP
1868 5879 289 50 PRINTING
2229 5883 231 63 OFFICE,

1869 6000 133 35 CLTFF
2033 6002 73 39 ST.,
2139 6004 158 36 LYELL.

2612 221 101 40 THE
2739 219 165 40 STAMP
2931 223 103 49 ACT,
3066 226 97 39 1875.

2512 338 56 66 Q
2581 336 482 43 AUTlON.—Transferors
3080 343 68 36 and
3160 350 100 33 trans

2623 390 51 35 fer
2695 392 71 33 fees
2785 390 34 35 in
2836 391 78 44 fold
2938 392 134 45 mining
3085 397 65 34 and
3166 398 103 36 other

2509 442 200 50 eompahies
2742 441 69 37 and
2845 444 165 36 societies
3041 461 58 23 are
3131 451 137 38 warned

2509 496 132 40 against
2673 505 190 37 executing
2893 509 63 32 any
3000 498 214 40 instrument
3234 503 39 37 t»f

2508 548 70 35 sale
2598 560 38 23 or
2657 550 154 33 transfer
2833 560 117 24 uniess
2967 550 60 37 the
3040 563 101 26 came
3156 560 33 30 of
3210 555 59 38 the

2511 600 189 47 purchaser
2735 613 38 24 or
2812 602 198 40 transferee
3052 602 28 40 is
3113 610 156 37 inserted

2509 653 136 35 therein
2681 661 37 27 at
2756 666 40 22 or
2828 656 119 34 before
2982 658 60 33 the
3080 669 186 27 execution

2511 706 142 39 thereof,
2678 719 19 24 a
2718 706 187 37 maximum
2940 709 143 44 penalty
3103 713 38 35 of
3167 713 101 35 £IOO

2511 757 106 35 under
2665 759 133 34 section
2845 760 76 42 103,
2967 761 102 45 being
3105 762 161 38 incurred

2509 810 157 44 thereby.
2721 811 77 47 Any
2815 813 84 34 s*u<*h
2914 814 228 46 instrument,
3159 830 93 23 more

2509 874 96 29 over,
2623 874 37 22 so
2678 861 120 46 signed
2819 863 29 37 is
2879 866 201 49 absolutely
3101 868 76 37 void
3198 869 68 37 and

2511 915 226 46 inoperative,
2769 919 67 34 and
2866 919 83 35 does
2977 926 61 29 not
3059 922 116 35 divest
3208 922 60 35 the

2511 971 193 35 transferor
2723 973 33 33 of
2793 969 50 38 his
2860 971 149 38 interest
3029 973 151 46 therein,
3198 974 69 39 and

2509 1020 42 36 he
2570 1022 148 34 remain**
2740 1024 103 34 liable
2863 1027 145 32 thereon
3030 1039 37 20 as
3087 1027 28 34 if
3142 1029 40 32 he
3203 1029 63 34 had

2509 1085 104 25 never
2633 1073 163 48 disposed
2818 1078 33 33 of
2886 1074 60 37 the
2966 1091 105 23 same.
3140 1077 31 38 Il
3209 1079 59 36 the

2509 1129 195 32 transferor
2739 1129 40 33 be
2798 1140 19 22 a
2850 1127 154 37 licensed
3033 1129 236 38 sharebroker

2509 1177 51 36 bis
2580 1176 129 39 license
2744 1179 28 36 is
2806 1181 165 37 forfeited
3003 1196 43 22 on
3067 1183 201 37 conviction

2507 1232 65 34 and
2594 1229 188 40 thereafter
2815 1234 40 35 he
2874 1234 29 36 is
2932 1234 219 50 disqualified
3184 1236 90 37 from

2507 1284 119 44 actiug
2657 1297 36 22 as
2728 1298 18 23 a
2767 1286 128 36 broker
2914 1300 39 23 or
2984 1292 86 32 from
3109 1289 122 47 having
3255 1304 20 21 a

2509 1336 91 38 fresh
2622 1336 131 40 iicense
2767 1340 114 37 issued
2904 1349 35 28 to
2956 1341 79 39 him.

2602 1469 301 38 POSTAGE
2955 1473 222 36 KATES.

2733 1615 106 27 TOWN
2870 1616 174 28 LISTTBRS.

2559 1655 127 38 Posted
2719 1665 37 29 at
2784 1671 65 34 any
2886 1659 84 35 Post
3005 1659 109 37 Office
3151 1661 123 39 within

2508 1720 58 37 the
2585 1722 122 49 colony
2730 1724 52 35 for
2802 1723 154 50 delivery
2975 1733 35 29 at
3030 1740 38 22 or
3081 1726 89 38 from
3186 1728 86 37 such

2510 1783 84 39 Post
2615 1785 110 39 Office
2747 1799 54 24 :

2510 1853 69 38 Not
2596 1856 193 46 exceeding
2808 1856 72 38 half
2898 1871 42 24 an
2962 1872 114 24 ounce
3140 1891 36 7 ...
3234 1862 42 36 Id

2513 1908 196 45 Kxceeding
2728 1909 70 36 half
2817 1923 43 23 an
2881 1923 124 33 ounce,
3036 1915 63 34 but
3118 1921 64 28 not

2552 1963 193 43 exceeding
2764 1976 68 23 one
2851 1976 115 25 ounce
3140 1999 35 6 ...
3231 1968 45 36 2d

2512 2014 65 37 feVr
2594 2027 105 35 every
2723 2015 69 36 half
2811 2029 114 24 ounce
2944 2030 82 25 over
3045 2031 67 25 one
3142 2051 36 7 ...
3237 2022 40 35 Id

2703 2094 175 28 COUNTRY
2898 2096 175 30 LETTERS.

2556 2136 127 34 Posted
2704 2145 36 25 at
2759 2149 66 31 any
2858 2143 80 37 post
2955 2138 100 36 office
3075 2141 121 35 within
3218 2143 61 35 the

2507 2197 123 47 colony
2667 2197 54 37 for
2759 2195 157 50 delivery
2949 2204 37 31 at
3018 2212 39 24 or
3090 2202 88 37 from
3210 2215 69 38 any

2506 2260 103 35 other
2624 2268 77 38 post
2716 2258 99 38 office
2838 2260 120 38 within
2980 2262 61 36 the
3058 2266 125 47 colony
3198 2281 56 22 :

2509 2327 73 37 Not
2601 2328 194 45 exceeding
2813 2328 72 38 half
2904 2343 43 24 an
2968 2344 114 26 ounce

2511 2382 199 46 Exceeding
2730 2382 71 36 half
2818 2395 44 23 an
2882 2396 124 35 ounce,
3027 2386 63 38 but
3119 2393 63 32 not

2553 2436 192 45 exceeding
2761 2448 67 23 ouo
2846 2448 115 26 ounce

2509 2485 69 36 For
2611 2498 104 35 every
2747 2486 75 38 half
2853 2500 115 26 ounce
2996 2504 85 24 aver
3116 2505 67 25 one

2554 2551 115 25 ounce
2763 2571 36 7 ...
2952 2574 37 8 ...
3141 2578 35 6 ...
3231 2549 8 35 \

2662 2632 236 29 AUSTRALIAN
2926 2636 197 28 COLONIES.

2512 2692 72 38 Not
2601 2695 193 47 exceeding
2815 2697 75 38 half
2911 2711 43 24 an
2975 2712 114 26 ounce
3140 2734 37 10 ...
3230 2704 45 38 2d

2514 2747 195 48 Exceeding
2729 2748 75 37 half
2829 2764 45 23 an
2893 2764 124 34 ounce,
3039 2754 63 37 but
3122 2763 60 29 Hot

2554 2803 193 45 exceeding
2765 2816 67 25 one
2851 2817 114 27 ounce
3140 2842 35 7 ...
3229 2811 47 39 4d

2510 2852 68 36 For
2611 2866 101 36 every
2747 2854 74 36 half
2852 2869 114 24 ouuee
3001 2871 83 24 ever
3115 2873 67 25 ene

2554 2921 115 26 ounce
2761 2940 38 10 ...
2949 2944 37 9 ...
3137 2949 36 8 ...
3227 2921 3 36 ;

2535 2998 172 27 ENGLAND
2734 3000 75 25 AND
2836 3001 168 28 FOEBIGN
3022 3003 223 32 COUNTBIEB.

2720 3074 69 39 Per
2806 3076 94 37 Half
2928 3076 137 41 Ounce.

2513 3126 130 38 United
2669 3128 189 47 Kingdom,
2891 3132 53 35 via
2973 3136 68 32 Sau
3069 3133 110 37 Fran-

2554 3193 92 24 Cisco
2665 3180 68 39 and
2761 3185 89 35 Sue*
3139 3213 38 9 ...
3230 3193 9 34 (

2514 3233 129 37 United
2679 3236 119 36 State*
2833 3236 39 36 of
2912 3237 176 47 America,
3130 3242 53 36 via

2554 3287 68 34 San
2645 3286 193 39 Francisco
3142 3323 37 9 ...
3232 3300 7 30 (

2508 3339 183 36 Sandwich
2711 3339 153 48 Islands,
2894 3342 53 37 via
2982 3342 68 38 San
3071 3343 88 39 Fran-

2554 3403 94 24 citco
2951 3426 34 8 ...
3139 3429 35 8 ...
3229 3405 10 33 (

2509 3441 179 40 Canadian
2735 3443 224 52 Dominions,
3003 3448 55 39 via
3113 3450 69 41 San

2556 3497 193 38 Francisco
2951 3534 36 6 ...
3140 3537 35 7 ...
3230 3510 27 34 g,

2511 3549 130 38 British
2663 3551 190 40 Columbia

2512 3603 100 38 West
2632 3603 122 39 Indies

2508 3657 153 45 Mexico,
2680 3658 54 38 via
2749 3660 69 38 San
2842 3661 194 41 Franeiisto
3137 3697 36 9 ...
3239 3678 7 24 j

2507 3710 147 37 Central
2678 3712 165 39 America
3137 3750 35 8 ...
3236 3721 12 37 ]

2507 3764 111 44 South
2638 3765 175 46 America,
2830 3767 56 38 via
2900 3770 68 36 San
2988 3770 188 40 Francisco
3236 3778 38 34 Is

2764 3847 263 30 nhwspapkrs.

2511 3903 126 38 Posted
2672 3917 20 24 a
2740 3919 69 32 any
2841 3908 99 38 office
2974 3910 122 38 within
3125 3912 60 37 the

2552 3957 124 48 colony
2697 3967 56 27 lor
2771 3960 155 49 delivery
2946 3968 37 30 at
3010 3962 61 38 the
3088 3977 96 25 same

2552 4008 100 38 office
2952 4047 34 7 ...
3138 4044 40 10 ...
3229 4020 43 46 £d

2507 4061 130 38 Posted
2669 4073 36 26 at
2735 4077 70 37 any
2838 4064 99 40 office
2968 4068 125 38 within
3121 4071 61 38 the

2551 4117 125 46 colony
2697 4118 54 35 for
2770 4118 154 48 delivery
2944 4128 38 29 at
2996 4135 68 35 any
3080 4123 104 39 other

2551 4165 99 40 office
2669 4169 119 37 within
2810 4170 59 37 the
2888 4173 128 48 colony
3142 4209 36 8 ...
3232 4180 46 46 £d

2506 4219 205 40 Australian
2730 4223 169 39 Colonies
3144 4264 34 6 ...
3239 4235 38 37 Id

2505 4271 134 37 United
2665 4273 181 48 Kingdom
3140 4315 36 7 ...
3234 4287 41 36 id

2695 4351 66 40 Vi\
2780 4357 68 35 San
2880 4355 208 43 Franciseo.

2504 4412 133 38 United
2661 4417 119 37 States
2799 4421 35 34 of
2854 4422 168 39 America
3140 4459 36 9 ...
3233 4431 43 37 Id

2504 4466 183 36 Sandwich
2711 4469 137 37 Islands
3232 4485 42 35 Id

2504 4516 177 38 Canadian
2705 4519 214 41 Dominions
3229 4534 46 37 2£

2509 4566 128 38 British
2661 4570 189 42 Columbia
3228 4588 47 37 2d

2509 4619 98 38 West
2627 4621 124 40 Indies
3226 4641 46 35 2d

2504 4671 143 38 Mexico
3227 4694 43 16 oj

2506 4724 24 17 ,-y
2639 4725 7 7 ,
2680 4728 6 4 .
2782 4730 6 6 .
3136 4720 35 8 •••
3227 4709 45 21 *-u

2503 4732 145 31 Central
2669 4732 164 37 America
3227 4744 45 39 2d

2502 4777 113 37 South
2636 4782 186 37 Amerrica
3227 4798 45 34 2d

2738 4863 100 27 BOOK
2866 4867 166 28 PACKETS

2506 4920 126 40 Posted
2662 4931 38 28 at
2728 4936 68 40 any
2827 4928 99 38 office
2959 4933 122 36 within
3117 4934 60 40 the

2547 4976 125 48 colony
2692 4977 55 35 for
2765 4981 156 44 delivery
2938 4993 37 26 at
2994 4986 61 35 the
3069 5001 107 32 same,

2547 5026 122 39 within
2707 5028 61 38 the
2803 5031 138 51 colony,
2977 5034 61 39 the
3081 5039 69 39 Aus-

2546 5080 129 37 tralian
2695 5082 166 45 -olonie?,
2878 5099 40 22 or
2947 5087 62 37 the
3039 5089 137 42 United

2547 5130 182 45 Kingdom
2831 5169 35 8 ...
2969 5141 63 39 loz
3133 5178 37 9 ...
3226 5152 45 38 id

2594 5186 57 36 Do
2829 5219 36 8 ...
2966 5195 65 35 2oz
3224 5205 46 37 2d

2596 5237 31 38 D
2631 5251 19 26 °
2830 5273 35 9 -.
2968 5245 59 45 ilb
3132 5283 35 8 ...
3222 5257 47 37 4d

2507 5344 21 18 „
2594 5291 33 37 D
2631 5305 19 25 °
2971 5299 57 39 llb
3131 5310 55 36 •••'
3222 5311 46 37 8d

2503 5344 113 49 Every
2650 5347 194 37 additional
2873 5353 132 43 pound,
3022 5367 41 23 or
3081 5357 76 38 frac-

2545 5394 113 42 tional
2673 5405 79 44 part
2770 5402 35 35 of
2824 5414 20 24 a
2864 5404 122 46 pouud
3226 5416 45 38 gd

2700 5479 68 37 Via
2785 5480 69 38 San
2876 5480 204 45 Francisco.

2500 5550 134 40 United
2670 5553 130 42 States,
2831 5569 106 36 every
2975 5559 58 43 Jib
3135 5596 35 8 ...
3224 5572 47 35 4d

2499 5604 182 40 Sandwich
2698 5606 141 39 islands
2984 5642 19 10 ~
3222 5625 22 24 ±
3248 5639 6 13 (
3257 5624 13 20 i

2500 5658 178 39 Canadian
2700 5659 211 42 Dominions
2986 5695 20 17 „
3221 5677 50 37 £d

2503 5708 129 38 British
2655 5712 188 40 Columbia
3224 5731 45 34 gd

2505 5760 100 40 West
2622 5762 127 38 Indies
3239 5783 22 17 «
