3550 4580
94 181 89 36 brin.o:
197 180 79 30 back
291 183 31 26 to
333 190 35 19 us
378 181 141 31 shadows
531 184 33 29 of
575 184 52 31 the

93 223 82 28 faces
191 221 34 29 of
246 231 54 20 our
329 221 119 31 friends
463 224 70 29 that
547 225 79 31 have

92 262 109 39 passed
216 272 89 29 away
333 264 61 27 and
410 272 90 20 cause
529 275 37 19 us
594 269 33 25 to

93 303 100 34 think,
210 303 130 29 without
354 303 202 42 diminishing
571 316 57 19 our

93 345 141 38 pleasure
243 345 69 29 that
322 355 45 20 we
378 349 43 32 to,
432 346 61 29 will
504 355 74 22 soon
590 349 38 29 be

94 395 32 19 as
138 385 82 38 they,
236 386 99 38 living
345 388 72 38 only
427 388 31 28 in
469 387 53 29 the
534 398 93 19 mem-

95 435 53 29 ory
167 426 32 27 of
214 435 57 19 our
288 427 130 38 friends.

157 466 65 30 The
272 468 122 38 coming
458 467 169 31 Christmas

94 507 109 29 should
222 507 34 29 be
271 512 31 24 to
320 518 33 19 us
363 519 33 19 as
407 519 18 19 a
439 510 189 39 community

95 560 36 18 an
150 549 164 39 unusually
329 550 105 38 bright
460 560 57 19 one
545 550 83 30 what

95 590 72 28 with
195 592 110 36 sports,
332 594 149 32 concerts,
511 592 117 29 cricket

94 630 146 36 matches,
258 630 93 28 social
371 632 179 37 gatherings
566 632 60 27 and

93 670 214 30 innumerable
322 671 103 29 school
447 673 107 33 treats,
582 680 46 20 we

95 712 79 30 shall
196 712 78 31 have
290 712 140 39 pleasure
458 712 122 39 enough
595 712 32 30 in

96 754 39 29 all
159 753 174 30 conscience
349 754 60 29 and
424 764 45 19 we
491 753 79 38 hope
596 756 30 27 to

96 805 49 18 see
161 793 40 30 all
218 797 86 26 enter
319 794 133 39 heartily
480 794 67 28 into
576 793 52 28 the

48 835 102 29 •fcfun
166 835 148 38 provided
329 835 75 28 with
429 833 54 30 the
512 833 116 30 certain

95 875 181 39 knowledge
303 875 70 28 that
387 875 100 30 desire
511 879 32 26 to
558 874 70 41 give

94 916 140 37 pleasure
248 919 34 25 to
298 915 104 30 others
418 917 26 28 is
458 916 52 29 the
526 919 102 26 surest

94 955 125 30 method
248 955 34 29 of
306 956 121 38 getting
449 956 108 39 plenty
580 956 48 29 for

95 996 168 29 ourselves-'.'
300 995 39 30 In
363 996 177 30 conclusion
557 997 71 29 dear

95 1037 132 35 readers,
251 1038 51 29 the
318 1037 118 35 Editor,
463 1037 61 30 and
553 1038 75 29 Pro-

94 1079 117 38 prietor
240 1079 31 29 of
299 1079 54 29 the
376 1078 154 30 Observer
552 1077 76 31 wish

94 1129 60 29 you
166 1119 41 29 all
222 1130 19 18 a
256 1119 103 40 Merry
384 1118 168 30 Christmas
568 1119 60 29 and

96 1172 18 18 a
129 1160 115 40 Happy
262 1160 76 30 New
352 1160 92 30 Year.

144 1354 98 23 WEST
271 1353 138 24 OXFORD
436 1353 141 24 SCHOOL.

191 1405 168 16 DISTBIBUTION
382 1406 29 15 OF
434 1404 93 17 PHIZES.

129 1483 51 24 Our
193 1483 194 28 Correspondent
398 1483 110 25 received
520 1491 14 17 a
547 1485 83 23 court-

96 1529 59 16 eous
167 1522 140 28 invitation,
331 1524 26 21 to
385 1522 101 24 witness
508 1521 44 24 the
580 1521 49 24 dis-

95 1559 119 24 tribution
226 1559 26 24 of
262 1559 83 25 Prizes
357 1559 26 24 to
400 1559 42 24 the
467 1558 114 25 Scholars
605 1558 27 25 of

98 1599 40 24 the
156 1599 69 25 West
249 1599 92 25 Oxford
370 1598 91 27 School
482 1606 32 17 on
538 1598 91 32 Friday

97 1639 61 24 14th
169 1639 59 24 inst.
265 1639 49 24 The
343 1639 84 24 Prizes
444 1646 63 17 were
529 1638 101 25 handed

97 1679 25 22 to
143 1677 42 24 the
198 1677 130 24 successful
352 1677 156 31 competitors
542 1677 22 24 A
586 1676 43 25 list

96 1715 26 24 of
131 1715 82 24 which
225 1722 102 24 appears
338 1715 79 25 below
429 1716 29 30 by
476 1715 41 25 the
541 1715 87 25 Chair-

96 1763 59 15 man
183 1755 27 24 of
235 1756 44 23 the
302 1755 147 25 Commi'utee
465 1755 9 33 (
484 1756 40 24 Mr
547 1755 32 25 G.
603 1756 25 24 J.

97 1793 128 33 Webster)
246 1794 94 25 Messrs
367 1794 80 25 Munu
470 1795 49 24 and
547 1795 83 25 Wratt

96 1831 73 32 being
181 1831 52 25 also
246 1833 107 30 present,
363 1833 62 24 With
437 1833 82 25 whom
527 1833 50 24 and
589 1833 41 24 the

97 1872 94 24 Master
203 1880 44 17 our
260 1873 198 30 Correspondent
475 1873 48 25 had
534 1881 15 17 a
561 1873 69 25 short

95 1912 81 30 gossip
188 1912 49 24 and
249 1920 49 16 was
310 1914 99 23 assured
433 1913 33 31 by
484 1913 68 23 them
574 1913 57 24 that

96 1950 43 23 the
153 1949 89 25 School
253 1950 50 23 had
315 1950 72 24 made
399 1950 164 24 considerable
575 1959 54 22 pro-

97 1997 66 23 gress
174 1988 27 25 in
224 1990 43 24 the
289 1990 96 24 various
409 1990 105 31 subjects
541 1990 90 31 taught

96 2027 90 30 during
198 2027 42 24 the
252 2029 56 29 past
319 2035 68 23 year.
423 2028 53 25 The
486 2029 64 29 Eoll,
561 2030 70 24 when

96 2067 130 30 compared
238 2067 59 24 with
309 2068 48 24 last
369 2076 58 24 year
438 2070 80 24 shows
527 2077 15 17 a
555 2070 76 31 slight

96 2105 87 31 falling
195 2106 35 23 off
249 2106 27 24 in
299 2106 114 25 numbers
434 2108 131 32 attending
588 2108 43 25 the

99 2143 98 30 School,
210 2146 26 22 to
254 2144 29 25 be
308 2146 136 24 accounted
477 2146 38 25 for
538 2147 27 24 in
582 2148 49 24 two

98 2192 75 23 ways,
186 2183 55 26 first
253 2193 69 16 some
333 2185 105 26 families
449 2186 63 25 have
535 2187 43 25 left
589 2187 42 25 the

96 2224 105 24 District
223 2225 50 24 and
301 2227 98 28 second,
429 2234 69 17 some
526 2227 104 25 Parents

96 2264 106 24 afflicted
214 2265 61 24 wifeh
294 2274 66 16 some
383 2267 163 31 inexplicable
567 2267 63 26 local

96 2305 186 31 idiosyncrasies
310 2306 78 31 prefer
416 2310 26 22 to
470 2307 61 25 send
567 2308 64 25 their

97 2343 110 24 children
217 2345 25 23 to
254 2344 44 24 the
315 2344 72 29 East,
410 2345 81 24 which
515 2346 115 25 militates

94 2383 97 31 against
214 2383 42 25 the
268 2392 99 17 success
378 2385 27 24 of
414 2385 43 24 the
470 2385 98 31 School,
580 2386 50 25 and

96 2422 43 23 the
157 2423 102 23 comfort
282 2423 26 23 of
326 2423 43 24 the
391 2423 112 25 childern
525 2423 45 25 but
592 2425 37 23 in-

95 2467 94 14 creases
218 2460 43 22 the
273 2461 51 21 sale
336 2461 27 22 of
373 2462 69 22 boots
471 2462 50 22 and
543 2463 86 30 patent

95 2497 142 24 medicines.

129 2535 33 24 At
171 2535 42 26 the
225 2536 57 25 time
291 2536 134 32 appointed
445 2539 58 24 2.30
513 2547 60 23 p.m.
587 2539 43 25 the

95 2576 58 30 boys
166 2583 62 17 were
239 2576 94 25 ranked
355 2585 33 23 up
407 2578 32 31 by
465 2578 42 24 the
536 2580 94 24 Master

96 2613 50 24 and
168 2613 41 24 the
226 2614 60 31 girls
308 2614 33 32 by
363 2616 41 24 the
439 2616 122 32 Mistress,
582 2619 48 23 and

95 2653 119 26 marched
241 2654 53 26 into
317 2655 43 25 the
385 2656 90 26 School
505 2659 49 24 and
572 2658 58 26 took

96 2692 64 25 their
171 2695 63 22 seats
246 2693 24 24 in
282 2702 33 16 an
333 2694 97 32 orderly
453 2704 106 18 manner
581 2698 48 24 and

95 2733 61 23 with
166 2733 99 31 smiling
287 2734 71 29 faces,
383 2736 103 31 proving
508 2736 57 25 that
588 2738 41 24 the

95 2771 126 30 discipline
232 2772 26 24 of
269 2771 41 25 the
324 2773 91 24 School
427 2782 51 16 was
489 2774 55 24 firm
557 2776 71 24 with-

95 2810 43 22 out
150 2808 158 26 unkindni'ss.

129 2849 51 24 The
191 2849 133 26 Chairman
352 2851 61 25 then
437 2852 191 31 complimented

94 2889 42 24 the
149 2889 111 25 children
282 2899 68 23 upon
374 2892 64 25 their
460 2893 168 26 examination

93 2928 89 30 telling
193 2923 79 29 them*
282 2929 56 24 that
357 2930 41 24 the
422 2931 145 25 Committee
578 2933 49 23 had

93 2967 55 23 first
160 2967 153 25 determined
325 2970 25 23 to
359 2969 130 26 distribute
496 2971 43 24 the
547 2972 80 31 prizes

92 3008 131 31 according
234 3010 26 23 to
273 3008 40 25 the
324 3008 152 33 Inspector's
484 3015 88 28 leport,
583 3011 44 25 but

90 3046 50 24 had
153 3046 143 26 afterwards
308 3048 84 25 decide
397 3050 12 23 1
421 3051 26 23 to
467 3050 64 24 have
543 3058 33 16 an
587 3051 39 24 in-

90 3087 142 28 dependant
260 3088 179 30 examination,
469 3090 81 24 which
578 3099 49 17 was

91 3127 83 30 kindly
186 3128 140 30 performed
336 3128 33 32 by
381 3130 42 24 Mr
443 3130 92 31 Eyder,
547 3131 80 24 which

89 3167 114 24 however
216 3176 26 16 so
261 3168 110 31 strongly
383 3169 154 25 assimilated
565 3170 62 26 with

89 3206 57 24 that
158 3206 25 23 of
195 3205 42 25 the
255 3206 137 31 Inspector,
416 3208 82 24 which
521 3210 105 30 scarcely

90 3244 117 24 rendercl
220 3252 50 24 any
281 3244 96 33 change
388 3246 25 24 in
430 3246 67 24 theis.
507 3246 52 26 first
571 3255 54 24 pro-

91 3288 109 23 gramme
212 3290 136 23 necessary.

124 3321 40 23 He
176 3320 47 24 had
235 3329 56 16 now
303 3329 15 16 a
329 3330 58 24 very
404 3323 113 31 pleasant
529 3323 60 31 duty
601 3325 26 23 to

91 3360 106 31 perform
210 3361 48 24 and
269 3361 30 24 lie
311 3361 81 31 hoped
404 3363 56 24 that
489 3363 73 25 when
584 3364 43 24 the

93 3399 90 25 School
195 3400 112 24 resumed
319 3401 68 24 work
399 3402 82 30 again,
494 3402 46 24 the
550 3403 75 24 child-

91 3444 44 15 ren
146 3437 82 23 would
240 3438 39 29 try
297 3444 69 17 more
378 3439 62 23 than
461 3447 56 15 ever
536 3442 26 22 to
586 3440 40 27 de-

93 3481 69 17 serve
184 3473 42 25 the
254 3474 59 24 kind
335 3476 152 32 recognition
512 3476 27 26 of
564 3478 63 26 their

93 3512 77 25 desire
190 3514 26 24 to
350 3514 28 24 of
404 3514 64 25 their
497 3505 128 40 Teacherk,

90 3552 113 28 Parents,
216 3553 49 24 and
283 3553 43 25 the
334 3553 157 26 Committee.
605 3545 2 37 !

125 3592 50 25 The
186 3592 84 25 Prizes
279 3594 125 24 consisted
413 3594 25 24 of
454 3603 32 15 an
505 3595 121 25 excellent

91 3633 116 24 selection
219 3633 25 24 of
256 3632 75 26 books
343 3634 28 24 of
380 3642 15 16 a
406 3634 82 25 useful
499 3634 128 26 character

92 3670 49 24 and
152 3670 143 32 beautifully
306 3671 92 29 bound,
411 3672 50 25 and
484 3672 50 25 will
546 3673 30 25 be
588 3681 37 17 or-

91 3711 126 23 namental
230 3715 25 20 to
265 3711 43 24 the
318 3711 65 24 book
395 3719 55 18 case
463 3720 27 17 as
503 3713 56 24 well
571 3721 28 17 as
611 3721 15 16 a

92 3747 93 23 honour
207 3749 26 23 to
258 3748 43 24 the
321 3749 126 31 recipient.
484 3752 30 22 11
539 3751 87 24 Prizes

93 3793 60 17 were
181 3787 52 25 also
256 3789 146 31 generously
430 3790 73 31 given
531 3791 31 32 by
584 3792 42 24 the

93 3824 113 24 Mistress
220 3825 8 32 (
236 3825 63 25 Miss
324 3826 107 33 Taylor)
444 3829 26 23 at
497 3828 46 25 her
570 3837 57 17 own

93 3865 59 27 cost,
166 3863 37 25 for
214 3864 99 31 sewing,
324 3867 139 30 consisting
484 3867 26 24 of
520 3875 14 16 a
545 3868 80 24 hand-

92 3909 68 17 some
172 3902 131 30 work-box,
324 3903 152 27 housewives
493 3905 50 25 and
555 3907 71 24 other

92 3940 79 23 useful
183 3941 50 24 and
244 3942 156 24 ornamental
420 3942 116 31 adjuncts
564 3944 62 24 with

92 3978 81 25 which
181 3988 12 15 a
201 3980 196 26 needle-woman
406 3982 66 24 loves
481 3984 26 23 to
515 3984 111 24 decorate

92 4017 45 24 her
144 4017 150 26 work-table.

127 4066 124 25 Standard
273 4067 34 25 V.
331 4069 48 24 Ist.
409 4069 71 24 Prize
522 4069 105 32 Stanley

94 4105 109 30 Cleaver,
233 4107 58 25 2nd.
314 4107 76 26 Ellen
399 4108 93 30 Smith,
511 4109 46 25 3rd
563 4108 63 27 Nor-

93 4151 60 17 man
169 4144 127 26 Prichard.
629 4165 4 3 .

128 4183 123 26 Standard
263 4186 43 29 IV,
326 4187 40 23 Ist
385 4187 71 25 Prize
485 4187 25 24 J.
524 4187 24 25 -T.
561 4187 64 24 Har-

93 4220 76 33 bidge,
183 4223 58 25 2nd.
260 4224 29 24 F.
303 4224 124 25 Burrows.

127 4262 123 25 Standard
261 4264 49 24 111.
324 4265 40 23 Ist
373 4265 73 24 Prize
454 4264 173 31 GeorgeT»orn

93 4300 58 30 2n4,
170 4300 81 33 H»rry
265 4302 92 30 Smith,
378 4303 52 24 3rd.
445 4303 63 31 Amy
521 4302 105 25 Pabble-

92 4338 53 25 chic
167 4340 51 24 4th.
232 4340 92 25 Eobert
341 4340 102 25 Nelson.

128 4379 122 26 Standard
261 4380 36 25 11.
317 4382 39 23 Ist
367 4380 74 25 Prize
463 4380 68 24 Alice
543 4380 83 29 Clark,

95 4417 57 24 2nd.
166 4417 69 33 Mary
247 4418 111 36 Garrickj
371 4419 54 24 3rd.
439 4418 82 24 Leslie
531 4414 96 32 Ancall,

96 4457 81 25 Frank
190 4458 156 29 Hnnderson,
367 4459 69 26 John
449 4459 179 24 Zimmerman.

130 4498 123 25 Standard
264 4500 22 24 I.
311 4500 40 25 Ist
366 4499 85 25 Prizes
463 4499 56 24 Eva
541 4498 82 25 Blank

658 188 50 24 and
717 188 70 31 Lucy
804 187 83 30 Clark,
912 191 59 25 2nd.
996 191 77 26 Jessie
1097 191 97 30 Fisher,

657 226 53 25 3rd.
735 227 34 24 H.
783 226 134 32 Harbidge,
942 229 53 25 4th.
1013 230 94 25 Eobert
1130 230 63 25 Kus-

657 264 53 24 sell.

808 309 100 26 Sewing
941 311 101 27 Prizes.

693 355 124 25 Standard
839 355 45 26 VI.
904 357 75 24 Flora
991 358 71 29 Free,

693 393 124 25 Standard
840 395 30 24 V.
886 397 38 22 Ist
934 396 79 29 Prize,
1027 397 84 25 Lizzie
1123 398 71 29 Free,

657 433 58 24 2nd.
729 433 72 25 Clara
820 433 125 26 Knowles.

692 470 126 26 Standard
825 471 45 25 IV.
883 473 40 23 Ist
935 472 72 25 Prize
1015 473 68 25 Alice
1092 473 102 32 Young-

658 515 67 23 rnan,
750 509 57 24 2nd.
820 508 60 26 Ella
891 510 100 25 Brown.

656 564 3 2 ■
691 548 125 25 Standard
823 549 49 24 111.
888 551 38 23 Ist
936 550 78 29 Prize,
1025 550 73 33 Milly
1109 551 84 25 Smith

656 588 58 24 2nd.
727 588 84 24 Nettie
822 588 129 26 Prichard.

692 626 122 24 Standard
826 626 36 23 11.
876 628 40 23 Ist
927 627 74 24 Prize
1015 628 76 24 Hilda
1102 628 92 24 Brown

657 664 59 24 2nd.
733 665 64 24 AJice
810 665 119 24 Kossiter.

691 703 125 25 Standard
829 703 21 24 I.
882 705 39 24 ]st
932 703 71 25 Prize
1025 704 55 25 Eva
1102 703 90 30 Blank,

658 741 58 25 2nd.
735 741 70 32 Lucy
817 741 83 25 Clark.

691 781 54 24 The
773 781 94 24 Master
895 782 62 24 then
989 782 129 25 addressed
1151 783 43 23 the

657 818 110 24 children
780 818 103 31 wishing
895 819 70 24 them
978 826 14 17 a
1005 819 114 30 pleasant
1130 819 63 24 holi-

657 856 48 31 day
723 856 50 23 and
784 856 80 24 called
874 856 38 24 for
923 856 70 24 three
1005 856 85 25 cheers
1102 857 38 23 for
1152 856 42 24 the

657 896 136 24 Chairman
812 896 50 24 and
883 896 148 24 Committee
1054 896 50 24 and
1126 896 68 24 three

656 941 69 16 more
737 934 37 24 for
786 934 62 24 Miss
871 934 92 32 Taylor
985 934 61 24 and.
1055 934 44 25 the
1121 934 73 31 Pupil

657 974 100 24 teacher
769 973 49 24 and
830 973 61 25 then
902 981 14 17 a
928 974 103 30 smiling
1039 975 48 29 boy
1094 980 99 24 propos-

658 1011 38 25 ed.
699 1012 14 23 3
726 1011 105 31 rattling
843 1018 59 18 ones
914 1011 38 24 for
959 1011 42 24 the
1012 1012 95 23 Master
1114 1011 80 24 which

657 1056 64 17 were
731 1048 136 31 responded
880 1051 25 22 to
914 1049 32 24 -in
957 1048 81 32 grand
1050 1049 69 31 style,
1144 1048 50 25 and

657 1088 60 24 then
730 1087 41 24 the
782 1094 83 23 merry
872 1094 76 24 group
957 1087 124 30 dispersed
1092 1087 103 30 bearing

657 1126 165 31 indisputable
837 1126 114 24 evidence
961 1126 33 24 in-
1001 1126 64 24 their
1086 1126 108 24 features

658 1164 50 25 and
719 1164 135 25 behaviour
874 1164 27 26 of
921 1164 61 24 kind
993 1165 134 23 treatment
1145 1164 50 24 and

658 1202 63 31 good
727 1216 4 8 \
751 1202 125 30 teaching.
905 1201 4 4 '
921 1202 52 23 Our
983 1214 3 5 •
996 1201 199 31 Correspondent

657 1239 59 30 begs
728 1239 158 30 respectfully
898 1240 26 23 to
944 1239 48 22 add
1015 1239 56 23 that
1093 1239 33 23 he
1147 1239 47 22 has

659 1278 74 25 much
745 1277 112 33 pleasure
874 1277 29 25 in
925 1277 204 32 complimenting
1151 1277 44 25 the

659 1319 105 24 Parents
775 1326 66 24 upon
856 1318 43 25 the
921 1317 102 33 healthy
1045 1325 151 24 appearance

659 1358 50 24 and
721 1359 96 29 cleanly
829 1359 74 23 attire
915 1358 27 24 of
952 1358 65 24 their
1026 1358 110 24 children
1147 1357 49 24 and

658 1398 66 23 trust
737 1396 55 25 that
812 1396 66 24 their
891 1396 87 28 School
992 1395 32 29 of.
1039 1397 77 23 which
1135 1396 61 32 they

657 1437 64 24 have
733 1436 64 32 good
808 1444 88 17 reason
908 1440 25 21 to
944 1435 31 26 be
986 1436 79 31 proud
1076 1436 52 25 will
1137 1444 57 17 con-

658 1475 72 24 tinue
740 1476 26 23 to
775 1482 94 24 occupy
886 1474 44 25 the
941 1482 69 18 same
1021 1474 60 33 high
1090 1475 104 31 position

660 1521 28 16 as
710 1514 21 23 it
752 1513 46 25 has
820 1512 155 25 maintained
996 1512 37 24 for
1055 1513 87 32 nearly
1164 1514 33 23 20

656 1559 79 24 years.

658 1688 273 26 CHRISTCHURCH
968 1689 82 25 ACID
1084 1689 111 26 DROPS

778 1780 31 15 BY
819 1780 74 16 HOBIN
904 1781 175 18 GOODFELLOW.

691 1816 55 25 The
768 1816 121 26 Students
911 1818 27 23 of
948 1817 80 25 Truth
1055 1818 63 25 have
1146 1819 51 23 lost

659 1855 64 25 their
740 1855 89 26 chairs.
865 1856 174 25 Hardhearted
1061 1856 136 26 debenture

658 1893 99 26 holders
783 1894 140 25 demanded
950 1894 103 26 interest
1081 1895 51 24 and
1154 1895 42 25 the

661 1930 148 33 Stipendary
821 1932 146 31 Magistrate
985 1940 61 23 gave
1065 1933 131 31 judgment

658 1971 38 24 for
707 1971 78 25 them.
821 1971 54 26 The
905 1971 121 33 Supreme
1044 1972 75 25 Court
1143 1981 49 16 sus-

660 2009 84 27 tained
755 2009 44 27 the
808 2010 158 33 Magistrates
978 2011 97 33 finding
1083 2011 50 25 and
1140 2020 56 17 now

659 2049 53 25 alas
723 2049 43 25 the
779 2050 114 25 students
904 2051 62 24 have
983 2050 109 32 nothing
1116 2051 27 26 to
1163 2050 33 26 sit

649 2112 4 4 .
660 2096 66 23 upon
738 2096 28 18 as
780 2091 62 23 1000
856 2090 82 25 chairs
950 2091 63 24 have
1041 2091 62 24 been
1132 2091 62 24 sold.

685 2126 57 25 And
753 2127 50 25 still
816 2127 91 26 there's
922 2136 67 16 more
1012 2129 26 23 to
1066 2129 79 25 follow
1182 2129 14 24 I

659 2172 42 16 am
712 2166 128 23 reminded
851 2166 27 24 of
890 2166 41 24 Sir
953 2166 95 25 Josbua
1070 2167 125 32 Eenyolds

659 2205 93 30 angels,
765 2205 56 25 who
838 2204 37 25 for
895 2205 103 25 obvious
1009 2213 101 18 reasons
1122 2206 73 25 could

660 2246 41 22 Dot
712 2244 33 26 sit
756 2244 78 25 down.
870 2244 87 26 Chairs
969 2245 80 25 would
1060 2246 30 25 be
1102 2246 91 25 useless

658 2286 26 23 to
696 2286 65 24 them
773 2284 45 25 but
830 2285 42 24 the
884 2293 58 23 poor
954 2284 113 27 students
1078 2288 62 24 have
1149 2288 45 23 not

658 2324 42 31 yet
711 2322 110 26 attained
833 2326 25 21 to
870 2323 57 24 that
938 2322 89 32 degree
1045 2324 27 24 of
1098 2324 97 31 angelic

658 2362 123 25 existence
793 2362 56 25 that
861 2362 81 25 would
953 2362 97 25 obviate
1074 2363 43 24 the
1136 2371 58 16 nec-

658 2401 89 31 cessity
759 2400 26 25 of
795 2400 89 25 chairs.
921 2399 33 27 So
966 2400 69 25 there
1050 2401 22 25 is
1084 2401 111 32 weeping

658 2440 50 25 and
830 2441 51 24 and
892 2440 124 31 gnashing
1027 2441 28 24 of
1075 2441 70 24 +eeth
1166 2441 28 24 in

658 2478 43 24 the
719 2479 108 31 Temple.

749 2516 15 15 #
832 2517 15 14 #
915 2517 14 15 *
998 2517 15 16 #
1081 2519 14 14 *

691 2555 52 24 The
754 2554 33 25 E.
807 2554 27 26 S.
855 2555 94 33 Bishop
962 2555 100 27 Grimes
1074 2557 45 25 has
1140 2557 54 33 just

658 2595 118 26 returned
785 2595 65 27 from
863 2603 15 18 a
886 2595 49 34 trip
947 2604 90 25 among
1048 2597 44 26 the
1103 2598 93 25 Pacific

658 2634 106 26 Islands.
799 2635 40 25 He
867 2635 118 26 collected
1014 2642 13 18 a
1041 2637 102 24 number
1171 2636 27 26 of

658 2675 73 26 views
743 2676 49 24 and
804 2676 97 25 curious
913 2676 79 25 which
1004 2676 31 24 he
1047 2677 99 25 showed
1168 2677 27 23 in

658 2716 42 24 the
724 2716 77 31 Opera
825 2716 85 25 House
936 2724 33 16 on
993 2715 129 33 Thursday
1145 2717 51 24 and

658 2753 99 31 Friday.
793 2753 54 24 The
875 2754 196 25 entertainment
1099 2762 51 17 was
1180 2763 15 16 a

657 2794 67 24 most
736 2792 127 31 enjoyable
881 2801 55 17 one.
1002 2798 10 20 :

757 2832 180 16 ###
1006 2832 14 16 *
1070 2836 5 3 -
1089 2833 14 15 *

688 2870 15 25 I
713 2871 81 25 notice
803 2872 53 24 that
865 2871 43 25 the
917 2872 163 31 pragmatical
1091 2871 102 33 preach-

656 2919 38 16 ers
707 2911 27 25 of
744 2911 42 25 the
802 2911 190 25 Prohibitionist
1001 2912 63 25 have
1087 2912 79 24 found
1178 2920 16 16 a

655 2948 115 24 defender
781 2949 27 23 in
833 2949 41 24 Mr
901 2949 65 24 Paul
995 2949 124 31 Fleming.
1154 2949 40 24 All

654 2985 68 32 right
731 2994 5 21 ;
749 2994 33 17 no
794 2988 105 23 amount
910 2987 28 24 of
947 2986 101 25 defence
1068 2987 51 24 will
1131 2987 63 31 wipe

654 3025 42 24 out
719 3023 43 26 the
774 3023 53 27 foul
837 3023 72 27 libels
938 3033 32 17 on
991 3024 43 24 the
1057 3024 65 26 dead
1144 3024 50 25 and

655 3064 83 32 dying,
751 3064 82 26 which
845 3072 43 18 are
899 3066 26 24 at
937 3072 62 18 once
1006 3072 15 17 a
1033 3065 113 32 disgrace
1166 3066 26 24 to

655 3102 69 25 them
736 3110 27 17 as
773 3102 146 31 journalists
932 3111 28 17 or
971 3111 28 17 as
1027 3103 131 30 preachers
1170 3102 26 24 of

654 3140 44 25 the
709 3141 93 30 gospel.
839 3140 54 24 The
914 3149 155 22 newspapers
1088 3140 27 24 of
1135 3140 58 24 New

655 3178 112 25 Zealand
778 3185 41 17 are
841 3185 61 23 pure
919 3178 128 31 highclass
1067 3177 124 32 journals,

654 3216 56 26 and.
716 3216 122 25 therefore
849 3215 21 26 it
881 3216 22 25 is
915 3224 15 17 a
942 3215 119 32 standing
1071 3216 53 31 pity
1136 3215 57 25 that

654 3262 37 18 we
701 3279 2 2 ,
709 3255 65 24 have
802 3254 27 24 in
857 3254 44 25 the
929 3253 188 26 Prohibitionist
1146 3261 46 16 one

651 3292 101 31 journal
762 3292 57 23 that
830 3291 51 25 will
893 3293 71 29 stojp
987 3293 26 22 to
1036 3291 33 23 all
1093 3291 55 23 that
1171 3290 22 24 is

654 3330 47 24 low
713 3329 49 25 and
790 3328 164 32 disreputable
983 3328 50 24 and
1053 3328 52 25 will
1127 3328 67 24 issue

656 3368 165 24 mendaceous
832 3367 70 25 libels
914 3366 62 26 with
987 3366 44 25 the
1051 3366 51 25 sole
1114 3366 80 30 object

654 3407 27 25 of
706 3406 138 32 bolstering
872 3415 32 22 up
922 3414 16 16 a
976 3413 75 17 cause
1075 3406 54 24 that
1146 3405 47 24 has

654 3444 92 32 proved
773 3451 15 16 a
816 3443 110 32 gigantic
951 3443 90 24 failure
1068 3443 126 23 wherever

656 3481 70 30 tried,
750 3490 28 17 as
806 3481 101 26 witness
935 3489 113 16 milduka.
1067 3480 27 25 in
1123 3479 71 26 these

654 3522 117 25 colonies.

733 3561 14 14 *
827 3560 15 13 #
922 3559 18 17 *.
989 3566 1 1 ■
1016 3559 15 14 #
1056 3554 3 4 '
1110 3558 16 14 #

654 3599 54 25 The
719 3599 102 32 holiday
849 3607 89 17 season
959 3598 49 24 has
1030 3599 39 24 set
1096 3598 35 29 in,
1144 3597 49 24 and

654 3639 70 26 there
752 3640 22 24 is
801 3647 73 24 every
908 3646 150 25 appearance
1086 3638 28 25 of
1150 3638 43 24 the

655 3679 106 24 weather
789 3678 75 31 being
886 3677 99 26 settled.
1021 3677 49 25 We
1103 3674 90 27 should

654 3717 63 24 have
728 3725 15 15 a
755 3716 63 31 good
830 3716 59 24 time
902 3716 36 24 for
958 3715 41 24 Mr
1016 3714 108 31 Tr'egear
1146 3713 46 24 has

654 3754 115 31 reported
780 3753 55 25 that
848 3753 70 25 there
929 3753 23 24 is
964 3761 33 16 no
1020 3751 52 25 real
1095 3751 97 30 depres-

654 3793 56 26 sion
721 3794 27 24 in
761 3793 43 25 the
818 3793 81 25 South
911 3791 95 26 Island.
1042 3791 26 24 If
1074 3798 36 17 we
1122 3789 72 26 could

654 3831 58 31 only
724 3831 72 24 make
814 3830 124 25 ourselves
962 3829 92 24 beleive
1080 3828 57 25 that
1157 3835 35 17 re-

653 3872 64 30 port,
729 3871 55 24 how
795 3870 85 30 happy
892 3876 36 17 we
949 3867 109 31 maybe.
1175 3878 3 16 ;

730 3905 143 17 *■*■
894 3905 2 2 ■
922 3905 14 14 #
1016 3904 15 14 *
1111 3903 15 13 *

653 3965 3 5 ,
688 3944 40 24 Mr
750 3944 40 24 W.
812 3943 40 24 W.
882 3942 99 30 Colling
1014 3940 22 25 is
1058 3939 87 32 giving
1178 3946 16 16 a

654 3984 75 25 series
741 3984 27 24 of
781 3982 103 31 Sunday
896 3980 107 31 evening
1011 3979 106 24 lectures
1125 3977 69 25 illus-

654 4022 82 26 trated
747 4022 62 24 with
837 4020 126 32 limelight
991 4018 76 25 views
1095 4019 27 22 at
1150 4017 44 24 the

655 4063 107 24 Theatre
771 4061 90 32 Royal.
1142 4073 1 1 ■
1176 4060 2 21 '■

735 4099 108 15 *-*
923 4098 15 15 *
1017 4096 16 15 *
1112 4095 16 14 *

688 4139 142 34 Politically
842 4139 85 31 things
936 4144 41 17 are
989 4138 27 23 at
1024 4144 14 16 a
1048 4135 73 26 stand
1133 4133 61 27 still.

688 4178 71 25 None
774 4178 28 25 of
810 4185 46 17 our
867 4177 65 24 local
944 4175 123 25 members
1079 4180 68 18 seem
1156 4172 38 24 in-

655 4219 83 26 clined
749 4222 26 21 to
787 4217 101 26 address
911 4215 65 25 their
1007 4213 186 25 constitutents.

656 4258 51 24 The
719 4257 60 32 only
790 4264 46 17 one
848 4257 26 24 to
886 4255 32 25 do
931 4262 27 17 so
969 4253 23 24 is
1004 4252 41 24 Mr
1061 4251 135 24 Eiccarton

657 4296 99 25 Eussell
768 4295 26 25 at
805 4293 122 32 Papanui.
1031 4289 103 25 address
1154 4286 42 25 did

658 4335 45 23 not
714 4333 48 25 add
773 4332 78 26 much
868 4333 27 23 to
912 4337 45 17 our
976 4328 113 32 previous
1113 4325 83 24 know-

658 4372 78 31 ledge.
771 4371 42 25 He
821 4365 191 31 acknowledged
1020 4362 105 26 himself
1131 4363 26 24 to
1166 4361 31 25 be

656 4419 47 18 one
715 4411 27 25 of
757 4411 72 25 those
846 4408 83 31 flabby
948 4403 173 27 inverttibrate
1143 4400 53 25 ani-

656 4450 65 26 mals
759 4459 35 17 an
856 4444 166 36 independent

658 4490 104 26 Neither
772 4488 63 26 flesh
843 4487 58 26 fowl
910 4494 45 17 nor
961 4483 65 33 good
1034 4481 43 26 red
1086 4479 110 30 herring.

1222 187 26 24 If
1257 188 26 24 at
1295 188 75 25 home
1381 189 32 24 he
1425 189 82 25 would
1524 190 117 31 probably
1652 190 32 31 by
1696 190 65 24 what

1223 225 80 24 Ouida
1323 226 60 25 calls
1406 234 16 17 a
1649 227 110 25 Liberal-

1223 262 182 26 Conservative.
1439 264 49 24 We
1499 266 84 23 rather
1601 266 68 23 want
1690 271 69 18 more

1223 299 85 25 robust
1319 300 120 25 members
1450 301 57 24 with
1531 309 67 17 some
1618 303 105 23 amount
1735 301 27 25 of

1224 337 127 26 backbone
1363 338 36 26 for
1411 347 46 17 our
1468 346 31 25 go
1522 339 81 25 ahead
1625 339 66 25 little
1709 339 49 25 col-

1223 383 58 24 ony.
1558 386 92 14 •.•-•;

1256 422 53 24 The
1332 422 100 26 Pollard
1443 424 149 30 Liliputians
1606 424 51 24 had
1669 432 14 15 a
1702 432 59 23 very

1223 462 136 24 successful
1372 470 88 17 season
1472 463 25 24 of
1513 463 55 24 four
1579 463 87 31 nights
1678 465 27 22 at
1717 463 44 24 the

1223 499 105 24 Theatre
1340 499 88 32 Eoyal.
1464 500 40 24 On
1516 500 115 32 Tuesday
1639 501 58 30 they
1704 508 55 24 pro-

1223 537 77 25 duced
1322 536 38 26 for
1378 538 44 24 the
1444 538 53 24 first
1520 538 62 25 time
1605 538 156 25 Offenback's

1222 577 80 30 Opera
1340 576 36 25 La
1397 577 53 25 fille
1462 577 34 24 du
1517 577 126 25 Tambour
1653 578 82 31 Major

1222 616 125 31 Although
1359 618 20 22 it
1389 624 50 20 was
1448 625 13 15 a
1470 616 55 24 first
1532 617 71 30 night
1615 617 146 30 everything

1222 654 66 23 went
1300 653 125 31 smoothly
1437 653 49 23 and
1497 653 57 24 well
1565 654 66 23 from
1643 653 43 24 the
1697 654 64 24 start

1222 691 26 23 to
1267 689 82 24 finish.
1367 703 4 3 •

1254 731 25 23 It
1291 730 21 24 is
1321 729 37 24 far
1370 730 43 24 the
1425 729 112 26 heaviest
1549 738 75 24 opera
1635 731 43 24 the
1700 730 57 25 Pol-

1220 768 69 24 lards
1312 767 65 25 have
1400 768 146 30 attempted,
1559 769 42 30 yet
1624 768 45 24 few
1692 769 68 23 adult

1222 804 144 31 companies
1378 804 74 24 could
1471 805 89 24 render
1577 805 44 24 the
1643 813 71 22 opera
1734 813 26 17 so

1222 843 56 25 well
1296 850 28 17 as
1353 842 42 24 did
1423 843 43 24 the
1494 844 126 31 juveniles.
1666 844 94 24 Master

1222 883 78 32 Percy
1312 882 130 26 sustained
1463 882 43 26 the
1525 883 127 25 character
1671 884 28 24 of
1718 884 42 25 the

1224 923 127 24 Tambour
1362 923 83 31 Major
1453 923 27 23 in
1490 931 15 15 a
1511 924 67 31 truly
1587 923 98 27 artistic,
1690 931 69 17 man-

1222 968 51 22 ner,
1287 960 40 25 his
1340 960 84 31 acting
1434 960 138 32 indicating
1647 960 32 25 he
1690 960 47 25 has
1746 969 14 16 a

1222 999 111 25 brilliant
1349 1006 84 17 career
1456 999 80 26 before
1558 1000 61 25 him.
1634 1022 2 4 .
1654 1000 106 27 Masters

1223 1040 100 31 Qually,
1338 1040 124 31 Stephens
1474 1040 51 25 and
1535 1040 79 25 Nable
1626 1040 53 25 also
1692 1049 68 23 prov-

1222 1079 31 24 ed
1268 1079 150 25 themselves
1430 1079 63 32 fully
1505 1079 101 32 capable
1617 1079 28 25 of
1654 1080 105 25 sustain-

1222 1120 43 29 ing
1274 1119 54 24 dsffi
1329 1120 53 24 cult
1389 1121 76 28 parts.
1502 1119 35 24 Of
1542 1120 42 24 the
1591 1127 85 22 young
1683 1119 77 25 ladies

1223 1160 88 24 Misses
1325 1159 68 33 Sissy
1416 1159 130 29 Sandford,
1571 1159 82 25 Nellie
1665 1159 96 26 Wilson

1222 1200 47 23 and
1281 1199 83 31 Emily
1385 1199 117 24 Metcalfe
1515 1225 5 7 ,
1530 1207 64 18 were
1615 1199 75 30 lively
1712 1200 49 24 and

1222 1237 137 29 charming,
1368 1236 73 24 while
1451 1236 89 23 Misses
1549 1236 98 23 Marion
1656 1236 106 24 Mitchel

1222 1273 50 25 and
1284 1272 76 25 Maud
1371 1273 99 25 Beattie
1482 1280 28 17 as
1524 1273 76 25 Stella
1613 1273 49 25 and
1686 1273 74 32 Capt.

1223 1312 93 24 JEtibert
1329 1312 62 31 fully
1412 1311 111 25 satisfied
1543 1320 16 17 a
1578 1312 96 25 critical
1692 1313 69 25 audi-

1223 1358 68 16 ence.
1327 1350 51 24 The
1398 1350 96 24 dresses
1515 1359 63 16 were
1596 1350 54 25 rich
1674 1359 85 23 appro-

1222 1388 78 30 priate
1312 1386 49 24 and
1369 1388 82 30 pretty
1467 1387 50 24 and
1534 1388 42 23 the
1589 1388 69 30 stage
1677 1388 84 24 effects

1223 1425 56 24 well
1290 1425 132 31 managed.
1457 1425 54 24 The
1523 1425 128 24 orchestra
1662 1426 98 24 render-

1224 1465 30 25 ed
1263 1465 43 25 the
1319 1465 80 25 music
1422 1465 142 32 splendidly
1580 1465 79 26 under
1670 1465 43 26 the
1725 1466 36 25 di-

1223 1503 96 26 rection
1330 1503 26 25 of
1378 1503 40 25 Mr
1439 1503 131 26 Harrison.
1616 1503 146 33 Altogether

1224 1544 39 23 Mr
1274 1543 102 24 Pollard
1389 1552 54 21 may
1463 1543 31 24 be
1517 1545 189 29 congratulated
1728 1552 33 16 on

1223 1583 94 31 having
1328 1583 80 24 added
1420 1583 104 24 another
1541 1583 114 31 triumph
1672 1584 26 24 to
1721 1583 41 25 his

1224 1624 99 30 already
1340 1623 60 31 long
1411 1623 41 24 list
1464 1623 50 24 and
1525 1623 32 24 he
1568 1631 59 23 may
1637 1625 63 24 /rest
1723 1632 38 17 as-

1224 1661 74 26 sured
1317 1661 57 25 that
1395 1661 178 25 Christchurch
1597 1657 52 29 will
1671 1661 91 32 always

1223 1703 54 31 give
1289 1703 26 24 to
1326 1701 54 25 him
1394 1702 49 24 and
1453 1701 40 25 his
1510 1702 148 31 youngsters
1670 1709 16 17 a
1697 1702 65 32 right

1223 1741 65 30 good
1301 1740 126 26 welcome.

1257 1818 35 25 As
1303 1820 61 23 next
1375 1818 68 26 week
1453 1818 52 25 will
1528 1818 31 25 be
1568 1818 43 25 the
1623 1818 138 26 Christmas

1223 1858 82 26 famed
1322 1858 38 28 fro
1397 1867 73 24 peace
1482 1858 49 26 and
1543 1859 64 32 good
1619 1859 50 25 will
1705 1867 56 25 per-

1223 1898 46 24 mit
1281 1905 40 17 me
1333 1898 26 24 to
1377 1898 63 24 wish
1455 1905 50 24 you
1525 1898 35 24 all
1585 1897 44 25 the
1652 1897 109 32 Compli-

1223 1939 82 22 ments
1317 1936 27 25 of
1353 1937 43 25 the
1408 1945 97 17 season.
1540 1938 24 23 If
1580 1937 71 25 there
1662 1937 31 25 be
1713 1945 48 24 any

1226 1976 79 26 whose
1317 1985 72 17 corns
1401 1977 62 25 have
1476 1976 106 26 suffered
1593 1977 65 25 from
1679 1977 82 25 Bobin

1224 2016 151 26 Goodfellow
1395 2016 35 25 let
1453 2016 70 25 them
1545 2015 139 26 remember
1707 2016 54 25 that

1222 2055 62 26 with
1295 2055 61 25 Acid
1367 2055 81 32 Drops
1468 2055 60 31 they
1551 2062 73 18 never
1647 2054 65 25 have
1735 2055 26 24 to

1222 2102 43 22 say
1313 2094 87 30 Surgit
1411 2095 77 23 amari
1666 2092 33 25 In
1719 2100 42 24 my

1222 2134 80 31 recipe
1312 2133 71 25 there
1400 2134 23 24 is
1450 2133 39 24 far
1511 2140 70 17 more
1604 2140 75 24 sugar
1698 2132 63 25 than

1222 2173 61 30 acid,
1296 2173 123 25 therefore
1430 2173 60 24 with
1503 2173 43 24 the
1557 2173 117 24 heartiest
1686 2172 75 32 good-

1222 2211 50 25 will
1281 2211 14 24 I
1306 2219 48 16 can
1366 2218 41 23 say
1421 2213 27 22 to
1470 2218 48 17 one
1542 2210 50 24 and
1615 2209 36 25 all
1673 2210 32 24 of.
1721 2218 40 24 my

1222 2250 138 25 thousands
1371 2250 28 25 of
1408 2250 106 25 readers*
1618 2249 68 32 right
1698 2250 63 32 good

1222 2291 83 29 Merry
1317 2290 139 26 Christmas
1468 2291 26 24 to
1505 2297 53 23 you

1381 2448 214 24 LONGEVITY.

1256 2527 174 25 Methuselah
1441 2536 50 18 was
1504 2528 50 26 969
1571 2535 72 26 years
1671 2527 28 26 of
1716 2535 46 24 age

1223 2568 74 24 when
1307 2567 33 25 he
1358 2568 65 27 died,
1436 2568 66 24 2349
1514 2575 23 17 b.
1550 2575 30 21 c,
1592 2567 55 29 but,
1669 2574 28 18 as
1720 2567 42 24 the

1222 2605 77 25 world
1310 2606 55 30 gets
1376 2605 76 30 older,
1466 2613 69 17 cases
1548 2605 25 25 of
1584 2604 127 32 longevity
1720 2606 42 30 get

1222 2653 68 17 more
1318 2652 90 18 scarce.
1460 2644 129 30 However,
1623 2644 70 25 there
1722 2652 40 17 are

1222 2687 85 30 plenty
1319 2686 27 24 of
1353 2686 85 31 people
1449 2685 57 25 who
1515 2685 47 25 live
1571 2687 26 23 to
1607 2684 30 26 be
1651 2686 48 24 115
1712 2685 49 25 and

1223 2724 49 24 120
1288 2730 71 23 years
1371 2723 49 24 old.
1616 2734 4 15 •.
1646 2748 3 2 .
1666 2747 3 3 ,

1255 2762 57 25 Few
1324 2762 85 30 things
1426 2762 26 23 in
1469 2761 44 24 life
1525 2769 42 16 are
1579 2769 28 16 so
1624 2761 137 24 calculated

1222 2801 26 23 to
1261 2799 70 24 make
1342 2800 19 23 it
1372 2799 59 31 long
1442 2799 47 23 and
1502 2798 105 31 healthy
1619 2805 29 18 as
1657 2799 104 24 Wolfe's

1224 2837 140 31 Schnapps.
1400 2837 25 24 It
1453 2837 47 24 has
1531 2837 71 31 great
1635 2836 126 32 vitalising

1222 2878 123 32 qualities,
1359 2877 56 28 and,
1429 2884 33 17 on
1474 2878 105 23 account
1589 2876 28 25 of
1625 2876 34 24 its
1670 2876 91 31 perfect

1221 2917 91 31 purity,
1325 2915 45 25 has
1382 2915 91 30 always
1485 2914 61 24 been
1559 2922 15 16 a
1585 2915 71 30 great
1662 2914 98 25 favour-

1222 2957 34 23 ite
1273 2955 61 25 with
1346 2954 43 25 the
1406 2955 69 30 aged.
1511 2954 56 31 Buy
1579 2953 79 25 whole
1669 2953 92 25 bottles

1221 2996 27 24 in
1260 2994 105 32 original
1386 3001 129 24 wrappers,
1539 2993 51 24 and
1612 2992 84 25 deface
1718 2993 43 25 the

1221 3033 77 25 labels
1323 3032 65 26 after
1407 3040 52 17 use.

1221 3184 191 60 LOCAL
1431 3192 33 55 and
1490 3183 270 59 GENERAL

1254 3278 94 24 Gorse.
1351 3291 33 4 —
1384 3277 47 25 We
1448 3277 48 30 beg
1525 3278 25 22 to
1568 3277 67 23 draw
1664 3276 42 24 the
1723 3278 37 23 at-

1221 3320 95 26 tention
1326 3320 27 24 of
1363 3328 45 15 our
1419 3319 98 24 readers
1529 3321 26 22 to
1567 3319 43 24 the
1631 3318 91 26 Clause
1733 3319 27 24 in

1221 3364 43 24 the
1276 3363 88 24 Public
1382 3362 89 25 Works
1494 3361 48 26 Act
1564 3363 64 25 1894
1645 3363 28 23 in
1685 3363 75 24 refer-

1221 3415 60 17 ence
1292 3407 26 23 to
1330 3405 109 31 clearing
1450 3404 87 32 gbrse^
1700 3406 58 30 pub-

1221 3448 78 26 lished
1309 3448 28 24 in
1358 3448 49 24 this
1419 3448 76 24 isfiue.

1253 3503 131 25 Dramatic
1395 3502 226 25 Performance.—
1623 3501 77 26 Great
1706 3509 54 24 pre-

1219 3543 128 32 parations
1375 3551 41 16 are
1450 3542 73 30 being
1551 3542 74 24 made
1653 3542 39 24 for
1717 3541 43 25 the

1220 3585 204 26 Entertainment
1436 3591 33 18 on
1492 3584 62 24 New
1570 3584 91 24 Year's
1673 3583 85 32 Night,

1220 3628 61 26 both
1293 3628 44 25 the
1348 3628 58 31 lady
1416 3627 50 25 and
1482 3626 145 32 gentlemen
1650 3627 111 24 member

1220 3673 28 25 of
1272 3673 45 24 the
1351 3671 128 32 Company
1516 3669 63 26 have
1618 3671 45 24 not
1702 3670 58 32 only

1220 3715 152 31 thoroughly
1404 3715 83 24 learnt
1515 3713 66 25 their
1625 3713 135 31 respective

1219 3759 77 31 parts,
1309 3757 46 25 but
1366 3757 65 25 have
1451 3755 120 26 attended
1593 3755 44 25 the
1660 3755 99 25 rehear-

1220 3801 51 25 sals
1284 3809 26 17 so
1321 3799 148 33 punctually
1492 3799 55 25 that
1575 3798 59 31 they
1662 3805 41 18 are
1726 3798 35 24 all

1225 3843 55 25 well
1293 3851 33 22 up
1336 3845 27 22 to
1375 3842 43 27 the
1429 3842 114 24 business
1571 3841 29 25 of
1625 3840 44 25 the
1696 3841 64 24 Dra-

1225 3892 44 16 ma
1301 3884 51 24 and
1374 3884 44 24 the
1442 3883 87 24 Farce.
1564 3883 61 24 New
1653 3882 108 31 Scenery

1223 3925 51 26 will
1285 3925 32 24 be
1325 3924 102 32 painted
1436 3923 48 25 and
1495 3931 68 17 some
1569 3923 61 25 New
1637 3923 124 25 Members

1220 3967 52 25 will
1282 3967 73 24 make
1368 3966 62 25 their
1441 3965 56 26 first
1509 3972 153 25 appearance
1674 3972 33 17 on
1718 3966 43 24 the

1221 4013 78 28 stage.
1335 4008 54 25 The
1413 4016 122 24 manager
1562 4007 91 25 wishes
1676 4015 30 17 us
1735 4009 27 23 to

1221 4056 64 22 state
1297 4051 57 26 that
1366 4059 28 17 as
1410 4050 45 26 the
1477 4050 139 32 gentlemen
1638 4049 52 26 will
1712 4058 49 24 pay

1221 4096 39 24 for
1270 4095 44 25 the
1326 4094 61 25 Hall
1399 4093 51 25 and
1461 4092 64 33 good
1541 4093 82 25 music
1634 4092 33 33 by
1695 4092 67 26 their

1222 4137 137 26 admission
1369 4137 40 25 fee
1420 4137 28 33 2/
1458 4136 44 26 the
1514 4137 62 31 hope
1598 4136 22 24 is
1640 4130 123 37 fervently

1222 4179 131 33 expressed
1370 4179 57 26 that
1439 4179 42 25 the
1491 4178 78 25 ladies
1582 4177 52 26 will
1645 4177 31 35 dp
1696 4177 67 26 their

1222 4224 74 24 share
1307 4223 26 23 in
1345 4223 73 24 order
1441 4224 26 23 to
1493 4222 88 24 render
1608 4221 43 25 the
1679 4221 57 24 Ball
1748 4228 16 17 a

1223 4272 98 18 success
1332 4264 32 32 by
1375 4264 129 33 providing
1516 4271 15 18 a
1542 4263 65 33 good
1627 4263 89 32 supply
1738 4262 28 25 of

1224 4307 175 26 refreshments
1411 4307 50 25 and
1472 4306 19 25 if
1512 4315 72 24 every
1594 4305 60 32 lady
1677 4305 87 32 brings

1223 4352 65 29 her,
1291 4353 24 21 ft
1333 4350 76 28 there,
1424 4349 95 27 will.be
1541 4348 100 33 enough
1665 4348 50 25 and
1738 4349 27 24 to

1258 4436 126 25 Ladies—
1385 4436 71 25 don't
1484 4435 81 33 forget
1590 4433 62 25 New
1679 4433 87 25 Year's

1225 4479 90 32 Night.

1825 196 219 29 Watchmaker.—
2046 202 41 24 Mr
2099 204 29 23 F.
2142 203 30 24 B.
2185 204 72 25 Lane
2278 212 51 16 was

1789 239 91 26 unable
1902 243 25 23 to
1939 243 59 25 visit
2021 244 93 25 Oxford
2137 254 28 16 as
2187 247 140 24 advertised

1792 280 27 24 in
1831 289 45 17 our
1887 283 49 24 last
1948 284 76 31 issue,
2044 286 83 31 owing
2138 289 25 22 to
2180 287 40 25 his
2244 296 85 17 mana-

1789 331 44 24 ger
1843 325 73 33 being
1926 334 71 25 away
2005 328 111 32 through
2127 329 95 29 illness,
2233 331 33 24 he
2279 331 50 24 will

1789 367 113 26 however
1925 370 58 25 visit
2001 371 61 24 here
2073 380 33 16 on
2118 372 43 24 the
2173 373 70 28 27th,
2257 374 71 28 28th,

1789 410 49 23 and
1850 411 71 23 29th.

1823 467 101 26 Spobts.
1926 482 33 5 —
1960 469 53 25 The
2055 470 86 31 Sports
2183 472 145 25 Committee

1788 509 59 25 held
1859 519 15 17 a
1890 512 111 31 meeting
2012 520 32 18 on
2057 513 156 33 Wednesday
2225 515 43 24 the
2281 515 47 24 9th

1787 552 59 30 inst,
1872 554 50 24 and
1947 556 119 30 prepared
2087 565 14 14 a
2121 564 157 24 programme
2303 559 25 24 of

1789 596 84 24 events
1885 597 25 23 to
1928 597 28 24 be
1988 599 127 30 competed
2143 599 38 24 for
2209 608 34 17 on
2266 600 59 25 New

1789 637 90 24 Year's
1890 639 63 30 Day.
1987 640 35 23 As
2040 648 33 16 no
2085 642 100 23 tenders
2202 651 64 15 were
2289 651 37 16 re-

1789 678 84 25 ceived
1883 680 38 24 for
1932 680 44 25 the
1989 681 89 32 supply
2101 682 27 24 of
2137 684 188 30 refreshments,

1787 722 42 25 the
1843 722 146 26 Committee
2012 724 151 27 determined
2186 728 34 24 to'
2233 727 91 33 charge

1788 773 15 16 a
1813 766 39 24 fee
1863 767 27 24 to
1899 767 34 24 all
1945 775 93 17 comers
2047 769 26 23 in
2085 769 42 24 the
2145 770 109 25 Hawker
2267 772 57 23 line.

1789 807 52 24 The
1852 814 156 25 programme
2020 810 39 23 for
2070 811 43 23 the
2124 811 49 31 day
2183 811 22 25 is
2229 820 15 16 a
2266 820 60 24 very

1788 849 47 25 full
1846 858 54 22 one,
1930 851 49 24 and
2009 851 90 26 should
2126 854 101 30 provide
2244 855 83 32 ample

1789 896 153 24 amusement
1953 894 38 26 for
2002 903 102 23 persons
2114 896 27 26 of
2148 897 34 25 all
2194 906 66 23 ages.

1789 936 54 24 The
1855 936 179 26 Christchurch
2043 938 66 25 band
2116 940 51 24 will
2176 941 28 24 be
2216 942 110 31 engaged

1799 978 180 32 subscriptions
2002 981 100 32 coming
2121 989 35 24 up
2184 983 26 24 to
2240 991 85 23 expec-

1789 1018 100 25 tations.
1905 1023 5 6 '

1813 1072 125 24 ■Health'
1945 1073 104 27 ;Tea.-—
2048 1073 37 26 As
2093 1072 61 28 Ml'
2160 1076 43 25 be;
2214 1083 60 18 seen
2284 1077 41 31 iby

1789 1109 181 26 advertisment
1982 1112 133 31 appearing
2133 1112 28 24 in
2183 1114 51 25 this
2245 1114 80 31 issue,

1790 1149 41 24 Mr
1842 1149 32 29 F,
1892 1150 40 25 W.
1950 1151 142 25 Waterman
2101 1152 27 24 of
2139 1152 52 25 this
2201 1154 68 24 town
2280 1154 47 25 has

1789 1187 63 24 been
1861 1188 134 31 appointed
2003 1183 66 31 locai
2078 1191 75 30 agent
2161 1190 39 25 for
2208 1191 119 25 'Health'

1789 1227 59 27 Tea,
1861 1235 13 14 a
1885 1234 57 17 new
1953 1227 79 24 brand
2044 1228 27 23 of
2080 1228 106 25 blended
2198 1231 40 22 tea
2247 1231 80 23 which

1788 1262 48 25 has
1846 1263 79 33 lately
1935 1263 63 24 been
2009 1265 46 31 put
2067 1272 33 17 on
2123 1265 44 24 the
2184 1265 62 27 New
2265 1268 62 24 Zea-

1789 1303 61 25 land
1866 1303 105 26 market.
2007 1304 60 26 This
2088 1307 41 24 tea
2151 1305 56 31 has;
2226 1315 38 18 we
2286 1315 41 18 are

1789 1341 131 30 informed,
1933 1343 52 25 met
1996 1343 62 25 with
2069 1352 16 16 a
2095 1345 161 26 tremendous
2276 1347 51 24 sale

1788 1380 29 22 in
1828 1380 131 24 Australia
1967 1381 51 23 and
2022 1382 129 24 ♦wherever
2162 1383 21 23 it
2194 1383 47 24 has
2264 1383 63 24 been

1782 1416 154 35 -^introduced
1969 1417 55 25 into
2057 1418 50 26 this
2142 1420 98 31 colony.
2274 1420 53 25 The

1790 1463 99 25 sucgess
1900 1457 46 25 has
1957 1456 64 26 been
2033 1466 33 17 an
2085 1459 172 31 unparalleled
2272 1468 55 17 one.

1783 1540 4 3 -
1822 1524 151 26 Influenza.
1975 1540 28 3 —
2008 1526 62 25 Now
2089 1527 51 24 this
2168 1527 128 31 epidemic
2305 1529 24 23 is

1789 1567 131 32 becoming
1930 1567 128 32 prevalent
2067 1576 37 18 we
2116 1569 113 33 strongly
2237 1578 91 17 recom-

1790 1611 72 24 mend
1874 1611 43 25 the
1928 1611 50 25 free
1989 1618 45 19 use
2045 1611 28 26 of
2082 1612 215 32 Platypus-Brand
2304 1613 27 26 of

1789 1654 155 32 Eucalyptus
1959 1654 124 27 Globulus
2111 1656 113 30 Extract,
2253 1657 75 25 taken

1791 1705 66 24 upon
1880 1705 75 24 sugar
1982 1706 29 17 or
2029 1699 28 24 in
2080 1698 71 26 milk.
2187 1698 53 26 The
2262 1701 68 24 most

1789 1741 116 32 pleasant
1916 1749 54 25 way
1981 1743 25 24 to
2016 1742 56 25 tako
2084 1741 156 33 Eucalyptus
2262 1743 22 25 is
2301 1744 28 24 in

1790 1784 44 24 the
1865 1785 117 31 Platypus
2010 1785 88 24 Brand
2125 1785 28 25 of
2175 1786 153 31 Eucalyptus

1790 1827 116 33 Jujubes.
1942 1828 69 32 They
2024 1836 41 17 are
2076 1828 26 25 in
2118 1828 63 26 such
2193 1837 15 17 a
2218 1829 112 32 portable

1789 1868 71 28 form,
1872 1868 115 32 pleasant
1998 1870 26 24 to
2036 1870 73 28 taste,
2128 1868 132 33 antiseptic
2279 1870 50 25 and

1789 1912 140 24 stimulant.

1823 1980 55 24 This
1890 1981 97 24 Latest
1997 1981 162 25 Telephone.
2164 1995 30 6 —
2195 1981 54 26 The
2260 1982 66 26 Lon-

1789 2023 49 25 don
1859 2024 189 31 correspondent
2078 2025 27 24 of
2126 2025 43 24 the
2197 2026 131 31 Edinburg

1790 2066 133 32 •Evening
1935 2067 74 25 News
2018 2067 6 11 '
2037 2075 44 24 say
2102 2068 56 25 that
2169 2068 34 32 by
2224 2068 103 32 permis-

1790 2109 54 29 sion
1856 2110 27 27 of
1891 2110 70 24 Lord
1973 2109 75 26 Chief
2054 2110 97 26 Justice
2173 2112 101 25 Bussell
2295 2120 33 16 an

1789 2153 149 32 interesting
1949 2155 153 30 experiment
2123 2154 27 25 in
2162 2155 133 32 telephony
2306 2155 22 26 is

1790 2196 75 33 being
1876 2197 73 25 made
1961 2199 27 23 at
2017 2198 40 24 fhe
2079 2197 81 33 Eoyal
2189 2198 90 26 Courts
2301 2199 27 25 of

1790 2239 96 26 Justice
1906 2240 28 25 in
1956 2240 44 25 the
2017 2241 102 24 Strand.
2154 2241 63 25 This
2238 2241 23 26 is
2283 2242 45 25 the

1790 2284 119 32 adoption
1920 2286 27 23 of
1957 2284 44 26 the
2012 2286 93 31 system
2113 2285 85 26 which
2208 2287 45 25 has
2265 2286 61 26 been

1790 2328 65 26 tried
1873 2328 27 25 in
1910 2328 108 26 theatres
2031 2329 49 25 and
2101 2329 29 25 in
2141 2329 129 31 churches,
2297 2331 29 30 by

1790 2371 80 26 which
1886 2372 45 25 the
1947 2373 150 25 subscribers
2119 2374 26 24 to
2158 2380 15 17 a
2194 2373 133 32 telephone

1790 2415 127 33 exchange
1928 2423 42 17 are
1982 2415 55 26 able
2048 2418 27 23 to
2086 2416 63 25 hear
2159 2416 68 26 what
2248 2417 24 25 is
2284 2425 42 24 go-

1789 2459 44 30 ing
1850 2467 34 16 on
1905 2460 28 23 in
1944 2484 3 3 .
1956 2460 41 21 the
2014 2459 136 30 particular
2171 2467 72 17 room
2250 2477 3 3 .
2265 2460 61 24 with

1790 2501 82 25 which
1884 2501 44 25 the
1938 2500 133 33 telephone
2081 2502 56 24 wire
2147 2502 24 24 is
2182 2502 143 26 connected.

1790 2544 54 26 The
1855 2545 154 32 experiment
2027 2545 23 26 is
2062 2544 75 32 being
2161 2545 72 26 made
2243 2545 28 26 in
2283 2545 43 25 the

1790 2588 77 25 Court
1879 2588 28 25 of
1912 2587 44 26 the
1975 2587 69 26 Lord
2056 2587 73 26 Chief
2138 2587 96 26 Justice
2245 2588 81 25 where

1790 2632 138 31 advantage
1938 2632 22 24 is
1971 2631 75 32 being
2057 2632 76 24 taken
2145 2632 26 24 of
2180 2632 45 24 the
2232 2639 94 17 -recess

1790 2678 26 22 to
1827 2675 30 25 fit
1874 2683 16 17 a
1900 2675 108 25 receiver
2020 2676 64 24 close
2095 2676 28 24 to
2145 2675 44 25 the
2200 2675 88 29 bench,
2312 2683 15 17 a

1790 2719 89 25 second
1891 2720 26 23 at
1929 2719 42 24 the
1983 2718 61 25 desk
2055 2718 27 25 of
2098 2719 42 24 the
2152 2718 73 25 Clerk
2236 2719 28 24 of
2283 2718 44 25 the

1790 2761 82 29 Court,
1885 2769 29 17 or
1925 2761 121 24 associate
2057 2769 27 16 as
2095 2761 31 24 he
2136 2761 23 24 is
2170 2761 80 25 called
2258 2761 67 29 here,

1789 2803 51 25 and
1851 2811 16 16 a
1879 2803 68 25 third
1970 2804 25 23 at
2018 2803 42 24 the
2088 2804 121 24 counsel's
2237 2804 88 24 bench.

1790 2846 53 25 The
1855 2846 56 25 idea
1921 2846 23 25 is
1956 2846 55 24 that
2023 2846 123 24 solicitors
2158 2846 55 25 who
2224 2855 43 16 are
2288 2846 38 24 in-

1789 2890 107 24 terested
1907 2890 28 24 in
1947 2897 47 24 any
2013 2897 57 17 case
2091 2897 68 24 may,
2182 2888 34 33 by
2234 2889 93 32 having

1789 2933 66 24 tbeir
1867 2933 147 30 telephones
2042 2932 136 24 connected
2199 2933 63 24 with
2283 2933 44 23 the

1790 2971 76 25 Court
1881 2971 28 25 of
1919 2971 42 25 the
1973 2970 69 25 Lord
2055 2970 71 26 Chief
2135 2970 104 29 Justice,
2251 2971 75 25 listen

1787 3014 28 24 in
1827 3013 66 26 their
1905 3013 82 26 offices
2007 3020 27 17 or
2050 3013 142 25 residences
2215 3017 26 21 to
2260 3013 67 32 legal

1789 3058 145 30 arguments
1945 3056 84 25 which
2040 3064 42 17 are
2100 3057 126 24 advanced
2238 3065 33 16 on
2283 3057 45 24 the

1789 3107 47 17 one
1848 3100 52 24 side
1912 3107 29 17 or
1952 3099 43 24 the
2007 3100 81 29 other,
2102 3107 27 17 as
2141 3100 57 24 well
2208 3107 27 17 as
2246 3102 28 22 to
2285 3100 43 24 the

1789 3142 104 25 dicision
1913 3142 27 24 of
1961 3142 45 24 the
2025 3142 84 31 judge.
2145 3141 27 24 If
2194 3142 134 24 successful

1789 3185 43 25 the
1844 3186 94 31 system
1950 3184 51 25 will
2011 3184 31 25 be
2052 3184 147 25 introduced
2217 3185 55 24 into
2284 3185 44 24 the

1789 3228 72 23 other
1870 3229 91 22 courts.

1821 3297 15 24 I
1845 3305 51 16 was
1907 3297 100 31 pleased
2017 3299 25 22 to
2054 3297 60 24 hear
2122 3297 43 24 the
2175 3297 154 25 honourable

1788 3339 113 26 member
1912 3340 39 25 for
1962 3340 101 31 Selwyn
2075 3340 73 25 make
2164 3340 43 25 the
2217 3340 112 25 remarks

1788 3382 32 24 he
1831 3382 44 24 did
1885 3383 132 32 regarding
2029 3382 44 26 the
2084 3382 97 25 attacks
2193 3384 55 23 that
2266 3383 63 25 have

1788 3425 64 24 been
1863 3425 74 24 made
1948 3432 67 24 upon
2031 3425 133 30 myself,—
2165 3425 96 25 attacks
2273 3425 56 25 that

1788 3465 64 26 have
1868 3466 62 25 been
1955 3466 107 32 entirely
2084 3466 172 31 uncalled-for,
2280 3467 49 25 and

1788 3509 74 25 made
1874 3509 33 32 by
1917 3517 60 17 men
1988 3509 148 33 professing,
2151 3509 49 31 Sir,
2224 3512 28 23 to
2273 3510 56 25 lead

1788 3559 29 17 us
1829 3555 27 21 to
1868 3553 49 24 live
1925 3553 28 24 in
1965 3552 52 25 this
2029 3553 78 24 world
2118 3560 28 17 so
2158 3553 58 24 that
2224 3561 37 17 we
2270 3561 59 23 may

1788 3594 29 24 be
1828 3594 120 31 prepared
1958 3593 38 25 for
2007 3602 15 16 a
2045 3594 82 25 better
2146 3594 70 31 place
2237 3595 29 24 in
2285 3596 43 23 the

1788 3639 61 23 next
1877 3636 137 25 life—men
2035 3636 135 32 preaching
2203 3637 126 25 Christian

1788 3679 98 33 charity
1896 3679 51 25 and
1958 3680 181 30 forebearance,
2164 3681 52 24 arid
2237 3682 43 30 yet
2303 3683 26 22 at

1788 3723 43 24 the
1843 3730 68 17 same
1923 3723 70 29 time,
2005 3730 35 17 on
2056 3723 43 24 the
2110 3723 119 31 platform
2240 3723 51 24 and
2302 3724 26 23 in

1788 3765 43 25 the
1843 3766 115 24 columns
1967 3764 27 25 of
2000 3764 44 26 the
2052 3765 83 30 Press,
2144 3765 150 32 descending
2303 3767 26 23 to

1789 3808 134 31 scurrility,
1943 3807 51 25 and
2016 3808 76 30 using
2114 3809 77 23 terms
2212 3808 57 24 that
2287 3816 42 16 are

1788 3853 45 20 not
1843 3851 61 23 used
1916 3850 32 30 by
1960 3857 60 17 men
2031 3850 58 24 who
2108 3850 33 23 do
2160 3852 46 22 not
2228 3858 34 16 on
2286 3851 43 23 the

1788 3891 133 31 housetops
1948 3891 123 30 proclaim
2114 3891 153 25 themselves
2301 3899 28 16 as

1788 3933 81 25 better
1878 3933 63 25 than
1953 3933 64 24 their
2028 3933 105 28 fellows,
2143 3932 49 24 and
2200 3933 39 24 for
2248 3933 80 25 whom

1789 3975 69 24 there
1869 3975 84 31 might
1964 3975 31 24 be
2007 3982 68 17 some
2097 3982 99 17 excuse.
2242 3975 35 24 At
2296 3975 33 24 all

1789 4020 94 26 events,
1896 4018 76 24 abuse
1991 4017 56 25 and.
2064 4017 126 31 scurrility
2212 4017 52 24 will
2287 4019 44 22 not

1789 4060 70 25 deter
1869 4069 40 16 me
1920 4060 66 25 from
1997 4059 78 32 doing
2085 4059 68 26 what
2173 4059 15 25 I
2198 4059 94 26 believe
2304 4062 26 23 to

1789 4103 32 25 be
1832 4103 76 32 right.
1943 4103 67 25 lam
2028 4110 49 18 one
2087 4103 27 25 of
2125 4103 73 25 those
2220 4103 58 25 who
2301 4103 30 24 do

1790 4147 46 24 not
1847 4145 119 28 retaliate,
1979 4145 51 25 and
2040 4145 15 24 I
2066 4146 63 24 have
2148 4152 35 18 no
2204 4145 126 25 intention

1791 4188 27 25 of
1828 4188 77 32 doing
1916 4196 36 21 so,
1964 4187 46 25 but
2030 4187 69 25 what
2122 4187 48 25 has
2192 4187 64 25 been
2279 4187 52 25 said

1791 4231 52 24 will
1854 4233 46 23 not
1911 4231 69 24 defer
1990 4238 42 17 me
2043 4230 64 25 from
2130 4229 75 33 doing
2228 4230 69 25 what
2318 4231 13 23 I

1791 4274 96 26 believe
1898 4276 27 23 to
1935 4273 32 25 be
1977 4272 70 32 right
2058 4274 27 24 to
2094 4272 36 25 all
2141 4272 148 25 concerned.

1875 4318 44 26 ■Mr
1930 4319 98 24 Seddon
2040 4325 31 16 on
2082 4317 37 24 the
2130 4317 130 29 Licensing
2271 4318 60 23 Bill.

1826 4391 56 26 The
1890 4392 168 25 Paraekaretu
2069 4388 122 33 ExpresV
2205 4391 99 25 records
2319 4399 15 17 a

1794 4431 136 26 somewhat
1964 4430 158 26 remarkable
2155 4430 121 26 incident.
2311 4430 23 24 A

1794 4479 67 25 gang
1872 4471 27 26 of
1906 4478 58 18 men
1973 4478 63 19 were
2065 4469 112 35 engaged
2200 4470 98 33 cutting
2321 4479 13 16 a

2361 203 60 24 road
2433 211 34 23 up
2478 203 44 25 the
2538 204 144 32 Eangitikei
2711 205 55 25 cliff
2791 206 109 30 Opposite

2361 240 80 25 Three
2452 241 55 30 Log
2517 250 33 16 on
2573 242 94 31 Friday
2689 243 56 25 last.
2780 241 120 33 Through

2360 286 32 16 an
2405 286 66 17 error
2482 279 27 24 in
2522 280 43 23 the
2576 281 64 23 hour
2649 295 3 7 .
2663 281 41 24 the
2722 281 62 24 cook
2806 283 28 22 to
2856 282 42 24 the

2359 317 71 30 party
2441 324 64 23 rang
2515 317 44 25 the
2571 317 89 25 dinner
2673 317 50 26 bell
2733 317 88 26 fifteen
2832 317 66 26 min-

2359 357 55 23 utes
2425 356 83 24 before
2519 357 43 25 the
2583 358 73 24 usual
2676 359 70 28 time,
2776 358 49 25 and
2853 359 47 25 the

2359 401 57 17 men
2428 395 73 23 made
2512 403 33 17 no
2557 396 72 31 delay
2641 397 27 23 in
2691 397 142 31 answering
2853 397 43 25 the

2358 432 115 25 welcome
2480 434 56 24 call.
2573 436 115 30 Scarcely
2712 436 52 24 had
2780 436 60 31 they
2851 437 43 30 got

2358 472 83 23 seated
2453 472 78 27 when,
2538 481 14 16 a
2576 474 91 31 heavy*
2680 481 68 18 mass
2778 474 26 25 of
2831 482 64 23 papa

2357 509 125 31 weighing
2493 511 94 24 several
2597 512 58 23 tons
2666 511 74 25 broke
2749 519 70 23 away
2829 511 66 25 from

2357 546 42 24 the
2411 547 58 30 cliff,
2483 549 50 22 and
2542 548 44 24 fell
2596 549 172 31 immediately
2788 557 34 16 on
2844 549 51 24 and

2355 594 58 16 over
2425 586 43 24 the
2479 589 56 29 spot
2546 589 26 22 at
2583 588 81 23 which
2681 589 59 30 they
2752 588 50 23 had
2830 587 63 26 been

2355 623 119 31 working.
2508 624 42 25 All
2562 625 65 23 their
2649 625 72 29 tools,
2752 626 51 27 &c,
2833 633 63 17 were

2354 660 80 23 either
2444 660 87 24 buried
2543 669 27 15 or
2579 661 94 23 carried
2690 661 74 25 down
2776 663 42 23 the
2841 662 56 24 cliff
2899 671 2 8 '

2355 697 48 24 and
2414 697 69 25 there
2495 705 48 17 can
2554 698 31 24 be
2596 705 34 17 no
2647 698 147 25 reasonable
2816 698 79 25 doubt

2354 736 38 25 for
2403 736 44 25 the
2459 736 138 25 accidental
2609 744 67 17 error
2698 737 26 24 in
2737 738 42 24 the
2802 737 90 25 dinner

2354 776 71 23 hour-
2439 776 42 23 the
2493 775 79 25 whole
2594 784 67 23 gang
2689 777 26 24 of
2742 777 69 29 eight
2834 784 59 17 men

2354 814 70 22 must
2435 812 64 24 have
2526 813 115 30 perished
2664 813 140 32 miserably.
2839 813 55 25 The

2354 849 61 25 cook
2425 849 21 25 is
2459 851 25 23 to
2497 850 29 24 be
2537 850 138 30 promoted.

2388 916 79 24 There
2479 917 57 24 died
2547 918 27 24 in
2596 918 44 24 the
2662 916 152 33 Wellington
2827 918 66 25 Hos-

2354 955 62 30 pital
2427 955 90 25 within
2534 956 41 24 the
2597 956 51 24 last
2664 955 56 27 'few
2743 957 61 31 days
2817 958 9 31 (
2837 964 56 23 says

2354 992 44 24 the
2409 992 157 31 Wellington
2593 994 192 31 correspondent
2796 994 27 24 of
2849 994 44 25 the

2355 1031 144 32 Wairarapa
2510 1032 76 32 Daily
2592 1032 10 33 )
2615 1041 16 16 a
2641 1041 61 17 man
2723 1033 57 25 who
2801 1033 28 24 in
2852 1034 41 24 his

2354 1071 62 25 time
2427 1079 50 17 was
2485 1072 80 25 worth
2576 1072 87 35 Dearly
2672 1074 135 28 £100,000.
2842 1072 49 26 His

2355 1118 73 17 name
2450 1119 52 16 was
2531 1111 103 31 Spence,
2669 1112 50 25 and
2752 1112 42 25 old

2356 1149 117 26 Coasters
2495 1151 52 24 will
2569 1151 134 25 remember
2726 1152 55 24 that
2792 1151 28 24 in
2848 1151 44 24 the

2355 1190 87 31 palmy
2453 1189 59 32 days
2532 1190 27 25 of
2568 1191 42 24 the
2633 1191 58 31 gold
2713 1191 88 25 rushes
2823 1191 70 24 there

2354 1232 52 19 Was
2416 1234 35 17 no
2461 1228 128 24 Wealthier
2600 1236 28 16 or
2639 1229 80 24 better
2735 1230 94 22 known
2837 1229 54 23 firm

2355 1264 28 23 in
2394 1263 42 24 the
2445 1264 98 33 colony,
2564 1265 63 23 than
2655 1266 57 24 that
2740 1266 26 24 of
2795 1266 98 31 Spence

2357 1303 127 30 Brothers,
2507 1304 144 26 merchants
2668 1306 50 24 and
2740 1306 153 31 shipowners

2356 1342 27 24 of
2392 1342 158 31 Invercargill
2561 1342 127 31 Hokitika,
2702 1344 126 32 Westport
2844 1344 49 24 and

2357 1381 154 24 Melbourne.
2547 1382 58 24 The'
2611 1378 50 28 iate
2672 1383 42 23 Mr
2729 1384 103 29 Spence,
2844 1383 49 23 like

2355 1426 77 24 many
2444 1418 71 25 other
2526 1419 71 25 West
2615 1419 113 26 Coasters
2756 1419 45 26 fell
2825 1427 68 24 upon

2357 1458 47 24 evil
2415 1458 72 25 times
2498 1459 74 25 when
2584 1460 43 24 the
2646 1460 141 32 prosperity
2813 1459 27 25 of
2849 1460 44 25 the

2357 1497 75 26 Coast
2442 1498 80 32 began
2533 1500 27 24 to
2575 1507 80 22 wane,
2684 1500 51 25 and
2762 1500 62 25 with
2850 1500 43 25 the

2355 1536 90 25 failure
2456 1538 28 23 of
2503 1538 44 24 the
2568 1539 139 30 goldfields,
2730 1539 41 24 his
2794 1539 99 24 fortune

2355 1576 82 32 began
2448 1577 26 24 to
2485 1577 89 25 vanish
2585 1577 63 31 also,
2659 1578 67 25 until
2746 1579 27 24 at
2789 1578 50 25 last
2851 1578 42 25 the

2356 1615 67 31 large
2442 1614 115 27 business
2578 1615 33 33 by
2634 1615 82 26 which
2738 1616 42 25 his
2802 1624 91 24 energy

2357 1652 49 25 and
2417 1653 133 31 enterprise
2571 1654 34 24 he
2627 1654 50 24 had
2695 1654 130 32 gradually
2848 1655 44 31 got

2357 1692 112 32 together
2480 1692 96 33 slipped
2590 1701 68 24 away
2680 1694 65 24 from
2768 1694 64 29 him,
2845 1694 48 24 and

2357 1732 44 25 the
2411 1740 61 17 once
2482 1740 148 25 prosperous
2647 1734 131 24 merchant
2790 1734 57 24 died
2858 1734 35 24 al-

2358 1774 62 22 most
2432 1779 15 17 a
2457 1772 132 26 friendless
2601 1774 97 24 inmate
2709 1774 27 24 of
2761 1773 43 24 the
2827 1773 66 25 Wel-

2356 1808 97 32 lington
2481 1808 127 32 Hospital.
2662 1809 69 26 Such
2769 1817 43 17 are
2851 1810 42 24 the

2357 1847 106 25 chances
2475 1847 49 24 and
2541 1847 108 32 changes
2677 1847 28 26 of
2730 1847 52 25 this
2805 1847 88 25 mortal

2356 1885 52 24 life.

2389 1952 91 24 Eobert
2493 1952 81 29 Stout,
2587 1952 44 24 the
2642 1953 104 24 teetotal
2763 1952 95 24 fanatic
2869 1952 27 25 of

2357 1989 148 31 Maoriland,
2516 1990 53 25 still
2580 1991 54 30 gets
2646 1997 34 24 up
2698 1991 26 24 at
2735 1990 120 25 intervals
2867 1991 27 24 to

2356 2028 95 25 declare
2462 2028 120 33 wailfully
2593 2029 57 25 that
2678 2028 120 26 Ballance
2820 2028 72 26 when

2356 2075 32 18 on
2398 2068 41 24 his
2451 2068 75 25 death
2531 2068 65 30 -bed,
2610 2068 155 32 bequeathed
2784 2068 56 25 him
2850 2068 43 25 the

2355 2107 139 33 leadership
2505 2107 27 26 of
2540 2108 46 25 the
2597 2108 158 25 Democratic
2761 2108 73 31 party
2845 2107 48 26 and

2354 2147 58 26 that
2532 2147 113 33 brutally
2657 2147 50 25 and
2729 2147 164 32 aggressively

2352 2187 103 33 jumped
2483 2187 43 25 the
2691 2187 54 26 The
2783 2187 110 24 Bulletin

2355 2225 96 25 doesn't
2462 2225 49 24 like
2525 2225 97 26 Seddon
2634 2233 50 23 any
2695 2227 42 22 too
2748 2225 86 28 much,
2846 2224 47 25 but

2353 2262 22 27 It
2385 2263 63 26 likes
2459 2263 55 24 him
2527 2264 79 24 better
2618 2263 63 25 than
2699 2263 83 29 Stout,
2800 2262 38 25 for
2849 2262 45 26 the

2355 2309 88 17 reason
2454 2301 57 25 that
2525 2302 74 25 Stout
2620 2301 23 24 is
2672 2309 14 15 a
2698 2300 136 26 K.C.M.G.
2858 2300 35 25 al-

2354 2339 84 32 ready,
2451 2338 73 25 while
2537 2338 99 26 Seddon
2649 2338 22 24 is
2689 2340 59 29 only
2777 2338 117 31 thinking

2354 2377 28 25 of
2396 2376 129 32 becoming
2535 2384 57 17 one.
2615 2394 7 3 -
2629 2376 129 25 Moreover
2769 2375 21 25 it
2801 2375 92 31 objects

2354 2417 26 24 to
2393 2415 74 25 Stout
2479 2413 104 26 because
2607 2413 34 25 he
2657 2421 52 18 was
2732 2413 99 31 Vogel's
2853 2420 39 17 ac-

2354 2452 126 29 complice,
2493 2451 104 25 because
2608 2451 28 25 of
2657 2451 41 25 his
2721 2451 118 29 attempts
2867 2452 26 22 to

2354 2490 76 26 break
2456 2498 35 23 up
2512 2490 45 24 the
2579 2489 158 25 Democratic
2745 2500 5 3 -
2760 2489 78 31 party,
2852 2488 41 24 be-

2354 2536 73 18 cause
2438 2527 28 26 of
2474 2527 41 25 his
2526 2526 77 26 awful
2613 2526 61 25 land
2697 2528 73 30 grant
2793 2524 100 33 railway

2354 2568 51 25 and
2432 2566 53 25 still
2507 2573 70 17 more
2594 2565 104 25 because
2725 2564 31 25 he
2783 2563 109 33 publicly

2354 2606 66 31 wept
2430 2606 67 24 tears
2509 2604 26 25 of
2542 2604 44 32 joy
2598 2611 58 18 over
2667 2603 40 25 his
2718 2603 91 25 bauble
2820 2603 72 24 when

2354 2646 33 24 he
2398 2644 76 26 heard
2486 2644 56 25 that
2559 2644 32 25 he
2616 2643 51 25 had
2695 2643 78 25 fallen
2800 2643 54 24 into
2877 2650 15 17 a

2356 2683 163 33 knighthood.
2553 2682 60 24 Also
2624 2681 40 24 his
2676 2681 91 25 dismal
2787 2679 106 33 sobbing

2355 2731 58 18 over
2424 2723 41 24 his
2477 2722 96 32 alleged
2586 2721 85 25 claims
2683 2723 26 23 to
2721 2721 43 24 the
2772 2720 118 31 premier-

2354 2761 56 31 ship
2421 2761 23 24 is
2460 2768 61 22 very
2532 2759 146 28 wearisome,
2699 2758 50 25 and
2770 2758 41 24 his
2824 2759 68 30 story

2354 2794 22 31 is
2387 2801 43 23 too
2441 2799 56 24 thin
2509 2799 26 24 to
2546 2798 30 25 be
2584 2797 109 25 believed
2704 2797 33 32 by
2747 2804 49 24 any
2806 2804 86 24 grown

2355 2845 33 24 up
2400 2843 91 25 person
2514 2836 27 24 of
2560 2834 144 26 reasonable
2724 2834 166 31 intelligence.

2354 2876 52 24 The
2417 2874 59 25 Idea
2488 2874 56 25 that
2553 2873 128 28 Ballance,
2690 2872 57 25 who
2758 2879 50 18 was
2816 2871 76 25 about

2354 2914 44 24 the
2406 2912 120 26 brainiest
2537 2912 135 24 Democrat
2688 2911 28 24 in
2728 2910 162 29 Australasia,

2355 2952 89 26 should
2474 2952 63 24 have
2570 2950 125 32 professed
2722 2952 27 23 to
2765 2950 55 30 give
2848 2950 44 24 the

2354 2991 139 31 leadership
2502 2998 70 24 away
2580 2992 27 23 to
2617 2998 15 16 a
2643 2997 125 17 succossor
2779 2989 113 32 appoint-

2355 3029 31 26 ed
2398 3030 30 31 by
2448 3028 104 25 himself
2561 3036 28 17 as
2610 3027 23 25 if
2641 3028 21 24 it
2684 3036 50 17 was
2746 3036 15 16 a
2783 3027 66 31 piece
2867 3026 28 25 of

2355 3068 96 32 private
2462 3068 124 31 property,
2607 3067 22 24 is
2652 3065 107 30 absurd;
2772 3065 48 24 and
2849 3067 43 23 the

2354 3109 57 23 idea
2422 3107 66 25 that.
2492 3106 83 29 Stout,
2587 3107 92 30 lawyer
2697 3106 49 24 and
2756 3104 136 25 K.C.M.Gr.

2356 3145 90 25 should
2457 3144 26 24 oi
2494 3144 35 24 all
2541 3151 64 20 men,
2617 3142 64 24 have
2699 3142 64 24 been
2770 3142 56 24 that
2838 3149 54 17 suc-

2355 3190 90 21 cessor,
2454 3182 22 23 is
2487 3180 100 31 equally
2599 3180 100 24 absurd.
2735 3179 78 25 There
2833 3179 22 25 is
2878 3187 15 16 a

2356 3225 48 25 soft
2412 3224 49 25 and
2483 3223 134 26 uureliable
2641 3222 83 26 streak
2746 3224 27 23 in
2801 3222 92 24 Eobert

2358 3264 73 25 Stont
2441 3262 82 25 which
2534 3262 79 24 unfits
2625 3261 54 24 him
2698 3261 41 24 for-
2751 3260 141 31 leadership

2356 3301 51 24 and
2415 3300 119 24 Ballance
2546 3300 72 23 knew
2629 3299 21 23 it
2671 3305 28 17 as
2718 3297 57 25 well
2794 3305 28 16 as
2831 3305 63 23 -any

2356 3340 74 30 body.

2640 3377 48 23 The
2710 3376 116 24 Bulletin.

2441 3506 21 23 A
2488 3503 178 26 ROMANTIC
2692 3503 119 26 STORY.

2359 3597 2 6 ■
2390 3585 56 24 The
2455 3584 128 31 following
2603 3583 111 32 singular
2726 3584 70 30 story,
2808 3582 23 24 is
2843 3582 53 25 told

2359 3631 14 17 a
2385 3624 113 30 reporter
2507 3622 33 32 by
2552 3630 15 17 a
2589 3622 148 30 missionary
2760 3621 137 24 connected

2357 3661 61 24 with
2430 3669 48 16 one
2488 3660 29 25 of.
2521 3661 47 24 the
2587 3659 106 25 London
2705 3659 77 32 police
2794 3660 84 23 courts
2890 3668 6 21 ;

2357 3699 45 24 but
2427 3706 86 16 names
2537 3707 40 15 are
2605 3697 106 25 omitted
2733 3698 39 24 for
2794 3697 102 25 obvious

2357 3744 110 16 reasons.
2503 3735 76 25 Some
2596 3735 62 24 time
2670 3743 46 23 ago
2728 3735 43 23 the
2782 3734 114 24 husband

2357 3774 50 24 and
2418 3773 83 24 father
2511 3780 64 18 were
2586 3772 77 31 dying
2674 3772 65 25 from
2762 3779 135 23 consump-

2357 3810 63 25 tion.
2455 3810 54 24 The
2520 3818 59 22 poor
2593 3817 95 17 woman
2712 3808 119 25 obtained
2852 3809 48 24 her

2356 3849 111 30 diploma
2479 3848 51 23 and
2549 3856 16 16 a
2576 3847 74 31 fairly
2661 3848 63 30 good
2747 3847 152 24 connection

2356 3889 118 27 amongst
2483 3887 45 23 the
2539 3886 108 24 medical
2662 3887 147 29 profession.
2845 3887 55 22 One

2357 3923 27 25 of
2392 3924 47 23 her
2448 3923 110 30 patients
2569 3930 52 16 was
2632 3930 16 16 a
2653 3922 59 31 lady
2721 3922 110 25 stricken
2838 3922 62 24 with

2358 3962 74 24 fever.
2452 3962 69 24 Good
2533 3962 108 31 nursing
2650 3963 46 22 and
2705 3962 93 24 careful
2807 3962 93 24 wateh-

2358 4002 45 29 ing
2413 4000 71 24 alone
2496 4000 74 25 could
2581 4008 58 16 save
2650 4000 54 29 her,
2726 4000 53 25 and
2797 4001 53 24 this
2859 4002 43 23 the

2358 4047 76 17 nurse
2453 4047 62 24 gave
2539 4038 180 33 unstintingly.
2765 4040 56 24 The
2843 4039 59 34 lady

2358 4077 139 29 recovered,
2510 4077 50 24 and
2572 4084 52 17 was
2635 4076 54 26 told
2705 4078 60 25 that
2777 4078 47 25 she
2833 4080 70 23 owed

2358 4115 46 24 her
2412 4115 45 25 life
2468 4122 70 17 more
2550 4115 29 25 to
2588 4114 45 25 the
2645 4116 67 32 good
2720 4116 108 32 nursing
2839 4116 64 25 than

2360 4157 25 20 to
2397 4152 44 25 the
2452 4152 106 25 doctors.
2593 4152 55 25 One
2673 4154 49 32 day
2739 4154 109 32 recently
2860 4155 45 24 the

2359 4191 59 32 lady
2429 4193 75 23 wrote
2513 4193 27 23 to
2547 4191 45 26 the
2613 4193 151 32 missionary
2781 4195 123 24 mention-

2412 4229 90 33 asking
2512 4231 40 25 for
2573 4239 36 18 an
2613 4228 195 36 /appointment,'
2817 4241 29 17 as
2859 4234 47 25 she

2361 4268 95 24 wished
2466 4271 28 21 to
2505 4268 74 24 make
2590 4261 50 33 li«r
2662 4270 52 25 will
2724 4271 28 25 in
2771 4271 89 25 favour
2879 4272 29 25 of

2361 4306 42 24 the
2414 4313 86 17 nurse.
2535 4306 57 27 The
2615 4308 151 33 missionary
2777 4310 101 25 advised
2890 4319 15 16 a

2361 4351 75 24 purse
2448 4344 38 25 for
2491 4343 194 27 consideration.
2720 4347 60 24 Was
2789 4348 44 24 she
2841 4347 69 28 deal-

2362 4384 44 31 ing
2413 4383 80 33 justly
2505 4384 65 25 wifcli
2577 4385 45 25 her
2633 4386 113 25 relatives
2754 4388 11 23 ?
2784 4387 67 29 'Oh,
2863 4395 46 27 yes

2363 4423 45 25 th«
2421 4423 119 27 relatives
2563 4433 65 17 were
2645 4426 62 33 only
2734 4426 102 26 cousins
2859 4428 50 25 and

2364 4474 62 20 were
2438 4466 37 31 all,
2483 4468 83 26 richer
2578 4468 63 28 than
2657 4468 62 28 she.'
2768 4469 57 27 And
2848 4470 62 27 then

2922 218 4 11 •
2932 207 43 26 the
2986 206 59 34 lady
3055 207 78 27 inad'tf
3143 207 45 26 her
3199 208 51 25 will
3262 210 99 32 leaving
3377 213 94 28 £6,000

2931 249 25 22 to
2969 247 44 24 the
3023 255 62 23 poor
3096 247 91 26 wicfow
3198 248 51 25 and
3260 248 44 25 her
3316 250 68 26 three
3393 252 78 26 child-

2930 292 51 21 ren,
2994 285 51 23 and
3056 284 138 32 appointed
3212 285 41 25 the
3276 287 145 33 missionary
3443 294 27 21 a's

2922 323 123 24 .executor
3060 322 51 25 and
3132 344 2 7 :
3139 324 116 29 trustee,-
3275 325 61 24 with
3361 334 16 17 a
3396 329 73 24 small

2929 359 86 32 legacy
3026 361 38 24 for
3072 361 42 25 his
3122 363 98 25 trouble
3220 368 3 8 1
3222 369 10 19 ;

2928 520 142 29 LONDON
3092 524 160 30 EXPRESS
3285 526 181 30 WRECKED.

2919 615 4 5 •
2961 603 34 25 At
3007 612 33 17 an
3052 607 68 31 early
3142 608 65 25 hour
3229 616 48 18 one
3299 612 120 31 nAorning
3429 621 38 16 re-

2928 647 85 29 cently
3025 648 30 23 St
3066 648 111 25 Paneras
3190 652 100 24 station,
3309 651 30 24 of
3347 653 44 23 the
3403 654 64 24 Mid-

2928 686 61 25 land
3001 688 113 33 Railway
3123 690 137 34 Company,
3273 700 53 18 was
3337 693 46 25 the
3395 702 73 19 scene

2918 725 37 33 lof
2991 739 33 17 an
3064 734 123 33 alarming
3221 736 120 30 accident,
3372 739 95 32 though

2926 774 111 32 happily,
3039 778 164 24 unattended
3215 780 63 23 with
3293 780 51 25 loss
3361 782 27 23 of
3414 782 52 25 life.

2928 816 102 26 Several
3058 826 111 23 persons,
3198 820 125 30 however,
3344 831 62 17 were
3426 825 39 24 in-

2923 857 82 33 jured.
3039 861 25 24 It
3174 864 56 25 that
3239 865 44 24 the
3306 866 92 26 Scotch
3420 876 44 16 ex-

2925 910 69 23 press
3006 912 50 17 was
3066 906 48 24 due
3131 909 27 22 to
3185 908 150 33 Edinburgh
3365 913 26 23 at
3413 912 50 25 five

2926 946 108 26 minutes
3045 951 26 21 to
3088 948 74 32 eight,
3187 950 43 26 but
3242 960 32 16 on
3287 953 51 24 tins
3347 955 115 26 oecasion

2925 987 111 32 through
3046 991 85 31 delays
3144 993 76 24 which
3232 996 118 24 occurred
3373 1005 32 17 on
3418 998 43 25 the

2925 1030 51 26 line
2987 1033 75 24 north
3074 1034 28 24 of
3118 1035 112 31 Carlisle,
3260 1038 21 24 it
3304 1046 50 17 was
3376 1041 86 31 nearly

2925 1073 70 26 three
3006 1078 111 28 quarters
3128 1077 27 24 of
3162 1085 33 17 an
3204 1079 65 24 hour
3279 1080 60 24 late.
3374 1082 33 24 At
3419 1082 43 25 the

2926 1117 59 23 time
2997 1117 72 25 when
3082 1119 40 24 the
3134 1121 113 24 accident
3264 1124 116 24 occurred
3404 1126 59 31 only

2926 1166 47 17 one
2984 1167 28 16 or
3023 1162 48 23 two
3084 1161 25 25 of
3126 1160 44 26 the
3187 1166 141 31 company's
3359 1167 105 26 officials

2926 1202 50 23 and
2989 1204 193 32 comparatively
3192 1206 44 25 few
3259 1207 27 24 of
3306 1208 43 25 the
3371 1210 92 31 public,

2926 1251 64 17 were
3001 1252 32 16 on
3045 1245 40 25 No
3098 1247 13 23 6
3125 1247 92 25 arrival
3233 1249 126 30 platform,
3382 1252 80 25 which

2926 1292 51 19 was
3006 1287 42 26 the
3076 1296 73 19 scene
3187 1290 28 28 of
3240 1291 42 26 the
3310 1301 151 21 occurrence.

2926 1329 80 26 When
3020 1332 44 25 the
3076 1333 66 25 train
3167 1336 90 29 passed
3273 1336 109 34 through
3394 1340 68 24 Ken-

2926 1373 49 25 tish
3004 1374 77 26 Town
3093 1376 35 24 all
3139 1385 52 17 was
3219 1381 147 28 apparently
3387 1383 73 29 right,

2926 1415 50 24 and
2988 1417 95 25 neither
3094 1418 44 24 the
3155 1418 79 27 driver
3245 1429 47 16 nor
3301 1421 44 26 the
3355 1423 106 27 fireman

2925 1458 50 25 had
2987 1467 48 25 any
3053 1469 89 17 reason
3163 1464 26 24 to
3201 1471 105 25 suppose
3318 1466 43 25 the
3372 1467 88 27 brakes

2925 1511 61 16 were
3005 1506 42 23 out
3058 1505 28 24 of
3092 1506 78 25 order.
3206 1507 25 24 It
3241 1508 23 25 is
3282 1510 69 25 usual
3369 1511 39 25 for
3419 1512 41 24 the

2925 1545 82 25 driver
3029 1548 28 23 of
3069 1571 4 3 .
3083 1548 42 24 the
3153 1557 99 23 express
3275 1551 62 25 after
3359 1554 102 32 pasdng

2925 1587 106 27 Kentish
3045 1590 83 31 Town,
3151 1593 25 23 to
3205 1593 99 25 slacken
3328 1596 71 30 speed
3411 1597 49 24 and

2925 1631 52 26 this
2988 1633 44 25 the
3043 1634 82 25 driver
3144 1635 113 26 William
3288 1638 104 31 Turner,
3422 1642 37 23 at-

2925 1675 109 33 tempted
3045 1678 27 23 to
3085 1677 38 25 do.
3159 1677 79 33 Then,
3267 1680 39 25 for
3333 1682 42 25 the
3404 1684 55 25 first

2925 1718 60 25 time
2996 1719 21 25 it
3036 1719 101 27 became
3159 1725 120 29 apparent
3302 1725 54 25 that
3379 1732 79 20 soini-

2926 1760 72 33 thirig
3008 1771 50 17 was
3071 1772 82 24 wrong
3171 1767 62 23 with
3245 1767 43 24 the
3307 1769 150 31 machinery.

2926 1805 37 25 To
2974 1805 43 24 the
3029 1807 108 30 surprise
3149 1807 26 25 of
3181 1809 43 24 the
3236 1809 80 25 driver
3332 1811 43 24 the
3384 1811 75 26 brake

2926 1849 70 24 acted
3006 1857 26 17 so
3043 1849 156 35 imperfectly
3210 1852 56 25 that
3278 1853 34 24 all
3323 1854 39 25 his
3375 1855 84 25 efforts

2926 1893 26 24 to
2968 1892 89 31 reduce
3085 1894 43 25 the
3248 1905 50 16 was
3327 1900 48 23 met
3401 1900 58 24 with

2925 1935 63 25 little
3000 1943 106 18 success.
3141 1938 69 24 Both
3220 1939 33 24 he
3265 1939 50 24 arid
3337 1941 43 24 the
3403 1941 56 25 fire-

2925 1986 60 16 man
2998 1986 15 16 a
3024 1987 57 17 man
3109 1984 92 21 named
3231 1982 136 31 Shephard,
3397 1985 63 24 tried

2925 2029 71 23 every
3006 2023 103 24 method
3120 2023 28 24 of
3156 2023 144 33 slackening
3316 2027 79 29 speed,
3415 2027 44 25 but

2924 2063 44 25 the
2980 2065 140 32 machinery
3140 2067 82 24 would
3248 2069 46 24 not
3306 2088 4 3 .
3323 2070 47 23 act.
3405 2070 54 24 The

2925 2107 107 31 perilous
3043 2108 108 31 position
3163 2110 26 24 of
3200 2110 43 24 the
3266 2111 65 24 train
3344 2113 26 23 at
3398 2120 60 18 once

2924 2150 102 26 became
3049 2152 98 25 evident
3158 2153 26 24 to
3206 2152 60 28 both
3278 2162 67 20 men,
3370 2155 49 24 and
3431 2164 28 16 as

2924 2195 58 30 they
2993 2194 153 31 approached
3176 2195 30 25 St
3234 2195 110 26 Paneras
3366 2198 94 24 station

2925 2237 78 24 steam
3015 2244 50 17 was
3078 2238 57 23 shut
3155 2238 42 25 off.
3234 2239 73 25 Some
3330 2239 64 26 little
3412 2241 48 24 dis-

2925 2281 74 24 tance
3010 2288 54 24 way
3075 2281 74 26 from,
3158 2282 44 25 the
3229 2283 79 25 buffer
3330 2286 68 30 stops
3419 2285 43 25 the

2926 2323 82 25 driver
3030 2325 62 23 with
3101 2324 137 26 admirable
3249 2326 119 30 coolness,
3388 2329 73 24 made

2925 2367 104 23 another
3041 2367 72 25 effort
3125 2369 26 23 to
3161 2376 59 17 save
3232 2368 42 25 the
3286 2369 65 24 train
3380 2370 33 27 by
3423 2380 37 15 re-

2925 2409 98 32 versing
3034 2410 42 24 the
3088 2411 95 31 engine,
3194 2411 45 24 but
3250 2411 39 24 hi3
3300 2412 84 25 efforts
3396 2421 63 17 were

2924 2452 117 25 fruitless.
3077 2453 72 24 With
3176 2461 16 16 a
3218 2454 81 29 heavy
3324 2454 63 25 thud
3415 2457 44 23 the

2923 2493 120 32 powerful
3061 2494 89 32 engine
3172 2494 101 25 crashed
3295 2495 98 31 against
3415 2496 44 26 the

2923 2537 99 29 buffers,
3034 2536 146 33 completely
3189 2537 138 33 shattering
3333 2539 43 25 the
3388 2541 70 23 wood

2924 2580 50 24 and
2984 2580 123 25 ironwork
3118 2581 26 23 at
3156 2580 43 25 the
3210 2580 49 25 end
3281 2581 26 24 of
3330 2581 42 25 the
3393 2583 66 30 plat-

2923 2623 73 25 form.
3031 2624 80 31 Large
3118 2623 81 31 pieces
3210 2623 28 25 of
3247 2624 134 31 splintered
3389 2627 69 23 wood

2924 2667 50 26 and
2982 2667 79 33 heavy
3069 2667 80 32 pieces
3161 2667 28 25 of
3197 2667 55 26 iron
3264 2676 62 17 were
3339 2670 120 24 scattered

2921 2711 29 24 in
2967 2710 34 24 all
3013 2711 130 24 directions
3155 2712 48 23 and
3220 2712 43 24 the
3274 2713 70 23 wood
3355 2712 66 25 work
3432 2715 26 23 at

2923 2754 43 24 the
2978 2754 50 24 end
3038 2754 27 24 of
3074 2754 42 24 the
3127 2754 116 31 platform
3251 2762 48 17 was
3311 2756 148 31 completely

2923 2796 162 25 demolished.
3119 2797 69 24 Both
3210 2797 44 24 the
3275 2798 111 31 sleeping
3396 2806 61 17 cars,

2923 2839 82 24 which
3024 2847 59 16 were
3099 2841 62 22 next
3181 2841 26 23 to
3218 2841 44 22 the
3285 2841 94 30 engine,
3403 2847 54 17 sus-

2922 2882 85 26 tained
3043 2891 15 16 a
3097 2882 167 25 considerable
3300 2884 103 23 amount
3432 2883 29 24 of

2923 2926 111 30 damage.
3055 2947 4 2 .
3070 2926 163 31 Fortunately
3255 2926 72 23 there
3348 2934 64 16 were
3423 2934 34 16 no

2923 2976 145 24 passengers
3078 2968 28 24 in
3117 2967 86 30 either,
3215 2969 27 23 at
3252 2968 44 24 the
3308 2968 60 24 time
3379 2968 27 24 of
3415 2969 42 23 the

2924 3011 120 25 accident.
3080 3011 54 24 The
3145 3011 101 30 guard's
3271 3018 49 19 yan
3347 3010 112 25 however

2923 3054 82 25 which
3017 3062 51 17 was
3075 3053 88 32 placed
3179 3055 108 23 between
3300 3061 46 16 one
3368 3053 27 24 of
3415 3053 44 25 the

2925 3097 111 31 sleeping
3047 3105 54 16 cars
3113 3096 50 25 and
3174 3105 15 16 a
3198 3097 67 24 third
3276 3096 64 25 class
3352 3097 107 30 carriage

2924 3148 51 16 was
2984 3139 139 31 telescoped
3134 3139 50 24 and
3200 3139 116 25 reduced-
3329 3140 24 23 to
3365 3148 15 15 a
3391 3147 68 16 com-

2923 3182 67 31 plete
3026 3181 89 25 wreck.
3151 3181 52 25 The
3238 3181 85 25 Guard
3349 3189 16 17 a
3398 3189 61 17 man

2924 3225 92 26 named
3028 3225 97 31 George
3136 3224 97 29 Liddle,
3257 3232 26 17 as
3308 3232 58 16 soon
3389 3232 28 16 as
3428 3224 30 24 he

2925 3277 48 16 saw
2986 3267 54 26 that
3062 3276 33 15 an
3119 3267 112 24 accident
3241 3275 63 16 .-was
3325 3267 134 24 imminent

2926 3310 73 25 saved
3010 3310 41 25 his
3072 3309 43 25 life
3125 3309 33 31 by
3175 3309 119 31 jumping
3312 3310 44 23 out
3379 3316 30 16 on
3433 3309 27 23 to

2925 3353 42 25 the
2977 3352 125 32 platform.
3137 3350 26 26 It
3174 3350 22 26 is
3207 3350 110 26 believed
3326 3349 32 33 by
3369 3350 44 25 the
3424 3350 37 25 of-

2926 3395 79 25 ficials
3015 3395 56 25 that
3092 3394 45 25 the
3158 3401 119 24 presence
3296 3392 27 26 of
3348 3394 45 24 the
3414 3394 49 23 two

2927 3437 113 30 sleeping
3050 3444 55 16 cars
3115 3436 151 31 practically
3274 3435 135 30 prevented
3420 3435 45 24 the

2926 3480 81 26 whole
3028 3479 68 24 train
3116 3479 75 31 being
3209 3477 121 26 wracked.

3208 3531 5 5 -
3324 3521 107 24 Herald.

1150 44 174 34 OXFORD
1368 49 229 31 OBSERVER
1641 49 237 40 SATURDAY,
1920 54 236 33 DECEMBER
2186 60 50 33 22,
2281 60 79 28 1894

2963 3673 171 24 Babmaeds.—
3134 3671 33 25 ln
3176 3672 87 27 jE&tare
3270 3671 29 24 in
3306 3671 108 30 Norway
3425 3670 46 24 the

2929 3713 170 31 employment
3127 3711 28 25 of
3174 3719 97 17 women
3294 3710 51 25 and
3364 3710 60 31 girls
3443 3710 27 23 in

2929 3751 187 31 public-bouses
3127 3751 23 23 is
3158 3750 150 32 gaohibited.
3343 3749 33 25 In
3386 3749 85 24 future

2930 3790 43 23 the
2981 3786 116 32 publican
3108 3778 72 36 mu^lt
3190 3795 95 24 engage
3301 3794 69 21 men,
3381 3786 40 24 for
3428 3785 45 25 the

2930 3828 61 32 only
3010 3835 99 17 women
3137 3827 58 25 -who
3223 3835 48 16 can
3298 3834 57 17 now
3381 3825 92 32 legally

2931 3875 69 17 serve
3012 3868 30 23 ixL
3052 3867 44 24 the
3106 3866 49 27 bar
3165 3874 42 17 are
3230 3867 45 24 the
3292 3866 77 24 wives
3391 3866 25 24 of
3428 3865 50 25 the*

2930 3902 169 32 bar-keepers.
3132 3903 26 24 It
3169 3903 23 24 is
3231 3903 55 31 pity
3297 3903 42 26 tha
3356 3903 48 23 law
3416 3903 66 23 does,

2931 3943 46 23 not
2988 3950 40 22 go.
3031 3950 49 17 one
3092 3944 56 30 step
3158 3943 105 28 further,
3273 3941 49 25 and
3336 3941 141 31 absolutely,

2932 3981 82 24 forbid
3041 3989 62 19 ev<sa
3130 3981 46 25 the
3196 3982 87 24 wives.
3318 3981 54 24 The
3394 3981 88 28 masal;

2934 4020 160 30 atmosphea©
3104 4019 28 25 of
3141 4026 15 18 a
3167 4020 172 31 public-house
3367 4019 23 25 is
3418 4026 47 25 gen
3468 4033 8 13 r
3480 4040 4 2 .

2935 4056 79 32 erally
3026 4056 77 28 about
3113 4065 28 18 as
3165 4058 49 26 vile
3236 4064 30 19 aa
3286 4056 44 26 the
3357 4056 122 33 phystoal,

2936 4094 51 25 arid
2997 4095 99 27 neither
3112 4103 43 17 are
3165 4095 31 26 fit
3212 4096 38 24 fo*
3262 4095 59 32 girls
3332 4102 29 17 or
3370 4102 108 23 w«»n£n.

2937 4133 86 27 There;
3031 4141 42 18 are
3085 4136 48 23 two
3150 4131 102 28 reasons
3275 4134 55 30 why
3353 4132 128 32 bswnciftjds

2939 4181 40 17 are
2988 4174 127 31 employed
3128 4174 28 26 in
3168 4173 125 32 England:
3316 4173 46 25 the
3382 4173 98 30 gratis,

2939 4214 105 26 because
3056 4214 59 31 they
3127 4221 68 19 oome
3207 4214 108 31 cheaper
3327 4212 134 32 tb^.tnen
3475 4221 7 20 ;

2941 4251 50 26 aaad
2999 4250 44 25 the
3056 4251 93 25 necond
3169 4250 31 28 is,
3231 4250 59 32 they
3319 4252 95 29 s^to^act
3439 4250 45 25 the

2941 4288 123 28 brainless
3079 4288 63 27 fools
3151 4287 55 34 vvhp
3222 4288 137 31 haunts
3445 4287 41 24 for

2942 4326 51 30 the.
2997 4332 105 27 purpose
3113 4325 28 25 of
3150 4326 98 31 talking
3260 4326 123 32 w^anjS
3406 4325 79 26 chaff-

2941 4365 45 30 ing
2998 4364 44 26 the
3053 4364 69 33 girls,
3136 4363 75 25 while
3223 4364 38 28 t\#
3265 4369 20 31 j-
3301 4371 42 24 %re
3361 4363 125 30 spending

2941 4411 93 27 money
3045 4402 82 26 which
3139 4403 84 32 ougiyfc
3291 4402 31 31 b^e
3351 4404 73 30 spe^t
3452 4409 34 17 on

2944 4444 109 32 spiling
3063 4442 76 26 books
3150 4449 31 24 05
3198 4443 106 32 English
3329 4441 157 33 Gram.inar^,
