<?xml version="1.0" encoding="UTF-8"?>
<alto xmlns:xsi="http://www.w3.org/2001/XMLSchema-instance" xsi:noNamespaceSchemaLocation="//docstorage/impdata$/docWORKS/schema/alto-1-2.xsd" xmlns:xlink="http://www.w3.org/TR/xlink">
	<Description>
		<MeasurementUnit>mm10</MeasurementUnit>
		<sourceImageInformation>
			<fileName>//nasserver-9/impdata$/IN/NZ_5/OO/1894/12/22/00400.TIF</fileName>
		</sourceImageInformation>
		<OCRProcessing ID="OCRPROCESSING_1">
			<preProcessingStep>
				<processingSoftware>
					<softwareCreator>CCS Content Conversion Specialists GmbH, Germany</softwareCreator>
					<softwareName>CCS docWORKS</softwareName>
					<softwareVersion>6.2-1.18</softwareVersion>
				</processingSoftware>
			</preProcessingStep>
			<ocrProcessingStep>
				<processingSoftware>
					<softwareCreator>ABBYY (BIT Software), Russia</softwareCreator>
					<softwareName>Finereader</softwareName>
				</processingSoftware>
			</ocrProcessingStep>
		</OCRProcessing>
	</Description>
	<Styles>
		<TextStyle ID="TXT_0" FONTSIZE="14" FONTFAMILY="Courier New"/>
		<TextStyle ID="TXT_1" FONTSIZE="10" FONTFAMILY="Times New Roman"/>
		<TextStyle ID="TXT_2" FONTSIZE="10" FONTFAMILY="Times New Roman" FONTSTYLE="italics"/>
		<TextStyle ID="TXT_3" FONTSIZE="21" FONTFAMILY="Times New Roman"/>
		<TextStyle ID="TXT_4" FONTSIZE="14" FONTFAMILY="Times New Roman" FONTSTYLE="bold"/>
		<TextStyle ID="TXT_5" FONTSIZE="6" FONTFAMILY="Times New Roman" FONTSTYLE="bold"/>
		<TextStyle ID="TXT_6" FONTSIZE="15" FONTFAMILY="Times New Roman" FONTSTYLE="italics"/>
		<TextStyle ID="TXT_7" FONTSIZE="18" FONTFAMILY="Times New Roman" FONTSTYLE="bold"/>
		<TextStyle ID="TXT_8" FONTSIZE="20" FONTFAMILY="Times New Roman"/>
		<TextStyle ID="TXT_9" FONTSIZE="20" FONTFAMILY="Times New Roman" FONTSTYLE="italics"/>
		<TextStyle ID="TXT_10" FONTSIZE="1" FONTFAMILY="Times New Roman" FONTSTYLE="bold"/>
		<TextStyle ID="TXT_11" FONTSIZE="1" FONTFAMILY="Times New Roman" FONTSTYLE="bold italics"/>
		<TextStyle ID="TXT_12" FONTSIZE="16" FONTFAMILY="Times New Roman"/>
		<TextStyle ID="TXT_13" FONTSIZE="16" FONTFAMILY="Times New Roman" FONTSTYLE="italics"/>
		<TextStyle ID="TXT_14" FONTSIZE="15" FONTFAMILY="Times New Roman" FONTSTYLE="bold"/>
		<TextStyle ID="TXT_15" FONTSIZE="14" FONTFAMILY="Times New Roman"/>
		<TextStyle ID="TXT_16" FONTSIZE="13" FONTFAMILY="Times New Roman"/>
		<TextStyle ID="TXT_17" FONTSIZE="9" FONTFAMILY="Times New Roman"/>
		<TextStyle ID="TXT_18" FONTSIZE="17" FONTFAMILY="Times New Roman" FONTSTYLE="bold"/>
		<TextStyle ID="TXT_19" FONTSIZE="19" FONTFAMILY="Times New Roman"/>
		<TextStyle ID="TXT_20" FONTSIZE="15" FONTFAMILY="Times New Roman"/>
		<TextStyle ID="TXT_21" FONTSIZE="12" FONTFAMILY="Times New Roman"/>
		<TextStyle ID="TXT_22" FONTSIZE="12" FONTFAMILY="Courier New"/>
		<TextStyle ID="TXT_23" FONTSIZE="4" FONTFAMILY="Courier New" FONTSTYLE="bold"/>
		<TextStyle ID="TXT_24" FONTSIZE="8" FONTFAMILY="Times New Roman"/>
		<TextStyle ID="TXT_25" FONTSIZE="11" FONTFAMILY="Times New Roman"/>
		<TextStyle ID="TXT_26" FONTSIZE="18" FONTFAMILY="Times New Roman" FONTSTYLE="italics"/>
		<TextStyle ID="TXT_27" FONTSIZE="18" FONTFAMILY="Times New Roman"/>
		<TextStyle ID="TXT_28" FONTSIZE="16" FONTFAMILY="Times New Roman" FONTSTYLE="bold"/>
		<TextStyle ID="TXT_29" FONTSIZE="9" FONTFAMILY="Times New Roman" FONTSTYLE="italics"/>
		<TextStyle ID="TXT_30" FONTSIZE="9" FONTFAMILY="Times New Roman" FONTSTYLE="bold"/>
		<TextStyle ID="TXT_31" FONTSIZE="22" FONTFAMILY="Arial" FONTSTYLE="bold"/>
		<TextStyle ID="TXT_32" FONTSIZE="8" FONTFAMILY="Times New Roman" FONTSTYLE="bold"/>
		<TextStyle ID="TXT_33" FONTSIZE="37" FONTFAMILY="Times New Roman" FONTSTYLE="bold"/>
		<TextStyle ID="TXT_34" FONTSIZE="25" FONTFAMILY="Times New Roman" FONTSTYLE="bold"/>
		<TextStyle ID="TXT_35" FONTSIZE="37" FONTFAMILY="Times New Roman"/>
		<TextStyle ID="TXT_36" FONTSIZE="11" FONTFAMILY="Times New Roman" FONTSTYLE="italics"/>
		<TextStyle ID="TXT_37" FONTSIZE="33" FONTFAMILY="Times New Roman" FONTSTYLE="bold"/>
		<TextStyle ID="TXT_38" FONTSIZE="19" FONTFAMILY="Times New Roman" FONTSTYLE="bold"/>
		<TextStyle ID="TXT_39" FONTSIZE="19" FONTFAMILY="Times New Roman" FONTSTYLE="bold italics"/>
		<TextStyle ID="TXT_40" FONTSIZE="38" FONTFAMILY="Arial" FONTSTYLE="bold"/>
		<TextStyle ID="TXT_41" FONTSIZE="6" FONTFAMILY="Times New Roman" FONTSTYLE="bold italics"/>
		<TextStyle ID="TXT_42" FONTSIZE="18" FONTFAMILY="Arial" FONTSTYLE="bold"/>
		<TextStyle ID="TXT_43" FONTSIZE="7" FONTFAMILY="Times New Roman"/>
		<TextStyle ID="TXT_44" FONTSIZE="2" FONTFAMILY="Arial"/>
		<TextStyle ID="TXT_45" FONTSIZE="2" FONTFAMILY="Arial" FONTSTYLE="italics"/>
		<TextStyle ID="TXT_46" FONTSIZE="19" FONTFAMILY="Times New Roman" FONTSTYLE="italics"/>
		<TextStyle ID="TXT_47" FONTSIZE="15" FONTFAMILY="Arial" FONTSTYLE="bold"/>
		<TextStyle ID="TXT_48" FONTSIZE="12" FONTFAMILY="Times New Roman" FONTSTYLE="bold"/>
		<ParagraphStyle ID="PAR_CENTER" ALIGN="Center"/>
		<ParagraphStyle ID="PAR_LEFT" ALIGN="Left"/>
	</Styles>
	<Layout>
		<Page ID="P4" PHYSICAL_IMG_NR="4" HEIGHT="4580" WIDTH="3550" ACCURACY="98.00">
			<TopMargin ID="P4_TM00001" HPOS="0" VPOS="0" WIDTH="3550" HEIGHT="42"/>
			<LeftMargin ID="P4_LM00001" HPOS="0" VPOS="42" WIDTH="38" HEIGHT="4429"/>
			<RightMargin ID="P4_RM00001" HPOS="3514" VPOS="42" WIDTH="36" HEIGHT="4429"/>
			<BottomMargin ID="P4_BM00001" HPOS="0" VPOS="4471" WIDTH="3550" HEIGHT="109"/>
			<PrintSpace ID="P4_PS00001" HPOS="38" VPOS="42" WIDTH="3476" HEIGHT="4429">
				<TextBlock ID="P4_TB00001" HPOS="1183" VPOS="42" WIDTH="1213" HEIGHT="43" STYLEREFS="TXT_0 PAR_CENTER">
					<TextLine ID="P4_TL00001" HPOS="1184" VPOS="43" WIDTH="1212" HEIGHT="42">
						<String ID="P4_ST00001" HPOS="1184" VPOS="54" WIDTH="172" HEIGHT="31" CONTENT="OXFORD" WC="0.91" CC="022011"/>
						<SP ID="P4_SP00001" HPOS="1356" VPOS="85" WIDTH="45"/>
						<String ID="P4_ST00002" HPOS="1401" VPOS="52" WIDTH="225" HEIGHT="31" CONTENT="OBSERVER" WC="0.94" CC="01101211"/>
						<SP ID="P4_SP00002" HPOS="1626" VPOS="85" WIDTH="45"/>
						<String ID="P4_ST00003" HPOS="1671" VPOS="50" WIDTH="240" HEIGHT="35" CONTENT="SATURDAY," WC="0.94" CC="210110111"/>
						<SP ID="P4_SP00003" HPOS="1911" VPOS="85" WIDTH="50"/>
						<String ID="P4_ST00004" HPOS="1961" VPOS="44" WIDTH="233" HEIGHT="35" CONTENT="DECEMBER" WC="0.93" CC="11120121"/>
						<SP ID="P4_SP00004" HPOS="2194" VPOS="85" WIDTH="21"/>
						<String ID="P4_ST00005" HPOS="2215" VPOS="44" WIDTH="51" HEIGHT="34" CONTENT="22," WC="0.90" CC="013"/>
						<SP ID="P4_SP00005" HPOS="2266" VPOS="85" WIDTH="41"/>
						<String ID="P4_ST00006" HPOS="2307" VPOS="43" WIDTH="89" HEIGHT="29" CONTENT="1894." WC="0.92" CC="01121"/>
					</TextLine>
				</TextBlock>
				<TextBlock ID="P4_TB00002" HPOS="2921" VPOS="4154" WIDTH="556" HEIGHT="317" STYLEREFS="TXT_1 PAR_LEFT">
					<TextLine ID="P4_TL00002" HPOS="2936" VPOS="4222" WIDTH="541" HEIGHT="44">
						<String ID="P4_ST00007" HPOS="2936" VPOS="4222" WIDTH="106" HEIGHT="27" CONTENT="Printed" WC="0.90" CC="1222101"/>
						<SP ID="P4_SP00006" HPOS="3042" VPOS="4249" WIDTH="22"/>
						<String ID="P4_ST00008" HPOS="3064" VPOS="4226" WIDTH="51" HEIGHT="26" CONTENT="and" WC="0.64" CC="164"/>
						<SP ID="P4_SP00007" HPOS="3115" VPOS="4252" WIDTH="39"/>
						<String ID="P4_ST00009" HPOS="3154" VPOS="4228" WIDTH="140" HEIGHT="29" CONTENT="Published" WC="0.68" CC="210502981"/>
						<SP ID="P4_SP00008" HPOS="3294" VPOS="4257" WIDTH="28"/>
						<String ID="P4_ST00010" HPOS="3322" VPOS="4235" WIDTH="32" HEIGHT="31" CONTENT="Ly" WC="1.00" CC="00"/>
						<SP ID="P4_SP00009" HPOS="3354" VPOS="4266" WIDTH="35"/>
						<String ID="P4_ST00011" HPOS="3389" VPOS="4235" WIDTH="88" HEIGHT="26" CONTENT="Laura" WC="0.93" CC="01121"/>
					</TextLine>
					<TextLine ID="P4_TL00003" HPOS="2969" VPOS="4262" WIDTH="508" HEIGHT="43">
						<String ID="P4_ST00012" HPOS="2969" VPOS="4262" WIDTH="83" HEIGHT="26" CONTENT="Annie" WC="0.88" CC="12302"/>
						<SP ID="P4_SP00010" HPOS="3052" VPOS="4288" WIDTH="22"/>
						<String ID="P4_ST00013" HPOS="3074" VPOS="4264" WIDTH="104" HEIGHT="33" CONTENT="Parish," WC="0.83" CC="1112152"/>
						<SP ID="P4_SP00011" HPOS="3178" VPOS="4297" WIDTH="15"/>
						<String ID="P4_ST00014" HPOS="3193" VPOS="4266" WIDTH="37" HEIGHT="28" CONTENT="\at" WC="0.88" CC="311"/>
						<SP ID="P4_SP00012" HPOS="3230" VPOS="4297" WIDTH="23"/>
						<String ID="P4_ST00015" HPOS="3253" VPOS="4269" WIDTH="47" HEIGHT="26" CONTENT="her" WC="0.69" CC="711"/>
						<SP ID="P4_SP00013" HPOS="3300" VPOS="4297" WIDTH="31"/>
						<String ID="P4_ST00016" HPOS="3331" VPOS="4271" WIDTH="146" HEIGHT="34" CONTENT="Registered" WC="0.84" CC="9014101001"/>
					</TextLine>
					<TextLine ID="P4_TL00004" HPOS="2969" VPOS="4299" WIDTH="508" HEIGHT="45">
						<String ID="P4_ST00017" HPOS="2969" VPOS="4304" WIDTH="119" HEIGHT="36" CONTENT="Printing" WC="0.93" CC="11010121"/>
						<SP ID="P4_SP00014" HPOS="3088" VPOS="4340" WIDTH="11"/>
						<String ID="P4_ST00018" HPOS="3099" VPOS="4306" WIDTH="86" HEIGHT="34" CONTENT="Office;" WC="0.77" CC="1333042"/>
						<SP ID="P4_SP00015" HPOS="3185" VPOS="4340" WIDTH="23"/>
						<String ID="P4_ST00019" HPOS="3208" VPOS="4306" WIDTH="69" HEIGHT="38" CONTENT="Hi^" WC="0.56" CC="139"/>
						<String ID="P4_ST00020" HPOS="3286" VPOS="4299" WIDTH="14" HEIGHT="23" CONTENT="H" WC="0.56" CC="4"/>
						<String ID="P4_ST00021" HPOS="3302" VPOS="4314" WIDTH="92" HEIGHT="29" CONTENT="Streel;" WC="0.91" CC="2111012"/>
						<SP ID="P4_SP00016" HPOS="3394" VPOS="4344" WIDTH="23"/>
						<String ID="P4_ST00022" HPOS="3417" VPOS="4318" WIDTH="60" HEIGHT="26" CONTENT="East" WC="0.70" CC="2172"/>
					</TextLine>
					<TextLine ID="P4_TL00005" HPOS="2970" VPOS="4348" WIDTH="432" HEIGHT="40">
						<String ID="P4_ST00023" HPOS="2970" VPOS="4348" WIDTH="101" HEIGHT="29" CONTENT="Oxford," WC="0.71" CC="1610191"/>
						<SP ID="P4_SP00017" HPOS="3071" VPOS="4377" WIDTH="11"/>
						<String ID="P4_ST00024" HPOS="3082" VPOS="4351" WIDTH="165" HEIGHT="37" CONTENT="Canterbury." WC="0.77" CC="19920111111"/>
						<SP ID="P4_SP00018" HPOS="3247" VPOS="4388" WIDTH="138"/>
						<String ID="P4_ST00025" HPOS="3385" VPOS="4350" WIDTH="17" HEIGHT="10" CONTENT='"' WC="0.04" CC="9"/>
					</TextLine>
					<TextLine ID="P4_TL00006" HPOS="2980" VPOS="4400" WIDTH="444" HEIGHT="38">
						<String ID="P4_ST00026" HPOS="2980" VPOS="4400" WIDTH="132" HEIGHT="28" CONTENT="Saturday" WC="0.84" CC="41122112"/>
						<SP ID="P4_SP00019" HPOS="3112" VPOS="4428" WIDTH="15"/>
						<String ID="P4_ST00027" HPOS="3127" VPOS="4403" WIDTH="142" HEIGHT="30" CONTENT="December" WC="0.82" CC="30422022"/>
						<SP ID="P4_SP00020" HPOS="3269" VPOS="4433" WIDTH="16"/>
						<String ID="P4_ST00028" HPOS="3285" VPOS="4409" WIDTH="45" HEIGHT="29" CONTENT="22," WC="0.67" CC="721" STYLEREFS="TXT_2"/>
						<SP ID="P4_SP00021" HPOS="3330" VPOS="4438" WIDTH="27"/>
						<String ID="P4_ST00029" HPOS="3357" VPOS="4411" WIDTH="67" HEIGHT="27" CONTENT="1894" WC="0.87" CC="0114"/>
					</TextLine>
				</TextBlock>
				<ComposedBlock ID="P4_CB00001" HPOS="2919" VPOS="175" WIDTH="595" HEIGHT="3970" TYPE="Advertisement">
					<TextBlock ID="P4_TB00003" HPOS="2919" VPOS="175" WIDTH="595" HEIGHT="3970" STYLEREFS="TXT_1 PAR_LEFT">
						<TextLine ID="P4_TL00007" HPOS="2928" VPOS="188" WIDTH="549" HEIGHT="106">
							<String ID="P4_ST00030" HPOS="2928" VPOS="205" WIDTH="172" HEIGHT="51" CONTENT="WATCH" WC="0.91" CC="30002" STYLEREFS="TXT_3"/>
							<SP ID="P4_SP00022" HPOS="3100" VPOS="256" WIDTH="44"/>
							<String ID="P4_ST00031" HPOS="3144" VPOS="188" WIDTH="159" HEIGHT="106" CONTENT="g*||" WC="0.77" CC="2422" STYLEREFS="TXT_3"/>
							<SP ID="P4_SP00023" HPOS="3303" VPOS="294" WIDTH="28"/>
							<String ID="P4_ST00032" HPOS="3331" VPOS="206" WIDTH="146" HEIGHT="51" CONTENT="CLOCK" WC="0.89" CC="21021" STYLEREFS="TXT_3"/>
						</TextLine>
						<TextLine ID="P4_TL00008" HPOS="3055" VPOS="368" WIDTH="302" HEIGHT="34">
							<String ID="P4_ST00033" HPOS="3055" VPOS="368" WIDTH="302" HEIGHT="34" CONTENT="FITTED" WC="0.77" CC="610133" STYLEREFS="TXT_4"/>
						</TextLine>
						<TextLine ID="P4_TL00009" HPOS="3198" VPOS="426" WIDTH="30" HEIGHT="15">
							<String ID="P4_ST00034" HPOS="3198" VPOS="426" WIDTH="30" HEIGHT="15" CONTENT="AT" WC="0.94" CC="11" STYLEREFS="TXT_5"/>
						</TextLine>
						<TextLine ID="P4_TL00010" HPOS="2954" VPOS="464" WIDTH="501" HEIGHT="47">
							<String ID="P4_ST00035" HPOS="2954" VPOS="464" WIDTH="183" HEIGHT="35" CONTENT="Parish's" WC="0.90" CC="01000071" STYLEREFS="TXT_6"/>
							<SP ID="P4_SP00024" HPOS="3137" VPOS="499" WIDTH="29"/>
							<String ID="P4_ST00036" HPOS="3166" VPOS="466" WIDTH="103" HEIGHT="35" CONTENT="East" WC="0.80" CC="4032" STYLEREFS="TXT_6"/>
							<SP ID="P4_SP00025" HPOS="3269" VPOS="501" WIDTH="24"/>
							<String ID="P4_ST00037" HPOS="3293" VPOS="466" WIDTH="162" HEIGHT="45" CONTENT="Oxford." WC="0.88" CC="0511011" STYLEREFS="TXT_6"/>
						</TextLine>
						<TextLine ID="P4_TL00011" HPOS="2938" VPOS="621" WIDTH="317" HEIGHT="47">
							<String ID="P4_ST00038" HPOS="2938" VPOS="621" WIDTH="317" HEIGHT="47" CONTENT="WEETHEIM" WC="0.88" CC="12211112" STYLEREFS="TXT_7"/>
						</TextLine>
						<TextLine ID="P4_TL00012" HPOS="3118" VPOS="717" WIDTH="250" HEIGHT="47">
							<String ID="P4_ST00039" HPOS="3118" VPOS="717" WIDTH="250" HEIGHT="47" CONTENT="SINGER'S" WC="0.76" CC="23322225" STYLEREFS="TXT_7"/>
						</TextLine>
						<TextLine ID="P4_TL00013" HPOS="2981" VPOS="920" WIDTH="454" HEIGHT="46">
							<String ID="P4_ST00040" HPOS="2981" VPOS="920" WIDTH="205" HEIGHT="44" CONTENT="MACHINE" WC="0.92" CC="2011011" STYLEREFS="TXT_7"/>
							<SP ID="P4_SP00026" HPOS="3186" VPOS="964" WIDTH="48"/>
							<String ID="P4_ST00041" HPOS="3234" VPOS="923" WIDTH="201" HEIGHT="43" CONTENT="NEEDLES" WC="0.84" CC="2101025" STYLEREFS="TXT_7"/>
						</TextLine>
						<TextLine ID="P4_TL00014" HPOS="2952" VPOS="1009" WIDTH="513" HEIGHT="63">
							<String ID="P4_ST00042" HPOS="2952" VPOS="1009" WIDTH="122" HEIGHT="50" CONTENT="From" WC="0.51" CC="2278" STYLEREFS="TXT_8"/>
							<SP ID="P4_SP00027" HPOS="3074" VPOS="1059" WIDTH="33"/>
							<String ID="P4_ST00043" HPOS="3107" VPOS="1011" WIDTH="72" HEIGHT="55" CONTENT="I/-" WC="0.84" CC="302" STYLEREFS="TXT_8"/>
							<SP ID="P4_SP00028" HPOS="3179" VPOS="1066" WIDTH="5"/>
							<String ID="P4_ST00044" HPOS="3184" VPOS="1023" WIDTH="106" HEIGHT="49" CONTENT="&gt;pr" WC="0.65" CC="451" STYLEREFS="TXT_8"/>
							<SP ID="P4_SP00029" HPOS="3290" VPOS="1072" WIDTH="21"/>
							<String ID="P4_ST00045" HPOS="3311" VPOS="1013" WIDTH="154" HEIGHT="50" CONTENT="Mun." WC="0.69" CC="2541" STYLEREFS="TXT_9"/>
						</TextLine>
						<TextLine ID="P4_TL00015" HPOS="2930" VPOS="1730" WIDTH="423" HEIGHT="44">
							<String ID="P4_ST00046" HPOS="2930" VPOS="1732" WIDTH="26" HEIGHT="35" CONTENT="-:'" WC="0.91" CC="111" STYLEREFS="TXT_10"/>
							<SP ID="P4_SP00030" HPOS="2956" VPOS="1767" WIDTH="27"/>
							<String ID="P4_ST00047" HPOS="2983" VPOS="1730" WIDTH="67" HEIGHT="40" CONTENT="■'.'■■'■■" WC="0.91" CC="111211131" STYLEREFS="TXT_11"/>
							<SP ID="P4_SP00031" HPOS="3050" VPOS="1770" WIDTH="31"/>
							<String ID="P4_ST00048" HPOS="3081" VPOS="1743" WIDTH="21" HEIGHT="28" CONTENT='."' WC="0.98" CC="10" STYLEREFS="TXT_11"/>
							<SP ID="P4_SP00032" HPOS="3102" VPOS="1771" WIDTH="35"/>
							<String ID="P4_ST00049" HPOS="3137" VPOS="1739" WIDTH="11" HEIGHT="35" CONTENT=",'" WC="0.91" CC="11" STYLEREFS="TXT_11"/>
							<SP ID="P4_SP00033" HPOS="3148" VPOS="1774" WIDTH="51"/>
							<String ID="P4_ST00050" HPOS="3199" VPOS="1741" WIDTH="42" HEIGHT="22" CONTENT="AT" WC="0.93" CC="11" STYLEREFS="TXT_10"/>
							<String ID="P4_ST00051" HPOS="3251" VPOS="1765" WIDTH="4" HEIGHT="2" CONTENT="-" WC="0.93" CC="1" STYLEREFS="TXT_10"/>
							<SP ID="P4_SP00034" HPOS="3255" VPOS="1774" WIDTH="96"/>
							<String ID="P4_ST00052" HPOS="3351" VPOS="1762" WIDTH="2" HEIGHT="2" CONTENT="•" WC="0.96" CC="1" STYLEREFS="TXT_10"/>
						</TextLine>
						<TextLine ID="P4_TL00016" HPOS="2993" VPOS="1822" WIDTH="429" HEIGHT="34">
							<String ID="P4_ST00053" HPOS="2993" VPOS="1822" WIDTH="54" HEIGHT="30" CONTENT="Jr" WC="0.67" CC="25" STYLEREFS="TXT_4"/>
							<SP ID="P4_SP00035" HPOS="3047" VPOS="1852" WIDTH="12"/>
							<String ID="P4_ST00054" HPOS="3059" VPOS="1829" WIDTH="54" HEIGHT="27" CONTENT="a" WC="0.41" CC="6" STYLEREFS="TXT_4"/>
							<SP ID="P4_SP00036" HPOS="3113" VPOS="1856" WIDTH="13"/>
							<String ID="P4_ST00055" HPOS="3126" VPOS="1822" WIDTH="55" HEIGHT="30" CONTENT="«tv" WC="0.63" CC="353" STYLEREFS="TXT_4"/>
							<SP ID="P4_SP00037" HPOS="3181" VPOS="1856" WIDTH="13"/>
							<String ID="P4_ST00056" HPOS="3194" VPOS="1828" WIDTH="29" HEIGHT="25" CONTENT="-t" WC="0.52" CC="45" STYLEREFS="TXT_4"/>
							<SP ID="P4_SP00038" HPOS="3223" VPOS="1856" WIDTH="15"/>
							<String ID="P4_ST00057" HPOS="3238" VPOS="1833" WIDTH="38" HEIGHT="21" CONTENT="»" WC="0.33" CC="6" STYLEREFS="TXT_4"/>
							<SP ID="P4_SP00039" HPOS="3276" VPOS="1856" WIDTH="16"/>
							<String ID="P4_ST00058" HPOS="3292" VPOS="1832" WIDTH="54" HEIGHT="22" CONTENT="a" WC="0.48" CC="5" STYLEREFS="TXT_4"/>
							<SP ID="P4_SP00040" HPOS="3346" VPOS="1856" WIDTH="37"/>
							<String ID="P4_ST00059" HPOS="3383" VPOS="1830" WIDTH="39" HEIGHT="24" CONTENT="ra" WC="0.01" CC="99" STYLEREFS="TXT_4"/>
						</TextLine>
						<TextLine ID="P4_TL00017" HPOS="2942" VPOS="1896" WIDTH="533" HEIGHT="58">
							<String ID="P4_ST00060" HPOS="2942" VPOS="1898" WIDTH="199" HEIGHT="38" CONTENT="EAST-;" WC="0.85" CC="222121" STYLEREFS="TXT_12"/>
							<SP ID="P4_SP00041" HPOS="3141" VPOS="1936" WIDTH="38"/>
							<String ID="P4_ST00061" HPOS="3179" VPOS="1896" WIDTH="296" HEIGHT="58" CONTENT="Gg^ORD" WC="0.43" CC="199192" STYLEREFS="TXT_12"/>
						</TextLine>
						<TextLine ID="P4_TL00018" HPOS="2940" VPOS="2123" WIDTH="535" HEIGHT="53">
							<String ID="P4_ST00062" HPOS="2940" VPOS="2123" WIDTH="139" HEIGHT="40" CONTENT="Timler" WC="0.63" CC="512923" STYLEREFS="TXT_13"/>
							<SP ID="P4_SP00042" HPOS="3079" VPOS="2163" WIDTH="15"/>
							<String ID="P4_ST00063" HPOS="3094" VPOS="2126" WIDTH="69" HEIGHT="39" CONTENT="ana" WC="0.96" CC="101" STYLEREFS="TXT_12"/>
							<SP ID="P4_SP00043" HPOS="3163" VPOS="2165" WIDTH="23"/>
							<String ID="P4_ST00064" HPOS="3186" VPOS="2128" WIDTH="289" HEIGHT="48" CONTENT="Cdal|]iercliant" WC="0.74" CC="159147311110111" STYLEREFS="TXT_12"/>
						</TextLine>
						<TextLine ID="P4_TL00019" HPOS="2942" VPOS="2208" WIDTH="534" HEIGHT="64">
							<String ID="P4_ST00065" HPOS="2942" VPOS="2208" WIDTH="159" HEIGHT="64" CONTENT="LARGE" WC="0.91" CC="30101"/>
							<SP ID="P4_SP00044" HPOS="3101" VPOS="2272" WIDTH="21"/>
							<String ID="P4_ST00066" HPOS="3122" VPOS="2211" WIDTH="107" HEIGHT="25" CONTENT="STOCK" WC="0.82" CC="50013"/>
							<SP ID="P4_SP00045" HPOS="3229" VPOS="2272" WIDTH="19"/>
							<String ID="P4_ST00067" HPOS="3248" VPOS="2213" WIDTH="44" HEIGHT="24" CONTENT="OF" WC="0.98" CC="01"/>
							<SP ID="P4_SP00046" HPOS="3292" VPOS="2272" WIDTH="11"/>
							<String ID="P4_ST00068" HPOS="3303" VPOS="2215" WIDTH="173" HEIGHT="28" CONTENT="BUILDING" WC="0.77" CC="19013040"/>
						</TextLine>
						<TextLine ID="P4_TL00020" HPOS="3013" VPOS="2242" WIDTH="470" HEIGHT="31">
							<String ID="P4_ST00069" HPOS="3013" VPOS="2255" WIDTH="32" HEIGHT="7" CONTENT="---." WC="0.94" CC="1021"/>
							<SP ID="P4_SP00047" HPOS="3045" VPOS="2262" WIDTH="69"/>
							<String ID="P4_ST00070" HPOS="3114" VPOS="2242" WIDTH="223" HEIGHT="31" CONTENT="MATERIALS.-" WC="0.85" CC="10011110192"/>
							<SP ID="P4_SP00048" HPOS="3337" VPOS="2273" WIDTH="143"/>
							<String ID="P4_ST00071" HPOS="3480" VPOS="2268" WIDTH="3" HEIGHT="3" CONTENT="." WC="0.93" CC="1"/>
						</TextLine>
						<TextLine ID="P4_TL00021" HPOS="3007" VPOS="2282" WIDTH="466" HEIGHT="37">
							<String ID="P4_ST00072" HPOS="3007" VPOS="2282" WIDTH="34" HEIGHT="25" CONTENT="Of" WC="1.00" CC="00"/>
							<SP ID="P4_SP00049" HPOS="3041" VPOS="2307" WIDTH="19"/>
							<String ID="P4_ST00073" HPOS="3060" VPOS="2292" WIDTH="73" HEIGHT="24" CONTENT="every" WC="0.99" CC="10000"/>
							<SP ID="P4_SP00050" HPOS="3133" VPOS="2316" WIDTH="31"/>
							<String ID="P4_ST00074" HPOS="3164" VPOS="2288" WIDTH="157" HEIGHT="31" CONTENT="desoripti6n," WC="0.92" CC="111111111122"/>
							<String ID="P4_ST00075" HPOS="3319" VPOS="2289" WIDTH="6" HEIGHT="17" CONTENT=":" WC="0.85" CC="2"/>
							<SP ID="P4_SP00051" HPOS="3325" VPOS="2319" WIDTH="30"/>
							<String ID="P4_ST00076" HPOS="3355" VPOS="2294" WIDTH="118" HEIGHT="23" CONTENT="seasoned" WC="0.97" CC="10010101"/>
						</TextLine>
						<TextLine ID="P4_TL00022" HPOS="3039" VPOS="2322" WIDTH="401" HEIGHT="36">
							<String ID="P4_ST00077" HPOS="3039" VPOS="2322" WIDTH="75" HEIGHT="31" CONTENT="ready" WC="0.99" CC="00100"/>
							<SP ID="P4_SP00052" HPOS="3114" VPOS="2353" WIDTH="7"/>
							<String ID="P4_ST00078" HPOS="3121" VPOS="2322" WIDTH="38" HEIGHT="25" CONTENT="for" WC="0.97" CC="101"/>
							<SP ID="P4_SP00053" HPOS="3159" VPOS="2353" WIDTH="7"/>
							<String ID="P4_ST00079" HPOS="3166" VPOS="2331" WIDTH="51" HEIGHT="23" CONTENT="use," WC="0.96" CC="0101"/>
							<SP ID="P4_SP00054" HPOS="3217" VPOS="2354" WIDTH="10"/>
							<String ID="P4_ST00080" HPOS="3227" VPOS="2326" WIDTH="91" HEIGHT="32" CONTENT="always" WC="0.83" CC="027111"/>
							<SP ID="P4_SP00055" HPOS="3318" VPOS="2358" WIDTH="7"/>
							<String ID="P4_ST00081" HPOS="3325" VPOS="2336" WIDTH="31" HEIGHT="16" CONTENT="on" WC="0.98" CC="01"/>
							<SP ID="P4_SP00056" HPOS="3356" VPOS="2358" WIDTH="7"/>
							<String ID="P4_ST00082" HPOS="3363" VPOS="2329" WIDTH="77" HEIGHT="25" CONTENT="hand." WC="0.95" CC="21000"/>
						</TextLine>
						<TextLine ID="P4_TL00023" HPOS="2973" VPOS="2362" WIDTH="501" HEIGHT="37">
							<String ID="P4_ST00083" HPOS="2973" VPOS="2362" WIDTH="68" HEIGHT="30" CONTENT="Also," WC="0.98" CC="00001"/>
							<SP ID="P4_SP00057" HPOS="3041" VPOS="2392" WIDTH="32"/>
							<String ID="P4_ST00084" HPOS="3073" VPOS="2364" WIDTH="153" HEIGHT="27" CONTENT="Galvanised" WC="0.99" CC="0000010101"/>
							<SP ID="P4_SP00058" HPOS="3226" VPOS="2392" WIDTH="30"/>
							<String ID="P4_ST00085" HPOS="3256" VPOS="2368" WIDTH="69" HEIGHT="31" CONTENT="Iron," WC="0.95" CC="11001"/>
							<SP ID="P4_SP00059" HPOS="3325" VPOS="2399" WIDTH="30"/>
							<String ID="P4_ST00086" HPOS="3355" VPOS="2372" WIDTH="119" HEIGHT="25" CONTENT="Portland" WC="0.98" CC="10010001"/>
						</TextLine>
						<TextLine ID="P4_TL00024" HPOS="2941" VPOS="2401" WIDTH="502" HEIGHT="43">
							<String ID="P4_ST00087" HPOS="2941" VPOS="2401" WIDTH="104" HEIGHT="26" CONTENT="Cement" WC="0.95" CC="101011"/>
							<SP ID="P4_SP00060" HPOS="3045" VPOS="2427" WIDTH="8"/>
							<String ID="P4_ST00088" HPOS="3053" VPOS="2404" WIDTH="50" HEIGHT="24" CONTENT="and" WC="0.95" CC="111"/>
							<SP ID="P4_SP00061" HPOS="3103" VPOS="2428" WIDTH="11"/>
							<String ID="P4_ST00089" HPOS="3114" VPOS="2404" WIDTH="125" HEIGHT="28" CONTENT="Builders'" WC="0.97" CC="110000011"/>
							<SP ID="P4_SP00062" HPOS="3239" VPOS="2432" WIDTH="13"/>
							<String ID="P4_ST00090" HPOS="3252" VPOS="2408" WIDTH="191" HEIGHT="36" CONTENT="Ironmongery.'" WC="0.94" CC="0002200110101"/>
						</TextLine>
						<TextLine ID="P4_TL00025" HPOS="2973" VPOS="2451" WIDTH="502" HEIGHT="42">
							<String ID="P4_ST00091" HPOS="2973" VPOS="2451" WIDTH="112" HEIGHT="35" CONTENT="Country" WC="0.94" CC="3010000"/>
							<SP ID="P4_SP00063" HPOS="3085" VPOS="2486" WIDTH="16"/>
							<String ID="P4_ST00092" HPOS="3101" VPOS="2455" WIDTH="90" HEIGHT="26" CONTENT="Orders" WC="0.98" CC="010001"/>
							<SP ID="P4_SP00064" HPOS="3191" VPOS="2486" WIDTH="12"/>
							<String ID="P4_ST00093" HPOS="3203" VPOS="2481" WIDTH="2" HEIGHT="1" CONTENT="." WC="1.00" CC="0"/>
							<SP ID="P4_SP00065" HPOS="3205" VPOS="2486" WIDTH="10"/>
							<String ID="P4_ST00094" HPOS="3215" VPOS="2457" WIDTH="127" HEIGHT="36" CONTENT="Carefully" WC="0.96" CC="100010021"/>
							<SP ID="P4_SP00066" HPOS="3342" VPOS="2493" WIDTH="21"/>
							<String ID="P4_ST00095" HPOS="3363" VPOS="2462" WIDTH="112" HEIGHT="27" CONTENT="Selected" WC="0.92" CC="11010103"/>
						</TextLine>
						<TextLine ID="P4_TL00026" HPOS="3106" VPOS="2496" WIDTH="203" HEIGHT="30">
							<String ID="P4_ST00096" HPOS="3106" VPOS="2496" WIDTH="50" HEIGHT="25" CONTENT="and" WC="0.97" CC="011"/>
							<SP ID="P4_SP00067" HPOS="3156" VPOS="2521" WIDTH="9"/>
							<String ID="P4_ST00097" HPOS="3165" VPOS="2497" WIDTH="144" HEIGHT="29" CONTENT="forwarded." WC="0.97" CC="0003000010"/>
						</TextLine>
						<TextLine ID="P4_TL00027" HPOS="2940" VPOS="2541" WIDTH="536" HEIGHT="38">
							<String ID="P4_ST00098" HPOS="2940" VPOS="2541" WIDTH="98" HEIGHT="25" CONTENT="TUAM" WC="0.91" CC="0004"/>
							<SP ID="P4_SP00068" HPOS="3038" VPOS="2566" WIDTH="9"/>
							<String ID="P4_ST00099" HPOS="3047" VPOS="2543" WIDTH="143" HEIGHT="32" CONTENT="STREET," WC="0.96" CC="1001001"/>
							<SP ID="P4_SP00069" HPOS="3190" VPOS="2575" WIDTH="15"/>
							<String ID="P4_ST00100" HPOS="3205" VPOS="2547" WIDTH="271" HEIGHT="32" CONTENT="CHRISTCHURCH" WC="0.94" CC="112011010211"/>
						</TextLine>
						<TextLine ID="P4_TL00028" HPOS="3003" VPOS="2670" WIDTH="403" HEIGHT="51">
							<String ID="P4_ST00101" HPOS="3003" VPOS="2670" WIDTH="212" HEIGHT="46" CONTENT="HOLLAND" WC="0.95" CC="0000111" STYLEREFS="TXT_14"/>
							<SP ID="P4_SP00070" HPOS="3215" VPOS="2716" WIDTH="36"/>
							<String ID="P4_ST00102" HPOS="3251" VPOS="2676" WIDTH="155" HEIGHT="45" CONTENT="FINISH" WC="0.83" CC="216111" STYLEREFS="TXT_14"/>
						</TextLine>
						<TextLine ID="P4_TL00029" HPOS="3121" VPOS="2730" WIDTH="156" HEIGHT="43">
							<String ID="P4_ST00103" HPOS="3121" VPOS="2730" WIDTH="156" HEIGHT="43" CONTENT="CALICO" WC="0.95" CC="110010" STYLEREFS="TXT_14"/>
						</TextLine>
						<TextLine ID="P4_TL00030" HPOS="2942" VPOS="2790" WIDTH="417" HEIGHT="44">
							<String ID="P4_ST00104" HPOS="2942" VPOS="2806" WIDTH="20" HEIGHT="19" CONTENT="■_" WC="0.93" CC="11" STYLEREFS="TXT_15"/>
							<SP ID="P4_SP00071" HPOS="2962" VPOS="2825" WIDTH="91"/>
							<String ID="P4_ST00105" HPOS="3053" VPOS="2790" WIDTH="63" HEIGHT="32" CONTENT="3d." WC="0.97" CC="101" STYLEREFS="TXT_15"/>
							<SP ID="P4_SP00072" HPOS="3116" VPOS="2825" WIDTH="36"/>
							<String ID="P4_ST00106" HPOS="3152" VPOS="2801" WIDTH="72" HEIGHT="30" CONTENT="per" WC="0.89" CC="113" STYLEREFS="TXT_15"/>
							<SP ID="P4_SP00073" HPOS="3224" VPOS="2831" WIDTH="21"/>
							<String ID="P4_ST00107" HPOS="3245" VPOS="2799" WIDTH="114" HEIGHT="35" CONTENT="yard." WC="0.95" CC="11100" STYLEREFS="TXT_15"/>
						</TextLine>
						<TextLine ID="P4_TL00031" HPOS="3196" VPOS="2869" WIDTH="33" HEIGHT="27">
							<String ID="P4_ST00108" HPOS="3196" VPOS="2869" WIDTH="33" HEIGHT="27" CONTENT="at" WC="0.94" CC="11" STYLEREFS="TXT_15"/>
						</TextLine>
						<TextLine ID="P4_TL00032" HPOS="3054" VPOS="2914" WIDTH="315" HEIGHT="43">
							<String ID="P4_ST00109" HPOS="3054" VPOS="2914" WIDTH="36" HEIGHT="31" CONTENT="R." WC="0.80" CC="31" STYLEREFS="TXT_16"/>
							<SP ID="P4_SP00074" HPOS="3090" VPOS="2945" WIDTH="20"/>
							<String ID="P4_ST00110" HPOS="3110" VPOS="2914" WIDTH="40" HEIGHT="32" CONTENT="IT." WC="0.94" CC="011" STYLEREFS="TXT_16"/>
							<SP ID="P4_SP00075" HPOS="3150" VPOS="2946" WIDTH="23"/>
							<String ID="P4_ST00111" HPOS="3173" VPOS="2916" WIDTH="196" HEIGHT="41" CONTENT="PAiySH'S" WC="0.75" CC="19141121" STYLEREFS="TXT_16"/>
						</TextLine>
						<TextLine ID="P4_TL00033" HPOS="2939" VPOS="3228" WIDTH="522" HEIGHT="47">
							<String ID="P4_ST00112" HPOS="2939" VPOS="3228" WIDTH="146" HEIGHT="42" CONTENT="YOUNG" WC="0.85" CC="20015" STYLEREFS="TXT_14"/>
							<SP ID="P4_SP00076" HPOS="3085" VPOS="3270" WIDTH="85"/>
							<String ID="P4_ST00113" HPOS="3170" VPOS="3231" WIDTH="291" HEIGHT="44" CONTENT="CHANCELLOR" WC="0.69" CC="3122441392" STYLEREFS="TXT_14"/>
						</TextLine>
						<TextLine ID="P4_TL00034" HPOS="3152" VPOS="3297" WIDTH="166" HEIGHT="25">
							<String ID="P4_ST00114" HPOS="3152" VPOS="3297" WIDTH="51" HEIGHT="24" CONTENT="will" WC="0.88" CC="4010" STYLEREFS="TXT_17"/>
							<SP ID="P4_SP00077" HPOS="3203" VPOS="3321" WIDTH="14"/>
							<String ID="P4_ST00115" HPOS="3217" VPOS="3298" WIDTH="59" HEIGHT="24" CONTENT="visit" WC="0.87" CC="10312" STYLEREFS="TXT_17"/>
							<SP ID="P4_SP00078" HPOS="3276" VPOS="3322" WIDTH="38"/>
							<String ID="P4_ST00116" HPOS="3314" VPOS="3319" WIDTH="4" HEIGHT="2" CONTENT="." WC="0.96" CC="1" STYLEREFS="TXT_17"/>
						</TextLine>
						<TextLine ID="P4_TL00035" HPOS="3097" VPOS="3351" WIDTH="417" HEIGHT="34">
							<String ID="P4_ST00117" HPOS="3097" VPOS="3351" WIDTH="211" HEIGHT="34" CONTENT="OXFORD" WC="0.93" CC="021011" STYLEREFS="TXT_4"/>
							<SP ID="P4_SP00079" HPOS="3308" VPOS="3385" WIDTH="174"/>
							<String ID="P4_ST00118" HPOS="3482" VPOS="3354" WIDTH="32" HEIGHT="28" CONTENT="*" WC="0.04" CC="9" STYLEREFS="TXT_4"/>
						</TextLine>
						<TextLine ID="P4_TL00036" HPOS="2937" VPOS="3427" WIDTH="534" HEIGHT="35">
							<String ID="P4_ST00119" HPOS="2937" VPOS="3433" WIDTH="72" HEIGHT="24" CONTENT="every" WC="1.00" CC="00000"/>
							<SP ID="P4_SP00080" HPOS="3009" VPOS="3457" WIDTH="25"/>
							<String ID="P4_ST00120" HPOS="3034" VPOS="3427" WIDTH="198" HEIGHT="30" CONTENT="THURSDAY," WC="0.94" CC="000013011"/>
							<SP ID="P4_SP00081" HPOS="3232" VPOS="3457" WIDTH="25"/>
							<String ID="P4_ST00121" HPOS="3257" VPOS="3431" WIDTH="38" HEIGHT="24" CONTENT="for" WC="1.00" CC="000"/>
							<SP ID="P4_SP00082" HPOS="3295" VPOS="3457" WIDTH="30"/>
							<String ID="P4_ST00122" HPOS="3325" VPOS="3434" WIDTH="146" HEIGHT="28" CONTENT="particulars" WC="0.91" CC="50111110101"/>
						</TextLine>
						<TextLine ID="P4_TL00037" HPOS="3136" VPOS="3476" WIDTH="130" HEIGHT="33">
							<String ID="P4_ST00123" HPOS="3136" VPOS="3479" WIDTH="3" HEIGHT="4" CONTENT="'" WC="0.93" CC="1"/>
							<SP ID="P4_SP00083" HPOS="3139" VPOS="3483" WIDTH="12"/>
							<String ID="P4_ST00124" HPOS="3151" VPOS="3476" WIDTH="75" HEIGHT="33" CONTENT="apply" WC="0.98" CC="01100"/>
							<SP ID="P4_SP00084" HPOS="3226" VPOS="3509" WIDTH="13"/>
							<String ID="P4_ST00125" HPOS="3239" VPOS="3479" WIDTH="27" HEIGHT="23" CONTENT="to" WC="1.00" CC="00"/>
						</TextLine>
						<TextLine ID="P4_TL00038" HPOS="3091" VPOS="3520" WIDTH="384" HEIGHT="33">
							<String ID="P4_ST00126" HPOS="3091" VPOS="3520" WIDTH="77" HEIGHT="25" CONTENT="G.E." WC="0.94" CC="1111"/>
							<SP ID="P4_SP00085" HPOS="3168" VPOS="3545" WIDTH="17"/>
							<String ID="P4_ST00127" HPOS="3185" VPOS="3521" WIDTH="141" HEIGHT="32" CONTENT="W£.ylandt," WC="0.91" CC="0511101011"/>
							<SP ID="P4_SP00086" HPOS="3326" VPOS="3553" WIDTH="142"/>
							<String ID="P4_ST00128" HPOS="3468" VPOS="3537" WIDTH="7" HEIGHT="8" CONTENT="," WC="0.93" CC="1"/>
						</TextLine>
						<TextLine ID="P4_TL00039" HPOS="3200" VPOS="3557" WIDTH="201" HEIGHT="34">
							<String ID="P4_ST00129" HPOS="3200" VPOS="3557" WIDTH="5" HEIGHT="4" CONTENT="'" WC="0.89" CC="1"/>
							<SP ID="P4_SP00087" HPOS="3205" VPOS="3561" WIDTH="17"/>
							<String ID="P4_ST00130" HPOS="3222" VPOS="3565" WIDTH="65" HEIGHT="25" CONTENT="East" WC="0.90" CC="2102"/>
							<SP ID="P4_SP00088" HPOS="3287" VPOS="3590" WIDTH="17"/>
							<String ID="P4_ST00131" HPOS="3304" VPOS="3566" WIDTH="97" HEIGHT="25" CONTENT="Oxford." WC="0.95" CC="0210011"/>
						</TextLine>
						<TextLine ID="P4_TL00040" HPOS="3069" VPOS="3601" WIDTH="296" HEIGHT="36">
							<String ID="P4_ST00132" HPOS="3069" VPOS="3601" WIDTH="35" HEIGHT="25" CONTENT="Or" WC="0.98" CC="01"/>
							<SP ID="P4_SP00089" HPOS="3104" VPOS="3626" WIDTH="7"/>
							<String ID="P4_ST00133" HPOS="3111" VPOS="3610" WIDTH="85" HEIGHT="24" CONTENT="groom" WC="0.98" CC="00001"/>
							<SP ID="P4_SP00090" HPOS="3196" VPOS="3634" WIDTH="13"/>
							<String ID="P4_ST00134" HPOS="3209" VPOS="3604" WIDTH="38" HEIGHT="32" CONTENT="in^" WC="0.67" CC="009"/>
							<SP ID="P4_SP00091" HPOS="3247" VPOS="3636" WIDTH="7"/>
							<String ID="P4_ST00135" HPOS="3254" VPOS="3605" WIDTH="88" HEIGHT="32" CONTENT="charge" WC="0.98" CC="010000"/>
							<SP ID="P4_SP00092" HPOS="3342" VPOS="3637" WIDTH="16"/>
							<String ID="P4_ST00136" HPOS="3358" VPOS="3614" WIDTH="7" HEIGHT="6" CONTENT='"' WC="0.67" CC="3"/>
						</TextLine>
						<TextLine ID="P4_TL00041" HPOS="3002" VPOS="3662" WIDTH="401" HEIGHT="36">
							<String ID="P4_ST00137" HPOS="3002" VPOS="3662" WIDTH="92" HEIGHT="26" CONTENT="JOHN" WC="0.97" CC="1001"/>
							<SP ID="P4_SP00093" HPOS="3094" VPOS="3688" WIDTH="17"/>
							<String ID="P4_ST00138" HPOS="3111" VPOS="3663" WIDTH="144" HEIGHT="32" CONTENT="MERRIN," WC="0.94" CC="0011012"/>
							<SP ID="P4_SP00094" HPOS="3255" VPOS="3695" WIDTH="13"/>
							<String ID="P4_ST00139" HPOS="3268" VPOS="3666" WIDTH="135" HEIGHT="32" CONTENT="Propritor." WC="0.98" CC="1001001001"/>
						</TextLine>
						<TextLine ID="P4_TL00042" HPOS="2967" VPOS="3826" WIDTH="506" HEIGHT="57">
							<String ID="P4_ST00140" HPOS="2967" VPOS="3826" WIDTH="220" HEIGHT="51" CONTENT="PUBLIC" WC="0.91" CC="401000" STYLEREFS="TXT_18"/>
							<SP ID="P4_SP00095" HPOS="3187" VPOS="3877" WIDTH="48"/>
							<String ID="P4_ST00141" HPOS="3235" VPOS="3834" WIDTH="238" HEIGHT="49" CONTENT="NOTICE." WC="0.89" CC="5100011" STYLEREFS="TXT_18"/>
						</TextLine>
						<TextLine ID="P4_TL00043" HPOS="2970" VPOS="3933" WIDTH="505" HEIGHT="40">
							<String ID="P4_ST00142" HPOS="2970" VPOS="3933" WIDTH="173" HEIGHT="36" CONTENT="Telegraphic" WC="0.98" CC="11100000000"/>
							<SP ID="P4_SP00096" HPOS="3143" VPOS="3969" WIDTH="11"/>
							<String ID="P4_ST00143" HPOS="3154" VPOS="3936" WIDTH="133" HEIGHT="37" CONTENT="Messages" WC="0.91" CC="10511000"/>
							<SP ID="P4_SP00097" HPOS="3287" VPOS="3973" WIDTH="19"/>
							<String ID="P4_ST00144" HPOS="3306" VPOS="3949" WIDTH="51" HEIGHT="17" CONTENT="can" WC="0.97" CC="001"/>
							<SP ID="P4_SP00098" HPOS="3357" VPOS="3973" WIDTH="11"/>
							<String ID="P4_ST00145" HPOS="3368" VPOS="3950" WIDTH="62" HEIGHT="18" CONTENT="now" WC="0.90" CC="111"/>
							<SP ID="P4_SP00099" HPOS="3430" VPOS="3973" WIDTH="11"/>
							<String ID="P4_ST00146" HPOS="3441" VPOS="3942" WIDTH="34" HEIGHT="26" CONTENT="be" WC="1.00" CC="00"/>
						</TextLine>
						<TextLine ID="P4_TL00044" HPOS="2937" VPOS="3980" WIDTH="541" HEIGHT="35">
							<String ID="P4_ST00147" HPOS="2937" VPOS="3980" WIDTH="60" HEIGHT="24" CONTENT="sent" WC="0.94" CC="1011"/>
							<SP ID="P4_SP00100" HPOS="2997" VPOS="4004" WIDTH="23"/>
							<String ID="P4_ST00148" HPOS="3020" VPOS="3980" WIDTH="54" HEIGHT="26" CONTENT="and" WC="0.95" CC="110"/>
							<SP ID="P4_SP00101" HPOS="3074" VPOS="4006" WIDTH="18"/>
							<String ID="P4_ST00149" HPOS="3092" VPOS="3982" WIDTH="121" HEIGHT="27" CONTENT="received" WC="0.85" CC="10000920"/>
							<SP ID="P4_SP00102" HPOS="3213" VPOS="4009" WIDTH="20"/>
							<String ID="P4_ST00150" HPOS="3233" VPOS="3986" WIDTH="36" HEIGHT="28" CONTENT="at," WC="0.96" CC="011"/>
							<SP ID="P4_SP00103" HPOS="3269" VPOS="4014" WIDTH="17"/>
							<String ID="P4_ST00151" HPOS="3286" VPOS="3985" WIDTH="67" HEIGHT="27" CONTENT="East" WC="0.88" CC="2003"/>
							<SP ID="P4_SP00104" HPOS="3353" VPOS="4014" WIDTH="19"/>
							<String ID="P4_ST00152" HPOS="3372" VPOS="3986" WIDTH="106" HEIGHT="29" CONTENT="Oxford" WC="0.93" CC="121011"/>
						</TextLine>
						<TextLine ID="P4_TL00045" HPOS="2937" VPOS="4023" WIDTH="539" HEIGHT="46">
							<String ID="P4_ST00153" HPOS="2937" VPOS="4023" WIDTH="115" HEIGHT="35" CONTENT="Station," WC="0.96" CC="10101002"/>
							<SP ID="P4_SP00105" HPOS="3052" VPOS="4058" WIDTH="17"/>
							<String ID="P4_ST00154" HPOS="3069" VPOS="4027" WIDTH="54" HEIGHT="27" CONTENT="and" WC="0.96" CC="110"/>
							<SP ID="P4_SP00106" HPOS="3123" VPOS="4058" WIDTH="18"/>
							<String ID="P4_ST00155" HPOS="3141" VPOS="4029" WIDTH="92" HEIGHT="28" CONTENT="Postal" WC="0.94" CC="121010"/>
							<SP ID="P4_SP00107" HPOS="3233" VPOS="4058" WIDTH="19"/>
							<String ID="P4_ST00156" HPOS="3252" VPOS="4031" WIDTH="87" HEIGHT="28" CONTENT="Notes" WC="0.94" CC="20011"/>
							<SP ID="P4_SP00108" HPOS="3339" VPOS="4059" WIDTH="19"/>
							<String ID="P4_ST00157" HPOS="3358" VPOS="4043" WIDTH="62" HEIGHT="26" CONTENT="may" WC="0.90" CC="201"/>
							<SP ID="P4_SP00109" HPOS="3420" VPOS="4069" WIDTH="22"/>
							<String ID="P4_ST00158" HPOS="3442" VPOS="4035" WIDTH="34" HEIGHT="26" CONTENT="be" WC="0.98" CC="01"/>
						</TextLine>
						<TextLine ID="P4_TL00046" HPOS="2937" VPOS="4071" WIDTH="154" HEIGHT="33">
							<String ID="P4_ST00159" HPOS="2937" VPOS="4071" WIDTH="154" HEIGHT="33" CONTENT="purchased." WC="0.97" CC="0101011011"/>
						</TextLine>
					</TextBlock>
				</ComposedBlock>
				<ComposedBlock ID="P4_CB00002" HPOS="38" VPOS="200" WIDTH="555" HEIGHT="4257" TYPE="Advertisement">
					<TextBlock ID="P4_TB00004" HPOS="38" VPOS="200" WIDTH="555" HEIGHT="4257" STYLEREFS="TXT_1 PAR_LEFT">
						<TextLine ID="P4_TL00047" HPOS="196" VPOS="200" WIDTH="253" HEIGHT="47">
							<String ID="P4_ST00160" HPOS="196" VPOS="200" WIDTH="253" HEIGHT="47" CONTENT="NOTICE." WC="0.92" CC="3000112" STYLEREFS="TXT_19"/>
						</TextLine>
						<TextLine ID="P4_TL00048" HPOS="43" VPOS="297" WIDTH="377" HEIGHT="60">
							<String ID="P4_ST00161" HPOS="43" VPOS="297" WIDTH="101" HEIGHT="47" CONTENT="Job" WC="0.94" CC="101" STYLEREFS="TXT_19"/>
							<SP ID="P4_SP00110" HPOS="144" VPOS="344" WIDTH="17"/>
							<String ID="P4_ST00162" HPOS="161" VPOS="299" WIDTH="259" HEIGHT="58" CONTENT="Printing!" WC="0.92" CC="110200130" STYLEREFS="TXT_19"/>
						</TextLine>
						<TextLine ID="P4_TL00049" HPOS="219" VPOS="366" WIDTH="372" HEIGHT="55">
							<String ID="P4_ST00163" HPOS="219" VPOS="366" WIDTH="101" HEIGHT="44" CONTENT="Job" WC="0.96" CC="100" STYLEREFS="TXT_19"/>
							<SP ID="P4_SP00111" HPOS="320" VPOS="410" WIDTH="25"/>
							<String ID="P4_ST00164" HPOS="345" VPOS="366" WIDTH="246" HEIGHT="55" CONTENT="Printing" WC="0.87" CC="11010017" STYLEREFS="TXT_19"/>
						</TextLine>
						<TextLine ID="P4_TL00050" HPOS="88" VPOS="428" WIDTH="462" HEIGHT="33">
							<String ID="P4_ST00165" HPOS="88" VPOS="428" WIDTH="174" HEIGHT="33" CONTENT="OXFOED" WC="0.91" CC="003021" STYLEREFS="TXT_16"/>
							<SP ID="P4_SP00112" HPOS="262" VPOS="461" WIDTH="58"/>
							<String ID="P4_ST00166" HPOS="320" VPOS="428" WIDTH="230" HEIGHT="32" CONTENT="OBSERVES" WC="0.78" CC="01113119" STYLEREFS="TXT_16"/>
						</TextLine>
						<TextLine ID="P4_TL00051" HPOS="129" VPOS="479" WIDTH="375" HEIGHT="49">
							<String ID="P4_ST00167" HPOS="129" VPOS="479" WIDTH="164" HEIGHT="38" CONTENT="Itachioe" WC="0.87" CC="22012141" STYLEREFS="TXT_20"/>
							<SP ID="P4_SP00113" HPOS="293" VPOS="517" WIDTH="29"/>
							<String ID="P4_ST00168" HPOS="322" VPOS="480" WIDTH="182" HEIGHT="48" CONTENT="Printing-" WC="0.88" CC="111101143" STYLEREFS="TXT_20"/>
						</TextLine>
						<TextLine ID="P4_TL00052" HPOS="226" VPOS="528" WIDTH="171" HEIGHT="41">
							<String ID="P4_ST00169" HPOS="226" VPOS="528" WIDTH="171" HEIGHT="41" CONTENT="WORKS" WC="0.85" CC="20241" STYLEREFS="TXT_20"/>
						</TextLine>
						<TextLine ID="P4_TL00053" HPOS="113" VPOS="588" WIDTH="412" HEIGHT="30">
							<String ID="P4_ST00170" HPOS="113" VPOS="589" WIDTH="91" HEIGHT="24" CONTENT="MAIN" WC="0.94" CC="2001" STYLEREFS="TXT_21"/>
							<SP ID="P4_SP00114" HPOS="204" VPOS="613" WIDTH="12"/>
							<String ID="P4_ST00171" HPOS="216" VPOS="588" WIDTH="147" HEIGHT="30" CONTENT="STREET," WC="0.89" CC="5100102" STYLEREFS="TXT_21"/>
							<SP ID="P4_SP00115" HPOS="363" VPOS="618" WIDTH="11"/>
							<String ID="P4_ST00172" HPOS="374" VPOS="588" WIDTH="151" HEIGHT="26" CONTENT="OXFORD." WC="0.93" CC="0110221" STYLEREFS="TXT_21"/>
						</TextLine>
						<TextLine ID="P4_TL00054" HPOS="117" VPOS="661" WIDTH="403" HEIGHT="47">
							<String ID="P4_ST00173" HPOS="117" VPOS="664" WIDTH="130" HEIGHT="44" CONTENT="X^INE" WC="0.68" CC="29040" STYLEREFS="TXT_21"/>
							<SP ID="P4_SP00116" HPOS="247" VPOS="708" WIDTH="52"/>
							<String ID="P4_ST00174" HPOS="299" VPOS="663" WIDTH="126" HEIGHT="45" CONTENT="TpEIN" WC="0.78" CC="33402" STYLEREFS="TXT_21"/>
							<SP ID="P4_SP00117" HPOS="425" VPOS="708" WIDTH="7"/>
							<String ID="P4_ST00175" HPOS="432" VPOS="663" WIDTH="35" HEIGHT="24" CONTENT="TI" WC="0.94" CC="10" STYLEREFS="TXT_21"/>
							<SP ID="P4_SP00118" HPOS="467" VPOS="708" WIDTH="4"/>
							<String ID="P4_ST00176" HPOS="471" VPOS="661" WIDTH="49" HEIGHT="26" CONTENT="NG" WC="0.74" CC="24" STYLEREFS="TXT_21"/>
						</TextLine>
						<TextLine ID="P4_TL00055" HPOS="94" VPOS="734" WIDTH="456" HEIGHT="42">
							<String ID="P4_ST00177" HPOS="94" VPOS="738" WIDTH="39" HEIGHT="29" CONTENT="In" WC="0.98" CC="01" STYLEREFS="TXT_21"/>
							<SP ID="P4_SP00119" HPOS="133" VPOS="767" WIDTH="15"/>
							<String ID="P4_ST00178" HPOS="148" VPOS="738" WIDTH="74" HEIGHT="38" CONTENT="Any" WC="0.86" CC="112" STYLEREFS="TXT_21"/>
							<SP ID="P4_SP00120" HPOS="222" VPOS="776" WIDTH="28"/>
							<String ID="P4_ST00179" HPOS="250" VPOS="736" WIDTH="128" HEIGHT="39" CONTENT="Variety" WC="0.89" CC="2110004" STYLEREFS="TXT_21"/>
							<SP ID="P4_SP00121" HPOS="378" VPOS="776" WIDTH="15"/>
							<String ID="P4_ST00180" HPOS="393" VPOS="746" WIDTH="35" HEIGHT="18" CONTENT="or" WC="1.00" CC="00" STYLEREFS="TXT_21"/>
							<SP ID="P4_SP00122" HPOS="428" VPOS="776" WIDTH="26"/>
							<String ID="P4_ST00181" HPOS="454" VPOS="734" WIDTH="96" HEIGHT="37" CONTENT="Style." WC="0.92" CC="111111" STYLEREFS="TXT_21"/>
						</TextLine>
						<TextLine ID="P4_TL00056" HPOS="52" VPOS="823" WIDTH="539" HEIGHT="32">
							<String ID="P4_ST00182" HPOS="52" VPOS="831" WIDTH="73" HEIGHT="24" CONTENT="THE" WC="0.89" CC="211" STYLEREFS="TXT_22"/>
							<SP ID="P4_SP00123" HPOS="125" VPOS="855" WIDTH="31"/>
							<String ID="P4_ST00183" HPOS="156" VPOS="828" WIDTH="114" HEIGHT="26" CONTENT="CHEAP" WC="0.93" CC="11102" STYLEREFS="TXT_22"/>
							<SP ID="P4_SP00124" HPOS="270" VPOS="855" WIDTH="28"/>
							<String ID="P4_ST00184" HPOS="298" VPOS="827" WIDTH="122" HEIGHT="25" CONTENT="MONEY" WC="0.92" CC="00401" STYLEREFS="TXT_22"/>
							<SP ID="P4_SP00125" HPOS="420" VPOS="855" WIDTH="20"/>
							<String ID="P4_ST00185" HPOS="440" VPOS="823" WIDTH="151" HEIGHT="29" CONTENT="SCHEME." WC="0.97" CC="1110001" STYLEREFS="TXT_22"/>
						</TextLine>
						<TextLine ID="P4_TL00057" HPOS="298" VPOS="886" WIDTH="108" HEIGHT="11">
							<String ID="P4_ST00186" HPOS="298" VPOS="886" WIDTH="54" HEIGHT="11" CONTENT="»jig" WC="0.78" CC="4311" STYLEREFS="TXT_23"/>
							<String ID="P4_ST00187" HPOS="358" VPOS="888" WIDTH="1" HEIGHT="6" CONTENT="i" WC="0.93" CC="1" STYLEREFS="TXT_23"/>
							<SP ID="P4_SP00126" HPOS="359" VPOS="897" WIDTH="33"/>
							<String ID="P4_ST00188" HPOS="392" VPOS="889" WIDTH="14" HEIGHT="3" CONTENT="—" WC="1.00" CC="0" STYLEREFS="TXT_23"/>
						</TextLine>
						<TextLine ID="P4_TL00058" HPOS="90" VPOS="913" WIDTH="502" HEIGHT="35">
							<String ID="P4_ST00189" HPOS="90" VPOS="918" WIDTH="121" HEIGHT="26" CONTENT="Whether" WC="0.88" CC="1101511"/>
							<SP ID="P4_SP00127" HPOS="211" VPOS="944" WIDTH="12"/>
							<String ID="P4_ST00190" HPOS="223" VPOS="925" WIDTH="89" HEIGHT="23" CONTENT="money" WC="0.93" CC="20011"/>
							<SP ID="P4_SP00128" HPOS="312" VPOS="948" WIDTH="11"/>
							<String ID="P4_ST00191" HPOS="323" VPOS="917" WIDTH="22" HEIGHT="24" CONTENT="is" WC="0.98" CC="01"/>
							<SP ID="P4_SP00129" HPOS="345" VPOS="948" WIDTH="12"/>
							<String ID="P4_ST00192" HPOS="357" VPOS="918" WIDTH="26" HEIGHT="22" CONTENT="to" WC="1.00" CC="00"/>
							<SP ID="P4_SP00130" HPOS="383" VPOS="948" WIDTH="18"/>
							<String ID="P4_ST00193" HPOS="401" VPOS="915" WIDTH="31" HEIGHT="24" CONTENT="be" WC="0.98" CC="01"/>
							<SP ID="P4_SP00131" HPOS="432" VPOS="948" WIDTH="17"/>
							<String ID="P4_ST00194" HPOS="449" VPOS="913" WIDTH="143" HEIGHT="25" CONTENT="considered" WC="0.99" CC="0001000001"/>
						</TextLine>
						<TextLine ID="P4_TL00059" HPOS="54" VPOS="955" WIDTH="537" HEIGHT="36">
							<String ID="P4_ST00195" HPOS="54" VPOS="970" WIDTH="28" HEIGHT="16" CONTENT="as" WC="0.98" CC="01"/>
							<SP ID="P4_SP00132" HPOS="82" VPOS="986" WIDTH="11"/>
							<String ID="P4_ST00196" HPOS="93" VPOS="962" WIDTH="96" HEIGHT="29" CONTENT="having" WC="0.91" CC="212012"/>
							<SP ID="P4_SP00133" HPOS="189" VPOS="991" WIDTH="11"/>
							<String ID="P4_ST00197" HPOS="200" VPOS="968" WIDTH="32" HEIGHT="15" CONTENT="an" WC="0.89" CC="21"/>
							<SP ID="P4_SP00134" HPOS="232" VPOS="991" WIDTH="11"/>
							<String ID="P4_ST00198" HPOS="243" VPOS="960" WIDTH="112" HEIGHT="23" CONTENT="intrinsic" WC="0.96" CC="111111100"/>
							<SP ID="P4_SP00135" HPOS="355" VPOS="991" WIDTH="22"/>
							<String ID="P4_ST00199" HPOS="377" VPOS="959" WIDTH="82" HEIGHT="26" CONTENT="value," WC="0.96" CC="100101"/>
							<SP ID="P4_SP00136" HPOS="459" VPOS="991" WIDTH="13"/>
							<String ID="P4_ST00200" HPOS="472" VPOS="964" WIDTH="28" HEIGHT="16" CONTENT="or" WC="1.00" CC="00"/>
							<SP ID="P4_SP00137" HPOS="500" VPOS="991" WIDTH="11"/>
							<String ID="P4_ST00201" HPOS="511" VPOS="964" WIDTH="28" HEIGHT="15" CONTENT="as" WC="0.98" CC="01"/>
							<SP ID="P4_SP00138" HPOS="539" VPOS="991" WIDTH="11"/>
							<String ID="P4_ST00202" HPOS="550" VPOS="955" WIDTH="41" HEIGHT="24" CONTENT="be-" WC="0.97" CC="100"/>
						</TextLine>
						<TextLine ID="P4_TL00060" HPOS="55" VPOS="999" WIDTH="536" HEIGHT="34">
							<String ID="P4_ST00203" HPOS="55" VPOS="1004" WIDTH="44" HEIGHT="29" CONTENT="ing" WC="0.94" CC="011"/>
							<SP ID="P4_SP00139" HPOS="99" VPOS="1033" WIDTH="10"/>
							<String ID="P4_ST00204" HPOS="109" VPOS="1011" WIDTH="14" HEIGHT="16" CONTENT="a" WC="0.96" CC="1"/>
							<SP ID="P4_SP00140" HPOS="123" VPOS="1033" WIDTH="12"/>
							<String ID="P4_ST00205" HPOS="135" VPOS="1001" WIDTH="157" HEIGHT="30" CONTENT="commodity," WC="0.93" CC="0023000111"/>
							<SP ID="P4_SP00141" HPOS="292" VPOS="1033" WIDTH="8"/>
							<String ID="P4_ST00206" HPOS="300" VPOS="1009" WIDTH="16" HEIGHT="15" CONTENT="a" WC="0.93" CC="1"/>
							<SP ID="P4_SP00142" HPOS="316" VPOS="1033" WIDTH="8"/>
							<String ID="P4_ST00207" HPOS="324" VPOS="999" WIDTH="124" HEIGHT="28" CONTENT="standard," WC="0.85" CC="111208101"/>
							<SP ID="P4_SP00143" HPOS="448" VPOS="1033" WIDTH="10"/>
							<String ID="P4_ST00208" HPOS="458" VPOS="1006" WIDTH="14" HEIGHT="16" CONTENT="a" WC="1.00" CC="0"/>
							<SP ID="P4_SP00144" HPOS="472" VPOS="1033" WIDTH="10"/>
							<String ID="P4_ST00209" HPOS="482" VPOS="1005" WIDTH="109" HEIGHT="16" CONTENT="measure" WC="0.98" CC="0100100"/>
						</TextLine>
						<TextLine ID="P4_TL00061" HPOS="54" VPOS="1039" WIDTH="538" HEIGHT="36">
							<String ID="P4_ST00210" HPOS="54" VPOS="1052" WIDTH="30" HEIGHT="18" CONTENT="or" WC="0.78" CC="32"/>
							<SP ID="P4_SP00145" HPOS="84" VPOS="1070" WIDTH="18"/>
							<String ID="P4_ST00211" HPOS="102" VPOS="1052" WIDTH="14" HEIGHT="16" CONTENT="a" WC="1.00" CC="0"/>
							<SP ID="P4_SP00146" HPOS="116" VPOS="1070" WIDTH="11"/>
							<String ID="P4_ST00212" HPOS="127" VPOS="1044" WIDTH="117" HEIGHT="31" CONTENT="pledge—" WC="0.96" CC="1011001"/>
							<String ID="P4_ST00213" HPOS="247" VPOS="1050" WIDTH="27" HEIGHT="16" CONTENT="as" WC="0.94" CC="11"/>
							<SP ID="P4_SP00147" HPOS="274" VPOS="1075" WIDTH="13"/>
							<String ID="P4_ST00214" HPOS="287" VPOS="1043" WIDTH="21" HEIGHT="23" CONTENT="is" WC="0.93" CC="11"/>
							<SP ID="P4_SP00148" HPOS="308" VPOS="1075" WIDTH="12"/>
							<String ID="P4_ST00215" HPOS="320" VPOS="1042" WIDTH="124" HEIGHT="30" CONTENT="variously" WC="0.95" CC="121100110"/>
							<SP ID="P4_SP00149" HPOS="444" VPOS="1075" WIDTH="16"/>
							<String ID="P4_ST00216" HPOS="460" VPOS="1039" WIDTH="132" HEIGHT="31" CONTENT="suggested" WC="0.83" CC="103181100"/>
						</TextLine>
						<TextLine ID="P4_TL00062" HPOS="59" VPOS="1082" WIDTH="532" HEIGHT="37">
							<String ID="P4_ST00217" HPOS="59" VPOS="1092" WIDTH="30" HEIGHT="27" CONTENT="by" WC="0.74" CC="41"/>
							<SP ID="P4_SP00150" HPOS="89" VPOS="1119" WIDTH="12"/>
							<String ID="P4_ST00218" HPOS="101" VPOS="1088" WIDTH="92" HEIGHT="24" CONTENT="writers" WC="0.81" CC="8111011"/>
							<String ID="P4_ST00219" HPOS="197" VPOS="1101" WIDTH="27" HEIGHT="2" CONTENT="—" WC="1.00" CC="0"/>
							<String ID="P4_ST00220" HPOS="227" VPOS="1085" WIDTH="50" HEIGHT="25" CONTENT="and" WC="0.96" CC="011"/>
							<SP ID="P4_SP00151" HPOS="277" VPOS="1119" WIDTH="11"/>
							<String ID="P4_ST00221" HPOS="288" VPOS="1084" WIDTH="110" HEIGHT="26" CONTENT="whether" WC="0.82" CC="1190100"/>
							<SP ID="P4_SP00152" HPOS="398" VPOS="1119" WIDTH="11"/>
							<String ID="P4_ST00222" HPOS="409" VPOS="1084" WIDTH="42" HEIGHT="24" CONTENT="the" WC="0.96" CC="010"/>
							<SP ID="P4_SP00153" HPOS="451" VPOS="1119" WIDTH="21"/>
							<String ID="P4_ST00223" HPOS="472" VPOS="1084" WIDTH="54" HEIGHT="22" CONTENT="true" WC="0.97" CC="0010"/>
							<SP ID="P4_SP00154" HPOS="526" VPOS="1119" WIDTH="11"/>
							<String ID="P4_ST00224" HPOS="537" VPOS="1082" WIDTH="54" HEIGHT="23" CONTENT="idea" WC="0.98" CC="0001"/>
						</TextLine>
						<TextLine ID="P4_TL00063" HPOS="58" VPOS="1125" WIDTH="534" HEIGHT="35">
							<String ID="P4_ST00225" HPOS="58" VPOS="1131" WIDTH="27" HEIGHT="24" CONTENT="of" WC="0.98" CC="01"/>
							<SP ID="P4_SP00155" HPOS="85" VPOS="1155" WIDTH="9"/>
							<String ID="P4_ST00226" HPOS="94" VPOS="1137" WIDTH="88" HEIGHT="23" CONTENT="money" WC="0.95" CC="11100"/>
							<String ID="P4_ST00227" HPOS="184" VPOS="1143" WIDTH="30" HEIGHT="3" CONTENT="—" WC="1.00" CC="0"/>
							<String ID="P4_ST00228" HPOS="216" VPOS="1136" WIDTH="27" HEIGHT="16" CONTENT="as" WC="1.00" CC="00"/>
							<SP ID="P4_SP00156" HPOS="243" VPOS="1160" WIDTH="13"/>
							<String ID="P4_ST00229" HPOS="256" VPOS="1128" WIDTH="59" HEIGHT="24" CONTENT="such" WC="0.97" CC="1001"/>
							<String ID="P4_ST00230" HPOS="318" VPOS="1142" WIDTH="30" HEIGHT="3" CONTENT="—" WC="1.00" CC="0"/>
							<String ID="P4_ST00231" HPOS="350" VPOS="1127" WIDTH="30" HEIGHT="24" CONTENT="be" WC="1.00" CC="00"/>
							<SP ID="P4_SP00157" HPOS="380" VPOS="1160" WIDTH="12"/>
							<String ID="P4_ST00232" HPOS="392" VPOS="1128" WIDTH="44" HEIGHT="22" CONTENT="not" WC="0.99" CC="100"/>
							<SP ID="P4_SP00158" HPOS="436" VPOS="1160" WIDTH="20"/>
							<String ID="P4_ST00233" HPOS="456" VPOS="1125" WIDTH="136" HEIGHT="31" CONTENT="altogether" WC="0.95" CC="1010100301"/>
						</TextLine>
						<TextLine ID="P4_TL00064" HPOS="59" VPOS="1171" WIDTH="367" HEIGHT="28">
							<String ID="P4_ST00234" HPOS="59" VPOS="1174" WIDTH="56" HEIGHT="25" CONTENT="that" WC="0.94" CC="0101"/>
							<SP ID="P4_SP00159" HPOS="115" VPOS="1199" WIDTH="12"/>
							<String ID="P4_ST00235" HPOS="127" VPOS="1173" WIDTH="24" HEIGHT="24" CONTENT="of" WC="0.80" CC="04"/>
							<SP ID="P4_SP00160" HPOS="151" VPOS="1199" WIDTH="12"/>
							<String ID="P4_ST00236" HPOS="163" VPOS="1180" WIDTH="15" HEIGHT="16" CONTENT="a" WC="0.96" CC="1"/>
							<SP ID="P4_SP00161" HPOS="178" VPOS="1199" WIDTH="12"/>
							<String ID="P4_ST00237" HPOS="190" VPOS="1171" WIDTH="73" HEIGHT="25" CONTENT="ticket" WC="0.91" CC="100050"/>
							<SP ID="P4_SP00162" HPOS="263" VPOS="1199" WIDTH="10"/>
							<String ID="P4_ST00238" HPOS="273" VPOS="1179" WIDTH="27" HEIGHT="16" CONTENT="or" WC="0.93" CC="02"/>
							<SP ID="P4_SP00163" HPOS="300" VPOS="1199" WIDTH="7"/>
							<String ID="P4_ST00239" HPOS="307" VPOS="1171" WIDTH="119" HEIGHT="24" CONTENT="counter?" WC="0.96" CC="00001112"/>
						</TextLine>
						<TextLine ID="P4_TL00065" HPOS="93" VPOS="1211" WIDTH="497" HEIGHT="29">
							<String ID="P4_ST00240" HPOS="93" VPOS="1216" WIDTH="120" HEIGHT="24" CONTENT="Whether" WC="0.87" CC="4100401"/>
							<SP ID="P4_SP00164" HPOS="213" VPOS="1240" WIDTH="12"/>
							<String ID="P4_ST00241" HPOS="225" VPOS="1215" WIDTH="20" HEIGHT="24" CONTENT="it" WC="0.93" CC="11"/>
							<SP ID="P4_SP00165" HPOS="245" VPOS="1240" WIDTH="7"/>
							<String ID="P4_ST00242" HPOS="252" VPOS="1214" WIDTH="61" HEIGHT="25" CONTENT="doth" WC="0.94" CC="1011"/>
							<SP ID="P4_SP00166" HPOS="313" VPOS="1240" WIDTH="11"/>
							<String ID="P4_ST00243" HPOS="324" VPOS="1215" WIDTH="45" HEIGHT="23" CONTENT="not" WC="1.00" CC="000"/>
							<SP ID="P4_SP00167" HPOS="369" VPOS="1240" WIDTH="12"/>
							<String ID="P4_ST00244" HPOS="381" VPOS="1214" WIDTH="62" HEIGHT="23" CONTENT="have" WC="0.96" CC="1011"/>
							<SP ID="P4_SP00168" HPOS="443" VPOS="1240" WIDTH="12"/>
							<String ID="P4_ST00245" HPOS="455" VPOS="1211" WIDTH="77" HEIGHT="24" CONTENT="much" WC="0.90" CC="2102"/>
							<SP ID="P4_SP00169" HPOS="532" VPOS="1240" WIDTH="14"/>
							<String ID="P4_ST00246" HPOS="546" VPOS="1211" WIDTH="44" HEIGHT="23" CONTENT="im-" WC="0.96" CC="010"/>
						</TextLine>
						<TextLine ID="P4_TL00066" HPOS="59" VPOS="1253" WIDTH="534" HEIGHT="38">
							<String ID="P4_ST00247" HPOS="59" VPOS="1261" WIDTH="54" HEIGHT="30" CONTENT="port" WC="0.94" CC="1010"/>
							<SP ID="P4_SP00170" HPOS="113" VPOS="1291" WIDTH="14"/>
							<String ID="P4_ST00248" HPOS="127" VPOS="1261" WIDTH="26" HEIGHT="22" CONTENT="to" WC="0.98" CC="10"/>
							<SP ID="P4_SP00171" HPOS="153" VPOS="1291" WIDTH="23"/>
							<String ID="P4_ST00249" HPOS="176" VPOS="1259" WIDTH="63" HEIGHT="23" CONTENT="have" WC="1.00" CC="0000"/>
							<SP ID="P4_SP00172" HPOS="239" VPOS="1291" WIDTH="22"/>
							<String ID="P4_ST00250" HPOS="261" VPOS="1265" WIDTH="15" HEIGHT="15" CONTENT="a" WC="0.96" CC="1"/>
							<SP ID="P4_SP00173" HPOS="276" VPOS="1291" WIDTH="27"/>
							<String ID="P4_ST00251" HPOS="303" VPOS="1257" WIDTH="68" HEIGHT="31" CONTENT="right" WC="1.00" CC="00000"/>
							<SP ID="P4_SP00174" HPOS="371" VPOS="1291" WIDTH="29"/>
							<String ID="P4_ST00252" HPOS="400" VPOS="1255" WIDTH="145" HEIGHT="31" CONTENT="conception" WC="0.98" CC="0011010100"/>
							<SP ID="P4_SP00175" HPOS="545" VPOS="1291" WIDTH="22"/>
							<String ID="P4_ST00253" HPOS="567" VPOS="1253" WIDTH="26" HEIGHT="24" CONTENT="of" WC="0.98" CC="01"/>
						</TextLine>
						<TextLine ID="P4_TL00067" HPOS="59" VPOS="1296" WIDTH="533" HEIGHT="36">
							<String ID="P4_ST00254" HPOS="59" VPOS="1310" WIDTH="89" HEIGHT="22" CONTENT="money" WC="0.87" CC="10131"/>
							<SP ID="P4_SP00176" HPOS="148" VPOS="1332" WIDTH="9"/>
							<String ID="P4_ST00255" HPOS="157" VPOS="1302" WIDTH="10" HEIGHT="23" CONTENT="?" WC="1.00" CC="0"/>
							<SP ID="P4_SP00177" HPOS="167" VPOS="1332" WIDTH="14"/>
							<String ID="P4_ST00256" HPOS="181" VPOS="1301" WIDTH="49" HEIGHT="24" CONTENT="and" WC="0.88" CC="122"/>
							<SP ID="P4_SP00178" HPOS="230" VPOS="1332" WIDTH="9"/>
							<String ID="P4_ST00257" HPOS="239" VPOS="1300" WIDTH="111" HEIGHT="24" CONTENT="whether" WC="0.99" CC="1001000"/>
							<SP ID="P4_SP00179" HPOS="350" VPOS="1332" WIDTH="11"/>
							<String ID="P4_ST00258" HPOS="361" VPOS="1299" WIDTH="32" HEIGHT="24" CONTENT="its" WC="0.99" CC="001"/>
							<SP ID="P4_SP00180" HPOS="393" VPOS="1332" WIDTH="13"/>
							<String ID="P4_ST00259" HPOS="406" VPOS="1300" WIDTH="55" HEIGHT="22" CONTENT="true" WC="0.98" CC="1010"/>
							<SP ID="P4_SP00181" HPOS="461" VPOS="1332" WIDTH="19"/>
							<String ID="P4_ST00260" HPOS="480" VPOS="1297" WIDTH="49" HEIGHT="24" CONTENT="and" WC="1.00" CC="000"/>
							<SP ID="P4_SP00182" HPOS="529" VPOS="1332" WIDTH="10"/>
							<String ID="P4_ST00261" HPOS="539" VPOS="1296" WIDTH="53" HEIGHT="31" CONTENT="just" WC="0.96" CC="1100"/>
						</TextLine>
						<TextLine ID="P4_TL00068" HPOS="59" VPOS="1341" WIDTH="533" HEIGHT="28">
							<String ID="P4_ST00262" HPOS="59" VPOS="1345" WIDTH="55" HEIGHT="24" CONTENT="idea" WC="0.96" CC="0200"/>
							<SP ID="P4_SP00183" HPOS="114" VPOS="1369" WIDTH="12"/>
							<String ID="P4_ST00263" HPOS="126" VPOS="1345" WIDTH="29" HEIGHT="23" CONTENT="be" WC="0.96" CC="11"/>
							<SP ID="P4_SP00184" HPOS="155" VPOS="1369" WIDTH="11"/>
							<String ID="P4_ST00264" HPOS="166" VPOS="1345" WIDTH="45" HEIGHT="22" CONTENT="not" WC="0.94" CC="101"/>
							<SP ID="P4_SP00185" HPOS="211" VPOS="1369" WIDTH="18"/>
							<String ID="P4_ST00265" HPOS="229" VPOS="1343" WIDTH="55" HEIGHT="24" CONTENT="that" WC="0.94" CC="2011"/>
							<SP ID="P4_SP00186" HPOS="284" VPOS="1369" WIDTH="12"/>
							<String ID="P4_ST00266" HPOS="296" VPOS="1343" WIDTH="26" HEIGHT="24" CONTENT="of" WC="0.98" CC="01"/>
							<SP ID="P4_SP00187" HPOS="322" VPOS="1369" WIDTH="10"/>
							<String ID="P4_ST00267" HPOS="332" VPOS="1350" WIDTH="14" HEIGHT="16" CONTENT="a" WC="0.96" CC="1"/>
							<SP ID="P4_SP00188" HPOS="346" VPOS="1369" WIDTH="20"/>
							<String ID="P4_ST00268" HPOS="366" VPOS="1341" WIDTH="75" HEIGHT="25" CONTENT="ticket" WC="0.98" CC="000101"/>
							<SP ID="P4_SP00189" HPOS="441" VPOS="1369" WIDTH="12"/>
							<String ID="P4_ST00269" HPOS="453" VPOS="1348" WIDTH="27" HEIGHT="16" CONTENT="or" WC="1.00" CC="00"/>
							<SP ID="P4_SP00190" HPOS="480" VPOS="1369" WIDTH="11"/>
							<String ID="P4_ST00270" HPOS="491" VPOS="1341" WIDTH="101" HEIGHT="23" CONTENT="counter" WC="0.95" CC="0001021"/>
						</TextLine>
						<TextLine ID="P4_TL00069" HPOS="59" VPOS="1381" WIDTH="533" HEIGHT="37">
							<String ID="P4_ST00271" HPOS="59" VPOS="1388" WIDTH="115" HEIGHT="30" CONTENT="entitling" WC="0.93" CC="030021110"/>
							<SP ID="P4_SP00191" HPOS="174" VPOS="1418" WIDTH="9"/>
							<String ID="P4_ST00272" HPOS="183" VPOS="1388" WIDTH="26" HEIGHT="22" CONTENT="to" WC="1.00" CC="00"/>
							<SP ID="P4_SP00192" HPOS="209" VPOS="1418" WIDTH="12"/>
							<String ID="P4_ST00273" HPOS="221" VPOS="1393" WIDTH="87" HEIGHT="23" CONTENT="power," WC="0.91" CC="201022"/>
							<SP ID="P4_SP00193" HPOS="308" VPOS="1418" WIDTH="21"/>
							<String ID="P4_ST00274" HPOS="329" VPOS="1385" WIDTH="49" HEIGHT="24" CONTENT="and" WC="0.99" CC="001"/>
							<SP ID="P4_SP00194" HPOS="378" VPOS="1418" WIDTH="11"/>
							<String ID="P4_ST00275" HPOS="389" VPOS="1383" WIDTH="72" HEIGHT="24" CONTENT="fitted" WC="0.94" CC="111110"/>
							<SP ID="P4_SP00195" HPOS="461" VPOS="1418" WIDTH="13"/>
							<String ID="P4_ST00276" HPOS="474" VPOS="1385" WIDTH="24" HEIGHT="22" CONTENT="to" WC="1.00" CC="00"/>
							<SP ID="P4_SP00196" HPOS="498" VPOS="1418" WIDTH="12"/>
							<String ID="P4_ST00277" HPOS="510" VPOS="1381" WIDTH="82" HEIGHT="25" CONTENT="record" WC="0.96" CC="110011"/>
						</TextLine>
						<TextLine ID="P4_TL00070" HPOS="59" VPOS="1429" WIDTH="271" HEIGHT="30">
							<String ID="P4_ST00278" HPOS="59" VPOS="1432" WIDTH="49" HEIGHT="22" CONTENT="and" WC="0.90" CC="112"/>
							<SP ID="P4_SP00197" HPOS="108" VPOS="1454" WIDTH="12"/>
							<String ID="P4_ST00279" HPOS="120" VPOS="1429" WIDTH="106" HEIGHT="25" CONTENT="transfer" WC="0.95" CC="11111111"/>
							<SP ID="P4_SP00198" HPOS="226" VPOS="1454" WIDTH="13"/>
							<String ID="P4_ST00280" HPOS="239" VPOS="1430" WIDTH="91" HEIGHT="29" CONTENT="power?" WC="0.93" CC="003110"/>
						</TextLine>
						<TextLine ID="P4_TL00071" HPOS="93" VPOS="1467" WIDTH="497" HEIGHT="34">
							<String ID="P4_ST00281" HPOS="93" VPOS="1472" WIDTH="118" HEIGHT="24" CONTENT="Whether" WC="0.97" CC="1100100"/>
							<SP ID="P4_SP00199" HPOS="211" VPOS="1496" WIDTH="17"/>
							<String ID="P4_ST00282" HPOS="228" VPOS="1479" WIDTH="78" HEIGHT="22" CONTENT="power" WC="0.93" CC="10201"/>
							<SP ID="P4_SP00200" HPOS="306" VPOS="1501" WIDTH="13"/>
							<String ID="P4_ST00283" HPOS="319" VPOS="1472" WIDTH="24" HEIGHT="22" CONTENT="to" WC="1.00" CC="00"/>
							<SP ID="P4_SP00201" HPOS="343" VPOS="1501" WIDTH="12"/>
							<String ID="P4_ST00284" HPOS="355" VPOS="1468" WIDTH="133" HEIGHT="26" CONTENT="command" WC="0.98" CC="1001010"/>
							<SP ID="P4_SP00202" HPOS="488" VPOS="1501" WIDTH="12"/>
							<String ID="P4_ST00285" HPOS="500" VPOS="1467" WIDTH="42" HEIGHT="24" CONTENT="the" WC="0.96" CC="110"/>
							<SP ID="P4_SP00203" HPOS="542" VPOS="1501" WIDTH="12"/>
							<String ID="P4_ST00286" HPOS="554" VPOS="1467" WIDTH="36" HEIGHT="23" CONTENT="in-" WC="1.00" CC="000"/>
						</TextLine>
						<TextLine ID="P4_TL00072" HPOS="61" VPOS="1510" WIDTH="531" HEIGHT="36">
							<String ID="P4_ST00287" HPOS="61" VPOS="1516" WIDTH="84" HEIGHT="30" CONTENT="dustry" WC="0.93" CC="121011"/>
							<SP ID="P4_SP00204" HPOS="145" VPOS="1546" WIDTH="12"/>
							<String ID="P4_ST00288" HPOS="157" VPOS="1515" WIDTH="26" HEIGHT="24" CONTENT="of" WC="0.98" CC="01"/>
							<SP ID="P4_SP00205" HPOS="183" VPOS="1546" WIDTH="11"/>
							<String ID="P4_ST00289" HPOS="194" VPOS="1515" WIDTH="83" HEIGHT="23" CONTENT="others" WC="0.95" CC="000211"/>
							<SP ID="P4_SP00206" HPOS="277" VPOS="1546" WIDTH="23"/>
							<String ID="P4_ST00290" HPOS="300" VPOS="1513" WIDTH="30" HEIGHT="25" CONTENT="be" WC="0.98" CC="01"/>
							<SP ID="P4_SP00207" HPOS="330" VPOS="1546" WIDTH="20"/>
							<String ID="P4_ST00291" HPOS="350" VPOS="1514" WIDTH="44" HEIGHT="22" CONTENT="not" WC="0.99" CC="001"/>
							<SP ID="P4_SP00208" HPOS="394" VPOS="1546" WIDTH="12"/>
							<String ID="P4_ST00292" HPOS="406" VPOS="1512" WIDTH="52" HEIGHT="24" CONTENT="real" WC="1.00" CC="0000"/>
							<SP ID="P4_SP00209" HPOS="458" VPOS="1546" WIDTH="22"/>
							<String ID="P4_ST00293" HPOS="480" VPOS="1510" WIDTH="89" HEIGHT="25" CONTENT="wealth" WC="0.97" CC="101000"/>
							<SP ID="P4_SP00210" HPOS="569" VPOS="1546" WIDTH="11"/>
							<String ID="P4_ST00294" HPOS="580" VPOS="1511" WIDTH="12" HEIGHT="22" CONTENT="?" WC="0.85" CC="2"/>
						</TextLine>
						<TextLine ID="P4_TL00073" HPOS="60" VPOS="1552" WIDTH="533" HEIGHT="34">
							<String ID="P4_ST00295" HPOS="60" VPOS="1559" WIDTH="50" HEIGHT="23" CONTENT="and" WC="0.91" CC="112"/>
							<SP ID="P4_SP00211" HPOS="110" VPOS="1582" WIDTH="11"/>
							<String ID="P4_ST00296" HPOS="121" VPOS="1557" WIDTH="110" HEIGHT="24" CONTENT="whether" WC="0.94" CC="2102001"/>
							<SP ID="P4_SP00212" HPOS="231" VPOS="1582" WIDTH="15"/>
							<String ID="P4_ST00297" HPOS="246" VPOS="1564" WIDTH="87" HEIGHT="22" CONTENT="money" WC="0.92" CC="10102"/>
							<SP ID="P4_SP00213" HPOS="333" VPOS="1586" WIDTH="23"/>
							<String ID="P4_ST00298" HPOS="356" VPOS="1555" WIDTH="31" HEIGHT="25" CONTENT="be" WC="0.96" CC="11"/>
							<SP ID="P4_SP00214" HPOS="387" VPOS="1586" WIDTH="20"/>
							<String ID="P4_ST00299" HPOS="407" VPOS="1555" WIDTH="44" HEIGHT="23" CONTENT="not" WC="0.99" CC="001"/>
							<SP ID="P4_SP00215" HPOS="451" VPOS="1586" WIDTH="22"/>
							<String ID="P4_ST00300" HPOS="473" VPOS="1553" WIDTH="27" HEIGHT="24" CONTENT="in" WC="0.98" CC="01"/>
							<SP ID="P4_SP00216" HPOS="500" VPOS="1586" WIDTH="22"/>
							<String ID="P4_ST00301" HPOS="522" VPOS="1552" WIDTH="71" HEIGHT="25" CONTENT="truth" WC="0.90" CC="11401"/>
						</TextLine>
						<TextLine ID="P4_TL00074" HPOS="59" VPOS="1595" WIDTH="533" HEIGHT="32">
							<String ID="P4_ST00302" HPOS="59" VPOS="1601" WIDTH="89" HEIGHT="24" CONTENT="tickets" WC="0.95" CC="0011101"/>
							<SP ID="P4_SP00217" HPOS="148" VPOS="1625" WIDTH="12"/>
							<String ID="P4_ST00303" HPOS="160" VPOS="1607" WIDTH="27" HEIGHT="16" CONTENT="or" WC="0.96" CC="01"/>
							<SP ID="P4_SP00218" HPOS="187" VPOS="1625" WIDTH="10"/>
							<String ID="P4_ST00304" HPOS="197" VPOS="1599" WIDTH="85" HEIGHT="24" CONTENT="tokens" WC="0.88" CC="101014"/>
							<SP ID="P4_SP00219" HPOS="282" VPOS="1625" WIDTH="21"/>
							<String ID="P4_ST00305" HPOS="303" VPOS="1599" WIDTH="37" HEIGHT="23" CONTENT="for" WC="0.94" CC="101"/>
							<SP ID="P4_SP00220" HPOS="340" VPOS="1625" WIDTH="11"/>
							<String ID="P4_ST00306" HPOS="351" VPOS="1597" WIDTH="135" HEIGHT="30" CONTENT="conveying" WC="0.98" CC="100100100"/>
							<SP ID="P4_SP00221" HPOS="486" VPOS="1627" WIDTH="10"/>
							<String ID="P4_ST00307" HPOS="496" VPOS="1595" WIDTH="48" HEIGHT="23" CONTENT="and" WC="0.94" CC="110"/>
							<SP ID="P4_SP00222" HPOS="544" VPOS="1627" WIDTH="11"/>
							<String ID="P4_ST00308" HPOS="555" VPOS="1602" WIDTH="37" HEIGHT="16" CONTENT="re-" WC="0.96" CC="101"/>
						</TextLine>
						<TextLine ID="P4_TL00075" HPOS="60" VPOS="1637" WIDTH="533" HEIGHT="35">
							<String ID="P4_ST00309" HPOS="60" VPOS="1643" WIDTH="102" HEIGHT="29" CONTENT="cording" WC="0.93" CC="0021021"/>
							<SP ID="P4_SP00223" HPOS="162" VPOS="1672" WIDTH="12"/>
							<String ID="P4_ST00310" HPOS="174" VPOS="1641" WIDTH="59" HEIGHT="24" CONTENT="such" WC="0.97" CC="1100"/>
							<SP ID="P4_SP00224" HPOS="233" VPOS="1672" WIDTH="5"/>
							<String ID="P4_ST00311" HPOS="238" VPOS="1656" WIDTH="2" HEIGHT="3" CONTENT="•" WC="0.93" CC="1"/>
							<SP ID="P4_SP00225" HPOS="240" VPOS="1672" WIDTH="6"/>
							<String ID="P4_ST00312" HPOS="246" VPOS="1642" WIDTH="101" HEIGHT="29" CONTENT="power?" WC="0.93" CC="101112"/>
							<SP ID="P4_SP00226" HPOS="347" VPOS="1672" WIDTH="24"/>
							<String ID="P4_ST00313" HPOS="371" VPOS="1640" WIDTH="48" HEIGHT="23" CONTENT="and" WC="0.97" CC="110"/>
							<SP ID="P4_SP00227" HPOS="419" VPOS="1672" WIDTH="20"/>
							<String ID="P4_ST00314" HPOS="439" VPOS="1637" WIDTH="112" HEIGHT="26" CONTENT="whether" WC="0.96" CC="1101200"/>
							<SP ID="P4_SP00228" HPOS="551" VPOS="1672" WIDTH="22"/>
							<String ID="P4_ST00315" HPOS="573" VPOS="1637" WIDTH="20" HEIGHT="24" CONTENT="it" WC="1.00" CC="00"/>
						</TextLine>
						<TextLine ID="P4_TL00076" HPOS="59" VPOS="1679" WIDTH="534" HEIGHT="36">
							<String ID="P4_ST00316" HPOS="59" VPOS="1685" WIDTH="31" HEIGHT="24" CONTENT="be" WC="0.96" CC="10"/>
							<SP ID="P4_SP00229" HPOS="90" VPOS="1709" WIDTH="13"/>
							<String ID="P4_ST00317" HPOS="103" VPOS="1685" WIDTH="26" HEIGHT="23" CONTENT="of" WC="0.96" CC="01"/>
							<SP ID="P4_SP00230" HPOS="129" VPOS="1709" WIDTH="9"/>
							<String ID="P4_ST00318" HPOS="138" VPOS="1686" WIDTH="69" HEIGHT="29" CONTENT="great" WC="0.92" CC="12021"/>
							<SP ID="P4_SP00231" HPOS="207" VPOS="1715" WIDTH="13"/>
							<String ID="P4_ST00319" HPOS="220" VPOS="1689" WIDTH="166" HEIGHT="25" CONTENT="consequence" WC="0.93" CC="11110410000"/>
							<SP ID="P4_SP00232" HPOS="386" VPOS="1715" WIDTH="7"/>
							<String ID="P4_ST00320" HPOS="393" VPOS="1682" WIDTH="67" HEIGHT="24" CONTENT="what" WC="0.92" CC="1121"/>
							<SP ID="P4_SP00233" HPOS="460" VPOS="1715" WIDTH="8"/>
							<String ID="P4_ST00321" HPOS="468" VPOS="1679" WIDTH="125" HEIGHT="25" CONTENT="materials" WC="0.97" CC="001000101"/>
						</TextLine>
						<TextLine ID="P4_TL00077" HPOS="61" VPOS="1726" WIDTH="334" HEIGHT="26">
							<String ID="P4_ST00322" HPOS="61" VPOS="1728" WIDTH="42" HEIGHT="24" CONTENT="the" WC="0.97" CC="010"/>
							<SP ID="P4_SP00234" HPOS="103" VPOS="1752" WIDTH="13"/>
							<String ID="P4_ST00323" HPOS="116" VPOS="1728" WIDTH="88" HEIGHT="23" CONTENT="tickets" WC="0.97" CC="0011200"/>
							<SP ID="P4_SP00235" HPOS="204" VPOS="1752" WIDTH="12"/>
							<String ID="P4_ST00324" HPOS="216" VPOS="1734" WIDTH="40" HEIGHT="16" CONTENT="are" WC="0.89" CC="221"/>
							<SP ID="P4_SP00236" HPOS="256" VPOS="1752" WIDTH="10"/>
							<String ID="P4_ST00325" HPOS="266" VPOS="1726" WIDTH="74" HEIGHT="24" CONTENT="made" WC="0.93" CC="2100"/>
							<SP ID="P4_SP00237" HPOS="340" VPOS="1752" WIDTH="12"/>
							<String ID="P4_ST00326" HPOS="352" VPOS="1726" WIDTH="43" HEIGHT="23" CONTENT="of?" WC="0.94" CC="012"/>
						</TextLine>
						<TextLine ID="P4_TL00078" HPOS="94" VPOS="1765" WIDTH="499" HEIGHT="32">
							<String ID="P4_ST00327" HPOS="94" VPOS="1769" WIDTH="120" HEIGHT="25" CONTENT="Whether" WC="0.94" CC="2012110"/>
							<SP ID="P4_SP00238" HPOS="214" VPOS="1794" WIDTH="12"/>
							<String ID="P4_ST00328" HPOS="226" VPOS="1768" WIDTH="77" HEIGHT="28" CONTENT="trade," WC="0.96" CC="011001"/>
							<SP ID="P4_SP00239" HPOS="303" VPOS="1796" WIDTH="13"/>
							<String ID="P4_ST00329" HPOS="316" VPOS="1767" WIDTH="79" HEIGHT="25" CONTENT="either" WC="0.97" CC="001011"/>
							<SP ID="P4_SP00240" HPOS="395" VPOS="1796" WIDTH="11"/>
							<String ID="P4_ST00330" HPOS="406" VPOS="1766" WIDTH="95" HEIGHT="31" CONTENT="foreign" WC="0.98" CC="1001100"/>
							<SP ID="P4_SP00241" HPOS="501" VPOS="1797" WIDTH="12"/>
							<String ID="P4_ST00331" HPOS="513" VPOS="1773" WIDTH="28" HEIGHT="17" CONTENT="or" WC="0.98" CC="01"/>
							<SP ID="P4_SP00242" HPOS="541" VPOS="1797" WIDTH="11"/>
							<String ID="P4_ST00332" HPOS="552" VPOS="1765" WIDTH="41" HEIGHT="23" CONTENT="do-" WC="0.84" CC="141"/>
						</TextLine>
						<TextLine ID="P4_TL00079" HPOS="59" VPOS="1807" WIDTH="534" HEIGHT="35">
							<String ID="P4_ST00333" HPOS="59" VPOS="1813" WIDTH="93" HEIGHT="29" CONTENT="mestic," WC="0.93" CC="2111001"/>
							<SP ID="P4_SP00243" HPOS="152" VPOS="1842" WIDTH="12"/>
							<String ID="P4_ST00334" HPOS="164" VPOS="1812" WIDTH="29" HEIGHT="24" CONTENT="be" WC="0.94" CC="11"/>
							<SP ID="P4_SP00244" HPOS="193" VPOS="1842" WIDTH="12"/>
							<String ID="P4_ST00335" HPOS="205" VPOS="1813" WIDTH="27" HEIGHT="22" CONTENT="in" WC="0.96" CC="11"/>
							<SP ID="P4_SP00245" HPOS="232" VPOS="1842" WIDTH="13"/>
							<String ID="P4_ST00336" HPOS="245" VPOS="1812" WIDTH="67" HEIGHT="23" CONTENT="truth" WC="0.94" CC="11011"/>
							<SP ID="P4_SP00246" HPOS="312" VPOS="1842" WIDTH="12"/>
							<String ID="P4_ST00337" HPOS="324" VPOS="1819" WIDTH="48" HEIGHT="20" CONTENT="any" WC="0.95" CC="111"/>
							<SP ID="P4_SP00247" HPOS="372" VPOS="1842" WIDTH="12"/>
							<String ID="P4_ST00338" HPOS="384" VPOS="1817" WIDTH="68" HEIGHT="17" CONTENT="more" WC="0.99" CC="1000"/>
							<SP ID="P4_SP00248" HPOS="452" VPOS="1842" WIDTH="18"/>
							<String ID="P4_ST00339" HPOS="470" VPOS="1809" WIDTH="63" HEIGHT="24" CONTENT="than" WC="0.99" CC="0010"/>
							<SP ID="P4_SP00249" HPOS="533" VPOS="1842" WIDTH="12"/>
							<String ID="P4_ST00340" HPOS="545" VPOS="1807" WIDTH="48" HEIGHT="25" CONTENT="this" WC="0.94" CC="1111"/>
						</TextLine>
						<TextLine ID="P4_TL00080" HPOS="59" VPOS="1852" WIDTH="312" HEIGHT="30">
							<String ID="P4_ST00341" HPOS="59" VPOS="1860" WIDTH="134" HEIGHT="17" CONTENT="commerce" WC="0.84" CC="00341104"/>
							<SP ID="P4_SP00250" HPOS="193" VPOS="1877" WIDTH="12"/>
							<String ID="P4_ST00342" HPOS="205" VPOS="1852" WIDTH="26" HEIGHT="24" CONTENT="of" WC="0.96" CC="01"/>
							<SP ID="P4_SP00251" HPOS="231" VPOS="1877" WIDTH="6"/>
							<String ID="P4_ST00343" HPOS="237" VPOS="1852" WIDTH="134" HEIGHT="30" CONTENT="industry?" WC="0.95" CC="010112100"/>
						</TextLine>
						<TextLine ID="P4_TL00081" HPOS="94" VPOS="1890" WIDTH="499" HEIGHT="34">
							<String ID="P4_ST00344" HPOS="94" VPOS="1895" WIDTH="121" HEIGHT="24" CONTENT="Whether" WC="0.93" CC="2001211"/>
							<SP ID="P4_SP00252" HPOS="215" VPOS="1919" WIDTH="10"/>
							<String ID="P4_ST00345" HPOS="225" VPOS="1898" WIDTH="25" HEIGHT="21" CONTENT="to" WC="0.98" CC="10"/>
							<SP ID="P4_SP00253" HPOS="250" VPOS="1919" WIDTH="18"/>
							<String ID="P4_ST00346" HPOS="268" VPOS="1895" WIDTH="119" HEIGHT="29" CONTENT="promote," WC="0.97" CC="11000001"/>
							<SP ID="P4_SP00254" HPOS="387" VPOS="1924" WIDTH="24"/>
							<String ID="P4_ST00347" HPOS="411" VPOS="1891" WIDTH="111" HEIGHT="30" CONTENT="transfer," WC="0.94" CC="011111011"/>
							<SP ID="P4_SP00255" HPOS="522" VPOS="1924" WIDTH="23"/>
							<String ID="P4_ST00348" HPOS="545" VPOS="1890" WIDTH="48" HEIGHT="24" CONTENT="and" WC="0.97" CC="001"/>
						</TextLine>
						<TextLine ID="P4_TL00082" HPOS="61" VPOS="1934" WIDTH="532" HEIGHT="30">
							<String ID="P4_ST00349" HPOS="61" VPOS="1947" WIDTH="84" HEIGHT="16" CONTENT="secure" WC="0.86" CC="400311"/>
							<SP ID="P4_SP00256" HPOS="145" VPOS="1963" WIDTH="10"/>
							<String ID="P4_ST00350" HPOS="155" VPOS="1938" WIDTH="49" HEIGHT="23" CONTENT="this" WC="0.96" CC="1101"/>
							<SP ID="P4_SP00257" HPOS="204" VPOS="1963" WIDTH="11"/>
							<String ID="P4_ST00351" HPOS="215" VPOS="1944" WIDTH="136" HEIGHT="17" CONTENT="commerce" WC="0.97" CC="10120000"/>
							<SP ID="P4_SP00258" HPOS="351" VPOS="1963" WIDTH="12"/>
							<String ID="P4_ST00352" HPOS="363" VPOS="1936" WIDTH="48" HEIGHT="24" CONTENT="and" WC="0.91" CC="111"/>
							<SP ID="P4_SP00259" HPOS="411" VPOS="1963" WIDTH="9"/>
							<String ID="P4_ST00353" HPOS="420" VPOS="1934" WIDTH="50" HEIGHT="25" CONTENT="this" WC="0.98" CC="0001"/>
							<SP ID="P4_SP00260" HPOS="470" VPOS="1963" WIDTH="9"/>
							<String ID="P4_ST00354" HPOS="479" VPOS="1934" WIDTH="114" HEIGHT="30" CONTENT="property" WC="0.99" CC="01000011"/>
						</TextLine>
						<TextLine ID="P4_TL00083" HPOS="61" VPOS="1976" WIDTH="532" HEIGHT="32">
							<String ID="P4_ST00355" HPOS="61" VPOS="1982" WIDTH="26" HEIGHT="23" CONTENT="in" WC="0.94" CC="11"/>
							<SP ID="P4_SP00261" HPOS="87" VPOS="2005" WIDTH="16"/>
							<String ID="P4_ST00356" HPOS="103" VPOS="1981" WIDTH="96" HEIGHT="23" CONTENT="human" WC="0.90" CC="21201"/>
							<SP ID="P4_SP00262" HPOS="199" VPOS="2005" WIDTH="11"/>
							<String ID="P4_ST00357" HPOS="210" VPOS="1980" WIDTH="93" HEIGHT="28" CONTENT="laVour," WC="0.92" CC="0240001"/>
							<SP ID="P4_SP00263" HPOS="303" VPOS="2008" WIDTH="14"/>
							<String ID="P4_ST00358" HPOS="317" VPOS="1987" WIDTH="35" HEIGHT="20" CONTENT="or," WC="0.99" CC="010"/>
							<SP ID="P4_SP00264" HPOS="352" VPOS="2008" WIDTH="12"/>
							<String ID="P4_ST00359" HPOS="364" VPOS="1979" WIDTH="26" HEIGHT="23" CONTENT="in" WC="0.94" CC="01"/>
							<SP ID="P4_SP00265" HPOS="390" VPOS="2008" WIDTH="22"/>
							<String ID="P4_ST00360" HPOS="412" VPOS="1977" WIDTH="71" HEIGHT="24" CONTENT="other" WC="0.99" CC="00100"/>
							<SP ID="P4_SP00266" HPOS="483" VPOS="2008" WIDTH="22"/>
							<String ID="P4_ST00361" HPOS="505" VPOS="1976" WIDTH="88" HEIGHT="31" CONTENT="words," WC="0.94" CC="101012"/>
						</TextLine>
						<TextLine ID="P4_TL00084" HPOS="61" VPOS="2020" WIDTH="532" HEIGHT="34">
							<String ID="P4_ST00362" HPOS="61" VPOS="2025" WIDTH="51" HEIGHT="23" CONTENT="this" WC="1.00" CC="0000"/>
							<SP ID="P4_SP00267" HPOS="112" VPOS="2048" WIDTH="14"/>
							<String ID="P4_ST00363" HPOS="126" VPOS="2032" WIDTH="78" HEIGHT="22" CONTENT="power" WC="0.90" CC="10212"/>
							<SP ID="P4_SP00268" HPOS="204" VPOS="2054" WIDTH="12"/>
							<String ID="P4_ST00364" HPOS="216" VPOS="2023" WIDTH="29" HEIGHT="23" CONTENT="ha" WC="0.48" CC="28"/>
							<SP ID="P4_SP00269" HPOS="245" VPOS="2054" WIDTH="12"/>
							<String ID="P4_ST00365" HPOS="257" VPOS="2024" WIDTH="43" HEIGHT="23" CONTENT="not" WC="0.96" CC="101"/>
							<SP ID="P4_SP00270" HPOS="300" VPOS="2054" WIDTH="12"/>
							<String ID="P4_ST00366" HPOS="312" VPOS="2022" WIDTH="43" HEIGHT="24" CONTENT="the" WC="0.97" CC="101"/>
							<SP ID="P4_SP00271" HPOS="355" VPOS="2054" WIDTH="8"/>
							<String ID="P4_ST00367" HPOS="363" VPOS="2021" WIDTH="51" HEIGHT="25" CONTENT="sole" WC="0.98" CC="1000"/>
							<SP ID="P4_SP00272" HPOS="414" VPOS="2054" WIDTH="11"/>
							<String ID="P4_ST00368" HPOS="425" VPOS="2028" WIDTH="87" HEIGHT="17" CONTENT="means" WC="0.95" CC="10002"/>
							<SP ID="P4_SP00273" HPOS="512" VPOS="2054" WIDTH="7"/>
							<String ID="P4_ST00369" HPOS="519" VPOS="2020" WIDTH="26" HEIGHT="24" CONTENT="of" WC="0.96" CC="01"/>
							<SP ID="P4_SP00274" HPOS="545" VPOS="2054" WIDTH="7"/>
							<String ID="P4_ST00370" HPOS="552" VPOS="2027" WIDTH="41" HEIGHT="16" CONTENT="en-" WC="0.99" CC="001"/>
						</TextLine>
						<TextLine ID="P4_TL00085" HPOS="61" VPOS="2063" WIDTH="532" HEIGHT="33">
							<String ID="P4_ST00371" HPOS="61" VPOS="2067" WIDTH="97" HEIGHT="29" CONTENT="riching" WC="0.82" CC="1011154"/>
							<SP ID="P4_SP00275" HPOS="158" VPOS="2096" WIDTH="11"/>
							<String ID="P4_ST00372" HPOS="169" VPOS="2074" WIDTH="15" HEIGHT="15" CONTENT="a" WC="0.81" CC="2"/>
							<SP ID="P4_SP00276" HPOS="184" VPOS="2096" WIDTH="12"/>
							<String ID="P4_ST00373" HPOS="196" VPOS="2065" WIDTH="84" HEIGHT="31" CONTENT="people" WC="0.94" CC="210200"/>
							<SP ID="P4_SP00277" HPOS="280" VPOS="2096" WIDTH="19"/>
							<String ID="P4_ST00374" HPOS="299" VPOS="2065" WIDTH="48" HEIGHT="24" CONTENT="and" WC="0.91" CC="112"/>
							<SP ID="P4_SP00278" HPOS="347" VPOS="2096" WIDTH="12"/>
							<String ID="P4_ST00375" HPOS="359" VPOS="2065" WIDTH="61" HEIGHT="23" CONTENT="how-" WC="0.92" CC="1012"/>
							<String ID="P4_ST00376" HPOS="426" VPOS="2063" WIDTH="39" HEIGHT="25" CONTENT="far" WC="0.97" CC="110"/>
							<SP ID="P4_SP00279" HPOS="465" VPOS="2096" WIDTH="10"/>
							<String ID="P4_ST00377" HPOS="475" VPOS="2063" WIDTH="49" HEIGHT="25" CONTENT="this" WC="0.95" CC="0110"/>
							<SP ID="P4_SP00280" HPOS="524" VPOS="2096" WIDTH="12"/>
							<String ID="P4_ST00378" HPOS="536" VPOS="2069" WIDTH="57" HEIGHT="24" CONTENT="may" WC="0.93" CC="111"/>
						</TextLine>
						<TextLine ID="P4_TL00086" HPOS="60" VPOS="2104" WIDTH="532" HEIGHT="34">
							<String ID="P4_ST00379" HPOS="60" VPOS="2109" WIDTH="29" HEIGHT="23" CONTENT="be" WC="0.94" CC="10"/>
							<SP ID="P4_SP00281" HPOS="89" VPOS="2132" WIDTH="14"/>
							<String ID="P4_ST00380" HPOS="103" VPOS="2108" WIDTH="59" HEIGHT="24" CONTENT="done" WC="0.88" CC="3011"/>
							<SP ID="P4_SP00282" HPOS="162" VPOS="2132" WIDTH="12"/>
							<String ID="P4_ST00381" HPOS="174" VPOS="2107" WIDTH="191" HEIGHT="31" CONTENT="independently" WC="0.94" CC="2011101101120"/>
							<SP ID="P4_SP00283" HPOS="365" VPOS="2138" WIDTH="13"/>
							<String ID="P4_ST00382" HPOS="378" VPOS="2107" WIDTH="25" HEIGHT="23" CONTENT="of" WC="0.98" CC="01"/>
							<SP ID="P4_SP00284" HPOS="403" VPOS="2138" WIDTH="9"/>
							<String ID="P4_ST00383" HPOS="412" VPOS="2106" WIDTH="58" HEIGHT="31" CONTENT="gold" WC="0.98" CC="0001"/>
							<SP ID="P4_SP00285" HPOS="470" VPOS="2138" WIDTH="19"/>
							<String ID="P4_ST00384" HPOS="489" VPOS="2105" WIDTH="49" HEIGHT="23" CONTENT="and" WC="0.99" CC="001"/>
							<SP ID="P4_SP00286" HPOS="538" VPOS="2138" WIDTH="13"/>
							<String ID="P4_ST00385" HPOS="551" VPOS="2104" WIDTH="41" HEIGHT="24" CONTENT="sil-" WC="0.94" CC="2101"/>
						</TextLine>
						<TextLine ID="P4_TL00087" HPOS="59" VPOS="2153" WIDTH="62" HEIGHT="23">
							<String ID="P4_ST00386" HPOS="59" VPOS="2159" WIDTH="40" HEIGHT="17" CONTENT="ver" WC="0.88" CC="013"/>
							<SP ID="P4_SP00287" HPOS="99" VPOS="2176" WIDTH="11"/>
							<String ID="P4_ST00387" HPOS="110" VPOS="2153" WIDTH="11" HEIGHT="22" CONTENT="?" WC="0.81" CC="2"/>
						</TextLine>
						<TextLine ID="P4_TL00088" HPOS="93" VPOS="2190" WIDTH="500" HEIGHT="32">
							<String ID="P4_ST00388" HPOS="93" VPOS="2194" WIDTH="121" HEIGHT="24" CONTENT="Whether" WC="0.86" CC="3112131"/>
							<SP ID="P4_SP00288" HPOS="214" VPOS="2218" WIDTH="12"/>
							<String ID="P4_ST00389" HPOS="226" VPOS="2201" WIDTH="14" HEIGHT="15" CONTENT="a" WC="0.85" CC="2"/>
							<SP ID="P4_SP00289" HPOS="240" VPOS="2218" WIDTH="12"/>
							<String ID="P4_ST00390" HPOS="252" VPOS="2192" WIDTH="110" HEIGHT="25" CONTENT="national" WC="0.95" CC="12110100"/>
							<SP ID="P4_SP00290" HPOS="362" VPOS="2218" WIDTH="21"/>
							<String ID="P4_ST00391" HPOS="383" VPOS="2199" WIDTH="119" HEIGHT="23" CONTENT="currency" WC="0.97" CC="01011010"/>
							<SP ID="P4_SP00291" HPOS="502" VPOS="2222" WIDTH="11"/>
							<String ID="P4_ST00392" HPOS="513" VPOS="2190" WIDTH="80" HEIGHT="25" CONTENT="would" WC="0.95" CC="20001"/>
						</TextLine>
						<TextLine ID="P4_TL00089" HPOS="59" VPOS="2234" WIDTH="534" HEIGHT="27">
							<String ID="P4_ST00393" HPOS="59" VPOS="2239" WIDTH="44" HEIGHT="22" CONTENT="not" WC="0.95" CC="002"/>
							<SP ID="P4_SP00292" HPOS="103" VPOS="2261" WIDTH="13"/>
							<String ID="P4_ST00394" HPOS="116" VPOS="2237" WIDTH="29" HEIGHT="23" CONTENT="be" WC="0.91" CC="21"/>
							<SP ID="P4_SP00293" HPOS="145" VPOS="2261" WIDTH="15"/>
							<String ID="P4_ST00395" HPOS="160" VPOS="2244" WIDTH="68" HEIGHT="16" CONTENT="move" WC="0.91" CC="1030"/>
							<SP ID="P4_SP00294" HPOS="228" VPOS="2261" WIDTH="22"/>
							<String ID="P4_ST00396" HPOS="250" VPOS="2235" WIDTH="130" HEIGHT="24" CONTENT="beneficial" WC="0.96" CC="1120001010"/>
							<SP ID="P4_SP00295" HPOS="380" VPOS="2261" WIDTH="22"/>
							<String ID="P4_ST00397" HPOS="402" VPOS="2234" WIDTH="63" HEIGHT="24" CONTENT="than" WC="0.99" CC="0001"/>
							<SP ID="P4_SP00296" HPOS="465" VPOS="2261" WIDTH="23"/>
							<String ID="P4_ST00398" HPOS="488" VPOS="2241" WIDTH="62" HEIGHT="16" CONTENT="even" WC="0.99" CC="0010"/>
							<SP ID="P4_SP00297" HPOS="550" VPOS="2261" WIDTH="28"/>
							<String ID="P4_ST00399" HPOS="578" VPOS="2241" WIDTH="15" HEIGHT="15" CONTENT="a" WC="1.00" CC="0"/>
						</TextLine>
						<TextLine ID="P4_TL00090" HPOS="61" VPOS="2275" WIDTH="532" HEIGHT="34">
							<String ID="P4_ST00400" HPOS="61" VPOS="2279" WIDTH="142" HEIGHT="30" CONTENT="gol.l-mine," WC="0.85" CC="90021110111"/>
							<SP ID="P4_SP00298" HPOS="203" VPOS="2309" WIDTH="15"/>
							<String ID="P4_ST00401" HPOS="218" VPOS="2277" WIDTH="48" HEIGHT="23" CONTENT="and" WC="0.80" CC="501"/>
							<SP ID="P4_SP00299" HPOS="266" VPOS="2309" WIDTH="13"/>
							<String ID="P4_ST00402" HPOS="279" VPOS="2277" WIDTH="110" HEIGHT="24" CONTENT="whether" WC="0.96" CC="1100101"/>
							<SP ID="P4_SP00300" HPOS="389" VPOS="2309" WIDTH="10"/>
							<String ID="P4_ST00403" HPOS="399" VPOS="2277" WIDTH="54" HEIGHT="23" CONTENT="that" WC="0.97" CC="0011"/>
							<SP ID="P4_SP00301" HPOS="453" VPOS="2309" WIDTH="8"/>
							<String ID="P4_ST00404" HPOS="461" VPOS="2275" WIDTH="31" HEIGHT="24" CONTENT="be" WC="1.00" CC="00"/>
							<SP ID="P4_SP00302" HPOS="492" VPOS="2309" WIDTH="7"/>
							<String ID="P4_ST00405" HPOS="499" VPOS="2278" WIDTH="42" HEIGHT="21" CONTENT="not" WC="0.95" CC="101"/>
							<SP ID="P4_SP00303" HPOS="541" VPOS="2309" WIDTH="9"/>
							<String ID="P4_ST00406" HPOS="550" VPOS="2275" WIDTH="43" HEIGHT="23" CONTENT="the" WC="0.99" CC="100"/>
						</TextLine>
						<TextLine ID="P4_TL00091" HPOS="61" VPOS="2317" WIDTH="531" HEIGHT="34">
							<String ID="P4_ST00407" HPOS="61" VPOS="2324" WIDTH="54" HEIGHT="21" CONTENT="true" WC="0.81" CC="0422"/>
							<SP ID="P4_SP00304" HPOS="115" VPOS="2345" WIDTH="13"/>
							<String ID="P4_ST00408" HPOS="128" VPOS="2319" WIDTH="177" HEIGHT="32" CONTENT="philosopher's" WC="0.86" CC="2400110210151"/>
							<SP ID="P4_SP00305" HPOS="305" VPOS="2351" WIDTH="16"/>
							<String ID="P4_ST00409" HPOS="321" VPOS="2322" WIDTH="71" HEIGHT="20" CONTENT="stone" WC="0.93" CC="11012"/>
							<SP ID="P4_SP00306" HPOS="392" VPOS="2351" WIDTH="22"/>
							<String ID="P4_ST00410" HPOS="414" VPOS="2319" WIDTH="25" HEIGHT="22" CONTENT="in" WC="0.94" CC="01"/>
							<SP ID="P4_SP00307" HPOS="439" VPOS="2351" WIDTH="30"/>
							<String ID="P4_ST00411" HPOS="469" VPOS="2325" WIDTH="15" HEIGHT="15" CONTENT="a" WC="0.89" CC="1"/>
							<SP ID="P4_SP00308" HPOS="484" VPOS="2351" WIDTH="24"/>
							<String ID="P4_ST00412" HPOS="508" VPOS="2317" WIDTH="84" HEIGHT="28" CONTENT="State;" WC="0.97" CC="100111"/>
						</TextLine>
						<TextLine ID="P4_TL00092" HPOS="59" VPOS="2359" WIDTH="534" HEIGHT="33">
							<String ID="P4_ST00413" HPOS="59" VPOS="2364" WIDTH="49" HEIGHT="23" CONTENT="and" WC="0.90" CC="211"/>
							<SP ID="P4_SP00309" HPOS="108" VPOS="2387" WIDTH="24"/>
							<String ID="P4_ST00414" HPOS="132" VPOS="2362" WIDTH="108" HEIGHT="25" CONTENT="whether" WC="0.95" CC="1201101"/>
							<SP ID="P4_SP00310" HPOS="240" VPOS="2387" WIDTH="28"/>
							<String ID="P4_ST00415" HPOS="268" VPOS="2369" WIDTH="91" HEIGHT="23" CONTENT="money" WC="0.96" CC="10110"/>
							<SP ID="P4_SP00311" HPOS="359" VPOS="2392" WIDTH="28"/>
							<String ID="P4_ST00416" HPOS="387" VPOS="2360" WIDTH="83" HEIGHT="25" CONTENT="would" WC="0.98" CC="00001"/>
							<SP ID="P4_SP00312" HPOS="470" VPOS="2392" WIDTH="22"/>
							<String ID="P4_ST00417" HPOS="492" VPOS="2367" WIDTH="56" HEIGHT="16" CONTENT="ever" WC="0.97" CC="1101"/>
							<SP ID="P4_SP00313" HPOS="548" VPOS="2392" WIDTH="18"/>
							<String ID="P4_ST00418" HPOS="566" VPOS="2359" WIDTH="27" HEIGHT="24" CONTENT="be" WC="0.98" CC="10"/>
						</TextLine>
						<TextLine ID="P4_TL00093" HPOS="59" VPOS="2402" WIDTH="534" HEIGHT="34">
							<String ID="P4_ST00419" HPOS="59" VPOS="2407" WIDTH="111" HEIGHT="29" CONTENT="wanting" WC="0.92" CC="1211001"/>
							<SP ID="P4_SP00314" HPOS="170" VPOS="2436" WIDTH="11"/>
							<String ID="P4_ST00420" HPOS="181" VPOS="2408" WIDTH="25" HEIGHT="21" CONTENT="to" WC="0.98" CC="10"/>
							<SP ID="P4_SP00315" HPOS="206" VPOS="2436" WIDTH="14"/>
							<String ID="P4_ST00421" HPOS="220" VPOS="2406" WIDTH="49" HEIGHT="25" CONTENT="the." WC="0.99" CC="0100"/>
							<String ID="P4_ST00422" HPOS="272" VPOS="2404" WIDTH="118" HEIGHT="25" CONTENT="demands" WC="0.87" CC="1115100"/>
							<SP ID="P4_SP00316" HPOS="390" VPOS="2436" WIDTH="12"/>
							<String ID="P4_ST00423" HPOS="402" VPOS="2404" WIDTH="26" HEIGHT="24" CONTENT="of" WC="0.98" CC="01"/>
							<SP ID="P4_SP00317" HPOS="428" VPOS="2436" WIDTH="19"/>
							<String ID="P4_ST00424" HPOS="447" VPOS="2402" WIDTH="115" HEIGHT="31" CONTENT="Industry" WC="0.92" CC="02031100"/>
							<SP ID="P4_SP00318" HPOS="562" VPOS="2436" WIDTH="11"/>
							<String ID="P4_ST00425" HPOS="573" VPOS="2402" WIDTH="20" HEIGHT="23" CONTENT="if" WC="1.00" CC="00"/>
						</TextLine>
						<TextLine ID="P4_TL00094" HPOS="58" VPOS="2446" WIDTH="361" HEIGHT="27">
							<String ID="P4_ST00426" HPOS="58" VPOS="2457" WIDTH="36" HEIGHT="16" CONTENT="we" WC="0.93" CC="20"/>
							<SP ID="P4_SP00319" HPOS="94" VPOS="2473" WIDTH="12"/>
							<String ID="P4_ST00427" HPOS="106" VPOS="2449" WIDTH="62" HEIGHT="23" CONTENT="Lave" WC="0.82" CC="6101"/>
							<SP ID="P4_SP00320" HPOS="168" VPOS="2473" WIDTH="13"/>
							<String ID="P4_ST00428" HPOS="181" VPOS="2456" WIDTH="14" HEIGHT="16" CONTENT="a" WC="0.85" CC="2"/>
							<SP ID="P4_SP00321" HPOS="195" VPOS="2473" WIDTH="12"/>
							<String ID="P4_ST00429" HPOS="207" VPOS="2448" WIDTH="113" HEIGHT="23" CONTENT="national" WC="0.96" CC="11110110"/>
							<SP ID="P4_SP00322" HPOS="320" VPOS="2473" WIDTH="11"/>
							<String ID="P4_ST00430" HPOS="331" VPOS="2446" WIDTH="66" HEIGHT="24" CONTENT="bank" WC="0.92" CC="1112"/>
							<SP ID="P4_SP00323" HPOS="397" VPOS="2473" WIDTH="11"/>
							<String ID="P4_ST00431" HPOS="408" VPOS="2447" WIDTH="11" HEIGHT="22" CONTENT="?" WC="0.93" CC="1"/>
						</TextLine>
						<TextLine ID="P4_TL00095" HPOS="353" VPOS="2489" WIDTH="238" HEIGHT="26">
							<String ID="P4_ST00432" HPOS="353" VPOS="2491" WIDTH="96" HEIGHT="24" CONTENT="Bishop" WC="0.92" CC="201102"/>
							<SP ID="P4_SP00324" HPOS="449" VPOS="2515" WIDTH="16"/>
							<String ID="P4_ST00433" HPOS="465" VPOS="2489" WIDTH="126" HEIGHT="23" CONTENT="Berkley." WC="0.85" CC="11332121"/>
						</TextLine>
						<TextLine ID="P4_TL00096" HPOS="113" VPOS="2602" WIDTH="422" HEIGHT="32">
							<String ID="P4_ST00434" HPOS="113" VPOS="2605" WIDTH="106" HEIGHT="25" CONTENT="CHILD" WC="0.93" CC="11002"/>
							<SP ID="P4_SP00325" HPOS="219" VPOS="2630" WIDTH="13"/>
							<String ID="P4_ST00435" HPOS="232" VPOS="2604" WIDTH="108" HEIGHT="25" CONTENT="BIRTH" WC="0.95" CC="10101"/>
							<SP ID="P4_SP00326" HPOS="340" VPOS="2630" WIDTH="13"/>
							<String ID="P4_ST00436" HPOS="353" VPOS="2603" WIDTH="95" HEIGHT="31" CONTENT="SAFE," WC="0.90" CC="11121"/>
							<SP ID="P4_SP00327" HPOS="448" VPOS="2634" WIDTH="13"/>
							<String ID="P4_ST00437" HPOS="461" VPOS="2602" WIDTH="74" HEIGHT="25" CONTENT="AND" WC="0.83" CC="123"/>
						</TextLine>
						<TextLine ID="P4_TL00097" HPOS="164" VPOS="2647" WIDTH="336" HEIGHT="27">
							<String ID="P4_ST00438" HPOS="164" VPOS="2648" WIDTH="136" HEIGHT="26" CONTENT="ALMOST" WC="0.90" CC="104011"/>
							<SP ID="P4_SP00328" HPOS="300" VPOS="2674" WIDTH="10"/>
							<String ID="P4_ST00439" HPOS="310" VPOS="2647" WIDTH="171" HEIGHT="25" CONTENT="PAINLESS" WC="0.94" CC="11021011"/>
							<SP ID="P4_SP00329" HPOS="481" VPOS="2674" WIDTH="13"/>
							<String ID="P4_ST00440" HPOS="494" VPOS="2649" WIDTH="6" HEIGHT="4" CONTENT='"' WC="0.44" CC="5"/>
						</TextLine>
						<TextLine ID="P4_TL00098" HPOS="54" VPOS="2689" WIDTH="536" HEIGHT="67">
							<String ID="P4_ST00441" HPOS="54" VPOS="2693" WIDTH="93" HEIGHT="63" CONTENT="BY" WC="0.85" CC="31"/>
							<SP ID="P4_SP00330" HPOS="147" VPOS="2756" WIDTH="46"/>
							<String ID="P4_ST00442" HPOS="193" VPOS="2692" WIDTH="73" HEIGHT="31" CONTENT="using" WC="0.73" CC="29110"/>
							<SP ID="P4_SP00331" HPOS="266" VPOS="2756" WIDTH="36"/>
							<String ID="P4_ST00443" HPOS="302" VPOS="2692" WIDTH="48" HEIGHT="24" CONTENT="DR" WC="0.89" CC="12"/>
							<SP ID="P4_SP00332" HPOS="350" VPOS="2756" WIDTH="45"/>
							<String ID="P4_ST00444" HPOS="395" VPOS="2689" WIDTH="195" HEIGHT="27" CONTENT="FAWCETT'S" WC="0.92" CC="111110131"/>
						</TextLine>
						<TextLine ID="P4_TL00099" HPOS="158" VPOS="2724" WIDTH="130" HEIGHT="24">
							<String ID="P4_ST00445" HPOS="158" VPOS="2724" WIDTH="130" HEIGHT="24" CONTENT="Medicine." WC="0.86" CC="117010111"/>
						</TextLine>
						<TextLine ID="P4_TL00100" HPOS="90" VPOS="2766" WIDTH="499" HEIGHT="33">
							<String ID="P4_ST00446" HPOS="90" VPOS="2767" WIDTH="70" HEIGHT="25" CONTENT="MRS" WC="0.80" CC="141"/>
							<SP ID="P4_SP00333" HPOS="160" VPOS="2792" WIDTH="24"/>
							<String ID="P4_ST00447" HPOS="184" VPOS="2767" WIDTH="163" HEIGHT="25" CONTENT="BUBRELL" WC="0.92" CC="1032100"/>
							<SP ID="P4_SP00334" HPOS="347" VPOS="2792" WIDTH="22"/>
							<String ID="P4_ST00448" HPOS="369" VPOS="2768" WIDTH="59" HEIGHT="31" CONTENT="begs" WC="0.97" CC="0101"/>
							<SP ID="P4_SP00335" HPOS="428" VPOS="2799" WIDTH="23"/>
							<String ID="P4_ST00449" HPOS="451" VPOS="2769" WIDTH="26" HEIGHT="23" CONTENT="to" WC="1.00" CC="00"/>
							<SP ID="P4_SP00336" HPOS="477" VPOS="2799" WIDTH="23"/>
							<String ID="P4_ST00450" HPOS="500" VPOS="2766" WIDTH="89" HEIGHT="26" CONTENT="inform" WC="0.96" CC="112001"/>
						</TextLine>
						<TextLine ID="P4_TL00101" HPOS="56" VPOS="2804" WIDTH="531" HEIGHT="32">
							<String ID="P4_ST00451" HPOS="56" VPOS="2805" WIDTH="43" HEIGHT="24" CONTENT="the" WC="0.95" CC="111"/>
							<SP ID="P4_SP00337" HPOS="99" VPOS="2829" WIDTH="13"/>
							<String ID="P4_ST00452" HPOS="112" VPOS="2805" WIDTH="89" HEIGHT="24" CONTENT="Ladies" WC="0.94" CC="012101"/>
							<SP ID="P4_SP00338" HPOS="201" VPOS="2829" WIDTH="13"/>
							<String ID="P4_ST00453" HPOS="214" VPOS="2805" WIDTH="55" HEIGHT="24" CONTENT="that" WC="0.94" CC="1120"/>
							<SP ID="P4_SP00339" HPOS="269" VPOS="2829" WIDTH="9"/>
							<String ID="P4_ST00454" HPOS="278" VPOS="2806" WIDTH="43" HEIGHT="24" CONTENT="she" WC="0.93" CC="101"/>
							<SP ID="P4_SP00340" HPOS="321" VPOS="2830" WIDTH="9"/>
							<String ID="P4_ST00455" HPOS="330" VPOS="2806" WIDTH="46" HEIGHT="24" CONTENT="has" WC="0.97" CC="001"/>
							<SP ID="P4_SP00341" HPOS="376" VPOS="2830" WIDTH="11"/>
							<String ID="P4_ST00456" HPOS="387" VPOS="2806" WIDTH="61" HEIGHT="24" CONTENT="been" WC="0.99" CC="1000"/>
							<SP ID="P4_SP00342" HPOS="448" VPOS="2830" WIDTH="9"/>
							<String ID="P4_ST00457" HPOS="457" VPOS="2804" WIDTH="130" HEIGHT="32" CONTENT="appointed" WC="0.95" CC="021001112"/>
						</TextLine>
						<TextLine ID="P4_TL00102" HPOS="55" VPOS="2844" WIDTH="533" HEIGHT="30">
							<String ID="P4_ST00458" HPOS="55" VPOS="2844" WIDTH="57" HEIGHT="23" CONTENT="Sole" WC="0.89" CC="1004"/>
							<SP ID="P4_SP00343" HPOS="112" VPOS="2867" WIDTH="20"/>
							<String ID="P4_ST00459" HPOS="132" VPOS="2846" WIDTH="73" HEIGHT="28" CONTENT="agent" WC="0.96" CC="11000"/>
							<SP ID="P4_SP00344" HPOS="205" VPOS="2874" WIDTH="22"/>
							<String ID="P4_ST00460" HPOS="227" VPOS="2844" WIDTH="27" HEIGHT="23" CONTENT="in" WC="0.96" CC="11"/>
							<SP ID="P4_SP00345" HPOS="254" VPOS="2874" WIDTH="25"/>
							<String ID="P4_ST00461" HPOS="279" VPOS="2844" WIDTH="175" HEIGHT="25" CONTENT="Christchurch" WC="0.97" CC="011000010101"/>
							<SP ID="P4_SP00346" HPOS="454" VPOS="2874" WIDTH="27"/>
							<String ID="P4_ST00462" HPOS="481" VPOS="2844" WIDTH="38" HEIGHT="24" CONTENT="for" WC="0.97" CC="001"/>
							<SP ID="P4_SP00347" HPOS="519" VPOS="2874" WIDTH="26"/>
							<String ID="P4_ST00463" HPOS="545" VPOS="2844" WIDTH="43" HEIGHT="25" CONTENT="the" WC="1.00" CC="000"/>
						</TextLine>
						<TextLine ID="P4_TL00103" HPOS="54" VPOS="2881" WIDTH="533" HEIGHT="26">
							<String ID="P4_ST00464" HPOS="54" VPOS="2881" WIDTH="76" HEIGHT="23" CONTENT="above" WC="0.95" CC="11010"/>
							<SP ID="P4_SP00348" HPOS="130" VPOS="2904" WIDTH="12"/>
							<String ID="P4_ST00465" HPOS="142" VPOS="2881" WIDTH="123" HEIGHT="23" CONTENT="Medicine" WC="0.97" CC="11100010"/>
							<SP ID="P4_SP00349" HPOS="265" VPOS="2904" WIDTH="13"/>
							<String ID="P4_ST00466" HPOS="278" VPOS="2883" WIDTH="25" HEIGHT="22" CONTENT="to" WC="0.94" CC="10"/>
							<SP ID="P4_SP00350" HPOS="303" VPOS="2905" WIDTH="16"/>
							<String ID="P4_ST00467" HPOS="319" VPOS="2881" WIDTH="122" HEIGHT="26" CONTENT="facilitate." WC="0.95" CC="00010113000"/>
							<SP ID="P4_SP00351" HPOS="441" VPOS="2907" WIDTH="8"/>
							<String ID="P4_ST00468" HPOS="449" VPOS="2881" WIDTH="138" HEIGHT="24" CONTENT="Accouche-" WC="0.97" CC="101011001"/>
						</TextLine>
						<TextLine ID="P4_TL00104" HPOS="52" VPOS="2921" WIDTH="536" HEIGHT="31">
							<String ID="P4_ST00469" HPOS="52" VPOS="2923" WIDTH="87" HEIGHT="21" CONTENT="ments." WC="0.90" CC="111131"/>
							<SP ID="P4_SP00352" HPOS="139" VPOS="2944" WIDTH="35"/>
							<String ID="P4_ST00470" HPOS="174" VPOS="2921" WIDTH="91" HEIGHT="24" CONTENT="Ladies" WC="0.91" CC="001311"/>
							<SP ID="P4_SP00353" HPOS="265" VPOS="2945" WIDTH="11"/>
							<String ID="P4_ST00471" HPOS="276" VPOS="2929" WIDTH="47" HEIGHT="16" CONTENT="can" WC="0.95" CC="011"/>
							<SP ID="P4_SP00354" HPOS="323" VPOS="2945" WIDTH="22"/>
							<String ID="P4_ST00472" HPOS="345" VPOS="2921" WIDTH="31" HEIGHT="25" CONTENT="be" WC="1.00" CC="00"/>
							<SP ID="P4_SP00355" HPOS="376" VPOS="2946" WIDTH="21"/>
							<String ID="P4_ST00473" HPOS="397" VPOS="2921" WIDTH="113" HEIGHT="31" CONTENT="supplied" WC="0.96" CC="11011001"/>
							<SP ID="P4_SP00356" HPOS="510" VPOS="2952" WIDTH="18"/>
							<String ID="P4_ST00474" HPOS="528" VPOS="2921" WIDTH="60" HEIGHT="24" CONTENT="with" WC="0.97" CC="0111"/>
						</TextLine>
						<TextLine ID="P4_TL00105" HPOS="52" VPOS="2958" WIDTH="536" HEIGHT="32">
							<String ID="P4_ST00475" HPOS="52" VPOS="2959" WIDTH="41" HEIGHT="23" CONTENT="the" WC="0.96" CC="011"/>
							<SP ID="P4_SP00357" HPOS="93" VPOS="2982" WIDTH="24"/>
							<String ID="P4_ST00476" HPOS="117" VPOS="2959" WIDTH="74" HEIGHT="23" CONTENT="above" WC="0.95" CC="01110"/>
							<SP ID="P4_SP00358" HPOS="191" VPOS="2982" WIDTH="23"/>
							<String ID="P4_ST00477" HPOS="214" VPOS="2958" WIDTH="32" HEIGHT="31" CONTENT="by" WC="0.94" CC="11"/>
							<SP ID="P4_SP00359" HPOS="246" VPOS="2989" WIDTH="24"/>
							<String ID="P4_ST00478" HPOS="270" VPOS="2959" WIDTH="106" HEIGHT="31" CONTENT="sending" WC="0.95" CC="1021011"/>
							<SP ID="P4_SP00360" HPOS="376" VPOS="2990" WIDTH="22"/>
							<String ID="P4_ST00479" HPOS="398" VPOS="2968" WIDTH="28" HEIGHT="16" CONTENT="or" WC="0.96" CC="01"/>
							<SP ID="P4_SP00361" HPOS="426" VPOS="2990" WIDTH="22"/>
							<String ID="P4_ST00480" HPOS="448" VPOS="2959" WIDTH="92" HEIGHT="31" CONTENT="calling" WC="0.97" CC="0011001"/>
							<SP ID="P4_SP00362" HPOS="540" VPOS="2990" WIDTH="22"/>
							<String ID="P4_ST00481" HPOS="562" VPOS="2961" WIDTH="26" HEIGHT="23" CONTENT="at" WC="1.00" CC="00"/>
						</TextLine>
						<TextLine ID="P4_TL00106" HPOS="52" VPOS="2997" WIDTH="538" HEIGHT="33">
							<String ID="P4_ST00482" HPOS="52" VPOS="2997" WIDTH="41" HEIGHT="23" CONTENT="Mr" WC="0.91" CC="21"/>
							<SP ID="P4_SP00363" HPOS="93" VPOS="3020" WIDTH="22"/>
							<String ID="P4_ST00483" HPOS="115" VPOS="2997" WIDTH="121" HEIGHT="25" CONTENT="BurrelPs" WC="0.96" CC="21000001"/>
							<SP ID="P4_SP00364" HPOS="236" VPOS="3022" WIDTH="22"/>
							<String ID="P4_ST00484" HPOS="258" VPOS="2998" WIDTH="186" HEIGHT="32" CONTENT="Photographic," WC="0.97" CC="1000011011000"/>
							<SP ID="P4_SP00365" HPOS="444" VPOS="3030" WIDTH="17"/>
							<String ID="P4_ST00485" HPOS="461" VPOS="2999" WIDTH="72" HEIGHT="31" CONTENT="place" WC="0.98" CC="11000"/>
							<SP ID="P4_SP00366" HPOS="533" VPOS="3030" WIDTH="30"/>
							<String ID="P4_ST00486" HPOS="563" VPOS="2999" WIDTH="27" HEIGHT="24" CONTENT="of" WC="0.94" CC="01"/>
						</TextLine>
						<TextLine ID="P4_TL00107" HPOS="51" VPOS="3037" WIDTH="537" HEIGHT="33">
							<String ID="P4_ST00487" HPOS="51" VPOS="3037" WIDTH="122" HEIGHT="25" CONTENT="business." WC="0.91" CC="110112121"/>
							<SP ID="P4_SP00367" HPOS="173" VPOS="3062" WIDTH="14"/>
							<String ID="P4_ST00488" HPOS="187" VPOS="3037" WIDTH="105" HEIGHT="25" CONTENT="Gould's" WC="0.94" CC="1001111"/>
							<SP ID="P4_SP00368" HPOS="292" VPOS="3062" WIDTH="22"/>
							<String ID="P4_ST00489" HPOS="314" VPOS="3039" WIDTH="133" HEIGHT="31" CONTENT="Buildings" WC="0.97" CC="101010011"/>
							<String ID="P4_ST00490" HPOS="449" VPOS="3057" WIDTH="5" HEIGHT="12" CONTENT="}" STYLE="subscript" WC="0.78" CC="2"/>
							<SP ID="P4_SP00369" HPOS="454" VPOS="3070" WIDTH="22"/>
							<String ID="P4_ST00491" HPOS="476" VPOS="3039" WIDTH="112" HEIGHT="25" CONTENT="Victoria" WC="0.97" CC="11100100"/>
						</TextLine>
						<TextLine ID="P4_TL00108" HPOS="52" VPOS="3076" WIDTH="535" HEIGHT="30">
							<String ID="P4_ST00492" HPOS="52" VPOS="3076" WIDTH="88" HEIGHT="29" CONTENT="Street," WC="0.87" CC="1221131"/>
							<SP ID="P4_SP00370" HPOS="140" VPOS="3105" WIDTH="15"/>
							<String ID="P4_ST00493" HPOS="155" VPOS="3076" WIDTH="181" HEIGHT="30" CONTENT="Christchurch," WC="0.89" CC="0211120213022"/>
							<SP ID="P4_SP00371" HPOS="336" VPOS="3106" WIDTH="20"/>
							<String ID="P4_ST00494" HPOS="356" VPOS="3077" WIDTH="81" HEIGHT="25" CONTENT="where" WC="0.96" CC="01110"/>
							<SP ID="P4_SP00372" HPOS="437" VPOS="3106" WIDTH="19"/>
							<String ID="P4_ST00495" HPOS="456" VPOS="3077" WIDTH="35" HEIGHT="25" CONTENT="all" WC="0.99" CC="100"/>
							<SP ID="P4_SP00373" HPOS="491" VPOS="3106" WIDTH="19"/>
							<String ID="P4_ST00496" HPOS="510" VPOS="3077" WIDTH="77" HEIGHT="25" CONTENT="infor-" WC="0.90" CC="121013"/>
						</TextLine>
						<TextLine ID="P4_TL00109" HPOS="50" VPOS="3115" WIDTH="538" HEIGHT="30">
							<String ID="P4_ST00497" HPOS="50" VPOS="3116" WIDTH="96" HEIGHT="23" CONTENT="mation" WC="0.94" CC="210101"/>
							<SP ID="P4_SP00374" HPOS="146" VPOS="3139" WIDTH="29"/>
							<String ID="P4_ST00498" HPOS="175" VPOS="3123" WIDTH="45" HEIGHT="16" CONTENT="can" WC="0.91" CC="111"/>
							<SP ID="P4_SP00375" HPOS="220" VPOS="3139" WIDTH="28"/>
							<String ID="P4_ST00499" HPOS="248" VPOS="3115" WIDTH="31" HEIGHT="25" CONTENT="be" WC="1.00" CC="00"/>
							<SP ID="P4_SP00376" HPOS="279" VPOS="3140" WIDTH="28"/>
							<String ID="P4_ST00500" HPOS="307" VPOS="3116" WIDTH="116" HEIGHT="24" CONTENT="obtained" WC="0.99" CC="00100000"/>
							<SP ID="P4_SP00377" HPOS="423" VPOS="3140" WIDTH="28"/>
							<String ID="P4_ST00501" HPOS="451" VPOS="3117" WIDTH="56" HEIGHT="28" CONTENT="free," WC="0.98" CC="01001"/>
							<SP ID="P4_SP00378" HPOS="507" VPOS="3145" WIDTH="30"/>
							<String ID="P4_ST00502" HPOS="537" VPOS="3117" WIDTH="51" HEIGHT="24" CONTENT="and" WC="0.97" CC="001"/>
						</TextLine>
						<TextLine ID="P4_TL00110" HPOS="50" VPOS="3154" WIDTH="537" HEIGHT="32">
							<String ID="P4_ST00503" HPOS="50" VPOS="3154" WIDTH="117" HEIGHT="30" CONTENT="perfectly" WC="0.96" CC="101111001"/>
							<SP ID="P4_SP00379" HPOS="167" VPOS="3184" WIDTH="44"/>
							<String ID="P4_ST00504" HPOS="211" VPOS="3154" WIDTH="155" HEIGHT="31" CONTENT="satisfactory" WC="0.98" CC="110011000110"/>
							<SP ID="P4_SP00380" HPOS="366" VPOS="3185" WIDTH="31"/>
							<String ID="P4_ST00505" HPOS="397" VPOS="3154" WIDTH="50" HEIGHT="24" CONTENT="and" WC="0.97" CC="010"/>
							<SP ID="P4_SP00381" HPOS="447" VPOS="3185" WIDTH="33"/>
							<String ID="P4_ST00506" HPOS="480" VPOS="3155" WIDTH="107" HEIGHT="31" CONTENT="genuine" WC="0.98" CC="0011001"/>
						</TextLine>
						<TextLine ID="P4_TL00111" HPOS="51" VPOS="3191" WIDTH="344" HEIGHT="25">
							<String ID="P4_ST00507" HPOS="51" VPOS="3191" WIDTH="167" HEIGHT="24" CONTENT="testimonials" WC="0.93" CC="023002020110"/>
							<SP ID="P4_SP00382" HPOS="218" VPOS="3215" WIDTH="12"/>
							<String ID="P4_ST00508" HPOS="230" VPOS="3199" WIDTH="46" HEIGHT="16" CONTENT="can" WC="0.99" CC="010"/>
							<SP ID="P4_SP00383" HPOS="276" VPOS="3215" WIDTH="11"/>
							<String ID="P4_ST00509" HPOS="287" VPOS="3191" WIDTH="31" HEIGHT="25" CONTENT="be" WC="0.98" CC="01"/>
							<SP ID="P4_SP00384" HPOS="318" VPOS="3216" WIDTH="11"/>
							<String ID="P4_ST00510" HPOS="329" VPOS="3200" WIDTH="66" HEIGHT="16" CONTENT="seen." WC="0.99" CC="00001"/>
						</TextLine>
						<TextLine ID="P4_TL00112" HPOS="51" VPOS="3320" WIDTH="536" HEIGHT="33">
							<String ID="P4_ST00511" HPOS="51" VPOS="3320" WIDTH="173" HEIGHT="31" CONTENT="OXFORD" WC="0.65" CC="026094" STYLEREFS="TXT_21"/>
							<SP ID="P4_SP00385" HPOS="224" VPOS="3351" WIDTH="44"/>
							<String ID="P4_ST00512" HPOS="268" VPOS="3321" WIDTH="190" HEIGHT="31" CONTENT="LIBRAEY" WC="0.92" CC="0013121" STYLEREFS="TXT_21"/>
							<SP ID="P4_SP00386" HPOS="458" VPOS="3352" WIDTH="40"/>
							<String ID="P4_ST00513" HPOS="498" VPOS="3321" WIDTH="89" HEIGHT="32" CONTENT="AND" WC="0.56" CC="093" STYLEREFS="TXT_21"/>
						</TextLine>
						<TextLine ID="P4_TL00113" HPOS="143" VPOS="3371" WIDTH="348" HEIGHT="31">
							<String ID="P4_ST00514" HPOS="143" VPOS="3371" WIDTH="196" HEIGHT="30" CONTENT="READING" WC="0.83" CC="4121302" STYLEREFS="TXT_21"/>
							<SP ID="P4_SP00387" HPOS="339" VPOS="3401" WIDTH="21"/>
							<String ID="P4_ST00515" HPOS="360" VPOS="3372" WIDTH="131" HEIGHT="30" CONTENT="ROOM." WC="0.98" CC="10000" STYLEREFS="TXT_21"/>
						</TextLine>
						<TextLine ID="P4_TL00114" HPOS="52" VPOS="3465" WIDTH="535" HEIGHT="39">
							<String ID="P4_ST00516" HPOS="52" VPOS="3465" WIDTH="53" HEIGHT="24" CONTENT="The" WC="0.91" CC="211"/>
							<SP ID="P4_SP00388" HPOS="105" VPOS="3489" WIDTH="29"/>
							<String ID="P4_ST00517" HPOS="134" VPOS="3467" WIDTH="91" HEIGHT="24" CONTENT="Oxford" WC="0.94" CC="011011"/>
							<SP ID="P4_SP00389" HPOS="225" VPOS="3491" WIDTH="28"/>
							<String ID="P4_ST00518" HPOS="253" VPOS="3467" WIDTH="104" HEIGHT="33" CONTENT="Library" WC="0.97" CC="0001011"/>
							<SP ID="P4_SP00390" HPOS="357" VPOS="3500" WIDTH="26"/>
							<String ID="P4_ST00519" HPOS="383" VPOS="3470" WIDTH="23" HEIGHT="24" CONTENT="is" WC="0.96" CC="11"/>
							<SP ID="P4_SP00391" HPOS="406" VPOS="3500" WIDTH="27"/>
							<String ID="P4_ST00520" HPOS="433" VPOS="3478" WIDTH="61" HEIGHT="24" CONTENT="open" WC="0.97" CC="0101"/>
							<SP ID="P4_SP00392" HPOS="494" VPOS="3502" WIDTH="23"/>
							<String ID="P4_ST00521" HPOS="517" VPOS="3480" WIDTH="70" HEIGHT="24" CONTENT="every" WC="0.98" CC="11100"/>
						</TextLine>
						<TextLine ID="P4_TL00115" HPOS="53" VPOS="3508" WIDTH="533" HEIGHT="36">
							<String ID="P4_ST00522" HPOS="53" VPOS="3508" WIDTH="111" HEIGHT="32" CONTENT="Tuesday" WC="0.88" CC="1411211"/>
							<SP ID="P4_SP00393" HPOS="164" VPOS="3540" WIDTH="13"/>
							<String ID="P4_ST00523" HPOS="177" VPOS="3510" WIDTH="56" HEIGHT="23" CONTENT="and." WC="0.96" CC="0111"/>
							<SP ID="P4_SP00394" HPOS="233" VPOS="3540" WIDTH="14"/>
							<String ID="P4_ST00524" HPOS="247" VPOS="3510" WIDTH="121" HEIGHT="33" CONTENT="Saturday" WC="0.96" CC="10010110"/>
							<SP ID="P4_SP00395" HPOS="368" VPOS="3543" WIDTH="29"/>
							<String ID="P4_ST00525" HPOS="397" VPOS="3513" WIDTH="96" HEIGHT="31" CONTENT="nights," WC="0.97" CC="1101001"/>
							<SP ID="P4_SP00396" HPOS="493" VPOS="3544" WIDTH="28"/>
							<String ID="P4_ST00526" HPOS="521" VPOS="3514" WIDTH="65" HEIGHT="24" CONTENT="from" WC="0.97" CC="1001"/>
						</TextLine>
						<TextLine ID="P4_TL00116" HPOS="54" VPOS="3553" WIDTH="534" HEIGHT="36">
							<String ID="P4_ST00527" HPOS="54" VPOS="3553" WIDTH="12" HEIGHT="22" CONTENT="6" WC="0.89" CC="1"/>
							<SP ID="P4_SP00397" HPOS="66" VPOS="3575" WIDTH="15"/>
							<String ID="P4_ST00528" HPOS="81" VPOS="3553" WIDTH="31" HEIGHT="22" CONTENT="80" WC="0.96" CC="10"/>
							<SP ID="P4_SP00398" HPOS="112" VPOS="3575" WIDTH="12"/>
							<String ID="P4_ST00529" HPOS="124" VPOS="3559" WIDTH="68" HEIGHT="23" CONTENT="p.m.," WC="0.98" CC="00001"/>
							<SP ID="P4_SP00399" HPOS="192" VPOS="3582" WIDTH="22"/>
							<String ID="P4_ST00530" HPOS="214" VPOS="3554" WIDTH="25" HEIGHT="22" CONTENT="to" WC="1.00" CC="00"/>
							<SP ID="P4_SP00400" HPOS="239" VPOS="3582" WIDTH="22"/>
							<String ID="P4_ST00531" HPOS="261" VPOS="3554" WIDTH="14" HEIGHT="23" CONTENT="8" WC="1.00" CC="0"/>
							<SP ID="P4_SP00401" HPOS="275" VPOS="3582" WIDTH="12"/>
							<String ID="P4_ST00532" HPOS="287" VPOS="3561" WIDTH="70" HEIGHT="23" CONTENT="p.m.," WC="0.93" CC="11101"/>
							<SP ID="P4_SP00402" HPOS="357" VPOS="3584" WIDTH="24"/>
							<String ID="P4_ST00533" HPOS="381" VPOS="3556" WIDTH="50" HEIGHT="22" CONTENT="and" WC="0.99" CC="010"/>
							<SP ID="P4_SP00403" HPOS="431" VPOS="3584" WIDTH="30"/>
							<String ID="P4_ST00534" HPOS="461" VPOS="3564" WIDTH="33" HEIGHT="16" CONTENT="on" WC="0.96" CC="01"/>
							<SP ID="P4_SP00404" HPOS="494" VPOS="3584" WIDTH="23"/>
							<String ID="P4_ST00535" HPOS="517" VPOS="3565" WIDTH="71" HEIGHT="24" CONTENT="every" WC="0.94" CC="11020"/>
						</TextLine>
						<TextLine ID="P4_TL00117" HPOS="52" VPOS="3593" WIDTH="535" HEIGHT="38">
							<String ID="P4_ST00536" HPOS="52" VPOS="3593" WIDTH="119" HEIGHT="25" CONTENT="alternate" WC="0.83" CC="901110111"/>
							<SP ID="P4_SP00405" HPOS="171" VPOS="3618" WIDTH="14"/>
							<String ID="P4_ST00537" HPOS="185" VPOS="3594" WIDTH="130" HEIGHT="33" CONTENT="Thursday" WC="0.97" CC="11101110"/>
							<SP ID="P4_SP00406" HPOS="315" VPOS="3627" WIDTH="24"/>
							<String ID="P4_ST00538" HPOS="339" VPOS="3597" WIDTH="137" HEIGHT="30" CONTENT="afternoon," WC="0.99" CC="0100000001"/>
							<SP ID="P4_SP00407" HPOS="476" VPOS="3627" WIDTH="32"/>
							<String ID="P4_ST00539" HPOS="508" VPOS="3599" WIDTH="79" HEIGHT="32" CONTENT="(Sale-" WC="0.97" CC="010011"/>
						</TextLine>
						<TextLine ID="P4_TL00118" HPOS="52" VPOS="3636" WIDTH="535" HEIGHT="35">
							<String ID="P4_ST00540" HPOS="52" VPOS="3636" WIDTH="70" HEIGHT="31" CONTENT="days)" WC="0.93" CC="11120"/>
							<SP ID="P4_SP00408" HPOS="122" VPOS="3667" WIDTH="24"/>
							<String ID="P4_ST00541" HPOS="146" VPOS="3636" WIDTH="63" HEIGHT="24" CONTENT="from" WC="0.95" CC="0102"/>
							<SP ID="P4_SP00409" HPOS="209" VPOS="3667" WIDTH="14"/>
							<String ID="P4_ST00542" HPOS="223" VPOS="3638" WIDTH="59" HEIGHT="23" CONTENT="230" WC="0.93" CC="100"/>
							<SP ID="P4_SP00410" HPOS="282" VPOS="3667" WIDTH="11"/>
							<String ID="P4_ST00543" HPOS="293" VPOS="3646" WIDTH="65" HEIGHT="23" CONTENT="p.m.." WC="0.94" CC="01111"/>
							<SP ID="P4_SP00411" HPOS="358" VPOS="3669" WIDTH="17"/>
							<String ID="P4_ST00544" HPOS="375" VPOS="3641" WIDTH="25" HEIGHT="23" CONTENT="to" WC="1.00" CC="00"/>
							<SP ID="P4_SP00412" HPOS="400" VPOS="3669" WIDTH="13"/>
							<String ID="P4_ST00545" HPOS="413" VPOS="3642" WIDTH="14" HEIGHT="22" CONTENT="5" WC="0.81" CC="2"/>
							<SP ID="P4_SP00413" HPOS="427" VPOS="3669" WIDTH="12"/>
							<String ID="P4_ST00546" HPOS="439" VPOS="3648" WIDTH="59" HEIGHT="23" CONTENT="p.m." WC="0.99" CC="0001"/>
							<SP ID="P4_SP00414" HPOS="498" VPOS="3671" WIDTH="38"/>
							<String ID="P4_ST00547" HPOS="536" VPOS="3642" WIDTH="51" HEIGHT="25" CONTENT="The" WC="0.96" CC="011"/>
						</TextLine>
						<TextLine ID="P4_TL00119" HPOS="52" VPOS="3678" WIDTH="536" HEIGHT="37">
							<String ID="P4_ST00548" HPOS="52" VPOS="3678" WIDTH="112" HEIGHT="32" CONTENT="Heading" WC="0.90" CC="4101011"/>
							<SP ID="P4_SP00415" HPOS="164" VPOS="3710" WIDTH="13"/>
							<String ID="P4_ST00549" HPOS="177" VPOS="3679" WIDTH="77" HEIGHT="25" CONTENT="Room" WC="0.82" CC="6001"/>
							<SP ID="P4_SP00416" HPOS="254" VPOS="3710" WIDTH="12"/>
							<String ID="P4_ST00550" HPOS="266" VPOS="3681" WIDTH="21" HEIGHT="23" CONTENT="is" WC="0.96" CC="01"/>
							<SP ID="P4_SP00417" HPOS="287" VPOS="3710" WIDTH="13"/>
							<String ID="P4_ST00551" HPOS="300" VPOS="3690" WIDTH="63" HEIGHT="22" CONTENT="open" WC="0.97" CC="0011"/>
							<SP ID="P4_SP00418" HPOS="363" VPOS="3712" WIDTH="23"/>
							<String ID="P4_ST00552" HPOS="386" VPOS="3684" WIDTH="26" HEIGHT="23" CONTENT="to" WC="0.98" CC="10"/>
							<SP ID="P4_SP00419" HPOS="412" VPOS="3712" WIDTH="22"/>
							<String ID="P4_ST00553" HPOS="434" VPOS="3683" WIDTH="44" HEIGHT="24" CONTENT="the" WC="0.97" CC="001"/>
							<SP ID="P4_SP00420" HPOS="478" VPOS="3712" WIDTH="26"/>
							<String ID="P4_ST00554" HPOS="504" VPOS="3684" WIDTH="84" HEIGHT="31" CONTENT="public" WC="0.97" CC="011001"/>
						</TextLine>
						<TextLine ID="P4_TL00120" HPOS="51" VPOS="3721" WIDTH="536" HEIGHT="35">
							<String ID="P4_ST00555" HPOS="51" VPOS="3721" WIDTH="59" HEIGHT="33" CONTENT="free)" WC="0.93" CC="01300"/>
							<SP ID="P4_SP00421" HPOS="110" VPOS="3754" WIDTH="7"/>
							<String ID="P4_ST00556" HPOS="117" VPOS="3723" WIDTH="12" HEIGHT="22" CONTENT="d" WC="0.93" CC="1"/>
							<SP ID="P4_SP00422" HPOS="129" VPOS="3754" WIDTH="4"/>
							<String ID="P4_ST00557" HPOS="133" VPOS="3722" WIDTH="48" HEIGHT="32" CONTENT="aily" WC="0.95" CC="1001"/>
							<SP ID="P4_SP00423" HPOS="181" VPOS="3754" WIDTH="12"/>
							<String ID="P4_ST00558" HPOS="193" VPOS="3723" WIDTH="65" HEIGHT="24" CONTENT="from" WC="0.89" CC="1310"/>
							<SP ID="P4_SP00424" HPOS="258" VPOS="3754" WIDTH="7"/>
							<String ID="P4_ST00559" HPOS="265" VPOS="3725" WIDTH="112" HEIGHT="29" CONTENT="11a.m.," WC="0.94" CC="0111111"/>
							<SP ID="P4_SP00425" HPOS="377" VPOS="3754" WIDTH="24"/>
							<String ID="P4_ST00560" HPOS="401" VPOS="3731" WIDTH="25" HEIGHT="19" CONTENT="to" WC="0.98" CC="10"/>
							<SP ID="P4_SP00426" HPOS="426" VPOS="3754" WIDTH="25"/>
							<String ID="P4_ST00561" HPOS="451" VPOS="3726" WIDTH="125" HEIGHT="26" CONTENT="Sundown" WC="0.94" CC="1111011"/>
							<String ID="P4_ST00562" HPOS="580" VPOS="3746" WIDTH="7" HEIGHT="10" CONTENT="," WC="0.93" CC="1"/>
						</TextLine>
						<TextLine ID="P4_TL00121" HPOS="51" VPOS="3765" WIDTH="536" HEIGHT="34">
							<String ID="P4_ST00563" HPOS="51" VPOS="3765" WIDTH="127" HEIGHT="31" CONTENT="(Sundays" WC="0.92" CC="01111112"/>
							<SP ID="P4_SP00427" HPOS="178" VPOS="3796" WIDTH="29"/>
							<String ID="P4_ST00564" HPOS="207" VPOS="3767" WIDTH="126" HEIGHT="32" CONTENT="exeeptcd)" WC="0.99" CC="010010000"/>
							<SP ID="P4_SP00428" HPOS="333" VPOS="3799" WIDTH="34"/>
							<String ID="P4_ST00565" HPOS="367" VPOS="3769" WIDTH="50" HEIGHT="23" CONTENT="and" WC="0.97" CC="001"/>
							<SP ID="P4_SP00429" HPOS="417" VPOS="3799" WIDTH="40"/>
							<String ID="P4_ST00566" HPOS="457" VPOS="3769" WIDTH="70" HEIGHT="24" CONTENT="when" WC="0.93" CC="2011"/>
							<SP ID="P4_SP00430" HPOS="527" VPOS="3799" WIDTH="17"/>
							<String ID="P4_ST00567" HPOS="544" VPOS="3770" WIDTH="43" HEIGHT="24" CONTENT="the" WC="0.96" CC="010"/>
						</TextLine>
						<TextLine ID="P4_TL00122" HPOS="49" VPOS="3807" WIDTH="536" HEIGHT="36">
							<String ID="P4_ST00568" HPOS="49" VPOS="3807" WIDTH="104" HEIGHT="32" CONTENT="Library" WC="0.89" CC="1001511"/>
							<SP ID="P4_SP00431" HPOS="153" VPOS="3839" WIDTH="35"/>
							<String ID="P4_ST00569" HPOS="188" VPOS="3809" WIDTH="22" HEIGHT="24" CONTENT="is" WC="0.96" CC="01"/>
							<SP ID="P4_SP00432" HPOS="210" VPOS="3839" WIDTH="36"/>
							<String ID="P4_ST00570" HPOS="246" VPOS="3817" WIDTH="72" HEIGHT="23" CONTENT="open," WC="0.96" CC="01011"/>
							<SP ID="P4_SP00433" HPOS="318" VPOS="3840" WIDTH="35"/>
							<String ID="P4_ST00571" HPOS="353" VPOS="3811" WIDTH="42" HEIGHT="24" CONTENT="the" WC="0.94" CC="111"/>
							<SP ID="P4_SP00434" HPOS="395" VPOS="3840" WIDTH="37"/>
							<String ID="P4_ST00572" HPOS="432" VPOS="3812" WIDTH="153" HEIGHT="31" CONTENT="circulating," WC="0.96" CC="001010001021"/>
						</TextLine>
						<TextLine ID="P4_TL00123" HPOS="50" VPOS="3850" WIDTH="536" HEIGHT="33">
							<String ID="P4_ST00573" HPOS="50" VPOS="3850" WIDTH="104" HEIGHT="32" CONTENT="Library" WC="0.98" CC="0001011"/>
							<SP ID="P4_SP00435" HPOS="154" VPOS="3882" WIDTH="12"/>
							<String ID="P4_ST00574" HPOS="166" VPOS="3852" WIDTH="111" HEIGHT="24" CONTENT="contains" WC="1.00" CC="00100000"/>
							<SP ID="P4_SP00436" HPOS="277" VPOS="3882" WIDTH="12"/>
							<String ID="P4_ST00575" HPOS="289" VPOS="3854" WIDTH="75" HEIGHT="27" CONTENT="1,700" WC="1.00" CC="00000"/>
							<SP ID="P4_SP00437" HPOS="364" VPOS="3882" WIDTH="11"/>
							<String ID="P4_ST00576" HPOS="375" VPOS="3853" WIDTH="120" HEIGHT="30" CONTENT="volumes," WC="0.95" CC="10002011"/>
							<String ID="P4_ST00577" HPOS="507" VPOS="3860" WIDTH="4" HEIGHT="5" CONTENT="'" WC="0.85" CC="2"/>
							<SP ID="P4_SP00438" HPOS="511" VPOS="3883" WIDTH="10"/>
							<String ID="P4_ST00578" HPOS="521" VPOS="3862" WIDTH="65" HEIGHT="17" CONTENT="com-" WC="0.94" CC="0021"/>
						</TextLine>
						<TextLine ID="P4_TL00124" HPOS="49" VPOS="3893" WIDTH="537" HEIGHT="35">
							<String ID="P4_ST00579" HPOS="49" VPOS="3893" WIDTH="96" HEIGHT="30" CONTENT="prising" WC="0.97" CC="1100101"/>
							<SP ID="P4_SP00439" HPOS="145" VPOS="3923" WIDTH="10"/>
							<String ID="P4_ST00580" HPOS="155" VPOS="3902" WIDTH="39" HEIGHT="15" CONTENT=":—" WC="0.96" CC="10"/>
							<String ID="P4_ST00581" HPOS="195" VPOS="3895" WIDTH="110" HEIGHT="31" CONTENT="History," WC="0.97" CC="00010111"/>
							<SP ID="P4_SP00440" HPOS="305" VPOS="3926" WIDTH="22"/>
							<String ID="P4_ST00582" HPOS="327" VPOS="3895" WIDTH="109" HEIGHT="30" CONTENT="Science," WC="0.97" CC="10101001"/>
							<SP ID="P4_SP00441" HPOS="436" VPOS="3926" WIDTH="34"/>
							<String ID="P4_ST00583" HPOS="470" VPOS="3897" WIDTH="116" HEIGHT="31" CONTENT="Theoogy" WC="0.95" CC="1100011"/>
						</TextLine>
						<TextLine ID="P4_TL00125" HPOS="47" VPOS="3935" WIDTH="537" HEIGHT="38">
							<String ID="P4_ST00584" HPOS="47" VPOS="3935" WIDTH="150" HEIGHT="31" CONTENT="Biography," WC="0.95" CC="1000110002"/>
							<SP ID="P4_SP00442" HPOS="197" VPOS="3966" WIDTH="41"/>
							<String ID="P4_ST00585" HPOS="238" VPOS="3937" WIDTH="85" HEIGHT="25" CONTENT="Travel" WC="0.94" CC="020201"/>
							<SP ID="P4_SP00443" HPOS="323" VPOS="3966" WIDTH="32"/>
							<String ID="P4_ST00586" HPOS="355" VPOS="3939" WIDTH="51" HEIGHT="24" CONTENT="and" WC="0.97" CC="011"/>
							<SP ID="P4_SP00444" HPOS="406" VPOS="3966" WIDTH="27"/>
							<String ID="P4_ST00587" HPOS="433" VPOS="3939" WIDTH="151" HEIGHT="34" CONTENT="Adventure," WC="0.97" CC="0110010011"/>
						</TextLine>
						<TextLine ID="P4_TL00126" HPOS="47" VPOS="3977" WIDTH="539" HEIGHT="35">
							<String ID="P4_ST00588" HPOS="47" VPOS="3977" WIDTH="82" HEIGHT="25" CONTENT="Books" WC="0.96" CC="10011"/>
							<SP ID="P4_SP00445" HPOS="129" VPOS="4002" WIDTH="12"/>
							<String ID="P4_ST00589" HPOS="141" VPOS="3978" WIDTH="38" HEIGHT="25" CONTENT="for" WC="0.99" CC="100"/>
							<SP ID="P4_SP00446" HPOS="179" VPOS="4003" WIDTH="12"/>
							<String ID="P4_ST00590" HPOS="191" VPOS="3979" WIDTH="41" HEIGHT="24" CONTENT="the" WC="0.91" CC="121"/>
							<SP ID="P4_SP00447" HPOS="232" VPOS="4003" WIDTH="21"/>
							<String ID="P4_ST00591" HPOS="253" VPOS="3979" WIDTH="91" HEIGHT="33" CONTENT="Young" WC="0.96" CC="10101"/>
							<SP ID="P4_SP00448" HPOS="344" VPOS="4012" WIDTH="12"/>
							<String ID="P4_ST00592" HPOS="356" VPOS="3982" WIDTH="41" HEIGHT="23" CONTENT="&amp;c." WC="0.96" CC="100"/>
							<SP ID="P4_SP00449" HPOS="397" VPOS="4012" WIDTH="36"/>
							<String ID="P4_ST00593" HPOS="433" VPOS="3982" WIDTH="59" HEIGHT="24" CONTENT="This" WC="0.94" CC="1110"/>
							<SP ID="P4_SP00450" HPOS="492" VPOS="4012" WIDTH="22"/>
							<String ID="P4_ST00594" HPOS="514" VPOS="3982" WIDTH="23" HEIGHT="24" CONTENT="is" WC="0.98" CC="01"/>
							<SP ID="P4_SP00451" HPOS="537" VPOS="4012" WIDTH="22"/>
							<String ID="P4_ST00595" HPOS="559" VPOS="3991" WIDTH="27" HEIGHT="15" CONTENT="a-" WC="0.91" CC="21"/>
						</TextLine>
						<TextLine ID="P4_TL00127" HPOS="46" VPOS="4022" WIDTH="536" HEIGHT="33">
							<String ID="P4_ST00596" HPOS="46" VPOS="4024" WIDTH="102" HEIGHT="29" CONTENT="mongst" WC="0.97" CC="101000"/>
							<SP ID="P4_SP00452" HPOS="148" VPOS="4053" WIDTH="23"/>
							<String ID="P4_ST00597" HPOS="171" VPOS="4022" WIDTH="42" HEIGHT="25" CONTENT="the" WC="0.96" CC="110"/>
							<SP ID="P4_SP00453" HPOS="213" VPOS="4053" WIDTH="12"/>
							<String ID="P4_ST00598" HPOS="225" VPOS="4022" WIDTH="90" HEIGHT="33" CONTENT="largest" WC="0.99" CC="0000011"/>
							<SP ID="P4_SP00454" HPOS="315" VPOS="4055" WIDTH="24"/>
							<String ID="P4_ST00599" HPOS="339" VPOS="4025" WIDTH="50" HEIGHT="24" CONTENT="and" WC="0.96" CC="111"/>
							<SP ID="P4_SP00455" HPOS="389" VPOS="4055" WIDTH="10"/>
							<String ID="P4_ST00600" HPOS="399" VPOS="4025" WIDTH="57" HEIGHT="25" CONTENT="best" WC="0.98" CC="0011"/>
							<SP ID="P4_SP00456" HPOS="456" VPOS="4055" WIDTH="24"/>
							<String ID="P4_ST00601" HPOS="480" VPOS="4026" WIDTH="102" HEIGHT="25" CONTENT="selected" WC="0.98" CC="11000011"/>
						</TextLine>
						<TextLine ID="P4_TL00128" HPOS="46" VPOS="4064" WIDTH="539" HEIGHT="32">
							<String ID="P4_ST00602" HPOS="46" VPOS="4064" WIDTH="106" HEIGHT="32" CONTENT="library" WC="0.81" CC="0011911"/>
							<SP ID="P4_SP00457" HPOS="152" VPOS="4096" WIDTH="11"/>
							<String ID="P4_ST00603" HPOS="163" VPOS="4066" WIDTH="26" HEIGHT="23" CONTENT="in" WC="0.94" CC="01"/>
							<SP ID="P4_SP00458" HPOS="189" VPOS="4096" WIDTH="30"/>
							<String ID="P4_ST00604" HPOS="219" VPOS="4066" WIDTH="61" HEIGHT="25" CONTENT="New" WC="0.74" CC="206"/>
							<SP ID="P4_SP00459" HPOS="280" VPOS="4096" WIDTH="12"/>
							<String ID="P4_ST00605" HPOS="292" VPOS="4067" WIDTH="118" HEIGHT="25" CONTENT="Zealand." WC="0.91" CC="41001101"/>
							<SP ID="P4_SP00460" HPOS="410" VPOS="4096" WIDTH="36"/>
							<String ID="P4_ST00606" HPOS="446" VPOS="4068" WIDTH="22" HEIGHT="24" CONTENT="A" WC="1.00" CC="0"/>
							<SP ID="P4_SP00461" HPOS="468" VPOS="4096" WIDTH="9"/>
							<String ID="P4_ST00607" HPOS="477" VPOS="4069" WIDTH="108" HEIGHT="24" CONTENT="number" WC="0.96" CC="110001"/>
						</TextLine>
						<TextLine ID="P4_TL00129" HPOS="44" VPOS="4107" WIDTH="537" HEIGHT="35">
							<String ID="P4_ST00608" HPOS="44" VPOS="4107" WIDTH="89" HEIGHT="25" CONTENT="cfnew" WC="0.98" CC="00001"/>
							<SP ID="P4_SP00462" HPOS="133" VPOS="4132" WIDTH="22"/>
							<String ID="P4_ST00609" HPOS="155" VPOS="4107" WIDTH="76" HEIGHT="26" CONTENT="books" WC="0.96" CC="10011"/>
							<SP ID="P4_SP00463" HPOS="231" VPOS="4133" WIDTH="23"/>
							<String ID="P4_ST00610" HPOS="254" VPOS="4109" WIDTH="48" HEIGHT="24" CONTENT="will" WC="0.94" CC="1110"/>
							<SP ID="P4_SP00464" HPOS="302" VPOS="4133" WIDTH="22"/>
							<String ID="P4_ST00611" HPOS="324" VPOS="4110" WIDTH="96" HEIGHT="32" CONTENT="shortly" WC="0.95" CC="1200101"/>
							<SP ID="P4_SP00465" HPOS="420" VPOS="4142" WIDTH="19"/>
							<String ID="P4_ST00612" HPOS="439" VPOS="4111" WIDTH="31" HEIGHT="24" CONTENT="be" WC="0.96" CC="10"/>
							<SP ID="P4_SP00466" HPOS="470" VPOS="4142" WIDTH="23"/>
							<String ID="P4_ST00613" HPOS="493" VPOS="4111" WIDTH="88" HEIGHT="25" CONTENT="added." WC="0.97" CC="011010"/>
						</TextLine>
						<TextLine ID="P4_TL00130" HPOS="44" VPOS="4150" WIDTH="538" HEIGHT="34">
							<String ID="P4_ST00614" HPOS="44" VPOS="4150" WIDTH="52" HEIGHT="25" CONTENT="The" WC="0.95" CC="111"/>
							<SP ID="P4_SP00467" HPOS="96" VPOS="4175" WIDTH="13"/>
							<String ID="P4_ST00615" HPOS="109" VPOS="4151" WIDTH="151" HEIGHT="25" CONTENT="Committee" WC="0.95" CC="101201100"/>
							<SP ID="P4_SP00468" HPOS="260" VPOS="4176" WIDTH="23"/>
							<String ID="P4_ST00616" HPOS="283" VPOS="4153" WIDTH="48" HEIGHT="24" CONTENT="will" WC="0.95" CC="2000"/>
							<SP ID="P4_SP00469" HPOS="331" VPOS="4177" WIDTH="12"/>
							<String ID="P4_ST00617" HPOS="343" VPOS="4154" WIDTH="29" HEIGHT="23" CONTENT="be" WC="1.00" CC="00"/>
							<SP ID="P4_SP00470" HPOS="372" VPOS="4177" WIDTH="11"/>
							<String ID="P4_ST00618" HPOS="383" VPOS="4153" WIDTH="56" HEIGHT="31" CONTENT="glad" WC="0.97" CC="0111"/>
							<SP ID="P4_SP00471" HPOS="439" VPOS="4184" WIDTH="12"/>
							<String ID="P4_ST00619" HPOS="451" VPOS="4156" WIDTH="26" HEIGHT="23" CONTENT="to" WC="1.00" CC="00"/>
							<SP ID="P4_SP00472" HPOS="477" VPOS="4184" WIDTH="11"/>
							<String ID="P4_ST00620" HPOS="488" VPOS="4154" WIDTH="94" HEIGHT="25" CONTENT="receive" WC="0.99" CC="0000010"/>
						</TextLine>
						<TextLine ID="P4_TL00131" HPOS="45" VPOS="4193" WIDTH="536" HEIGHT="28">
							<String ID="P4_ST00621" HPOS="45" VPOS="4193" WIDTH="179" HEIGHT="25" CONTENT="contributions" WC="0.98" CC="0010100100011"/>
							<SP ID="P4_SP00473" HPOS="224" VPOS="4218" WIDTH="25"/>
							<String ID="P4_ST00622" HPOS="249" VPOS="4194" WIDTH="27" HEIGHT="25" CONTENT="of" WC="0.98" CC="01"/>
							<SP ID="P4_SP00474" HPOS="276" VPOS="4219" WIDTH="25"/>
							<String ID="P4_ST00623" HPOS="301" VPOS="4195" WIDTH="105" HEIGHT="25" CONTENT="suitable" WC="0.97" CC="11001100"/>
							<SP ID="P4_SP00475" HPOS="406" VPOS="4220" WIDTH="25"/>
							<String ID="P4_ST00624" HPOS="431" VPOS="4196" WIDTH="78" HEIGHT="25" CONTENT="books" WC="0.95" CC="20001"/>
							<SP ID="P4_SP00476" HPOS="509" VPOS="4221" WIDTH="22"/>
							<String ID="P4_ST00625" HPOS="531" VPOS="4197" WIDTH="50" HEIGHT="24" CONTENT="and" WC="0.93" CC="111"/>
						</TextLine>
						<TextLine ID="P4_TL00132" HPOS="42" VPOS="4236" WIDTH="538" HEIGHT="34">
							<String ID="P4_ST00626" HPOS="42" VPOS="4236" WIDTH="143" HEIGHT="30" CONTENT="periodicals" WC="0.98" CC="11000010001"/>
							<SP ID="P4_SP00477" HPOS="185" VPOS="4266" WIDTH="23"/>
							<String ID="P4_ST00627" HPOS="208" VPOS="4236" WIDTH="38" HEIGHT="25" CONTENT="for" WC="1.00" CC="000"/>
							<SP ID="P4_SP00478" HPOS="246" VPOS="4266" WIDTH="10"/>
							<String ID="P4_ST00628" HPOS="256" VPOS="4237" WIDTH="43" HEIGHT="24" CONTENT="the" WC="0.99" CC="010"/>
							<SP ID="P4_SP00479" HPOS="299" VPOS="4266" WIDTH="11"/>
							<String ID="P4_ST00629" HPOS="310" VPOS="4238" WIDTH="106" HEIGHT="32" CONTENT="Library" WC="0.96" CC="1001002"/>
							<SP ID="P4_SP00480" HPOS="416" VPOS="4270" WIDTH="20"/>
							<String ID="P4_ST00630" HPOS="436" VPOS="4239" WIDTH="51" HEIGHT="24" CONTENT="and" WC="0.95" CC="011"/>
							<SP ID="P4_SP00481" HPOS="487" VPOS="4270" WIDTH="11"/>
							<String ID="P4_ST00631" HPOS="498" VPOS="4240" WIDTH="82" HEIGHT="24" CONTENT="Read-" WC="0.94" CC="11011"/>
						</TextLine>
						<TextLine ID="P4_TL00133" HPOS="38" VPOS="4278" WIDTH="152" HEIGHT="32">
							<String ID="P4_ST00632" HPOS="38" VPOS="4278" WIDTH="48" HEIGHT="32" CONTENT="ing" WC="0.77" CC="521"/>
							<SP ID="P4_SP00482" HPOS="86" VPOS="4310" WIDTH="27"/>
							<String ID="P4_ST00633" HPOS="113" VPOS="4287" WIDTH="77" HEIGHT="16" CONTENT="room." WC="0.96" CC="10011"/>
						</TextLine>
						<TextLine ID="P4_TL00134" HPOS="232" VPOS="4318" WIDTH="167" HEIGHT="33">
							<String ID="P4_ST00634" HPOS="232" VPOS="4318" WIDTH="25" HEIGHT="22" CONTENT="L." WC="0.96" CC="10"/>
							<SP ID="P4_SP00483" HPOS="257" VPOS="4340" WIDTH="18"/>
							<String ID="P4_ST00635" HPOS="275" VPOS="4319" WIDTH="124" HEIGHT="32" CONTENT="REEVES," WC="0.84" CC="2021115"/>
						</TextLine>
						<TextLine ID="P4_TL00135" HPOS="322" VPOS="4357" WIDTH="220" HEIGHT="27">
							<String ID="P4_ST00636" HPOS="322" VPOS="4357" WIDTH="67" HEIGHT="25" CONTENT="Hon." WC="0.96" CC="1011"/>
							<SP ID="P4_SP00484" HPOS="389" VPOS="4382" WIDTH="12"/>
							<String ID="P4_ST00637" HPOS="401" VPOS="4358" WIDTH="141" HEIGHT="26" CONTENT="Librarian;" WC="0.94" CC="1000100014"/>
						</TextLine>
						<TextLine ID="P4_TL00136" HPOS="89" VPOS="4398" WIDTH="435" HEIGHT="35">
							<String ID="P4_ST00638" HPOS="89" VPOS="4398" WIDTH="180" HEIGHT="30" CONTENT="£&gt;CBSCKIPTION" WC="0.80" CC="8241112112104" STYLEREFS="TXT_24"/>
							<SP ID="P4_SP00485" HPOS="269" VPOS="4428" WIDTH="11"/>
							<String ID="P4_ST00639" HPOS="280" VPOS="4400" WIDTH="38" HEIGHT="33" CONTENT="2/-" WC="0.91" CC="201" STYLEREFS="TXT_24"/>
							<SP ID="P4_SP00486" HPOS="318" VPOS="4433" WIDTH="11"/>
							<String ID="P4_ST00640" HPOS="329" VPOS="4408" WIDTH="51" HEIGHT="18" CONTENT="PER" WC="0.86" CC="112" STYLEREFS="TXT_24"/>
							<SP ID="P4_SP00487" HPOS="380" VPOS="4433" WIDTH="17"/>
							<String ID="P4_ST00641" HPOS="397" VPOS="4401" WIDTH="127" HEIGHT="32" CONTENT="QuABTEB." WC="0.91" CC="11121020" STYLEREFS="TXT_24"/>
						</TextLine>
					</TextBlock>
				</ComposedBlock>
				<ComposedBlock ID="P4_CB00003" HPOS="600" VPOS="175" WIDTH="567" HEIGHT="4294" TYPE="Advertisement">
					<TextBlock ID="P4_TB00005" HPOS="600" VPOS="175" WIDTH="567" HEIGHT="4294" STYLEREFS="TXT_1 PAR_LEFT">
						<TextLine ID="P4_TL00137" HPOS="621" VPOS="530" WIDTH="534" HEIGHT="54">
							<String ID="P4_ST00642" HPOS="621" VPOS="534" WIDTH="267" HEIGHT="50" CONTENT="GEORGE" WC="0.75" CC="700431" STYLEREFS="TXT_19"/>
							<SP ID="P4_SP00488" HPOS="888" VPOS="584" WIDTH="33"/>
							<String ID="P4_ST00643" HPOS="921" VPOS="530" WIDTH="234" HEIGHT="47" CONTENT="KEATS." WC="0.94" CC="101011" STYLEREFS="TXT_19"/>
						</TextLine>
						<TextLine ID="P4_TL00138" HPOS="646" VPOS="606" WIDTH="487" HEIGHT="32">
							<String ID="P4_ST00644" HPOS="646" VPOS="611" WIDTH="157" HEIGHT="27" CONTENT="BUILDEE" WC="0.89" CC="1200412"/>
							<SP ID="P4_SP00489" HPOS="803" VPOS="638" WIDTH="9"/>
							<String ID="P4_ST00645" HPOS="812" VPOS="609" WIDTH="70" HEIGHT="25" CONTENT="AND" WC="0.83" CC="033"/>
							<SP ID="P4_SP00490" HPOS="882" VPOS="638" WIDTH="12"/>
							<String ID="P4_ST00646" HPOS="894" VPOS="606" WIDTH="239" HEIGHT="27" CONTENT="UNDEETAKER" WC="0.90" CC="2311120013"/>
						</TextLine>
						<TextLine ID="P4_TL00139" HPOS="724" VPOS="661" WIDTH="326" HEIGHT="35">
							<String ID="P4_ST00647" HPOS="724" VPOS="663" WIDTH="104" HEIGHT="33" CONTENT="EAST" WC="0.95" CC="1111" STYLEREFS="TXT_16"/>
							<SP ID="P4_SP00491" HPOS="828" VPOS="696" WIDTH="41"/>
							<String ID="P4_ST00648" HPOS="869" VPOS="661" WIDTH="181" HEIGHT="32" CONTENT="OXFORD." WC="0.83" CC="0240511" STYLEREFS="TXT_16"/>
						</TextLine>
						<TextLine ID="P4_TL00140" HPOS="655" VPOS="748" WIDTH="501" HEIGHT="31">
							<String ID="P4_ST00649" HPOS="655" VPOS="754" WIDTH="121" HEIGHT="25" CONTENT="Funerals" WC="0.95" CC="21001001"/>
							<SP ID="P4_SP00492" HPOS="776" VPOS="779" WIDTH="8"/>
							<String ID="P4_ST00650" HPOS="784" VPOS="751" WIDTH="151" HEIGHT="27" CONTENT="Conducted," WC="0.94" CC="1011001011"/>
							<SP ID="P4_SP00493" HPOS="935" VPOS="779" WIDTH="13"/>
							<String ID="P4_ST00651" HPOS="948" VPOS="750" WIDTH="87" HEIGHT="24" CONTENT="Adults" WC="0.93" CC="031011"/>
							<SP ID="P4_SP00494" HPOS="1035" VPOS="779" WIDTH="7"/>
							<String ID="P4_ST00652" HPOS="1042" VPOS="749" WIDTH="67" HEIGHT="23" CONTENT="from" WC="0.94" CC="1102"/>
							<SP ID="P4_SP00495" HPOS="1109" VPOS="779" WIDTH="10"/>
							<String ID="P4_ST00653" HPOS="1119" VPOS="748" WIDTH="37" HEIGHT="23" CONTENT="£3" WC="0.72" CC="51"/>
						</TextLine>
						<TextLine ID="P4_TL00141" HPOS="621" VPOS="794" WIDTH="285" HEIGHT="31">
							<String ID="P4_ST00654" HPOS="621" VPOS="799" WIDTH="121" HEIGHT="25" CONTENT="Children-" WC="0.86" CC="312131102"/>
							<String ID="P4_ST00655" HPOS="754" VPOS="797" WIDTH="65" HEIGHT="23" CONTENT="from" WC="0.81" CC="1205"/>
							<SP ID="P4_SP00496" HPOS="819" VPOS="824" WIDTH="19"/>
							<String ID="P4_ST00656" HPOS="838" VPOS="794" WIDTH="68" HEIGHT="31" CONTENT="22/6," WC="0.91" CC="12011"/>
						</TextLine>
						<TextLine ID="P4_TL00142" HPOS="724" VPOS="1028" WIDTH="327" HEIGHT="34">
							<String ID="P4_ST00657" HPOS="724" VPOS="1033" WIDTH="214" HEIGHT="29" CONTENT="Established" WC="0.89" CC="41122101112" STYLEREFS="TXT_25"/>
							<SP ID="P4_SP00497" HPOS="938" VPOS="1062" WIDTH="24"/>
							<String ID="P4_ST00658" HPOS="962" VPOS="1028" WIDTH="89" HEIGHT="28" CONTENT="1862." WC="0.95" CC="00121" STYLEREFS="TXT_25"/>
						</TextLine>
						<TextLine ID="P4_TL00143" HPOS="669" VPOS="1091" WIDTH="433" HEIGHT="34">
							<String ID="P4_ST00659" HPOS="669" VPOS="1097" WIDTH="124" HEIGHT="28" CONTENT="FLOUE," WC="0.96" CC="100011" STYLEREFS="TXT_25"/>
							<SP ID="P4_SP00498" HPOS="793" VPOS="1125" WIDTH="12"/>
							<String ID="P4_ST00660" HPOS="805" VPOS="1096" WIDTH="56" HEIGHT="24" CONTENT="best" WC="0.93" CC="1012" STYLEREFS="TXT_25"/>
							<SP ID="P4_SP00499" HPOS="861" VPOS="1125" WIDTH="11"/>
							<String ID="P4_ST00661" HPOS="872" VPOS="1093" WIDTH="80" HEIGHT="26" CONTENT="brand" WC="0.88" CC="12211" STYLEREFS="TXT_25"/>
							<SP ID="P4_SP00500" HPOS="952" VPOS="1125" WIDTH="11"/>
							<String ID="P4_ST00662" HPOS="963" VPOS="1092" WIDTH="60" HEIGHT="32" CONTENT="only" WC="0.94" CC="0102" STYLEREFS="TXT_25"/>
							<SP ID="P4_SP00501" HPOS="1023" VPOS="1125" WIDTH="11"/>
							<String ID="P4_ST00663" HPOS="1034" VPOS="1091" WIDTH="68" HEIGHT="31" CONTENT="kept." WC="0.95" CC="11100" STYLEREFS="TXT_25"/>
						</TextLine>
						<TextLine ID="P4_TL00144" HPOS="621" VPOS="1132" WIDTH="531" HEIGHT="37">
							<String ID="P4_ST00664" HPOS="621" VPOS="1139" WIDTH="143" HEIGHT="30" CONTENT="SHARPS," WC="0.90" CC="1111112" STYLEREFS="TXT_25"/>
							<SP ID="P4_SP00502" HPOS="764" VPOS="1169" WIDTH="15"/>
							<String ID="P4_ST00665" HPOS="779" VPOS="1133" WIDTH="12" HEIGHT="33" CONTENT='."' WC="0.52" CC="09" STYLEREFS="TXT_25"/>
							<SP ID="P4_SP00503" HPOS="791" VPOS="1169" WIDTH="10"/>
							<String ID="P4_ST00666" HPOS="801" VPOS="1138" WIDTH="20" HEIGHT="24" CONTENT="0" WC="1.00" CC="0" STYLEREFS="TXT_25"/>
							<SP ID="P4_SP00504" HPOS="821" VPOS="1169" WIDTH="9"/>
							<String ID="P4_ST00667" HPOS="830" VPOS="1137" WIDTH="23" HEIGHT="24" CONTENT="A" WC="1.00" CC="0" STYLEREFS="TXT_25"/>
							<SP ID="P4_SP00505" HPOS="853" VPOS="1169" WIDTH="11"/>
							<String ID="P4_ST00668" HPOS="864" VPOS="1137" WIDTH="17" HEIGHT="24" CONTENT="T" WC="0.56" CC="4" STYLEREFS="TXT_25"/>
							<SP ID="P4_SP00506" HPOS="881" VPOS="1169" WIDTH="10"/>
							<String ID="P4_ST00669" HPOS="891" VPOS="1136" WIDTH="28" HEIGHT="24" CONTENT="M" WC="1.00" CC="0" STYLEREFS="TXT_25"/>
							<SP ID="P4_SP00507" HPOS="919" VPOS="1169" WIDTH="9"/>
							<String ID="P4_ST00670" HPOS="928" VPOS="1136" WIDTH="22" HEIGHT="23" CONTENT="E" WC="0.96" CC="1" STYLEREFS="TXT_25"/>
							<String ID="P4_ST00671" HPOS="953" VPOS="1135" WIDTH="53" HEIGHT="28" CONTENT="AL," WC="0.96" CC="001" STYLEREFS="TXT_25"/>
							<SP ID="P4_SP00508" HPOS="1006" VPOS="1169" WIDTH="36"/>
							<String ID="P4_ST00672" HPOS="1042" VPOS="1132" WIDTH="110" HEIGHT="25" CONTENT="BRAN" WC="0.94" CC="1200" STYLEREFS="TXT_25"/>
						</TextLine>
						<TextLine ID="P4_TL00145" HPOS="710" VPOS="1178" WIDTH="353" HEIGHT="31">
							<String ID="P4_ST00673" HPOS="710" VPOS="1178" WIDTH="292" HEIGHT="31" CONTENT="CHICKENWHEAT," WC="0.94" CC="1101211110001" STYLEREFS="TXT_25"/>
							<SP ID="P4_SP00509" HPOS="1002" VPOS="1209" WIDTH="20"/>
							<String ID="P4_ST00674" HPOS="1022" VPOS="1178" WIDTH="41" HEIGHT="24" CONTENT="&amp;c." WC="0.91" CC="111" STYLEREFS="TXT_25"/>
						</TextLine>
						<TextLine ID="P4_TL00146" HPOS="646" VPOS="1218" WIDTH="492" HEIGHT="29">
							<String ID="P4_ST00675" HPOS="646" VPOS="1228" WIDTH="41" HEIGHT="19" CONTENT="AT" WC="0.96" CC="10" STYLEREFS="TXT_17"/>
							<SP ID="P4_SP00510" HPOS="687" VPOS="1247" WIDTH="27"/>
							<String ID="P4_ST00676" HPOS="714" VPOS="1224" WIDTH="123" HEIGHT="22" CONTENT="LOWEST" WC="0.90" CC="113211" STYLEREFS="TXT_17"/>
							<SP ID="P4_SP00511" HPOS="837" VPOS="1247" WIDTH="28"/>
							<String ID="P4_ST00677" HPOS="865" VPOS="1221" WIDTH="141" HEIGHT="21" CONTENT="CURRENT" WC="0.76" CC="1144151" STYLEREFS="TXT_17"/>
							<SP ID="P4_SP00512" HPOS="1006" VPOS="1247" WIDTH="28"/>
							<String ID="P4_ST00678" HPOS="1034" VPOS="1218" WIDTH="104" HEIGHT="23" CONTENT="RATES," WC="0.91" CC="101112" STYLEREFS="TXT_17"/>
						</TextLine>
						<TextLine ID="P4_TL00147" HPOS="710" VPOS="1320" WIDTH="347" HEIGHT="55">
							<String ID="P4_ST00679" HPOS="710" VPOS="1328" WIDTH="53" HEIGHT="43" CONTENT="F." WC="0.89" CC="11" STYLEREFS="TXT_26"/>
							<SP ID="P4_SP00513" HPOS="763" VPOS="1371" WIDTH="33"/>
							<String ID="P4_ST00680" HPOS="796" VPOS="1325" WIDTH="50" HEIGHT="42" CONTENT="B." WC="0.94" CC="11" STYLEREFS="TXT_27"/>
							<SP ID="P4_SP00514" HPOS="846" VPOS="1371" WIDTH="22"/>
							<String ID="P4_ST00681" HPOS="868" VPOS="1320" WIDTH="189" HEIGHT="55" CONTENT="LANE." WC="0.77" CC="11425" STYLEREFS="TXT_27"/>
						</TextLine>
						<TextLine ID="P4_TL00148" HPOS="725" VPOS="1394" WIDTH="325" HEIGHT="46">
							<String ID="P4_ST00682" HPOS="725" VPOS="1400" WIDTH="91" HEIGHT="40" CONTENT="(Late" WC="0.97" CC="00101" STYLEREFS="TXT_21"/>
							<SP ID="P4_SP00515" HPOS="816" VPOS="1440" WIDTH="14"/>
							<String ID="P4_ST00683" HPOS="830" VPOS="1397" WIDTH="39" HEIGHT="30" CONTENT="E." WC="0.96" CC="10" STYLEREFS="TXT_21"/>
							<SP ID="P4_SP00516" HPOS="869" VPOS="1440" WIDTH="20"/>
							<String ID="P4_ST00684" HPOS="889" VPOS="1394" WIDTH="161" HEIGHT="39" CONTENT="Butcher.)" WC="0.93" CC="130111110" STYLEREFS="TXT_21"/>
						</TextLine>
						<TextLine ID="P4_TL00149" HPOS="621" VPOS="1450" WIDTH="532" HEIGHT="41">
							<String ID="P4_ST00685" HPOS="621" VPOS="1459" WIDTH="250" HEIGHT="32" CONTENT="Watchmaker," WC="0.84" CC="10011031147" STYLEREFS="TXT_21"/>
							<SP ID="P4_SP00517" HPOS="871" VPOS="1491" WIDTH="30"/>
							<String ID="P4_ST00686" HPOS="901" VPOS="1454" WIDTH="183" HEIGHT="33" CONTENT="Jeweller," WC="0.95" CC="101000022" STYLEREFS="TXT_21"/>
							<SP ID="P4_SP00518" HPOS="1084" VPOS="1491" WIDTH="18"/>
							<String ID="P4_ST00687" HPOS="1102" VPOS="1450" WIDTH="51" HEIGHT="30" CONTENT="&amp;c." WC="0.93" CC="200" STYLEREFS="TXT_21"/>
						</TextLine>
						<TextLine ID="P4_TL00150" HPOS="620" VPOS="1501" WIDTH="535" HEIGHT="40">
							<String ID="P4_ST00688" HPOS="620" VPOS="1510" WIDTH="123" HEIGHT="31" CONTENT="Importer" WC="0.90" CC="02401101"/>
							<SP ID="P4_SP00519" HPOS="743" VPOS="1541" WIDTH="34"/>
							<String ID="P4_ST00689" HPOS="777" VPOS="1507" WIDTH="27" HEIGHT="25" CONTENT="of" WC="0.94" CC="01"/>
							<SP ID="P4_SP00520" HPOS="804" VPOS="1541" WIDTH="40"/>
							<String ID="P4_ST00690" HPOS="844" VPOS="1503" WIDTH="107" HEIGHT="26" CONTENT="Musical" WC="0.97" CC="0110111"/>
							<SP ID="P4_SP00521" HPOS="951" VPOS="1541" WIDTH="34"/>
							<String ID="P4_ST00691" HPOS="985" VPOS="1501" WIDTH="170" HEIGHT="26" CONTENT="Instruments" WC="0.98" CC="00110101000"/>
						</TextLine>
						<TextLine ID="P4_TL00151" HPOS="719" VPOS="1541" WIDTH="336" HEIGHT="31">
							<String ID="P4_ST00692" HPOS="719" VPOS="1544" WIDTH="111" HEIGHT="27" CONTENT="Victoria" WC="0.97" CC="20010101"/>
							<SP ID="P4_SP00522" HPOS="830" VPOS="1571" WIDTH="22"/>
							<String ID="P4_ST00693" HPOS="852" VPOS="1542" WIDTH="37" HEIGHT="26" CONTENT="St." WC="0.95" CC="111"/>
							<SP ID="P4_SP00523" HPOS="889" VPOS="1571" WIDTH="31"/>
							<String ID="P4_ST00694" HPOS="920" VPOS="1541" WIDTH="135" HEIGHT="31" CONTENT="Eangiora." WC="0.99" CC="101000000"/>
						</TextLine>
						<TextLine ID="P4_TL00152" HPOS="623" VPOS="1623" WIDTH="533" HEIGHT="43">
							<String ID="P4_ST00695" HPOS="623" VPOS="1634" WIDTH="99" HEIGHT="32" CONTENT="Special" WC="0.98" CC="1000010"/>
							<SP ID="P4_SP00524" HPOS="722" VPOS="1666" WIDTH="11"/>
							<String ID="P4_ST00696" HPOS="733" VPOS="1633" WIDTH="70" HEIGHT="25" CONTENT="value" WC="0.96" CC="11001"/>
							<SP ID="P4_SP00525" HPOS="803" VPOS="1666" WIDTH="22"/>
							<String ID="P4_ST00697" HPOS="825" VPOS="1630" WIDTH="28" HEIGHT="24" CONTENT="in" WC="1.00" CC="00"/>
							<SP ID="P4_SP00526" HPOS="853" VPOS="1666" WIDTH="22"/>
							<String ID="P4_ST00698" HPOS="875" VPOS="1628" WIDTH="81" HEIGHT="25" CONTENT="Extra" WC="0.85" CC="14211"/>
							<SP ID="P4_SP00527" HPOS="956" VPOS="1666" WIDTH="23"/>
							<String ID="P4_ST00699" HPOS="979" VPOS="1628" WIDTH="86" HEIGHT="29" CONTENT="strong" WC="0.92" CC="111030"/>
							<SP ID="P4_SP00528" HPOS="1065" VPOS="1666" WIDTH="12"/>
							<String ID="P4_ST00700" HPOS="1077" VPOS="1623" WIDTH="79" HEIGHT="26" CONTENT="Cased" WC="0.95" CC="11101"/>
						</TextLine>
						<TextLine ID="P4_TL00153" HPOS="621" VPOS="1667" WIDTH="534" HEIGHT="42">
							<String ID="P4_ST00701" HPOS="621" VPOS="1677" WIDTH="87" HEIGHT="32" CONTENT="highly" WC="0.94" CC="200101"/>
							<SP ID="P4_SP00529" HPOS="708" VPOS="1709" WIDTH="9"/>
							<String ID="P4_ST00702" HPOS="717" VPOS="1673" WIDTH="109" HEIGHT="27" CONTENT="finished" WC="0.95" CC="11001101"/>
							<SP ID="P4_SP00530" HPOS="826" VPOS="1709" WIDTH="13"/>
							<String ID="P4_ST00703" HPOS="839" VPOS="1671" WIDTH="109" HEIGHT="32" CONTENT="English" WC="0.95" CC="1100111"/>
							<SP ID="P4_SP00531" HPOS="948" VPOS="1709" WIDTH="17"/>
							<String ID="P4_ST00704" HPOS="965" VPOS="1670" WIDTH="80" HEIGHT="25" CONTENT="Lever" WC="0.93" CC="10202"/>
							<SP ID="P4_SP00532" HPOS="1045" VPOS="1709" WIDTH="8"/>
							<String ID="P4_ST00705" HPOS="1053" VPOS="1667" WIDTH="102" HEIGHT="27" CONTENT="Watch-" WC="0.93" CC="200011"/>
						</TextLine>
						<TextLine ID="P4_TL00154" HPOS="622" VPOS="1710" WIDTH="534" HEIGHT="35">
							<String ID="P4_ST00706" HPOS="622" VPOS="1729" WIDTH="34" HEIGHT="16" CONTENT="es." WC="0.97" CC="010"/>
							<SP ID="P4_SP00533" HPOS="656" VPOS="1745" WIDTH="47"/>
							<String ID="P4_ST00707" HPOS="703" VPOS="1715" WIDTH="191" HEIGHT="28" CONTENT="Manufactured" WC="0.97" CC="011010100101"/>
							<SP ID="P4_SP00534" HPOS="894" VPOS="1745" WIDTH="16"/>
							<String ID="P4_ST00708" HPOS="910" VPOS="1716" WIDTH="27" HEIGHT="23" CONTENT="to" WC="0.94" CC="10"/>
							<SP ID="P4_SP00535" HPOS="937" VPOS="1745" WIDTH="22"/>
							<String ID="P4_ST00709" HPOS="959" VPOS="1722" WIDTH="43" HEIGHT="23" CONTENT="my" WC="0.85" CC="21"/>
							<SP ID="P4_SP00536" HPOS="1002" VPOS="1745" WIDTH="28"/>
							<String ID="P4_ST00710" HPOS="1030" VPOS="1712" WIDTH="72" HEIGHT="25" CONTENT="order" WC="0.93" CC="01112"/>
							<SP ID="P4_SP00537" HPOS="1102" VPOS="1745" WIDTH="20"/>
							<String ID="P4_ST00711" HPOS="1122" VPOS="1710" WIDTH="34" HEIGHT="31" CONTENT="by" WC="0.91" CC="11"/>
						</TextLine>
						<TextLine ID="P4_TL00155" HPOS="622" VPOS="1750" WIDTH="535" HEIGHT="35">
							<String ID="P4_ST00712" HPOS="622" VPOS="1760" WIDTH="55" HEIGHT="25" CONTENT="best" WC="0.94" CC="0112"/>
							<SP ID="P4_SP00538" HPOS="677" VPOS="1785" WIDTH="11"/>
							<String ID="P4_ST00713" HPOS="688" VPOS="1758" WIDTH="105" HEIGHT="25" CONTENT="London" WC="0.91" CC="101103"/>
							<SP ID="P4_SP00539" HPOS="793" VPOS="1785" WIDTH="18"/>
							<String ID="P4_ST00714" HPOS="811" VPOS="1755" WIDTH="107" HEIGHT="25" CONTENT="makers." WC="0.92" CC="4001110"/>
							<SP ID="P4_SP00540" HPOS="918" VPOS="1785" WIDTH="35"/>
							<String ID="P4_ST00715" HPOS="953" VPOS="1750" WIDTH="158" HEIGHT="34" CONTENT="Unequalled" WC="0.89" CC="1103100005"/>
							<SP ID="P4_SP00541" HPOS="1111" VPOS="1785" WIDTH="8"/>
							<String ID="P4_ST00716" HPOS="1119" VPOS="1750" WIDTH="38" HEIGHT="24" CONTENT="for" WC="0.96" CC="001"/>
						</TextLine>
						<TextLine ID="P4_TL00156" HPOS="622" VPOS="1793" WIDTH="533" HEIGHT="35">
							<String ID="P4_ST00717" HPOS="622" VPOS="1802" WIDTH="123" HEIGHT="25" CONTENT="excellent" WC="0.95" CC="120110011"/>
							<SP ID="P4_SP00542" HPOS="745" VPOS="1827" WIDTH="12"/>
							<String ID="P4_ST00718" HPOS="757" VPOS="1797" WIDTH="178" HEIGHT="31" CONTENT="Timekeeping" WC="0.99" CC="00100001010"/>
							<SP ID="P4_SP00543" HPOS="935" VPOS="1828" WIDTH="16"/>
							<String ID="P4_ST00719" HPOS="951" VPOS="1796" WIDTH="50" HEIGHT="25" CONTENT="and" WC="0.99" CC="001"/>
							<SP ID="P4_SP00544" HPOS="1001" VPOS="1828" WIDTH="11"/>
							<String ID="P4_ST00720" HPOS="1012" VPOS="1793" WIDTH="143" HEIGHT="32" CONTENT="durability." WC="0.97" CC="21101000010"/>
						</TextLine>
						<TextLine ID="P4_TL00157" HPOS="655" VPOS="1837" WIDTH="500" HEIGHT="36">
							<String ID="P4_ST00721" HPOS="655" VPOS="1846" WIDTH="29" HEIGHT="24" CONTENT="F." WC="0.93" CC="11"/>
							<SP ID="P4_SP00545" HPOS="684" VPOS="1870" WIDTH="19"/>
							<String ID="P4_ST00722" HPOS="703" VPOS="1845" WIDTH="31" HEIGHT="23" CONTENT="B." WC="0.96" CC="10"/>
							<SP ID="P4_SP00546" HPOS="734" VPOS="1870" WIDTH="12"/>
							<String ID="P4_ST00723" HPOS="746" VPOS="1842" WIDTH="96" HEIGHT="26" CONTENT="LANE" WC="0.91" CC="1221"/>
							<SP ID="P4_SP00547" HPOS="842" VPOS="1870" WIDTH="13"/>
							<String ID="P4_ST00724" HPOS="855" VPOS="1839" WIDTH="139" HEIGHT="34" CONTENT="personally" WC="0.99" CC="0011000000"/>
							<SP ID="P4_SP00548" HPOS="994" VPOS="1873" WIDTH="22"/>
							<String ID="P4_ST00725" HPOS="1016" VPOS="1838" WIDTH="72" HEIGHT="25" CONTENT="visits" WC="0.96" CC="201001"/>
							<SP ID="P4_SP00549" HPOS="1088" VPOS="1873" WIDTH="20"/>
							<String ID="P4_ST00726" HPOS="1108" VPOS="1837" WIDTH="47" HEIGHT="24" CONTENT="Ox-" WC="0.90" CC="121"/>
						</TextLine>
						<TextLine ID="P4_TL00158" HPOS="623" VPOS="1880" WIDTH="534" HEIGHT="37">
							<String ID="P4_ST00727" HPOS="623" VPOS="1889" WIDTH="54" HEIGHT="25" CONTENT="ford" WC="0.99" CC="1000"/>
							<SP ID="P4_SP00550" HPOS="677" VPOS="1914" WIDTH="19"/>
							<String ID="P4_ST00728" HPOS="696" VPOS="1886" WIDTH="125" HEIGHT="31" CONTENT="monthly," WC="0.98" CC="10001001"/>
							<SP ID="P4_SP00551" HPOS="821" VPOS="1917" WIDTH="24"/>
							<String ID="P4_ST00729" HPOS="845" VPOS="1884" WIDTH="115" HEIGHT="31" CONTENT="carrying" WC="0.99" CC="00110010"/>
							<SP ID="P4_SP00552" HPOS="960" VPOS="1917" WIDTH="19"/>
							<String ID="P4_ST00730" HPOS="979" VPOS="1891" WIDTH="15" HEIGHT="16" CONTENT="a" WC="0.93" CC="1"/>
							<SP ID="P4_SP00553" HPOS="994" VPOS="1917" WIDTH="22"/>
							<String ID="P4_ST00731" HPOS="1016" VPOS="1882" WIDTH="69" HEIGHT="31" CONTENT="large" WC="0.97" CC="00101"/>
							<SP ID="P4_SP00554" HPOS="1085" VPOS="1917" WIDTH="23"/>
							<String ID="P4_ST00732" HPOS="1108" VPOS="1880" WIDTH="49" HEIGHT="25" CONTENT="and" WC="0.99" CC="010"/>
						</TextLine>
						<TextLine ID="P4_TL00159" HPOS="622" VPOS="1924" WIDTH="533" HEIGHT="32">
							<String ID="P4_ST00733" HPOS="622" VPOS="1931" WIDTH="85" HEIGHT="25" CONTENT="choice" WC="0.98" CC="010001"/>
							<SP ID="P4_SP00555" HPOS="707" VPOS="1956" WIDTH="34"/>
							<String ID="P4_ST00734" HPOS="741" VPOS="1929" WIDTH="70" HEIGHT="25" CONTENT="stock" WC="0.99" CC="00001"/>
							<SP ID="P4_SP00556" HPOS="811" VPOS="1956" WIDTH="29"/>
							<String ID="P4_ST00735" HPOS="840" VPOS="1927" WIDTH="27" HEIGHT="25" CONTENT="of" WC="1.00" CC="00"/>
							<SP ID="P4_SP00557" HPOS="867" VPOS="1956" WIDTH="31"/>
							<String ID="P4_ST00736" HPOS="898" VPOS="1926" WIDTH="127" HEIGHT="28" CONTENT="Watches," WC="0.97" CC="11001010"/>
							<SP ID="P4_SP00558" HPOS="1025" VPOS="1956" WIDTH="29"/>
							<String ID="P4_ST00737" HPOS="1054" VPOS="1924" WIDTH="101" HEIGHT="28" CONTENT="Chains," WC="0.96" CC="0100111"/>
						</TextLine>
						<TextLine ID="P4_TL00160" HPOS="622" VPOS="1968" WIDTH="534" HEIGHT="34">
							<String ID="P4_ST00738" HPOS="622" VPOS="1973" WIDTH="134" HEIGHT="28" CONTENT="Brooches," WC="0.97" CC="110000011"/>
							<SP ID="P4_SP00559" HPOS="756" VPOS="2001" WIDTH="10"/>
							<String ID="P4_ST00739" HPOS="766" VPOS="1971" WIDTH="88" HEIGHT="31" CONTENT="Rings," WC="0.91" CC="101301"/>
							<SP ID="P4_SP00560" HPOS="854" VPOS="2002" WIDTH="11"/>
							<String ID="P4_ST00740" HPOS="865" VPOS="1969" WIDTH="86" HEIGHT="28" CONTENT="Studs," WC="0.87" CC="611011"/>
							<SP ID="P4_SP00561" HPOS="951" VPOS="2002" WIDTH="18"/>
							<String ID="P4_ST00741" HPOS="969" VPOS="1968" WIDTH="129" HEIGHT="25" CONTENT="Pendants" WC="0.96" CC="20010011"/>
							<SP ID="P4_SP00562" HPOS="1098" VPOS="2002" WIDTH="12"/>
							<String ID="P4_ST00742" HPOS="1110" VPOS="1968" WIDTH="46" HEIGHT="27" CONTENT="etc," WC="0.99" CC="0010"/>
						</TextLine>
						<TextLine ID="P4_TL00161" HPOS="624" VPOS="2008" WIDTH="533" HEIGHT="40">
							<String ID="P4_ST00743" HPOS="624" VPOS="2016" WIDTH="142" HEIGHT="32" CONTENT="Spectacles" WC="0.97" CC="1101000011"/>
							<SP ID="P4_SP00563" HPOS="766" VPOS="2048" WIDTH="21"/>
							<String ID="P4_ST00744" HPOS="787" VPOS="2013" WIDTH="123" HEIGHT="33" CONTENT="(Pebbles," WC="0.96" CC="000100112"/>
							<SP ID="P4_SP00564" HPOS="910" VPOS="2048" WIDTH="17"/>
							<String ID="P4_ST00745" HPOS="927" VPOS="2011" WIDTH="169" HEIGHT="30" CONTENT="Pantoscopsc" WC="0.95" CC="11110100220"/>
							<SP ID="P4_SP00565" HPOS="1096" VPOS="2048" WIDTH="12"/>
							<String ID="P4_ST00746" HPOS="1108" VPOS="2008" WIDTH="49" HEIGHT="25" CONTENT="and" WC="0.97" CC="011"/>
						</TextLine>
						<TextLine ID="P4_TL00162" HPOS="623" VPOS="2051" WIDTH="534" HEIGHT="40">
							<String ID="P4_ST00747" HPOS="623" VPOS="2058" WIDTH="108" HEIGHT="33" CONTENT="Crystal)" WC="0.97" CC="11011010"/>
							<SP ID="P4_SP00566" HPOS="731" VPOS="2091" WIDTH="14"/>
							<String ID="P4_ST00748" HPOS="745" VPOS="2056" WIDTH="96" HEIGHT="29" CONTENT="Clocks," WC="0.98" CC="0000002"/>
							<SP ID="P4_SP00567" HPOS="841" VPOS="2091" WIDTH="19"/>
							<String ID="P4_ST00749" HPOS="860" VPOS="2054" WIDTH="108" HEIGHT="34" CONTENT="(Marble" WC="0.98" CC="0001100"/>
							<SP ID="P4_SP00568" HPOS="968" VPOS="2091" WIDTH="20"/>
							<String ID="P4_ST00750" HPOS="988" VPOS="2053" WIDTH="51" HEIGHT="25" CONTENT="and" WC="1.00" CC="000"/>
							<SP ID="P4_SP00569" HPOS="1039" VPOS="2091" WIDTH="17"/>
							<String ID="P4_ST00751" HPOS="1056" VPOS="2051" WIDTH="101" HEIGHT="32" CONTENT="Wood,)" WC="0.98" CC="000101"/>
						</TextLine>
						<TextLine ID="P4_TL00163" HPOS="721" VPOS="2096" WIDTH="336" HEIGHT="28">
							<String ID="P4_ST00752" HPOS="721" VPOS="2099" WIDTH="156" HEIGHT="25" CONTENT="Accordeons" WC="0.95" CC="0010110021"/>
							<SP ID="P4_SP00570" HPOS="877" VPOS="2124" WIDTH="12"/>
							<String ID="P4_ST00753" HPOS="889" VPOS="2097" WIDTH="51" HEIGHT="25" CONTENT="and" WC="0.96" CC="100"/>
							<SP ID="P4_SP00571" HPOS="940" VPOS="2124" WIDTH="11"/>
							<String ID="P4_ST00754" HPOS="951" VPOS="2096" WIDTH="106" HEIGHT="25" CONTENT="Violins." WC="0.96" CC="11011011"/>
						</TextLine>
						<TextLine ID="P4_TL00164" HPOS="654" VPOS="2136" WIDTH="495" HEIGHT="33">
							<String ID="P4_ST00755" HPOS="654" VPOS="2145" WIDTH="82" HEIGHT="24" CONTENT="Exact" WC="0.96" CC="11001"/>
							<SP ID="P4_SP00572" HPOS="736" VPOS="2169" WIDTH="11"/>
							<String ID="P4_ST00756" HPOS="747" VPOS="2143" WIDTH="58" HEIGHT="25" CONTENT="date" WC="0.95" CC="1110"/>
							<SP ID="P4_SP00573" HPOS="805" VPOS="2169" WIDTH="12"/>
							<String ID="P4_ST00757" HPOS="817" VPOS="2141" WIDTH="27" HEIGHT="25" CONTENT="of" WC="0.96" CC="01"/>
							<SP ID="P4_SP00574" HPOS="844" VPOS="2169" WIDTH="10"/>
							<String ID="P4_ST00758" HPOS="854" VPOS="2140" WIDTH="62" HEIGHT="25" CONTENT="each" WC="0.96" CC="1011"/>
							<SP ID="P4_SP00575" HPOS="916" VPOS="2169" WIDTH="11"/>
							<String ID="P4_ST00759" HPOS="927" VPOS="2140" WIDTH="60" HEIGHT="24" CONTENT="visit" WC="0.98" CC="00101"/>
							<SP ID="P4_SP00576" HPOS="987" VPOS="2169" WIDTH="22"/>
							<String ID="P4_ST00760" HPOS="1009" VPOS="2139" WIDTH="23" HEIGHT="24" CONTENT="is" WC="0.96" CC="11"/>
							<SP ID="P4_SP00577" HPOS="1032" VPOS="2169" WIDTH="11"/>
							<String ID="P4_ST00761" HPOS="1043" VPOS="2136" WIDTH="106" HEIGHT="26" CONTENT="notified" WC="0.98" CC="10000101"/>
						</TextLine>
						<TextLine ID="P4_TL00165" HPOS="769" VPOS="2184" WIDTH="236" HEIGHT="27">
							<String ID="P4_ST00762" HPOS="769" VPOS="2187" WIDTH="28" HEIGHT="24" CONTENT="in" WC="1.00" CC="00"/>
							<SP ID="P4_SP00578" HPOS="797" VPOS="2211" WIDTH="34"/>
							<String ID="P4_ST00763" HPOS="831" VPOS="2184" WIDTH="174" HEIGHT="25" CONTENT='"Observer."' WC="0.93" CC="30010120110"/>
						</TextLine>
						<TextLine ID="P4_TL00166" HPOS="621" VPOS="2223" WIDTH="534" HEIGHT="35">
							<String ID="P4_ST00764" HPOS="621" VPOS="2231" WIDTH="115" HEIGHT="24" CONTENT="Repairs." WC="0.91" CC="22101210"/>
							<String ID="P4_ST00765" HPOS="738" VPOS="2244" WIDTH="32" HEIGHT="4" CONTENT="—" WC="1.00" CC="0"/>
							<String ID="P4_ST00766" HPOS="772" VPOS="2228" WIDTH="42" HEIGHT="25" CONTENT="All" WC="1.00" CC="000"/>
							<SP ID="P4_SP00579" HPOS="814" VPOS="2255" WIDTH="10"/>
							<String ID="P4_ST00767" HPOS="824" VPOS="2227" WIDTH="95" HEIGHT="31" CONTENT="repairs" WC="0.96" CC="1010011"/>
							<SP ID="P4_SP00580" HPOS="919" VPOS="2258" WIDTH="17"/>
							<String ID="P4_ST00768" HPOS="936" VPOS="2234" WIDTH="42" HEIGHT="16" CONTENT="are" WC="0.96" CC="010"/>
							<SP ID="P4_SP00581" HPOS="978" VPOS="2258" WIDTH="17"/>
							<String ID="P4_ST00769" HPOS="995" VPOS="2223" WIDTH="119" HEIGHT="26" CONTENT="executed" WC="0.98" CC="02000001"/>
							<SP ID="P4_SP00582" HPOS="1114" VPOS="2258" WIDTH="10"/>
							<String ID="P4_ST00770" HPOS="1124" VPOS="2223" WIDTH="31" HEIGHT="30" CONTENT="by" WC="0.98" CC="01"/>
						</TextLine>
						<TextLine ID="P4_TL00167" HPOS="621" VPOS="2267" WIDTH="536" HEIGHT="37">
							<String ID="P4_ST00771" HPOS="621" VPOS="2273" WIDTH="92" HEIGHT="31" CONTENT="myself" WC="0.96" CC="101102"/>
							<SP ID="P4_SP00583" HPOS="713" VPOS="2304" WIDTH="21"/>
							<String ID="P4_ST00772" HPOS="734" VPOS="2280" WIDTH="28" HEIGHT="16" CONTENT="or" WC="0.96" CC="01"/>
							<SP ID="P4_SP00584" HPOS="762" VPOS="2304" WIDTH="16"/>
							<String ID="P4_ST00773" HPOS="778" VPOS="2270" WIDTH="79" HEIGHT="26" CONTENT="under" WC="0.94" CC="11101"/>
							<SP ID="P4_SP00585" HPOS="857" VPOS="2304" WIDTH="17"/>
							<String ID="P4_ST00774" HPOS="874" VPOS="2277" WIDTH="42" HEIGHT="23" CONTENT="my" WC="0.87" CC="21"/>
							<SP ID="P4_SP00586" HPOS="916" VPOS="2304" WIDTH="20"/>
							<String ID="P4_ST00775" HPOS="936" VPOS="2267" WIDTH="221" HEIGHT="32" CONTENT="superintendence" WC="0.95" CC="111011120100100"/>
						</TextLine>
						<TextLine ID="P4_TL00168" HPOS="623" VPOS="2308" WIDTH="535" HEIGHT="37">
							<String ID="P4_ST00776" HPOS="623" VPOS="2323" WIDTH="27" HEIGHT="17" CONTENT="so" WC="0.98" CC="10"/>
							<SP ID="P4_SP00587" HPOS="650" VPOS="2340" WIDTH="22"/>
							<String ID="P4_ST00777" HPOS="672" VPOS="2315" WIDTH="57" HEIGHT="24" CONTENT="that" WC="0.94" CC="1101"/>
							<SP ID="P4_SP00588" HPOS="729" VPOS="2340" WIDTH="18"/>
							<String ID="P4_ST00778" HPOS="747" VPOS="2314" WIDTH="103" HEIGHT="31" CONTENT="patrons" WC="0.97" CC="1110001"/>
							<SP ID="P4_SP00589" HPOS="850" VPOS="2345" WIDTH="11"/>
							<String ID="P4_ST00779" HPOS="861" VPOS="2319" WIDTH="47" HEIGHT="16" CONTENT="can" WC="0.95" CC="101"/>
							<SP ID="P4_SP00590" HPOS="908" VPOS="2345" WIDTH="23"/>
							<String ID="P4_ST00780" HPOS="931" VPOS="2311" WIDTH="52" HEIGHT="31" CONTENT="rely" WC="0.95" CC="1110"/>
							<SP ID="P4_SP00591" HPOS="983" VPOS="2345" WIDTH="11"/>
							<String ID="P4_ST00781" HPOS="994" VPOS="2316" WIDTH="45" HEIGHT="18" CONTENT="'on" WC="0.85" CC="210"/>
							<SP ID="P4_SP00592" HPOS="1039" VPOS="2345" WIDTH="22"/>
							<String ID="P4_ST00782" HPOS="1061" VPOS="2308" WIDTH="97" HEIGHT="32" CONTENT="getting" WC="0.98" CC="1001000"/>
						</TextLine>
						<TextLine ID="P4_TL00169" HPOS="623" VPOS="2351" WIDTH="533" HEIGHT="32">
							<String ID="P4_ST00783" HPOS="623" VPOS="2357" WIDTH="155" HEIGHT="25" CONTENT="satisfaction" WC="0.99" CC="101000000001"/>
							<SP ID="P4_SP00593" HPOS="778" VPOS="2382" WIDTH="9"/>
							<String ID="P4_ST00784" HPOS="787" VPOS="2356" WIDTH="26" HEIGHT="23" CONTENT="at" WC="1.00" CC="00"/>
							<SP ID="P4_SP00594" HPOS="813" VPOS="2382" WIDTH="12"/>
							<String ID="P4_ST00785" HPOS="825" VPOS="2354" WIDTH="43" HEIGHT="24" CONTENT="the" WC="0.94" CC="011"/>
							<SP ID="P4_SP00595" HPOS="868" VPOS="2382" WIDTH="11"/>
							<String ID="P4_ST00786" HPOS="879" VPOS="2360" WIDTH="59" HEIGHT="23" CONTENT="very" WC="0.94" CC="1111"/>
							<SP ID="P4_SP00596" HPOS="938" VPOS="2383" WIDTH="11"/>
							<String ID="P4_ST00787" HPOS="949" VPOS="2352" WIDTH="86" HEIGHT="25" CONTENT="lowest" WC="0.96" CC="002110"/>
							<SP ID="P4_SP00597" HPOS="1035" VPOS="2383" WIDTH="9"/>
							<String ID="P4_ST00788" HPOS="1044" VPOS="2351" WIDTH="112" HEIGHT="30" CONTENT="charges." WC="0.95" CC="01011111"/>
						</TextLine>
						<TextLine ID="P4_TL00170" HPOS="655" VPOS="2394" WIDTH="470" HEIGHT="37">
							<String ID="P4_ST00789" HPOS="655" VPOS="2400" WIDTH="105" HEIGHT="31" CONTENT="Repairs" WC="0.97" CC="1011001"/>
							<SP ID="P4_SP00598" HPOS="760" VPOS="2431" WIDTH="12"/>
							<String ID="P4_ST00790" HPOS="772" VPOS="2406" WIDTH="27" HEIGHT="17" CONTENT="or" WC="0.96" CC="01"/>
							<SP ID="P4_SP00599" HPOS="799" VPOS="2431" WIDTH="9"/>
							<String ID="P4_ST00791" HPOS="808" VPOS="2397" WIDTH="84" HEIGHT="25" CONTENT="orders" WC="0.94" CC="011002"/>
							<SP ID="P4_SP00600" HPOS="892" VPOS="2431" WIDTH="9"/>
							<String ID="P4_ST00792" HPOS="901" VPOS="2397" WIDTH="58" HEIGHT="30" CONTENT="niay" WC="0.94" CC="1111"/>
							<SP ID="P4_SP00601" HPOS="959" VPOS="2431" WIDTH="11"/>
							<String ID="P4_ST00793" HPOS="970" VPOS="2395" WIDTH="31" HEIGHT="24" CONTENT="be" WC="1.00" CC="00"/>
							<SP ID="P4_SP00602" HPOS="1001" VPOS="2431" WIDTH="8"/>
							<String ID="P4_ST00794" HPOS="1009" VPOS="2394" WIDTH="44" HEIGHT="26" CONTENT="left" WC="0.98" CC="0100"/>
							<SP ID="P4_SP00603" HPOS="1053" VPOS="2431" WIDTH="12"/>
							<String ID="P4_ST00795" HPOS="1065" VPOS="2395" WIDTH="26" HEIGHT="23" CONTENT="at" WC="0.98" CC="01"/>
							<String ID="P4_ST00796" HPOS="1091" VPOS="2408" WIDTH="34" HEIGHT="3" CONTENT="—" WC="1.00" CC="0"/>
						</TextLine>
						<TextLine ID="P4_TL00171" HPOS="621" VPOS="2443" WIDTH="403" HEIGHT="32">
							<String ID="P4_ST00797" HPOS="621" VPOS="2448" WIDTH="26" HEIGHT="24" CONTENT="J." WC="0.96" CC="11"/>
							<SP ID="P4_SP00604" HPOS="647" VPOS="2472" WIDTH="19"/>
							<String ID="P4_ST00798" HPOS="666" VPOS="2446" WIDTH="134" HEIGHT="29" CONTENT="Weeber's," WC="0.96" CC="001000211"/>
							<SP ID="P4_SP00605" HPOS="800" VPOS="2475" WIDTH="35"/>
							<String ID="P4_ST00799" HPOS="835" VPOS="2444" WIDTH="65" HEIGHT="25" CONTENT="East" WC="0.96" CC="1011"/>
							<SP ID="P4_SP00606" HPOS="900" VPOS="2475" WIDTH="23"/>
							<String ID="P4_ST00800" HPOS="923" VPOS="2443" WIDTH="101" HEIGHT="25" CONTENT="Oxford," WC="0.96" CC="0200111"/>
						</TextLine>
						<TextLine ID="P4_TL00172" HPOS="621" VPOS="2486" WIDTH="425" HEIGHT="30">
							<String ID="P4_ST00801" HPOS="621" VPOS="2493" WIDTH="26" HEIGHT="23" CONTENT="at" WC="0.96" CC="11"/>
							<SP ID="P4_SP00607" HPOS="647" VPOS="2516" WIDTH="23"/>
							<String ID="P4_ST00802" HPOS="670" VPOS="2491" WIDTH="40" HEIGHT="25" CONTENT="W." WC="1.00" CC="00"/>
							<SP ID="P4_SP00608" HPOS="710" VPOS="2516" WIDTH="25"/>
							<String ID="P4_ST00803" HPOS="735" VPOS="2490" WIDTH="36" HEIGHT="25" CONTENT="M." WC="1.00" CC="00"/>
							<SP ID="P4_SP00609" HPOS="771" VPOS="2516" WIDTH="24"/>
							<String ID="P4_ST00804" HPOS="795" VPOS="2489" WIDTH="38" HEIGHT="27" CONTENT="C," WC="0.93" CC="11"/>
							<SP ID="P4_SP00610" HPOS="833" VPOS="2516" WIDTH="23"/>
							<String ID="P4_ST00805" HPOS="856" VPOS="2488" WIDTH="65" HEIGHT="24" CONTENT="East" WC="0.96" CC="0011"/>
							<SP ID="P4_SP00611" HPOS="921" VPOS="2516" WIDTH="25"/>
							<String ID="P4_ST00806" HPOS="946" VPOS="2486" WIDTH="100" HEIGHT="26" CONTENT="Oxlord." WC="0.96" CC="0110101"/>
						</TextLine>
						<TextLine ID="P4_TL00173" HPOS="621" VPOS="2527" WIDTH="534" HEIGHT="35">
							<String ID="P4_ST00807" HPOS="621" VPOS="2535" WIDTH="24" HEIGHT="24" CONTENT="J." WC="0.89" CC="11"/>
							<SP ID="P4_SP00612" HPOS="645" VPOS="2559" WIDTH="18"/>
							<String ID="P4_ST00808" HPOS="663" VPOS="2534" WIDTH="99" HEIGHT="28" CONTENT="Brown," WC="0.94" CC="111201"/>
							<SP ID="P4_SP00613" HPOS="762" VPOS="2562" WIDTH="14"/>
							<String ID="P4_ST00809" HPOS="776" VPOS="2531" WIDTH="160" HEIGHT="28" CONTENT="Bootmaker," WC="0.97" CC="1000000011"/>
							<SP ID="P4_SP00614" HPOS="936" VPOS="2562" WIDTH="25"/>
							<String ID="P4_ST00810" HPOS="961" VPOS="2529" WIDTH="71" HEIGHT="25" CONTENT="West" WC="0.97" CC="1101"/>
							<SP ID="P4_SP00615" HPOS="1032" VPOS="2562" WIDTH="23"/>
							<String ID="P4_ST00811" HPOS="1055" VPOS="2527" WIDTH="100" HEIGHT="26" CONTENT="Oxford." WC="0.94" CC="1200101"/>
						</TextLine>
						<TextLine ID="P4_TL00174" HPOS="621" VPOS="2572" WIDTH="402" HEIGHT="31">
							<String ID="P4_ST00812" HPOS="621" VPOS="2577" WIDTH="39" HEIGHT="26" CONTENT="W," WC="0.83" CC="13"/>
							<SP ID="P4_SP00616" HPOS="660" VPOS="2603" WIDTH="10"/>
							<String ID="P4_ST00813" HPOS="670" VPOS="2576" WIDTH="28" HEIGHT="27" CONTENT="3." WC="0.37" CC="39" STYLEREFS="TXT_2"/>
							<SP ID="P4_SP00617" HPOS="698" VPOS="2603" WIDTH="14"/>
							<String ID="P4_ST00814" HPOS="712" VPOS="2575" WIDTH="118" HEIGHT="26" CONTENT="Crothers" WC="0.96" CC="10011011"/>
							<SP ID="P4_SP00618" HPOS="830" VPOS="2603" WIDTH="11"/>
							<String ID="P4_ST00815" HPOS="841" VPOS="2575" WIDTH="19" HEIGHT="22" CONTENT="&amp;" WC="0.85" CC="2"/>
							<SP ID="P4_SP00619" HPOS="860" VPOS="2603" WIDTH="12"/>
							<String ID="P4_ST00816" HPOS="872" VPOS="2573" WIDTH="45" HEIGHT="24" CONTENT="Co." WC="0.96" CC="101"/>
							<String ID="P4_ST00817" HPOS="925" VPOS="2590" WIDTH="6" HEIGHT="6" CONTENT="." WC="1.00" CC="0"/>
							<SP ID="P4_SP00620" HPOS="931" VPOS="2603" WIDTH="23"/>
							<String ID="P4_ST00818" HPOS="954" VPOS="2572" WIDTH="69" HEIGHT="25" CONTENT="Oust." WC="0.93" CC="21111"/>
						</TextLine>
						<TextLine ID="P4_TL00175" HPOS="653" VPOS="2614" WIDTH="469" HEIGHT="35">
							<String ID="P4_ST00819" HPOS="653" VPOS="2619" WIDTH="50" HEIGHT="27" CONTENT="and" WC="0.41" CC="359"/>
							<SP ID="P4_SP00621" HPOS="703" VPOS="2646" WIDTH="17"/>
							<String ID="P4_ST00820" HPOS="720" VPOS="2618" WIDTH="52" HEIGHT="26" CONTENT="will" WC="0.96" CC="2000"/>
							<SP ID="P4_SP00622" HPOS="772" VPOS="2646" WIDTH="6"/>
							<String ID="P4_ST00821" HPOS="778" VPOS="2617" WIDTH="31" HEIGHT="26" CONTENT="be" WC="0.98" CC="10"/>
							<SP ID="P4_SP00623" HPOS="809" VPOS="2646" WIDTH="11"/>
							<String ID="P4_ST00822" HPOS="820" VPOS="2615" WIDTH="127" HEIGHT="34" CONTENT="promptly" WC="0.93" CC="11021101"/>
							<SP ID="P4_SP00624" HPOS="947" VPOS="2649" WIDTH="11"/>
							<String ID="P4_ST00823" HPOS="958" VPOS="2614" WIDTH="119" HEIGHT="26" CONTENT="attended" WC="0.84" CC="91000111"/>
							<SP ID="P4_SP00625" HPOS="1077" VPOS="2649" WIDTH="11"/>
							<String ID="P4_ST00824" HPOS="1088" VPOS="2615" WIDTH="34" HEIGHT="24" CONTENT="to." WC="0.95" CC="101"/>
						</TextLine>
						<TextLine ID="P4_TL00176" HPOS="622" VPOS="2658" WIDTH="535" HEIGHT="38">
							<String ID="P4_ST00825" HPOS="622" VPOS="2664" WIDTH="55" HEIGHT="32" CONTENT="All" WC="0.89" CC="121" STYLEREFS="TXT_21"/>
							<SP ID="P4_SP00626" HPOS="677" VPOS="2696" WIDTH="10"/>
							<String ID="P4_ST00826" HPOS="687" VPOS="2663" WIDTH="100" HEIGHT="31" CONTENT="Work" WC="0.96" CC="1011" STYLEREFS="TXT_21"/>
							<SP ID="P4_SP00627" HPOS="787" VPOS="2696" WIDTH="12"/>
							<String ID="P4_ST00827" HPOS="799" VPOS="2662" WIDTH="77" HEIGHT="29" CONTENT="done" WC="0.97" CC="0011" STYLEREFS="TXT_21"/>
							<SP ID="P4_SP00628" HPOS="876" VPOS="2696" WIDTH="12"/>
							<String ID="P4_ST00828" HPOS="888" VPOS="2671" WIDTH="40" HEIGHT="20" CONTENT="on" WC="0.98" CC="01" STYLEREFS="TXT_21"/>
							<SP ID="P4_SP00629" HPOS="928" VPOS="2696" WIDTH="14"/>
							<String ID="P4_ST00829" HPOS="942" VPOS="2660" WIDTH="53" HEIGHT="30" CONTENT="the" WC="0.97" CC="001" STYLEREFS="TXT_21"/>
							<SP ID="P4_SP00630" HPOS="995" VPOS="2696" WIDTH="12"/>
							<String ID="P4_ST00830" HPOS="1007" VPOS="2658" WIDTH="150" HEIGHT="31" CONTENT="Premises" WC="0.94" CC="11111110" STYLEREFS="TXT_21"/>
						</TextLine>
						<TextLine ID="P4_TL00177" HPOS="744" VPOS="2711" WIDTH="277" HEIGHT="40">
							<String ID="P4_ST00831" HPOS="744" VPOS="2714" WIDTH="62" HEIGHT="30" CONTENT="and" WC="0.97" CC="110" STYLEREFS="TXT_21"/>
							<SP ID="P4_SP00631" HPOS="806" VPOS="2744" WIDTH="15"/>
							<String ID="P4_ST00832" HPOS="821" VPOS="2711" WIDTH="200" HEIGHT="40" CONTENT="guaranteed." WC="0.92" CC="01120102121" STYLEREFS="TXT_21"/>
						</TextLine>
						<TextLine ID="P4_TL00178" HPOS="659" VPOS="2844" WIDTH="452" HEIGHT="44">
							<String ID="P4_ST00833" HPOS="659" VPOS="2848" WIDTH="93" HEIGHT="40" CONTENT='"W.' WC="0.79" CC="313" STYLEREFS="TXT_28"/>
							<SP ID="P4_SP00632" HPOS="752" VPOS="2888" WIDTH="47"/>
							<String ID="P4_ST00834" HPOS="799" VPOS="2844" WIDTH="312" HEIGHT="44" CONTENT="STOCKS," WC="0.75" CC="1103229" STYLEREFS="TXT_28"/>
						</TextLine>
						<TextLine ID="P4_TL00179" HPOS="618" VPOS="2904" WIDTH="538" HEIGHT="36">
							<String ID="P4_ST00835" HPOS="618" VPOS="2905" WIDTH="343" HEIGHT="35" CONTENT="MONUMENTAL" WC="0.88" CC="0051015010" STYLEREFS="TXT_16"/>
							<SP ID="P4_SP00633" HPOS="961" VPOS="2940" WIDTH="22"/>
							<String ID="P4_ST00836" HPOS="983" VPOS="2904" WIDTH="173" HEIGHT="36" CONTENT="MASON," WC="0.92" CC="001014" STYLEREFS="TXT_16"/>
						</TextLine>
						<TextLine ID="P4_TL00180" HPOS="740" VPOS="2957" WIDTH="283" HEIGHT="35">
							<String ID="P4_ST00837" HPOS="740" VPOS="2959" WIDTH="134" HEIGHT="30" CONTENT="Madras" WC="0.93" CC="002111" STYLEREFS="TXT_25"/>
							<SP ID="P4_SP00634" HPOS="874" VPOS="2989" WIDTH="23"/>
							<String ID="P4_ST00838" HPOS="897" VPOS="2957" WIDTH="126" HEIGHT="35" CONTENT="Street," WC="0.76" CC="1183212" STYLEREFS="TXT_25"/>
						</TextLine>
						<TextLine ID="P4_TL00181" HPOS="658" VPOS="3006" WIDTH="456" HEIGHT="37">
							<String ID="P4_ST00839" HPOS="658" VPOS="3006" WIDTH="456" HEIGHT="37" CONTENT="CHRISTCHUHCH." WC="0.96" CC="0011100002011" STYLEREFS="TXT_16"/>
						</TextLine>
						<TextLine ID="P4_TL00182" HPOS="619" VPOS="3102" WIDTH="538" HEIGHT="62">
							<String ID="P4_ST00840" HPOS="619" VPOS="3104" WIDTH="161" HEIGHT="60" CONTENT="WISHES" WC="0.95" CC="101101"/>
							<SP ID="P4_SP00635" HPOS="780" VPOS="3164" WIDTH="17"/>
							<String ID="P4_ST00841" HPOS="797" VPOS="3105" WIDTH="26" HEIGHT="22" CONTENT="to" WC="0.94" CC="10"/>
							<SP ID="P4_SP00636" HPOS="823" VPOS="3164" WIDTH="17"/>
							<String ID="P4_ST00842" HPOS="840" VPOS="3103" WIDTH="89" HEIGHT="23" CONTENT="inform" WC="0.94" CC="111002"/>
							<SP ID="P4_SP00637" HPOS="929" VPOS="3164" WIDTH="11"/>
							<String ID="P4_ST00843" HPOS="940" VPOS="3110" WIDTH="101" HEIGHT="23" CONTENT="persons" WC="0.92" CC="1111111"/>
							<SP ID="P4_SP00638" HPOS="1041" VPOS="3164" WIDTH="19"/>
							<String ID="P4_ST00844" HPOS="1060" VPOS="3102" WIDTH="24" HEIGHT="22" CONTENT="in" WC="0.94" CC="10"/>
							<SP ID="P4_SP00639" HPOS="1084" VPOS="3164" WIDTH="9"/>
							<String ID="P4_ST00845" HPOS="1093" VPOS="3102" WIDTH="64" HEIGHT="22" CONTENT="want" WC="0.87" CC="3111"/>
						</TextLine>
						<TextLine ID="P4_TL00183" HPOS="707" VPOS="3133" WIDTH="450" HEIGHT="29">
							<String ID="P4_ST00846" HPOS="707" VPOS="3137" WIDTH="27" HEIGHT="25" CONTENT="of" WC="0.98" CC="01"/>
							<SP ID="P4_SP00640" HPOS="734" VPOS="3162" WIDTH="14"/>
							<String ID="P4_ST00847" HPOS="748" VPOS="3136" WIDTH="168" HEIGHT="25" CONTENT="Monumental" WC="0.97" CC="0011111010"/>
							<SP ID="P4_SP00641" HPOS="916" VPOS="3162" WIDTH="24"/>
							<String ID="P4_ST00848" HPOS="940" VPOS="3135" WIDTH="76" HEIGHT="24" CONTENT="Work" WC="0.96" CC="1011"/>
							<SP ID="P4_SP00642" HPOS="1016" VPOS="3162" WIDTH="27"/>
							<String ID="P4_ST00849" HPOS="1043" VPOS="3134" WIDTH="55" HEIGHT="23" CONTENT="that" WC="0.89" CC="0311"/>
							<SP ID="P4_SP00643" HPOS="1098" VPOS="3162" WIDTH="28"/>
							<String ID="P4_ST00850" HPOS="1126" VPOS="3133" WIDTH="31" HEIGHT="23" CONTENT="he" WC="0.98" CC="01"/>
						</TextLine>
						<TextLine ID="P4_TL00184" HPOS="615" VPOS="3166" WIDTH="540" HEIGHT="30">
							<String ID="P4_ST00851" HPOS="615" VPOS="3171" WIDTH="96" HEIGHT="25" CONTENT="intends" WC="0.95" CC="1001111"/>
							<SP ID="P4_SP00644" HPOS="711" VPOS="3196" WIDTH="20"/>
							<String ID="P4_ST00852" HPOS="731" VPOS="3173" WIDTH="26" HEIGHT="21" CONTENT="to" WC="1.00" CC="00"/>
							<SP ID="P4_SP00645" HPOS="757" VPOS="3196" WIDTH="23"/>
							<String ID="P4_ST00853" HPOS="780" VPOS="3168" WIDTH="89" HEIGHT="27" CONTENT="SELL" WC="0.95" CC="1101"/>
							<SP ID="P4_SP00646" HPOS="869" VPOS="3196" WIDTH="27"/>
							<String ID="P4_ST00854" HPOS="896" VPOS="3168" WIDTH="63" HEIGHT="25" CONTENT="HIS" WC="0.96" CC="101"/>
							<SP ID="P4_SP00647" HPOS="959" VPOS="3196" WIDTH="35"/>
							<String ID="P4_ST00855" HPOS="994" VPOS="3166" WIDTH="161" HEIGHT="26" CONTENT="PRESENT" WC="0.96" CC="1111110"/>
						</TextLine>
						<TextLine ID="P4_TL00185" HPOS="616" VPOS="3199" WIDTH="539" HEIGHT="32">
							<String ID="P4_ST00856" HPOS="616" VPOS="3203" WIDTH="117" HEIGHT="26" CONTENT="LARGE" WC="0.93" CC="00121"/>
							<SP ID="P4_SP00648" HPOS="733" VPOS="3229" WIDTH="21"/>
							<String ID="P4_ST00857" HPOS="754" VPOS="3201" WIDTH="118" HEIGHT="30" CONTENT="STOCK," WC="0.94" CC="100111"/>
							<SP ID="P4_SP00649" HPOS="872" VPOS="3231" WIDTH="18"/>
							<String ID="P4_ST00858" HPOS="890" VPOS="3201" WIDTH="134" HEIGHT="30" CONTENT="consisting" WC="0.98" CC="0001001011"/>
							<SP ID="P4_SP00650" HPOS="1024" VPOS="3231" WIDTH="17"/>
							<String ID="P4_ST00859" HPOS="1041" VPOS="3200" WIDTH="25" HEIGHT="24" CONTENT="of" WC="0.91" CC="02"/>
							<SP ID="P4_SP00651" HPOS="1066" VPOS="3231" WIDTH="13"/>
							<String ID="P4_ST00860" HPOS="1079" VPOS="3199" WIDTH="76" HEIGHT="25" CONTENT="Gran-" WC="0.93" CC="30101"/>
						</TextLine>
						<TextLine ID="P4_TL00186" HPOS="615" VPOS="3232" WIDTH="542" HEIGHT="34">
							<String ID="P4_ST00861" HPOS="615" VPOS="3238" WIDTH="34" HEIGHT="23" CONTENT="ite" WC="0.95" CC="111"/>
							<SP ID="P4_SP00652" HPOS="649" VPOS="3261" WIDTH="17"/>
							<String ID="P4_ST00862" HPOS="666" VPOS="3236" WIDTH="103" HEIGHT="30" CONTENT="Marble," WC="0.97" CC="0011101"/>
							<String ID="P4_ST00863" HPOS="781" VPOS="3241" WIDTH="5" HEIGHT="5" CONTENT="'" WC="0.89" CC="1"/>
							<SP ID="P4_SP00653" HPOS="786" VPOS="3266" WIDTH="9"/>
							<String ID="P4_ST00864" HPOS="795" VPOS="3234" WIDTH="47" HEIGHT="24" CONTENT="and" WC="0.89" CC="211"/>
							<SP ID="P4_SP00654" HPOS="842" VPOS="3266" WIDTH="26"/>
							<String ID="P4_ST00865" HPOS="868" VPOS="3235" WIDTH="69" HEIGHT="23" CONTENT="other" WC="0.96" CC="00101"/>
							<SP ID="P4_SP00655" HPOS="937" VPOS="3266" WIDTH="27"/>
							<String ID="P4_ST00866" HPOS="964" VPOS="3232" WIDTH="76" HEIGHT="27" CONTENT="Stone" WC="0.99" CC="10000"/>
							<SP ID="P4_SP00656" HPOS="1040" VPOS="3266" WIDTH="28"/>
							<String ID="P4_ST00867" HPOS="1068" VPOS="3232" WIDTH="89" HEIGHT="24" CONTENT="Monu-" WC="0.93" CC="00112"/>
						</TextLine>
						<TextLine ID="P4_TL00187" HPOS="616" VPOS="3264" WIDTH="539" HEIGHT="33">
							<String ID="P4_ST00868" HPOS="616" VPOS="3272" WIDTH="86" HEIGHT="25" CONTENT="ments," WC="0.91" CC="311001"/>
							<SP ID="P4_SP00657" HPOS="702" VPOS="3297" WIDTH="30"/>
							<String ID="P4_ST00869" HPOS="732" VPOS="3271" WIDTH="26" HEIGHT="21" CONTENT="at" WC="0.94" CC="11"/>
							<SP ID="P4_SP00658" HPOS="758" VPOS="3297" WIDTH="29"/>
							<String ID="P4_ST00870" HPOS="787" VPOS="3267" WIDTH="161" HEIGHT="30" CONTENT="considerably" WC="0.97" CC="001101001001"/>
							<SP ID="P4_SP00659" HPOS="948" VPOS="3297" WIDTH="21"/>
							<String ID="P4_ST00871" HPOS="969" VPOS="3264" WIDTH="186" HEIGHT="29" CONTENT="..REDUCED" WC="0.97" CC="011001101"/>
						</TextLine>
						<TextLine ID="P4_TL00188" HPOS="616" VPOS="3297" WIDTH="539" HEIGHT="31">
							<String ID="P4_ST00872" HPOS="616" VPOS="3300" WIDTH="132" HEIGHT="26" CONTENT="PRICES." WC="0.96" CC="1101101"/>
							<SP ID="P4_SP00660" HPOS="748" VPOS="3326" WIDTH="33"/>
							<String ID="P4_ST00873" HPOS="781" VPOS="3300" WIDTH="59" HEIGHT="24" CONTENT="Iron" WC="0.94" CC="1101"/>
							<SP ID="P4_SP00661" HPOS="840" VPOS="3326" WIDTH="17"/>
							<String ID="P4_ST00874" HPOS="857" VPOS="3299" WIDTH="101" HEIGHT="29" CONTENT="Fences," WC="0.96" CC="0011011"/>
							<SP ID="P4_SP00662" HPOS="958" VPOS="3328" WIDTH="20"/>
							<String ID="P4_ST00875" HPOS="978" VPOS="3297" WIDTH="113" HEIGHT="26" CONTENT="Concrete" WC="0.97" CC="00101101"/>
							<SP ID="P4_SP00663" HPOS="1091" VPOS="3328" WIDTH="17"/>
							<String ID="P4_ST00876" HPOS="1108" VPOS="3297" WIDTH="47" HEIGHT="23" CONTENT="and" WC="0.91" CC="121"/>
						</TextLine>
						<TextLine ID="P4_TL00189" HPOS="618" VPOS="3330" WIDTH="536" HEIGHT="33">
							<String ID="P4_ST00877" HPOS="618" VPOS="3335" WIDTH="77" HEIGHT="25" CONTENT='Stone"' WC="0.89" CC="110113"/>
							<SP ID="P4_SP00664" HPOS="695" VPOS="3360" WIDTH="13"/>
							<String ID="P4_ST00878" HPOS="708" VPOS="3333" WIDTH="126" HEIGHT="30" CONTENT="Keroings," WC="0.92" CC="001401101"/>
							<SP ID="P4_SP00665" HPOS="834" VPOS="3363" WIDTH="18"/>
							<String ID="P4_ST00879" HPOS="852" VPOS="3332" WIDTH="102" HEIGHT="24" CONTENT="reduced" WC="0.87" CC="1314111"/>
							<SP ID="P4_SP00666" HPOS="954" VPOS="3363" WIDTH="10"/>
							<String ID="P4_ST00880" HPOS="964" VPOS="3331" WIDTH="26" HEIGHT="24" CONTENT="in" WC="0.96" CC="01"/>
							<SP ID="P4_SP00667" HPOS="990" VPOS="3363" WIDTH="17"/>
							<String ID="P4_ST00881" HPOS="1007" VPOS="3331" WIDTH="72" HEIGHT="31" CONTENT="price." WC="0.98" CC="110010"/>
							<SP ID="P4_SP00668" HPOS="1079" VPOS="3363" WIDTH="35"/>
							<String ID="P4_ST00882" HPOS="1114" VPOS="3330" WIDTH="40" HEIGHT="23" CONTENT="In-" WC="0.95" CC="020"/>
						</TextLine>
						<TextLine ID="P4_TL00190" HPOS="616" VPOS="3363" WIDTH="539" HEIGHT="35">
							<String ID="P4_ST00883" HPOS="616" VPOS="3368" WIDTH="127" HEIGHT="30" CONTENT="scriptions" WC="0.85" CC="1901112101"/>
							<SP ID="P4_SP00669" HPOS="743" VPOS="3398" WIDTH="18"/>
							<String ID="P4_ST00884" HPOS="761" VPOS="3366" WIDTH="54" HEIGHT="24" CONTENT="and-" WC="0.93" CC="1102"/>
							<SP ID="P4_SP00670" HPOS="815" VPOS="3398" WIDTH="12"/>
							<String ID="P4_ST00885" HPOS="827" VPOS="3365" WIDTH="33" HEIGHT="24" CONTENT="all" WC="1.00" CC="000"/>
							<SP ID="P4_SP00671" HPOS="860" VPOS="3398" WIDTH="17"/>
							<String ID="P4_ST00886" HPOS="877" VPOS="3363" WIDTH="66" HEIGHT="25" CONTENT="work" WC="0.94" CC="1010"/>
							<SP ID="P4_SP00672" HPOS="943" VPOS="3398" WIDTH="17"/>
							<String ID="P4_ST00887" HPOS="960" VPOS="3365" WIDTH="26" HEIGHT="22" CONTENT="in" WC="0.94" CC="11"/>
							<SP ID="P4_SP00673" HPOS="986" VPOS="3398" WIDTH="29"/>
							<String ID="P4_ST00888" HPOS="1015" VPOS="3363" WIDTH="140" HEIGHT="24" CONTENT="connection" WC="1.00" CC="0000000000"/>
						</TextLine>
						<TextLine ID="P4_TL00191" HPOS="617" VPOS="3395" WIDTH="537" HEIGHT="32">
							<String ID="P4_ST00889" HPOS="617" VPOS="3400" WIDTH="56" HEIGHT="23" CONTENT="with" WC="0.91" CC="2011"/>
							<SP ID="P4_SP00674" HPOS="673" VPOS="3423" WIDTH="18"/>
							<String ID="P4_ST00890" HPOS="691" VPOS="3399" WIDTH="41" HEIGHT="23" CONTENT="the" WC="0.94" CC="021"/>
							<SP ID="P4_SP00675" HPOS="732" VPOS="3423" WIDTH="16"/>
							<String ID="P4_ST00891" HPOS="748" VPOS="3398" WIDTH="70" HEIGHT="24" CONTENT="trade" WC="0.96" CC="01010"/>
							<SP ID="P4_SP00676" HPOS="818" VPOS="3423" WIDTH="12"/>
							<String ID="P4_ST00892" HPOS="830" VPOS="3398" WIDTH="61" HEIGHT="22" CONTENT="done" WC="0.93" CC="2011"/>
							<SP ID="P4_SP00677" HPOS="891" VPOS="3423" WIDTH="10"/>
							<String ID="P4_ST00893" HPOS="901" VPOS="3396" WIDTH="27" HEIGHT="22" CONTENT="in" WC="0.94" CC="11"/>
							<SP ID="P4_SP00678" HPOS="928" VPOS="3423" WIDTH="10"/>
							<String ID="P4_ST00894" HPOS="938" VPOS="3395" WIDTH="134" HEIGHT="24" CONTENT="first-class" WC="0.92" CC="00151100101"/>
							<SP ID="P4_SP00679" HPOS="1072" VPOS="3423" WIDTH="13"/>
							<String ID="P4_ST00895" HPOS="1085" VPOS="3395" WIDTH="69" HEIGHT="32" CONTENT="style." WC="0.96" CC="101001"/>
						</TextLine>
						<TextLine ID="P4_TL00192" HPOS="615" VPOS="3427" WIDTH="540" HEIGHT="34">
							<String ID="P4_ST00896" HPOS="615" VPOS="3431" WIDTH="77" HEIGHT="30" CONTENT="Early" WC="0.94" CC="11101"/>
							<SP ID="P4_SP00680" HPOS="692" VPOS="3461" WIDTH="16"/>
							<String ID="P4_ST00897" HPOS="708" VPOS="3429" WIDTH="135" HEIGHT="31" CONTENT="inspection" WC="0.95" CC="1011121000"/>
							<SP ID="P4_SP00681" HPOS="843" VPOS="3461" WIDTH="17"/>
							<String ID="P4_ST00898" HPOS="860" VPOS="3428" WIDTH="101" HEIGHT="23" CONTENT="invited." WC="0.95" CC="12011010"/>
							<SP ID="P4_SP00682" HPOS="961" VPOS="3461" WIDTH="37"/>
							<String ID="P4_ST00899" HPOS="998" VPOS="3427" WIDTH="97" HEIGHT="25" CONTENT="Several" WC="0.97" CC="0110000"/>
							<SP ID="P4_SP00683" HPOS="1095" VPOS="3461" WIDTH="8"/>
							<String ID="P4_ST00900" HPOS="1103" VPOS="3434" WIDTH="52" HEIGHT="16" CONTENT="new" WC="0.94" CC="101"/>
						</TextLine>
						<TextLine ID="P4_TL00193" HPOS="616" VPOS="3458" WIDTH="538" HEIGHT="34">
							<String ID="P4_ST00901" HPOS="616" VPOS="3463" WIDTH="60" HEIGHT="23" CONTENT="linos" WC="0.94" CC="01021"/>
							<SP ID="P4_SP00684" HPOS="676" VPOS="3486" WIDTH="17"/>
							<String ID="P4_ST00902" HPOS="693" VPOS="3463" WIDTH="75" HEIGHT="29" CONTENT="lately" WC="0.97" CC="010101"/>
							<SP ID="P4_SP00685" HPOS="768" VPOS="3492" WIDTH="29"/>
							<String ID="P4_ST00903" HPOS="797" VPOS="3460" WIDTH="101" HEIGHT="25" CONTENT="arrived." WC="0.94" CC="11110101"/>
							<SP ID="P4_SP00686" HPOS="898" VPOS="3492" WIDTH="36"/>
							<String ID="P4_ST00904" HPOS="934" VPOS="3459" WIDTH="54" HEIGHT="31" CONTENT="Any" WC="0.96" CC="011"/>
							<SP ID="P4_SP00687" HPOS="988" VPOS="3492" WIDTH="28"/>
							<String ID="P4_ST00905" HPOS="1016" VPOS="3458" WIDTH="138" HEIGHT="25" CONTENT="reasonable" WC="0.93" CC="0101101500"/>
						</TextLine>
						<TextLine ID="P4_TL00194" HPOS="616" VPOS="3490" WIDTH="539" HEIGHT="34">
							<String ID="P4_ST00906" HPOS="616" VPOS="3496" WIDTH="59" HEIGHT="23" CONTENT="offer" WC="0.95" CC="00111"/>
							<SP ID="P4_SP00688" HPOS="675" VPOS="3519" WIDTH="16"/>
							<String ID="P4_ST00907" HPOS="691" VPOS="3495" WIDTH="38" HEIGHT="24" CONTENT="for" WC="0.97" CC="101"/>
							<SP ID="P4_SP00689" HPOS="729" VPOS="3519" WIDTH="16"/>
							<String ID="P4_ST00908" HPOS="745" VPOS="3495" WIDTH="42" HEIGHT="23" CONTENT="the" WC="0.95" CC="011"/>
							<SP ID="P4_SP00690" HPOS="787" VPOS="3519" WIDTH="17"/>
							<String ID="P4_ST00909" HPOS="804" VPOS="3497" WIDTH="94" HEIGHT="27" CONTENT="present" WC="0.97" CC="1011001"/>
							<SP ID="P4_SP00691" HPOS="898" VPOS="3524" WIDTH="17"/>
							<String ID="P4_ST00910" HPOS="915" VPOS="3492" WIDTH="70" HEIGHT="25" CONTENT="stock" WC="0.97" CC="01001"/>
							<SP ID="P4_SP00692" HPOS="985" VPOS="3524" WIDTH="16"/>
							<String ID="P4_ST00911" HPOS="1001" VPOS="3491" WIDTH="51" HEIGHT="25" CONTENT="will" WC="0.95" CC="1101"/>
							<SP ID="P4_SP00693" HPOS="1052" VPOS="3524" WIDTH="25"/>
							<String ID="P4_ST00912" HPOS="1077" VPOS="3490" WIDTH="78" HEIGHT="26" CONTENT="result" WC="0.96" CC="001101"/>
						</TextLine>
						<TextLine ID="P4_TL00195" HPOS="616" VPOS="3525" WIDTH="404" HEIGHT="31">
							<String ID="P4_ST00913" HPOS="616" VPOS="3528" WIDTH="25" HEIGHT="24" CONTENT="iu" WC="0.93" CC="11"/>
							<SP ID="P4_SP00694" HPOS="641" VPOS="3552" WIDTH="17"/>
							<String ID="P4_ST00914" HPOS="658" VPOS="3537" WIDTH="13" HEIGHT="14" CONTENT="a" WC="0.85" CC="2"/>
							<SP ID="P4_SP00695" HPOS="671" VPOS="3552" WIDTH="18"/>
							<String ID="P4_ST00915" HPOS="689" VPOS="3528" WIDTH="59" HEIGHT="28" CONTENT="sale." WC="0.96" CC="10111"/>
							<SP ID="P4_SP00696" HPOS="748" VPOS="3556" WIDTH="36"/>
							<String ID="P4_ST00916" HPOS="784" VPOS="3526" WIDTH="77" HEIGHT="24" CONTENT="Want" WC="0.95" CC="1001"/>
							<SP ID="P4_SP00697" HPOS="861" VPOS="3556" WIDTH="23"/>
							<String ID="P4_ST00917" HPOS="884" VPOS="3526" WIDTH="26" HEIGHT="23" CONTENT="to" WC="0.98" CC="10"/>
							<SP ID="P4_SP00698" HPOS="910" VPOS="3556" WIDTH="17"/>
							<String ID="P4_ST00918" HPOS="927" VPOS="3525" WIDTH="93" HEIGHT="24" CONTENT="realise." WC="0.97" CC="01101011"/>
						</TextLine>
						<TextLine ID="P4_TL00196" HPOS="620" VPOS="3632" WIDTH="534" HEIGHT="44">
							<String ID="P4_ST00919" HPOS="620" VPOS="3636" WIDTH="90" HEIGHT="37" CONTENT="MR" WC="0.94" CC="11" STYLEREFS="TXT_12"/>
							<SP ID="P4_SP00699" HPOS="710" VPOS="3673" WIDTH="21"/>
							<String ID="P4_ST00920" HPOS="731" VPOS="3635" WIDTH="64" HEIGHT="40" CONTENT="W." WC="0.91" CC="12" STYLEREFS="TXT_28"/>
							<SP ID="P4_SP00700" HPOS="795" VPOS="3675" WIDTH="26"/>
							<String ID="P4_ST00921" HPOS="821" VPOS="3635" WIDTH="51" HEIGHT="39" CONTENT="N." WC="0.83" CC="13" STYLEREFS="TXT_28"/>
							<SP ID="P4_SP00701" HPOS="872" VPOS="3675" WIDTH="24"/>
							<String ID="P4_ST00922" HPOS="896" VPOS="3632" WIDTH="258" HEIGHT="44" CONTENT="CATHRO," WC="0.90" CC="1000005" STYLEREFS="TXT_28"/>
						</TextLine>
						<TextLine ID="P4_TL00197" HPOS="659" VPOS="3703" WIDTH="455" HEIGHT="24">
							<String ID="P4_ST00923" HPOS="659" VPOS="3705" WIDTH="182" HEIGHT="22" CONTENT="BABEISTER" WC="0.83" CC="303201114" STYLEREFS="TXT_17"/>
							<SP ID="P4_SP00702" HPOS="841" VPOS="3727" WIDTH="14"/>
							<String ID="P4_ST00924" HPOS="855" VPOS="3704" WIDTH="69" HEIGHT="22" CONTENT="AND" WC="0.90" CC="112" STYLEREFS="TXT_17"/>
							<SP ID="P4_SP00703" HPOS="924" VPOS="3727" WIDTH="15"/>
							<String ID="P4_ST00925" HPOS="939" VPOS="3703" WIDTH="175" HEIGHT="23" CONTENT="SOLICITOR." WC="0.97" CC="1000100011" STYLEREFS="TXT_17"/>
						</TextLine>
						<TextLine ID="P4_TL00198" HPOS="768" VPOS="3746" WIDTH="233" HEIGHT="31">
							<String ID="P4_ST00926" HPOS="768" VPOS="3746" WIDTH="233" HEIGHT="31" CONTENT="BANGIORA." WC="0.92" CC="201400100" STYLEREFS="TXT_21"/>
						</TextLine>
						<TextLine ID="P4_TL00199" HPOS="614" VPOS="3795" WIDTH="538" HEIGHT="40">
							<String ID="P4_ST00927" HPOS="614" VPOS="3796" WIDTH="133" HEIGHT="32" CONTENT="Attends" WC="0.97" CC="0110101" STYLEREFS="TXT_21"/>
							<SP ID="P4_SP00704" HPOS="747" VPOS="3828" WIDTH="15"/>
							<String ID="P4_ST00928" HPOS="762" VPOS="3797" WIDTH="124" HEIGHT="31" CONTENT="Oxford" WC="0.96" CC="021001" STYLEREFS="TXT_21"/>
							<SP ID="P4_SP00705" HPOS="886" VPOS="3828" WIDTH="14"/>
							<String ID="P4_ST00929" HPOS="900" VPOS="3807" WIDTH="40" HEIGHT="19" CONTENT="on" WC="1.00" CC="00" STYLEREFS="TXT_21"/>
							<SP ID="P4_SP00706" HPOS="940" VPOS="3828" WIDTH="11"/>
							<String ID="P4_ST00930" HPOS="951" VPOS="3797" WIDTH="97" HEIGHT="30" CONTENT="Court" WC="0.95" CC="20010" STYLEREFS="TXT_21"/>
							<SP ID="P4_SP00707" HPOS="1048" VPOS="3828" WIDTH="8"/>
							<String ID="P4_ST00931" HPOS="1056" VPOS="3795" WIDTH="96" HEIGHT="40" CONTENT="Days." WC="0.87" CC="31300" STYLEREFS="TXT_21"/>
						</TextLine>
						<TextLine ID="P4_TL00200" HPOS="614" VPOS="3867" WIDTH="539" HEIGHT="34">
							<String ID="P4_ST00932" HPOS="614" VPOS="3869" WIDTH="167" HEIGHT="26" CONTENT="Instructions" WC="0.96" CC="011121010001"/>
							<SP ID="P4_SP00708" HPOS="781" VPOS="3895" WIDTH="9"/>
							<String ID="P4_ST00933" HPOS="790" VPOS="3869" WIDTH="34" HEIGHT="32" CONTENT="by" WC="0.98" CC="01"/>
							<SP ID="P4_SP00709" HPOS="824" VPOS="3901" WIDTH="10"/>
							<String ID="P4_ST00934" HPOS="834" VPOS="3871" WIDTH="57" HEIGHT="29" CONTENT="post" WC="0.94" CC="1011"/>
							<SP ID="P4_SP00710" HPOS="891" VPOS="3901" WIDTH="9"/>
							<String ID="P4_ST00935" HPOS="900" VPOS="3868" WIDTH="55" HEIGHT="25" CONTENT="-will" WC="0.74" CC="91020"/>
							<SP ID="P4_SP00711" HPOS="955" VPOS="3901" WIDTH="10"/>
							<String ID="P4_ST00936" HPOS="965" VPOS="3867" WIDTH="188" HEIGHT="32" CONTENT="receive'prom-" WC="0.96" CC="1000010211011"/>
						</TextLine>
						<TextLine ID="P4_TL00201" HPOS="779" VPOS="3906" WIDTH="190" HEIGHT="33">
							<String ID="P4_ST00937" HPOS="779" VPOS="3909" WIDTH="29" HEIGHT="30" CONTENT="pt" WC="0.93" CC="11"/>
							<SP ID="P4_SP00712" HPOS="808" VPOS="3939" WIDTH="28"/>
							<String ID="P4_ST00938" HPOS="836" VPOS="3906" WIDTH="133" HEIGHT="25" CONTENT="attention." WC="0.97" CC="1000100011"/>
						</TextLine>
						<TextLine ID="P4_TL00202" HPOS="735" VPOS="3953" WIDTH="293" HEIGHT="22">
							<String ID="P4_ST00939" HPOS="735" VPOS="3954" WIDTH="109" HEIGHT="21" CONTENT="MONEY" WC="0.80" CC="40501" STYLEREFS="TXT_17"/>
							<SP ID="P4_SP00713" HPOS="844" VPOS="3975" WIDTH="28"/>
							<String ID="P4_ST00940" HPOS="872" VPOS="3953" WIDTH="38" HEIGHT="20" CONTENT="TO" WC="1.00" CC="00" STYLEREFS="TXT_17"/>
							<SP ID="P4_SP00714" HPOS="910" VPOS="3975" WIDTH="28"/>
							<String ID="P4_ST00941" HPOS="938" VPOS="3953" WIDTH="90" HEIGHT="20" CONTENT="LEND." WC="0.81" CC="21321" STYLEREFS="TXT_17"/>
						</TextLine>
						<TextLine ID="P4_TL00203" HPOS="661" VPOS="4061" WIDTH="460" HEIGHT="57">
							<String ID="P4_ST00942" HPOS="661" VPOS="4064" WIDTH="45" HEIGHT="54" CONTENT="S." WC="0.83" CC="22" STYLEREFS="TXT_27"/>
							<SP ID="P4_SP00715" HPOS="706" VPOS="4118" WIDTH="34"/>
							<String ID="P4_ST00943" HPOS="740" VPOS="4065" WIDTH="50" HEIGHT="43" CONTENT="B." WC="0.94" CC="10" STYLEREFS="TXT_27"/>
							<SP ID="P4_SP00716" HPOS="790" VPOS="4118" WIDTH="24"/>
							<String ID="P4_ST00944" HPOS="814" VPOS="4061" WIDTH="307" HEIGHT="53" CONTENT="SEYMOUR," WC="0.90" CC="21100122" STYLEREFS="TXT_27"/>
						</TextLine>
						<TextLine ID="P4_TL00204" HPOS="687" VPOS="4129" WIDTH="263" HEIGHT="27">
							<String ID="P4_ST00945" HPOS="687" VPOS="4149" WIDTH="6" HEIGHT="4" CONTENT="." WC="0.89" CC="1" STYLEREFS="TXT_17"/>
							<SP ID="P4_SP00717" HPOS="693" VPOS="4153" WIDTH="12"/>
							<String ID="P4_ST00946" HPOS="705" VPOS="4149" WIDTH="3" HEIGHT="3" CONTENT="." WC="1.00" CC="0" STYLEREFS="TXT_17"/>
							<SP ID="P4_SP00718" HPOS="708" VPOS="4153" WIDTH="103"/>
							<String ID="P4_ST00947" HPOS="811" VPOS="4129" WIDTH="139" HEIGHT="27" CONTENT="DENTIST," WC="0.98" CC="00000102" STYLEREFS="TXT_17"/>
						</TextLine>
						<TextLine ID="P4_TL00205" HPOS="651" VPOS="4169" WIDTH="453" HEIGHT="25">
							<String ID="P4_ST00948" HPOS="651" VPOS="4172" WIDTH="42" HEIGHT="21" CONTENT="215" WC="0.96" CC="101" STYLEREFS="TXT_17"/>
							<SP ID="P4_SP00719" HPOS="693" VPOS="4193" WIDTH="14"/>
							<String ID="P4_ST00949" HPOS="707" VPOS="4171" WIDTH="106" HEIGHT="23" CONTENT="Colombo" WC="0.93" CC="0003120" STYLEREFS="TXT_17"/>
							<SP ID="P4_SP00720" HPOS="813" VPOS="4194" WIDTH="15"/>
							<String ID="P4_ST00950" HPOS="828" VPOS="4171" WIDTH="83" HEIGHT="23" CONTENT="Street," WC="0.96" CC="0110001" STYLEREFS="TXT_17"/>
							<SP ID="P4_SP00721" HPOS="911" VPOS="4194" WIDTH="23"/>
							<String ID="P4_ST00951" HPOS="934" VPOS="4169" WIDTH="170" HEIGHT="22" CONTENT="Christclrarch." WC="0.88" CC="01221111331121" STYLEREFS="TXT_17"/>
						</TextLine>
						<TextLine ID="P4_TL00206" HPOS="780" VPOS="4241" WIDTH="195" HEIGHT="23">
							<String ID="P4_ST00952" HPOS="780" VPOS="4243" WIDTH="179" HEIGHT="21" CONTENT="CHARGES:—" WC="0.90" CC="120141110" STYLEREFS="TXT_17"/>
							<SP ID="P4_SP00722" HPOS="959" VPOS="4264" WIDTH="12"/>
							<String ID="P4_ST00953" HPOS="971" VPOS="4241" WIDTH="4" HEIGHT="4" CONTENT='"' WC="0.78" CC="2" STYLEREFS="TXT_17"/>
						</TextLine>
						<TextLine ID="P4_TL00207" HPOS="677" VPOS="4281" WIDTH="403" HEIGHT="30">
							<String ID="P4_ST00954" HPOS="677" VPOS="4285" WIDTH="94" HEIGHT="26" CONTENT="Filling," WC="0.91" CC="31001121" STYLEREFS="TXT_17"/>
							<SP ID="P4_SP00723" HPOS="771" VPOS="4311" WIDTH="14"/>
							<String ID="P4_ST00955" HPOS="785" VPOS="4283" WIDTH="40" HEIGHT="26" CONTENT="se;" WC="0.75" CC="251" STYLEREFS="TXT_17"/>
							<SP ID="P4_SP00724" HPOS="825" VPOS="4311" WIDTH="35"/>
							<String ID="P4_ST00956" HPOS="860" VPOS="4283" WIDTH="134" HEIGHT="21" CONTENT="Extraction" WC="0.95" CC="1210110001" STYLEREFS="TXT_17"/>
							<SP ID="P4_SP00725" HPOS="994" VPOS="4311" WIDTH="9"/>
							<String ID="P4_ST00957" HPOS="1003" VPOS="4283" WIDTH="27" HEIGHT="20" CONTENT="2s" WC="0.91" CC="11" STYLEREFS="TXT_17"/>
							<SP ID="P4_SP00726" HPOS="1030" VPOS="4311" WIDTH="12"/>
							<String ID="P4_ST00958" HPOS="1042" VPOS="4281" WIDTH="38" HEIGHT="22" CONTENT="6d." WC="0.96" CC="010" STYLEREFS="TXT_17"/>
						</TextLine>
						<TextLine ID="P4_TL00208" HPOS="634" VPOS="4345" WIDTH="515" HEIGHT="25">
							<String ID="P4_ST00959" HPOS="634" VPOS="4349" WIDTH="94" HEIGHT="21" CONTENT="Nitrous" WC="0.88" CC="3001041" STYLEREFS="TXT_17"/>
							<SP ID="P4_SP00727" HPOS="728" VPOS="4370" WIDTH="10"/>
							<String ID="P4_ST00960" HPOS="738" VPOS="4347" WIDTH="61" HEIGHT="22" CONTENT="Oxid" WC="0.93" CC="0211" STYLEREFS="TXT_17"/>
							<SP ID="P4_SP00728" HPOS="799" VPOS="4370" WIDTH="9"/>
							<String ID="P4_ST00961" HPOS="808" VPOS="4347" WIDTH="46" HEIGHT="21" CONTENT="Gas" WC="0.86" CC="401" STYLEREFS="TXT_17"/>
							<SP ID="P4_SP00729" HPOS="854" VPOS="4370" WIDTH="9"/>
							<String ID="P4_ST00962" HPOS="863" VPOS="4346" WIDTH="170" HEIGHT="22" CONTENT="Administered" WC="0.92" CC="112111101012" STYLEREFS="TXT_17"/>
							<SP ID="P4_SP00730" HPOS="1033" VPOS="4370" WIDTH="4"/>
							<String ID="P4_ST00963" HPOS="1037" VPOS="4345" WIDTH="38" HEIGHT="22" CONTENT="for" WC="0.97" CC="001" STYLEREFS="TXT_17"/>
							<SP ID="P4_SP00731" HPOS="1075" VPOS="4370" WIDTH="6"/>
							<String ID="P4_ST00964" HPOS="1081" VPOS="4345" WIDTH="68" HEIGHT="22" CONTENT="Pain-" WC="0.95" CC="10111" STYLEREFS="TXT_17"/>
						</TextLine>
						<TextLine ID="P4_TL00209" HPOS="604" VPOS="4386" WIDTH="544" HEIGHT="26">
							<String ID="P4_ST00965" HPOS="604" VPOS="4391" WIDTH="47" HEIGHT="21" CONTENT="less" WC="0.94" CC="1111" STYLEREFS="TXT_17"/>
							<SP ID="P4_SP00732" HPOS="651" VPOS="4412" WIDTH="9"/>
							<String ID="P4_ST00966" HPOS="660" VPOS="4389" WIDTH="135" HEIGHT="21" CONTENT="Extraction" WC="0.89" CC="1430100103" STYLEREFS="TXT_17"/>
							<SP ID="P4_SP00733" HPOS="795" VPOS="4412" WIDTH="10"/>
							<String ID="P4_ST00967" HPOS="805" VPOS="4387" WIDTH="24" HEIGHT="22" CONTENT="of" WC="0.93" CC="11" STYLEREFS="TXT_17"/>
							<SP ID="P4_SP00734" HPOS="829" VPOS="4412" WIDTH="8"/>
							<String ID="P4_ST00968" HPOS="837" VPOS="4387" WIDTH="82" HEIGHT="22" CONTENT="Teeth." WC="0.96" CC="011111" STYLEREFS="TXT_17"/>
							<SP ID="P4_SP00735" HPOS="919" VPOS="4412" WIDTH="33"/>
							<String ID="P4_ST00969" HPOS="952" VPOS="4387" WIDTH="48" HEIGHT="22" CONTENT="Fee" WC="0.86" CC="400" STYLEREFS="TXT_29"/>
							<SP ID="P4_SP00736" HPOS="1000" VPOS="4412" WIDTH="8"/>
							<String ID="P4_ST00970" HPOS="1008" VPOS="4387" WIDTH="38" HEIGHT="21" CONTENT="for" WC="0.96" CC="100" STYLEREFS="TXT_30"/>
							<SP ID="P4_SP00737" HPOS="1046" VPOS="4412" WIDTH="8"/>
							<String ID="P4_ST00971" HPOS="1054" VPOS="4386" WIDTH="94" HEIGHT="21" CONTENT="Admin-" WC="0.91" CC="122010" STYLEREFS="TXT_17"/>
						</TextLine>
						<TextLine ID="P4_TL00210" HPOS="603" VPOS="4425" WIDTH="393" HEIGHT="25">
							<String ID="P4_ST00972" HPOS="603" VPOS="4425" WIDTH="111" HEIGHT="25" CONTENT="istration" WC="0.88" CC="110106021" STYLEREFS="TXT_17"/>
							<SP ID="P4_SP00738" HPOS="714" VPOS="4450" WIDTH="10"/>
							<String ID="P4_ST00973" HPOS="724" VPOS="4427" WIDTH="32" HEIGHT="21" CONTENT="ss." WC="0.91" CC="121" STYLEREFS="TXT_17"/>
							<SP ID="P4_SP00739" HPOS="756" VPOS="4450" WIDTH="206"/>
							<String ID="P4_ST00974" HPOS="962" VPOS="4432" WIDTH="4" HEIGHT="3" CONTENT="." WC="0.89" CC="1" STYLEREFS="TXT_17"/>
							<SP ID="P4_SP00740" HPOS="966" VPOS="4450" WIDTH="28"/>
							<String ID="P4_ST00975" HPOS="994" VPOS="4432" WIDTH="2" HEIGHT="3" CONTENT="." WC="1.00" CC="0" STYLEREFS="TXT_17"/>
						</TextLine>
					</TextBlock>
				</ComposedBlock>
				<ComposedBlock ID="P4_CB00004" HPOS="1174" VPOS="175" WIDTH="1167" HEIGHT="4296" TYPE="Advertisement">
					<TextBlock ID="P4_TB00006" HPOS="1174" VPOS="175" WIDTH="1167" HEIGHT="4296" STYLEREFS="TXT_25 PAR_LEFT">
						<TextLine ID="P4_TL00211" HPOS="1299" VPOS="175" WIDTH="914" HEIGHT="74">
							<String ID="P4_ST00976" HPOS="1299" VPOS="193" WIDTH="74" HEIGHT="56" CONTENT="H." WC="0.98" CC="01" STYLEREFS="TXT_31"/>
							<SP ID="P4_SP00741" HPOS="1373" VPOS="249" WIDTH="30"/>
							<String ID="P4_ST00977" HPOS="1403" VPOS="191" WIDTH="64" HEIGHT="55" CONTENT="E." WC="0.98" CC="01" STYLEREFS="TXT_31"/>
							<SP ID="P4_SP00742" HPOS="1467" VPOS="249" WIDTH="29"/>
							<String ID="P4_ST00978" HPOS="1496" VPOS="185" WIDTH="446" HEIGHT="62" CONTENT="BOARDMAN" WC="0.98" CC="00010011" STYLEREFS="TXT_31"/>
							<SP ID="P4_SP00743" HPOS="1942" VPOS="249" WIDTH="39"/>
							<String ID="P4_ST00979" HPOS="1981" VPOS="183" WIDTH="53" HEIGHT="58" CONTENT="&amp;" WC="0.59" CC="4" STYLEREFS="TXT_31"/>
							<SP ID="P4_SP00744" HPOS="2034" VPOS="249" WIDTH="30"/>
							<String ID="P4_ST00980" HPOS="2064" VPOS="175" WIDTH="149" HEIGHT="62" CONTENT="CO," WC="0.99" CC="001" STYLEREFS="TXT_31"/>
						</TextLine>
						<TextLine ID="P4_TL00212" HPOS="1206" VPOS="246" WIDTH="1101" HEIGHT="44">
							<String ID="P4_ST00981" HPOS="1206" VPOS="269" WIDTH="140" HEIGHT="21" CONTENT="BAILIFFS" WC="0.91" CC="21010221" STYLEREFS="TXT_17"/>
							<SP ID="P4_SP00745" HPOS="1346" VPOS="290" WIDTH="14"/>
							<String ID="P4_ST00982" HPOS="1360" VPOS="269" WIDTH="65" HEIGHT="20" CONTENT="AND" WC="0.81" CC="132" STYLEREFS="TXT_17"/>
							<SP ID="P4_SP00746" HPOS="1425" VPOS="290" WIDTH="15"/>
							<String ID="P4_ST00983" HPOS="1440" VPOS="264" WIDTH="184" HEIGHT="24" CONTENT="COMMISSION" WC="0.93" CC="1010011005" STYLEREFS="TXT_17"/>
							<SP ID="P4_SP00747" HPOS="1624" VPOS="290" WIDTH="17"/>
							<String ID="P4_ST00984" HPOS="1641" VPOS="263" WIDTH="129" HEIGHT="22" CONTENT="AGENTS." WC="0.88" CC="1201132" STYLEREFS="TXT_17"/>
							<SP ID="P4_SP00748" HPOS="1770" VPOS="290" WIDTH="45"/>
							<String ID="P4_ST00985" HPOS="1815" VPOS="260" WIDTH="101" HEIGHT="23" CONTENT="HOTEL" WC="0.95" CC="20001" STYLEREFS="TXT_17"/>
							<SP ID="P4_SP00749" HPOS="1916" VPOS="290" WIDTH="14"/>
							<String ID="P4_ST00986" HPOS="1930" VPOS="254" WIDTH="137" HEIGHT="25" CONTENT="HROKEBS" WC="0.89" CC="1102131" STYLEREFS="TXT_17"/>
							<SP ID="P4_SP00750" HPOS="2067" VPOS="290" WIDTH="14"/>
							<String ID="P4_ST00987" HPOS="2081" VPOS="250" WIDTH="64" HEIGHT="23" CONTENT="AND" WC="0.88" CC="122" STYLEREFS="TXT_17"/>
							<SP ID="P4_SP00751" HPOS="2145" VPOS="290" WIDTH="13"/>
							<String ID="P4_ST00988" HPOS="2158" VPOS="246" WIDTH="149" HEIGHT="22" CONTENT="VALUERS." WC="0.76" CC="20172421" STYLEREFS="TXT_17"/>
						</TextLine>
						<TextLine ID="P4_TL00213" HPOS="1305" VPOS="294" WIDTH="896" HEIGHT="52">
							<String ID="P4_ST00989" HPOS="1305" VPOS="317" WIDTH="59" HEIGHT="29" CONTENT="222" WC="0.96" CC="111" STYLEREFS="TXT_16"/>
							<SP ID="P4_SP00752" HPOS="1364" VPOS="346" WIDTH="23"/>
							<String ID="P4_ST00990" HPOS="1387" VPOS="311" WIDTH="233" HEIGHT="33" CONTENT="HEREFORD" WC="1.00" CC="00000010" STYLEREFS="TXT_16"/>
							<SP ID="P4_SP00753" HPOS="1620" VPOS="346" WIDTH="24"/>
							<String ID="P4_ST00991" HPOS="1644" VPOS="308" WIDTH="172" HEIGHT="36" CONTENT="STBEET," WC="0.92" CC="2111002" STYLEREFS="TXT_16"/>
							<SP ID="P4_SP00754" HPOS="1816" VPOS="346" WIDTH="44"/>
							<String ID="P4_ST00992" HPOS="1860" VPOS="302" WIDTH="152" HEIGHT="34" CONTENT="CHBIST" WC="0.93" CC="111021" STYLEREFS="TXT_16"/>
							<String ID="P4_ST00993" HPOS="2016" VPOS="294" WIDTH="185" HEIGHT="37" CONTENT="CHURCH." WC="0.89" CC="1113101" STYLEREFS="TXT_16"/>
						</TextLine>
						<TextLine ID="P4_TL00214" HPOS="1494" VPOS="372" WIDTH="579" HEIGHT="25">
							<String ID="P4_ST00994" HPOS="1494" VPOS="375" WIDTH="390" HEIGHT="22" CONTENT="»♦♦♦♦♦♦♦♦♦♦♦♦♦♦♦♦♦♦♦♦♦♦♦♦♦♦♦" WC="0.82" CC="1321432121322312132123131114" STYLEREFS="TXT_32"/>
							<SP ID="P4_SP00755" HPOS="1884" VPOS="397" WIDTH="5"/>
							<String ID="P4_ST00995" HPOS="1889" VPOS="375" WIDTH="9" HEIGHT="15" CONTENT="*" WC="0.89" CC="1" STYLEREFS="TXT_32"/>
							<SP ID="P4_SP00756" HPOS="1898" VPOS="397" WIDTH="6"/>
							<String ID="P4_ST00996" HPOS="1904" VPOS="375" WIDTH="9" HEIGHT="15" CONTENT="♦" WC="0.78" CC="2" STYLEREFS="TXT_32"/>
							<SP ID="P4_SP00757" HPOS="1913" VPOS="397" WIDTH="117"/>
							<String ID="P4_ST00997" HPOS="2030" VPOS="372" WIDTH="43" HEIGHT="14" CONTENT="—*" WC="0.06" CC="89" STYLEREFS="TXT_32"/>
						</TextLine>
						<TextLine ID="P4_TL00215" HPOS="1251" VPOS="395" WIDTH="1088" HEIGHT="55">
							<String ID="P4_ST00998" HPOS="1251" VPOS="418" WIDTH="44" HEIGHT="24" CONTENT="We" WC="0.98" CC="01" STYLEREFS="TXT_29"/>
							<SP ID="P4_SP00758" HPOS="1295" VPOS="442" WIDTH="17"/>
							<String ID="P4_ST00999" HPOS="1312" VPOS="417" WIDTH="150" HEIGHT="33" CONTENT="respectfully" WC="0.87" CC="001001126106" STYLEREFS="TXT_29"/>
							<SP ID="P4_SP00759" HPOS="1462" VPOS="450" WIDTH="12"/>
							<String ID="P4_ST01000" HPOS="1474" VPOS="416" WIDTH="40" HEIGHT="31" CONTENT="beg" WC="1.00" CC="000" STYLEREFS="TXT_29"/>
							<SP ID="P4_SP00760" HPOS="1514" VPOS="450" WIDTH="18"/>
							<String ID="P4_ST01001" HPOS="1532" VPOS="419" WIDTH="22" HEIGHT="19" CONTENT="to" WC="1.00" CC="00" STYLEREFS="TXT_29"/>
							<SP ID="P4_SP00761" HPOS="1554" VPOS="450" WIDTH="12"/>
							<String ID="P4_ST01002" HPOS="1566" VPOS="414" WIDTH="73" HEIGHT="24" CONTENT="thank" WC="0.97" CC="00002" STYLEREFS="TXT_29"/>
							<SP ID="P4_SP00762" HPOS="1639" VPOS="450" WIDTH="9"/>
							<String ID="P4_ST01003" HPOS="1648" VPOS="423" WIDTH="44" HEIGHT="15" CONTENT="our" WC="0.94" CC="021" STYLEREFS="TXT_29"/>
							<SP ID="P4_SP00763" HPOS="1692" VPOS="450" WIDTH="11"/>
							<String ID="P4_ST01004" HPOS="1703" VPOS="414" WIDTH="90" HEIGHT="23" CONTENT="Clients" WC="0.94" CC="1001003" STYLEREFS="TXT_29"/>
							<SP ID="P4_SP00764" HPOS="1793" VPOS="450" WIDTH="7"/>
							<String ID="P4_ST01005" HPOS="1800" VPOS="410" WIDTH="49" HEIGHT="24" CONTENT="and" WC="0.96" CC="011" STYLEREFS="TXT_29"/>
							<SP ID="P4_SP00765" HPOS="1849" VPOS="450" WIDTH="9"/>
							<String ID="P4_ST01006" HPOS="1858" VPOS="409" WIDTH="37" HEIGHT="23" CONTENT="the" WC="0.99" CC="001" STYLEREFS="TXT_29"/>
							<SP ID="P4_SP00766" HPOS="1895" VPOS="450" WIDTH="11"/>
							<String ID="P4_ST01007" HPOS="1906" VPOS="407" WIDTH="89" HEIGHT="24" CONTENT="Public" WC="0.91" CC="501100" STYLEREFS="TXT_29"/>
							<SP ID="P4_SP00767" HPOS="1995" VPOS="450" WIDTH="9"/>
							<String ID="P4_ST01008" HPOS="2004" VPOS="402" WIDTH="124" HEIGHT="35" CONTENT="generally" WC="0.92" CC="402111000" STYLEREFS="TXT_29"/>
							<SP ID="P4_SP00768" HPOS="2128" VPOS="450" WIDTH="3"/>
							<String ID="P4_ST01009" HPOS="2131" VPOS="401" WIDTH="46" HEIGHT="30" CONTENT="for" WC="1.00" CC="000" STYLEREFS="TXT_29"/>
							<SP ID="P4_SP00769" HPOS="2177" VPOS="450" WIDTH="9"/>
							<String ID="P4_ST01010" HPOS="2186" VPOS="397" WIDTH="39" HEIGHT="26" CONTENT="the" WC="0.95" CC="111" STYLEREFS="TXT_29"/>
							<SP ID="P4_SP00770" HPOS="2225" VPOS="450" WIDTH="15"/>
							<String ID="P4_ST01011" HPOS="2240" VPOS="395" WIDTH="99" HEIGHT="31" CONTENT="support" WC="0.99" CC="1000100" STYLEREFS="TXT_29"/>
						</TextLine>
						<TextLine ID="P4_TL00216" HPOS="1182" VPOS="438" WIDTH="1158" HEIGHT="52">
							<String ID="P4_ST01012" HPOS="1182" VPOS="462" WIDTH="116" HEIGHT="23" CONTENT="accorded" WC="0.96" CC="10111011" STYLEREFS="TXT_29"/>
							<SP ID="P4_SP00771" HPOS="1298" VPOS="485" WIDTH="11"/>
							<String ID="P4_ST01013" HPOS="1309" VPOS="469" WIDTH="36" HEIGHT="20" CONTENT="us," WC="0.86" CC="221" STYLEREFS="TXT_29"/>
							<SP ID="P4_SP00772" HPOS="1345" VPOS="489" WIDTH="12"/>
							<String ID="P4_ST01014" HPOS="1357" VPOS="461" WIDTH="50" HEIGHT="23" CONTENT="and" WC="1.00" CC="000" STYLEREFS="TXT_29"/>
							<SP ID="P4_SP00773" HPOS="1407" VPOS="489" WIDTH="11"/>
							<String ID="P4_ST01015" HPOS="1418" VPOS="468" WIDTH="45" HEIGHT="17" CONTENT="can" WC="0.94" CC="011" STYLEREFS="TXT_29"/>
							<SP ID="P4_SP00774" HPOS="1463" VPOS="489" WIDTH="11"/>
							<String ID="P4_ST01016" HPOS="1474" VPOS="466" WIDTH="82" HEIGHT="17" CONTENT="assure" WC="0.98" CC="100101" STYLEREFS="TXT_29"/>
							<SP ID="P4_SP00775" HPOS="1556" VPOS="489" WIDTH="12"/>
							<String ID="P4_ST01017" HPOS="1568" VPOS="462" WIDTH="43" HEIGHT="20" CONTENT="otfr" WC="0.92" CC="1120" STYLEREFS="TXT_17"/>
							<SP ID="P4_SP00776" HPOS="1611" VPOS="489" WIDTH="4"/>
							<String ID="P4_ST01018" HPOS="1615" VPOS="457" WIDTH="99" HEIGHT="33" CONTENT="friends" WC="0.98" CC="1001011" STYLEREFS="TXT_29"/>
							<SP ID="P4_SP00777" HPOS="1714" VPOS="490" WIDTH="11"/>
							<String ID="P4_ST01019" HPOS="1725" VPOS="456" WIDTH="53" HEIGHT="24" CONTENT="that" WC="0.98" CC="0010" STYLEREFS="TXT_29"/>
							<SP ID="P4_SP00778" HPOS="1778" VPOS="490" WIDTH="7"/>
							<String ID="P4_ST01020" HPOS="1785" VPOS="461" WIDTH="45" HEIGHT="17" CONTENT="our" WC="0.95" CC="020" STYLEREFS="TXT_29"/>
							<SP ID="P4_SP00779" HPOS="1830" VPOS="490" WIDTH="9"/>
							<String ID="P4_ST01021" HPOS="1839" VPOS="452" WIDTH="105" HEIGHT="25" CONTENT="business" WC="0.97" CC="11101001" STYLEREFS="TXT_29"/>
							<SP ID="P4_SP00780" HPOS="1944" VPOS="490" WIDTH="10"/>
							<String ID="P4_ST01022" HPOS="1954" VPOS="449" WIDTH="50" HEIGHT="24" CONTENT="still" WC="0.98" CC="01100" STYLEREFS="TXT_29"/>
							<SP ID="P4_SP00781" HPOS="2004" VPOS="490" WIDTH="7"/>
							<String ID="P4_ST01023" HPOS="2011" VPOS="445" WIDTH="102" HEIGHT="26" CONTENT="remains" WC="0.99" CC="0100001" STYLEREFS="TXT_29"/>
							<SP ID="P4_SP00782" HPOS="2113" VPOS="490" WIDTH="16"/>
							<String ID="P4_ST01024" HPOS="2129" VPOS="442" WIDTH="76" HEIGHT="24" CONTENT="under" WC="0.93" CC="20011" STYLEREFS="TXT_29"/>
							<SP ID="P4_SP00783" HPOS="2205" VPOS="490" WIDTH="17"/>
							<String ID="P4_ST01025" HPOS="2222" VPOS="438" WIDTH="38" HEIGHT="25" CONTENT="the" WC="0.93" CC="111" STYLEREFS="TXT_29"/>
							<SP ID="P4_SP00784" HPOS="2260" VPOS="490" WIDTH="17"/>
							<String ID="P4_ST01026" HPOS="2277" VPOS="442" WIDTH="63" HEIGHT="19" CONTENT="same" WC="0.82" CC="5101" STYLEREFS="TXT_29"/>
						</TextLine>
						<TextLine ID="P4_TL00217" HPOS="1183" VPOS="482" WIDTH="1157" HEIGHT="57">
							<String ID="P4_ST01027" HPOS="1183" VPOS="511" WIDTH="162" HEIGHT="28" CONTENT="management" WC="0.94" CC="2010111111" STYLEREFS="TXT_29"/>
							<SP ID="P4_SP00785" HPOS="1345" VPOS="539" WIDTH="18"/>
							<String ID="P4_ST01028" HPOS="1363" VPOS="513" WIDTH="28" HEIGHT="16" CONTENT="as" WC="0.98" CC="10" STYLEREFS="TXT_29"/>
							<SP ID="P4_SP00786" HPOS="1391" VPOS="539" WIDTH="8"/>
							<String ID="P4_ST01029" HPOS="1399" VPOS="504" WIDTH="108" HEIGHT="26" CONTENT="hitherto," WC="0.96" CC="011100020" STYLEREFS="TXT_29"/>
							<SP ID="P4_SP00787" HPOS="1507" VPOS="539" WIDTH="10"/>
							<String ID="P4_ST01030" HPOS="1517" VPOS="503" WIDTH="49" HEIGHT="23" CONTENT="and" WC="0.91" CC="210" STYLEREFS="TXT_29"/>
							<SP ID="P4_SP00788" HPOS="1566" VPOS="539" WIDTH="9"/>
							<String ID="P4_ST01031" HPOS="1575" VPOS="501" WIDTH="50" HEIGHT="24" CONTENT="that" WC="0.94" CC="0120" STYLEREFS="TXT_29"/>
							<SP ID="P4_SP00789" HPOS="1625" VPOS="539" WIDTH="9"/>
							<String ID="P4_ST01032" HPOS="1634" VPOS="499" WIDTH="135" HEIGHT="31" CONTENT="everything" WC="0.87" CC="1111117020" STYLEREFS="TXT_29"/>
							<SP ID="P4_SP00790" HPOS="1769" VPOS="539" WIDTH="10"/>
							<String ID="P4_ST01033" HPOS="1779" VPOS="494" WIDTH="121" HEIGHT="27" CONTENT="entrusted" WC="0.98" CC="011100000" STYLEREFS="TXT_29"/>
							<SP ID="P4_SP00791" HPOS="1900" VPOS="539" WIDTH="9"/>
							<String ID="P4_ST01034" HPOS="1909" VPOS="497" WIDTH="22" HEIGHT="19" CONTENT="to" WC="0.98" CC="01" STYLEREFS="TXT_29"/>
							<SP ID="P4_SP00792" HPOS="1931" VPOS="539" WIDTH="9"/>
							<String ID="P4_ST01035" HPOS="1940" VPOS="500" WIDTH="28" HEIGHT="16" CONTENT="us" WC="0.74" CC="24" STYLEREFS="TXT_29"/>
							<SP ID="P4_SP00793" HPOS="1968" VPOS="539" WIDTH="12"/>
							<String ID="P4_ST01036" HPOS="1980" VPOS="490" WIDTH="52" HEIGHT="24" CONTENT="will" WC="0.94" CC="2100" STYLEREFS="TXT_29"/>
							<SP ID="P4_SP00794" HPOS="2032" VPOS="539" WIDTH="7"/>
							<String ID="P4_ST01037" HPOS="2039" VPOS="489" WIDTH="26" HEIGHT="24" CONTENT="be" WC="0.96" CC="01" STYLEREFS="TXT_29"/>
							<SP ID="P4_SP00795" HPOS="2065" VPOS="539" WIDTH="7"/>
							<String ID="P4_ST01038" HPOS="2072" VPOS="487" WIDTH="79" HEIGHT="25" CONTENT="under" WC="0.90" CC="31011" STYLEREFS="TXT_29"/>
							<SP ID="P4_SP00796" HPOS="2151" VPOS="539" WIDTH="10"/>
							<String ID="P4_ST01039" HPOS="2161" VPOS="485" WIDTH="37" HEIGHT="23" CONTENT="the" WC="0.94" CC="111" STYLEREFS="TXT_29"/>
							<SP ID="P4_SP00797" HPOS="2198" VPOS="539" WIDTH="11"/>
							<String ID="P4_ST01040" HPOS="2209" VPOS="482" WIDTH="131" HEIGHT="24" CONTENT="immediate" WC="0.92" CC="300101111" STYLEREFS="TXT_29"/>
						</TextLine>
						<TextLine ID="P4_TL00218" HPOS="1184" VPOS="551" WIDTH="239" HEIGHT="30">
							<String ID="P4_ST01041" HPOS="1184" VPOS="551" WIDTH="146" HEIGHT="30" CONTENT="supervision" WC="0.93" CC="22110200102" STYLEREFS="TXT_29"/>
							<SP ID="P4_SP00798" HPOS="1330" VPOS="581" WIDTH="12"/>
							<String ID="P4_ST01042" HPOS="1342" VPOS="551" WIDTH="30" HEIGHT="29" CONTENT="of" WC="1.00" CC="00" STYLEREFS="TXT_29"/>
							<SP ID="P4_SP00799" HPOS="1372" VPOS="581" WIDTH="6"/>
							<String ID="P4_ST01043" HPOS="1378" VPOS="557" WIDTH="45" HEIGHT="15" CONTENT="our" WC="0.99" CC="001" STYLEREFS="TXT_29"/>
						</TextLine>
						<TextLine ID="P4_TL00219" HPOS="1383" VPOS="570" WIDTH="757" HEIGHT="52">
							<String ID="P4_ST01044" HPOS="1383" VPOS="588" WIDTH="124" HEIGHT="34" CONTENT="MR." WC="0.59" CC="921" STYLEREFS="TXT_20"/>
							<SP ID="P4_SP00800" HPOS="1507" VPOS="622" WIDTH="31"/>
							<String ID="P4_ST01045" HPOS="1538" VPOS="585" WIDTH="68" HEIGHT="33" CONTENT="H." WC="0.74" CC="41" STYLEREFS="TXT_20"/>
							<SP ID="P4_SP00801" HPOS="1606" VPOS="622" WIDTH="24"/>
							<String ID="P4_ST01046" HPOS="1630" VPOS="584" WIDTH="56" HEIGHT="33" CONTENT="E." WC="0.74" CC="41" STYLEREFS="TXT_20"/>
							<SP ID="P4_SP00802" HPOS="1686" VPOS="622" WIDTH="26"/>
							<String ID="P4_ST01047" HPOS="1712" VPOS="570" WIDTH="428" HEIGHT="44" CONTENT="BOARDMAN" WC="0.82" CC="10133115" STYLEREFS="TXT_20"/>
							<SP ID="P4_SP00803" HPOS="2140" VPOS="622" WIDTH="0"/>
						</TextLine>
						<TextLine ID="P4_TL00220" HPOS="1420" VPOS="687" WIDTH="721" HEIGHT="59">
							<String ID="P4_ST01048" HPOS="1420" VPOS="706" WIDTH="268" HEIGHT="40" CONTENT="-LOCAL" WC="0.84" CC="700111" STYLEREFS="TXT_20"/>
							<SP ID="P4_SP00804" HPOS="1688" VPOS="746" WIDTH="36"/>
							<String ID="P4_ST01049" HPOS="1724" VPOS="687" WIDTH="417" HEIGHT="50" CONTENT='I^IDXJSTRY"' WC="0.59" CC="09341121598" STYLEREFS="TXT_20"/>
						</TextLine>
						<TextLine ID="P4_TL00221" HPOS="1304" VPOS="738" WIDTH="935" HEIGHT="71">
							<String ID="P4_ST01050" HPOS="1304" VPOS="756" WIDTH="402" HEIGHT="53" CONTENT="BABLOV" WC="0.59" CC="194009" STYLEREFS="TXT_28"/>
							<SP ID="P4_SP00805" HPOS="1706" VPOS="809" WIDTH="43"/>
							<String ID="P4_ST01051" HPOS="1749" VPOS="750" WIDTH="167" HEIGHT="44" CONTENT="AMD" WC="0.37" CC="972" STYLEREFS="TXT_28"/>
							<SP ID="P4_SP00806" HPOS="1916" VPOS="809" WIDTH="47"/>
							<String ID="P4_ST01052" HPOS="1963" VPOS="738" WIDTH="276" HEIGHT="49" CONTENT="PRICE" WC="0.54" CC="25258" STYLEREFS="TXT_28"/>
						</TextLine>
						<TextLine ID="P4_TL00222" HPOS="1489" VPOS="800" WIDTH="522" HEIGHT="51">
							<String ID="P4_ST01053" HPOS="1489" VPOS="809" WIDTH="192" HEIGHT="42" CONTENT="Coventry" WC="0.95" CC="10101120" STYLEREFS="TXT_6"/>
							<SP ID="P4_SP00807" HPOS="1681" VPOS="851" WIDTH="38"/>
							<String ID="P4_ST01054" HPOS="1719" VPOS="803" WIDTH="115" HEIGHT="45" CONTENT="Cycle" WC="0.95" CC="10110" STYLEREFS="TXT_6"/>
							<SP ID="P4_SP00808" HPOS="1834" VPOS="851" WIDTH="47"/>
							<String ID="P4_ST01055" HPOS="1881" VPOS="800" WIDTH="130" HEIGHT="33" CONTENT="Worhs" WC="0.84" CC="10161" STYLEREFS="TXT_6"/>
						</TextLine>
						<TextLine ID="P4_TL00223" HPOS="1354" VPOS="842" WIDTH="851" HEIGHT="56">
							<String ID="P4_ST01056" HPOS="1354" VPOS="870" WIDTH="38" HEIGHT="28" CONTENT="88" WC="0.98" CC="10" STYLEREFS="TXT_21"/>
							<SP ID="P4_SP00809" HPOS="1392" VPOS="898" WIDTH="23"/>
							<String ID="P4_ST01057" HPOS="1415" VPOS="861" WIDTH="200" HEIGHT="35" CONTENT="COLOMBO" WC="0.99" CC="0000110" STYLEREFS="TXT_21"/>
							<SP ID="P4_SP00810" HPOS="1615" VPOS="898" WIDTH="24"/>
							<String ID="P4_ST01058" HPOS="1639" VPOS="856" WIDTH="175" HEIGHT="35" CONTENT="STREET," WC="0.87" CC="4111111" STYLEREFS="TXT_21"/>
							<SP ID="P4_SP00811" HPOS="1814" VPOS="898" WIDTH="44"/>
							<String ID="P4_ST01059" HPOS="1858" VPOS="842" WIDTH="347" HEIGHT="40" CONTENT="CHRISTCHURCH." WC="0.89" CC="1110301072011" STYLEREFS="TXT_21"/>
						</TextLine>
						<TextLine ID="P4_TL00224" HPOS="1187" VPOS="897" WIDTH="1154" HEIGHT="72">
							<String ID="P4_ST01060" HPOS="1187" VPOS="931" WIDTH="57" HEIGHT="31" CONTENT="We" WC="0.93" CC="20" STYLEREFS="TXT_21"/>
							<SP ID="P4_SP00812" HPOS="1244" VPOS="962" WIDTH="14"/>
							<String ID="P4_ST01061" HPOS="1258" VPOS="930" WIDTH="119" HEIGHT="37" CONTENT="having" WC="0.63" CC="811192" STYLEREFS="TXT_21"/>
							<SP ID="P4_SP00813" HPOS="1377" VPOS="967" WIDTH="15"/>
							<String ID="P4_ST01062" HPOS="1392" VPOS="926" WIDTH="94" HEIGHT="30" CONTENT="taken" WC="0.96" CC="01110" STYLEREFS="TXT_21"/>
							<SP ID="P4_SP00814" HPOS="1486" VPOS="967" WIDTH="15"/>
							<String ID="P4_ST01063" HPOS="1501" VPOS="932" WIDTH="74" HEIGHT="21" CONTENT="over" WC="0.94" CC="0111" STYLEREFS="TXT_21"/>
							<SP ID="P4_SP00815" HPOS="1575" VPOS="967" WIDTH="14"/>
							<String ID="P4_ST01064" HPOS="1589" VPOS="920" WIDTH="53" HEIGHT="29" CONTENT="the" WC="0.91" CC="021" STYLEREFS="TXT_21"/>
							<SP ID="P4_SP00816" HPOS="1642" VPOS="967" WIDTH="13"/>
							<String ID="P4_ST01065" HPOS="1655" VPOS="916" WIDTH="73" HEIGHT="32" CONTENT="well" WC="0.79" CC="8010" STYLEREFS="TXT_21"/>
							<SP ID="P4_SP00817" HPOS="1728" VPOS="967" WIDTH="12"/>
							<String ID="P4_ST01066" HPOS="1740" VPOS="915" WIDTH="117" HEIGHT="30" CONTENT="known" WC="0.84" CC="23111" STYLEREFS="TXT_21"/>
							<SP ID="P4_SP00818" HPOS="1857" VPOS="967" WIDTH="8"/>
							<String ID="P4_ST01067" HPOS="1865" VPOS="909" WIDTH="114" HEIGHT="35" CONTENT="works," WC="0.81" CC="410133" STYLEREFS="TXT_21"/>
							<SP ID="P4_SP00819" HPOS="1979" VPOS="967" WIDTH="15"/>
							<String ID="P4_ST01068" HPOS="1994" VPOS="905" WIDTH="183" HEIGHT="64" CONTENT="™&gt;^" WC="0.21" CC="949" STYLEREFS="TXT_21"/>
							<SP ID="P4_SP00820" HPOS="2177" VPOS="969" WIDTH="8"/>
							<String ID="P4_ST01069" HPOS="2185" VPOS="897" WIDTH="156" HEIGHT="72" CONTENT='"*"£?' WC="0.21" CC="98685" STYLEREFS="TXT_21"/>
						</TextLine>
						<TextLine ID="P4_TL00225" HPOS="1187" VPOS="939" WIDTH="1154" HEIGHT="73">
							<String ID="P4_ST01070" HPOS="1187" VPOS="973" WIDTH="33" HEIGHT="28" CONTENT="in" WC="0.98" CC="01" STYLEREFS="TXT_21"/>
							<SP ID="P4_SP00821" HPOS="1220" VPOS="1001" WIDTH="13"/>
							<String ID="P4_ST01071" HPOS="1233" VPOS="971" WIDTH="91" HEIGHT="29" CONTENT="trade" WC="0.97" CC="01101" STYLEREFS="TXT_21"/>
							<SP ID="P4_SP00822" HPOS="1324" VPOS="1001" WIDTH="14"/>
							<String ID="P4_ST01072" HPOS="1338" VPOS="953" WIDTH="78" HEIGHT="45" CONTENT="wish" WC="0.68" CC="2516" STYLEREFS="TXT_21"/>
							<SP ID="P4_SP00823" HPOS="1416" VPOS="1001" WIDTH="13"/>
							<String ID="P4_ST01073" HPOS="1429" VPOS="971" WIDTH="34" HEIGHT="25" CONTENT="to" WC="0.98" CC="10" STYLEREFS="TXT_21"/>
							<SP ID="P4_SP00824" HPOS="1463" VPOS="1001" WIDTH="14"/>
							<String ID="P4_ST01074" HPOS="1477" VPOS="964" WIDTH="113" HEIGHT="30" CONTENT="inform" WC="0.93" CC="111211" STYLEREFS="TXT_21"/>
							<SP ID="P4_SP00825" HPOS="1590" VPOS="1001" WIDTH="15"/>
							<String ID="P4_ST01075" HPOS="1605" VPOS="960" WIDTH="54" HEIGHT="30" CONTENT="the" WC="0.93" CC="201" STYLEREFS="TXT_21"/>
							<SP ID="P4_SP00826" HPOS="1659" VPOS="1001" WIDTH="22"/>
							<String ID="P4_ST01076" HPOS="1681" VPOS="957" WIDTH="104" HEIGHT="40" CONTENT="public" WC="0.84" CC="142110" STYLEREFS="TXT_21"/>
							<SP ID="P4_SP00827" HPOS="1785" VPOS="1001" WIDTH="14"/>
							<String ID="P4_ST01077" HPOS="1799" VPOS="954" WIDTH="72" HEIGHT="29" CONTENT="that" WC="0.94" CC="0021" STYLEREFS="TXT_21"/>
							<SP ID="P4_SP00828" HPOS="1871" VPOS="1001" WIDTH="13"/>
							<String ID="P4_ST01078" HPOS="1884" VPOS="962" WIDTH="46" HEIGHT="19" CONTENT="we" WC="0.89" CC="12" STYLEREFS="TXT_21"/>
							<SP ID="P4_SP00829" HPOS="1930" VPOS="1001" WIDTH="15"/>
							<String ID="P4_ST01079" HPOS="1945" VPOS="960" WIDTH="53" HEIGHT="19" CONTENT="*™" WC="0.35" CC="75" STYLEREFS="TXT_21"/>
							<SP ID="P4_SP00830" HPOS="1998" VPOS="1001" WIDTH="6"/>
							<String ID="P4_ST01080" HPOS="2004" VPOS="944" WIDTH="180" HEIGHT="68" CONTENT="W^" WC="0.01" CC="99" STYLEREFS="TXT_21"/>
							<String ID="P4_ST01081" HPOS="2177" VPOS="945" WIDTH="34" HEIGHT="26" CONTENT="to" WC="0.89" CC="11" STYLEREFS="TXT_21"/>
							<String ID="P4_ST01082" HPOS="2209" VPOS="991" WIDTH="15" HEIGHT="20" CONTENT="B" STYLE="subscript" WC="1.00" CC="0" STYLEREFS="TXT_21"/>
							<String ID="P4_ST01083" HPOS="2227" VPOS="939" WIDTH="114" HEIGHT="70" CONTENT="J^" WC="0.31" CC="49" STYLEREFS="TXT_21"/>
						</TextLine>
						<TextLine ID="P4_TL00226" HPOS="1187" VPOS="986" WIDTH="1154" HEIGHT="55">
							<String ID="P4_ST01084" HPOS="1187" VPOS="1012" WIDTH="73" HEIGHT="29" CONTENT="take" WC="0.94" CC="1111" STYLEREFS="TXT_21"/>
							<SP ID="P4_SP00831" HPOS="1260" VPOS="1041" WIDTH="16"/>
							<String ID="P4_ST01085" HPOS="1276" VPOS="1010" WIDTH="103" HEIGHT="30" CONTENT="orders" WC="0.95" CC="011011" STYLEREFS="TXT_21"/>
							<SP ID="P4_SP00832" HPOS="1379" VPOS="1041" WIDTH="14"/>
							<String ID="P4_ST01086" HPOS="1393" VPOS="1008" WIDTH="49" HEIGHT="29" CONTENT="for" WC="0.95" CC="101" STYLEREFS="TXT_21"/>
							<SP ID="P4_SP00833" HPOS="1442" VPOS="1041" WIDTH="13"/>
							<String ID="P4_ST01087" HPOS="1455" VPOS="1014" WIDTH="68" HEIGHT="21" CONTENT="new" WC="0.96" CC="101" STYLEREFS="TXT_21"/>
							<SP ID="P4_SP00834" HPOS="1523" VPOS="1041" WIDTH="14"/>
							<String ID="P4_ST01088" HPOS="1537" VPOS="1000" WIDTH="159" HEIGHT="32" CONTENT="machines" WC="0.93" CC="30110011" STYLEREFS="TXT_21"/>
							<SP ID="P4_SP00835" HPOS="1696" VPOS="1041" WIDTH="16"/>
							<String ID="P4_ST01089" HPOS="1712" VPOS="997" WIDTH="61" HEIGHT="29" CONTENT="and" WC="0.97" CC="100" STYLEREFS="TXT_21"/>
							<SP ID="P4_SP00836" HPOS="1773" VPOS="1041" WIDTH="15"/>
							<String ID="P4_ST01090" HPOS="1788" VPOS="995" WIDTH="128" HEIGHT="30" CONTENT="execute" WC="0.95" CC="0110201" STYLEREFS="TXT_21"/>
							<SP ID="P4_SP00837" HPOS="1916" VPOS="1041" WIDTH="18"/>
							<String ID="P4_ST01091" HPOS="1934" VPOS="997" WIDTH="119" HEIGHT="31" CONTENT="repairs" WC="0.93" CC="0011211" STYLEREFS="TXT_21"/>
							<SP ID="P4_SP00838" HPOS="2053" VPOS="1041" WIDTH="23"/>
							<String ID="P4_ST01092" HPOS="2076" VPOS="989" WIDTH="33" HEIGHT="25" CONTENT="at" WC="0.91" CC="11" STYLEREFS="TXT_21"/>
							<SP ID="P4_SP00839" HPOS="2109" VPOS="1041" WIDTH="21"/>
							<String ID="P4_ST01093" HPOS="2130" VPOS="986" WIDTH="54" HEIGHT="26" CONTENT="the" WC="0.94" CC="020" STYLEREFS="TXT_21"/>
							<SP ID="P4_SP00840" HPOS="2184" VPOS="1041" WIDTH="25"/>
							<String ID="P4_ST01094" HPOS="2209" VPOS="986" WIDTH="132" HEIGHT="25" CONTENT="shortest" WC="0.86" CC="15002112" STYLEREFS="TXT_21"/>
						</TextLine>
						<TextLine ID="P4_TL00227" HPOS="1187" VPOS="1014" WIDTH="1033" HEIGHT="62">
							<String ID="P4_ST01095" HPOS="1187" VPOS="1014" WIDTH="73" HEIGHT="28" CONTENT="take" WC="0.93" CC="1111" STYLEREFS="TXT_21"/>
							<SP ID="P4_SP00841" HPOS="1260" VPOS="1042" WIDTH="16"/>
							<String ID="P4_ST01096" HPOS="1276" VPOS="1014" WIDTH="103" HEIGHT="26" CONTENT="°rtoß" WC="0.56" CC="41881" STYLEREFS="TXT_21"/>
							<SP ID="P4_SP00842" HPOS="1379" VPOS="1042" WIDTH="14"/>
							<String ID="P4_ST01097" HPOS="1393" VPOS="1014" WIDTH="92" HEIGHT="62" CONTENT="tor^" WC="0.59" CC="3319" STYLEREFS="TXT_21"/>
							<SP ID="P4_SP00843" HPOS="1485" VPOS="1076" WIDTH="78"/>
							<String ID="P4_ST01098" HPOS="1563" VPOS="1041" WIDTH="92" HEIGHT="30" CONTENT="kinds" STYLE="subscript" WC="0.90" CC="20211" STYLEREFS="TXT_21"/>
							<SP ID="P4_SP00844" HPOS="1655" VPOS="1076" WIDTH="16"/>
							<String ID="P4_ST01099" HPOS="1671" VPOS="1037" WIDTH="34" HEIGHT="31" CONTENT="of" STYLE="subscript" WC="0.93" CC="02" STYLEREFS="TXT_21"/>
							<String ID="P4_ST01100" HPOS="1707" VPOS="1060" WIDTH="5" HEIGHT="4" CONTENT="." WC="0.89" CC="1" STYLEREFS="TXT_21"/>
							<String ID="P4_ST01101" HPOS="1715" VPOS="1035" WIDTH="125" HEIGHT="39" CONTENT="Engine" STYLE="subscript" WC="0.93" CC="110021" STYLEREFS="TXT_21"/>
							<String ID="P4_ST01102" HPOS="1842" VPOS="1040" WIDTH="88" HEIGHT="30" CONTENT="ermg" WC="0.94" CC="0021" STYLEREFS="TXT_21"/>
							<SP ID="P4_SP00845" HPOS="1930" VPOS="1076" WIDTH="14"/>
							<String ID="P4_ST01103" HPOS="1944" VPOS="1030" WIDTH="62" HEIGHT="29" CONTENT="and" WC="0.93" CC="111" STYLEREFS="TXT_21"/>
							<SP ID="P4_SP00846" HPOS="2006" VPOS="1076" WIDTH="12"/>
							<String ID="P4_ST01104" HPOS="2018" VPOS="1026" WIDTH="94" HEIGHT="40" CONTENT="Cycle" WC="0.95" CC="01101" STYLEREFS="TXT_21"/>
							<SP ID="P4_SP00847" HPOS="2112" VPOS="1076" WIDTH="11"/>
							<String ID="P4_ST01105" HPOS="2123" VPOS="1022" WIDTH="97" HEIGHT="32" CONTENT="work." WC="0.96" CC="10011" STYLEREFS="TXT_21"/>
						</TextLine>
						<TextLine ID="P4_TL00228" HPOS="1351" VPOS="1078" WIDTH="775" HEIGHT="46">
							<String ID="P4_ST01106" HPOS="1351" VPOS="1099" WIDTH="128" HEIGHT="25" CONTENT="SPECIAL" WC="0.95" CC="1011011" STYLEREFS="TXT_17"/>
							<SP ID="P4_SP00848" HPOS="1479" VPOS="1124" WIDTH="12"/>
							<String ID="P4_ST01107" HPOS="1491" VPOS="1092" WIDTH="178" HEIGHT="26" CONTENT="ATTENTION" WC="0.98" CC="000110001" STYLEREFS="TXT_17"/>
							<SP ID="P4_SP00849" HPOS="1669" VPOS="1124" WIDTH="16"/>
							<String ID="P4_ST01108" HPOS="1685" VPOS="1089" WIDTH="95" HEIGHT="23" CONTENT="GIVJUN" WC="0.78" CC="200291" STYLEREFS="TXT_17"/>
							<SP ID="P4_SP00850" HPOS="1780" VPOS="1124" WIDTH="14"/>
							<String ID="P4_ST01109" HPOS="1794" VPOS="1087" WIDTH="38" HEIGHT="21" CONTENT="TO" WC="1.00" CC="00" STYLEREFS="TXT_17"/>
							<SP ID="P4_SP00851" HPOS="1832" VPOS="1124" WIDTH="15"/>
							<String ID="P4_ST01110" HPOS="1847" VPOS="1083" WIDTH="140" HEIGHT="23" CONTENT="COUNTRY" WC="0.94" CC="1001131" STYLEREFS="TXT_17"/>
							<SP ID="P4_SP00852" HPOS="1987" VPOS="1124" WIDTH="16"/>
							<String ID="P4_ST01111" HPOS="2003" VPOS="1078" WIDTH="123" HEIGHT="23" CONTENT="ORDERS." WC="0.82" CC="0911200" STYLEREFS="TXT_17"/>
						</TextLine>
						<TextLine ID="P4_TL00229" HPOS="1193" VPOS="1112" WIDTH="1148" HEIGHT="59">
							<String ID="P4_ST01112" HPOS="1193" VPOS="1143" WIDTH="115" HEIGHT="28" CONTENT="Rsiriiifl" WC="0.60" CC="224991144" STYLEREFS="TXT_21"/>
							<String ID="P4_ST01113" HPOS="1322" VPOS="1139" WIDTH="161" HEIGHT="32" CONTENT="Machines" WC="0.93" CC="01111301" STYLEREFS="TXT_21"/>
							<SP ID="P4_SP00853" HPOS="1483" VPOS="1171" WIDTH="24"/>
							<String ID="P4_ST01114" HPOS="1507" VPOS="1134" WIDTH="61" HEIGHT="30" CONTENT="and" WC="0.99" CC="010" STYLEREFS="TXT_21"/>
							<SP ID="P4_SP00854" HPOS="1568" VPOS="1171" WIDTH="22"/>
							<String ID="P4_ST01115" HPOS="1590" VPOS="1131" WIDTH="99" HEIGHT="39" CONTENT="Light" WC="0.98" CC="01001" STYLEREFS="TXT_21"/>
							<SP ID="P4_SP00855" HPOS="1689" VPOS="1171" WIDTH="21"/>
							<String ID="P4_ST01116" HPOS="1710" VPOS="1125" WIDTH="168" HEIGHT="32" CONTENT="Roadsters" WC="0.93" CC="300110111" STYLEREFS="TXT_21"/>
							<SP ID="P4_SP00856" HPOS="1878" VPOS="1171" WIDTH="17"/>
							<String ID="P4_ST01117" HPOS="1895" VPOS="1132" WIDTH="18" HEIGHT="20" CONTENT="a" WC="0.96" CC="1" STYLEREFS="TXT_21"/>
							<SP ID="P4_SP00857" HPOS="1913" VPOS="1171" WIDTH="15"/>
							<String ID="P4_ST01118" HPOS="1928" VPOS="1119" WIDTH="146" HEIGHT="41" CONTENT="specialty" WC="0.93" CC="011111112" STYLEREFS="TXT_21"/>
							<SP ID="P4_SP00858" HPOS="2074" VPOS="1171" WIDTH="52"/>
							<String ID="P4_ST01119" HPOS="2126" VPOS="1115" WIDTH="49" HEIGHT="30" CONTENT="No" WC="0.76" CC="50" STYLEREFS="TXT_21"/>
							<SP ID="P4_SP00859" HPOS="2175" VPOS="1171" WIDTH="14"/>
							<String ID="P4_ST01120" HPOS="2189" VPOS="1112" WIDTH="152" HEIGHT="40" CONTENT="imported" WC="0.92" CC="05100101" STYLEREFS="TXT_21"/>
						</TextLine>
						<TextLine ID="P4_TL00230" HPOS="1319" VPOS="1276" WIDTH="892" HEIGHT="112">
							<String ID="P4_ST01121" HPOS="1319" VPOS="1301" WIDTH="117" HEIGHT="87" CONTENT="R." WC="0.83" CC="31" STYLEREFS="TXT_33"/>
							<SP ID="P4_SP00860" HPOS="1436" VPOS="1388" WIDTH="69"/>
							<String ID="P4_ST01122" HPOS="1505" VPOS="1294" WIDTH="132" HEIGHT="86" CONTENT="H." WC="0.91" CC="12" STYLEREFS="TXT_33"/>
							<SP ID="P4_SP00861" HPOS="1637" VPOS="1388" WIDTH="58"/>
							<String ID="P4_ST01123" HPOS="1695" VPOS="1276" WIDTH="516" HEIGHT="99" CONTENT="PARISH" WC="0.80" CC="216031" STYLEREFS="TXT_33"/>
						</TextLine>
						<TextLine ID="P4_TL00231" HPOS="1464" VPOS="1416" WIDTH="572" HEIGHT="71">
							<String ID="P4_ST01124" HPOS="1464" VPOS="1426" WIDTH="198" HEIGHT="61" CONTENT="EAST" WC="0.99" CC="1000" STYLEREFS="TXT_31"/>
							<SP ID="P4_SP00862" HPOS="1662" VPOS="1487" WIDTH="46"/>
							<String ID="P4_ST01125" HPOS="1708" VPOS="1416" WIDTH="328" HEIGHT="63" CONTENT="OXFORD" WC="1.00" CC="000000" STYLEREFS="TXT_31"/>
						</TextLine>
						<TextLine ID="P4_TL00232" HPOS="1411" VPOS="1496" WIDTH="697" HEIGHT="49">
							<String ID="P4_ST01126" HPOS="1411" VPOS="1515" WIDTH="77" HEIGHT="30" CONTENT="has" WC="0.90" CC="211" STYLEREFS="TXT_16"/>
							<SP ID="P4_SP00863" HPOS="1488" VPOS="1545" WIDTH="15"/>
							<String ID="P4_ST01127" HPOS="1503" VPOS="1506" WIDTH="191" HEIGHT="37" CONTENT="received" WC="0.96" CC="10101101" STYLEREFS="TXT_16"/>
							<SP ID="P4_SP00864" HPOS="1694" VPOS="1545" WIDTH="19"/>
							<String ID="P4_ST01128" HPOS="1713" VPOS="1515" WIDTH="25" HEIGHT="21" CONTENT="a" WC="0.93" CC="1" STYLEREFS="TXT_16"/>
							<SP ID="P4_SP00865" HPOS="1738" VPOS="1545" WIDTH="16"/>
							<String ID="P4_ST01129" HPOS="1754" VPOS="1498" WIDTH="294" HEIGHT="42" CONTENT="consignment" WC="0.97" CC="00010111011" STYLEREFS="TXT_16"/>
							<SP ID="P4_SP00866" HPOS="2048" VPOS="1545" WIDTH="16"/>
							<String ID="P4_ST01130" HPOS="2064" VPOS="1496" WIDTH="44" HEIGHT="30" CONTENT="of" WC="0.94" CC="01" STYLEREFS="TXT_16"/>
						</TextLine>
						<TextLine ID="P4_TL00233" HPOS="1186" VPOS="1544" WIDTH="1155" HEIGHT="81">
							<String ID="P4_ST01131" HPOS="1186" VPOS="1568" WIDTH="300" HEIGHT="57" CONTENT="Messrs" WC="0.66" CC="415344" STYLEREFS="TXT_34"/>
							<SP ID="P4_SP00867" HPOS="1486" VPOS="1625" WIDTH="58"/>
							<String ID="P4_ST01132" HPOS="1544" VPOS="1558" WIDTH="418" HEIGHT="58" CONTENT="Johnsons" WC="0.78" CC="51541112" STYLEREFS="TXT_34"/>
							<SP ID="P4_SP00868" HPOS="1962" VPOS="1625" WIDTH="53"/>
							<String ID="P4_ST01133" HPOS="2015" VPOS="1546" WIDTH="68" HEIGHT="58" CONTENT="&amp;" WC="0.63" CC="4" STYLEREFS="TXT_34"/>
							<SP ID="P4_SP00869" HPOS="2083" VPOS="1625" WIDTH="59"/>
							<String ID="P4_ST01134" HPOS="2142" VPOS="1544" WIDTH="199" HEIGHT="57" CONTENT="Sons" WC="0.77" CC="6021" STYLEREFS="TXT_34"/>
						</TextLine>
						<TextLine ID="P4_TL00234" HPOS="1361" VPOS="1625" WIDTH="777" HEIGHT="76">
							<String ID="P4_ST01135" HPOS="1361" VPOS="1642" WIDTH="266" HEIGHT="59" CONTENT="GREAT" WC="0.99" CC="10000" STYLEREFS="TXT_31"/>
							<SP ID="P4_SP00870" HPOS="1627" VPOS="1701" WIDTH="62"/>
							<String ID="P4_ST01136" HPOS="1689" VPOS="1625" WIDTH="449" HEIGHT="68" CONTENT="YARMOUTH" WC="1.00" CC="00000000" STYLEREFS="TXT_31"/>
						</TextLine>
						<TextLine ID="P4_TL00235" HPOS="1251" VPOS="1717" WIDTH="1002" HEIGHT="106">
							<String ID="P4_ST01137" HPOS="1251" VPOS="1732" WIDTH="226" HEIGHT="91" CONTENT="OIL" WC="0.96" CC="001" STYLEREFS="TXT_35"/>
							<SP ID="P4_SP00871" HPOS="1477" VPOS="1823" WIDTH="81"/>
							<String ID="P4_ST01138" HPOS="1558" VPOS="1717" WIDTH="695" HEIGHT="96" CONTENT="CLOTHING" WC="0.85" CC="11001064" STYLEREFS="TXT_35"/>
						</TextLine>
						<TextLine ID="P4_TL00236" HPOS="1367" VPOS="1854" WIDTH="786" HEIGHT="61">
							<String ID="P4_ST01139" HPOS="1367" VPOS="1862" WIDTH="337" HEIGHT="53" CONTENT="ENORMOUS" WC="0.82" CC="14041032" STYLEREFS="TXT_27"/>
							<SP ID="P4_SP00872" HPOS="1704" VPOS="1915" WIDTH="60"/>
							<String ID="P4_ST01140" HPOS="1764" VPOS="1854" WIDTH="389" HEIGHT="49" CONTENT="SEDUCTIONS" WC="0.80" CC="7142100042" STYLEREFS="TXT_27"/>
						</TextLine>
						<TextLine ID="P4_TL00237" HPOS="1186" VPOS="1965" WIDTH="1155" HEIGHT="48">
							<String ID="P4_ST01141" HPOS="1186" VPOS="1983" WIDTH="81" HEIGHT="30" CONTENT="THE" WC="0.79" CC="511"/>
							<SP ID="P4_SP00873" HPOS="1267" VPOS="2013" WIDTH="18"/>
							<String ID="P4_ST01142" HPOS="1285" VPOS="1981" WIDTH="116" HEIGHT="30" CONTENT="question" WC="0.93" CC="14101000"/>
							<SP ID="P4_SP00874" HPOS="1401" VPOS="2013" WIDTH="10"/>
							<String ID="P4_ST01143" HPOS="1411" VPOS="1979" WIDTH="22" HEIGHT="24" CONTENT="is" WC="0.96" CC="01"/>
							<SP ID="P4_SP00875" HPOS="1433" VPOS="2013" WIDTH="11"/>
							<String ID="P4_ST01144" HPOS="1444" VPOS="1976" WIDTH="150" HEIGHT="26" CONTENT='natural-"' WC="0.96" CC="010010111"/>
							<SP ID="P4_SP00876" HPOS="1594" VPOS="2013" WIDTH="9"/>
							<String ID="P4_ST01145" HPOS="1603" VPOS="1974" WIDTH="66" HEIGHT="30" CONTENT="Why" WC="0.94" CC="210"/>
							<SP ID="P4_SP00877" HPOS="1669" VPOS="2013" WIDTH="12"/>
							<String ID="P4_ST01146" HPOS="1681" VPOS="1972" WIDTH="61" HEIGHT="25" CONTENT="send" WC="0.94" CC="1011"/>
							<SP ID="P4_SP00878" HPOS="1742" VPOS="2013" WIDTH="14"/>
							<String ID="P4_ST01147" HPOS="1756" VPOS="1973" WIDTH="27" HEIGHT="23" CONTENT="to" WC="0.98" CC="10"/>
							<SP ID="P4_SP00879" HPOS="1783" VPOS="2013" WIDTH="12"/>
							<String ID="P4_ST01148" HPOS="1795" VPOS="1968" WIDTH="178" HEIGHT="27" CONTENT="Ohristchurch" WC="0.89" CC="211011121104"/>
							<SP ID="P4_SP00880" HPOS="1973" VPOS="2013" WIDTH="19"/>
							<String ID="P4_ST01149" HPOS="1992" VPOS="1966" WIDTH="39" HEIGHT="26" CONTENT="for" WC="0.85" CC="202"/>
							<SP ID="P4_SP00881" HPOS="2031" VPOS="2013" WIDTH="17"/>
							<String ID="P4_ST01150" HPOS="2048" VPOS="1974" WIDTH="63" HEIGHT="25" CONTENT="your" WC="0.95" CC="1001"/>
							<SP ID="P4_SP00882" HPOS="2111" VPOS="2013" WIDTH="17"/>
							<String ID="P4_ST01151" HPOS="2128" VPOS="1965" WIDTH="130" HEIGHT="33" CONTENT="Drapery?" WC="0.85" CC="21121124"/>
							<SP ID="P4_SP00883" HPOS="2258" VPOS="2013" WIDTH="34"/>
							<String ID="P4_ST01152" HPOS="2292" VPOS="1966" WIDTH="49" HEIGHT="24" CONTENT="The" WC="0.95" CC="110"/>
						</TextLine>
						<TextLine ID="P4_TL00238" HPOS="1193" VPOS="2000" WIDTH="1148" HEIGHT="41">
							<String ID="P4_ST01153" HPOS="1193" VPOS="2000" WIDTH="20" HEIGHT="41" CONTENT="1" WC="0.93" CC="1"/>
							<SP ID="P4_SP00884" HPOS="1213" VPOS="2041" WIDTH="37"/>
							<String ID="P4_ST01154" HPOS="1250" VPOS="2015" WIDTH="103" HEIGHT="26" CONTENT="armory" WC="0.75" CC="116601"/>
							<SP ID="P4_SP00885" HPOS="1353" VPOS="2041" WIDTH="11"/>
							<String ID="P4_ST01155" HPOS="1364" VPOS="2012" WIDTH="54" HEIGHT="26" CONTENT="sold" WC="0.97" CC="1001"/>
							<SP ID="P4_SP00886" HPOS="1418" VPOS="2041" WIDTH="9"/>
							<String ID="P4_ST01156" HPOS="1427" VPOS="2012" WIDTH="26" HEIGHT="23" CONTENT="in" WC="0.94" CC="11"/>
							<SP ID="P4_SP00887" HPOS="1453" VPOS="2041" WIDTH="9"/>
							<String ID="P4_ST01157" HPOS="1462" VPOS="2010" WIDTH="56" HEIGHT="25" CONTENT="that" WC="0.96" CC="0101"/>
							<SP ID="P4_SP00888" HPOS="1518" VPOS="2041" WIDTH="12"/>
							<String ID="P4_ST01158" HPOS="1530" VPOS="2008" WIDTH="50" HEIGHT="31" CONTENT="city" WC="0.99" CC="0001"/>
							<SP ID="P4_SP00889" HPOS="1580" VPOS="2041" WIDTH="12"/>
							<String ID="P4_ST01159" HPOS="1592" VPOS="2014" WIDTH="71" HEIGHT="23" CONTENT="every" WC="0.94" CC="01011"/>
							<SP ID="P4_SP00890" HPOS="1663" VPOS="2041" WIDTH="13"/>
							<String ID="P4_ST01160" HPOS="1676" VPOS="2013" WIDTH="45" HEIGHT="17" CONTENT="one" WC="0.97" CC="001"/>
							<SP ID="P4_SP00891" HPOS="1721" VPOS="2041" WIDTH="13"/>
							<String ID="P4_ST01161" HPOS="1734" VPOS="2004" WIDTH="94" HEIGHT="28" CONTENT="knows," WC="0.93" CC="110211"/>
							<SP ID="P4_SP00892" HPOS="1828" VPOS="2041" WIDTH="12"/>
							<String ID="P4_ST01162" HPOS="1840" VPOS="2010" WIDTH="22" HEIGHT="16" CONTENT="is" WC="0.98" CC="01"/>
							<SP ID="P4_SP00893" HPOS="1862" VPOS="2041" WIDTH="12"/>
							<String ID="P4_ST01163" HPOS="1874" VPOS="2002" WIDTH="45" HEIGHT="23" CONTENT="not" WC="0.99" CC="001"/>
							<SP ID="P4_SP00894" HPOS="1919" VPOS="2041" WIDTH="11"/>
							<String ID="P4_ST01164" HPOS="1930" VPOS="2001" WIDTH="73" HEIGHT="24" CONTENT="made" WC="0.90" CC="2110"/>
							<SP ID="P4_SP00895" HPOS="2003" VPOS="2041" WIDTH="10"/>
							<String ID="P4_ST01165" HPOS="2013" VPOS="2001" WIDTH="78" HEIGHT="27" CONTENT="there," WC="0.94" CC="110102"/>
							<SP ID="P4_SP00896" HPOS="2091" VPOS="2041" WIDTH="21"/>
							<String ID="P4_ST01166" HPOS="2112" VPOS="2001" WIDTH="44" HEIGHT="22" CONTENT="but" WC="0.96" CC="100"/>
							<SP ID="P4_SP00897" HPOS="2156" VPOS="2041" WIDTH="10"/>
							<String ID="P4_ST01167" HPOS="2166" VPOS="2000" WIDTH="130" HEIGHT="30" CONTENT="imported." WC="0.91" CC="311012010"/>
							<SP ID="P4_SP00898" HPOS="2296" VPOS="2041" WIDTH="35"/>
							<String ID="P4_ST01168" HPOS="2331" VPOS="2000" WIDTH="10" HEIGHT="21" CONTENT="I" WC="0.93" CC="1"/>
						</TextLine>
						<TextLine ID="P4_TL00239" HPOS="1187" VPOS="2031" WIDTH="1154" HEIGHT="46">
							<String ID="P4_ST01169" HPOS="1187" VPOS="2050" WIDTH="94" HEIGHT="27" CONTENT="import" WC="0.96" CC="011011"/>
							<SP ID="P4_SP00899" HPOS="1281" VPOS="2077" WIDTH="10"/>
							<String ID="P4_ST01170" HPOS="1291" VPOS="2049" WIDTH="65" HEIGHT="23" CONTENT="from" WC="0.71" CC="5502"/>
							<SP ID="P4_SP00900" HPOS="1356" VPOS="2077" WIDTH="12"/>
							<String ID="P4_ST01171" HPOS="1368" VPOS="2045" WIDTH="43" HEIGHT="25" CONTENT="the" WC="0.99" CC="010"/>
							<SP ID="P4_SP00901" HPOS="1411" VPOS="2077" WIDTH="11"/>
							<String ID="P4_ST01172" HPOS="1422" VPOS="2044" WIDTH="54" HEIGHT="24" CONTENT="best" WC="0.96" CC="0101"/>
							<SP ID="P4_SP00902" HPOS="1476" VPOS="2077" WIDTH="11"/>
							<String ID="P4_ST01173" HPOS="1487" VPOS="2040" WIDTH="107" HEIGHT="32" CONTENT="English" WC="0.89" CC="1103030"/>
							<SP ID="P4_SP00903" HPOS="1594" VPOS="2077" WIDTH="12"/>
							<String ID="P4_ST01174" HPOS="1606" VPOS="2039" WIDTH="51" HEIGHT="25" CONTENT="and" WC="0.99" CC="001"/>
							<SP ID="P4_SP00904" HPOS="1657" VPOS="2077" WIDTH="17"/>
							<String ID="P4_ST01175" HPOS="1674" VPOS="2038" WIDTH="88" HEIGHT="25" CONTENT="Scotch" WC="0.98" CC="100000"/>
							<SP ID="P4_SP00905" HPOS="1762" VPOS="2077" WIDTH="12"/>
							<String ID="P4_ST01176" HPOS="1774" VPOS="2037" WIDTH="100" HEIGHT="23" CONTENT="houses." WC="0.95" CC="0011011"/>
							<SP ID="P4_SP00906" HPOS="1874" VPOS="2077" WIDTH="46"/>
							<String ID="P4_ST01177" HPOS="1920" VPOS="2034" WIDTH="72" HEIGHT="24" CONTENT="lam" WC="1.00" CC="001"/>
							<SP ID="P4_SP00907" HPOS="1992" VPOS="2077" WIDTH="12"/>
							<String ID="P4_ST01178" HPOS="2004" VPOS="2032" WIDTH="105" HEIGHT="26" CONTENT="enabled" WC="0.98" CC="0001010"/>
							<SP ID="P4_SP00908" HPOS="2109" VPOS="2077" WIDTH="10"/>
							<String ID="P4_ST01179" HPOS="2119" VPOS="2034" WIDTH="26" HEIGHT="22" CONTENT="to" WC="0.96" CC="10"/>
							<SP ID="P4_SP00909" HPOS="2145" VPOS="2077" WIDTH="11"/>
							<String ID="P4_ST01180" HPOS="2156" VPOS="2032" WIDTH="123" HEIGHT="31" CONTENT="purchase" WC="0.91" CC="01101212"/>
							<SP ID="P4_SP00910" HPOS="2279" VPOS="2077" WIDTH="18"/>
							<String ID="P4_ST01181" HPOS="2297" VPOS="2031" WIDTH="44" HEIGHT="24" CONTENT="low" WC="0.99" CC="001"/>
						</TextLine>
						<TextLine ID="P4_TL00240" HPOS="1186" VPOS="2065" WIDTH="1155" HEIGHT="42">
							<String ID="P4_ST01182" HPOS="1186" VPOS="2083" WIDTH="50" HEIGHT="24" CONTENT="and" WC="0.97" CC="001"/>
							<SP ID="P4_SP00911" HPOS="1236" VPOS="2107" WIDTH="10"/>
							<String ID="P4_ST01183" HPOS="1246" VPOS="2081" WIDTH="45" HEIGHT="25" CONTENT="sell" WC="0.96" CC="1001"/>
							<SP ID="P4_SP00912" HPOS="1291" VPOS="2107" WIDTH="12"/>
							<String ID="P4_ST01184" HPOS="1303" VPOS="2082" WIDTH="27" HEIGHT="23" CONTENT="at" WC="0.91" CC="21"/>
							<SP ID="P4_SP00913" HPOS="1330" VPOS="2107" WIDTH="9"/>
							<String ID="P4_ST01185" HPOS="1339" VPOS="2088" WIDTH="15" HEIGHT="15" CONTENT="a" WC="0.96" CC="1"/>
							<SP ID="P4_SP00914" HPOS="1354" VPOS="2107" WIDTH="10"/>
							<String ID="P4_ST01186" HPOS="1364" VPOS="2080" WIDTH="54" HEIGHT="22" CONTENT="rate" WC="0.98" CC="1000"/>
							<SP ID="P4_SP00915" HPOS="1418" VPOS="2107" WIDTH="12"/>
							<String ID="P4_ST01187" HPOS="1430" VPOS="2076" WIDTH="26" HEIGHT="24" CONTENT="of" WC="0.94" CC="01"/>
							<SP ID="P4_SP00916" HPOS="1456" VPOS="2107" WIDTH="9"/>
							<String ID="P4_ST01188" HPOS="1465" VPOS="2074" WIDTH="75" HEIGHT="33" CONTENT="profit" WC="0.89" CC="411200"/>
							<SP ID="P4_SP00917" HPOS="1540" VPOS="2107" WIDTH="14"/>
							<String ID="P4_ST01189" HPOS="1554" VPOS="2074" WIDTH="52" HEIGHT="31" CONTENT="(my" WC="0.91" CC="021"/>
							<SP ID="P4_SP00918" HPOS="1606" VPOS="2107" WIDTH="12"/>
							<String ID="P4_ST01190" HPOS="1618" VPOS="2078" WIDTH="120" HEIGHT="24" CONTENT="expences" WC="0.96" CC="02100001"/>
							<SP ID="P4_SP00919" HPOS="1738" VPOS="2107" WIDTH="11"/>
							<String ID="P4_ST01191" HPOS="1749" VPOS="2069" WIDTH="72" HEIGHT="31" CONTENT="being" WC="0.95" CC="10111"/>
							<SP ID="P4_SP00920" HPOS="1821" VPOS="2107" WIDTH="11"/>
							<String ID="P4_ST01192" HPOS="1832" VPOS="2067" WIDTH="82" HEIGHT="31" CONTENT="small)" WC="0.84" CC="360000"/>
							<SP ID="P4_SP00921" HPOS="1914" VPOS="2107" WIDTH="13"/>
							<String ID="P4_ST01193" HPOS="1927" VPOS="2067" WIDTH="57" HEIGHT="24" CONTENT="that" WC="0.98" CC="1100"/>
							<SP ID="P4_SP00922" HPOS="1984" VPOS="2107" WIDTH="11"/>
							<String ID="P4_ST01194" HPOS="1995" VPOS="2066" WIDTH="83" HEIGHT="24" CONTENT="would" WC="0.92" CC="20300"/>
							<SP ID="P4_SP00923" HPOS="2078" VPOS="2107" WIDTH="11"/>
							<String ID="P4_ST01195" HPOS="2089" VPOS="2065" WIDTH="30" HEIGHT="25" CONTENT="be" WC="0.96" CC="01"/>
							<SP ID="P4_SP00924" HPOS="2119" VPOS="2107" WIDTH="19"/>
							<String ID="P4_ST01196" HPOS="2138" VPOS="2065" WIDTH="145" HEIGHT="24" CONTENT="considered" WC="0.95" CC="0103010101"/>
							<SP ID="P4_SP00925" HPOS="2283" VPOS="2107" WIDTH="19"/>
							<String ID="P4_ST01197" HPOS="2302" VPOS="2065" WIDTH="39" HEIGHT="24" CONTENT="ab-" WC="0.94" CC="111"/>
						</TextLine>
						<TextLine ID="P4_TL00241" HPOS="1187" VPOS="2097" WIDTH="1154" HEIGHT="43">
							<String ID="P4_ST01198" HPOS="1187" VPOS="2115" WIDTH="57" HEIGHT="25" CONTENT="surd" WC="0.91" CC="1120"/>
							<SP ID="P4_SP00926" HPOS="1244" VPOS="2140" WIDTH="12"/>
							<String ID="P4_ST01199" HPOS="1256" VPOS="2114" WIDTH="32" HEIGHT="26" CONTENT="bv" WC="0.98" CC="01"/>
							<SP ID="P4_SP00927" HPOS="1288" VPOS="2140" WIDTH="16"/>
							<String ID="P4_ST01200" HPOS="1304" VPOS="2120" WIDTH="48" HEIGHT="20" CONTENT="any" WC="0.81" CC="042"/>
							<SP ID="P4_SP00928" HPOS="1352" VPOS="2140" WIDTH="20"/>
							<String ID="P4_ST01201" HPOS="1372" VPOS="2107" WIDTH="180" HEIGHT="28" CONTENT="Christchurch" WC="0.94" CC="111001121210"/>
							<SP ID="P4_SP00929" HPOS="1552" VPOS="2140" WIDTH="23"/>
							<String ID="P4_ST01202" HPOS="1575" VPOS="2103" WIDTH="199" HEIGHT="26" CONTENT="establishment." WC="0.95" CC="11110001010112"/>
							<SP ID="P4_SP00930" HPOS="1774" VPOS="2140" WIDTH="53"/>
							<String ID="P4_ST01203" HPOS="1827" VPOS="2100" WIDTH="44" HEIGHT="31" CONTENT="My" WC="0.96" CC="01"/>
							<SP ID="P4_SP00931" HPOS="1871" VPOS="2140" WIDTH="22"/>
							<String ID="P4_ST01204" HPOS="1893" VPOS="2099" WIDTH="76" HEIGHT="25" CONTENT="Stock" WC="0.96" CC="11000"/>
							<SP ID="P4_SP00932" HPOS="1969" VPOS="2140" WIDTH="19"/>
							<String ID="P4_ST01205" HPOS="1988" VPOS="2107" WIDTH="22" HEIGHT="15" CONTENT="is" WC="0.89" CC="12"/>
							<SP ID="P4_SP00933" HPOS="2010" VPOS="2140" WIDTH="18"/>
							<String ID="P4_ST01206" HPOS="2028" VPOS="2098" WIDTH="44" HEIGHT="24" CONTENT="the" WC="1.00" CC="000"/>
							<SP ID="P4_SP00934" HPOS="2072" VPOS="2140" WIDTH="19"/>
							<String ID="P4_ST01207" HPOS="2091" VPOS="2098" WIDTH="94" HEIGHT="31" CONTENT="largest" WC="0.96" CC="0010111"/>
							<SP ID="P4_SP00935" HPOS="2185" VPOS="2140" WIDTH="19"/>
							<String ID="P4_ST01208" HPOS="2204" VPOS="2097" WIDTH="51" HEIGHT="24" CONTENT="and" WC="0.95" CC="101"/>
							<SP ID="P4_SP00936" HPOS="2255" VPOS="2140" WIDTH="21"/>
							<String ID="P4_ST01209" HPOS="2276" VPOS="2098" WIDTH="65" HEIGHT="23" CONTENT="most" WC="0.92" CC="2011"/>
						</TextLine>
						<TextLine ID="P4_TL00242" HPOS="1185" VPOS="2129" WIDTH="1156" HEIGHT="45">
							<String ID="P4_ST01210" HPOS="1185" VPOS="2147" WIDTH="96" HEIGHT="27" CONTENT="tvaried" WC="0.94" CC="1111111"/>
							<SP ID="P4_SP00937" HPOS="1281" VPOS="2174" WIDTH="8"/>
							<String ID="P4_ST01211" HPOS="1289" VPOS="2147" WIDTH="58" HEIGHT="25" CONTENT="that" WC="0.95" CC="1111"/>
							<SP ID="P4_SP00938" HPOS="1347" VPOS="2174" WIDTH="9"/>
							<String ID="P4_ST01212" HPOS="1356" VPOS="2145" WIDTH="46" HEIGHT="24" CONTENT="has" WC="0.81" CC="141"/>
							<SP ID="P4_SP00939" HPOS="1402" VPOS="2174" WIDTH="11"/>
							<String ID="P4_ST01213" HPOS="1413" VPOS="2149" WIDTH="57" HEIGHT="19" CONTENT="ever" WC="0.96" CC="0101"/>
							<SP ID="P4_SP00940" HPOS="1470" VPOS="2174" WIDTH="9"/>
							<String ID="P4_ST01214" HPOS="1479" VPOS="2141" WIDTH="64" HEIGHT="24" CONTENT="been" WC="0.94" CC="2101"/>
							<SP ID="P4_SP00941" HPOS="1543" VPOS="2174" WIDTH="12"/>
							<String ID="P4_ST01215" HPOS="1555" VPOS="2138" WIDTH="88" HEIGHT="25" CONTENT="shown" WC="0.94" CC="10021"/>
							<SP ID="P4_SP00942" HPOS="1643" VPOS="2174" WIDTH="10"/>
							<String ID="P4_ST01216" HPOS="1653" VPOS="2137" WIDTH="28" HEIGHT="24" CONTENT="in" WC="1.00" CC="00"/>
							<SP ID="P4_SP00943" HPOS="1681" VPOS="2174" WIDTH="10"/>
							<String ID="P4_ST01217" HPOS="1691" VPOS="2136" WIDTH="44" HEIGHT="24" CONTENT="the" WC="0.99" CC="010"/>
							<SP ID="P4_SP00944" HPOS="1735" VPOS="2174" WIDTH="11"/>
							<String ID="P4_ST01218" HPOS="1746" VPOS="2133" WIDTH="104" HEIGHT="29" CONTENT="district," WC="0.82" CC="011193012"/>
							<SP ID="P4_SP00945" HPOS="1850" VPOS="2174" WIDTH="13"/>
							<String ID="P4_ST01219" HPOS="1863" VPOS="2131" WIDTH="51" HEIGHT="26" CONTENT="and" WC="1.00" CC="000"/>
							<SP ID="P4_SP00946" HPOS="1914" VPOS="2174" WIDTH="10"/>
							<String ID="P4_ST01220" HPOS="1924" VPOS="2131" WIDTH="39" HEIGHT="26" CONTENT="for" WC="0.99" CC="100"/>
							<SP ID="P4_SP00947" HPOS="1963" VPOS="2174" WIDTH="10"/>
							<String ID="P4_ST01221" HPOS="1973" VPOS="2131" WIDTH="93" HEIGHT="31" CONTENT="quality" WC="0.92" CC="2111021"/>
							<SP ID="P4_SP00948" HPOS="2066" VPOS="2174" WIDTH="20"/>
							<String ID="P4_ST01222" HPOS="2086" VPOS="2131" WIDTH="49" HEIGHT="24" CONTENT="and" WC="0.94" CC="111"/>
							<SP ID="P4_SP00949" HPOS="2135" VPOS="2174" WIDTH="19"/>
							<String ID="P4_ST01223" HPOS="2154" VPOS="2129" WIDTH="72" HEIGHT="26" CONTENT="value" WC="0.95" CC="11110"/>
							<SP ID="P4_SP00950" HPOS="2226" VPOS="2174" WIDTH="17"/>
							<String ID="P4_ST01224" HPOS="2243" VPOS="2131" WIDTH="59" HEIGHT="29" CONTENT="puts" WC="0.93" CC="1111"/>
							<SP ID="P4_SP00951" HPOS="2302" VPOS="2174" WIDTH="16"/>
							<String ID="P4_ST01225" HPOS="2318" VPOS="2138" WIDTH="23" HEIGHT="16" CONTENT="in" WC="0.98" CC="10"/>
						</TextLine>
						<TextLine ID="P4_TL00243" HPOS="1186" VPOS="2163" WIDTH="1092" HEIGHT="48">
							<String ID="P4_ST01226" HPOS="1186" VPOS="2183" WIDTH="31" HEIGHT="23" CONTENT="he" WC="0.96" CC="10"/>
							<SP ID="P4_SP00952" HPOS="1217" VPOS="2206" WIDTH="12"/>
							<String ID="P4_ST01227" HPOS="1229" VPOS="2181" WIDTH="77" HEIGHT="25" CONTENT="shade" WC="0.98" CC="11100"/>
							<SP ID="P4_SP00953" HPOS="1306" VPOS="2206" WIDTH="17"/>
							<String ID="P4_ST01228" HPOS="1323" VPOS="2177" WIDTH="76" HEIGHT="34" CONTENT="goods" WC="0.98" CC="00010"/>
							<SP ID="P4_SP00954" HPOS="1399" VPOS="2211" WIDTH="12"/>
							<String ID="P4_ST01229" HPOS="1411" VPOS="2174" WIDTH="92" HEIGHT="26" CONTENT="offered" WC="0.88" CC="0440101"/>
							<SP ID="P4_SP00955" HPOS="1503" VPOS="2211" WIDTH="11"/>
							<String ID="P4_ST01230" HPOS="1514" VPOS="2173" WIDTH="33" HEIGHT="31" CONTENT="by" WC="0.98" CC="01"/>
							<SP ID="P4_SP00956" HPOS="1547" VPOS="2211" WIDTH="12"/>
							<String ID="P4_ST01231" HPOS="1559" VPOS="2171" WIDTH="103" HEIGHT="30" CONTENT="visiting" WC="0.98" CC="11100000"/>
							<SP ID="P4_SP00957" HPOS="1662" VPOS="2211" WIDTH="12"/>
							<String ID="P4_ST01232" HPOS="1674" VPOS="2168" WIDTH="116" HEIGHT="26" CONTENT="hawkere" WC="0.96" CC="1111000"/>
							<SP ID="P4_SP00958" HPOS="1790" VPOS="2211" WIDTH="12"/>
							<String ID="P4_ST01233" HPOS="1802" VPOS="2168" WIDTH="63" HEIGHT="23" CONTENT="from" WC="0.88" CC="2103"/>
							<SP ID="P4_SP00959" HPOS="1865" VPOS="2211" WIDTH="12"/>
							<String ID="P4_ST01234" HPOS="1877" VPOS="2164" WIDTH="44" HEIGHT="26" CONTENT="the" WC="0.99" CC="010"/>
							<SP ID="P4_SP00960" HPOS="1921" VPOS="2211" WIDTH="18"/>
							<String ID="P4_ST01235" HPOS="1939" VPOS="2163" WIDTH="182" HEIGHT="27" CONTENT="Christchurch" WC="0.97" CC="100110011001"/>
							<SP ID="P4_SP00961" HPOS="2121" VPOS="2211" WIDTH="11"/>
							<String ID="P4_ST01236" HPOS="2132" VPOS="2171" WIDTH="46" HEIGHT="23" CONTENT="rag" WC="1.00" CC="000"/>
							<SP ID="P4_SP00962" HPOS="2178" VPOS="2211" WIDTH="11"/>
							<String ID="P4_ST01237" HPOS="2189" VPOS="2164" WIDTH="89" HEIGHT="24" CONTENT="marts." WC="0.93" CC="101211"/>
						</TextLine>
						<TextLine ID="P4_TL00244" HPOS="1218" VPOS="2218" WIDTH="874" HEIGHT="40">
							<String ID="P4_ST01238" HPOS="1218" VPOS="2234" WIDTH="94" HEIGHT="24" CONTENT="Dress" WC="0.97" CC="11110"/>
							<SP ID="P4_SP00963" HPOS="1312" VPOS="2258" WIDTH="12"/>
							<String ID="P4_ST01239" HPOS="1324" VPOS="2230" WIDTH="166" HEIGHT="28" CONTENT="Materials," WC="0.96" CC="1000111002"/>
							<SP ID="P4_SP00964" HPOS="1490" VPOS="2258" WIDTH="12"/>
							<String ID="P4_ST01240" HPOS="1502" VPOS="2227" WIDTH="88" HEIGHT="24" CONTENT="Plain" WC="0.99" CC="00001"/>
							<SP ID="P4_SP00965" HPOS="1590" VPOS="2258" WIDTH="13"/>
							<String ID="P4_ST01241" HPOS="1603" VPOS="2225" WIDTH="60" HEIGHT="24" CONTENT="and" WC="0.90" CC="121"/>
							<SP ID="P4_SP00966" HPOS="1663" VPOS="2258" WIDTH="10"/>
							<String ID="P4_ST01242" HPOS="1673" VPOS="2223" WIDTH="104" HEIGHT="28" CONTENT="Fancy" WC="0.90" CC="01103"/>
							<SP ID="P4_SP00967" HPOS="1777" VPOS="2258" WIDTH="12"/>
							<String ID="P4_ST01243" HPOS="1789" VPOS="2221" WIDTH="80" HEIGHT="23" CONTENT="from" WC="0.94" CC="0102"/>
							<SP ID="P4_SP00968" HPOS="1869" VPOS="2258" WIDTH="13"/>
							<String ID="P4_ST01244" HPOS="1882" VPOS="2219" WIDTH="49" HEIGHT="24" CONTENT="3d." WC="0.94" CC="011"/>
							<SP ID="P4_SP00969" HPOS="1931" VPOS="2258" WIDTH="13"/>
							<String ID="P4_ST01245" HPOS="1944" VPOS="2224" WIDTH="55" HEIGHT="25" CONTENT="per" WC="0.96" CC="001"/>
							<SP ID="P4_SP00970" HPOS="1999" VPOS="2258" WIDTH="8"/>
							<String ID="P4_ST01246" HPOS="2007" VPOS="2218" WIDTH="85" HEIGHT="29" CONTENT="yard." WC="0.95" CC="10101"/>
						</TextLine>
						<TextLine ID="P4_TL00245" HPOS="1220" VPOS="2277" WIDTH="902" HEIGHT="42">
							<String ID="P4_ST01247" HPOS="1220" VPOS="2294" WIDTH="26" HEIGHT="24" CONTENT="K" WC="0.48" CC="5" STYLEREFS="TXT_36"/>
							<SP ID="P4_SP00971" HPOS="1246" VPOS="2318" WIDTH="17"/>
							<String ID="P4_ST01248" HPOS="1263" VPOS="2292" WIDTH="110" HEIGHT="27" CONTENT="Strong" WC="0.93" CC="111012"/>
							<SP ID="P4_SP00972" HPOS="1373" VPOS="2319" WIDTH="16"/>
							<String ID="P4_ST01249" HPOS="1389" VPOS="2289" WIDTH="88" HEIGHT="25" CONTENT="Stout" WC="0.98" CC="00011"/>
							<SP ID="P4_SP00973" HPOS="1477" VPOS="2319" WIDTH="16"/>
							<String ID="P4_ST01250" HPOS="1493" VPOS="2285" WIDTH="133" HEIGHT="25" CONTENT="Durable" WC="0.95" CC="1100200"/>
							<SP ID="P4_SP00974" HPOS="1626" VPOS="2319" WIDTH="18"/>
							<String ID="P4_ST01251" HPOS="1644" VPOS="2282" WIDTH="126" HEIGHT="29" CONTENT="Kaiapoi" WC="0.95" CC="2101000"/>
							<SP ID="P4_SP00975" HPOS="1770" VPOS="2319" WIDTH="17"/>
							<String ID="P4_ST01252" HPOS="1787" VPOS="2279" WIDTH="114" HEIGHT="25" CONTENT="Tweed" WC="0.98" CC="11000"/>
							<SP ID="P4_SP00976" HPOS="1901" VPOS="2319" WIDTH="15"/>
							<String ID="P4_ST01253" HPOS="1916" VPOS="2278" WIDTH="52" HEIGHT="30" CONTENT="2/6" WC="0.97" CC="100"/>
							<SP ID="P4_SP00977" HPOS="1968" VPOS="2319" WIDTH="12"/>
							<String ID="P4_ST01254" HPOS="1980" VPOS="2282" WIDTH="55" HEIGHT="25" CONTENT="per" WC="0.99" CC="001"/>
							<SP ID="P4_SP00978" HPOS="2035" VPOS="2319" WIDTH="11"/>
							<String ID="P4_ST01255" HPOS="2046" VPOS="2277" WIDTH="76" HEIGHT="29" CONTENT="yard" WC="0.98" CC="0011"/>
						</TextLine>
						<TextLine ID="P4_TL00246" HPOS="1818" VPOS="2316" WIDTH="493" HEIGHT="31">
							<String ID="P4_ST01256" HPOS="1818" VPOS="2321" WIDTH="108" HEIGHT="24" CONTENT="Makes" WC="0.91" CC="12111"/>
							<SP ID="P4_SP00979" HPOS="1926" VPOS="2345" WIDTH="11"/>
							<String ID="P4_ST01257" HPOS="1937" VPOS="2320" WIDTH="156" HEIGHT="23" CONTENT="first-class" WC="0.96" CC="22100100000"/>
							<SP ID="P4_SP00980" HPOS="2093" VPOS="2345" WIDTH="18"/>
							<String ID="P4_ST01258" HPOS="2111" VPOS="2317" WIDTH="90" HEIGHT="30" CONTENT="Boys'" WC="0.98" CC="00111"/>
							<SP ID="P4_SP00981" HPOS="2201" VPOS="2347" WIDTH="19"/>
							<String ID="P4_ST01259" HPOS="2220" VPOS="2316" WIDTH="91" HEIGHT="26" CONTENT="Suits." WC="0.91" CC="023101"/>
						</TextLine>
						<TextLine ID="P4_TL00247" HPOS="1220" VPOS="2371" WIDTH="718" HEIGHT="41">
							<String ID="P4_ST01260" HPOS="1220" VPOS="2387" WIDTH="57" HEIGHT="25" CONTENT="Art" WC="0.99" CC="100"/>
							<SP ID="P4_SP00982" HPOS="1277" VPOS="2412" WIDTH="16"/>
							<String ID="P4_ST01261" HPOS="1293" VPOS="2383" WIDTH="140" HEIGHT="28" CONTENT="Muslins," WC="0.97" CC="01000102"/>
							<SP ID="P4_SP00983" HPOS="1433" VPOS="2412" WIDTH="20"/>
							<String ID="P4_ST01262" HPOS="1453" VPOS="2378" WIDTH="157" HEIGHT="30" CONTENT="Cretones," WC="0.97" CC="001020001"/>
							<SP ID="P4_SP00984" HPOS="1610" VPOS="2412" WIDTH="19"/>
							<String ID="P4_ST01263" HPOS="1629" VPOS="2376" WIDTH="80" HEIGHT="25" CONTENT="Lace" WC="0.93" CC="3100"/>
							<SP ID="P4_SP00985" HPOS="1709" VPOS="2412" WIDTH="18"/>
							<String ID="P4_ST01264" HPOS="1727" VPOS="2373" WIDTH="138" HEIGHT="26" CONTENT="Curtains" WC="0.97" CC="01111101"/>
							<SP ID="P4_SP00986" HPOS="1865" VPOS="2412" WIDTH="19"/>
							<String ID="P4_ST01265" HPOS="1884" VPOS="2371" WIDTH="54" HEIGHT="24" CONTENT="&amp;c." WC="0.96" CC="101"/>
						</TextLine>
						<TextLine ID="P4_TL00248" HPOS="1220" VPOS="2433" WIDTH="1056" HEIGHT="51">
							<String ID="P4_ST01266" HPOS="1220" VPOS="2454" WIDTH="25" HEIGHT="30" CONTENT="A" WC="0.93" CC="1"/>
							<SP ID="P4_SP00987" HPOS="1245" VPOS="2484" WIDTH="18"/>
							<String ID="P4_ST01267" HPOS="1263" VPOS="2452" WIDTH="109" HEIGHT="25" CONTENT="Choice" WC="0.94" CC="220000"/>
							<SP ID="P4_SP00988" HPOS="1372" VPOS="2484" WIDTH="18"/>
							<String ID="P4_ST01268" HPOS="1390" VPOS="2447" WIDTH="167" HEIGHT="26" CONTENT="Collection" WC="0.98" CC="0000000101"/>
							<SP ID="P4_SP00989" HPOS="1557" VPOS="2484" WIDTH="19"/>
							<String ID="P4_ST01269" HPOS="1576" VPOS="2444" WIDTH="32" HEIGHT="25" CONTENT="of" WC="0.93" CC="02"/>
							<SP ID="P4_SP00990" HPOS="1608" VPOS="2484" WIDTH="15"/>
							<String ID="P4_ST01270" HPOS="1623" VPOS="2442" WIDTH="121" HEIGHT="29" CONTENT="Gloves," WC="0.95" CC="0002011"/>
							<SP ID="P4_SP00991" HPOS="1744" VPOS="2484" WIDTH="27"/>
							<String ID="P4_ST01271" HPOS="1771" VPOS="2440" WIDTH="78" HEIGHT="29" CONTENT="Ties," WC="0.97" CC="01001"/>
							<SP ID="P4_SP00992" HPOS="1849" VPOS="2484" WIDTH="30"/>
							<String ID="P4_ST01272" HPOS="1879" VPOS="2436" WIDTH="129" HEIGHT="31" CONTENT="Aprons," WC="0.96" CC="1010101"/>
							<SP ID="P4_SP00993" HPOS="2008" VPOS="2484" WIDTH="31"/>
							<String ID="P4_ST01273" HPOS="2039" VPOS="2434" WIDTH="166" HEIGHT="25" CONTENT="Insertions" WC="0.99" CC="0100001000"/>
							<SP ID="P4_SP00994" HPOS="2205" VPOS="2484" WIDTH="17"/>
							<String ID="P4_ST01274" HPOS="2222" VPOS="2433" WIDTH="54" HEIGHT="25" CONTENT="&amp;c." WC="0.94" CC="101"/>
						</TextLine>
						<TextLine ID="P4_TL00249" HPOS="1220" VPOS="2487" WIDTH="884" HEIGHT="49">
							<String ID="P4_ST01275" HPOS="1220" VPOS="2505" WIDTH="120" HEIGHT="31" CONTENT="Striped" WC="0.98" CC="0011001"/>
							<SP ID="P4_SP00995" HPOS="1340" VPOS="2536" WIDTH="17"/>
							<String ID="P4_ST01276" HPOS="1357" VPOS="2502" WIDTH="124" HEIGHT="26" CONTENT="Galatea" WC="1.00" CC="0000000"/>
							<SP ID="P4_SP00996" HPOS="1481" VPOS="2536" WIDTH="16"/>
							<String ID="P4_ST01277" HPOS="1497" VPOS="2497" WIDTH="55" HEIGHT="34" CONTENT="4/6" WC="0.96" CC="101"/>
							<SP ID="P4_SP00997" HPOS="1552" VPOS="2536" WIDTH="12"/>
							<String ID="P4_ST01278" HPOS="1564" VPOS="2502" WIDTH="54" HEIGHT="26" CONTENT="per" WC="0.96" CC="011"/>
							<SP ID="P4_SP00998" HPOS="1618" VPOS="2536" WIDTH="12"/>
							<String ID="P4_ST01279" HPOS="1630" VPOS="2496" WIDTH="107" HEIGHT="28" CONTENT="dozen," WC="0.95" CC="101110"/>
							<SP ID="P4_SP00999" HPOS="1737" VPOS="2536" WIDTH="29"/>
							<String ID="P4_ST01280" HPOS="1766" VPOS="2491" WIDTH="103" HEIGHT="26" CONTENT="worth" WC="0.87" CC="10105"/>
							<SP ID="P4_SP01000" HPOS="1869" VPOS="2536" WIDTH="12"/>
							<String ID="P4_ST01281" HPOS="1881" VPOS="2490" WIDTH="49" HEIGHT="24" CONTENT="9d." WC="0.96" CC="011"/>
							<SP ID="P4_SP01001" HPOS="1930" VPOS="2536" WIDTH="19"/>
							<String ID="P4_ST01282" HPOS="1949" VPOS="2494" WIDTH="54" HEIGHT="26" CONTENT="per" WC="0.97" CC="011"/>
							<SP ID="P4_SP01002" HPOS="2003" VPOS="2536" WIDTH="17"/>
							<String ID="P4_ST01283" HPOS="2020" VPOS="2487" WIDTH="84" HEIGHT="31" CONTENT="yard." WC="0.97" CC="00111"/>
						</TextLine>
						<TextLine ID="P4_TL00250" HPOS="1219" VPOS="2549" WIDTH="935" HEIGHT="45">
							<String ID="P4_ST01284" HPOS="1219" VPOS="2569" WIDTH="103" HEIGHT="25" CONTENT="Prints" WC="0.98" CC="110000"/>
							<SP ID="P4_SP01003" HPOS="1322" VPOS="2594" WIDTH="11"/>
							<String ID="P4_ST01285" HPOS="1333" VPOS="2567" WIDTH="80" HEIGHT="24" CONTENT="from" WC="0.94" CC="1102"/>
							<SP ID="P4_SP01004" HPOS="1413" VPOS="2594" WIDTH="12"/>
							<String ID="P4_ST01286" HPOS="1425" VPOS="2564" WIDTH="52" HEIGHT="25" CONTENT="4d." WC="0.95" CC="101"/>
							<SP ID="P4_SP01005" HPOS="1477" VPOS="2594" WIDTH="13"/>
							<String ID="P4_ST01287" HPOS="1490" VPOS="2567" WIDTH="55" HEIGHT="26" CONTENT="per" WC="0.97" CC="011"/>
							<SP ID="P4_SP01006" HPOS="1545" VPOS="2594" WIDTH="11"/>
							<String ID="P4_ST01288" HPOS="1556" VPOS="2560" WIDTH="84" HEIGHT="30" CONTENT="yard." WC="0.95" CC="00112"/>
							<SP ID="P4_SP01007" HPOS="1640" VPOS="2594" WIDTH="13"/>
							<String ID="P4_ST01289" HPOS="1653" VPOS="2558" WIDTH="139" HEIGHT="28" CONTENT="Muslins," WC="0.94" CC="10010102"/>
							<SP ID="P4_SP01008" HPOS="1792" VPOS="2594" WIDTH="14"/>
							<String ID="P4_ST01290" HPOS="1806" VPOS="2554" WIDTH="139" HEIGHT="29" CONTENT="Selesias," WC="0.98" CC="100000002"/>
							<SP ID="P4_SP01009" HPOS="1945" VPOS="2594" WIDTH="14"/>
							<String ID="P4_ST01291" HPOS="1959" VPOS="2552" WIDTH="125" HEIGHT="29" CONTENT="Calicos," WC="0.99" CC="10000001"/>
							<SP ID="P4_SP01010" HPOS="2084" VPOS="2594" WIDTH="16"/>
							<String ID="P4_ST01292" HPOS="2100" VPOS="2549" WIDTH="54" HEIGHT="25" CONTENT="&amp;c." WC="0.97" CC="101"/>
						</TextLine>
						<TextLine ID="P4_TL00251" HPOS="1804" VPOS="2592" WIDTH="505" HEIGHT="31">
							<String ID="P4_ST01293" HPOS="1804" VPOS="2596" WIDTH="89" HEIGHT="27" CONTENT="With" WC="0.92" CC="3000"/>
							<SP ID="P4_SP01011" HPOS="1893" VPOS="2623" WIDTH="16"/>
							<String ID="P4_ST01294" HPOS="1909" VPOS="2596" WIDTH="88" HEIGHT="24" CONTENT="other" WC="0.96" CC="01011"/>
							<SP ID="P4_SP01012" HPOS="1997" VPOS="2623" WIDTH="16"/>
							<String ID="P4_ST01295" HPOS="2013" VPOS="2593" WIDTH="195" HEIGHT="25" CONTENT="Manchester" WC="0.98" CC="0110010001"/>
							<SP ID="P4_SP01013" HPOS="2208" VPOS="2623" WIDTH="16"/>
							<String ID="P4_ST01296" HPOS="2224" VPOS="2592" WIDTH="85" HEIGHT="30" CONTENT="lines." WC="0.97" CC="010011"/>
						</TextLine>
						<TextLine ID="P4_TL00252" HPOS="1220" VPOS="2649" WIDTH="790" HEIGHT="47">
							<String ID="P4_ST01297" HPOS="1220" VPOS="2666" WIDTH="87" HEIGHT="30" CONTENT="Hats," WC="0.98" CC="00001"/>
							<SP ID="P4_SP01014" HPOS="1307" VPOS="2696" WIDTH="19"/>
							<String ID="P4_ST01298" HPOS="1326" VPOS="2663" WIDTH="103" HEIGHT="30" CONTENT="Fancy" WC="0.98" CC="01101"/>
							<SP ID="P4_SP01015" HPOS="1429" VPOS="2696" WIDTH="17"/>
							<String ID="P4_ST01299" HPOS="1446" VPOS="2660" WIDTH="60" HEIGHT="26" CONTENT="and" WC="0.94" CC="011"/>
							<SP ID="P4_SP01016" HPOS="1506" VPOS="2696" WIDTH="17"/>
							<String ID="P4_ST01300" HPOS="1523" VPOS="2658" WIDTH="106" HEIGHT="31" CONTENT="Sailor," WC="0.95" CC="1110001"/>
							<SP ID="P4_SP01017" HPOS="1629" VPOS="2696" WIDTH="19"/>
							<String ID="P4_ST01301" HPOS="1648" VPOS="2657" WIDTH="32" HEIGHT="24" CONTENT="in" WC="0.94" CC="11"/>
							<SP ID="P4_SP01018" HPOS="1680" VPOS="2696" WIDTH="15"/>
							<String ID="P4_ST01302" HPOS="1695" VPOS="2654" WIDTH="105" HEIGHT="26" CONTENT="White" WC="0.95" CC="11001"/>
							<SP ID="P4_SP01019" HPOS="1800" VPOS="2696" WIDTH="17"/>
							<String ID="P4_ST01303" HPOS="1817" VPOS="2652" WIDTH="60" HEIGHT="24" CONTENT="and" WC="0.97" CC="110"/>
							<SP ID="P4_SP01020" HPOS="1877" VPOS="2696" WIDTH="18"/>
							<String ID="P4_ST01304" HPOS="1895" VPOS="2649" WIDTH="115" HEIGHT="27" CONTENT="Colors." WC="0.98" CC="0001001"/>
						</TextLine>
						<TextLine ID="P4_TL00253" HPOS="1763" VPOS="2691" WIDTH="546" HEIGHT="37">
							<String ID="P4_ST01305" HPOS="1763" VPOS="2696" WIDTH="126" HEIGHT="29" CONTENT="Newest" WC="0.82" CC="611112"/>
							<SP ID="P4_SP01021" HPOS="1889" VPOS="2725" WIDTH="16"/>
							<String ID="P4_ST01306" HPOS="1905" VPOS="2694" WIDTH="124" HEIGHT="34" CONTENT="Shapes." WC="0.95" CC="1111011"/>
							<SP ID="P4_SP01022" HPOS="2029" VPOS="2728" WIDTH="35"/>
							<String ID="P4_ST01307" HPOS="2064" VPOS="2691" WIDTH="96" HEIGHT="32" CONTENT="Large" WC="0.95" CC="20110"/>
							<SP ID="P4_SP01023" HPOS="2160" VPOS="2728" WIDTH="17"/>
							<String ID="P4_ST01308" HPOS="2177" VPOS="2692" WIDTH="132" HEIGHT="33" CONTENT="Variety," WC="0.86" CC="71110012"/>
						</TextLine>
						<TextLine ID="P4_TL00254" HPOS="1218" VPOS="2750" WIDTH="780" HEIGHT="46">
							<String ID="P4_ST01309" HPOS="1218" VPOS="2768" WIDTH="148" HEIGHT="28" CONTENT="Flowers," WC="0.97" CC="10011001"/>
							<SP ID="P4_SP01024" HPOS="1366" VPOS="2796" WIDTH="19"/>
							<String ID="P4_ST01310" HPOS="1385" VPOS="2764" WIDTH="154" HEIGHT="28" CONTENT="Feathers," WC="0.97" CC="001010111"/>
							<SP ID="P4_SP01025" HPOS="1539" VPOS="2796" WIDTH="18"/>
							<String ID="P4_ST01311" HPOS="1557" VPOS="2755" WIDTH="148" HEIGHT="34" CONTENT="Ribbons," WC="0.78" CC="21930011"/>
							<SP ID="P4_SP01026" HPOS="1705" VPOS="2796" WIDTH="19"/>
							<String ID="P4_ST01312" HPOS="1724" VPOS="2756" WIDTH="106" HEIGHT="29" CONTENT="Laces," WC="0.97" CC="100101"/>
							<SP ID="P4_SP01027" HPOS="1830" VPOS="2796" WIDTH="18"/>
							<String ID="P4_ST01313" HPOS="1848" VPOS="2753" WIDTH="76" HEIGHT="31" CONTENT="Jets," WC="0.95" CC="21001"/>
							<SP ID="P4_SP01028" HPOS="1924" VPOS="2796" WIDTH="20"/>
							<String ID="P4_ST01314" HPOS="1944" VPOS="2750" WIDTH="54" HEIGHT="28" CONTENT="&amp;c." WC="0.89" CC="201"/>
						</TextLine>
						<TextLine ID="P4_TL00255" HPOS="1690" VPOS="2789" WIDTH="619" HEIGHT="34">
							<String ID="P4_ST01315" HPOS="1690" VPOS="2797" WIDTH="88" HEIGHT="26" CONTENT="With" WC="0.99" CC="0100"/>
							<SP ID="P4_SP01029" HPOS="1778" VPOS="2823" WIDTH="16"/>
							<String ID="P4_ST01316" HPOS="1794" VPOS="2796" WIDTH="42" HEIGHT="24" CONTENT="all" WC="1.00" CC="000"/>
							<SP ID="P4_SP01030" HPOS="1836" VPOS="2823" WIDTH="15"/>
							<String ID="P4_ST01317" HPOS="1851" VPOS="2792" WIDTH="186" HEIGHT="26" CONTENT="necessaries" WC="0.99" CC="00100111000"/>
							<SP ID="P4_SP01031" HPOS="2037" VPOS="2823" WIDTH="17"/>
							<String ID="P4_ST01318" HPOS="2054" VPOS="2791" WIDTH="47" HEIGHT="24" CONTENT="for" WC="0.95" CC="101"/>
							<SP ID="P4_SP01032" HPOS="2101" VPOS="2823" WIDTH="17"/>
							<String ID="P4_ST01319" HPOS="2118" VPOS="2789" WIDTH="191" HEIGHT="29" CONTENT="Trimmings," WC="0.96" CC="1100110111"/>
						</TextLine>
						<TextLine ID="P4_TL00256" HPOS="1218" VPOS="2843" WIDTH="807" HEIGHT="45">
							<String ID="P4_ST01320" HPOS="1218" VPOS="2859" WIDTH="103" HEIGHT="29" CONTENT="Fancy" WC="0.98" CC="01100"/>
							<SP ID="P4_SP01033" HPOS="1321" VPOS="2888" WIDTH="15"/>
							<String ID="P4_ST01321" HPOS="1336" VPOS="2857" WIDTH="141" HEIGHT="26" CONTENT="Frillings" WC="0.98" CC="010000011"/>
							<SP ID="P4_SP01034" HPOS="1477" VPOS="2888" WIDTH="19"/>
							<String ID="P4_ST01322" HPOS="1496" VPOS="2852" WIDTH="77" HEIGHT="30" CONTENT="3yds" WC="1.00" CC="0000"/>
							<SP ID="P4_SP01035" HPOS="1573" VPOS="2888" WIDTH="11"/>
							<String ID="P4_ST01323" HPOS="1584" VPOS="2851" WIDTH="46" HEIGHT="24" CONTENT="for" WC="0.96" CC="101"/>
							<SP ID="P4_SP01036" HPOS="1630" VPOS="2888" WIDTH="10"/>
							<String ID="P4_ST01324" HPOS="1640" VPOS="2850" WIDTH="36" HEIGHT="31" CONTENT="1/-" WC="0.96" CC="101"/>
							<SP ID="P4_SP01037" HPOS="1676" VPOS="2888" WIDTH="18"/>
							<String ID="P4_ST01325" HPOS="1694" VPOS="2848" WIDTH="102" HEIGHT="25" CONTENT="worth" WC="0.97" CC="10110"/>
							<SP ID="P4_SP01038" HPOS="1796" VPOS="2888" WIDTH="12"/>
							<String ID="P4_ST01326" HPOS="1808" VPOS="2846" WIDTH="50" HEIGHT="30" CONTENT="9d," WC="0.99" CC="001"/>
							<SP ID="P4_SP01039" HPOS="1858" VPOS="2888" WIDTH="18"/>
							<String ID="P4_ST01327" HPOS="1876" VPOS="2848" WIDTH="55" HEIGHT="27" CONTENT="per" WC="0.97" CC="001"/>
							<SP ID="P4_SP01040" HPOS="1931" VPOS="2888" WIDTH="11"/>
							<String ID="P4_ST01328" HPOS="1942" VPOS="2843" WIDTH="83" HEIGHT="31" CONTENT="yard," WC="0.98" CC="00101"/>
						</TextLine>
						<TextLine ID="P4_TL00257" HPOS="1754" VPOS="2881" WIDTH="554" HEIGHT="36">
							<String ID="P4_ST01329" HPOS="1754" VPOS="2889" WIDTH="183" HEIGHT="28" CONTENT="Umbrellas," WC="0.96" CC="0021000001"/>
							<SP ID="P4_SP01041" HPOS="1937" VPOS="2917" WIDTH="18"/>
							<String ID="P4_ST01330" HPOS="1955" VPOS="2886" WIDTH="152" HEIGHT="28" CONTENT="Parasols," WC="0.99" CC="001010000"/>
							<SP ID="P4_SP01042" HPOS="2107" VPOS="2917" WIDTH="18"/>
							<String ID="P4_ST01331" HPOS="2125" VPOS="2881" WIDTH="183" HEIGHT="31" CONTENT="Sunshades," WC="0.97" CC="0110000111"/>
						</TextLine>
						<TextLine ID="P4_TL00258" HPOS="1334" VPOS="2986" WIDTH="842" HEIGHT="55">
							<String ID="P4_ST01332" HPOS="1334" VPOS="2994" WIDTH="332" HEIGHT="47" CONTENT="SPECIAL" WC="0.68" CC="1321195" STYLEREFS="TXT_28"/>
							<SP ID="P4_SP01043" HPOS="1666" VPOS="3041" WIDTH="87"/>
							<String ID="P4_ST01333" HPOS="1753" VPOS="2986" WIDTH="423" HEIGHT="44" CONTENT="PURCHASE" WC="0.58" CC="29611922" STYLEREFS="TXT_28"/>
						</TextLine>
						<TextLine ID="P4_TL00259" HPOS="1186" VPOS="3055" WIDTH="1155" HEIGHT="50">
							<String ID="P4_ST01334" HPOS="1186" VPOS="3072" WIDTH="110" HEIGHT="33" CONTENT="BOYS" WC="0.94" CC="1011" STYLEREFS="TXT_0"/>
							<SP ID="P4_SP01044" HPOS="1296" VPOS="3105" WIDTH="32"/>
							<String ID="P4_ST01335" HPOS="1328" VPOS="3069" WIDTH="90" HEIGHT="32" CONTENT="AND" WC="0.56" CC="184" STYLEREFS="TXT_0"/>
							<SP ID="P4_SP01045" HPOS="1418" VPOS="3105" WIDTH="30"/>
							<String ID="P4_ST01336" HPOS="1448" VPOS="3064" WIDTH="173" HEIGHT="33" CONTENT="YOUTHS" WC="0.90" CC="104012" STYLEREFS="TXT_0"/>
							<SP ID="P4_SP01046" HPOS="1621" VPOS="3105" WIDTH="39"/>
							<String ID="P4_ST01337" HPOS="1660" VPOS="3058" WIDTH="217" HEIGHT="35" CONTENT="COLONIAL" WC="0.83" CC="20009030" STYLEREFS="TXT_0"/>
							<SP ID="P4_SP01047" HPOS="1877" VPOS="3105" WIDTH="32"/>
							<String ID="P4_ST01338" HPOS="1909" VPOS="3057" WIDTH="155" HEIGHT="31" CONTENT="TWEED" WC="0.95" CC="02110" STYLEREFS="TXT_0"/>
							<SP ID="P4_SP01048" HPOS="2064" VPOS="3105" WIDTH="26"/>
							<String ID="P4_ST01339" HPOS="2090" VPOS="3055" WIDTH="251" HEIGHT="33" CONTENT="OVERCOATS" WC="0.90" CC="041310100" STYLEREFS="TXT_0"/>
						</TextLine>
						<TextLine ID="P4_TL00260" HPOS="1669" VPOS="3121" WIDTH="661" HEIGHT="40">
							<String ID="P4_ST01340" HPOS="1669" VPOS="3123" WIDTH="85" HEIGHT="34" CONTENT="with." WC="0.76" CC="90111"/>
							<SP ID="P4_SP01049" HPOS="1754" VPOS="3157" WIDTH="14"/>
							<String ID="P4_ST01341" HPOS="1768" VPOS="3121" WIDTH="97" HEIGHT="40" CONTENT="Capes" WC="0.94" CC="11101"/>
							<SP ID="P4_SP01050" HPOS="1865" VPOS="3161" WIDTH="154"/>
							<String ID="P4_ST01342" HPOS="2019" VPOS="3155" WIDTH="3" HEIGHT="4" CONTENT="." WC="0.63" CC="4"/>
							<SP ID="P4_SP01051" HPOS="2022" VPOS="3161" WIDTH="234"/>
							<String ID="P4_ST01343" HPOS="2256" VPOS="3140" WIDTH="39" HEIGHT="14" CONTENT="...." WC="0.94" CC="1111"/>
							<SP ID="P4_SP01052" HPOS="2295" VPOS="3161" WIDTH="33"/>
							<String ID="P4_ST01344" HPOS="2328" VPOS="3147" WIDTH="2" HEIGHT="2" CONTENT="■" WC="1.00" CC="0"/>
						</TextLine>
						<TextLine ID="P4_TL00261" HPOS="1462" VPOS="3178" WIDTH="629" HEIGHT="40">
							<String ID="P4_ST01345" HPOS="1462" VPOS="3188" WIDTH="94" HEIGHT="30" CONTENT="From" WC="0.86" CC="2004"/>
							<SP ID="P4_SP01053" HPOS="1556" VPOS="3218" WIDTH="22"/>
							<String ID="P4_ST01346" HPOS="1578" VPOS="3186" WIDTH="66" HEIGHT="30" CONTENT="17s." WC="0.97" CC="0110"/>
							<SP ID="P4_SP01054" HPOS="1644" VPOS="3218" WIDTH="45"/>
							<String ID="P4_ST01347" HPOS="1689" VPOS="3184" WIDTH="50" HEIGHT="29" CONTENT="6d." WC="0.93" CC="121"/>
							<SP ID="P4_SP01055" HPOS="1739" VPOS="3218" WIDTH="45"/>
							<String ID="P4_ST01348" HPOS="1784" VPOS="3180" WIDTH="102" HEIGHT="32" CONTENT="worth" WC="0.80" CC="50114"/>
							<SP ID="P4_SP01056" HPOS="1886" VPOS="3218" WIDTH="42"/>
							<String ID="P4_ST01349" HPOS="1928" VPOS="3180" WIDTH="66" HEIGHT="30" CONTENT="255." WC="0.94" CC="1111"/>
							<SP ID="P4_SP01057" HPOS="1994" VPOS="3218" WIDTH="48"/>
							<String ID="P4_ST01350" HPOS="2042" VPOS="3178" WIDTH="49" HEIGHT="30" CONTENT="6d." WC="0.91" CC="121"/>
						</TextLine>
						<TextLine ID="P4_TL00262" HPOS="1338" VPOS="3244" WIDTH="858" HEIGHT="42">
							<String ID="P4_ST01351" HPOS="1338" VPOS="3252" WIDTH="196" HEIGHT="34" CONTENT="Mexx's" WC="0.59" CC="666321" STYLEREFS="TXT_14"/>
							<SP ID="P4_SP01058" HPOS="1534" VPOS="3286" WIDTH="43"/>
							<String ID="P4_ST01352" HPOS="1577" VPOS="3248" WIDTH="227" HEIGHT="33" CONTENT="rFweecL" WC="0.73" CC="9114211" STYLEREFS="TXT_14"/>
							<SP ID="P4_SP01059" HPOS="1804" VPOS="3286" WIDTH="43"/>
							<String ID="P4_ST01353" HPOS="1847" VPOS="3244" WIDTH="349" HEIGHT="34" CONTENT="Overcoats" WC="0.93" CC="051100100" STYLEREFS="TXT_14"/>
						</TextLine>
						<TextLine ID="P4_TL00263" HPOS="1660" VPOS="3298" WIDTH="495" HEIGHT="32">
							<String ID="P4_ST01354" HPOS="1660" VPOS="3300" WIDTH="95" HEIGHT="30" CONTENT="From" WC="0.86" CC="4101" STYLEREFS="TXT_21"/>
							<SP ID="P4_SP01060" HPOS="1755" VPOS="3330" WIDTH="24"/>
							<String ID="P4_ST01355" HPOS="1779" VPOS="3298" WIDTH="64" HEIGHT="31" CONTENT="15s." WC="0.94" CC="0211" STYLEREFS="TXT_21"/>
							<SP ID="P4_SP01061" HPOS="1843" VPOS="3330" WIDTH="308"/>
							<String ID="P4_ST01356" HPOS="2151" VPOS="3323" WIDTH="4" HEIGHT="3" CONTENT="." WC="1.00" CC="0" STYLEREFS="TXT_21"/>
						</TextLine>
						<TextLine ID="P4_TL00264" HPOS="1182" VPOS="3469" WIDTH="1159" HEIGHT="47">
							<String ID="P4_ST01357" HPOS="1182" VPOS="3474" WIDTH="134" HEIGHT="40" CONTENT="English" WC="0.94" CC="1211011" STYLEREFS="TXT_21"/>
							<SP ID="P4_SP01062" HPOS="1316" VPOS="3514" WIDTH="15"/>
							<String ID="P4_ST01358" HPOS="1331" VPOS="3476" WIDTH="128" HEIGHT="40" CONTENT="Witney" WC="0.86" CC="201204" STYLEREFS="TXT_21"/>
							<SP ID="P4_SP01063" HPOS="1459" VPOS="3516" WIDTH="8"/>
							<String ID="P4_ST01359" HPOS="1467" VPOS="3474" WIDTH="150" HEIGHT="32" CONTENT="Blankets" WC="0.91" CC="03112011" STYLEREFS="TXT_21"/>
							<SP ID="P4_SP01064" HPOS="1617" VPOS="3516" WIDTH="15"/>
							<String ID="P4_ST01360" HPOS="1632" VPOS="3478" WIDTH="33" HEIGHT="26" CONTENT="to" WC="0.94" CC="01" STYLEREFS="TXT_21"/>
							<SP ID="P4_SP01065" HPOS="1665" VPOS="3516" WIDTH="16"/>
							<String ID="P4_ST01361" HPOS="1681" VPOS="3474" WIDTH="37" HEIGHT="30" CONTENT="be" WC="0.98" CC="01" STYLEREFS="TXT_21"/>
							<SP ID="P4_SP01066" HPOS="1718" VPOS="3516" WIDTH="15"/>
							<String ID="P4_ST01362" HPOS="1733" VPOS="3472" WIDTH="68" HEIGHT="33" CONTENT="sold" WC="0.96" CC="1001" STYLEREFS="TXT_21"/>
							<SP ID="P4_SP01067" HPOS="1801" VPOS="3516" WIDTH="15"/>
							<String ID="P4_ST01363" HPOS="1816" VPOS="3476" WIDTH="32" HEIGHT="26" CONTENT="at" WC="1.00" CC="00" STYLEREFS="TXT_21"/>
							<SP ID="P4_SP01068" HPOS="1848" VPOS="3516" WIDTH="10"/>
							<String ID="P4_ST01364" HPOS="1858" VPOS="3473" WIDTH="59" HEIGHT="29" CONTENT="less" WC="0.98" CC="1001" STYLEREFS="TXT_21"/>
							<SP ID="P4_SP01069" HPOS="1917" VPOS="3516" WIDTH="9"/>
							<String ID="P4_ST01365" HPOS="1926" VPOS="3472" WIDTH="78" HEIGHT="30" CONTENT="than" WC="0.95" CC="1101" STYLEREFS="TXT_21"/>
							<SP ID="P4_SP01070" HPOS="2004" VPOS="3516" WIDTH="14"/>
							<String ID="P4_ST01366" HPOS="2018" VPOS="3471" WIDTH="181" HEIGHT="30" CONTENT="Melbourne" WC="0.99" CC="000000110" STYLEREFS="TXT_21"/>
							<SP ID="P4_SP01071" HPOS="2199" VPOS="3516" WIDTH="14"/>
							<String ID="P4_ST01367" HPOS="2213" VPOS="3469" WIDTH="128" HEIGHT="32" CONTENT="Whole-" WC="0.96" CC="110011" STYLEREFS="TXT_21"/>
						</TextLine>
						<TextLine ID="P4_TL00265" HPOS="1183" VPOS="3523" WIDTH="1154" HEIGHT="45">
							<String ID="P4_ST01368" HPOS="1183" VPOS="3526" WIDTH="63" HEIGHT="30" CONTENT="sale" WC="0.97" CC="1101" STYLEREFS="TXT_21"/>
							<SP ID="P4_SP01072" HPOS="1246" VPOS="3556" WIDTH="21"/>
							<String ID="P4_ST01369" HPOS="1267" VPOS="3529" WIDTH="128" HEIGHT="39" CONTENT="price—" WC="0.96" CC="110010" STYLEREFS="TXT_21"/>
							<String ID="P4_ST01370" HPOS="1394" VPOS="3528" WIDTH="121" HEIGHT="31" CONTENT="Double" WC="0.99" CC="001000" STYLEREFS="TXT_21"/>
							<SP ID="P4_SP01073" HPOS="1515" VPOS="3568" WIDTH="15"/>
							<String ID="P4_ST01371" HPOS="1530" VPOS="3526" WIDTH="68" HEIGHT="30" CONTENT="Bed" WC="0.99" CC="100" STYLEREFS="TXT_21"/>
							<SP ID="P4_SP01074" HPOS="1598" VPOS="3568" WIDTH="18"/>
							<String ID="P4_ST01372" HPOS="1616" VPOS="3525" WIDTH="68" HEIGHT="32" CONTENT="Size" WC="0.94" CC="2010" STYLEREFS="TXT_21"/>
							<SP ID="P4_SP01075" HPOS="1684" VPOS="3568" WIDTH="23"/>
							<String ID="P4_ST01373" HPOS="1707" VPOS="3526" WIDTH="64" HEIGHT="28" CONTENT="12s." WC="0.97" CC="0111" STYLEREFS="TXT_21"/>
							<SP ID="P4_SP01076" HPOS="1771" VPOS="3568" WIDTH="26"/>
							<String ID="P4_ST01374" HPOS="1797" VPOS="3524" WIDTH="49" HEIGHT="30" CONTENT="6d." WC="0.96" CC="101" STYLEREFS="TXT_21"/>
							<SP ID="P4_SP01077" HPOS="1846" VPOS="3568" WIDTH="51"/>
							<String ID="P4_ST01375" HPOS="1897" VPOS="3523" WIDTH="102" HEIGHT="30" CONTENT="worth" WC="0.89" CC="40101" STYLEREFS="TXT_21"/>
							<SP ID="P4_SP01078" HPOS="1999" VPOS="3568" WIDTH="16"/>
							<String ID="P4_ST01376" HPOS="2015" VPOS="3523" WIDTH="65" HEIGHT="30" CONTENT="16s." WC="0.97" CC="0111" STYLEREFS="TXT_21"/>
							<SP ID="P4_SP01079" HPOS="2080" VPOS="3568" WIDTH="39"/>
							<String ID="P4_ST01377" HPOS="2119" VPOS="3523" WIDTH="49" HEIGHT="29" CONTENT="6d." WC="0.97" CC="101" STYLEREFS="TXT_21"/>
							<SP ID="P4_SP01080" HPOS="2168" VPOS="3568" WIDTH="23"/>
							<String ID="P4_ST01378" HPOS="2191" VPOS="3532" WIDTH="55" HEIGHT="29" CONTENT="per" WC="0.97" CC="101" STYLEREFS="TXT_21"/>
							<SP ID="P4_SP01081" HPOS="2246" VPOS="3568" WIDTH="14"/>
							<String ID="P4_ST01379" HPOS="2260" VPOS="3523" WIDTH="77" HEIGHT="39" CONTENT="pair." WC="0.98" CC="00011" STYLEREFS="TXT_21"/>
						</TextLine>
						<TextLine ID="P4_TL00266" HPOS="1350" VPOS="3589" WIDTH="851" HEIGHT="47">
							<String ID="P4_ST01380" HPOS="1350" VPOS="3597" WIDTH="131" HEIGHT="39" CONTENT="cheaper" WC="0.99" CC="0010001" STYLEREFS="TXT_21"/>
							<SP ID="P4_SP01082" HPOS="1481" VPOS="3636" WIDTH="14"/>
							<String ID="P4_ST01381" HPOS="1495" VPOS="3595" WIDTH="78" HEIGHT="29" CONTENT="than" WC="0.95" CC="0111" STYLEREFS="TXT_21"/>
							<SP ID="P4_SP01083" HPOS="1573" VPOS="3636" WIDTH="16"/>
							<String ID="P4_ST01382" HPOS="1589" VPOS="3590" WIDTH="225" HEIGHT="33" CONTENT="Ohristchurch" WC="0.96" CC="011010001111" STYLEREFS="TXT_21"/>
							<SP ID="P4_SP01084" HPOS="1814" VPOS="3636" WIDTH="14"/>
							<String ID="P4_ST01383" HPOS="1828" VPOS="3591" WIDTH="114" HEIGHT="29" CONTENT="houses" WC="0.93" CC="003011" STYLEREFS="TXT_21"/>
							<SP ID="P4_SP01085" HPOS="1942" VPOS="3636" WIDTH="14"/>
							<String ID="P4_ST01384" HPOS="1956" VPOS="3590" WIDTH="65" HEIGHT="31" CONTENT="will" WC="0.99" CC="1000" STYLEREFS="TXT_21"/>
							<SP ID="P4_SP01086" HPOS="2021" VPOS="3636" WIDTH="14"/>
							<String ID="P4_ST01385" HPOS="2035" VPOS="3589" WIDTH="58" HEIGHT="31" CONTENT="sell" WC="0.97" CC="1010" STYLEREFS="TXT_21"/>
							<SP ID="P4_SP01087" HPOS="2093" VPOS="3636" WIDTH="14"/>
							<String ID="P4_ST01386" HPOS="2107" VPOS="3590" WIDTH="94" HEIGHT="30" CONTENT="them." WC="0.98" CC="10001" STYLEREFS="TXT_21"/>
						</TextLine>
						<TextLine ID="P4_TL00267" HPOS="1182" VPOS="3684" WIDTH="1156" HEIGHT="84">
							<String ID="P4_ST01387" HPOS="1182" VPOS="3686" WIDTH="302" HEIGHT="82" CONTENT="MISSES'" WC="0.85" CC="1111115" STYLEREFS="TXT_37"/>
							<SP ID="P4_SP01088" HPOS="1484" VPOS="3768" WIDTH="61"/>
							<String ID="P4_ST01388" HPOS="1545" VPOS="3684" WIDTH="252" HEIGHT="81" CONTENT="CAPES" WC="0.91" CC="02111" STYLEREFS="TXT_37"/>
							<SP ID="P4_SP01089" HPOS="1797" VPOS="3768" WIDTH="61"/>
							<String ID="P4_ST01389" HPOS="1858" VPOS="3684" WIDTH="58" HEIGHT="79" CONTENT="&amp;" WC="0.22" CC="7" STYLEREFS="TXT_37"/>
							<SP ID="P4_SP01090" HPOS="1916" VPOS="3768" WIDTH="61"/>
							<String ID="P4_ST01390" HPOS="1977" VPOS="3686" WIDTH="361" HEIGHT="79" CONTENT="JACKETS" WC="0.79" CC="1119112" STYLEREFS="TXT_37"/>
						</TextLine>
						<TextLine ID="P4_TL00268" HPOS="1187" VPOS="3920" WIDTH="1146" HEIGHT="92">
							<String ID="P4_ST01391" HPOS="1187" VPOS="3920" WIDTH="523" HEIGHT="89" CONTENT="PRINTS!" WC="0.80" CC="1504041" STYLEREFS="TXT_33"/>
							<SP ID="P4_SP01091" HPOS="1710" VPOS="4009" WIDTH="44"/>
							<String ID="P4_ST01392" HPOS="1754" VPOS="3920" WIDTH="579" HEIGHT="92" CONTENT="PRINTS!!" WC="0.85" CC="17030200" STYLEREFS="TXT_33"/>
						</TextLine>
						<TextLine ID="P4_TL00269" HPOS="1262" VPOS="4051" WIDTH="999" HEIGHT="56">
							<String ID="P4_ST01393" HPOS="1262" VPOS="4057" WIDTH="140" HEIGHT="49" CONTENT="fofcw" WC="0.40" CC="66663" STYLEREFS="TXT_38"/>
							<SP ID="P4_SP01092" HPOS="1402" VPOS="4106" WIDTH="18"/>
							<String ID="P4_ST01394" HPOS="1420" VPOS="4053" WIDTH="155" HEIGHT="51" CONTENT="Imfci" WC="0.49" CC="23668" STYLEREFS="TXT_39"/>
							<SP ID="P4_SP01093" HPOS="1575" VPOS="4106" WIDTH="15"/>
							<String ID="P4_ST01395" HPOS="1590" VPOS="4059" WIDTH="106" HEIGHT="48" CONTENT="wst," WC="0.59" CC="8521" STYLEREFS="TXT_38"/>
							<SP ID="P4_SP01094" HPOS="1696" VPOS="4107" WIDTH="21"/>
							<String ID="P4_ST01396" HPOS="1717" VPOS="4051" WIDTH="185" HEIGHT="51" CONTENT="Edward" WC="0.55" CC="362447" STYLEREFS="TXT_38"/>
							<SP ID="P4_SP01095" HPOS="1902" VPOS="4107" WIDTH="21"/>
							<String ID="P4_ST01397" HPOS="1923" VPOS="4054" WIDTH="201" HEIGHT="52" CONTENT="Bcaastts" WC="0.65" CC="25429223" STYLEREFS="TXT_38"/>
							<SP ID="P4_SP01096" HPOS="2124" VPOS="4107" WIDTH="20"/>
							<String ID="P4_ST01398" HPOS="2144" VPOS="4057" WIDTH="117" HEIGHT="49" CONTENT="$tsok" WC="0.61" CC="22763" STYLEREFS="TXT_38"/>
						</TextLine>
						<TextLine ID="P4_TL00270" HPOS="1182" VPOS="4128" WIDTH="1115" HEIGHT="105">
							<String ID="P4_ST01399" HPOS="1182" VPOS="4131" WIDTH="325" HEIGHT="102" CONTENT="ROLLER" WC="0.97" CC="100100" STYLEREFS="TXT_40"/>
							<SP ID="P4_SP01097" HPOS="1507" VPOS="4233" WIDTH="66"/>
							<String ID="P4_ST01400" HPOS="1573" VPOS="4128" WIDTH="501" HEIGHT="105" CONTENT="TOWELLING" WC="0.97" CC="001100010" STYLEREFS="TXT_40"/>
							<SP ID="P4_SP01098" HPOS="2074" VPOS="4233" WIDTH="96"/>
							<String ID="P4_ST01401" HPOS="2170" VPOS="4133" WIDTH="127" HEIGHT="87" CONTENT="I&lt;l." WC="0.83" CC="1600" STYLEREFS="TXT_40"/>
						</TextLine>
						<TextLine ID="P4_TL00271" HPOS="1526" VPOS="4267" WIDTH="459" HEIGHT="65">
							<String ID="P4_ST01402" HPOS="1526" VPOS="4273" WIDTH="142" HEIGHT="48" CONTENT="worth" WC="0.69" CC="25127" STYLEREFS="TXT_38"/>
							<SP ID="P4_SP01099" HPOS="1668" VPOS="4321" WIDTH="10"/>
							<String ID="P4_ST01403" HPOS="1678" VPOS="4267" WIDTH="75" HEIGHT="56" CONTENT="M" WC="0.78" CC="2" STYLEREFS="TXT_39"/>
							<SP ID="P4_SP01100" HPOS="1753" VPOS="4323" WIDTH="17"/>
							<String ID="P4_ST01404" HPOS="1770" VPOS="4283" WIDTH="31" HEIGHT="49" CONTENT="f" WC="0.67" CC="3" STYLEREFS="TXT_39"/>
							<SP ID="P4_SP01101" HPOS="1801" VPOS="4332" WIDTH="0"/>
							<String ID="P4_ST01405" HPOS="1801" VPOS="4285" WIDTH="45" HEIGHT="36" CONTENT="$r" WC="0.57" CC="72" STYLEREFS="TXT_38"/>
							<SP ID="P4_SP01102" HPOS="1846" VPOS="4332" WIDTH="18"/>
							<String ID="P4_ST01406" HPOS="1864" VPOS="4274" WIDTH="121" HEIGHT="58" CONTENT="yard." WC="0.62" CC="16191" STYLEREFS="TXT_38"/>
						</TextLine>
						<TextLine ID="P4_TL00272" HPOS="1225" VPOS="4391" WIDTH="1049" HEIGHT="45">
							<String ID="P4_ST01407" HPOS="1225" VPOS="4394" WIDTH="73" HEIGHT="33" CONTENT="R." WC="0.76" CC="41" STYLEREFS="TXT_14"/>
							<SP ID="P4_SP01103" HPOS="1298" VPOS="4427" WIDTH="26"/>
							<String ID="P4_ST01408" HPOS="1324" VPOS="4394" WIDTH="79" HEIGHT="33" CONTENT="H." WC="0.98" CC="01" STYLEREFS="TXT_14"/>
							<SP ID="P4_SP01104" HPOS="1403" VPOS="4427" WIDTH="36"/>
							<String ID="P4_ST01409" HPOS="1439" VPOS="4391" WIDTH="313" HEIGHT="43" CONTENT="PARISH," WC="0.91" CC="2211111" STYLEREFS="TXT_14"/>
							<SP ID="P4_SP01105" HPOS="1752" VPOS="4434" WIDTH="59"/>
							<String ID="P4_ST01410" HPOS="1811" VPOS="4393" WIDTH="157" HEIGHT="34" CONTENT="East" WC="0.88" CC="1112" STYLEREFS="TXT_14"/>
							<SP ID="P4_SP01106" HPOS="1968" VPOS="4434" WIDTH="46"/>
							<String ID="P4_ST01411" HPOS="2014" VPOS="4394" WIDTH="260" HEIGHT="42" CONTENT="Oxford." WC="0.66" CC="0351871" STYLEREFS="TXT_14"/>
						</TextLine>
					</TextBlock>
				</ComposedBlock>
				<ComposedBlock ID="P4_CB00005" HPOS="2350" VPOS="175" WIDTH="562" HEIGHT="4296" TYPE="Advertisement">
					<TextBlock ID="P4_TB00007" HPOS="2350" VPOS="175" WIDTH="562" HEIGHT="4296" STYLEREFS="TXT_17 PAR_LEFT">
						<TextLine ID="P4_TL00273" HPOS="2421" VPOS="176" WIDTH="426" HEIGHT="46">
							<String ID="P4_ST01412" HPOS="2421" VPOS="176" WIDTH="426" HEIGHT="46" CONTENT="EUCALYPTUS" WC="0.93" CC="1111011012" STYLEREFS="TXT_27"/>
						</TextLine>
						<TextLine ID="P4_TL00274" HPOS="2547" VPOS="248" WIDTH="170" HEIGHT="14">
							<String ID="P4_ST01413" HPOS="2547" VPOS="253" WIDTH="80" HEIGHT="4" CONTENT="—" WC="1.00" CC="0" STYLEREFS="TXT_27"/>
							<String ID="P4_ST01414" HPOS="2627" VPOS="248" WIDTH="11" HEIGHT="14" CONTENT="»" WC="0.56" CC="4" STYLEREFS="TXT_27"/>
							<String ID="P4_ST01415" HPOS="2638" VPOS="253" WIDTH="76" HEIGHT="4" CONTENT="—" WC="1.00" CC="0" STYLEREFS="TXT_27"/>
							<String ID="P4_ST01416" HPOS="2714" VPOS="252" WIDTH="3" HEIGHT="3" CONTENT="•" WC="0.96" CC="1" STYLEREFS="TXT_27"/>
						</TextLine>
						<TextLine ID="P4_TL00275" HPOS="2421" VPOS="272" WIDTH="407" HEIGHT="25">
							<String ID="P4_ST01417" HPOS="2421" VPOS="276" WIDTH="60" HEIGHT="21" CONTENT="THE" WC="0.99" CC="010" STYLEREFS="TXT_24"/>
							<SP ID="P4_SP01107" HPOS="2481" VPOS="297" WIDTH="16"/>
							<String ID="P4_ST01418" HPOS="2497" VPOS="275" WIDTH="72" HEIGHT="21" CONTENT="BEST" WC="0.97" CC="1100" STYLEREFS="TXT_24"/>
							<SP ID="P4_SP01108" HPOS="2569" VPOS="297" WIDTH="14"/>
							<String ID="P4_ST01419" HPOS="2583" VPOS="275" WIDTH="86" HEIGHT="21" CONTENT="HOME" WC="0.97" CC="1000" STYLEREFS="TXT_24"/>
							<SP ID="P4_SP01109" HPOS="2669" VPOS="297" WIDTH="17"/>
							<String ID="P4_ST01420" HPOS="2686" VPOS="272" WIDTH="142" HEIGHT="23" CONTENT="BEMEDIE" WC="0.93" CC="1110201" STYLEREFS="TXT_24"/>
						</TextLine>
						<TextLine ID="P4_TL00276" HPOS="2481" VPOS="305" WIDTH="310" HEIGHT="28">
							<String ID="P4_ST01421" HPOS="2481" VPOS="314" WIDTH="35" HEIGHT="14" CONTENT="are" WC="0.97" CC="001" STYLEREFS="TXT_24"/>
							<SP ID="P4_SP01110" HPOS="2516" VPOS="328" WIDTH="14"/>
							<String ID="P4_ST01422" HPOS="2530" VPOS="307" WIDTH="37" HEIGHT="21" CONTENT="the" WC="0.94" CC="011" STYLEREFS="TXT_24"/>
							<SP ID="P4_SP01111" HPOS="2567" VPOS="328" WIDTH="9"/>
							<String ID="P4_ST01423" HPOS="2576" VPOS="308" WIDTH="136" HEIGHT="25" CONTENT="preparation" WC="0.98" CC="00111001000" STYLEREFS="TXT_24"/>
							<SP ID="P4_SP01112" HPOS="2712" VPOS="333" WIDTH="9"/>
							<String ID="P4_ST01424" HPOS="2721" VPOS="307" WIDTH="26" HEIGHT="21" CONTENT="of" WC="1.00" CC="00" STYLEREFS="TXT_24"/>
							<SP ID="P4_SP01113" HPOS="2747" VPOS="333" WIDTH="8"/>
							<String ID="P4_ST01425" HPOS="2755" VPOS="305" WIDTH="36" HEIGHT="21" CONTENT="the" WC="0.93" CC="111" STYLEREFS="TXT_24"/>
						</TextLine>
						<TextLine ID="P4_TL00277" HPOS="2366" VPOS="341" WIDTH="533" HEIGHT="25">
							<String ID="P4_ST01426" HPOS="2366" VPOS="345" WIDTH="171" HEIGHT="21" CONTENT="TASMANIAN" WC="0.93" CC="100112011" STYLEREFS="TXT_24"/>
							<SP ID="P4_SP01114" HPOS="2537" VPOS="366" WIDTH="18"/>
							<String ID="P4_ST01427" HPOS="2555" VPOS="344" WIDTH="186" HEIGHT="20" CONTENT="EUCALYPTUS" WC="0.90" CC="1004111111" STYLEREFS="TXT_24"/>
							<SP ID="P4_SP01115" HPOS="2741" VPOS="366" WIDTH="14"/>
							<String ID="P4_ST01428" HPOS="2755" VPOS="343" WIDTH="48" HEIGHT="20" CONTENT="OIL" WC="0.95" CC="002" STYLEREFS="TXT_24"/>
							<SP ID="P4_SP01116" HPOS="2803" VPOS="366" WIDTH="14"/>
							<String ID="P4_ST01429" HPOS="2817" VPOS="341" WIDTH="82" HEIGHT="20" CONTENT="COMP." WC="0.87" CC="10511" STYLEREFS="TXT_24"/>
						</TextLine>
						<TextLine ID="P4_TL00278" HPOS="2395" VPOS="377" WIDTH="507" HEIGHT="29">
							<String ID="P4_ST01430" HPOS="2395" VPOS="381" WIDTH="135" HEIGHT="25" CONTENT="Universally" WC="0.93" CC="21020010112" STYLEREFS="TXT_24"/>
							<SP ID="P4_SP01117" HPOS="2530" VPOS="406" WIDTH="11"/>
							<String ID="P4_ST01431" HPOS="2541" VPOS="381" WIDTH="104" HEIGHT="20" CONTENT="admitted" WC="0.96" CC="01202000" STYLEREFS="TXT_24"/>
							<SP ID="P4_SP01118" HPOS="2645" VPOS="406" WIDTH="9"/>
							<String ID="P4_ST01432" HPOS="2654" VPOS="380" WIDTH="36" HEIGHT="21" CONTENT="the" WC="0.95" CC="111" STYLEREFS="TXT_24"/>
							<SP ID="P4_SP01119" HPOS="2690" VPOS="406" WIDTH="9"/>
							<String ID="P4_ST01433" HPOS="2699" VPOS="380" WIDTH="79" HEIGHT="23" CONTENT="BESP," WC="0.74" CC="21191" STYLEREFS="TXT_24"/>
							<SP ID="P4_SP01120" HPOS="2778" VPOS="406" WIDTH="12"/>
							<String ID="P4_ST01434" HPOS="2790" VPOS="377" WIDTH="112" HEIGHT="21" CONTENT="PUREST" WC="0.94" CC="101110" STYLEREFS="TXT_24"/>
						</TextLine>
						<TextLine ID="P4_TL00279" HPOS="2368" VPOS="413" WIDTH="534" HEIGHT="28">
							<String ID="P4_ST01435" HPOS="2368" VPOS="418" WIDTH="43" HEIGHT="21" CONTENT="and" WC="0.96" CC="011" STYLEREFS="TXT_24"/>
							<SP ID="P4_SP01121" HPOS="2411" VPOS="439" WIDTH="10"/>
							<String ID="P4_ST01436" HPOS="2421" VPOS="418" WIDTH="57" HEIGHT="19" CONTENT="most" WC="0.95" CC="1011" STYLEREFS="TXT_24"/>
							<SP ID="P4_SP01122" HPOS="2478" VPOS="439" WIDTH="10"/>
							<String ID="P4_ST01437" HPOS="2488" VPOS="417" WIDTH="93" HEIGHT="20" CONTENT="effective" WC="0.92" CC="042000020" STYLEREFS="TXT_24"/>
							<SP ID="P4_SP01123" HPOS="2581" VPOS="439" WIDTH="11"/>
							<String ID="P4_ST01438" HPOS="2592" VPOS="417" WIDTH="134" HEIGHT="24" CONTENT="Eucalyptuß" WC="0.96" CC="1101001011" STYLEREFS="TXT_24"/>
							<SP ID="P4_SP01124" HPOS="2726" VPOS="441" WIDTH="23"/>
							<String ID="P4_ST01439" HPOS="2749" VPOS="415" WIDTH="105" HEIGHT="20" CONTENT="Globulus" WC="0.93" CC="11021011" STYLEREFS="TXT_24"/>
							<SP ID="P4_SP01125" HPOS="2854" VPOS="441" WIDTH="16"/>
							<String ID="P4_ST01440" HPOS="2870" VPOS="413" WIDTH="32" HEIGHT="20" CONTENT="Oil" WC="0.96" CC="011" STYLEREFS="TXT_24"/>
						</TextLine>
						<TextLine ID="P4_TL00280" HPOS="2367" VPOS="444" WIDTH="535" HEIGHT="29">
							<String ID="P4_ST01441" HPOS="2367" VPOS="450" WIDTH="34" HEIGHT="20" CONTENT="for" WC="0.99" CC="100" STYLEREFS="TXT_24"/>
							<SP ID="P4_SP01126" HPOS="2401" VPOS="470" WIDTH="20"/>
							<String ID="P4_ST01442" HPOS="2421" VPOS="448" WIDTH="170" HEIGHT="25" CONTENT="INFLUENZA," WC="0.90" CC="0221110212" STYLEREFS="TXT_24"/>
							<SP ID="P4_SP01127" HPOS="2591" VPOS="473" WIDTH="22"/>
							<String ID="P4_ST01443" HPOS="2613" VPOS="448" WIDTH="92" HEIGHT="25" CONTENT="Coughs," WC="0.94" CC="1111012" STYLEREFS="TXT_24"/>
							<SP ID="P4_SP01128" HPOS="2705" VPOS="473" WIDTH="20"/>
							<String ID="P4_ST01444" HPOS="2725" VPOS="446" WIDTH="64" HEIGHT="21" CONTENT="Colds" WC="0.97" CC="00020" STYLEREFS="TXT_24"/>
							<SP ID="P4_SP01129" HPOS="2789" VPOS="473" WIDTH="25"/>
							<String ID="P4_ST01445" HPOS="2814" VPOS="444" WIDTH="43" HEIGHT="22" CONTENT="and" WC="0.96" CC="111" STYLEREFS="TXT_24"/>
							<SP ID="P4_SP01130" HPOS="2857" VPOS="473" WIDTH="17"/>
							<String ID="P4_ST01446" HPOS="2874" VPOS="444" WIDTH="28" HEIGHT="21" CONTENT="all" WC="0.97" CC="100" STYLEREFS="TXT_24"/>
						</TextLine>
						<TextLine ID="P4_TL00281" HPOS="2368" VPOS="477" WIDTH="536" HEIGHT="28">
							<String ID="P4_ST01447" HPOS="2368" VPOS="481" WIDTH="66" HEIGHT="20" CONTENT="Chest" WC="0.89" CC="10015" STYLEREFS="TXT_24"/>
							<SP ID="P4_SP01131" HPOS="2434" VPOS="501" WIDTH="16"/>
							<String ID="P4_ST01448" HPOS="2450" VPOS="480" WIDTH="43" HEIGHT="20" CONTENT="and" WC="0.97" CC="001" STYLEREFS="TXT_24"/>
							<SP ID="P4_SP01132" HPOS="2493" VPOS="501" WIDTH="9"/>
							<String ID="P4_ST01449" HPOS="2502" VPOS="480" WIDTH="63" HEIGHT="24" CONTENT="Lung" WC="0.94" CC="1101" STYLEREFS="TXT_24"/>
							<SP ID="P4_SP01133" HPOS="2565" VPOS="504" WIDTH="16"/>
							<String ID="P4_ST01450" HPOS="2581" VPOS="480" WIDTH="113" HEIGHT="20" CONTENT="affections" WC="0.80" CC="1661501001" STYLEREFS="TXT_24"/>
							<SP ID="P4_SP01134" HPOS="2694" VPOS="504" WIDTH="14"/>
							<String ID="P4_ST01451" HPOS="2708" VPOS="478" WIDTH="76" HEIGHT="27" CONTENT="speedy" WC="0.96" CC="100011" STYLEREFS="TXT_24"/>
							<SP ID="P4_SP01135" HPOS="2784" VPOS="505" WIDTH="9"/>
							<String ID="P4_ST01452" HPOS="2793" VPOS="478" WIDTH="61" HEIGHT="20" CONTENT="relief" WC="0.97" CC="010101" STYLEREFS="TXT_24"/>
							<SP ID="P4_SP01136" HPOS="2854" VPOS="505" WIDTH="8"/>
							<String ID="P4_ST01453" HPOS="2862" VPOS="477" WIDTH="42" HEIGHT="20" CONTENT="and" WC="0.94" CC="111" STYLEREFS="TXT_24"/>
						</TextLine>
						<TextLine ID="P4_TL00282" HPOS="2369" VPOS="510" WIDTH="537" HEIGHT="25">
							<String ID="P4_ST01454" HPOS="2369" VPOS="512" WIDTH="56" HEIGHT="21" CONTENT="Cure" WC="0.94" CC="1111" STYLEREFS="TXT_24"/>
							<SP ID="P4_SP01137" HPOS="2425" VPOS="533" WIDTH="18"/>
							<String ID="P4_ST01455" HPOS="2443" VPOS="512" WIDTH="33" HEIGHT="19" CONTENT="for" WC="0.96" CC="101" STYLEREFS="TXT_24"/>
							<SP ID="P4_SP01138" HPOS="2476" VPOS="533" WIDTH="16"/>
							<String ID="P4_ST01456" HPOS="2492" VPOS="511" WIDTH="156" HEIGHT="24" CONTENT="Bheumatism," WC="0.97" CC="11000010111" STYLEREFS="TXT_24"/>
							<SP ID="P4_SP01139" HPOS="2648" VPOS="535" WIDTH="20"/>
							<String ID="P4_ST01457" HPOS="2668" VPOS="510" WIDTH="123" HEIGHT="25" CONTENT="Neuralgia," WC="0.92" CC="5000111001" STYLEREFS="TXT_24"/>
							<SP ID="P4_SP01140" HPOS="2791" VPOS="535" WIDTH="16"/>
							<String ID="P4_ST01458" HPOS="2807" VPOS="510" WIDTH="99" HEIGHT="25" CONTENT="Sprains-" WC="0.94" CC="10110111" STYLEREFS="TXT_24"/>
						</TextLine>
						<TextLine ID="P4_TL00283" HPOS="2368" VPOS="538" WIDTH="127" HEIGHT="21">
							<String ID="P4_ST01459" HPOS="2368" VPOS="540" WIDTH="73" HEIGHT="19" CONTENT="Burns" WC="0.95" CC="10111" STYLEREFS="TXT_24"/>
							<SP ID="P4_SP01141" HPOS="2441" VPOS="559" WIDTH="20"/>
							<String ID="P4_ST01460" HPOS="2461" VPOS="538" WIDTH="34" HEIGHT="20" CONTENT="&amp;c" WC="0.87" CC="12" STYLEREFS="TXT_24"/>
						</TextLine>
						<TextLine ID="P4_TL00284" HPOS="2396" VPOS="569" WIDTH="511" HEIGHT="27">
							<String ID="P4_ST01461" HPOS="2396" VPOS="571" WIDTH="134" HEIGHT="25" CONTENT="Eucalyptus" WC="0.94" CC="1111011111" STYLEREFS="TXT_24"/>
							<SP ID="P4_SP01142" HPOS="2530" VPOS="596" WIDTH="18"/>
							<String ID="P4_ST01462" HPOS="2548" VPOS="570" WIDTH="104" HEIGHT="21" CONTENT="Globulus" WC="0.95" CC="20111100" STYLEREFS="TXT_24"/>
							<SP ID="P4_SP01143" HPOS="2652" VPOS="596" WIDTH="17"/>
							<String ID="P4_ST01463" HPOS="2669" VPOS="570" WIDTH="93" HEIGHT="21" CONTENT="Extract" WC="0.79" CC="0319100" STYLEREFS="TXT_24"/>
							<SP ID="P4_SP01144" HPOS="2762" VPOS="596" WIDTH="9"/>
							<String ID="P4_ST01464" HPOS="2771" VPOS="569" WIDTH="90" HEIGHT="27" CONTENT="sprayed" WC="0.92" CC="1011401" STYLEREFS="TXT_24"/>
							<SP ID="P4_SP01145" HPOS="2861" VPOS="596" WIDTH="14"/>
							<String ID="P4_ST01465" HPOS="2875" VPOS="569" WIDTH="32" HEIGHT="20" CONTENT="in-" WC="0.99" CC="001" STYLEREFS="TXT_24"/>
						</TextLine>
						<TextLine ID="P4_TL00285" HPOS="2370" VPOS="601" WIDTH="535" HEIGHT="26">
							<String ID="P4_ST01466" HPOS="2370" VPOS="602" WIDTH="64" HEIGHT="21" CONTENT="haled" WC="0.95" CC="10011" STYLEREFS="TXT_24"/>
							<SP ID="P4_SP01146" HPOS="2434" VPOS="623" WIDTH="16"/>
							<String ID="P4_ST01467" HPOS="2450" VPOS="601" WIDTH="43" HEIGHT="21" CONTENT="and" WC="0.99" CC="001" STYLEREFS="TXT_24"/>
							<SP ID="P4_SP01147" HPOS="2493" VPOS="623" WIDTH="14"/>
							<String ID="P4_ST01468" HPOS="2507" VPOS="602" WIDTH="65" HEIGHT="20" CONTENT="taken" WC="0.98" CC="00110" STYLEREFS="TXT_24"/>
							<SP ID="P4_SP01148" HPOS="2572" VPOS="623" WIDTH="9"/>
							<String ID="P4_ST01469" HPOS="2581" VPOS="601" WIDTH="117" HEIGHT="26" CONTENT="internally" WC="0.91" CC="0010331202" STYLEREFS="TXT_24"/>
							<SP ID="P4_SP01149" HPOS="2698" VPOS="627" WIDTH="17"/>
							<String ID="P4_ST01470" HPOS="2715" VPOS="602" WIDTH="34" HEIGHT="19" CONTENT="for" WC="0.97" CC="101" STYLEREFS="TXT_24"/>
							<SP ID="P4_SP01150" HPOS="2749" VPOS="627" WIDTH="14"/>
							<String ID="P4_ST01471" HPOS="2763" VPOS="601" WIDTH="37" HEIGHT="21" CONTENT="the" WC="0.99" CC="001" STYLEREFS="TXT_24"/>
							<SP ID="P4_SP01151" HPOS="2800" VPOS="627" WIDTH="17"/>
							<String ID="P4_ST01472" HPOS="2817" VPOS="601" WIDTH="88" HEIGHT="24" CONTENT="Throat," WC="0.94" CC="1110012" STYLEREFS="TXT_24"/>
						</TextLine>
						<TextLine ID="P4_TL00286" HPOS="2370" VPOS="637" WIDTH="538" HEIGHT="26">
							<String ID="P4_ST01473" HPOS="2370" VPOS="638" WIDTH="98" HEIGHT="25" CONTENT="Catarrh," WC="0.93" CC="41110011" STYLEREFS="TXT_24"/>
							<SP ID="P4_SP01152" HPOS="2468" VPOS="663" WIDTH="17"/>
							<String ID="P4_ST01474" HPOS="2485" VPOS="637" WIDTH="59" HEIGHT="25" CONTENT="Hay," WC="0.96" CC="1011" STYLEREFS="TXT_24"/>
							<SP ID="P4_SP01153" HPOS="2544" VPOS="663" WIDTH="24"/>
							<String ID="P4_ST01475" HPOS="2568" VPOS="638" WIDTH="98" HEIGHT="25" CONTENT="Typhoid" WC="0.99" CC="0010000" STYLEREFS="TXT_24"/>
							<SP ID="P4_SP01154" HPOS="2666" VPOS="663" WIDTH="16"/>
							<String ID="P4_ST01476" HPOS="2682" VPOS="638" WIDTH="43" HEIGHT="20" CONTENT="and" WC="0.94" CC="111" STYLEREFS="TXT_24"/>
							<SP ID="P4_SP01155" HPOS="2725" VPOS="663" WIDTH="15"/>
							<String ID="P4_ST01477" HPOS="2740" VPOS="637" WIDTH="82" HEIGHT="21" CONTENT="Scarlet" WC="0.99" CC="1000001" STYLEREFS="TXT_24"/>
							<SP ID="P4_SP01156" HPOS="2822" VPOS="663" WIDTH="9"/>
							<String ID="P4_ST01478" HPOS="2831" VPOS="637" WIDTH="77" HEIGHT="20" CONTENT="Fevers" WC="0.94" CC="211001" STYLEREFS="TXT_24"/>
						</TextLine>
						<TextLine ID="P4_TL00287" HPOS="2372" VPOS="670" WIDTH="536" HEIGHT="25">
							<String ID="P4_ST01479" HPOS="2372" VPOS="671" WIDTH="130" HEIGHT="20" CONTENT="MEASLES" WC="0.98" CC="1010010" STYLEREFS="TXT_24"/>
							<SP ID="P4_SP01157" HPOS="2502" VPOS="691" WIDTH="11"/>
							<String ID="P4_ST01480" HPOS="2513" VPOS="670" WIDTH="36" HEIGHT="20" CONTENT="the" WC="0.97" CC="010" STYLEREFS="TXT_24"/>
							<SP ID="P4_SP01158" HPOS="2549" VPOS="691" WIDTH="5"/>
							<String ID="P4_ST01481" HPOS="2554" VPOS="672" WIDTH="56" HEIGHT="18" CONTENT="most" WC="0.94" CC="2011" STYLEREFS="TXT_24"/>
							<SP ID="P4_SP01159" HPOS="2610" VPOS="691" WIDTH="10"/>
							<String ID="P4_ST01482" HPOS="2620" VPOS="671" WIDTH="136" HEIGHT="24" CONTENT="satisfactory" WC="0.98" CC="100001100001" STYLEREFS="TXT_24"/>
							<SP ID="P4_SP01160" HPOS="2756" VPOS="695" WIDTH="9"/>
							<String ID="P4_ST01483" HPOS="2765" VPOS="670" WIDTH="143" HEIGHT="25" CONTENT="preventative" WC="0.95" CC="000111011130" STYLEREFS="TXT_24"/>
						</TextLine>
						<TextLine ID="P4_TL00288" HPOS="2372" VPOS="700" WIDTH="536" HEIGHT="21">
							<String ID="P4_ST01484" HPOS="2372" VPOS="701" WIDTH="43" HEIGHT="20" CONTENT="and" WC="0.97" CC="011" STYLEREFS="TXT_24"/>
							<SP ID="P4_SP01161" HPOS="2415" VPOS="721" WIDTH="15"/>
							<String ID="P4_ST01485" HPOS="2430" VPOS="702" WIDTH="60" HEIGHT="19" CONTENT="Cure." WC="0.96" CC="10011" STYLEREFS="TXT_24"/>
							<SP ID="P4_SP01162" HPOS="2490" VPOS="721" WIDTH="28"/>
							<String ID="P4_ST01486" HPOS="2518" VPOS="701" WIDTH="56" HEIGHT="20" CONTENT="Send" WC="0.95" CC="1011" STYLEREFS="TXT_24"/>
							<SP ID="P4_SP01163" HPOS="2574" VPOS="721" WIDTH="14"/>
							<String ID="P4_ST01487" HPOS="2588" VPOS="701" WIDTH="51" HEIGHT="20" CONTENT="Post" WC="0.89" CC="1031" STYLEREFS="TXT_24"/>
							<SP ID="P4_SP01164" HPOS="2639" VPOS="721" WIDTH="15"/>
							<String ID="P4_ST01488" HPOS="2654" VPOS="701" WIDTH="56" HEIGHT="20" CONTENT="Card" WC="0.98" CC="0011" STYLEREFS="TXT_24"/>
							<SP ID="P4_SP01165" HPOS="2710" VPOS="721" WIDTH="10"/>
							<String ID="P4_ST01489" HPOS="2720" VPOS="702" WIDTH="22" HEIGHT="19" CONTENT="to" WC="0.98" CC="01" STYLEREFS="TXT_24"/>
							<SP ID="P4_SP01166" HPOS="2742" VPOS="721" WIDTH="11"/>
							<String ID="P4_ST01490" HPOS="2753" VPOS="701" WIDTH="36" HEIGHT="20" CONTENT="the" WC="0.99" CC="001" STYLEREFS="TXT_24"/>
							<SP ID="P4_SP01167" HPOS="2789" VPOS="721" WIDTH="10"/>
							<String ID="P4_ST01491" HPOS="2799" VPOS="700" WIDTH="63" HEIGHT="20" CONTENT="Office" WC="0.89" CC="022211" STYLEREFS="TXT_24"/>
							<SP ID="P4_SP01168" HPOS="2862" VPOS="721" WIDTH="13"/>
							<String ID="P4_ST01492" HPOS="2875" VPOS="700" WIDTH="33" HEIGHT="20" CONTENT="for" WC="0.95" CC="101" STYLEREFS="TXT_24"/>
						</TextLine>
						<TextLine ID="P4_TL00289" HPOS="2372" VPOS="732" WIDTH="536" HEIGHT="24">
							<String ID="P4_ST01493" HPOS="2372" VPOS="732" WIDTH="96" HEIGHT="20" CONTENT="Circular" WC="0.97" CC="01020110" STYLEREFS="TXT_24"/>
							<SP ID="P4_SP01169" HPOS="2468" VPOS="752" WIDTH="13"/>
							<String ID="P4_ST01494" HPOS="2481" VPOS="732" WIDTH="120" HEIGHT="24" CONTENT="describing" WC="0.96" CC="1021000010" STYLEREFS="TXT_24"/>
							<SP ID="P4_SP01170" HPOS="2601" VPOS="756" WIDTH="19"/>
							<String ID="P4_ST01495" HPOS="2620" VPOS="733" WIDTH="122" HEIGHT="19" CONTENT="treatment." WC="0.96" CC="0101111111" STYLEREFS="TXT_24"/>
							<SP ID="P4_SP01171" HPOS="2742" VPOS="756" WIDTH="27"/>
							<String ID="P4_ST01496" HPOS="2769" VPOS="732" WIDTH="139" HEIGHT="24" CONTENT="Eucalyptus," WC="0.94" CC="11101100121" STYLEREFS="TXT_24"/>
						</TextLine>
						<TextLine ID="P4_TL00290" HPOS="2372" VPOS="764" WIDTH="536" HEIGHT="26">
							<String ID="P4_ST01497" HPOS="2372" VPOS="764" WIDTH="112" HEIGHT="21" CONTENT="Ointment" WC="0.95" CC="00111111" STYLEREFS="TXT_24"/>
							<SP ID="P4_SP01172" HPOS="2484" VPOS="785" WIDTH="10"/>
							<String ID="P4_ST01498" HPOS="2494" VPOS="765" WIDTH="36" HEIGHT="20" CONTENT="the" WC="0.96" CC="110" STYLEREFS="TXT_24"/>
							<SP ID="P4_SP01173" HPOS="2530" VPOS="785" WIDTH="9"/>
							<String ID="P4_ST01499" HPOS="2539" VPOS="765" WIDTH="71" HEIGHT="25" CONTENT="Magic" WC="0.98" CC="00011" STYLEREFS="TXT_24"/>
							<SP ID="P4_SP01174" HPOS="2610" VPOS="790" WIDTH="8"/>
							<String ID="P4_ST01500" HPOS="2618" VPOS="765" WIDTH="80" HEIGHT="20" CONTENT="Healer" WC="0.96" CC="201001" STYLEREFS="TXT_24"/>
							<SP ID="P4_SP01175" HPOS="2698" VPOS="790" WIDTH="13"/>
							<String ID="P4_ST01501" HPOS="2711" VPOS="765" WIDTH="23" HEIGHT="20" CONTENT="of" WC="0.94" CC="01" STYLEREFS="TXT_24"/>
							<SP ID="P4_SP01176" HPOS="2734" VPOS="790" WIDTH="14"/>
							<String ID="P4_ST01502" HPOS="2748" VPOS="765" WIDTH="70" HEIGHT="24" CONTENT="Sores," WC="0.94" CC="110011" STYLEREFS="TXT_24"/>
							<SP ID="P4_SP01177" HPOS="2818" VPOS="790" WIDTH="13"/>
							<String ID="P4_ST01503" HPOS="2831" VPOS="765" WIDTH="77" HEIGHT="24" CONTENT="Burns," WC="0.84" CC="110215" STYLEREFS="TXT_24"/>
						</TextLine>
						<TextLine ID="P4_TL00291" HPOS="2374" VPOS="796" WIDTH="530" HEIGHT="26">
							<String ID="P4_ST01504" HPOS="2374" VPOS="796" WIDTH="102" HEIGHT="24" CONTENT="Wounds," WC="0.97" CC="1010110" STYLEREFS="TXT_24"/>
							<SP ID="P4_SP01178" HPOS="2476" VPOS="820" WIDTH="15"/>
							<String ID="P4_ST01505" HPOS="2491" VPOS="797" WIDTH="60" HEIGHT="20" CONTENT="Boils" WC="0.95" CC="10011" STYLEREFS="TXT_24"/>
							<SP ID="P4_SP01179" HPOS="2551" VPOS="820" WIDTH="19"/>
							<String ID="P4_ST01506" HPOS="2570" VPOS="798" WIDTH="44" HEIGHT="23" CONTENT="&amp;c," WC="0.91" CC="111" STYLEREFS="TXT_24"/>
							<SP ID="P4_SP01180" HPOS="2614" VPOS="821" WIDTH="23"/>
							<String ID="P4_ST01507" HPOS="2637" VPOS="797" WIDTH="134" HEIGHT="25" CONTENT="Eucalyptus" WC="0.93" CC="1121011111" STYLEREFS="TXT_24"/>
							<SP ID="P4_SP01181" HPOS="2771" VPOS="822" WIDTH="19"/>
							<String ID="P4_ST01508" HPOS="2790" VPOS="796" WIDTH="58" HEIGHT="26" CONTENT="Soap" WC="0.97" CC="1010" STYLEREFS="TXT_24"/>
							<SP ID="P4_SP01182" HPOS="2848" VPOS="822" WIDTH="14"/>
							<String ID="P4_ST01509" HPOS="2862" VPOS="796" WIDTH="42" HEIGHT="20" CONTENT="Fra" WC="0.85" CC="221" STYLEREFS="TXT_24"/>
						</TextLine>
						<TextLine ID="P4_TL00292" HPOS="2372" VPOS="827" WIDTH="537" HEIGHT="27">
							<String ID="P4_ST01510" HPOS="2372" VPOS="829" WIDTH="63" HEIGHT="24" CONTENT="grant" WC="0.98" CC="00001" STYLEREFS="TXT_24"/>
							<SP ID="P4_SP01183" HPOS="2435" VPOS="853" WIDTH="10"/>
							<String ID="P4_ST01511" HPOS="2445" VPOS="828" WIDTH="43" HEIGHT="20" CONTENT="and" WC="0.96" CC="011" STYLEREFS="TXT_24"/>
							<SP ID="P4_SP01184" HPOS="2488" VPOS="853" WIDTH="8"/>
							<String ID="P4_ST01512" HPOS="2496" VPOS="828" WIDTH="125" HEIGHT="26" CONTENT="refreshing," WC="0.96" CC="00100200111" STYLEREFS="TXT_24"/>
							<SP ID="P4_SP01185" HPOS="2621" VPOS="854" WIDTH="24"/>
							<String ID="P4_ST01513" HPOS="2645" VPOS="829" WIDTH="133" HEIGHT="24" CONTENT="Eucalyptus" WC="0.97" CC="0100010011" STYLEREFS="TXT_24"/>
							<SP ID="P4_SP01186" HPOS="2778" VPOS="854" WIDTH="9"/>
							<String ID="P4_ST01514" HPOS="2787" VPOS="827" WIDTH="89" HEIGHT="27" CONTENT="Jujubes" WC="0.93" CC="2120101" STYLEREFS="TXT_24"/>
							<SP ID="P4_SP01187" HPOS="2876" VPOS="854" WIDTH="9"/>
							<String ID="P4_ST01515" HPOS="2885" VPOS="834" WIDTH="24" HEIGHT="14" CONTENT="or" WC="1.00" CC="00" STYLEREFS="TXT_24"/>
						</TextLine>
						<TextLine ID="P4_TL00293" HPOS="2372" VPOS="859" WIDTH="537" HEIGHT="20">
							<String ID="P4_ST01516" HPOS="2372" VPOS="859" WIDTH="102" HEIGHT="20" CONTENT="Pastilles" WC="0.97" CC="101000001" STYLEREFS="TXT_24"/>
							<SP ID="P4_SP01188" HPOS="2474" VPOS="879" WIDTH="9"/>
							<String ID="P4_ST01517" HPOS="2483" VPOS="859" WIDTH="34" HEIGHT="19" CONTENT="for" WC="0.97" CC="100" STYLEREFS="TXT_24"/>
							<SP ID="P4_SP01189" HPOS="2517" VPOS="879" WIDTH="10"/>
							<String ID="P4_ST01518" HPOS="2527" VPOS="859" WIDTH="36" HEIGHT="20" CONTENT="the" WC="0.97" CC="011" STYLEREFS="TXT_24"/>
							<SP ID="P4_SP01190" HPOS="2563" VPOS="879" WIDTH="25"/>
							<String ID="P4_ST01519" HPOS="2588" VPOS="859" WIDTH="81" HEIGHT="20" CONTENT="Throat" WC="0.97" CC="011011" STYLEREFS="TXT_24"/>
							<SP ID="P4_SP01191" HPOS="2669" VPOS="879" WIDTH="10"/>
							<String ID="P4_ST01520" HPOS="2679" VPOS="859" WIDTH="43" HEIGHT="20" CONTENT="and" WC="0.94" CC="021" STYLEREFS="TXT_24"/>
							<SP ID="P4_SP01192" HPOS="2722" VPOS="879" WIDTH="8"/>
							<String ID="P4_ST01521" HPOS="2730" VPOS="859" WIDTH="65" HEIGHT="20" CONTENT="Voice" WC="0.97" CC="00011" STYLEREFS="TXT_24"/>
							<SP ID="P4_SP01193" HPOS="2795" VPOS="879" WIDTH="16"/>
							<String ID="P4_ST01522" HPOS="2811" VPOS="865" WIDTH="29" HEIGHT="14" CONTENT="an" WC="0.98" CC="01" STYLEREFS="TXT_24"/>
							<SP ID="P4_SP01194" HPOS="2840" VPOS="879" WIDTH="14"/>
							<String ID="P4_ST01523" HPOS="2854" VPOS="859" WIDTH="55" HEIGHT="20" CONTENT="anti-" WC="0.93" CC="21001" STYLEREFS="TXT_24"/>
						</TextLine>
						<TextLine ID="P4_TL00294" HPOS="2374" VPOS="890" WIDTH="250" HEIGHT="25">
							<String ID="P4_ST01524" HPOS="2374" VPOS="890" WIDTH="67" HEIGHT="25" CONTENT="septic" WC="0.97" CC="210000" STYLEREFS="TXT_24"/>
							<SP ID="P4_SP01195" HPOS="2441" VPOS="915" WIDTH="9"/>
							<String ID="P4_ST01525" HPOS="2450" VPOS="890" WIDTH="43" HEIGHT="20" CONTENT="and" WC="0.97" CC="011" STYLEREFS="TXT_24"/>
							<SP ID="P4_SP01196" HPOS="2493" VPOS="915" WIDTH="10"/>
							<String ID="P4_ST01526" HPOS="2503" VPOS="890" WIDTH="121" HEIGHT="21" CONTENT="stimulant." WC="0.96" CC="0000111110" STYLEREFS="TXT_24"/>
						</TextLine>
						<TextLine ID="P4_TL00295" HPOS="2372" VPOS="923" WIDTH="537" HEIGHT="25">
							<String ID="P4_ST01527" HPOS="2372" VPOS="923" WIDTH="127" HEIGHT="25" CONTENT="Veterinary" WC="0.96" CC="0110001101" STYLEREFS="TXT_24"/>
							<SP ID="P4_SP01197" HPOS="2499" VPOS="948" WIDTH="16"/>
							<String ID="P4_ST01528" HPOS="2515" VPOS="923" WIDTH="36" HEIGHT="21" CONTENT="Oil" WC="0.97" CC="010" STYLEREFS="TXT_24"/>
							<SP ID="P4_SP01198" HPOS="2551" VPOS="948" WIDTH="9"/>
							<String ID="P4_ST01529" HPOS="2560" VPOS="923" WIDTH="43" HEIGHT="21" CONTENT="and" WC="0.97" CC="001" STYLEREFS="TXT_24"/>
							<SP ID="P4_SP01199" HPOS="2603" VPOS="948" WIDTH="11"/>
							<String ID="P4_ST01530" HPOS="2614" VPOS="923" WIDTH="111" HEIGHT="21" CONTENT="Ointment" WC="0.91" CC="00110016" STYLEREFS="TXT_24"/>
							<SP ID="P4_SP01200" HPOS="2725" VPOS="948" WIDTH="9"/>
							<String ID="P4_ST01531" HPOS="2734" VPOS="923" WIDTH="33" HEIGHT="21" CONTENT="for" WC="0.96" CC="100" STYLEREFS="TXT_24"/>
							<SP ID="P4_SP01201" HPOS="2767" VPOS="948" WIDTH="10"/>
							<String ID="P4_ST01532" HPOS="2777" VPOS="923" WIDTH="37" HEIGHT="21" CONTENT="the" WC="0.93" CC="111" STYLEREFS="TXT_24"/>
							<SP ID="P4_SP01202" HPOS="2814" VPOS="948" WIDTH="8"/>
							<String ID="P4_ST01533" HPOS="2822" VPOS="923" WIDTH="87" HEIGHT="21" CONTENT="stables." WC="0.94" CC="20102011" STYLEREFS="TXT_24"/>
						</TextLine>
						<TextLine ID="P4_TL00296" HPOS="2400" VPOS="956" WIDTH="510" HEIGHT="26">
							<String ID="P4_ST01534" HPOS="2400" VPOS="957" WIDTH="31" HEIGHT="20" CONTENT="Be" WC="0.98" CC="10" STYLEREFS="TXT_24"/>
							<SP ID="P4_SP01203" HPOS="2431" VPOS="977" WIDTH="9"/>
							<String ID="P4_ST01535" HPOS="2440" VPOS="963" WIDTH="49" HEIGHT="13" CONTENT="sure" WC="0.95" CC="1101" STYLEREFS="TXT_24"/>
							<SP ID="P4_SP01204" HPOS="2489" VPOS="977" WIDTH="9"/>
							<String ID="P4_ST01536" HPOS="2498" VPOS="963" WIDTH="43" HEIGHT="19" CONTENT="you" WC="0.93" CC="201" STYLEREFS="TXT_24"/>
							<SP ID="P4_SP01205" HPOS="2541" VPOS="982" WIDTH="9"/>
							<String ID="P4_ST01537" HPOS="2550" VPOS="957" WIDTH="109" HEIGHT="20" CONTENT="Purchase" WC="0.97" CC="11011010" STYLEREFS="TXT_24"/>
							<SP ID="P4_SP01206" HPOS="2659" VPOS="982" WIDTH="14"/>
							<String ID="P4_ST01538" HPOS="2673" VPOS="957" WIDTH="40" HEIGHT="20" CONTENT="the" WC="0.97" CC="100" STYLEREFS="TXT_24"/>
							<SP ID="P4_SP01207" HPOS="2713" VPOS="982" WIDTH="9"/>
							<String ID="P4_ST01539" HPOS="2722" VPOS="957" WIDTH="104" HEIGHT="25" CONTENT="Platypus" WC="0.95" CC="01001121" STYLEREFS="TXT_24"/>
							<SP ID="P4_SP01208" HPOS="2826" VPOS="982" WIDTH="17"/>
							<String ID="P4_ST01540" HPOS="2843" VPOS="956" WIDTH="67" HEIGHT="21" CONTENT="brand" WC="0.96" CC="00111" STYLEREFS="TXT_24"/>
						</TextLine>
						<TextLine ID="P4_TL00297" HPOS="2374" VPOS="987" WIDTH="536" HEIGHT="26">
							<String ID="P4_ST01541" HPOS="2374" VPOS="987" WIDTH="50" HEIGHT="25" CONTENT="only" WC="0.97" CC="0111" STYLEREFS="TXT_24"/>
							<SP ID="P4_SP01209" HPOS="2424" VPOS="1012" WIDTH="10"/>
							<String ID="P4_ST01542" HPOS="2434" VPOS="988" WIDTH="22" HEIGHT="19" CONTENT="of" WC="0.94" CC="11" STYLEREFS="TXT_24"/>
							<SP ID="P4_SP01210" HPOS="2456" VPOS="1012" WIDTH="7"/>
							<String ID="P4_ST01543" HPOS="2463" VPOS="988" WIDTH="30" HEIGHT="19" CONTENT="all" WC="0.97" CC="100" STYLEREFS="TXT_24"/>
							<SP ID="P4_SP01211" HPOS="2493" VPOS="1012" WIDTH="9"/>
							<String ID="P4_ST01544" HPOS="2502" VPOS="988" WIDTH="113" HEIGHT="25" CONTENT="Chemists," WC="0.94" CC="101110121" STYLEREFS="TXT_24"/>
							<SP ID="P4_SP01212" HPOS="2615" VPOS="1013" WIDTH="6"/>
							<String ID="P4_ST01545" HPOS="2621" VPOS="989" WIDTH="88" HEIGHT="19" CONTENT="Grocers" WC="0.97" CC="1000001" STYLEREFS="TXT_24"/>
							<SP ID="P4_SP01213" HPOS="2709" VPOS="1013" WIDTH="6"/>
							<String ID="P4_ST01546" HPOS="2715" VPOS="987" WIDTH="43" HEIGHT="20" CONTENT="and" WC="0.95" CC="111" STYLEREFS="TXT_24"/>
							<SP ID="P4_SP01214" HPOS="2758" VPOS="1013" WIDTH="7"/>
							<String ID="P4_ST01547" HPOS="2765" VPOS="987" WIDTH="145" HEIGHT="26" CONTENT="Storekeepers" WC="0.95" CC="110012100011" STYLEREFS="TXT_24"/>
						</TextLine>
						<TextLine ID="P4_TL00298" HPOS="2374" VPOS="1018" WIDTH="536" HEIGHT="25">
							<String ID="P4_ST01548" HPOS="2374" VPOS="1018" WIDTH="43" HEIGHT="20" CONTENT="and" WC="0.93" CC="111" STYLEREFS="TXT_24"/>
							<SP ID="P4_SP01215" HPOS="2417" VPOS="1038" WIDTH="13"/>
							<String ID="P4_ST01549" HPOS="2430" VPOS="1019" WIDTH="24" HEIGHT="19" CONTENT="at" WC="0.91" CC="11" STYLEREFS="TXT_24"/>
							<SP ID="P4_SP01216" HPOS="2454" VPOS="1038" WIDTH="13"/>
							<String ID="P4_ST01550" HPOS="2467" VPOS="1018" WIDTH="37" HEIGHT="20" CONTENT="the" WC="0.96" CC="011" STYLEREFS="TXT_24"/>
							<SP ID="P4_SP01217" HPOS="2504" VPOS="1038" WIDTH="10"/>
							<String ID="P4_ST01551" HPOS="2514" VPOS="1019" WIDTH="65" HEIGHT="19" CONTENT="Office" WC="0.79" CC="044410" STYLEREFS="TXT_24"/>
							<SP ID="P4_SP01218" HPOS="2579" VPOS="1038" WIDTH="9"/>
							<String ID="P4_ST01552" HPOS="2588" VPOS="1020" WIDTH="12" HEIGHT="19" CONTENT="9" WC="1.00" CC="0" STYLEREFS="TXT_24"/>
							<SP ID="P4_SP01219" HPOS="2600" VPOS="1039" WIDTH="10"/>
							<String ID="P4_ST01553" HPOS="2610" VPOS="1019" WIDTH="114" HEIGHT="20" CONTENT="Cathedral" WC="0.94" CC="111101011" STYLEREFS="TXT_24"/>
							<SP ID="P4_SP01220" HPOS="2724" VPOS="1039" WIDTH="10"/>
							<String ID="P4_ST01554" HPOS="2734" VPOS="1024" WIDTH="76" HEIGHT="19" CONTENT="square" WC="0.89" CC="141100" STYLEREFS="TXT_24"/>
							<SP ID="P4_SP01221" HPOS="2810" VPOS="1043" WIDTH="8"/>
							<String ID="P4_ST01555" HPOS="2818" VPOS="1019" WIDTH="92" HEIGHT="20" CONTENT="between" WC="0.88" CC="1121122" STYLEREFS="TXT_24"/>
						</TextLine>
						<TextLine ID="P4_TL00299" HPOS="2374" VPOS="1049" WIDTH="465" HEIGHT="26">
							<String ID="P4_ST01556" HPOS="2374" VPOS="1049" WIDTH="100" HEIGHT="21" CONTENT="Morten's" WC="0.95" CC="12000020" STYLEREFS="TXT_24"/>
							<SP ID="P4_SP01222" HPOS="2474" VPOS="1070" WIDTH="14"/>
							<String ID="P4_ST01557" HPOS="2488" VPOS="1050" WIDTH="113" HEIGHT="25" CONTENT="Buildings" WC="0.95" CC="010110111" STYLEREFS="TXT_24"/>
							<SP ID="P4_SP01223" HPOS="2601" VPOS="1075" WIDTH="8"/>
							<String ID="P4_ST01558" HPOS="2609" VPOS="1051" WIDTH="41" HEIGHT="20" CONTENT="and" WC="0.97" CC="001" STYLEREFS="TXT_24"/>
							<SP ID="P4_SP01224" HPOS="2650" VPOS="1075" WIDTH="12"/>
							<String ID="P4_ST01559" HPOS="2662" VPOS="1050" WIDTH="37" HEIGHT="21" CONTENT="the" WC="1.00" CC="000" STYLEREFS="TXT_24"/>
							<SP ID="P4_SP01225" HPOS="2699" VPOS="1075" WIDTH="8"/>
							<String ID="P4_ST01560" HPOS="2707" VPOS="1051" WIDTH="52" HEIGHT="20" CONTENT="Post" WC="0.98" CC="0011" STYLEREFS="TXT_24"/>
							<SP ID="P4_SP01226" HPOS="2759" VPOS="1075" WIDTH="9"/>
							<String ID="P4_ST01561" HPOS="2768" VPOS="1050" WIDTH="71" HEIGHT="21" CONTENT="Office." WC="0.94" CC="0111011" STYLEREFS="TXT_24"/>
						</TextLine>
						<TextLine ID="P4_TL00300" HPOS="2539" VPOS="1084" WIDTH="177" HEIGHT="27">
							<String ID="P4_ST01562" HPOS="2539" VPOS="1084" WIDTH="88" HEIGHT="20" CONTENT="Oxford" WC="0.96" CC="021000" STYLEREFS="TXT_24"/>
							<SP ID="P4_SP01227" HPOS="2627" VPOS="1104" WIDTH="10"/>
							<String ID="P4_ST01563" HPOS="2637" VPOS="1085" WIDTH="79" HEIGHT="26" CONTENT="Agent" WC="0.95" CC="11011" STYLEREFS="TXT_24"/>
						</TextLine>
						<TextLine ID="P4_TL00301" HPOS="2427" VPOS="1118" WIDTH="476" HEIGHT="27">
							<String ID="P4_ST01564" HPOS="2427" VPOS="1118" WIDTH="27" HEIGHT="22" CONTENT="E." WC="0.89" CC="21" STYLEREFS="TXT_24"/>
							<SP ID="P4_SP01228" HPOS="2454" VPOS="1140" WIDTH="10"/>
							<String ID="P4_ST01565" HPOS="2464" VPOS="1119" WIDTH="30" HEIGHT="21" CONTENT="H." WC="0.93" CC="11" STYLEREFS="TXT_24"/>
							<SP ID="P4_SP01229" HPOS="2494" VPOS="1140" WIDTH="14"/>
							<String ID="P4_ST01566" HPOS="2508" VPOS="1119" WIDTH="120" HEIGHT="26" CONTENT="PAEISH," WC="0.92" CC="0131111" STYLEREFS="TXT_24"/>
							<SP ID="P4_SP01230" HPOS="2628" VPOS="1145" WIDTH="22"/>
							<String ID="P4_ST01567" HPOS="2650" VPOS="1120" WIDTH="77" HEIGHT="20" CONTENT="EAST" WC="0.98" CC="1010" STYLEREFS="TXT_24"/>
							<SP ID="P4_SP01231" HPOS="2727" VPOS="1145" WIDTH="14"/>
							<String ID="P4_ST01568" HPOS="2741" VPOS="1120" WIDTH="120" HEIGHT="21" CONTENT="OXFORD" WC="0.87" CC="020052" STYLEREFS="TXT_24"/>
							<SP ID="P4_SP01232" HPOS="2861" VPOS="1145" WIDTH="19"/>
							<String ID="P4_ST01569" HPOS="2880" VPOS="1126" WIDTH="4" HEIGHT="17" CONTENT=";" WC="0.81" CC="2" STYLEREFS="TXT_24"/>
							<SP ID="P4_SP01233" HPOS="2884" VPOS="1145" WIDTH="15"/>
							<String ID="P4_ST01570" HPOS="2899" VPOS="1130" WIDTH="4" HEIGHT="2" CONTENT="■" WC="0.96" CC="1" STYLEREFS="TXT_24"/>
						</TextLine>
						<TextLine ID="P4_TL00302" HPOS="2454" VPOS="1157" WIDTH="448" HEIGHT="31">
							<String ID="P4_ST01571" HPOS="2454" VPOS="1157" WIDTH="142" HEIGHT="26" CONTENT="Eucalyptus" WC="0.93" CC="1200020111" STYLEREFS="TXT_24"/>
							<SP ID="P4_SP01234" HPOS="2596" VPOS="1183" WIDTH="9"/>
							<String ID="P4_ST01572" HPOS="2605" VPOS="1158" WIDTH="38" HEIGHT="20" CONTENT="Oil" WC="0.99" CC="010" STYLEREFS="TXT_24"/>
							<SP ID="P4_SP01235" HPOS="2643" VPOS="1183" WIDTH="14"/>
							<String ID="P4_ST01573" HPOS="2657" VPOS="1157" WIDTH="30" HEIGHT="27" CONTENT="1/-" WC="1.00" CC="000" STYLEREFS="TXT_24"/>
							<SP ID="P4_SP01236" HPOS="2687" VPOS="1184" WIDTH="13"/>
							<String ID="P4_ST01574" HPOS="2700" VPOS="1164" WIDTH="42" HEIGHT="20" CONTENT="per" WC="0.95" CC="101" STYLEREFS="TXT_24"/>
							<SP ID="P4_SP01237" HPOS="2742" VPOS="1184" WIDTH="7"/>
							<String ID="P4_ST01575" HPOS="2749" VPOS="1158" WIDTH="79" HEIGHT="21" CONTENT="bottle." WC="0.97" CC="1011011" STYLEREFS="TXT_24"/>
							<SP ID="P4_SP01238" HPOS="2828" VPOS="1184" WIDTH="23"/>
							<String ID="P4_ST01576" HPOS="2851" VPOS="1165" WIDTH="2" HEIGHT="5" CONTENT="•" WC="0.78" CC="2" STYLEREFS="TXT_24"/>
							<SP ID="P4_SP01239" HPOS="2853" VPOS="1184" WIDTH="17"/>
							<String ID="P4_ST01577" HPOS="2870" VPOS="1162" WIDTH="14" HEIGHT="26" CONTENT="-.}" WC="0.89" CC="112" STYLEREFS="TXT_24"/>
							<SP ID="P4_SP01240" HPOS="2884" VPOS="1188" WIDTH="17"/>
							<String ID="P4_ST01578" HPOS="2901" VPOS="1163" WIDTH="1" HEIGHT="3" CONTENT="■" WC="0.96" CC="1" STYLEREFS="TXT_24"/>
						</TextLine>
						<TextLine ID="P4_TL00303" HPOS="2372" VPOS="1232" WIDTH="516" HEIGHT="30">
							<String ID="P4_ST01579" HPOS="2372" VPOS="1240" WIDTH="103" HEIGHT="21" CONTENT="EONGO" WC="0.84" CC="10610" STYLEREFS="TXT_24"/>
							<SP ID="P4_SP01241" HPOS="2475" VPOS="1261" WIDTH="36"/>
							<String ID="P4_ST01580" HPOS="2511" VPOS="1240" WIDTH="54" HEIGHT="20" CONTENT="PAI" WC="0.97" CC="110" STYLEREFS="TXT_24"/>
							<SP ID="P4_SP01242" HPOS="2565" VPOS="1261" WIDTH="21"/>
							<String ID="P4_ST01581" HPOS="2586" VPOS="1241" WIDTH="95" HEIGHT="21" CONTENT="TENEI" WC="0.97" CC="00110" STYLEREFS="TXT_24"/>
							<SP ID="P4_SP01243" HPOS="2681" VPOS="1262" WIDTH="13"/>
							<String ID="P4_ST01582" HPOS="2694" VPOS="1241" WIDTH="56" HEIGHT="21" CONTENT="KEI" WC="0.88" CC="400" STYLEREFS="TXT_24"/>
							<SP ID="P4_SP01244" HPOS="2750" VPOS="1262" WIDTH="14"/>
							<String ID="P4_ST01583" HPOS="2764" VPOS="1232" WIDTH="124" HEIGHT="30" CONTENT="KOTJTOTJ" WC="0.94" CC="11210021" STYLEREFS="TXT_24"/>
						</TextLine>
						<TextLine ID="P4_TL00304" HPOS="2588" VPOS="1274" WIDTH="323" HEIGHT="23">
							<String ID="P4_ST01584" HPOS="2588" VPOS="1274" WIDTH="110" HEIGHT="23" CONTENT="KATOA." WC="0.93" CC="310001" STYLEREFS="TXT_24"/>
							<SP ID="P4_SP01245" HPOS="2698" VPOS="1297" WIDTH="182"/>
							<String ID="P4_ST01585" HPOS="2880" VPOS="1276" WIDTH="3" HEIGHT="21" CONTENT="!" WC="0.63" CC="4" STYLEREFS="TXT_24"/>
							<SP ID="P4_SP01246" HPOS="2883" VPOS="1297" WIDTH="23"/>
							<String ID="P4_ST01586" HPOS="2906" VPOS="1293" WIDTH="5" HEIGHT="2" CONTENT="." WC="0.85" CC="2" STYLEREFS="TXT_24"/>
						</TextLine>
						<TextLine ID="P4_TL00305" HPOS="2414" VPOS="1311" WIDTH="453" HEIGHT="40">
							<String ID="P4_ST01587" HPOS="2414" VPOS="1311" WIDTH="191" HEIGHT="39" CONTENT="MACBEAN" WC="0.96" CC="1101010" STYLEREFS="TXT_12"/>
							<SP ID="P4_SP01247" HPOS="2605" VPOS="1350" WIDTH="43"/>
							<String ID="P4_ST01588" HPOS="2648" VPOS="1312" WIDTH="219" HEIGHT="39" CONTENT="STEWARTS" WC="0.96" CC="00001120" STYLEREFS="TXT_12"/>
						</TextLine>
						<TextLine ID="P4_TL00306" HPOS="2372" VPOS="1366" WIDTH="511" HEIGHT="22">
							<String ID="P4_ST01589" HPOS="2372" VPOS="1366" WIDTH="75" HEIGHT="21" CONTENT="NEW" WC="0.64" CC="614"/>
							<SP ID="P4_SP01248" HPOS="2447" VPOS="1387" WIDTH="14"/>
							<String ID="P4_ST01590" HPOS="2461" VPOS="1367" WIDTH="80" HEIGHT="20" CONTENT="CTTEE" WC="0.90" CC="02121"/>
							<SP ID="P4_SP01249" HPOS="2541" VPOS="1387" WIDTH="15"/>
							<String ID="P4_ST01591" HPOS="2556" VPOS="1367" WIDTH="59" HEIGHT="20" CONTENT="FOE" WC="0.95" CC="101"/>
							<SP ID="P4_SP01250" HPOS="2615" VPOS="1387" WIDTH="13"/>
							<String ID="P4_ST01592" HPOS="2628" VPOS="1367" WIDTH="127" HEIGHT="21" CONTENT="ASTHMA" WC="0.96" CC="121100"/>
							<SP ID="P4_SP01251" HPOS="2755" VPOS="1388" WIDTH="125"/>
							<String ID="P4_ST01593" HPOS="2880" VPOS="1373" WIDTH="3" HEIGHT="14" CONTENT=";" WC="0.93" CC="1"/>
						</TextLine>
						<TextLine ID="P4_TL00307" HPOS="2426" VPOS="1401" WIDTH="351" HEIGHT="23">
							<String ID="P4_ST01594" HPOS="2426" VPOS="1401" WIDTH="75" HEIGHT="21" CONTENT="NEW" WC="0.83" CC="312"/>
							<SP ID="P4_SP01252" HPOS="2501" VPOS="1422" WIDTH="14"/>
							<String ID="P4_ST01595" HPOS="2515" VPOS="1402" WIDTH="79" HEIGHT="20" CONTENT="CTJEE" WC="0.96" CC="11011"/>
							<SP ID="P4_SP01253" HPOS="2594" VPOS="1422" WIDTH="14"/>
							<String ID="P4_ST01596" HPOS="2608" VPOS="1403" WIDTH="58" HEIGHT="20" CONTENT="FOE" WC="0.96" CC="101"/>
							<SP ID="P4_SP01254" HPOS="2666" VPOS="1423" WIDTH="14"/>
							<String ID="P4_ST01597" HPOS="2680" VPOS="1403" WIDTH="97" HEIGHT="21" CONTENT="CEOUP" WC="0.91" CC="11022"/>
						</TextLine>
						<TextLine ID="P4_TL00308" HPOS="2485" VPOS="1433" WIDTH="423" HEIGHT="26">
							<String ID="P4_ST01598" HPOS="2485" VPOS="1436" WIDTH="75" HEIGHT="21" CONTENT="NEW" WC="0.95" CC="111"/>
							<SP ID="P4_SP01255" HPOS="2560" VPOS="1457" WIDTH="14"/>
							<String ID="P4_ST01599" HPOS="2574" VPOS="1437" WIDTH="79" HEIGHT="22" CONTENT="CURE" WC="0.91" CC="0220"/>
							<SP ID="P4_SP01256" HPOS="2653" VPOS="1459" WIDTH="13"/>
							<String ID="P4_ST01600" HPOS="2666" VPOS="1438" WIDTH="59" HEIGHT="20" CONTENT="FOE" WC="0.97" CC="001"/>
							<SP ID="P4_SP01257" HPOS="2725" VPOS="1459" WIDTH="12"/>
							<String ID="P4_ST01601" HPOS="2737" VPOS="1433" WIDTH="152" HEIGHT="25" CONTENT="DIPHTEEt" WC="0.93" CC="20110112"/>
							<String ID="P4_ST01602" HPOS="2888" VPOS="1438" WIDTH="20" HEIGHT="19" CONTENT="A" WC="1.00" CC="0"/>
						</TextLine>
						<TextLine ID="P4_TL00309" HPOS="2426" VPOS="1467" WIDTH="387" HEIGHT="25">
							<String ID="P4_ST01603" HPOS="2426" VPOS="1467" WIDTH="74" HEIGHT="21" CONTENT="NEW" WC="0.84" CC="411"/>
							<SP ID="P4_SP01258" HPOS="2500" VPOS="1488" WIDTH="14"/>
							<String ID="P4_ST01604" HPOS="2514" VPOS="1467" WIDTH="86" HEIGHT="25" CONTENT="CTJEE." WC="0.93" CC="022001"/>
							<SP ID="P4_SP01259" HPOS="2600" VPOS="1492" WIDTH="7"/>
							<String ID="P4_ST01605" HPOS="2607" VPOS="1468" WIDTH="59" HEIGHT="21" CONTENT="FOE" WC="0.97" CC="101"/>
							<SP ID="P4_SP01260" HPOS="2666" VPOS="1492" WIDTH="14"/>
							<String ID="P4_ST01606" HPOS="2680" VPOS="1469" WIDTH="133" HEIGHT="20" CONTENT="CHRONIC" WC="0.93" CC="1130100"/>
						</TextLine>
						<TextLine ID="P4_TL00310" HPOS="2549" VPOS="1497" WIDTH="323" HEIGHT="31">
							<String ID="P4_ST01607" HPOS="2549" VPOS="1504" WIDTH="188" HEIGHT="22" CONTENT="BEONCHITIS." WC="0.95" CC="20011100011"/>
							<SP ID="P4_SP01261" HPOS="2737" VPOS="1526" WIDTH="51"/>
							<String ID="P4_ST01608" HPOS="2788" VPOS="1497" WIDTH="84" HEIGHT="31" CONTENT="'.--.." WC="0.92" CC="102111"/>
						</TextLine>
						<TextLine ID="P4_TL00311" HPOS="2386" VPOS="1541" WIDTH="509" HEIGHT="27">
							<String ID="P4_ST01609" HPOS="2386" VPOS="1541" WIDTH="115" HEIGHT="27" CONTENT="Prepared" WC="0.98" CC="11010001"/>
							<SP ID="P4_SP01262" HPOS="2501" VPOS="1568" WIDTH="8"/>
							<String ID="P4_ST01610" HPOS="2509" VPOS="1541" WIDTH="60" HEIGHT="21" CONTENT="from" WC="0.97" CC="0101"/>
							<SP ID="P4_SP01263" HPOS="2569" VPOS="1568" WIDTH="8"/>
							<String ID="P4_ST01611" HPOS="2577" VPOS="1542" WIDTH="42" HEIGHT="20" CONTENT="the" WC="0.96" CC="001"/>
							<SP ID="P4_SP01264" HPOS="2619" VPOS="1568" WIDTH="8"/>
							<String ID="P4_ST01612" HPOS="2627" VPOS="1542" WIDTH="121" HEIGHT="21" CONTENT="Mountain" WC="0.92" CC="12211111"/>
							<SP ID="P4_SP01265" HPOS="2748" VPOS="1568" WIDTH="10"/>
							<String ID="P4_ST01613" HPOS="2758" VPOS="1543" WIDTH="47" HEIGHT="20" CONTENT="and" WC="0.99" CC="010"/>
							<SP ID="P4_SP01266" HPOS="2805" VPOS="1568" WIDTH="9"/>
							<String ID="P4_ST01614" HPOS="2814" VPOS="1543" WIDTH="81" HEIGHT="21" CONTENT="Forest" WC="0.97" CC="101010"/>
						</TextLine>
						<TextLine ID="P4_TL00312" HPOS="2438" VPOS="1568" WIDTH="360" HEIGHT="22">
							<String ID="P4_ST01615" HPOS="2438" VPOS="1574" WIDTH="5" HEIGHT="3" CONTENT="-" WC="0.93" CC="1"/>
							<SP ID="P4_SP01267" HPOS="2443" VPOS="1577" WIDTH="49"/>
							<String ID="P4_ST01616" HPOS="2492" VPOS="1568" WIDTH="81" HEIGHT="21" CONTENT="Plants" WC="0.90" CC="311101"/>
							<SP ID="P4_SP01268" HPOS="2573" VPOS="1589" WIDTH="14"/>
							<String ID="P4_ST01617" HPOS="2587" VPOS="1569" WIDTH="24" HEIGHT="20" CONTENT="of" WC="0.96" CC="01"/>
							<SP ID="P4_SP01269" HPOS="2611" VPOS="1589" WIDTH="13"/>
							<String ID="P4_ST01618" HPOS="2624" VPOS="1569" WIDTH="55" HEIGHT="20" CONTENT="New" WC="0.80" CC="231"/>
							<SP ID="P4_SP01270" HPOS="2679" VPOS="1589" WIDTH="15"/>
							<String ID="P4_ST01619" HPOS="2694" VPOS="1570" WIDTH="104" HEIGHT="20" CONTENT="Zealand." WC="0.95" CC="10101210"/>
						</TextLine>
						<TextLine ID="P4_TL00313" HPOS="2371" VPOS="1603" WIDTH="538" HEIGHT="26">
							<String ID="P4_ST01620" HPOS="2371" VPOS="1605" WIDTH="29" HEIGHT="19" CONTENT="In" WC="0.98" CC="01"/>
							<SP ID="P4_SP01271" HPOS="2400" VPOS="1624" WIDTH="9"/>
							<String ID="P4_ST01621" HPOS="2409" VPOS="1603" WIDTH="98" HEIGHT="20" CONTENT="Asthma" WC="0.97" CC="010110"/>
							<SP ID="P4_SP01272" HPOS="2507" VPOS="1624" WIDTH="10"/>
							<String ID="P4_ST01622" HPOS="2517" VPOS="1603" WIDTH="41" HEIGHT="19" CONTENT="the" WC="0.97" CC="010"/>
							<SP ID="P4_SP01273" HPOS="2558" VPOS="1624" WIDTH="9"/>
							<String ID="P4_ST01623" HPOS="2567" VPOS="1603" WIDTH="55" HEIGHT="20" CONTENT="New" WC="0.62" CC="119"/>
							<SP ID="P4_SP01274" HPOS="2622" VPOS="1624" WIDTH="9"/>
							<String ID="P4_ST01624" HPOS="2631" VPOS="1603" WIDTH="59" HEIGHT="20" CONTENT="Cure" WC="0.95" CC="0200"/>
							<SP ID="P4_SP01275" HPOS="2690" VPOS="1624" WIDTH="9"/>
							<String ID="P4_ST01625" HPOS="2699" VPOS="1603" WIDTH="42" HEIGHT="20" CONTENT="hais" WC="0.81" CC="1151"/>
							<SP ID="P4_SP01276" HPOS="2741" VPOS="1624" WIDTH="9"/>
							<String ID="P4_ST01626" HPOS="2750" VPOS="1603" WIDTH="86" HEIGHT="26" CONTENT="proved" WC="0.92" CC="100400"/>
							<SP ID="P4_SP01277" HPOS="2836" VPOS="1629" WIDTH="7"/>
							<String ID="P4_ST01627" HPOS="2843" VPOS="1603" WIDTH="66" HEIGHT="21" CONTENT="itself" WC="0.98" CC="101001"/>
						</TextLine>
						<TextLine ID="P4_TL00314" HPOS="2412" VPOS="1629" WIDTH="450" HEIGHT="22">
							<String ID="P4_ST01628" HPOS="2412" VPOS="1630" WIDTH="26" HEIGHT="21" CONTENT="to" WC="1.00" CC="00"/>
							<SP ID="P4_SP01278" HPOS="2438" VPOS="1651" WIDTH="8"/>
							<String ID="P4_ST01629" HPOS="2446" VPOS="1629" WIDTH="29" HEIGHT="21" CONTENT="be" WC="0.74" CC="50"/>
							<SP ID="P4_SP01279" HPOS="2475" VPOS="1651" WIDTH="10"/>
							<String ID="P4_ST01630" HPOS="2485" VPOS="1629" WIDTH="65" HEIGHT="21" CONTENT="Head" WC="0.83" CC="1510"/>
							<SP ID="P4_SP01280" HPOS="2550" VPOS="1651" WIDTH="10"/>
							<String ID="P4_ST01631" HPOS="2560" VPOS="1629" WIDTH="178" HEIGHT="22" CONTENT="and-Shoulders" WC="0.92" CC="0111121112101"/>
							<SP ID="P4_SP01281" HPOS="2738" VPOS="1651" WIDTH="10"/>
							<String ID="P4_ST01632" HPOS="2748" VPOS="1630" WIDTH="71" HEIGHT="21" CONTENT="above" WC="0.91" CC="02211"/>
							<SP ID="P4_SP01282" HPOS="2819" VPOS="1651" WIDTH="9"/>
							<String ID="P4_ST01633" HPOS="2828" VPOS="1631" WIDTH="34" HEIGHT="20" CONTENT="s»ll" WC="0.82" CC="3230"/>
						</TextLine>
						<TextLine ID="P4_TL00315" HPOS="2485" VPOS="1654" WIDTH="398" HEIGHT="29">
							<String ID="P4_ST01634" HPOS="2485" VPOS="1661" WIDTH="5" HEIGHT="22" CONTENT=";" WC="0.85" CC="2"/>
							<SP ID="P4_SP01283" HPOS="2490" VPOS="1683" WIDTH="63"/>
							<String ID="P4_ST01635" HPOS="2553" VPOS="1654" WIDTH="165" HEIGHT="24" CONTENT="Ottier~GurW:" WC="0.82" CC="014412322131"/>
							<SP ID="P4_SP01284" HPOS="2718" VPOS="1683" WIDTH="17"/>
							<String ID="P4_ST01636" HPOS="2735" VPOS="1660" WIDTH="33" HEIGHT="3" CONTENT="&#34;'&#34;" WC="0.78" CC="223"/>
							<SP ID="P4_SP01285" HPOS="2768" VPOS="1683" WIDTH="26"/>
							<String ID="P4_ST01637" HPOS="2794" VPOS="1660" WIDTH="17" HEIGHT="3" CONTENT='"' WC="0.56" CC="4"/>
							<SP ID="P4_SP01286" HPOS="2811" VPOS="1683" WIDTH="70"/>
							<String ID="P4_ST01638" HPOS="2881" VPOS="1662" WIDTH="2" HEIGHT="5" CONTENT="'" WC="0.93" CC="1"/>
						</TextLine>
						<TextLine ID="P4_TL00316" HPOS="2398" VPOS="1695" WIDTH="510" HEIGHT="23">
							<String ID="P4_ST01639" HPOS="2398" VPOS="1696" WIDTH="29" HEIGHT="20" CONTENT="In" WC="1.00" CC="00"/>
							<SP ID="P4_SP01287" HPOS="2427" VPOS="1716" WIDTH="9"/>
							<String ID="P4_ST01640" HPOS="2436" VPOS="1701" WIDTH="30" HEIGHT="15" CONTENT="no" WC="0.98" CC="10"/>
							<SP ID="P4_SP01288" HPOS="2466" VPOS="1716" WIDTH="9"/>
							<String ID="P4_ST01641" HPOS="2475" VPOS="1695" WIDTH="102" HEIGHT="21" CONTENT="instance" WC="0.94" CC="11111100"/>
							<SP ID="P4_SP01289" HPOS="2577" VPOS="1716" WIDTH="9"/>
							<String ID="P4_ST01642" HPOS="2586" VPOS="1695" WIDTH="42" HEIGHT="22" CONTENT="has" WC="0.86" CC="301"/>
							<SP ID="P4_SP01290" HPOS="2628" VPOS="1717" WIDTH="10"/>
							<String ID="P4_ST01643" HPOS="2638" VPOS="1702" WIDTH="14" HEIGHT="15" CONTENT="a" WC="1.00" CC="0"/>
							<SP ID="P4_SP01291" HPOS="2652" VPOS="1717" WIDTH="7"/>
							<String ID="P4_ST01644" HPOS="2659" VPOS="1696" WIDTH="68" HEIGHT="22" CONTENT="death" WC="0.95" CC="10012"/>
							<SP ID="P4_SP01292" HPOS="2727" VPOS="1718" WIDTH="9"/>
							<String ID="P4_ST01645" HPOS="2736" VPOS="1697" WIDTH="107" HEIGHT="21" CONTENT="occurred" WC="0.93" CC="20011111"/>
							<SP ID="P4_SP01293" HPOS="2843" VPOS="1718" WIDTH="6"/>
							<String ID="P4_ST01646" HPOS="2849" VPOS="1697" WIDTH="59" HEIGHT="21" CONTENT="from" WC="0.96" CC="1100"/>
						</TextLine>
						<TextLine ID="P4_TL00317" HPOS="2372" VPOS="1723" WIDTH="536" HEIGHT="26">
							<String ID="P4_ST01647" HPOS="2372" VPOS="1723" WIDTH="132" HEIGHT="26" CONTENT="diphtheria" WC="0.95" CC="1002110101"/>
							<SP ID="P4_SP01294" HPOS="2504" VPOS="1749" WIDTH="17"/>
							<String ID="P4_ST01648" HPOS="2521" VPOS="1723" WIDTH="67" HEIGHT="19" CONTENT="when" WC="0.80" CC="5211"/>
							<SP ID="P4_SP01295" HPOS="2588" VPOS="1749" WIDTH="8"/>
							<String ID="P4_ST01649" HPOS="2596" VPOS="1724" WIDTH="50" HEIGHT="20" CONTENT=".the" WC="0.87" CC="1140"/>
							<SP ID="P4_SP01296" HPOS="2646" VPOS="1749" WIDTH="24"/>
							<String ID="P4_ST01650" HPOS="2670" VPOS="1724" WIDTH="77" HEIGHT="20" CONTENT="''New" WC="0.79" CC="33401"/>
							<SP ID="P4_SP01297" HPOS="2747" VPOS="1749" WIDTH="18"/>
							<String ID="P4_ST01651" HPOS="2765" VPOS="1725" WIDTH="78" HEIGHT="19" CONTENT='Cure"' WC="0.86" CC="11015"/>
							<SP ID="P4_SP01298" HPOS="2843" VPOS="1749" WIDTH="23"/>
							<String ID="P4_ST01652" HPOS="2866" VPOS="1725" WIDTH="42" HEIGHT="19" CONTENT="has" WC="0.94" CC="101"/>
						</TextLine>
						<TextLine ID="P4_TL00318" HPOS="2372" VPOS="1749" WIDTH="540" HEIGHT="26">
							<String ID="P4_ST01653" HPOS="2372" VPOS="1750" WIDTH="57" HEIGHT="20" CONTENT="been" WC="0.98" CC="1010"/>
							<SP ID="P4_SP01299" HPOS="2429" VPOS="1770" WIDTH="9"/>
							<String ID="P4_ST01654" HPOS="2438" VPOS="1749" WIDTH="73" HEIGHT="26" CONTENT="freely" WC="0.97" CC="110001"/>
							<SP ID="P4_SP01300" HPOS="2511" VPOS="1775" WIDTH="9"/>
							<String ID="P4_ST01655" HPOS="2520" VPOS="1749" WIDTH="58" HEIGHT="20" CONTENT="used" WC="0.95" CC="1101"/>
							<SP ID="P4_SP01301" HPOS="2578" VPOS="1775" WIDTH="8"/>
							<String ID="P4_ST01656" HPOS="2586" VPOS="1749" WIDTH="59" HEIGHT="21" CONTENT="from" WC="0.91" CC="1301"/>
							<SP ID="P4_SP01302" HPOS="2645" VPOS="1775" WIDTH="5"/>
							<String ID="P4_ST01657" HPOS="2650" VPOS="1750" WIDTH="41" HEIGHT="20" CONTENT="the" WC="0.99" CC="100"/>
							<SP ID="P4_SP01303" HPOS="2691" VPOS="1775" WIDTH="9"/>
							<String ID="P4_ST01658" HPOS="2700" VPOS="1750" WIDTH="51" HEIGHT="20" CONTENT="first" WC="0.94" CC="11110"/>
							<SP ID="P4_SP01304" HPOS="2751" VPOS="1775" WIDTH="6"/>
							<String ID="P4_ST01659" HPOS="2757" VPOS="1751" WIDTH="77" HEIGHT="19" CONTENT="outset" WC="0.96" CC="020110"/>
							<SP ID="P4_SP01305" HPOS="2834" VPOS="1775" WIDTH="5"/>
							<String ID="P4_ST01660" HPOS="2839" VPOS="1750" WIDTH="24" HEIGHT="20" CONTENT="of" WC="0.96" CC="01"/>
							<SP ID="P4_SP01306" HPOS="2863" VPOS="1775" WIDTH="5"/>
							<String ID="P4_ST01661" HPOS="2868" VPOS="1751" WIDTH="44" HEIGHT="21" CONTENT='the"' WC="0.95" CC="0111"/>
							<String ID="P4_ST01662" HPOS="2911" VPOS="1765" WIDTH="1" HEIGHT="5" CONTENT=";" STYLE="subscript" WC="0.85" CC="2"/>
						</TextLine>
						<TextLine ID="P4_TL00319" HPOS="2372" VPOS="1776" WIDTH="536" HEIGHT="27">
							<String ID="P4_ST01663" HPOS="2372" VPOS="1777" WIDTH="93" HEIGHT="25" CONTENT="disease," WC="0.97" CC="10100101"/>
							<SP ID="P4_SP01307" HPOS="2465" VPOS="1802" WIDTH="18"/>
							<String ID="P4_ST01664" HPOS="2483" VPOS="1776" WIDTH="46" HEIGHT="20" CONTENT="and" WC="0.97" CC="010"/>
							<SP ID="P4_SP01308" HPOS="2529" VPOS="1802" WIDTH="19"/>
							<String ID="P4_ST01665" HPOS="2548" VPOS="1782" WIDTH="25" HEIGHT="14" CONTENT="so" WC="1.00" CC="00"/>
							<SP ID="P4_SP01309" HPOS="2573" VPOS="1802" WIDTH="18"/>
							<String ID="P4_ST01666" HPOS="2591" VPOS="1777" WIDTH="66" HEIGHT="26" CONTENT="great" WC="0.91" CC="21111"/>
							<SP ID="P4_SP01310" HPOS="2657" VPOS="1803" WIDTH="19"/>
							<String ID="P4_ST01667" HPOS="2676" VPOS="1783" WIDTH="38" HEIGHT="14" CONTENT="are" WC="1.00" CC="000"/>
							<SP ID="P4_SP01311" HPOS="2714" VPOS="1803" WIDTH="18"/>
							<String ID="P4_ST01668" HPOS="2732" VPOS="1777" WIDTH="32" HEIGHT="21" CONTENT="its" WC="0.97" CC="001"/>
							<SP ID="P4_SP01312" HPOS="2764" VPOS="1803" WIDTH="18"/>
							<String ID="P4_ST01669" HPOS="2782" VPOS="1777" WIDTH="126" HEIGHT="26" CONTENT="protective" WC="0.93" CC="0101110131"/>
						</TextLine>
						<TextLine ID="P4_TL00320" HPOS="2370" VPOS="1803" WIDTH="538" HEIGHT="26">
							<String ID="P4_ST01670" HPOS="2370" VPOS="1810" WIDTH="92" HEIGHT="19" CONTENT="powers;" WC="0.94" CC="0010102"/>
							<String ID="P4_ST01671" HPOS="2466" VPOS="1803" WIDTH="62" HEIGHT="21" CONTENT="-that" WC="0.97" CC="11100"/>
							<SP ID="P4_SP01313" HPOS="2528" VPOS="1829" WIDTH="8"/>
							<String ID="P4_ST01672" HPOS="2536" VPOS="1803" WIDTH="41" HEIGHT="21" CONTENT="the" WC="0.99" CC="010"/>
							<SP ID="P4_SP01314" HPOS="2577" VPOS="1829" WIDTH="9"/>
							<String ID="P4_ST01673" HPOS="2586" VPOS="1804" WIDTH="124" HEIGHT="25" CONTENT="complaint" WC="0.98" CC="100001010"/>
							<SP ID="P4_SP01315" HPOS="2710" VPOS="1829" WIDTH="8"/>
							<String ID="P4_ST01674" HPOS="2718" VPOS="1804" WIDTH="44" HEIGHT="20" CONTENT="has" WC="0.63" CC="181"/>
							<SP ID="P4_SP01316" HPOS="2762" VPOS="1829" WIDTH="9"/>
							<String ID="P4_ST01675" HPOS="2771" VPOS="1806" WIDTH="71" HEIGHT="19" CONTENT="iiever" WC="0.97" CC="100101"/>
							<SP ID="P4_SP01317" HPOS="2842" VPOS="1829" WIDTH="9"/>
							<String ID="P4_ST01676" HPOS="2851" VPOS="1805" WIDTH="57" HEIGHT="20" CONTENT="befen" WC="0.76" CC="00551"/>
						</TextLine>
						<TextLine ID="P4_TL00321" HPOS="2371" VPOS="1826" WIDTH="538" HEIGHT="35">
							<String ID="P4_ST01677" HPOS="2371" VPOS="1831" WIDTH="81" HEIGHT="21" CONTENT="known" WC="0.92" CC="11011"/>
							<SP ID="P4_SP01318" HPOS="2452" VPOS="1852" WIDTH="9"/>
							<String ID="P4_ST01678" HPOS="2461" VPOS="1830" WIDTH="25" HEIGHT="22" CONTENT="to" WC="1.00" CC="00"/>
							<SP ID="P4_SP01319" HPOS="2486" VPOS="1852" WIDTH="9"/>
							<String ID="P4_ST01679" HPOS="2495" VPOS="1829" WIDTH="83" HEIGHT="28" CONTENT="spread" WC="0.96" CC="110011"/>
							<SP ID="P4_SP01320" HPOS="2578" VPOS="1857" WIDTH="8"/>
							<String ID="P4_ST01680" HPOS="2586" VPOS="1830" WIDTH="24" HEIGHT="22" CONTENT="to" WC="1.00" CC="00"/>
							<SP ID="P4_SP01321" HPOS="2610" VPOS="1857" WIDTH="10"/>
							<String ID="P4_ST01681" HPOS="2620" VPOS="1830" WIDTH="70" HEIGHT="23" CONTENT="other," WC="0.97" CC="011110"/>
							<SP ID="P4_SP01322" HPOS="2690" VPOS="1857" WIDTH="12"/>
							<String ID="P4_ST01682" HPOS="2702" VPOS="1831" WIDTH="112" HEIGHT="21" CONTENT="members" WC="0.97" CC="1110000"/>
							<SP ID="P4_SP01323" HPOS="2814" VPOS="1857" WIDTH="13"/>
							<String ID="P4_ST01683" HPOS="2827" VPOS="1830" WIDTH="32" HEIGHT="22" CONTENT="'oi" WC="1.00" CC="000" STYLEREFS="TXT_29"/>
							<SP ID="P4_SP01324" HPOS="2859" VPOS="1857" WIDTH="9"/>
							<String ID="P4_ST01684" HPOS="2868" VPOS="1826" WIDTH="41" HEIGHT="35" CONTENT="tjie" WC="0.90" CC="1310"/>
						</TextLine>
						<TextLine ID="P4_TL00322" HPOS="2370" VPOS="1859" WIDTH="88" HEIGHT="26">
							<String ID="P4_ST01685" HPOS="2370" VPOS="1859" WIDTH="88" HEIGHT="26" CONTENT="family." WC="0.94" CC="0001121"/>
						</TextLine>
						<TextLine ID="P4_TL00323" HPOS="2399" VPOS="1892" WIDTH="510" HEIGHT="28">
							<String ID="P4_ST01686" HPOS="2399" VPOS="1893" WIDTH="48" HEIGHT="23" CONTENT="The" WC="0.95" CC="011"/>
							<SP ID="P4_SP01325" HPOS="2447" VPOS="1916" WIDTH="7"/>
							<String ID="P4_ST01687" HPOS="2454" VPOS="1892" WIDTH="55" HEIGHT="24" CONTENT="New" WC="0.81" CC="501"/>
							<SP ID="P4_SP01326" HPOS="2509" VPOS="1916" WIDTH="9"/>
							<String ID="P4_ST01688" HPOS="2518" VPOS="1893" WIDTH="66" HEIGHT="27" CONTENT="Cure," WC="0.88" CC="41001"/>
							<SP ID="P4_SP01327" HPOS="2584" VPOS="1920" WIDTH="10"/>
							<String ID="P4_ST01689" HPOS="2594" VPOS="1895" WIDTH="25" HEIGHT="21" CONTENT="3s" WC="0.93" CC="11"/>
							<SP ID="P4_SP01328" HPOS="2619" VPOS="1920" WIDTH="9"/>
							<String ID="P4_ST01690" HPOS="2628" VPOS="1894" WIDTH="40" HEIGHT="25" CONTENT="6d;" WC="0.89" CC="121"/>
							<SP ID="P4_SP01329" HPOS="2668" VPOS="1920" WIDTH="12"/>
							<String ID="P4_ST01691" HPOS="2680" VPOS="1894" WIDTH="118" HEIGHT="21" CONTENT="Gfindelia" WC="0.94" CC="211110001"/>
							<SP ID="P4_SP01330" HPOS="2798" VPOS="1920" WIDTH="8"/>
							<String ID="P4_ST01692" HPOS="2806" VPOS="1894" WIDTH="103" HEIGHT="21" CONTENT="Eobnsta" WC="0.89" CC="4021111"/>
						</TextLine>
						<TextLine ID="P4_TL00324" HPOS="2436" VPOS="1922" WIDTH="412" HEIGHT="27">
							<String ID="P4_ST01693" HPOS="2436" VPOS="1922" WIDTH="135" HEIGHT="27" CONTENT="Cigarettes," WC="0.96" CC="10001000013"/>
							<SP ID="P4_SP01331" HPOS="2571" VPOS="1949" WIDTH="10"/>
							<String ID="P4_ST01694" HPOS="2581" VPOS="1923" WIDTH="25" HEIGHT="21" CONTENT="2s" WC="0.94" CC="01"/>
							<String ID="P4_ST01695" HPOS="2613" VPOS="1931" WIDTH="7" HEIGHT="16" CONTENT=";" WC="0.85" CC="2"/>
							<SP ID="P4_SP01332" HPOS="2620" VPOS="1949" WIDTH="9"/>
							<String ID="P4_ST01696" HPOS="2629" VPOS="1922" WIDTH="99" HEIGHT="21" CONTENT="Asthma" WC="0.97" CC="011111"/>
							<SP ID="P4_SP01333" HPOS="2728" VPOS="1949" WIDTH="13"/>
							<String ID="P4_ST01697" HPOS="2741" VPOS="1922" WIDTH="107" HEIGHT="24" CONTENT="Tobacco," WC="0.95" CC="10200021"/>
						</TextLine>
						<TextLine ID="P4_TL00325" HPOS="2541" VPOS="1949" WIDTH="185" HEIGHT="21">
							<String ID="P4_ST01698" HPOS="2541" VPOS="1951" WIDTH="26" HEIGHT="19" CONTENT="2s" WC="0.94" CC="11"/>
							<SP ID="P4_SP01334" HPOS="2567" VPOS="1970" WIDTH="14"/>
							<String ID="P4_ST01699" HPOS="2581" VPOS="1949" WIDTH="29" HEIGHT="21" CONTENT="6d" WC="0.98" CC="01"/>
							<SP ID="P4_SP01335" HPOS="2610" VPOS="1970" WIDTH="14"/>
							<String ID="P4_ST01700" HPOS="2624" VPOS="1949" WIDTH="46" HEIGHT="21" CONTENT="and" WC="0.93" CC="111"/>
							<SP ID="P4_SP01336" HPOS="2670" VPOS="1970" WIDTH="13"/>
							<String ID="P4_ST01701" HPOS="2683" VPOS="1951" WIDTH="43" HEIGHT="19" CONTENT="Is.." WC="0.98" CC="0110"/>
						</TextLine>
						<TextLine ID="P4_TL00326" HPOS="2398" VPOS="2054" WIDTH="511" HEIGHT="43">
							<String ID="P4_ST01702" HPOS="2398" VPOS="2057" WIDTH="185" HEIGHT="40" CONTENT="HEALTH" WC="0.91" CC="122101" STYLEREFS="TXT_28"/>
							<SP ID="P4_SP01337" HPOS="2583" VPOS="2097" WIDTH="22"/>
							<String ID="P4_ST01703" HPOS="2605" VPOS="2054" WIDTH="304" HEIGHT="42" CONTENT="GUAnAUTEED" WC="0.69" CC="3329290112" STYLEREFS="TXT_28"/>
						</TextLine>
						<TextLine ID="P4_TL00327" HPOS="2376" VPOS="2139" WIDTH="532" HEIGHT="25">
							<String ID="P4_ST01704" HPOS="2376" VPOS="2140" WIDTH="184" HEIGHT="20" CONTENT="OUFFEEEES" WC="0.88" CC="321211111"/>
							<SP ID="P4_SP01338" HPOS="2560" VPOS="2160" WIDTH="36"/>
							<String ID="P4_ST01705" HPOS="2596" VPOS="2140" WIDTH="58" HEIGHT="21" CONTENT="from" WC="0.94" CC="1101"/>
							<SP ID="P4_SP01339" HPOS="2654" VPOS="2161" WIDTH="43"/>
							<String ID="P4_ST01706" HPOS="2697" VPOS="2139" WIDTH="211" HEIGHT="25" CONTENT="RHEUMATISM," WC="0.92" CC="20011000114"/>
						</TextLine>
						<TextLine ID="P4_TL00328" HPOS="2375" VPOS="2165" WIDTH="534" HEIGHT="26">
							<String ID="P4_ST01707" HPOS="2375" VPOS="2165" WIDTH="28" HEIGHT="24" CONTENT="O." WC="0.83" CC="31"/>
							<SP ID="P4_SP01340" HPOS="2403" VPOS="2189" WIDTH="25"/>
							<String ID="P4_ST01708" HPOS="2428" VPOS="2167" WIDTH="156" HEIGHT="24" CONTENT="LUMBAGO," WC="0.95" CC="11100102"/>
							<SP ID="P4_SP01341" HPOS="2584" VPOS="2191" WIDTH="18"/>
							<String ID="P4_ST01709" HPOS="2602" VPOS="2167" WIDTH="186" HEIGHT="24" CONTENT="NEURALGIA," WC="0.96" CC="0102101001"/>
							<SP ID="P4_SP01342" HPOS="2788" VPOS="2191" WIDTH="19"/>
							<String ID="P4_ST01710" HPOS="2807" VPOS="2167" WIDTH="102" HEIGHT="20" CONTENT="Nervous" WC="0.95" CC="1011111"/>
						</TextLine>
						<TextLine ID="P4_TL00329" HPOS="2374" VPOS="2194" WIDTH="535" HEIGHT="27">
							<String ID="P4_ST01711" HPOS="2374" VPOS="2195" WIDTH="141" HEIGHT="24" CONTENT="exhaustion," WC="0.92" CC="04103100002"/>
							<SP ID="P4_SP01343" HPOS="2515" VPOS="2219" WIDTH="9"/>
							<String ID="P4_ST01712" HPOS="2524" VPOS="2194" WIDTH="98" HEIGHT="27" CONTENT="wasting" WC="0.94" CC="1011102"/>
							<SP ID="P4_SP01344" HPOS="2622" VPOS="2221" WIDTH="7"/>
							<String ID="P4_ST01713" HPOS="2629" VPOS="2195" WIDTH="99" HEIGHT="25" CONTENT="dibility," WC="0.99" CC="000000011"/>
							<SP ID="P4_SP01345" HPOS="2728" VPOS="2221" WIDTH="10"/>
							<String ID="P4_ST01714" HPOS="2738" VPOS="2195" WIDTH="47" HEIGHT="19" CONTENT="lost" WC="0.99" CC="0010"/>
							<SP ID="P4_SP01346" HPOS="2785" VPOS="2221" WIDTH="9"/>
							<String ID="P4_ST01715" HPOS="2794" VPOS="2194" WIDTH="79" HEIGHT="26" CONTENT="vigour" WC="0.97" CC="011001"/>
							<SP ID="P4_SP01347" HPOS="2873" VPOS="2221" WIDTH="12"/>
							<String ID="P4_ST01716" HPOS="2885" VPOS="2194" WIDTH="24" HEIGHT="20" CONTENT="of" WC="0.94" CC="11"/>
						</TextLine>
						<TextLine ID="P4_TL00330" HPOS="2373" VPOS="2221" WIDTH="537" HEIGHT="26">
							<String ID="P4_ST01717" HPOS="2373" VPOS="2221" WIDTH="67" HEIGHT="26" CONTENT="body," WC="0.95" CC="10110"/>
							<SP ID="P4_SP01348" HPOS="2440" VPOS="2247" WIDTH="9"/>
							<String ID="P4_ST01718" HPOS="2449" VPOS="2227" WIDTH="158" HEIGHT="18" CONTENT="nervousness," WC="0.97" CC="101101010000"/>
							<SP ID="P4_SP01349" HPOS="2607" VPOS="2247" WIDTH="10"/>
							<String ID="P4_ST01719" HPOS="2617" VPOS="2222" WIDTH="45" HEIGHT="19" CONTENT="loss" WC="0.97" CC="0011"/>
							<SP ID="P4_SP01350" HPOS="2662" VPOS="2247" WIDTH="10"/>
							<String ID="P4_ST01720" HPOS="2672" VPOS="2222" WIDTH="22" HEIGHT="19" CONTENT="of" WC="0.96" CC="01"/>
							<SP ID="P4_SP01351" HPOS="2694" VPOS="2247" WIDTH="18"/>
							<String ID="P4_ST01721" HPOS="2712" VPOS="2221" WIDTH="58" HEIGHT="20" CONTENT="flesh" WC="0.93" CC="22001"/>
							<SP ID="P4_SP01352" HPOS="2770" VPOS="2247" WIDTH="18"/>
							<String ID="P4_ST01722" HPOS="2788" VPOS="2221" WIDTH="47" HEIGHT="20" CONTENT="and" WC="0.96" CC="001"/>
							<SP ID="P4_SP01353" HPOS="2835" VPOS="2247" WIDTH="17"/>
							<String ID="P4_ST01723" HPOS="2852" VPOS="2221" WIDTH="58" HEIGHT="20" CONTENT="vital" WC="0.99" CC="10000"/>
						</TextLine>
						<TextLine ID="P4_TL00331" HPOS="2373" VPOS="2247" WIDTH="536" HEIGHT="26">
							<String ID="P4_ST01724" HPOS="2373" VPOS="2254" WIDTH="81" HEIGHT="19" CONTENT="power," WC="0.90" CC="000006"/>
							<SP ID="P4_SP01354" HPOS="2454" VPOS="2273" WIDTH="22"/>
							<String ID="P4_ST01725" HPOS="2476" VPOS="2247" WIDTH="93" HEIGHT="21" CONTENT="restless" WC="0.97" CC="11000011"/>
							<SP ID="P4_SP01355" HPOS="2569" VPOS="2273" WIDTH="32"/>
							<String ID="P4_ST01726" HPOS="2601" VPOS="2248" WIDTH="68" HEIGHT="25" CONTENT="sleep," WC="0.97" CC="100011"/>
							<SP ID="P4_SP01356" HPOS="2669" VPOS="2273" WIDTH="11"/>
							<String ID="P4_ST01727" HPOS="2680" VPOS="2249" WIDTH="4" HEIGHT="3" CONTENT="'" WC="0.89" CC="1"/>
							<SP ID="P4_SP01357" HPOS="2684" VPOS="2273" WIDTH="9"/>
							<String ID="P4_ST01728" HPOS="2693" VPOS="2247" WIDTH="96" HEIGHT="24" CONTENT="dreams," WC="0.96" CC="0101110"/>
							<SP ID="P4_SP01358" HPOS="2789" VPOS="2273" WIDTH="18"/>
							<String ID="P4_ST01729" HPOS="2807" VPOS="2247" WIDTH="102" HEIGHT="26" CONTENT="pimples," WC="0.95" CC="00110111"/>
						</TextLine>
						<TextLine ID="P4_TL00332" HPOS="2373" VPOS="2273" WIDTH="536" HEIGHT="26">
							<String ID="P4_ST01730" HPOS="2373" VPOS="2275" WIDTH="64" HEIGHT="19" CONTENT="weak" WC="0.94" CC="1002"/>
							<SP ID="P4_SP01359" HPOS="2437" VPOS="2294" WIDTH="10"/>
							<String ID="P4_ST01731" HPOS="2447" VPOS="2274" WIDTH="61" HEIGHT="23" CONTENT="back," WC="0.95" CC="00012"/>
							<SP ID="P4_SP01360" HPOS="2508" VPOS="2297" WIDTH="12"/>
							<String ID="P4_ST01732" HPOS="2520" VPOS="2273" WIDTH="62" HEIGHT="21" CONTENT="want" WC="0.94" CC="1011"/>
							<SP ID="P4_SP01361" HPOS="2582" VPOS="2297" WIDTH="18"/>
							<String ID="P4_ST01733" HPOS="2600" VPOS="2275" WIDTH="24" HEIGHT="19" CONTENT="of" WC="0.98" CC="10"/>
							<SP ID="P4_SP01362" HPOS="2624" VPOS="2297" WIDTH="9"/>
							<String ID="P4_ST01734" HPOS="2633" VPOS="2274" WIDTH="163" HEIGHT="25" CONTENT="development," WC="0.98" CC="001001010000"/>
							<SP ID="P4_SP01363" HPOS="2796" VPOS="2299" WIDTH="12"/>
							<String ID="P4_ST01735" HPOS="2808" VPOS="2274" WIDTH="101" HEIGHT="21" CONTENT=".varicose" WC="0.91" CC="131110011"/>
						</TextLine>
						<TextLine ID="P4_TL00333" HPOS="2373" VPOS="2301" WIDTH="536" HEIGHT="24">
							<String ID="P4_ST01736" HPOS="2373" VPOS="2301" WIDTH="72" HEIGHT="22" CONTENT="veins," WC="0.97" CC="100110"/>
							<SP ID="P4_SP01364" HPOS="2445" VPOS="2323" WIDTH="9"/>
							<String ID="P4_ST01737" HPOS="2454" VPOS="2301" WIDTH="134" HEIGHT="24" CONTENT="incapacity," WC="0.96" CC="11010100111"/>
							<SP ID="P4_SP01365" HPOS="2588" VPOS="2325" WIDTH="18"/>
							<String ID="P4_ST01738" HPOS="2606" VPOS="2301" WIDTH="94" HEIGHT="24" CONTENT="urinary" WC="0.96" CC="0111011"/>
							<SP ID="P4_SP01366" HPOS="2700" VPOS="2325" WIDTH="21"/>
							<String ID="P4_ST01739" HPOS="2721" VPOS="2301" WIDTH="117" HEIGHT="24" CONTENT="disorders," WC="0.95" CC="1110101012"/>
							<SP ID="P4_SP01367" HPOS="2838" VPOS="2325" WIDTH="21"/>
							<String ID="P4_ST01740" HPOS="2859" VPOS="2301" WIDTH="50" HEIGHT="19" CONTENT="skin" WC="0.98" CC="1001"/>
						</TextLine>
						<TextLine ID="P4_TL00334" HPOS="2374" VPOS="2326" WIDTH="536" HEIGHT="27">
							<String ID="P4_ST01741" HPOS="2374" VPOS="2326" WIDTH="47" HEIGHT="21" CONTENT="and" WC="0.96" CC="111"/>
							<SP ID="P4_SP01368" HPOS="2421" VPOS="2347" WIDTH="8"/>
							<String ID="P4_ST01742" HPOS="2429" VPOS="2326" WIDTH="68" HEIGHT="20" CONTENT="blood" WC="0.98" CC="10000"/>
							<SP ID="P4_SP01369" HPOS="2497" VPOS="2347" WIDTH="10"/>
							<String ID="P4_ST01743" HPOS="2507" VPOS="2326" WIDTH="96" HEIGHT="20" CONTENT="diseases" WC="0.94" CC="00110111"/>
							<SP ID="P4_SP01370" HPOS="2603" VPOS="2347" WIDTH="10"/>
							<String ID="P4_ST01744" HPOS="2613" VPOS="2327" WIDTH="46" HEIGHT="20" CONTENT="and" WC="0.94" CC="111"/>
							<SP ID="P4_SP01371" HPOS="2659" VPOS="2347" WIDTH="9"/>
							<String ID="P4_ST01745" HPOS="2668" VPOS="2326" WIDTH="32" HEIGHT="20" CONTENT="all" WC="0.94" CC="111"/>
							<SP ID="P4_SP01372" HPOS="2700" VPOS="2347" WIDTH="8"/>
							<String ID="P4_ST01746" HPOS="2708" VPOS="2326" WIDTH="106" HEIGHT="21" CONTENT="ailments" WC="0.96" CC="11011001"/>
							<SP ID="P4_SP01373" HPOS="2814" VPOS="2347" WIDTH="9"/>
							<String ID="P4_ST01747" HPOS="2823" VPOS="2327" WIDTH="87" HEIGHT="26" CONTENT="arising" WC="0.93" CC="2111011"/>
						</TextLine>
						<TextLine ID="P4_TL00335" HPOS="2373" VPOS="2353" WIDTH="537" HEIGHT="26">
							<String ID="P4_ST01748" HPOS="2373" VPOS="2354" WIDTH="58" HEIGHT="20" CONTENT="from" WC="0.97" CC="1100"/>
							<SP ID="P4_SP01374" HPOS="2431" VPOS="2374" WIDTH="9"/>
							<String ID="P4_ST01749" HPOS="2440" VPOS="2353" WIDTH="63" HEIGHT="25" CONTENT="early" WC="0.98" CC="00001"/>
							<SP ID="P4_SP01375" HPOS="2503" VPOS="2378" WIDTH="8"/>
							<String ID="P4_ST01750" HPOS="2511" VPOS="2358" WIDTH="24" HEIGHT="14" CONTENT="or" WC="1.00" CC="00"/>
							<SP ID="P4_SP01376" HPOS="2535" VPOS="2378" WIDTH="9"/>
							<String ID="P4_ST01751" HPOS="2544" VPOS="2353" WIDTH="60" HEIGHT="20" CONTENT="later" WC="0.97" CC="01101"/>
							<SP ID="P4_SP01377" HPOS="2604" VPOS="2378" WIDTH="18"/>
							<String ID="P4_ST01752" HPOS="2622" VPOS="2353" WIDTH="44" HEIGHT="26" CONTENT="day" WC="0.96" CC="111"/>
							<SP ID="P4_SP01378" HPOS="2666" VPOS="2379" WIDTH="14"/>
							<String ID="P4_ST01753" HPOS="2680" VPOS="2358" WIDTH="73" HEIGHT="16" CONTENT="errors" WC="0.98" CC="101001"/>
							<SP ID="P4_SP01379" HPOS="2753" VPOS="2379" WIDTH="10"/>
							<String ID="P4_ST01754" HPOS="2763" VPOS="2354" WIDTH="51" HEIGHT="23" CONTENT="etc.," WC="0.98" CC="00111"/>
							<SP ID="P4_SP01380" HPOS="2814" VPOS="2379" WIDTH="24"/>
							<String ID="P4_ST01755" HPOS="2838" VPOS="2353" WIDTH="72" HEIGHT="21" CONTENT="CON-" WC="0.80" CC="0071"/>
						</TextLine>
						<TextLine ID="P4_TL00336" HPOS="2374" VPOS="2378" WIDTH="536" HEIGHT="27">
							<String ID="P4_ST01756" HPOS="2374" VPOS="2379" WIDTH="74" HEIGHT="21" CONTENT="SULT" WC="0.93" CC="1210"/>
							<SP ID="P4_SP01381" HPOS="2448" VPOS="2400" WIDTH="9"/>
							<String ID="P4_ST01757" HPOS="2457" VPOS="2378" WIDTH="80" HEIGHT="21" CONTENT="FEEE" WC="0.94" CC="1111"/>
							<SP ID="P4_SP01382" HPOS="2537" VPOS="2400" WIDTH="24"/>
							<String ID="P4_ST01758" HPOS="2561" VPOS="2379" WIDTH="83" HEIGHT="21" CONTENT="PROF." WC="0.95" CC="02011"/>
							<SP ID="P4_SP01383" HPOS="2644" VPOS="2400" WIDTH="22"/>
							<String ID="P4_ST01759" HPOS="2666" VPOS="2379" WIDTH="152" HEIGHT="21" CONTENT="NOTMANN" WC="0.94" CC="1001112"/>
							<SP ID="P4_SP01384" HPOS="2818" VPOS="2400" WIDTH="17"/>
							<String ID="P4_ST01760" HPOS="2835" VPOS="2380" WIDTH="32" HEIGHT="21" CONTENT="M." WC="0.96" CC="11"/>
							<SP ID="P4_SP01385" HPOS="2867" VPOS="2401" WIDTH="9"/>
							<String ID="P4_ST01761" HPOS="2876" VPOS="2379" WIDTH="34" HEIGHT="26" CONTENT="E.," WC="0.90" CC="112"/>
						</TextLine>
						<TextLine ID="P4_TL00337" HPOS="2374" VPOS="2405" WIDTH="536" HEIGHT="22">
							<String ID="P4_ST01762" HPOS="2374" VPOS="2407" WIDTH="27" HEIGHT="19" CONTENT="E." WC="0.96" CC="11"/>
							<SP ID="P4_SP01386" HPOS="2401" VPOS="2426" WIDTH="30"/>
							<String ID="P4_ST01763" HPOS="2431" VPOS="2406" WIDTH="30" HEIGHT="20" CONTENT="M;" WC="0.57" CC="18"/>
							<SP ID="P4_SP01387" HPOS="2461" VPOS="2426" WIDTH="15"/>
							<String ID="P4_ST01764" HPOS="2476" VPOS="2406" WIDTH="27" HEIGHT="20" CONTENT="G." WC="0.89" CC="11"/>
							<SP ID="P4_SP01388" HPOS="2503" VPOS="2426" WIDTH="23"/>
							<String ID="P4_ST01765" HPOS="2526" VPOS="2405" WIDTH="129" HEIGHT="21" CONTENT="MARKET" WC="0.93" CC="012201"/>
							<SP ID="P4_SP01389" HPOS="2655" VPOS="2426" WIDTH="18"/>
							<String ID="P4_ST01766" HPOS="2673" VPOS="2407" WIDTH="37" HEIGHT="19" CONTENT="PL" WC="0.98" CC="10"/>
							<SP ID="P4_SP01390" HPOS="2710" VPOS="2426" WIDTH="5"/>
							<String ID="P4_ST01767" HPOS="2715" VPOS="2407" WIDTH="52" HEIGHT="19" CONTENT="4.CE" WC="0.78" CC="7002"/>
							<SP ID="P4_SP01391" HPOS="2767" VPOS="2426" WIDTH="20"/>
							<String ID="P4_ST01768" HPOS="2787" VPOS="2407" WIDTH="123" HEIGHT="20" CONTENT="CHRIST-" WC="0.95" CC="1110101"/>
						</TextLine>
						<TextLine ID="P4_TL00338" HPOS="2374" VPOS="2432" WIDTH="535" HEIGHT="27">
							<String ID="P4_ST01769" HPOS="2374" VPOS="2432" WIDTH="125" HEIGHT="21" CONTENT="CHURCH" WC="0.94" CC="111111"/>
							<SP ID="P4_SP01392" HPOS="2499" VPOS="2453" WIDTH="40"/>
							<String ID="P4_ST01770" HPOS="2539" VPOS="2433" WIDTH="119" HEIGHT="26" CONTENT="(Opposite" WC="0.96" CC="001011011"/>
							<SP ID="P4_SP01393" HPOS="2658" VPOS="2459" WIDTH="42"/>
							<String ID="P4_ST01771" HPOS="2700" VPOS="2433" WIDTH="110" HEIGHT="21" CONTENT='Colombo"' WC="0.88" CC="11001107"/>
							<SP ID="P4_SP01394" HPOS="2810" VPOS="2459" WIDTH="24"/>
							<String ID="P4_ST01772" HPOS="2834" VPOS="2434" WIDTH="75" HEIGHT="20" CONTENT="Street" WC="0.95" CC="111110"/>
						</TextLine>
						<TextLine ID="P4_TL00339" HPOS="2373" VPOS="2459" WIDTH="84" HEIGHT="28">
							<String ID="P4_ST01773" HPOS="2373" VPOS="2459" WIDTH="84" HEIGHT="28" CONTENT="Bride)" WC="0.95" CC="211100"/>
						</TextLine>
						<TextLine ID="P4_TL00340" HPOS="2400" VPOS="2495" WIDTH="509" HEIGHT="30">
							<String ID="P4_ST01774" HPOS="2400" VPOS="2497" WIDTH="49" HEIGHT="21" CONTENT="The" WC="0.97" CC="110"/>
							<SP ID="P4_SP01395" HPOS="2449" VPOS="2518" WIDTH="9"/>
							<String ID="P4_ST01775" HPOS="2458" VPOS="2497" WIDTH="56" HEIGHT="26" CONTENT="only" WC="0.98" CC="0001"/>
							<SP ID="P4_SP01396" HPOS="2514" VPOS="2523" WIDTH="14"/>
							<String ID="P4_ST01776" HPOS="2528" VPOS="2496" WIDTH="88" HEIGHT="27" CONTENT="Expert" WC="0.95" CC="110101"/>
							<SP ID="P4_SP01397" HPOS="2616" VPOS="2523" WIDTH="19"/>
							<String ID="P4_ST01777" HPOS="2635" VPOS="2497" WIDTH="142" HEIGHT="28" CONTENT="advertising" WC="0.95" CC="21100111111"/>
							<SP ID="P4_SP01398" HPOS="2777" VPOS="2525" WIDTH="15"/>
							<String ID="P4_ST01778" HPOS="2792" VPOS="2495" WIDTH="54" HEIGHT="25" CONTENT="that" WC="0.99" CC="1000"/>
							<SP ID="P4_SP01399" HPOS="2846" VPOS="2525" WIDTH="16"/>
							<String ID="P4_ST01779" HPOS="2862" VPOS="2499" WIDTH="47" HEIGHT="21" CONTENT="will" WC="0.98" CC="0100"/>
						</TextLine>
						<TextLine ID="P4_TL00341" HPOS="2381" VPOS="2525" WIDTH="338" HEIGHT="26">
							<String ID="P4_ST01780" HPOS="2381" VPOS="2525" WIDTH="125" HEIGHT="26" CONTENT="guarantee" WC="0.98" CC="100101010"/>
							<SP ID="P4_SP01400" HPOS="2506" VPOS="2551" WIDTH="8"/>
							<String ID="P4_ST01781" HPOS="2514" VPOS="2531" WIDTH="15" HEIGHT="13" CONTENT="a" WC="1.00" CC="0"/>
							<SP ID="P4_SP01401" HPOS="2529" VPOS="2551" WIDTH="8"/>
							<String ID="P4_ST01782" HPOS="2537" VPOS="2525" WIDTH="116" HEIGHT="26" CONTENT="thorough" WC="0.97" CC="00010111"/>
							<SP ID="P4_SP01402" HPOS="2653" VPOS="2551" WIDTH="6"/>
							<String ID="P4_ST01783" HPOS="2659" VPOS="2532" WIDTH="60" HEIGHT="14" CONTENT="cure." WC="0.98" CC="00111"/>
						</TextLine>
						<TextLine ID="P4_TL00342" HPOS="2400" VPOS="2565" WIDTH="509" HEIGHT="31">
							<String ID="P4_ST01784" HPOS="2400" VPOS="2565" WIDTH="251" HEIGHT="22" CONTENT="MANUFACTURER" WC="0.94" CC="112110111112"/>
							<SP ID="P4_SP01403" HPOS="2651" VPOS="2587" WIDTH="10"/>
							<String ID="P4_ST01785" HPOS="2661" VPOS="2567" WIDTH="22" HEIGHT="21" CONTENT="of" WC="0.96" CC="11"/>
							<SP ID="P4_SP01404" HPOS="2683" VPOS="2588" WIDTH="9"/>
							<String ID="P4_ST01786" HPOS="2692" VPOS="2568" WIDTH="41" HEIGHT="20" CONTENT="the" WC="0.99" CC="010"/>
							<String ID="P4_ST01787" HPOS="2737" VPOS="2569" WIDTH="59" HEIGHT="27" CONTENT="'only" WC="0.89" CC="40111"/>
							<SP ID="P4_SP01405" HPOS="2796" VPOS="2596" WIDTH="19"/>
							<String ID="P4_ST01788" HPOS="2815" VPOS="2574" WIDTH="94" HEIGHT="20" CONTENT="guaran-" WC="0.94" CC="1210111"/>
						</TextLine>
						<TextLine ID="P4_TL00343" HPOS="2372" VPOS="2592" WIDTH="537" HEIGHT="29">
							<String ID="P4_ST01789" HPOS="2372" VPOS="2593" WIDTH="54" HEIGHT="20" CONTENT="teed" WC="0.98" CC="0101"/>
							<SP ID="P4_SP01406" HPOS="2426" VPOS="2613" WIDTH="8"/>
							<String ID="P4_ST01790" HPOS="2434" VPOS="2592" WIDTH="98" HEIGHT="21" CONTENT="Electric" WC="0.97" CC="11010100"/>
							<SP ID="P4_SP01407" HPOS="2532" VPOS="2613" WIDTH="8"/>
							<String ID="P4_ST01791" HPOS="2540" VPOS="2593" WIDTH="49" HEIGHT="20" CONTENT="belt" WC="0.98" CC="1001"/>
							<SP ID="P4_SP01408" HPOS="2589" VPOS="2613" WIDTH="19"/>
							<String ID="P4_ST01792" HPOS="2608" VPOS="2594" WIDTH="46" HEIGHT="20" CONTENT="and" WC="0.99" CC="010"/>
							<SP ID="P4_SP01409" HPOS="2654" VPOS="2614" WIDTH="12"/>
							<String ID="P4_ST01793" HPOS="2666" VPOS="2595" WIDTH="66" HEIGHT="20" CONTENT="other" WC="1.00" CC="00000"/>
							<SP ID="P4_SP01410" HPOS="2732" VPOS="2615" WIDTH="18"/>
							<String ID="P4_ST01794" HPOS="2750" VPOS="2595" WIDTH="85" HEIGHT="26" CONTENT="special" WC="0.97" CC="2100000"/>
							<SP ID="P4_SP01411" HPOS="2835" VPOS="2621" WIDTH="18"/>
							<String ID="P4_ST01795" HPOS="2853" VPOS="2595" WIDTH="56" HEIGHT="21" CONTENT="elec-" WC="0.98" CC="00101"/>
						</TextLine>
						<TextLine ID="P4_TL00344" HPOS="2371" VPOS="2619" WIDTH="537" HEIGHT="28">
							<String ID="P4_ST01796" HPOS="2371" VPOS="2619" WIDTH="69" HEIGHT="24" CONTENT="trical" WC="0.94" CC="110121"/>
							<SP ID="P4_SP01412" HPOS="2440" VPOS="2643" WIDTH="8"/>
							<String ID="P4_ST01797" HPOS="2448" VPOS="2619" WIDTH="128" HEIGHT="28" CONTENT="appliances" WC="0.98" CC="0100002010"/>
							<SP ID="P4_SP01413" HPOS="2576" VPOS="2647" WIDTH="10"/>
							<String ID="P4_ST01798" HPOS="2586" VPOS="2620" WIDTH="25" HEIGHT="21" CONTENT="in" WC="0.87" CC="03"/>
							<SP ID="P4_SP01414" HPOS="2611" VPOS="2647" WIDTH="9"/>
							<String ID="P4_ST01799" HPOS="2620" VPOS="2621" WIDTH="39" HEIGHT="21" CONTENT="the" WC="0.97" CC="001"/>
							<SP ID="P4_SP01415" HPOS="2659" VPOS="2647" WIDTH="10"/>
							<String ID="P4_ST01800" HPOS="2669" VPOS="2621" WIDTH="110" HEIGHT="22" CONTENT="Colonies." WC="0.94" CC="010012111"/>
							<SP ID="P4_SP01416" HPOS="2779" VPOS="2647" WIDTH="31"/>
							<String ID="P4_ST01801" HPOS="2810" VPOS="2622" WIDTH="98" HEIGHT="22" CONTENT="Medical" WC="0.94" CC="1111001"/>
						</TextLine>
						<TextLine ID="P4_TL00345" HPOS="2372" VPOS="2648" WIDTH="537" HEIGHT="30">
							<String ID="P4_ST01802" HPOS="2372" VPOS="2649" WIDTH="114" HEIGHT="23" CONTENT="Batteries" WC="0.67" CC="292292211"/>
							<SP ID="P4_SP01417" HPOS="2486" VPOS="2672" WIDTH="9"/>
							<String ID="P4_ST01803" HPOS="2495" VPOS="2649" WIDTH="43" HEIGHT="20" CONTENT="etc." WC="0.96" CC="1111"/>
							<SP ID="P4_SP01418" HPOS="2538" VPOS="2672" WIDTH="29"/>
							<String ID="P4_ST01804" HPOS="2567" VPOS="2648" WIDTH="138" HEIGHT="27" CONTENT="Discriptive" WC="0.94" CC="40010011020"/>
							<SP ID="P4_SP01419" HPOS="2705" VPOS="2675" WIDTH="10"/>
							<String ID="P4_ST01805" HPOS="2715" VPOS="2650" WIDTH="133" HEIGHT="27" CONTENT="Pamphlets" WC="0.97" CC="111001001"/>
							<SP ID="P4_SP01420" HPOS="2848" VPOS="2677" WIDTH="9"/>
							<String ID="P4_ST01806" HPOS="2857" VPOS="2652" WIDTH="52" HEIGHT="26" CONTENT="post" WC="0.89" CC="1311"/>
						</TextLine>
						<TextLine ID="P4_TL00346" HPOS="2371" VPOS="2675" WIDTH="63" HEIGHT="24">
							<String ID="P4_ST01807" HPOS="2371" VPOS="2675" WIDTH="63" HEIGHT="24" CONTENT="Free," WC="0.91" CC="11111"/>
						</TextLine>
						<TextLine ID="P4_TL00347" HPOS="2449" VPOS="2823" WIDTH="366" HEIGHT="47">
							<String ID="P4_ST01808" HPOS="2449" VPOS="2823" WIDTH="366" HEIGHT="47" CONTENT="IMPORTANT" WC="0.85" CC="011040160" STYLEREFS="TXT_27"/>
						</TextLine>
						<TextLine ID="P4_TL00348" HPOS="2411" VPOS="2891" WIDTH="334" HEIGHT="18">
							<String ID="P4_ST01809" HPOS="2411" VPOS="2891" WIDTH="10" HEIGHT="15" CONTENT="f" WC="0.85" CC="2" STYLEREFS="TXT_41"/>
							<SP ID="P4_SP01421" HPOS="2421" VPOS="2906" WIDTH="55"/>
							<String ID="P4_ST01810" HPOS="2476" VPOS="2896" WIDTH="5" HEIGHT="1" CONTENT="'" WC="0.93" CC="1" STYLEREFS="TXT_41"/>
							<SP ID="P4_SP01422" HPOS="2481" VPOS="2906" WIDTH="136"/>
							<String ID="P4_ST01811" HPOS="2617" VPOS="2897" WIDTH="10" HEIGHT="11" CONTENT="»" WC="0.81" CC="2" STYLEREFS="TXT_5"/>
							<SP ID="P4_SP01423" HPOS="2627" VPOS="2908" WIDTH="12"/>
							<String ID="P4_ST01812" HPOS="2639" VPOS="2897" WIDTH="42" HEIGHT="12" CONTENT="m&amp;" WC="0.31" CC="49" STYLEREFS="TXT_41"/>
							<SP ID="P4_SP01424" HPOS="2681" VPOS="2909" WIDTH="13"/>
							<String ID="P4_ST01813" HPOS="2694" VPOS="2898" WIDTH="9" HEIGHT="11" CONTENT="■" WC="0.78" CC="2" STYLEREFS="TXT_5"/>
							<SP ID="P4_SP01425" HPOS="2703" VPOS="2909" WIDTH="21"/>
							<String ID="P4_ST01814" HPOS="2724" VPOS="2901" WIDTH="21" HEIGHT="3" CONTENT="—" WC="1.00" CC="0" STYLEREFS="TXT_5"/>
						</TextLine>
						<TextLine ID="P4_TL00349" HPOS="2370" VPOS="2930" WIDTH="537" HEIGHT="31">
							<String ID="P4_ST01815" HPOS="2370" VPOS="2930" WIDTH="84" HEIGHT="30" CONTENT="ALL" WC="0.99" CC="010" STYLEREFS="TXT_21"/>
							<SP ID="P4_SP01426" HPOS="2454" VPOS="2960" WIDTH="30"/>
							<String ID="P4_ST01816" HPOS="2484" VPOS="2930" WIDTH="121" HEIGHT="30" CONTENT="WOOL" WC="0.96" CC="2000" STYLEREFS="TXT_21"/>
							<SP ID="P4_SP01427" HPOS="2605" VPOS="2960" WIDTH="24"/>
							<String ID="P4_ST01817" HPOS="2629" VPOS="2930" WIDTH="171" HEIGHT="31" CONTENT="ROSLYN" WC="0.97" CC="101010" STYLEREFS="TXT_21"/>
							<SP ID="P4_SP01428" HPOS="2800" VPOS="2961" WIDTH="20"/>
							<String ID="P4_ST01818" HPOS="2820" VPOS="2930" WIDTH="87" HEIGHT="31" CONTENT="AND" WC="0.84" CC="050" STYLEREFS="TXT_21"/>
						</TextLine>
						<TextLine ID="P4_TL00350" HPOS="2407" VPOS="3004" WIDTH="472" HEIGHT="32">
							<String ID="P4_ST01819" HPOS="2407" VPOS="3004" WIDTH="296" HEIGHT="32" CONTENT="WELLINGTON" WC="0.81" CC="1110011906" STYLEREFS="TXT_21"/>
							<SP ID="P4_SP01429" HPOS="2703" VPOS="3036" WIDTH="23"/>
							<String ID="P4_ST01820" HPOS="2726" VPOS="3004" WIDTH="153" HEIGHT="31" CONTENT="TWEED" WC="0.94" CC="01120" STYLEREFS="TXT_21"/>
						</TextLine>
						<TextLine ID="P4_TL00351" HPOS="2518" VPOS="3067" WIDTH="257" HEIGHT="47">
							<String ID="P4_ST01821" HPOS="2518" VPOS="3067" WIDTH="257" HEIGHT="47" CONTENT="striTS" WC="0.94" CC="101012" STYLEREFS="TXT_42"/>
						</TextLine>
						<TextLine ID="P4_TL00352" HPOS="2414" VPOS="3140" WIDTH="464" HEIGHT="41">
							<String ID="P4_ST01822" HPOS="2414" VPOS="3140" WIDTH="67" HEIGHT="41" CONTENT="35/-" WC="0.96" CC="0101" STYLEREFS="TXT_21"/>
							<SP ID="P4_SP01430" HPOS="2481" VPOS="3181" WIDTH="18"/>
							<String ID="P4_ST01823" HPOS="2499" VPOS="3141" WIDTH="85" HEIGHT="31" CONTENT="Suits" WC="0.95" CC="00111" STYLEREFS="TXT_21"/>
							<SP ID="P4_SP01431" HPOS="2584" VPOS="3181" WIDTH="16"/>
							<String ID="P4_ST01824" HPOS="2600" VPOS="3141" WIDTH="144" HEIGHT="31" CONTENT="Reduced" WC="0.95" CC="1120101" STYLEREFS="TXT_21"/>
							<SP ID="P4_SP01432" HPOS="2744" VPOS="3181" WIDTH="9"/>
							<String ID="P4_ST01825" HPOS="2753" VPOS="3145" WIDTH="34" HEIGHT="26" CONTENT="to" WC="0.96" CC="10" STYLEREFS="TXT_21"/>
							<SP ID="P4_SP01433" HPOS="2787" VPOS="3181" WIDTH="23"/>
							<String ID="P4_ST01826" HPOS="2810" VPOS="3141" WIDTH="68" HEIGHT="40" CONTENT="25/-" WC="0.96" CC="0002" STYLEREFS="TXT_21"/>
						</TextLine>
						<TextLine ID="P4_TL00353" HPOS="2374" VPOS="3197" WIDTH="511" HEIGHT="45">
							<String ID="P4_ST01827" HPOS="2374" VPOS="3232" WIDTH="2" HEIGHT="2" CONTENT="--." WC="0.96" CC="100" STYLEREFS="TXT_43"/>
							<SP ID="P4_SP01434" HPOS="2376" VPOS="3234" WIDTH="37"/>
							<String ID="P4_ST01828" HPOS="2413" VPOS="3202" WIDTH="68" HEIGHT="40" CONTENT="45/-" WC="0.81" CC="5003" STYLEREFS="TXT_43"/>
							<SP ID="P4_SP01435" HPOS="2481" VPOS="3242" WIDTH="42"/>
							<String ID="P4_ST01829" HPOS="2523" VPOS="3226" WIDTH="29" HEIGHT="16" CONTENT=";" WC="0.81" CC="22" STYLEREFS="TXT_43"/>
							<SP ID="P4_SP01436" HPOS="2552" VPOS="3242" WIDTH="77"/>
							<String ID="P4_ST01830" HPOS="2629" VPOS="3197" WIDTH="53" HEIGHT="42" CONTENT="„■■■" WC="0.89" CC="3111" STYLEREFS="TXT_43"/>
							<SP ID="P4_SP01437" HPOS="2682" VPOS="3242" WIDTH="50"/>
							<String ID="P4_ST01831" HPOS="2732" VPOS="3203" WIDTH="19" HEIGHT="36" CONTENT=";," WC="0.85" CC="22" STYLEREFS="TXT_43"/>
							<SP ID="P4_SP01438" HPOS="2751" VPOS="3242" WIDTH="67"/>
							<String ID="P4_ST01832" HPOS="2818" VPOS="3202" WIDTH="67" HEIGHT="40" CONTENT="35/-" WC="0.95" CC="1002" STYLEREFS="TXT_43"/>
						</TextLine>
						<TextLine ID="P4_TL00354" HPOS="2412" VPOS="3249" WIDTH="454" HEIGHT="40">
							<String ID="P4_ST01833" HPOS="2412" VPOS="3251" WIDTH="148" HEIGHT="31" CONTENT="Trousers" WC="0.97" CC="10011001" STYLEREFS="TXT_21"/>
							<SP ID="P4_SP01439" HPOS="2560" VPOS="3282" WIDTH="15"/>
							<String ID="P4_ST01834" HPOS="2575" VPOS="3252" WIDTH="62" HEIGHT="28" CONTENT="and" WC="0.93" CC="111" STYLEREFS="TXT_21"/>
							<SP ID="P4_SP01440" HPOS="2637" VPOS="3282" WIDTH="13"/>
							<String ID="P4_ST01835" HPOS="2650" VPOS="3250" WIDTH="76" HEIGHT="31" CONTENT="Vest" WC="0.95" CC="1110" STYLEREFS="TXT_21"/>
							<SP ID="P4_SP01441" HPOS="2726" VPOS="3282" WIDTH="65"/>
							<String ID="P4_ST01836" HPOS="2791" VPOS="3249" WIDTH="75" HEIGHT="40" CONTENT="13/6" WC="0.95" CC="0111" STYLEREFS="TXT_21"/>
						</TextLine>
						<TextLine ID="P4_TL00355" HPOS="2606" VPOS="3310" WIDTH="52" HEIGHT="22">
							<String ID="P4_ST01837" HPOS="2606" VPOS="3310" WIDTH="52" HEIGHT="22" CONTENT="AT" WC="1.00" CC="00"/>
						</TextLine>
						<TextLine ID="P4_TL00356" HPOS="2398" VPOS="3362" WIDTH="479" HEIGHT="31">
							<String ID="P4_ST01838" HPOS="2398" VPOS="3362" WIDTH="196" HEIGHT="31" CONTENT="PARISH'S" WC="0.94" CC="10001121" STYLEREFS="TXT_21"/>
							<SP ID="P4_SP01442" HPOS="2594" VPOS="3393" WIDTH="27"/>
							<String ID="P4_ST01839" HPOS="2621" VPOS="3364" WIDTH="89" HEIGHT="28" CONTENT="East" WC="0.95" CC="1010" STYLEREFS="TXT_21"/>
							<SP ID="P4_SP01443" HPOS="2710" VPOS="3393" WIDTH="23"/>
							<String ID="P4_ST01840" HPOS="2733" VPOS="3362" WIDTH="144" HEIGHT="30" CONTENT="Oxford." WC="0.82" CC="0120632" STYLEREFS="TXT_21"/>
						</TextLine>
						<TextLine ID="P4_TL00357" HPOS="2418" VPOS="3515" WIDTH="439" HEIGHT="57">
							<String ID="P4_ST01841" HPOS="2418" VPOS="3515" WIDTH="189" HEIGHT="57" CONTENT="Money" WC="0.95" CC="10102" STYLEREFS="TXT_19"/>
							<SP ID="P4_SP01444" HPOS="2607" VPOS="3572" WIDTH="18"/>
							<String ID="P4_ST01842" HPOS="2625" VPOS="3518" WIDTH="55" HEIGHT="42" CONTENT="to" WC="1.00" CC="00" STYLEREFS="TXT_19"/>
							<SP ID="P4_SP01445" HPOS="2680" VPOS="3572" WIDTH="22"/>
							<String ID="P4_ST01843" HPOS="2702" VPOS="3516" WIDTH="155" HEIGHT="44" CONTENT="Lend." WC="0.93" CC="20111" STYLEREFS="TXT_19"/>
						</TextLine>
						<TextLine ID="P4_TL00358" HPOS="2411" VPOS="3576" WIDTH="496" HEIGHT="44">
							<String ID="P4_ST01844" HPOS="2411" VPOS="3579" WIDTH="18" HEIGHT="30" CONTENT="I" WC="1.00" CC="0" STYLEREFS="TXT_21"/>
							<SP ID="P4_SP01446" HPOS="2429" VPOS="3609" WIDTH="34"/>
							<String ID="P4_ST01845" HPOS="2463" VPOS="3579" WIDTH="80" HEIGHT="30" CONTENT="have" WC="0.93" CC="2110" STYLEREFS="TXT_21"/>
							<SP ID="P4_SP01447" HPOS="2543" VPOS="3609" WIDTH="20"/>
							<String ID="P4_ST01846" HPOS="2563" VPOS="3587" WIDTH="114" HEIGHT="32" CONTENT="money" WC="0.92" CC="13001" STYLEREFS="TXT_21"/>
							<SP ID="P4_SP01448" HPOS="2677" VPOS="3619" WIDTH="34"/>
							<String ID="P4_ST01847" HPOS="2711" VPOS="3582" WIDTH="34" HEIGHT="27" CONTENT="to" WC="1.00" CC="00" STYLEREFS="TXT_21"/>
							<SP ID="P4_SP01449" HPOS="2745" VPOS="3619" WIDTH="20"/>
							<String ID="P4_ST01848" HPOS="2765" VPOS="3576" WIDTH="75" HEIGHT="33" CONTENT="lend" WC="0.98" CC="1001" STYLEREFS="TXT_21"/>
							<String ID="P4_ST01849" HPOS="2844" VPOS="3613" WIDTH="6" HEIGHT="7" CONTENT=";" STYLE="subscript" WC="1.00" CC="0" STYLEREFS="TXT_21"/>
							<SP ID="P4_SP01450" HPOS="2850" VPOS="3620" WIDTH="24"/>
							<String ID="P4_ST01850" HPOS="2874" VPOS="3579" WIDTH="33" HEIGHT="30" CONTENT="in" WC="0.96" CC="11" STYLEREFS="TXT_21"/>
						</TextLine>
						<TextLine ID="P4_TL00359" HPOS="2368" VPOS="3619" WIDTH="540" HEIGHT="40">
							<String ID="P4_ST01851" HPOS="2368" VPOS="3619" WIDTH="87" HEIGHT="40" CONTENT="large" WC="0.98" CC="00010" STYLEREFS="TXT_21"/>
							<SP ID="P4_SP01451" HPOS="2455" VPOS="3659" WIDTH="30"/>
							<String ID="P4_ST01852" HPOS="2485" VPOS="3630" WIDTH="35" HEIGHT="19" CONTENT="or" WC="0.96" CC="01" STYLEREFS="TXT_21"/>
							<SP ID="P4_SP01452" HPOS="2520" VPOS="3659" WIDTH="21"/>
							<String ID="P4_ST01853" HPOS="2541" VPOS="3621" WIDTH="89" HEIGHT="29" CONTENT="small" WC="0.97" CC="11010" STYLEREFS="TXT_21"/>
							<SP ID="P4_SP01453" HPOS="2630" VPOS="3659" WIDTH="35"/>
							<String ID="P4_ST01854" HPOS="2665" VPOS="3630" WIDTH="84" HEIGHT="21" CONTENT="sums" WC="0.96" CC="1101" STYLEREFS="TXT_21"/>
							<SP ID="P4_SP01454" HPOS="2749" VPOS="3659" WIDTH="13"/>
							<String ID="P4_ST01855" HPOS="2762" VPOS="3623" WIDTH="48" HEIGHT="27" CONTENT="'to" WC="0.96" CC="100" STYLEREFS="TXT_21"/>
							<SP ID="P4_SP01455" HPOS="2810" VPOS="3659" WIDTH="35"/>
							<String ID="P4_ST01856" HPOS="2845" VPOS="3620" WIDTH="63" HEIGHT="31" CONTENT="suit" WC="0.98" CC="1100" STYLEREFS="TXT_21"/>
						</TextLine>
						<TextLine ID="P4_TL00360" HPOS="2368" VPOS="3659" WIDTH="540" HEIGHT="33">
							<String ID="P4_ST01857" HPOS="2368" VPOS="3659" WIDTH="178" HEIGHT="32" CONTENT="Borrowers" WC="0.96" CC="100001011" STYLEREFS="TXT_21"/>
							<SP ID="P4_SP01456" HPOS="2546" VPOS="3691" WIDTH="36"/>
							<String ID="P4_ST01858" HPOS="2582" VPOS="3664" WIDTH="34" HEIGHT="27" CONTENT="at" WC="0.96" CC="11" STYLEREFS="TXT_21"/>
							<SP ID="P4_SP01457" HPOS="2616" VPOS="3691" WIDTH="27"/>
							<String ID="P4_ST01859" HPOS="2643" VPOS="3662" WIDTH="109" HEIGHT="30" CONTENT="lowest" WC="0.96" CC="002010" STYLEREFS="TXT_21"/>
							<SP ID="P4_SP01458" HPOS="2752" VPOS="3692" WIDTH="29"/>
							<String ID="P4_ST01860" HPOS="2781" VPOS="3664" WIDTH="127" HEIGHT="27" CONTENT="current" WC="0.94" CC="0211111" STYLEREFS="TXT_21"/>
						</TextLine>
						<TextLine ID="P4_TL00361" HPOS="2368" VPOS="3705" WIDTH="290" HEIGHT="26">
							<String ID="P4_ST01861" HPOS="2368" VPOS="3705" WIDTH="92" HEIGHT="26" CONTENT="rates." WC="0.97" CC="110011" STYLEREFS="TXT_21"/>
							<SP ID="P4_SP01459" HPOS="2460" VPOS="3731" WIDTH="28"/>
							<String ID="P4_ST01862" HPOS="2488" VPOS="3724" WIDTH="6" HEIGHT="5" CONTENT="." WC="0.96" CC="1" STYLEREFS="TXT_21"/>
							<SP ID="P4_SP01460" HPOS="2494" VPOS="3731" WIDTH="160"/>
							<String ID="P4_ST01863" HPOS="2654" VPOS="3726" WIDTH="4" HEIGHT="3" CONTENT="." WC="0.93" CC="1" STYLEREFS="TXT_21"/>
						</TextLine>
						<TextLine ID="P4_TL00362" HPOS="2427" VPOS="3741" WIDTH="420" HEIGHT="41">
							<String ID="P4_ST01864" HPOS="2427" VPOS="3741" WIDTH="62" HEIGHT="39" CONTENT="W." WC="0.85" CC="22" STYLEREFS="TXT_28"/>
							<SP ID="P4_SP01461" HPOS="2489" VPOS="3780" WIDTH="26"/>
							<String ID="P4_ST01865" HPOS="2515" VPOS="3741" WIDTH="45" HEIGHT="39" CONTENT="H." WC="0.85" CC="22" STYLEREFS="TXT_28"/>
							<SP ID="P4_SP01462" HPOS="2560" VPOS="3780" WIDTH="27"/>
							<String ID="P4_ST01866" HPOS="2587" VPOS="3742" WIDTH="260" HEIGHT="40" CONTENT="SPACEMAN." WC="0.72" CC="211155192" STYLEREFS="TXT_28"/>
						</TextLine>
						<TextLine ID="P4_TL00363" HPOS="2544" VPOS="3788" WIDTH="191" HEIGHT="30">
							<String ID="P4_ST01867" HPOS="2544" VPOS="3788" WIDTH="191" HEIGHT="30" CONTENT="SOLICITOE," WC="0.96" CC="1000100021"/>
						</TextLine>
						<TextLine ID="P4_TL00364" HPOS="2437" VPOS="3826" WIDTH="402" HEIGHT="28">
							<String ID="P4_ST01868" HPOS="2437" VPOS="3826" WIDTH="192" HEIGHT="27" CONTENT="Chbistohurch" WC="0.89" CC="013112113201"/>
							<SP ID="P4_SP01463" HPOS="2629" VPOS="3853" WIDTH="12"/>
							<String ID="P4_ST01869" HPOS="2641" VPOS="3828" WIDTH="50" HEIGHT="25" CONTENT="and" WC="0.94" CC="011"/>
							<SP ID="P4_SP01464" HPOS="2691" VPOS="3853" WIDTH="11"/>
							<String ID="P4_ST01870" HPOS="2702" VPOS="3828" WIDTH="137" HEIGHT="26" CONTENT="Bangiora." WC="0.84" CC="202411241"/>
						</TextLine>
						<TextLine ID="P4_TL00365" HPOS="2790" VPOS="3861" WIDTH="46" HEIGHT="13">
							<String ID="P4_ST01871" HPOS="2790" VPOS="3865" WIDTH="1" HEIGHT="9" CONTENT=";" WC="0.96" CC="1" STYLEREFS="TXT_44"/>
							<SP ID="P4_SP01465" HPOS="2791" VPOS="3874" WIDTH="17"/>
							<String ID="P4_ST01872" HPOS="2808" VPOS="3862" WIDTH="2" HEIGHT="1" CONTENT="■" WC="0.93" CC="1" STYLEREFS="TXT_45"/>
							<SP ID="P4_SP01466" HPOS="2810" VPOS="3874" WIDTH="9"/>
							<String ID="P4_ST01873" HPOS="2819" VPOS="3864" WIDTH="2" HEIGHT="2" CONTENT="■" WC="0.96" CC="1" STYLEREFS="TXT_45"/>
							<SP ID="P4_SP01467" HPOS="2821" VPOS="3874" WIDTH="8"/>
							<String ID="P4_ST01874" HPOS="2829" VPOS="3861" WIDTH="7" HEIGHT="11" CONTENT="f" WC="0.89" CC="1" STYLEREFS="TXT_45"/>
						</TextLine>
						<TextLine ID="P4_TL00366" HPOS="2398" VPOS="3952" WIDTH="480" HEIGHT="48">
							<String ID="P4_ST01875" HPOS="2398" VPOS="3952" WIDTH="45" HEIGHT="45" CONTENT="8." WC="0.83" CC="21" STYLEREFS="TXT_46"/>
							<SP ID="P4_SP01468" HPOS="2443" VPOS="3997" WIDTH="41"/>
							<String ID="P4_ST01876" HPOS="2484" VPOS="3953" WIDTH="80" HEIGHT="44" CONTENT="W." WC="0.89" CC="11" STYLEREFS="TXT_46"/>
							<SP ID="P4_SP01469" HPOS="2564" VPOS="3997" WIDTH="37"/>
							<String ID="P4_ST01877" HPOS="2601" VPOS="3953" WIDTH="277" HEIGHT="47" CONTENT="TUEPIN." WC="0.72" CC="0172082" STYLEREFS="TXT_19"/>
						</TextLine>
						<TextLine ID="P4_TL00367" HPOS="2368" VPOS="4016" WIDTH="538" HEIGHT="44">
							<String ID="P4_ST01878" HPOS="2368" VPOS="4016" WIDTH="244" HEIGHT="43" CONTENT="WATCHMAKER." WC="0.95" CC="00000201011" STYLEREFS="TXT_47"/>
							<SP ID="P4_SP01470" HPOS="2612" VPOS="4059" WIDTH="35"/>
							<String ID="P4_ST01879" HPOS="2647" VPOS="4022" WIDTH="175" HEIGHT="38" CONTENT="JEWELLER" WC="0.97" CC="10010011" STYLEREFS="TXT_47"/>
							<SP ID="P4_SP01471" HPOS="2822" VPOS="4060" WIDTH="26"/>
							<String ID="P4_ST01880" HPOS="2848" VPOS="4023" WIDTH="58" HEIGHT="33" CONTENT="&amp;c." WC="0.79" CC="304" STYLEREFS="TXT_47"/>
						</TextLine>
						<TextLine ID="P4_TL00368" HPOS="2444" VPOS="4080" WIDTH="397" HEIGHT="28">
							<String ID="P4_ST01881" HPOS="2444" VPOS="4080" WIDTH="89" HEIGHT="25" CONTENT="MAIN" WC="0.98" CC="0001" STYLEREFS="TXT_1"/>
							<SP ID="P4_SP01472" HPOS="2533" VPOS="4105" WIDTH="15"/>
							<String ID="P4_ST01882" HPOS="2548" VPOS="4080" WIDTH="135" HEIGHT="27" CONTENT="STREET" WC="0.92" CC="112111" STYLEREFS="TXT_1"/>
							<SP ID="P4_SP01473" HPOS="2683" VPOS="4107" WIDTH="18"/>
							<String ID="P4_ST01883" HPOS="2701" VPOS="4082" WIDTH="140" HEIGHT="26" CONTENT="OXFORD" WC="0.93" CC="002030" STYLEREFS="TXT_1"/>
						</TextLine>
						<TextLine ID="P4_TL00369" HPOS="2561" VPOS="4124" WIDTH="157" HEIGHT="24">
							<String ID="P4_ST01884" HPOS="2561" VPOS="4130" WIDTH="62" HEIGHT="17" CONTENT="near" WC="0.94" CC="2011" STYLEREFS="TXT_1"/>
							<SP ID="P4_SP01474" HPOS="2623" VPOS="4147" WIDTH="12"/>
							<String ID="P4_ST01885" HPOS="2635" VPOS="4124" WIDTH="83" HEIGHT="24" CONTENT="Bank." WC="0.97" CC="10101" STYLEREFS="TXT_1"/>
						</TextLine>
						<TextLine ID="P4_TL00370" HPOS="2386" VPOS="4234" WIDTH="485" HEIGHT="35">
							<String ID="P4_ST01886" HPOS="2386" VPOS="4234" WIDTH="73" HEIGHT="30" CONTENT="W." WC="0.93" CC="11" STYLEREFS="TXT_48"/>
							<SP ID="P4_SP01475" HPOS="2459" VPOS="4264" WIDTH="45"/>
							<String ID="P4_ST01887" HPOS="2504" VPOS="4234" WIDTH="367" HEIGHT="35" CONTENT="WOODWARD" WC="0.97" CC="00000111" STYLEREFS="TXT_48"/>
						</TextLine>
						<TextLine ID="P4_TL00371" HPOS="2364" VPOS="4288" WIDTH="533" HEIGHT="37">
							<String ID="P4_ST01888" HPOS="2364" VPOS="4288" WIDTH="156" HEIGHT="26" CONTENT="PAINTER" WC="0.95" CC="1001011" STYLEREFS="TXT_1"/>
							<SP ID="P4_SP01476" HPOS="2520" VPOS="4314" WIDTH="17"/>
							<String ID="P4_ST01889" HPOS="2537" VPOS="4288" WIDTH="70" HEIGHT="26" CONTENT="AND" WC="0.89" CC="112" STYLEREFS="TXT_1"/>
							<SP ID="P4_SP01477" HPOS="2607" VPOS="4314" WIDTH="17"/>
							<String ID="P4_ST01890" HPOS="2624" VPOS="4289" WIDTH="273" HEIGHT="36" CONTENT="PAPERHANGER," WC="0.94" CC="101111021012" STYLEREFS="TXT_1"/>
						</TextLine>
						<TextLine ID="P4_TL00372" HPOS="2467" VPOS="4338" WIDTH="341" HEIGHT="37">
							<String ID="P4_ST01891" HPOS="2467" VPOS="4338" WIDTH="114" HEIGHT="32" CONTENT="EAST" WC="0.95" CC="1110" STYLEREFS="TXT_48"/>
							<SP ID="P4_SP01478" HPOS="2581" VPOS="4370" WIDTH="43"/>
							<String ID="P4_ST01892" HPOS="2624" VPOS="4340" WIDTH="184" HEIGHT="35" CONTENT="OXFORD." WC="0.92" CC="0130111" STYLEREFS="TXT_48"/>
						</TextLine>
						<TextLine ID="P4_TL00373" HPOS="2414" VPOS="4432" WIDTH="432" HEIGHT="35">
							<String ID="P4_ST01893" HPOS="2414" VPOS="4432" WIDTH="43" HEIGHT="28" CONTENT="All" WC="0.97" CC="101" STYLEREFS="TXT_1"/>
							<SP ID="P4_SP01479" HPOS="2457" VPOS="4460" WIDTH="10"/>
							<String ID="P4_ST01894" HPOS="2467" VPOS="4433" WIDTH="82" HEIGHT="27" CONTENT="orders" WC="0.91" CC="001041" STYLEREFS="TXT_1"/>
							<SP ID="P4_SP01480" HPOS="2549" VPOS="4460" WIDTH="10"/>
							<String ID="P4_ST01895" HPOS="2559" VPOS="4435" WIDTH="121" HEIGHT="32" CONTENT="promptly" WC="0.94" CC="00021102" STYLEREFS="TXT_1"/>
							<SP ID="P4_SP01481" HPOS="2680" VPOS="4467" WIDTH="12"/>
							<String ID="P4_ST01896" HPOS="2692" VPOS="4437" WIDTH="115" HEIGHT="26" CONTENT="attended" WC="0.95" CC="10100102" STYLEREFS="TXT_1"/>
							<SP ID="P4_SP01482" HPOS="2807" VPOS="4467" WIDTH="11"/>
							<String ID="P4_ST01897" HPOS="2818" VPOS="4441" WIDTH="28" HEIGHT="26" CONTENT="tq" WC="0.81" CC="13" STYLEREFS="TXT_2"/>
						</TextLine>
					</TextBlock>
				</ComposedBlock>
			</PrintSpace>
		</Page>
	</Layout>
</alto>
