2559 4060
664 1276 96 61 New
792 1276 223 61 Zealand
1047 1276 224 61 Gazette

712 1340 69 22 AND
797 1338 218 23 WELLINGTON
1035 1337 191 24 SPECTATOR.

757 1393 160 24 Wednesday,
934 1392 130 22 November
1079 1394 21 23 9,
1117 1393 62 21 1842.

1293 133 43 24 laid
1356 134 39 23 the
1413 133 77 24 affairs
1509 132 25 25 of
1550 131 38 24 the
1608 132 119 31 Company
1745 132 78 24 before
1841 131 38 25 the

1293 166 174 25 Shareholders.
1483 170 4 3 '
1500 165 45 25 We
1554 165 48 23 fear
1614 166 18 22 it
1639 165 47 23 will
1697 172 71 24 prove
1779 170 36 18 too
1825 165 56 32 long

1293 200 35 23 for
1338 200 28 23 iis
1378 205 23 18 to
1412 200 65 31 place
1489 199 71 25 entire
1571 198 77 24 before
1658 204 40 17 our
1707 198 98 29 read_ers.
1801 203 9 9 s
1836 198 45 24 We

1293 232 49 24 wilL
1361 233 135 29 endeavour,
1520 233 111 27 however,
1654 230 114 24 hereafter
1786 237 23 18 to

1293 266 54 23 such
1359 266 104 32 portions
1476 274 24 16 as
1513 262 127 33 are'likely
1651 269 23 18 to
1685 264 30 23 be
1728 264 68 23 novel
1806 273 26 15 or
1844 265 37 22 in-

1294 300 116 30 teresting.
1448 299 29 23 In
1490 299 38 23 the
1540 298 121 24 meantime
1673 305 34 15 we
1719 305 51 23 may
1778 298 102 28 observe,

1294 332 49 23 that
1366 332 37 24 the
1425 332 120 32 Company
1566 338 84 24 appear
1670 335 24 19 to
1713 330 57 24 have
1791 339 13 15 a
1822 331 61 31 good

1294 365 72 24 round
1378 374 50 15 sum
1441 366 26 23 in
1479 366 57 23 their
1547 364 147 31 Exchequer.
1703 379 35 15 ...„.

1328 398 50 24 The
1385 399 117 31 following
1513 400 20 22 is
1544 397 38 24 the
1594 397 64 24 ninth
1669 397 130 31 paragraph
1809 397 26 23 of
1844 397 39 23 the

1293 437 83 26 report,
1396 432 45 24 and
1453 432 98 24 exhibits
1563 430 39 24 the
1619 435 94 27 present
1724 430 68 24 views
1844 430 39 24 the

1295 464 118 32 Company
1425 473 29 16 on
1468 465 36 24 the
1517 464 88 32 subject
1617 465 25 22 of
1651 463 55 24 road
1718 463 102 32 making.
1858 463 25 24 It

1293 498 28 26 is.
1326 499 90 23 evident
1428 498 39 24 the
1483 500 124 30 important
1618 497 89 32 subject
1724 501 42 19 not
1776 497 53 31 only
1841 496 54 24 has-

1293 536 40 18 not
1352 532 56 23 been
1419 532 78 24 forced
1510 539 60 24 upon
1587 530 59 24 their
1662 531 88 22 serious
1763 531 119 28 attention,

1293 564 41 24 but
1345 564 42 24 has
1394 565 79 31 barely
1481 566 55 23 been
1545 564 71 23 under
1624 564 175 23 consideration.
1825 563 58 23 Dis-

1295 599 91 22 cussion
1399 607 28 15 on
1446 599 38 23 the
1496 602 81 21 matter
1589 597 62 29 here,
1672 597 46 23 will
1731 597 112 23 therefore
1855 597 28 24 be

1295 636 59 18 most
1366 632 86 31 timely,
1472 633 44 23 and
1525 639 35 18 ,we
1572 631 59 30 hope
1643 630 132 31 productive
1787 630 26 22 of
1829 628 54 26 road

1295 664 94 31 making
1396 665 71 31 being
1470 665 112 24 hereafter
1592 664 60 23 dealt
1661 664 56 23 with
1723 663 31 31 by
1766 664 36 22 the
1813 663 69 24 Com-

1295 705 66 24 pany,
1383 706 25 15 as
1429 698 39 23 the
1488 703 60 19 most
1564 698 126 30 important
1706 698 105 30 question
1829 697 64 31 they-

1295 731 57 23 have
1364 732 78 23 before
1454 732 62 23 them
1528 736 22 18 to
1562 739 96 23 arrange
1666 729 43 33 :^-

1322 771 20 21 9.
1357 770 84 26 Roads,
1450 770 134 27 connecting
1591 769 38 23 the
1636 769 144 28 agricultural
1789 769 95 23 districts

1295 797 51 21 with
1353 797 37 21 the
1397 797 87 22 market
1493 797 42 22 and
1542 797 109 28 shipping,
1663 804 38 14 are
1708 796 69 22 much
1784 796 86 22 needed
1877 805 6 18 ;

1294 824 41 22 but
1346 824 44 22 this
1401 828 61 18 want
1477 825 44 21 will
1537 824 111 22 doubtless
1664 823 34 25 be,
1708 830 54 15 soon
1775 823 109 28 provided

1295 851 40 26 for,
1352 859 24 14 as
1390 858 14 14 a
1419 852 91 26 general
1524 858 39 14 tax
1578 858 28 14 on
1624 850 155 22 uncultivated
1795 850 53 22 land
1866 851 20 22 is

1295 878 167 27 contemplated
1468 879 28 27 by
1505 879 37 21 the
1550 878 162 24 Government,
1720 877 36 22 for
1764 877 35 22 the
1806 877 80 28 supply

1296 905 26 21 of
1328 912 78 15 means
1415 908 24 19 to
1449 905 43 22 this
1503 905 54 26 end;
1574 905 44 21 and
1632 912 56 20 your
1698 904 115 22 Directors
1827 904 59 23 have

1295 931 81 22 offered
1388 936 22 17 to
1420 933 101 24 advance,
1528 931 75 26 funds,
1619 939 28 14 on
1658 931 60 24 loan,
1728 931 25 22 in
1764 931 35 22 aid
1810 931 26 22 of
1843 931 53 22 this*

1296 962 57 18 most
1369 960 121 26 important
1505 959 78 27 object,
1603 966 23 14 as
1641 965 52 15 soon
1707 966 24 14 as
1746 958 37 22 the
1798 958 88 22 settlers

1295 985 56 22 shall
1366 986 27 21 be
1403 986 113 28 qualified,
1535 986 27 27 by
1573 985 37 22 the
1623 988 67 25 grant
1699 985 25 22 of
1737 993 13 14 a
1761 985 125 28 Municipal

1296 1012 91 22 Charter
1396 1013 59 22 from
1473 1014 37 21 the
1521 1013 85 26 Crown,
1618 1016 22 18 to
1655 1013 51 27 give
1721 1017 115 23 corporate
1852 1020 34 15 se-

1296 1039 72 28 curity
1381 1040 34 21 for
1430 1040 38 22 the
1483 1047 66 16 same.
1580 1040 26 21 In
1623 1040 45 21 the'
1676 1046 66 15 mean
1760 1039 72 27 while,
1849 1039 37 23 the

1295 1066 113 23 labourers
1422 1068 36 21 for
1472 1068 79 24 whom,
1569 1066 81 28 during
1667 1066 37 23 the
1721 1067 126 27 stagnation
1864 1068 26 21 of

1296 1094 120 27 enterprise
1432 1094 82 28 arising
1524 1094 56 22 from
1595 1094 38 21 the
1648 1094 123 26 insecurity
1781 1094 25 21 of
1818 1094 66 28 titles,

1296 1119 36 22 the
1349 1121 134 27 Company's
1502 1124 66 24 agent
1582 1128 45 14 was
1642 1120 89 28 obliged
1747 1126 23 16 to
1785 1121 99 27 provide,

1296 1154 56 15 were
1373 1147 118 27 employed
1509 1148 23 22 in
1551 1147 154 27 constructing
1723 1155 14 14 a
1756 1148 54 21 road
1828 1148 57 22 from

1296 1173 136 28 Wellington
1444 1174 72 28 ,along
1530 1174 36 22 the
1580 1178 93 17 western
1685 1174 48 21 side
1743 1174 26 22 of
1782 1174 36 22 the
1835 1174 51 22 har-

1295 1200 55 23 bour
1361 1206 22 17 to
1403 1198 38 25 the
1461 1202 72 27 valley
1548 1201 25 21 of
1589 1200 37 23 the
1641 1200 67 27 Hutt,
1725 1201 47 22 and
1792 1201 95 22 another

1295 1228 57 21 from
1372 1228 38 22 the
1429 1228 82 28 village
1530 1228 25 21 of
1571 1227 207 22 Kia-warra-warra
1796 1235 28 14 on
1849 1228 37 22 the

1295 1254 83 26 former,
1387 1255 53 27 line,
1449 1258 26 23 ,to
1486 1256 37 21 the
1532 1254 97 22 harbour
1639 1254 24 21 of
1672 1254 100 22 Porirua.

1330 1291 24 24 It
1363 1292 41 22 has
1412 1291 59 24 been
1481 1290 123 33 suggested
1613 1298 22 16 to
1645 1298 27 16 us
1681 1290 49 24 that
1738 1291 39 23 the
1789 1290 98 32 receipts

1295 1324 26 24 of
1339 1325 37 23 the
1386 1324 14 24 '
1400 1324 98 24 Customs
1516 1329 23 19 at
1557 1324 46 23 this
1621 1329 58 27 port,
1700 1332 39 15 are
1823 1324 64 24 three

1295 1359 68 22 times
1375 1367 24 14 as
1416 1359 64 30 large
1492 1367 25 16 as
1532 1357 37 24 the
1582 1363 94 18 amount
1697 1357 87 24 needed
1795 1358 35 22 for
1850 1358 38 23 the

1296 1392 57 24 local
1373 1399 113 24 expenses
1498 1393 25 23 of
1539 1392 38 22 the
1590 1391 158 23 Government
1761 1391 60 29 here,
1844 1392 44 22 and

1296 1425 49 24 that
1356 1426 58 23 after
1431 1427 87 30 paying
1529 1425 63 23 those
1611 1433 112 23 expenses
1736 1425 39 23 the
1794 1425 94 23 balance

1296 1460 81 23 should
1395 1460 28 23 be
1436 1460 97 27 divided,
1552 1459 38 23 the
1608 1467 42 15 one
1669 1458 51 23 half
1735 1458 95 24 allowed
1850 1458 38 23 the

1296 1493 89 23 district
1396 1493 33 23 foi
1444 1494 185 30 improvements,
1648 1492 45 23 and
1712 1491 39 24 the
1764 1492 65 23 other
1841 1491 50 24 half

1296 1526 28 23 be
1333 1527 90 31 applied
1434 1531 22 19 to
1467 1528 37 22 the
1516 1534 39 16 use
1565 1526 25 22 of
1600 1526 37 23 the
1648 1525 125 24 Auckland
1782 1525 106 23 Govern-

1296 1566 70 18 ment.
1397 1561 43 22 We
1453 1560 28 23 do
1494 1564 39 19 not
1544 1559 67 23 know
1623 1559 37 24 the
1671 1564 96 19 amount
1779 1559 25 23 of
1814 1559 75 23 duties

1296 1594 110 23 collected
1416 1594 63 28 here,
1492 1595 41 22 but
1546 1601 32 15 we
1587 1593 52 23 dare
1651 1601 50 22 say,
1712 1601 28 15 on
1750 1592 138 32 application

1296 1627 35 23 for
1343 1628 37 23 the
1393 1628 53 28 fact,
1461 1627 37 24 the
1507 1627 85 24 Officer
1604 1627 176 30 administering
1792 1626 37 23 the
1839 1626 49 23 Go-

1297 1666 126 23 vernment,
1443 1661 74 23 would
1529 1668 66 15 cause
1617 1661 18 22 it
1647 1665 22 18 to
1688 1660 28 23 be
1729 1659 119 24 furnished
1866 1666 23 17 to

1298 1695 37 22 the
1352 1695 82 31 people
1446 1695 26 22 of
1488 1695 36 23 the
1536 1693 96 24 district.
1669 1693 43 24 We
1726 1694 45 23 will
1789 1701 99 21 assume,

1296 1728 34 23 for
1340 1729 36 23 the
1385 1736 100 23 purpose
1495 1729 25 23 of
1530 1728 144 28 illustration,
1688 1727 50 23 that
1748 1728 38 22 the
1795 1733 95 17 amount

1298 1761 108 24 collected
1418 1762 55 23 here
1485 1763 19 22 is
1517 1761 121 29 £12,000,
1658 1761 44 23 and
1719 1761 50 23 that
1782 1761 37 23 the
1830 1761 59 24 local

1298 1803 111 23 expenses
1422 1795 26 23 of
1464 1795 156 24 Government
1640 1795 46 23 will
1707 1794 26 24 be
1754 1802 49 16 now
1821 1795 70 23 about

1296 1830 106 28 £4,000,
1426 1829 92 31 leaving
1538 1836 13 15 a
1575 1828 93 24 balance
1690 1828 26 23 of
1736 1829 107 28 £8,000,
1867 1829 26 23 of

1297 1863 73 23 which
1382 1864 99 27 £4,000
1493 1870 38 16 are
1543 1862 95 24 claimed
1651 1863 35 22 for
1704 1862 59 23 local
1775 1863 115 30 improve-

1297 1902 83 18 ments.
1417 1897 103 23 Secured
1538 1896 23 23 in
1575 1896 55 23 such
1650 1905 13 14 a
1675 1904 51 15 sum
1745 1896 39 23 the
1802 1896 89 23 district

1297 1931 74 30 might
1389 1930 88 24 borrow
1490 1931 113 26 £30,000
1623 1935 22 18 at
1657 1935 38 17 ten
1714 1937 41 23 per
1767 1935 60 22 cent,
1846 1929 44 23 arid

1297 1963 66 25 have.
1366 1965 23 22 in
1409 1964 62 23 hand
1483 1966 104 26 £1,000,
1601 1964 53 23 with
1667 1962 75 25 which
1756 1968 21 19 to
1797 1962 68 24 make
1878 1971 13 15 a

1297 1997 94 32 sinking
1403 1997 66 30 fund,
1481 1997 73 25 which
1563 1997 74 24 would
1650 1997 134 31 extinguish
1792 1997 37 23 the
1838 1996 54 24 debt

1291 2032 30 22 •in
1332 2029 70 26 about
1413 2036 84 26 twenty
1510 2038 73 24 years.
1642 2046 4 16 (

1331 2089 63 24 Lord
1408 2089 116 32 Stanley's
1535 2088 119 24 Australia
1662 2088 45 23 and
1716 2087 57 24 New
1787 2088 103 23 Zealand

1298 2123 79 24 Lands
1402 2123 56 29 Bill,
1479 2131 44 16 was
1546 2122 55 23 read
1620 2130 12 15 a
1652 2121 62 24 third
1735 2122 54 23 time
1810 2122 22 22 in
1854 2121 37 23 the

1300 2157 81 23 House
1394 2158 21 22 of
1430 2157 83 29 Lords,
1524 2156 42 23 and
1577 2156 82 31 passed
1672 2163 29 15 on
1715 2154 38 24 the
1766 2155 41 26 7th
1820 2155 69 23 June.

1299 2190 58 24 This
1370 2190 46 24 Bill
1429 2191 59 23 fixes
1502 2191 36 23 the
1552 2190 118 23 minimum
1683 2189 62 31 price
1759 2189 26 23 of
1799 2189 56 23 land
1868 2194 24 17 at

1298 2232 42 16 one
1352 2224 78 32 pound
1443 2232 40 23 per
1496 2231 58 20 acre,
1561 2223 52 24 and
1634 2227 137 28 guarantees
1784 2222 50 24 that
1848 2230 43 16 one

1298 2255 50 26 half
1367 2258 38 23 the
1418 2258 110 32 proceeds
1546 2256 58 24 shall
1618 2257 27 22 be
1658 2256 120 32 expended
1791 2264 29 15 on
1833 2257 58 22 emi-

1298 2293 99 29 gration.
1444 2291 98 24 Friends
1561 2296 23 18 at
1608 2291 66 23 home
1695 2291 123 30 anticipate
1843 2290 49 23 that

1299 2326 45 23 this
1356 2333 106 16 measure
1474 2333 50 23 may
1535 2332 68 24 prove
1615 2323 112 31 seriously
1738 2324 154 23 mischievous

1299 2364 22 18 to
1334 2359 46 23 this
1391 2359 97 31 Colony,
1498 2366 32 16 we
1541 2357 104 24 however
1656 2362 85 19 cannot
1750 2366 38 15 see
1797 2365 94 15 reasons

1298 2397 40 27 yet
1348 2393 35 23 for
1403 2392 115 31 believing
1530 2392 16 23 it
1568 2399 43 16 can
1630 2399 65 16 come
1714 2392 47 22 into
1775 2392 116 30 operation

1300 2420 92 30 evenlat
1403 2425 133 25 Auckland.
1567 2424 52 25 The
1632 2425 68 23 latest
1712 2430 108 18 accounts
1834 2425 58 23 from

1300 2460 38 23 the
1350 2460 84 31 capital
1448 2466 58 17 state
1519 2459 49 23 that
1579 2459 50 23 title
1648 2463 22 19 to
1691 2458 54 24 land
1757 2458 79 23 claims
1856 2458 37 24 for

1300 2493 126 24 thousands
1445 2494 25 23 of
1473 2517 6 7 v
1494 2500 63 17 acres
1581 2500 57 16 were
1658 2493 71 30 being
1750 2491 96 32 granted
1867 2500 26 16 as

1300 2528 94 31 quickly
1404 2536 26 14 as
1439 2526 99 33 possible
1548 2526 30 31 by
1585 2526 38 23 the
1632 2526 77 23 officer
1717 2526 176 31 administering

1301 2562 37 22 the
1342 2567 4 8 1
1352 2561 166 24 Government.
1554 2560 30 24 In
1605 2560 30 23 all
1655 2559 137 32 probability
1805 2568 13 14 a
1830 2559 63 32 large

1300 2596 90 31 portion
1404 2595 26 23 of
1439 2594 65 24 these
1516 2594 66 24 lands
1594 2593 45 24 will
1652 2594 28 23 be
1692 2593 90 23 thrown
1794 2594 48 22 into
1856 2593 46 24 the'

1300 2629 98 28 market,
1411 2628 46 23 and
1469 2627 128 30 effectually
1611 2631 96 27 prevent
1726 2626 39 24 the
1786 2628 107 22 Govern-

1300 2667 64 18 ment
1375 2662 59 23 from
1456 2663 77 28 acting
1552 2667 62 24 upon
1634 2660 64 23 Lord
1716 2660 118 30 Stanley's
1847 2660 47 23 Bill

1301 2697 35 22 for
1348 2705 13 14 a
1373 2695 157 24 considerable
1541 2694 87 30 period.
1659 2693 29 24 In
1700 2701 42 16 our
1753 2693 141 31 neighbour-

1302 2730 66 28 hood,
1382 2729 99 32 through
1495 2730 38 22 the
1543 2728 160 23 inducements
1718 2727 25 23 in
1756 2727 38 24 the
1807 2727 53 24 loan
1873 2727 24 24 of

1303 2763 82 32 capital
1404 2763 55 26 and,
1472 2764 24 22 in
1517 2761 64 24 other
1604 2761 86 28 modes,
1712 2761 73 23 added
1807 2765 23 19 to
1858 2761 37 23 the

1302 2798 98 24 isolated
1418 2797 117 23 character
1554 2796 26 22 of
1594 2795 39 23 the
1645 2794 111 30 districts,
1773 2794 38 24 the
1825 2794 70 24 Com-

1302 2839 62 24 pany
1383 2827 106 31 will^be,
1503 2829 94 25 enabled
1623 2834 21 18 to
1667 2828 77 23 follow
1766 2828 59 23 their
1847 2836 50 15 own
1893 2832 5 7 1
1898 2838 4 4 '

1303 2870 86 26 system
1402 2873 26 15 as
1441 2864 87 31 though
1542 2863 61 23 their
1616 2862 66 24 lands
1695 2870 59 15 were
1765 2863 23 22 in
1802 2862 95 24 another

1292 2909 3 4 '
1305 2894 96 36 Colony,
1410 2906 26 16 or
1448 2898 45 24 this
1505 2897 63 33 piece
1582 2896 24 24 of
1615 2896 132 31 legislation
1757 2904 46 15 was
1813 2901 42 18 not
1862 2897 35 23 for

1304 2932 58 25 New
1373 2931 110 25 Zealand.

1339 2989 123 24 Machines
1474 2990 91 23 invente
1573 2987 7 23 1
1592 2987 31 32 by
1634 2987 45 24 five
1693 2986 107 25 different
1811 2987 87 31 parties

1304 3024 35 23 for
1350 3024 47 26 the.,
1402 3031 99 24 purpose
1513 3022 25 24 of
1553 3022 107 31 dressing
1678 3021 55 29 flax,
1747 3020 45 25 will
1810 3020 88 32 shortly

1305 3058 28 23 be
1345 3057 75 24 tested
1441 3058 24 22 in
1477 3057 46 24 this
1540 3055 73 32 place.
1650 3055 52 24 The
1712 3055 52 24 first
1781 3055 62 30 is'by
1857 3062 41 16 one

1307 3092 24 23 of
1355 3092 39 23 the
1415 3091 75 23 oldest
1512 3090 108 28 settlers,-
1632 3089 38 23 the
1695 3090 84 22 second
1799 3088 30 31 by
1850 3088 47 24 Mr.

1307 3125 163 31 Greaves,^he
1483 3123 59 25 third
1553 3123 30 30 by
1597 3122 159 29 Mr.-Golder,
1771 3122 38 23 the
1820 3121 88 28 fourth,

1307 3159 29 30 by
1350 3159 48 24 Mr.
1412 3158 81 29 Neale,
1507 3157 43 24 and
1571 3156 40 23 the
1700 3156 21 23 is
1733 3154 176 33 coming-frdrn*

1309 3192 107 31 England
1429 3192 45 23 and
1485 3192 41 23 has
1538 3189 175 31 been.patented
1723 3189 30 31 by
1763 3189 50 24 Mr.
1824 3189 76 23 Gibbs

1309 3226 31 23 of-
1345 3225 109 25 London.
1717 3228 4 4 n

1340 3276 45 23 We
1396 3276 60 23 have
1468 3273 77 29 heard,
1559 3274 67 28 from,
1639 3282 13 15 a
1673 3279 93 27 quarter
1779 3273 74 24 which
1867 3282 33 16 we

1308 3309 56 24 have
1376 3318 30 15 no
1418 3317 82 15 reason
1556 3307 78 30 doubt,
1648 3307 52 24 that
1717 3308 90 31 private
1819 3307 80 24 letters

1309 3344 57 26 have
1387 3343 58 23 been
1465 3341 103 25 received
1587 3342 23 23 in
1620 3366 2 5 ,
1634 3341 40 24 the
1695 3341 96 32 Colony,
1814 3342 87 31 stating

1310 3377 47 23 that
1376 3377 38 22 the
1434 3375 100 32 English
1554 3375 158 24 Government
1733 3375 45 24 had
1801 3375 99 24 recalled

1310 3410 46 24 Mr.
1375 3410 126 24 Shorthand
1521 3409 59 24 from
1602 3409 37 24 the
1659 3409 66 24 office
1745 3410 25 23 of
1796 3409 104 24 Colonial

1310 3445 129 30 Secretary.
1549 3446 3 2 '
1647 3460 4 6 «
1790 3451 12 23 4
1853 3465 5 2 .
1892 3441 4 35 j

1342 3478 45 23 We
1399 3478 52 30 give
1463 3478 38 23 the
1513 3476 70 24 above
1596 3485 25 15 as
1633 3485 14 15 a
1658 3484 103 22 rumour,
1773 3477 42 23 but
1826 3485 34 15 we
1873 3477 28 24 do

1310 3518 39 17 not
1361 3511 73 24 vouch
1446 3511 37 24 for
1493 3513 30 22 its
1535 3510 159 30 authenticity,
1697 3523 34 3 —
1733 3510 110 25 Colonist.

1343 3570 53 24 Her
1416 3569 124 32 Majesty's
1560 3569 53 31 brig
1639 3568 105 25 Victoria
1766 3575 73 18 came'
1853 3570 49 23 into

1310 3610 51 25 port
1381 3611 30 16 on
1432 3603 115 30 Monday,
1561 3602 55 24 last.
1658 3602 51 24 Mr.
1730 3603 135 23 Outhwaite
1883 3604 19 22 is

1310 3644 126 25 passenger
1456 3637 28 30 by
1504 3637 48 23 her.
1599 3635 51 24 The
1672 3635 52 24 lord
1749 3636 88 31 Bishop
1857 3637 44 23 and

1311 3672 62 23 chief
1392 3671 89 24 Justice
1501 3671 56 23 have
1576 3669 127 31 proceeded
1728 3675 23 18 to
1776 3670 135 23 Auckland-

1310 3704 37 25 vik
1359 3705 38 24 the
1409 3704 138 24 Ma*nawatu-
1555 3703 73 24 River
1640 3703 44 24 and
1698 3703 113 25 Hawke's
1824 3704 60 31 Bay.

1345 3763 51 24 The
1408 3762 112 25 schooner
1530 3760 136 32 Richmond,
1680 3763 90 24 arrived
1782 3763 120 31 yesterday

1310 3798 59 27 from
1381 3797 98 29 Nelson,
1491 3795 44 25 and
1548 3801 89 26 reports
1648 3797 52 23 that
1711 3796 39 25 the
1756 3817 3 3 .
1767 3796 63 24 New
1842 3796 60 24 Zea-

1312 3830 127 31 to»rf,with
1459 3833 47 22 180
1524 3829 145 32 immigrants
1680 3830 60 24 from
1763 3831 39 23 the
1821 3829 81 32 Clyde,

1311 3864 46 24 had
1368 3864 88 24 arrived
1469 3869 23 19 at
1504 3862 97 26 Nelson.
1662 3879 5 3 -
1815 3879 8 8 
1841 3885 3 3 .
1879 3876 2 6 -

1346 3922 38 24 On
1399 3921 103 32 Monday
1514 3921 104 30 evening,
1638 3921 39 23 the
1697 3921 52 23 first
1764 3920 138 31 half-yearly

1314 3955 104 32 Meeting
1431 3955 26 24 of
1475 3956 37 23 the
1532 3954 118 24 Members
1663 3954 44 24 and
1721 3954 86 25 friends
1824 3953 26 24 of
1865 3953 37 24 the

1313 3989 143 24 Mechanics'
1464 3988 110 25 Institute
1586 3988 55 23 took
1650 3988 64 33 place
1724 3988 25 25 in
1757 3988 39 24 the
1804 3987 100 25 Lecture

707 1446 38 24 On
759 1445 39 23 the
810 1444 81 24 arrival
901 1445 27 22 of
938 1444 38 23 the
987 1444 125 23 American
1121 1444 52 31 ship
1182 1442 85 33 Henry

674 1479 67 29 Tuhe,
769 1486 33 15 we
826 1486 58 15 were
908 1477 113 24 informed
1042 1477 51 24 that
1118 1478 39 23 the
1180 1479 93 30 Agent,-

675 1512 99 32 Captain
788 1512 115 31 Mayhew,
918 1510 113 33 purposed
1043 1511 133 31 employing
1192 1511 41 24 her
1244 1513 23 22 in

674 1546 102 30 whaling
788 1550 39 18 out
834 1545 36 23 -of
885 1545 48 23 this
952 1545 64 23 Port.
1053 1544 45 24 We
1116 1545 94 24 deemed
1222 1546 46 24 this

674 1579 38 25 the
724 1580 53 23 first
789 1579 55 23 fruit
856 1584 22 18 to
891 1586 29 16 us
933 1578 24 23 of
965 1578 38 24 the
1014 1578 87 31 change
1114 1579 67 23 made
1192 1579 24 23 in
1230 1579 38 23 the

674 1613 78 24 Tariff
766 1613 31 30 by
809 1613 38 22 Sir
866 1612 91 24 Robert
978 1611 63 30 Peel,
1055 1611 45 24 and
1118 1613 151 31 anticipating

675 1655 13 15 a
706 1647 63 30 large
789 1646 95 23 number
894 1644 47 24 .'of,
953 1646 87 31 foreign
1060 1646 87 23 vessels
1167 1647 101 30 speedily

675 1681 115 29 resorting
808 1684 22 19 to
848 1679 47 24 this
901 1679 71 31 -place
984 1680 34 22 for
1030 1679 113 24 a'similar
1161 1688 106 23 purpose,

674 1714 76 24 hailed
762 1714 39 23 the
813 1717 184 19 announcement
1006 1712 53 23 with
1072 1714 73 22 much,
1153 1713 113 31 pleasure.

675 1748 39 24 On
726 1748 105 30 enquiry,
844 1755 33 15 we
889 1747 29 22 do
933 1752 39 18 not
982 1747 46 23 find
1042 1745 49 24 that
1103 1747 39 23 the
1158 1747 110 24 informa-

674 1783 48 23 tion
734 1781 105 31 supplied
852 1788 27 16 us
893 1781 130 30 respecting
1031 1780 98 31 Captain
1140 1781 128 30 Mayhew's

675 1816 112 23 intention
808 1815 22 23 in
850 1814 45 23 this
915 1819 90 26 respect
1018 1822 45 15 was
1082 1820 60 18 true.
1180 1815 88 23 Never-

675 1849 93 28 theless,
790 1856 33 15 we
848 1848 45 23 will
921 1847 53 24 take
1004 1848 37 23 the
1071 1849 147 30 opportunity
1247 1849 24 23 of

675 1883 138 30 submitting
824 1887 22 18 to
860 1882 137 23 Americans
1009 1881 38 23 the
1060 1882 126 30 advantage
1205 1888 22 18 to
1241 1883 28 23 be

676 1916 106 24 obtained
795 1916 72 23 under
884 1915 39 23 the
936 1915 165 23 modifications
1114 1917 23 22 in
1155 1915 37 24 the
1214 1917 55 30 duty

675 1958 28 15 on
717 1950 31 23 oil
761 1949 43 24 and
818 1949 139 23 whalebone.
996 1949 138 24 Heretofore
1152 1957 14 15 a
1180 1950 88 31 foreign

675 1983 75 24 vessel
761 1983 41 23 has
816 1983 52 31 only
880 1983 63 23 beea
951 1982 94 24 allowed
1057 1988 22 18 to
1092 1983 53 23 land
1158 1991 25 15 so
1201 1984 69 24 much

675 2018 30 23 oil
718 2018 23 23 in
755 2025 14 16 a
790 2016 103 24 Colonial
907 2016 57 23 Port
977 2024 25 15 as
1014 2023 45 16 was
1071 2016 88 24 needed
1180 2022 22 18 to
1213 2023 65 26 'pay>

675 2051 35 23 for
722 2050 39 24 the
773 2049 86 25 vessels
878 2049 88 32 repairs
981 2057 24 15 or
1011 2049 3 13 1
1025 2056 118 24 necessary
1158 2049 109 32 supplies.

675 2084 66 29 Now,
754 2091 33 16 we
798 2091 112 23 presume,
925 2082 72 24 whole
1009 2090 93 24 cargoes
1115 2091 52 23 may
1180 2084 28 23 he
1220 2084 49 24 sold

675 2118 20 23 if
703 2118 39 24 the
764 2125 87 15 owners
863 2125 38 15 are
915 2124 35 15 so.
960 2116 106 28 inclined,
1080 2117 45 23 and
1144 2117 39 23 the
1195 2122 72 20 utter-

675 2156 66 20 most,
755 2150 121 25 difference
889 2151 23 22 in
933 2150 38 23 the
983 2150 61 32 price
1057 2150 101 25 between
1180 2151 88 24 British

675 2185 43 23 and
741 2185 89 30 foreign
856 2183 85 32 caught
964 2185 30 23 oil
1021 2183 45 24 will
1089 2184 29 24 be
1145 2185 39 23 the
1214 2185 55 31 duty

675 2218 136 32 chargeable
840 2218 57 23 after
907 2235 8 4 -
928 2223 55 18 next
1006 2217 62 31 July.
1116 2218 97 30 Indeed,
1237 2227 32 16 we

675 2253 123 31 anticipate
817 2256 56 24 tnat,
886 2251 55 23 with
961 2251 44 24 this
1018 2251 122 25 difference
1158 2253 24 23 in
1199 2254 70 30 price,

675 2295 13 15 a
705 2286 132 32 preference
851 2285 43 24 will
908 2285 29 23 be
954 2286 68 31 given
1036 2290 21 19 to
1070 2286 91 31 foreign
1178 2286 38 29 oil,
1229 2287 41 23 be-

675 2328 67 15 cause
757 2319 38 24 the
814 2319 93 31 shipper
926 2319 46 23 will
991 2319 27 24 be
1030 2319 96 24 enabled
1138 2325 23 18 to
1180 2320 56 24 offer
1253 2322 18 21 it

675 2355 23 22 in
711 2354 38 23 the
769 2353 101 31 English
891 2352 91 23 market
994 2361 28 15 on
1041 2354 66 30 equal
1126 2359 71 18 terms
1216 2355 53 23 with

676 2387 89 24 British
778 2387 36 28 oil,
823 2386 72 24 /while
905 2387 28 22 'it
951 2386 44 24 will
1016 2386 56 24 have
1086 2387 38 23 the
1143 2387 127 32 advantage

675 2429 54 15 over
738 2421 40 23 the
788 2420 67 24 latter
863 2420 27 26 of,
897 2420 71 31 being
976 2420 104 31 cheaper,
1088 2420 29 31 by
1131 2421 37 23 the
1177 2427 95 18 amount

676 2455 25 24 of
711 2455 38 24 the
762 2454 108 31 English'
876 2454 65 30 duty,
953 2454 35 23 for
1001 2454 115 31 shipment
1129 2460 23 18 to
1165 2455 38 23 the
1216 2463 54 16 con-

675 2488 99 24 tinental
787 2488 109 23 markets.
935 2487 51 23 The
999 2488 93 31 shipper
1104 2489 25 23 of
1138 2488 90 24 British
1241 2490 30 23 oil

676 2523 46 23 will
739 2522 60 23 have
823 2528 23 17 to
868 2521 56 24 look
949 2526 22 19 to
1049 2521 108 32 -English
1171 2519 57 28 -mar
1228 2519 44 28 Wet

677 2556 71 31 solely
758 2564 6 21 ;
785 2556 41 22 but
837 2555 38 23 the
888 2555 94 31 shipper
995 2556 23 22 of
1026 2556 88 31 foreign
1128 2556 38 28 oil,
1179 2556 92 24 besides

677 2590 51 23 that
738 2589 100 29 market,
852 2589 46 23 will
912 2589 56 23 have
981 2589 30 23 all
1023 2589 38 23 the
1082 2589 67 24 other
1170 2591 112 23 markets*

677 2624 23 24 in
713 2623 39 24 the
764 2624 70 22 world
846 2631 59 23 open
919 2627 22 18 to
954 2622 55 24 him.

712 2657 29 24 In
755 2657 46 24 this
811 2662 58 26 port,
882 2657 65 22 there
960 2665 37 14 are
1006 2664 68 24 many
1081 2657 81 31 highly
1171 2662 101 28 respect-

678 2691 51 24 able
755 2691 94 28 houses,
880 2690 88 31 having
999 2691 117 23 extensive
1147 2691 125 32 European

678 2726 149 23 connections
836 2733 6 19 ;
863 2729 24 18 at
899 2724 40 23 the
950 2731 63 16 same
1022 2724 64 29 time,
1100 2724 38 24 the
1148 2733 126 16 numerous

678 2759 88 24 vessels
778 2758 73 23 which
862 2765 50 16 now
923 2758 64 23 leave
1000 2766 41 15 our
1052 2758 80 24 shores
1150 2759 23 23 in
1193 2760 79 23 search

668 2782 2 9 i
1054 2782 30 11 JUt*'

679 2793 26 24 of
720 2801 77 23 cargo,
809 2791 75 24 would
895 2792 95 31 provide
1003 2796 59 19 most
1068 2792 103 31 -eligible
1189 2801 85 24 oppor-

681 2827 94 23 tunities
797 2826 24 23 of
836 2825 99 31 sending
954 2826 37 23 the
1011 2825 147 32 oil^'brought
1178 2827 23 23 in
1221 2828 63 23 here-

680 2860 53 24 with
758 2860 112 31 dispatch,
883 2859 56 24 -and
959 2864 23 19 at
1001 2859 114 24 moderate
1135 2860 97 30 freights
1253 2865 32 19 to-

681 2893 118 32 England.
847 2893 52 24 Our
919 2893 66 23 stock
1004 2893 24 23 of
1054 2893 57 25 sueb
1112 2918 10 10 T
1131 2894 102 31 supplies
1249 2890 36 28 as^

681 2928 102 30 whaling
804 2927 87 24 vessels
909 2927 66 29 need,
995 2926 46 24 will
1053 2926 171 25 henceforward
1248 2928 28 24 be

681 2961 73 32 large,
776 2960 44 24 and
839 2965 33 18 as'
882 2960 56 31 they
957 2960 45 24 will
1020 2960 28 24 be
1067 2961 113 31 imported
1204 2962 73 23 direct

681 2995 58 23 from
754 2994 38 24 the
804 2994 116 23 countries
932 2994 23 23 in
975 2994 86 23 which.
1069 2994 53 31 they
1142 2995 57 23 have
1220 2996 54 24 been

681 3028 124 32 produced,
818 3036 40 16 our
870 3027 77 32 prices
958 3036 52 22 may
1022 3027 27 23 be
1066 3029 111 31 expected
1195 3035 41 18 not
1254 3035 22 18 to

682 3063 28 23 be
721 3062 83 31 higher
815 3062 55 23 than
883 3062 24 22 in
920 3061 39 24 the
976 3060 171 33 neighbouring
1166 3063 109 25 colonies.

682 3096 51 24 The
744 3095 55 31 only
811 3095 78 24 article
907 3100 24 18 to
948 3095 28 23 be
997 3097 109 29 excepted
1122 3097 20 22 is
1160 3096 117 25 butchers'

681 3135 69 24 meat,
781 3130 42 23 but
834 3138 2 6 '
846 3129 92 31 against
961 3129 62 29 that,,
1041 3136 33 15 we
1097 3137 54 24 may
1175 3136 36 18 set
1239 3132 38 23 the

681 3164 118 23 moderate
822 3167 82 20 nature
923 3163 30 22 of-
971 3171 41 15 our
1019 3162 117 30 _harbour
1151 3164 64 30 dues,
1225 3165 53 24 'and

682 3198 39 24 the
730 3198 71 23 lower
812 3197 75 30 prices
900 3201 24 18 at
936 3196 72 24 which
1020 3196 60 31 pork
1093 3197 43 23 and
1147 3199 131 29 vegetables

682 3239 52 23 may
748 3231 28 24 be
790 3230 110 32 expected
921 3235 22 18 to
960 3231 28 22 be
1006 3229 44 24 had
1068 3230 67 27 here.
1143 3231 25 23 in
1184 3231 93 31 future;

683 3267 88 29 setting
784 3264 36 23 the
833 3272 42 16 one
888 3265 90 30 against
991 3264 38 22 the
1043 3264 72 29 other,
1129 3272 33 16 we
1175 3273 38 16 are
1225 3274 54 16 sure

684 3299 17 23 it
718 3299 48 24 will
783 3298 28 23 be
820 3298 82 23 -found
921 3304 23 17 to
966 3297 118 29 establish,
1106 3299 51 23 that
1180 3300 99 31 whaling

685 3332 87 24 vessels
779 3332 51 24 .will
842 3332 47 23 find
900 3332 20 22 it
931 3335 22 19 to
966 3332 57 23 their
1038 3331 128 32 advantage
1185 3337 33 19 to.
1227 3335 52 30 give

685 3374 27 16 us
725 3366 39 23 the
775 3366 142 31 preference.
1039 3372 6 10 ■>

719 3399 78 24 There
809 3399 20 23 is
842 3407 28 15 no
884 3398 70 24 doubt
968 3399 17 23 it
997 3399 73 23 would
1091 3407 44 24 pay
1154 3400 125 24 American

686 3433 87 24 vessels
801 3433 83 22 better'
899 3437 24 18 to
947 3433 115 23 continue,
1077 3441 30 16 on
1128 3434 39 23 the
1178 3430 102 36 ~grouifd

686 3466 108 31 whaling,
819 3466 54 23 than
896 3471 23 18 to
938 3473 42 16 run
997 3466 67 24 home
1076 3467 55 25 with
1144 3467 55 24 each
1213 3477 67 23 cargo

687 3509 25 16 as
724 3501 18 23 it
762 3507 46 17 was
827 3499 120 33 procured,
962 3499 122 32 especially
1103 3509 26 14 as
1150 3501 65 24 there
1236 3502 50 24 will

687 3535 86 30 always
853 3541 25 15 so
902 3540 71 24 many
995 3533 88 24 vessels
1107 3535 92 31 coming
1222 3537 58 23 from
1288 3525 2 35 !

687 3567 110 33 England
806 3571 5 5 '
819 3567 100 31 needing
945 3572 78 19 return
1046 3575 111 24 cargoes;
1182 3570 45 23 and
1248 3577 33 16 we

688 3602 71 24 doubt
779 3606 48 25 not,
846 3601 21 23 if
882 3608 42 16 our
938 3601 130 23 merchants
1081 3608 43 16 can
1135 3602 146 31 impressthe

687 3636 138 23 Americans
849 3634 54 24 with
923 3634 39 25 the
981 3635 127 24 conviction
1128 3635 50 24 that
1190 3636 53 24 .this
1260 3638 21 22 is

689 3669 38 23 the
734 3673 63 19 most
808 3668 137 24 convenient
954 3668 97 29 market,
1074 3669 45 23 and
1138 3669 51 23 that
1207 3671 74 31 prices

687 3702 36 24 for
734 3702 34 24 oil
779 3702 50 23 and-
834 3702 68 28 bone,
916 3702 24 23 in
947 3702 137 31 conformity
1091 3702 56 24 with
1157 3702 124 34 European

689 3736 83 31 prices,
787 3742 40 17 can
840 3735 86 32 always
937 3735 29 24 be
978 3735 111 25 obtained'
1096 3736 63 31 here,
1164 3744 10 21 ['
1178 3744 34 19 we
1220 3745 63 25 -may

689 3768 59 33 hope
761 3774 23 19 to
795 3777 39 16 see
843 3777 14 16 a
866 3769 65 31 large
943 3770 96 23 number
1047 3769 27 24 of
1081 3769 89 32 foreign
1171 3780 4 7 1
1183 3770 101 33 whaling

689 3802 92 25 vessel^
798 3802 96 31 making
913 3803 47 23 this
980 3803 60 24 their
1056 3803 61 24 head
1135 3805 154 30 quar'ters'for.-

690 3834 37 25 the
740 3836 125 23 tansaction
879 3837 27 22 of
919 3836 40 24 the
971 3838 106 23 business
1089 3838 120 31 requiring
1221 3839 60 25 them

690 3874 23 18 to
724 3869 97 32 proceed
832 3874 23 18 to
866 3874 75 27 ports.
1009 3873 4 3 '

723 3919 53 25 The
783 3919 51 24 fifth
846 3925 78 27 report
932 3922 25 23 of
967 3921 37 25 the
1015 3921 122 26 Directors
1145 3922 26 24 of
1179 3922 39 25 the
1227 3923 55 26 New

689 3953 103 26 Zealand
805 3953 128 33 Company,
952 3956 103 23 contains
1067 3964 14 15 a
1092 3956 41 25 full
1154 3963 94 19 account
1261 3958 25 24 of

689 3988 59 23 their
762 3986 138 33 Colonizing
915 3989 157 31 proceedings,
1093 3990 63 23 since
1175 3990 55 31 they
1236 3989 48 37 jast

1910 132 73 24 Room
1996 132 26 24 of
2031 132 50 24 that
2100 132 101 32 Society.
2238 131 52 24 The
2303 131 135 24 attendance
2450 140 47 15 was

1910 173 119 16 numerous
2043 165 44 23 and
2098 164 142 33 respectable
2250 173 5 20 ;r;
2261 169 8 12 r
2276 163 44 25 anfl
2337 164 38 24 his
2387 164 112 32 Worship

1910 198 35 23 the
1965 198 85 32 Mayor
2066 205 45 16 was
2126 198 166 30 unanimously
2394 205 62 24 upon
2474 203 24 18 to

1910 231 51 24 take
1974 231 39 24 the
2032 231 79 25 Chair.
2147 232 52 23 The
2220 230 89 32 Report
2329 238 46 16 was
2396 231 54 23 read
2467 231 41 30 by-

1910 264 37 24 the
1959 265 129 31 Secretary,
2101 266 43 22 and
2162 264 92 24 showed
2274 263 48 24 that
2333 264 39 23 the
2389 264 110 23 Institute

1910 306 44 15 was
1973 299 149 30 progressing
2140 297 78 31 slowly
2236 297 41 23 but
2295 297 84 30 surely.
2415 298 24 22 A
2455 298 44 22 few

1910 339 48 15 new
1970 331 118 24 Members
2100 338 58 17 were
2171 329 79 33 placed
2260 338 29 16 on
2301 330 39 23 the
2353 330 146 29 Committee,

1910 364 44 24 and
1962 385 2 8 ,
1966 365 38 23 the
2014 364 122 24 Rev.Mr.
2151 363 136 25 M'Farlane
2299 364 44 22 and
2354 363 47 25 Mr,
2412 364 88 23 Wood-

1910 397 60 24 ward
1979 397 123 24 addressed
2112 397 37 24 the
2162 396 113 31 Meeting.
2311 397 70 23 After
2392 405 13 15 a
2418 402 51 18 vote
2476 397 26 23 of

1910 430 84 24 thanks
2007 437 22 17 to
2043 430 48 24 Mr.
2103 430 94 24 Hunter
2208 430 36 22 for
2258 430 37 22 his
2306 430 50 23 able
2366 430 98 23 conduct
2475 430 24 23 in

1911 464 38 23 the
1961 463 78 29 Chair,
2052 464 38 23 the
2103 464 105 28 Meeting
2218 463 127 29 separated.

2066 524 77 24 NEW
2162 523 183 25 PLYMOUH.

1947 585 42 19 We
2007 586 88 19 extract
2113 584 39 21 the
2171 584 116 28 following
2304 584 61 21 from
2384 584 37 21 the
2439 584 61 28 Ply-

1911 614 76 23 moutft
1998 614 106 29 Journal,
2118 615 24 24 of
2158 615 38 24 the
2209 614 58 24 30th
2278 615 69 24 June.
2372 622 4 23 ;

1939 652 40 22 We
1996 652 57 23 have
2065 654 47 26 just
2127 652 105 23 received
2249 660 41 15 our
2300 654 35 21 file
2346 654 27 21 of
2384 655 52 20 Neio
2446 655 54 20 Zea-

1911 680 50 20 land
1972 680 104 26 Gazettes,
2084 680 102 28 bringing
2194 679 89 22 advices
2288 680 59 22 from
2356 680 49 23 that
2414 682 88 26 Colony

1912 714 28 20 up
1951 710 22 18 to
1984 707 37 22 the
2031 707 151 28 Bth,Januar-3r
2191 706 51 22 last.

1939 734 109 22 Whether
2057 734 18 22 it
2083 734 28 21 be
2122 734 36 22 the
2170 733 57 22 fault
2236 733 27 25 of.
2268 733 37 22 the
2316 734 87 23 settlers
2413 738 23 19 at
2446 735 56 23 New

1913 760 127 28 Plymouth,
2053 769 25 14 or
2086 761 47 22 that
2144 762 26 20 of
2182 757 50 25 the'
2232 757 88 25 Editors
2330 761 26 22 of
2364 761 37 22 the
2414 763 88 21 Gazette

1913 795 31 14 we
1954 787 66 22 know
2031 792 45 23 not,
2093 788 40 22 but
2142 788 82 22 almost
2233 788 38 21 the
2276 795 3 7 1
2286 788 54 26 only
2349 788 75 23 notice
2435 790 67 22 taken

1912 814 26 22 of
1945 814 56 22 New
2012 816 119 26 Plymouth,
2145 815 77 22 whose
2236 818 120 24 prospects,
2373 816 26 21 of
2417 824 85 21 course,

1914 845 58 18 must
1981 849 96 14 concern
2086 849 26 14 us
2119 843 25 22 of
2152 841 43 23 Old
2204 841 126 28 Plymouth,
2342 842 19 21 is
2371 842 38 23 the
2418 844 86 21 follow-

1912 869 38 25 ing
1961 868 60 22 short
2031 873 103 18 sentence
2143 877 5 14 :
2151 880 27 5 —

2067 896 66 22 kinds
2144 897 26 21 of
2179 894 71 27 goods
2264 903 58 14 were
2337 895 24 22 in
2377 900 90 24 request
2481 902 24 18 at

2158 922 66 28 (Dec.
2236 923 43 26 29.)

1947 955 30 24 In
1997 957 65 31 reply
2083 961 21 19 to
2124 957 46 23 this
2187 964 78 23 query,
2285 964 34 16 we
2332 957 60 23 have
2407 958 55 31 only
2480 963 22 19 to

1914 993 65 25 state,
1992 990 51 23 that
2054 998 41 15 our
2107 990 104 24 columns
2225 989 58 24 have
2302 990 85 31 always
2403 992 57 24 heed
2479 998 23 17 at

1914 1022 38 24 the
1970 1023 101 31 disposal
2088 1024 24 23 of
2128 1024 38 23 the
2183 1023 59 23 New
2261 1023 125 31 Plymouth
2405 1025 99 29 settlers,

1913 1056 51 29 and,
1977 1056 49 24 tliat
2039 1065 32 15 we
2084 1057 55 24 have
2152 1056 130 31 repeatedly
2295 1057 87 23 invited
2400 1066 102 16 commu-

1913 1091 120 29 nications,
2051 1091 41 23 but
2111 1091 101 26 without,
2226 1098 99 16 success.
2375 1091 129 24 Travellers

1914 1124 151 31 occasionally
2085 1124 88 24 furnish
2194 1132 28 15 us
2241 1124 55 23 with
2311 1133 14 14 a
2337 1124 42 23 few
2392 1133 77 24 scraps
2482 1126 25 23 of

1914 1157 153 31 intelligence,
2081 1158 73 23 which
2167 1157 65 24 when
2246 1157 110 29 received,
2370 1166 37 16 are
2420 1159 84 30 always

1915 1191 119 30 presented
2047 1196 29 22 to.
2086 1199 40 15 our
2145 1191 100 23 readers.
2293 1191 52 23 The
2367 1199 136 24 passengers

1915 1224 29 30 by
1956 1224 38 22 the
2017 1223 88 31 Osprey
2124 1225 83 22 inform
2225 1231 34 20 us,
2280 1224 50 23 that
2349 1225 40 22 the
2412 1226 90 23 settlers

1914 1265 38 15 are
1975 1256 85 31 busily,
2089 1256 152 31 contentedly,
2271 1257 44 23 arid
2344 1258 159 32 satisfactorily

1916 1289 127 31 employed.
2080 1291 23 23 It
2115 1291 19 23 is
2144 1289 75 25 stated
2231 1289 49 24 that
2292 1290 64 24 there
2365 1299 37 15 are
2415 1292 89 32 already

1916 1323 63 23 three
1991 1323 102 24 hundred
2106 1332 64 15 acres
2180 1323 73 23 under
2265 1332 61 23 crop,
2341 1325 43 22 and
2398 1325 49 23 that
2465 1326 35 24 the

1916 1357 92 23 settlers
2031 1365 39 15 are
2095 1357 111 33 perfectly
2236 1357 101 24 satisfied
2366 1359 54 23 with
2449 1360 55 23 their

1916 1390 99 31 locality,
2028 1390 51 29 soil,
2093 1392 42 22 and
2147 1392 99 22 climate.
2277 1389 67 25 Land
2352 1392 42 23 has
2404 1392 98 32 changed

1916 1423 72 23 hands
1997 1429 22 18 at
2026 1429 65 26 great
2099 1425 81 30 prices,
2187 1424 118 23 labourers
2314 1433 38 15 are
2360 1427 140 30 purchasers,

1916 1457 44 23 and
1971 1457 82 24 labour
2065 1459 19 22 is
2095 1458 90 31 already
2198 1465 85 16 scarce.

1949 1512 44 23 We
2001 1512 59 24 have
2069 1513 56 23 been
2135 1513 121 32 requested
2265 1518 23 18 to
2296 1515 71 23 insert
2375 1515 38 23 the
2420 1516 84 24 follow-

1917 1546 39 30 ing
1964 1546 193 31 correspondence
2165 1547 101 23 between
2276 1548 87 23 several
2376 1550 124 30 gentlemen

1916 1579 44 23 and
1979 1580 48 23 Mr.
2050 1580 130 24 Wjcksteed
2200 1585 24 18 at
2237 1583 56 21 New
2312 1581 134 31 Plymouth.
2481 1585 21 23 It

1917 1613 45 23 will
1973 1613 28 23 be
2010 1621 62 21 seen,
2082 1615 17 21 it
2107 1621 64 16 arose
2182 1618 41 18 out
2231 1614 24 23 of
2262 1615 36 23 the
2307 1615 91 31 dispute
2406 1623 96 25 respect-

1916 1648 40 29 ing
1973 1646 40 24 the
2025 1647 62 30 right
2099 1648 25 22 of
2140 1648 37 23 the
2191 1647 126 25 charterers
2329 1649 26 23 of
2371 1649 37 24 the
2424 1649 78 32 Ocean,
2523 1670 3 3 .

1917 1685 23 18 to
1958 1680 38 23 the
2017 1689 41 15 use
2079 1681 25 22 of
2124 1681 38 24 the
2180 1681 139 32 Company's
2336 1683 73 24 boats.
2446 1684 58 24 That

1917 1713 62 31 right
1991 1714 20 22 is
2023 1719 41 19 not
2076 1714 134 32 recognized
2231 1723 25 15 as
2277 1717 103 30 existing
2391 1726 28 15 on
2431 1717 76 25 behalf
2508 1719 2 9 1
2510 1715 8 15 *

1918 1748 25 22 of
1959 1749 85 29 parties
2058 1748 89 31 trading
2168 1756 28 17 on
2216 1748 37 23 the
2272 1755 71 18 coast.
2382 1750 49 24 The
2443 1752 61 24 boats

1918 1788 37 16 are
1968 1787 40 17 not
2020 1782 64 23 hired
2096 1787 39 19 out
2148 1783 28 30 by
2189 1782 38 23 the
2248 1783 127 32 Company,
2388 1785 43 23 and
2443 1785 61 24 lend-
2526 1806 2 10 ,

1917 1815 41 30 ing
1970 1815 61 24 them
2045 1820 58 19 rests
2120 1816 54 23 with
2194 1816 48 23 Mr.
2259 1816 143 26 Wicksteed.
2439 1819 25 23 If
2478 1820 27 22 he

1918 1856 119 16 conceives
2050 1849 48 23 that
2109 1851 85 29 parties
2206 1849 58 25 have
2276 1851 64 23 acted
2354 1851 23 23 in
2389 1860 12 15 a
2413 1860 92 16 manner

1919 1882 73 23 which
2004 1883 54 23 does
2071 1889 38 17 not
2125 1883 79 24 entitle
2218 1882 60 25 them
2294 1889 22 18 to
2336 1886 130 29 assistance,
2479 1886 27 23 he

1919 1916 19 22 is
1951 1915 26 23 of
1985 1924 81 16 course
2086 1917 75 23 bound
2181 1921 22 19 to
2223 1917 74 24 refuse
2316 1918 39 24 the
2373 1927 39 15 use
2431 1920 24 23 of
2471 1919 36 24 the

1919 1949 73 24 boats.
2029 1950 143 32 Proceeding
2192 1950 57 23 from
2269 1951 45 24 this
2335 1952 62 31 place
2416 1954 92 22 without

1919 1983 37 23 the
1974 1983 63 29 mail,
2058 1984 43 23 and
2121 1984 115 31 retaining
2252 1984 78 24 letters
2347 1985 118 24 addressed
2485 1993 22 16 to

1919 2016 38 23 the
1981 2017 139 31 Company's
2144 2018 80 30 Agent
2246 2023 24 18 at
2293 2018 58 23 New
2375 2019 131 31 Plymouth,

1918 2049 54 31 long
1993 2050 58 23 after
2071 2050 52 30 they
2137 2050 45 24 had
2201 2050 56 23 been
2276 2051 90 30 applied
2387 2053 42 26 for,
2450 2060 57 15 were

1919 2088 47 17 acts
1987 2084 26 22 of
2034 2083 89 31 neglect
2148 2089 22 18 to
2195 2083 37 22 the
2256 2084 138 28 settlement,
2419 2085 43 23 and
2485 2085 25 23 of

1919 2116 102 31 hostility
2045 2122 22 18 to
2091 2117 38 23 the
2154 2117 139 31 Company's
2323 2119 183 29 representative,

1919 2150 49 23 that
1981 2150 74 32 might
2066 2150 28 23 be
2107 2150 110 32 expected
2229 2155 22 18 to
2264 2151 28 23 be
2304 2152 104 23 resented
2425 2152 81 31 locally

1920 2192 24 15 so
1957 2183 34 24 far
2004 2192 25 15 as
2043 2184 98 31 possible
2151 2193 5 15 :—:
2158 2196 35 5 —

2152 2222 56 23 New
2225 2222 127 28 Plymouth,
2363 2223 117 27 Taranaki,

2205 2249 128 23 November
2344 2252 18 25 1,
2375 2252 59 21 1842.

1947 2282 48 26 Sir,
1998 2294 26 4 —
2028 2283 27 21 In
2067 2290 155 20 consequence
2232 2282 25 21 of
2271 2283 38 22 the
2321 2284 184 28 correspondence

1919 2309 69 24 lately
1998 2310 97 21 inserted
2106 2310 22 21 in
2140 2310 37 23 the
2188 2311 53 19 hew
2246 2311 94 20 Zealand
2352 2312 89 20 Colonist
2451 2319 53 21 upon

1921 2336 36 21 the
1968 2338 88 26 subject
2065 2337 25 21 of
2102 2344 57 20 your
2167 2336 85 28 having
2267 2338 91 22 refused
2369 2342 23 20 to,
2407 2339 52 22 land
2472 2340 34 21 the

1920 2371 66 19 cargo
2003 2364 26 22 of
2043 2364 36 22 the
2090 2364 109 23 schooner
2210 2365 68 20 Ocean
2292 2366 24 21 in
2326 2366 38 21 the
2379 2366 127 28 Company's

1920 2391 58 26 boat,
1991 2399 31 14 we
2039 2394 82 19 cannot
2135 2392 83 22 refrain
2232 2392 60 22 from
2307 2393 99 27 publicly
2422 2401 84 19 expres-

1920 2418 50 27 sing
1980 2425 42 16 our
2032 2418 136 23 satisfaction
2179 2418 55 22 with
2243 2419 38 22 the
2292 2427 113 16 measures
2416 2420 89 28 adopted

1921 2445 29 27 by
1959 2453 57 19 your
2027 2446 124 26 directions,
2159 2450 23 18 to
2192 2446 51 26 give
2253 2447 38 22 the
2301 2451 84 18 utmost
2392 2448 114 21 assistance

1921 2476 22 17 to
1955 2479 67 21 every
2033 2474 69 21 vessel
2114 2472 99 28 arriving
2223 2476 23 19 at
2255 2474 57 22 New
2322 2474 128 28 Plymouth.

1949 2500 40 21 We
2000 2508 38 15 are
2051 2500 63 28 fully.
2118 2499 124 29 persuaded
2258 2501 55 27 that,
2323 2502 75 22 under
2410 2502 36 22 the
2461 2509 45 19 pre-

1921 2530 49 18 sent
1989 2532 91 24 system,
2102 2531 38 18 not
2157 2527 52 28 only
2225 2528 19 21 is
2260 2528 37 22 the
2313 2530 46 20 risk
2379 2530 25 21 of
2419 2529 87 27 landing

1921 2561 67 20 cargo
2013 2556 87 26 greatly
2125 2554 142 28 diminished,
2298 2556 42 22 but
2364 2556 82 22 vessels
2472 2564 34 13 are

1921 2581 99 23 unladen
2034 2582 50 22 with
2094 2587 88 28 greater
2192 2582 107 28 despatch
2313 2583 54 21 than
2379 2588 22 17 at
2411 2591 42 19 any
2462 2586 45 25 port

1921 2608 23 21 in
1954 2608 38 22 the
2003 2609 92 28 Colony,
2107 2617 13 14 a
2130 2610 51 26 fact,
2186 2610 71 21 which
2269 2610 40 22 has
2318 2610 73 22 called
2405 2610 57 22 forth
2472 2610 39 21 the'

1922 2636 147 26 approbation
2084 2637 27 21 of
2124 2637 39 21 the
2178 2637 105 26 previous
2298 2637 154 23 ommanders
2462 2637 44 22 who

1922 2662 44 22 had
1977 2662 80 22 visited
2068 2671 39 14 our
2118 2663 135 23 Roadstead.

1950 2689 27 22 In
1987 2690 187 28 acknowledging
2185 2690 37 21 the
2232 2691 103 28 urbanity
2346 2691 45 23 and
2398 2702 3 3 •
2408 2691 99 28 prompti-

1922 2716 53 22 tude
1984 2716 54 22 with
2048 2716 77 22 which*
2128 2724 44 20 you
2183 2716 58 22 have
2250 2718 156 23 rendered'the
2413 2718 96 29 required

1923 2744 120 21 assistance
2054 2747 22 18 to
2086 2744 30 22 all
2126 2744 82 22 vessels
2219 2744 21 21 in
2257 2744 73 22 which
2339 2752 34 14 we
2383 2746 58 22 have
2459 2747 48 21 been

1923 2770 127 28 interested,
2071 2778 31 15 we
2122 2771 111 27 earntstly
2252 2772 73 22 solicit
2343 2772 48 22 that
2408 2780 45 21 you
2471 2771 37 23 will

1925 2798 105 22 continue
2049 2801 23 19 to
2092 2798 130 27 discourage
2242 2798 37 22 the
2297 2799 97 23 illiberal
2410 2800 45 22 and
2472 2806 36 16 un-

1924 2825 158 22 business-like
2091 2826 98 27 practice
2200 2825 27 21 of
2234 2826 98 27 evading
2341 2827 38 21 the
2386 2828 94 26 carriage
2489 2825 22 23 of

1926 2851 37 23 the
1973 2852 130 22 Post-'-ffice
2114 2852 66 23 Mail.

1980 2884 42 23 We
2032 2885 58 22 have
2100 2885 37 22 the
2147 2885 91 22 honour
2250 2889 23 18 to
2283 2886 35 26 be,
2330 2885 42 27 Sir,
2399 2902 4 4 .

2036 2912 62 23 Your
2108 2918 59 17 most
2176 2912 107 23 obedient
2291 2912 92 23 humble
2397 2916 99 23 servants,

2119 2951 26 22 L.
2165 2949 37 23 H..
2214 2949 74 29 Davy,
2309 2951 28 21 R.
2354 2951 85 27 Brown,
2459 2951 25 21 R.

2147 2977 128 28 Sedgwick,'
2292 2977 22 22 J.
2333 2977 113 28 Ridgway,
2464 2977 20 22 J.

2138 3004 120 27 .Douglas,-
2295 3004 22 23 J.
2344 3005 26 22 B.
2401 3005 82 24 Baines,

2064 3050 29 5 ...
2122 3044 5 3 -
2147 3031 97 23 Edward
2255 3032 89 27 Dorset,
2356 3032 78 22 Godall
2445 3031 39 22 and

2140 3060 98 25 .Brown,
2245 3058 62 23 John
2314 3059 169 26 G.Cooke.J.P.,
2523 3063 4 15 *

2148 3085 62 24 John
2235 3086 79 27 Smith,
2337 3086 38 23 ,W.
2396 3086 43 22 and
2457 3086 26 21 H.

2135 3112 5 4 '
2147 3113 81 27 Halse,
2240 3114 82 22 Alfred
2332 3114 29 21 A.
2371 3114 63 22 Hort.

1927 3147 34 22 To
1980 3146 24 23 J.
2023 3144 30 24 T.
2071 3145 135 27 Wicksteed,
2227 3145 62 28 Esq.,
2314 3146 77 28 Agent
2408 3147 33 21 for
2458 3144 49 23 New

2159 3173 128 27 Plymouth.

2053 3243 56 23 New
2119 3241 129 30 Plymouth,
2259 3242 130 23 November
2400 3244 23 25 1,,
2431 3243 55 21 1842.

1928 3278 33 22 To
2076 3278 73 28 Davy,
2162 3277 86 26 Brown,
2265 3276 115 27 Ridgway,
2392 3273 115 31 Sedgwick,

2145 3302 108 30 Douglas,
2267 3304 40 22 &c.
2320 3304 3 4 '
2401 3319 5 4 .
2421 3314 4 7 '

1958 3340 185 26 Gentlemen,—
2144 3340 66 22 Your
2224 3333 71 30 ietter,
2312 3337 131 28 expressing
2457 3335 52 23 satis-

1929 3366 84 23 faction
2034 3366 56 23 with'
2105 3365 39 25 the
2162 3365 105 24 meansl
2287 3365 55 20 have
2363 3363 113 30 employed
2492 3366 17 18 to

1930 3394 106 23 facilitate
2047 3394 37 22 the
2095 3394 116 25 discharge
2222 3391 25 22 of
2260 3398 65 20 cargo
2335 3391 56 22 from
2403 3391 107 22 merchant

1930 3422 83 22 vessels
2021 3422 25 21 in
2057 3421 36 22 the
2105 3419 127 24 Roadstead
2241 3418 26 21 of
2280 3417 119 29 Taranaki,
2417 3419 52 22 calls
2481 3417 29 21 for

1930 3457 38 19 my
2000 3452 90 25 prompt
2116 3446 89 25 thanks.
2231 3453 4 3 '
2246 3445 48 22 The
2329 3445 180 29 correspondence

1930 3476 92 23 alluded
2044 3480 23 17 to
2086 3476 53 28 only
2154 3476 45 20 met
2213 3480 38 19 my
2266 3478 52 21 eyes
2333 3473 123 27 yesterday,
2472 3470 38 23 and

1931 3503 75 22 would
2015 3506 40 19 not
2066 3504 57 21 have
2138 3499 90 25 elicited
2242 3506 46 19 any
2296 3499 98 22 -remark
2409 3500 55 21 from
2479 3504 30 16 me

1930 3530 45 23 had
1987 3534 104 24 notyour
2101 3528 64 23 letter
2175 3526 101 22 directed
2286 3534 38 19 my
2334 3527 108 22 attention
2452 3525 57 28 again

1930 3562 23 18 to
1963 3557 39 23 the
2011 3558 100 27 -subject.
2142 3556 58 21 lam
2210 3553 50 22 well
2278 3561 73 14 aware
2361 3553 48 23 that
2419 3561 36 19 my
2464 3558 45 16 con-

1931 3586 54 21 duct
2002 3584 94 23 towards
2112 3582 39 22 the
2165 3587 93 21 persons
2274 3582 124 21 connected
2415 3580 49 22 with
2478 3579 31 21 the

1933 3613 68 21 Ocean
2010 3618 45 15 was
2065 3608 134 27 universally
2210 3608 114 28 approved
2334 3608 26 22 of
2367 3608 52 22 here
2426 3616 6 18 ;
2447 3605 40 24 and
2496 3605 14 21 it

1930 3640 41 22 has
1989 3639 46 21 also
2044 3636 103 24 received
2158 3634 37 24 the
2211 3636 101 21 sanction
2325 3635 26 22 of
2362 3634 37 23 the
2409 3631 100 29 Principal

1931 3667 76 26 Agent
2016 3665 27 21 of
2050 3665 36 22 the
2097 3663 55 22 New
2170 3662 102 23 Zealand
2285 3663 121 27 Company.
2436 3662 20 21 It
2468 3660 41 24 has,

1931 3693 108 25 however,
2050 3692 56 21 been
2117 3690 194 27 misrepresented,
2324 3689 45 22 and
2382 3690 11 21 I
2409 3687 100 24 therefore

1930 3720 45 22 feel
1991 3719 67 22 much
2069 3716 177 30 obliged/,b'y-the
2258 3716 141 30 opportunity
2407 3723 44 21 you
2460 3714 49 23 have
2514 3723 2 5 ■

1931 3746 98 23 afforded
2053 3753 35 15 me
2116 3746 26 22 of
2162 3744 90 28 stating,
2262 3763 3 5 ,
2277 3744 49 23 that
2353 3742 103 27 although
2478 3740 32 22 the

1931 3772 112 24 Taranaki
2058 3774 63 21 boats
2135 3776 115 19 wereanot
2263 3771 60 23 built
2335 3771 35 22 for
2384 3770 73 29 public
2470 3773 39 20 use,

1930 3801 39 22 but
1978 3800 55 22 with
2041 3800 38 22 the
2088 3800 63 27 view,
2161 3799 26 23 in
2197 3798 38 23 the
2243 3799 49 22 first
2299 3798 64 28 place
2373 3798 44 21 and
2431 3794 78 26 chiefly,

1931 3832 23 18 to
1964 3827 117 28 discharge
2089 3826 37 24 the
2135 3833 92 20 cargoes
2232 3826 42 22 and
2274 3836 2 12 i
2284 3825 54 23 land
2345 3824 37 23 the
2389 3826 120 27 passengers

1930 3855 57 22 from
1999 3854 110 29 emigrant
2120 3853 93 28 yessels,
2223 3857 39 24 yet
2270 3854 18 21 it
2296 3853 19 21 is
2326 3859 37 21 my
2375 3850 103 24 intention
2490 3850 19 18 to

1931 3881 105 26 continue
2066 3881 118 23 assistance
2213 3880 23 22 in
2261 3880 121 26 unloading
2404 3876 106 24 merchant

1931 3909 89 27 vessels,
2032 3909 120 23 whenever
2161 3907 110 23 attention
2282 3911 22 17 to
2314 3906 37 23 the
2361 3905 81 23 service
2448 3903 24 22 of
2479 3903 30 20 the

1931 3936 117 28 Company
2057 3936 44 23 will
2111 3935 88 28 permit.

1959 3963 28 23 In
1998 3971 43 15 one
2057 3964 101 22 instance
2173 3961 52 28 only
2239 3961 58 22 have
2309 3960 11 24 I
2335 3959 88 24 refused
2432 3959 36 20 the
2476 3960 33 17 use

1931 3990 25 22 of
1963 3990 38 24 the
2010 3991 72 27 boats,
2093 3991 45 21 and
2152 3990 25 22 iv
2187 3988 50 24 that
2246 3995 51 15 case
2312 3988 13 22 I
2340 3989 58 20 most
2406 3986 104 22 distinctly

559 45 99 47 tEtft
683 45 122 42 isfcto
830 44 211 42 ageafcmfc
1068 44 195 48 <?S*i?ttts
1288 46 91 39 anii
1405 44 305 45 ©atetttngtoii
1734 40 259 50 Jbytrtatof.

753 130 296 23 METEOROLOGICAL
1063 131 113 22 TABLE.

682 165 43 20 For
735 164 37 20 the
781 164 56 19 week
846 163 76 24 ending
935 163 118 24 Thursday,
1065 162 51 22 Oct.
1128 164 36 23 27,
1177 164 61 20 1842.

107 719 172 25 SHIPPING
298 719 277 24 INTELLIGENCE.

270 776 145 21 ARRIVED.

71 811 122 21 November
203 812 22 23 5,
235 811 112 21 American
360 811 47 26 ship
423 811 74 26 Henry
508 811 68 27 Tube,'
587 811 51 29 366,

45 838 96 24 Watson,
153 839 55 20 from
220 839 34 20 the
266 838 46 26 Bay
322 839 25 19 of
360 839 91 21 Islands.

77 866 61 20 Same
154 866 48 27 day,
221 868 70 18 cutter
308 866 116 25 Pickwick,
440 866 37 24 38,
487 866 79 25 Axton,
584 866 55 21 from

46 894 91 26 Poverty
147 894 53 26 Bay.

76 921 121 20 November
204 921 21 23 6,
236 920 120 26 brigantine
366 922 120 26 Vanguard,
498 922 33 24 61,
538 920 106 26 Newton,:

47 949 55 20 from
112 948 113 21 Taranaki.

75 976 61 20 Same
148 976 48 26 day,
207 976 106 20 schooner
327 976 72 25 Ganet,
411 978 35 22 40,
458 976 53 21 from
524 976 72 21 Otaki.
619 985 6 5 ••

73 1003 124 21 November
206 1004 20 24 7,
245 1004 81 26 barque
334 1004 85 26 ,George
434 1004 61 26 Fyfe,
506 1004 49 24 460,
574 1004 65 26 Pyke,

46 1030 70 23 from'
116 1030 84 23 London
211 1032 51 19 15th
270 1031 66 24 June,
348 1032 56 26 Cape
411 1032 24 20 of
444 1032 61 21 Good
515 1032 63 25 Hope
588 1033 53 20 25th

47 1059 131 27 September.
208 1059 67 20 Cabin
287 1059 127 27 Passengers
416 1070 25 5 —
443 1060 58 20 Hon.
513 1059 25 20 C.
554 1059 27 20 A.
592 1058 56 21 Dil-'

47 1087 44 24 lon,
108 1086 42 20 and
161 1086 53 21 Mrs.
233 1086 83 24 Dillon,
336 1087 42 20 Mr.
397 1087 41 20 and
449 1087 52 20 Mrs.
520 1086 119 24 Buckland,

48 1115 44 19 Mr.
103 1113 41 21 and
155 1114 53 21 Mrs.
226 1114 85 20 Donald
322 1114 42 20 and
374 1117 41 17 two
431 1114 102 23 children,
544 1113 44 21 Mr.
599 1115 42 19 and

46 1141 55 21 Mrs.
110 1141 51 25 Fox,
170 1141 40 21 Mr.
218 1141 104 21 and-Miss
331 1142 123 25 Fitzgerald,
463 1142 52 20 Miss
524 1141 116 25 Christian,

49 1170 44 20 Mr.
105 1169 95 24 Clifford,
211 1169 45 21 Mr.
266 1169 117 23 Vavasour,
396 1169 43 21 Mr.
454 1169 124 25 Thairlwall,
599 1170 42 20 and

49 1197 45 21 Mr.
113 1197 133 26 Champney.
276 1196 152 21 Intermediate
444 1203 122 21 passengers
567 1208 27 5 —
595 1197 44 20 Mr.

47 1225 42 20 and
106 1225 56 19 Mrs.
181 1224 83 24 Coster,
283 1224 55 21 Miss
357 1225 85 23 Aldred,
454 1225 86 20 Messrs.
560 1225 80 24 White,

173 1252 110 27 Kearsley,
301 1252 86 25 Bolton,
399 1252 99 27 Godfrey,
510 1253 78 25 Haigh,
600 1253 46 20 and-

49 1280 59 26 May.
120 1280 75 26 Thirty
199 1280 49 20 -five
256 1283 95 24 steerage
358 1286 132 21 passengers,
498 1280 40 20 and
544 1284 98 23 seventy-

48 1309 40 19 five
98 1308 141 25 immigrants.

77 1336 60 19 Same
148 1336 48 26 day,
207 1336 106 20 schooner
331 1336 73 25 Ocean,
416 1336 26 20 30
458 1338 56 23 tons,
525 1335 116 27 Ferguson,

48 1363 56 20 from
115 1363 129 21 Manawatu.
487 1381 4 4 
499 1380 24 8 ,.

79 1391 60 20 Same
150 1391 47 27 day,
209 1391 146 21 Government
364 1391 48 27 brig
423 1391 102 25 Victoria,
534 1392 40 20 200
585 1393 57 22 tons,

48 1418 77 26 Nagle,
136 1419 56 20 from
202 1419 113 20 Taranaki.

79 1446 121 21 November
209 1447 23 23 8,
243 1447 105 20 schooner
358 1447 124 24 Richmond,
490 1447 26 20 30
527 1449 56 23 tons,
595 1447 49 20 Sin-

49 1474 61 25 clair,
121 1474 55 20 from
186 1474 90 20 Nelson.

292 1515 118 25 SAILED.

77 1556 120 21 November
207 1557 21 23 6,
239 1557 106 20 schooner
361 1557 112 19 Susannah
482 1557 54 26 Ann,
549 1557 27 21 79
587 1559 57 22 tons,

49 1585 134 25 Dougherty,
194 1585 34 19 for
239 1584 91 20 Nelson.

79 1613 61 19 Same
157 1612 48 27 day,
217 1613 105 20 schooner
333 1612 60 24 Jane,
413 1613 25 19 15
452 1615 55 22 tons,
518 1612 83 28 Vcndy,
611 1613 45 20 for*

51 1640 88 21 Nelson.

279 1685 34 20 IN
330 1685 87 21 PORT.

77 1722 85 26 Barque
179 1720 117 27 Clydeside,
308 1721 41 20 256
365 1722 58 23 tons,
442 1721 132 24 Mathieson,
586 1722 59 20 refit-

47 1753 56 23 ting.
133 1749 69 20 Waitt
209 1749 44 20 and
261 1748 77 27 Tyser,
347 1749 87 25 Agents.

77 1778 85 26 Barque
170 1777 129 25 Indemnity,
309 1777 43 20 450
368 1780 59 21 tons,
447 1776 83 25 Adams,
543 1777 103 26 refitting.

49 1808 90 25 Agents,
150 1805 70 20 Waitt
229 1806 43 19 and
282 1805 76 26 Tyser.

78 1834 110 21 Schooner
212 1834 57 25 Ann,
296 1834 28 19 22
349 1835 58 21 tons,
432 1832 85 24 Brown,
541 1832 43 21 laid
609 1839 37 20 up.

49 1863 79 26 Agent,
139 1861 68 20 Waitt
218 1861 42 20 and
270 1861 76 25 Tyser.

80 1891 83 24 Barque
176 1889 97 26 Amwell,
291 1889 42 20 300
349 1891 56 23 tons,
426 1888 75 21 Hesse.
530 1889 77 25 Agent,
624 1889 21 20 J.

51 1919 33 20 M.
95 1917 86 26 Taylor.

78 1945 125 26 Brigantine
216 1944 107 25 Cheerful,
335 1945 45 20 120'
386 1947 56 22 tons,
459 1944 73 21 Foster
568 1945 88 25 Agent,.

52 1974 110 25 Ridgway,
173 1972 41 21 and
225 1972 39 22 Co.
555 1980 5 2 -
584 1978 13 17 &

80 2002 83 25 Barque
187 2001 79 24 Bright
284 2000 85 24 Planet,
392 2000 40 21 187
452 2002 55 24 tons,
528 1999 117 25 Morrison,

51 2031 78 25 Agent,
141 2028 26 20 C.
178 2028 33 20 M.
225 2028 80 20 Evans.
512 2030 5 12 :

78 2056 125 26 Brigantine
223 2055 103 22 Hannah,
345 2055 26 20 U0
391 2057 58 22 tons,
467 2055 53 21 Bell.
556 2055 90 27 Agents,

51 2084 71 21 Willis
132 2084 42 19 and
185 2084 39 20 Co.
237 2102 5 5 .

80 2112 109 20 Schooner
199 2112 84 24 Henry,
297 2111 26 20 17
334 2113 57 21 tons,
407 2110 119 28 Daymond.
555 2110 90 27 Agents,

50 2140 93 20 Wallace
155 2140 42 19 and
211 2139 40 21 Co.

79 2168 83 26 Barque
173 2168 84 22 Bolina,
269 2166 41 21 245
324 2169 54 20 tons,
390 2166 99 21 Twohev.
519 2166 21 21 J.
550 2166 95 26 Salmon,

51 2196 76 26 Agent.

77 2223 52 27 Brig
138 2223 118 22 Elizabeth,
273 2222 48 27 230*
321 2222 62 27 tons,
400 2222 124 27 Guthridge.
555 2222 90 27 Agents,

52 2251 112 26 Ridgways
174 2251 42 20 and
227 2250 39 20 Co.

79 2279 109 20 Schooner
198 2278 79 23 Maori,
291 2279 25 19 15
329 2282 56 16 tons.

79 2307 76 21 Cutter
178 2307 111 20 Catherine
305 2307 111 23 Johnston,
438 2307 26 19 10
483 2309 56 21 tons,
559 2306 86 27 Taylor.

51 2336 88 25 Agents,
151 2334 95 20 Wallace
258 2333 43 21 and
311 2333 39 21 Co.

79 2363 84 26 Barque
173 2363 116 22 Blenheim,
303 2362 40 20 375
355 2364 59 22 tons,
425 2361 66 26 Grey.

78 2391 69 20 Three
171 2390 83 20 masted
278 2390 107 20 schooner
412 2390 88 26 Ospray,
522 2390 39 20 140
587 2393 59 18 tons.

51 2420 88 25 Agents,
153 2418 112 26 Ridgways
273 2418 42 19 and
327 2417 37 20 Co.

79 2446 113 21 American
202 2446 49 26 ship
261 2446 77 24 Henry
350 2446 62 23 2'vke,
423 2445 42 20 366
481 2448 56 22 tons,
548 2445 98 22 Watson.

51 2475 77 26 Agent,
140 2474 106 26 Mayhew.

81 2502 76 21 Cutter
166 2502 115 23 Pickwick,
293 2502 27 20 38
331 2504 57 21 tons,
400 2500 80 22 Axton.
509 2501 86 21 Rhodes
606 2502 41 19 and

53 2531 48 23 Co.,
113 2530 87 26 Agents.
216 2545 3 3 .

80 2557 126 27 Brigantine
219 2557 122 25 Vanguard,
351 2557 25 20 61
388 2560 58 22 tong,
454 2557 97 21 Newton.
580 2557 69 20 Waitt

52 2587 42 20 aad
103 2586 75 25 Tyier,
188 2585 89 26 Agents.

81 2614 109 20 Schooner
202 2613 104 23 Gane/,40
318 2615 56 19 tons.

81 2642 84 25 Barque
178 2641 78 24 George
265 2640 62 25 Fyfe,
337 2641 41 19 460
389 2643 57 22 tons,
458 2641 64 26 Pyke.

81 2670 109 20 Schooner
209 2670 75 23 Ocean,
295 2669 28 20 30
341 2672 54 23 tons,
409 2668 113 27 Ferguson.
559 2669 89 26 Agents,

54 2697 94 21 Wallace
158 2697 41 21 and
211 2697 39 20 Co.

80 2724 146 21 Government
241 2724 48 27 brig
301 2724 103 24 Victoria,
416 2725 40 20 200
467 2727 55 22 tons,
527 2724 82 27 'Nagle.

82 2753 112 20 Schooner
202 2752 126 25 Richmond,
339 2752 27 21 30
376 2755 57 24 tons,
446 2752 95 22 Sinclair.
572 2752 77 28 Agent,

54 2780 141 22 Fitzherbert.
407 2797 5 7 ,

233 2832 122 22 CUSTOM
373 2832 113 21 HOUSE.

297 2899 113 15 IMPORTS.

84 2927 29 22 In
124 2933 47 14 the
404 2931 66 16 from
489 2926 162 22 Valparaiso.

59 2966 25 6 —
86 2956 113 26 Ridgways
216 2955 42 21 and
277 2956 44 23 Co.,
338 2956 86 24 Agents.
427 2965 25 5 —
456 2956 53 20 2890
523 2954 51 26 bags
588 2956 70 23 flour,.

59 2984 30 21 69
104 2984 51 26 bags
166 2987 57 21 nuts,
239 2984 27 21 50
276 2983 51 27 bags
343 2983 72 24 coffee,
433 2984 14 20 2
461 2983 49 26 bags
520 2985 62 19 straw
597 2984 54 20 hats.

204 3045 144 18 OUTWAJinS
360 3045 143 14 COASTWISE.

85 3072 29 20 In
128 3078 48 15 the
339 3078 47 15 for
395 3078 49 14 the
461 3072 61 20 East
540 3072 80 21 Coast
625 3083 27 3 —

59 3100 126 24 Machattic,
212 3101 77 25 Agent.
291 3111 28 4 —
322 3101 25 20 12
369 3104 47 16 tons
436 3100 31 20 oil
486 3100 66 26 casks,
576 3101 9 20 1
607 3100 46 20 bale

59 3127 107 24 blankets,
178 3128 11 20 1
200 3128 47 19 bale
258 3128 66 26 slops,
337 3129 10 19 1
359 3134 47 14 case
414 3128 155 26 ironmongery,
580 3129 15 20 4
602 3128 51 26 bags

59 3155 61 26 flour,
128 3156 13 19 4
148 3155 51 27 bags
206 3161 69 21 sugar.
307 3156 125 26 Passengers
432 3166 28 4 —
461 3156 192 21 Mrs.Bloekhurst

59 3184 40 19 and
113 3183 103 20 children.

87 3210 29 21 In
127 3217 47 14 the
217 3211 134 21 Susannah
362 3212 71 27 Ann/
436 3213 6 11 1
465 3217 46 15 for
522 3209 101 23 Ne'j-son
624 3222 28 4 —

61 3238 73 24 Wade,
145 3238 77 26 Agent.
223 3249 29 4 —
253 3240 12 19 2
278 3245 59 14 cases
347 3239 63 26 glass,
427 3240 10 19 1
449 3239 41 26 keg
500 3239 67 27 paint,
580 3240 14 19 1'
606 3239 47 20 iron

59 3266 50 24 safe,
121 3267 12 19 2
145 3272 57 14 cases
220 3268 80 24 porter,
311 3267 41 21 470
367 3267 51 26 bags
427 3268 62 24 flour,
504 3267 15 24 i
529 3270 38 17 ton
582 3273 71 20 sugar,

59 3294 11 20 1
86 3300 48 14 case
148 3293 90 26 pickles,
255 3294 11 20 1
282 3300 49 14 case
345 3295 69 26 pipes,
429 3295 27 21 10
472 3295 64 21 boxes
550 3300 61 21 soap,
627 3295 26 21 20

59 3323 47 26 pair
122 3322 106 23 blankets,
246 3321 26 20 24
283 3322 62 20 casks
360 3323 65 25 pork,
435 3323 29 21 36
479 3323 55 21 sides
547 3323 77 24 bacon,
643 3323 10 21 1

59 3350 60 20 chest
136 3353 43 23 tea,
198 3350 13 19 4
222 3348 91 25 saddles,
330 3350 13 19 4
360 3350 86 23 bridles,
465 3352 25 19 20
505 3351 53 26 kegs
576 3351 77 20 butter.

59 3377 130 26 Passengers
190 3388 28 4 —
219 3377 96 21 Messrs.-
333 3377 74 24 Waitt,
432 3379 88 26 Joseph,
546 3379 108 24 O'Farrel,

61 3406 66 26 Kent,
141 3405 77 22 Smith,
230 3405 89 26 Lewyn,
329 3405 40 19 and
380 3406 12 19 2
402 3406 93 21 natives.-

232 3466 126 18 LATEST
374 3467 111 17 DATES.

71 3502 80 19 London
245 3500 47 22 July
324 3501 17 17 2.
353 3500 4 21 i
371 3500 73 18 Nelson
562 3504 44 18 Oct.'
618 3506 28 17 29.

71 3523 102 20 Auckland
240 3521 54 22 Sept.
316 3523 27 17 17.
372 3521 47 18 New
425 3521 101 23 Plymouth
533 3537 15 5 ..
564 3525 46 21 July
618 3526 28 18 26.

71 3546 77 22 Sydney
240 3543 46 19 Oct.
326 3545 17 16 4.
372 3542 42 21 Bay
421 3544 23 16 of
454 3544 93 21 Islands...
629 3548 17 18 6.

71 3568 41 18 Van
137 3566 102 19 Dieman's
312 3572 3 3 •
373 3564 47 18 Port
429 3564 71 23 Phillip
515 3568 90 18 ....-Aue:
618 3570 27 17 SO.
661 3582 2 4 .

88 3587 58 20 Land
154 3586 16 20 .1
240 3587 53 21 Sept.
316 3587 29 17 30.
372 3585 95 19 Adelaide
552 3588 51 20 Sept.
620 3591 27 17 13.

80 3633 42 18 Tlit
128 3631 102 23 following
235 3635 35 14 are
277 3630 35 18 the
320 3631 80 21 quarter
411 3629 49 23 days
468 3629 21 18 of
496 3630 40 18 this
544 3636 60 18 paper
610 3639 29 11 :—

67 3659 5 3 •
104 3658 18 11 •-
167 3653 70 18 March
501 3653 50 16 31st.

53 3687 4 6 ..
87 3685 58 10 •.•*..
168 3675 53 18 June
236 3683 4 3 •
272 3683 3 4 •
484 3673 70 18 ..30th.
606 3677 5 6 >
625 3680 3 4 •

90 3694 20 21 .'
141 3713 3 3 .
168 3695 116 23 Septembar
399 3706 17 12 „•
429 3706 6 6 .
485 3694 78 23 ...30th..

169 3716 134 21 December...
353 3716 16 18 .;
420 3727 14 7 ..
484 3716 69 18 ..31st.

82 3740 84 18 Persons
172 3738 114 23 previously
292 3739 22 17 to
326 3736 151 24 discontinuing
486 3736 52 19 their
543 3742 73 19 paper*
622 3738 37 18 a&l

58 3761 174 21 advertisements,
238 3760 57 18 must
301 3760 59 18 settle
367 3758 35 19 the
412 3760 94 17 accounts
513 3758 71 24 duenp
595 3760 65 17 t6th«

61 3783 54 14 «Ute.
154 3792 5 5 •
174 3787 4 3 •
247 3793 4 4 ■
269 3779 54 18 •■'?''<■
356 3794 7 3 .
391 3786 4 3 •
475 3780 4 5 *
517 3781 7 13 '•
600 3795 3 2 •

279 3812 191 43 FREIGHTS.

65 3882 107 24 London.
306 3895 6 6 •
565 3881 13 21 6
606 3881 14 21 0
647 3881 14 21 0

64 3909 58 23 New
138 3909 79 22 South
226 3907 96 23 -Wales
336 3914 47 16 and
392 3906 29 22 V.
433 3907 30 22 D.
475 3907 24 23 L.
527 3922 6 6 .
541 3921 6 7 .
564 3909 14 21 2
606 3909 15 21 0
647 3909 14 20 0

63 3934 263 26 NEt.30».......~...X
563 3935 16 22 2
605 3936 15 20 0
647 3936 14 20 0

63 3963 130 23 Taranaki
201 3968 48 16 and
255 3961 76 23 Coast
564 3963 14 20 2
606 3963 15 21 0
647 3963 15 20 0

40 4012 6 6 ,
53 4007 3 8 (
66 3991 131 21 Auckland
594 3989 38 21 nil.

685 254 49 16 1142.

772 232 53 17 Time
832 231 20 17 of

769 253 89 17 Observa-

769 284 6 3 t
789 273 45 17 ion.

878 241 67 17 -.Baro-

882 264 66 14 meter.

965 242 86 17 Thermo-

976 265 64 14 meter.

1078 219 60 26 £5a

1181 252 61 18 Wind.
1253 254 8 4 ~

666 332 84 22 Friday...

665 395 85 17 8at........

683 431 2 6 '

666 458 86 21 Sunday..

661 520 91 21 .Monday.

792 332 11 16 9

790 353 56 21 Ip.m.

792 395 12 16 9

792 459 11 15 9

791 480 56 19 lp.m.

783 522 26 23 ,9'

793 543 54 20 lp.m.

793 585 10 15 9

792 606 55 20 lp.m.

792 626 12 17 4

793 648 11 15 9

793 668 21 21 lp
821 672 26 13 m.

792 690 12 15 4

793 710 11 16 9

793 732 54 20 lp.m.

793 753 11 15 4

886 331 62 17 29.420

886 353 61 16 29.365

887 374 60 16 29.365

886 395 62 16 29.310

887 416 60 16 29.235

887 437 61 16 29.120

887 520 63 17 29.600

887 541 62 17 29.680

887 562 62 17 29.700

887 584 62 16 29.8K0

887 605 62 16 29.820

887 625 62 16 29.923

887 646 61 16 29.950

886 666 61 17 29.875

887 688 60 16 29.73*

886 709 62 17 29.800

887 731 61 17 29.850

886 753 62 16 29.860

991 331 27 17 57.
1032 340 4 3 ■

991 352 27 16 57.

992 374 38 15 56.5

992 394 38 16 57.5

992 415 26 16 61.

992 436 26 16 60.

993 520 26 16 51.

992 540 36 18 54.,

992 562 38 16 53.5

993 582 26 17 57.

992 604 27 15 62.

992 625 27 16 53.

992 646 27 16 53.

992 667 26 15 56.

992 688 26 15 56.

991 708 27 16 63.

991 731 27 16 66.

991 753 37 16 62.5

1089 356 38 17 0.30

1089 419 38 18 0.32

1080 481 58 18 None.

1155 522 2 20 i

1090 545 37 17 095

1160 333 62 18 NW.'

1160 353 63 19 N.W.-<
1261 354 8 3 ~

1160 374 52 19 N.W.
1235 385 5 3 -

1160 396 52 18 N.W.
1221 405 4 9 ,

1160 416 56 18 n.w:
1253 416 5 3 '

1160 437 53 18 N.W.
1223 451 4 5 ,

1160 458 52 19 N.W.

1161 479 40 19 S.E.

1162 501 39 18 S.E.

1161 522 12 16 S
1183 524 47 17 S.W.
1259 524 4 3 '

1161 543 70 19 S.S.W.

1162 564 60 18 s.s.e.
1266 565 4 15 ;

1162 585 51 20 n.w.
1232 595 10 9 
1251 595 15 4 -.

1161 606 53 17 N.W.

1162 627 40 17 S.E.

1160 648 54 18 N.W.

1160 669 64 18 North.

1160 690 64 18 North.

1160 711 53 17 N.W.

1160 733 58 17 S.S.E.

1159 753 45 18 N.E.

667 574 91 30 Tutsdayl

1090 607 39 18 0.03
1133 614 3 9 .

668 645 43 17 W«d

1088 670 39 17 0.13

668 707 82 19 Tburi...

1088 733 39 17 0.13

669 803 83 21 friday...

667 866 33 17 Sat

667 930 86 20 Bunday..

669 992 84 21 Monday.

795 805 10 15 0

794 826 55 20 Ip.m.

795 847 11 16 4
820 859 5 3 .

796 868 10 16 9

795 890 54 19 Ip.m.

795 911 10 16 4

795 933 10 15 2
842 929 4 15 :

796 953 55 20 Ip.m.

795 975 11 15 4

795 996 10 15 9

796 1017 56 20 Ip.m.

795 1059 10 16 9

795 1080 57 20 Ip.m.

795 1101 11 16 4

795 1122 10 16 9

793 1144 59 19 Ip.m.

796 1165 11 16 4

795 1187 10 14 9

796 1207 55 19 Ip.m.

796 1228 11 16 4

871 790 2 12 I
1009 785 126 17 REMARKS.
1171 791 3 6 •

871 802 72 24 'Strong
949 806 39 19 gale
997 806 35 17 and
1039 807 61 20 lieavy
1106 807 46 16 rain.

872 824 71 28 jStrong
950 827 63 16 breeze
1021 827 36 17 and
1064 828 47 17 rain.

872 843 3 29 I
920 847 33 16 Do.
997 848 33 16 Do.
1073 852 90 13 overcair.

877 868 66 21 Strong
950 868 63 18 breeze
1020 869 37 17 and
1064 869 43 18 fine.

872 889 3 22 {
921 890 33 16 Do.
998 890 34 17 Do.
1076 890 34 17 Do.

872 910 61 21 'Light
939 911 64 16 breeze
1010 912 36 16 and
1054 915 44 17 very
1105 912 42 17 fine.

872 932 99 20 iModeratc
979 933 107 15 breeze-and
1094 936 44 17 very
1145 933 42 16 fin*.

878 953 67 20 Strong
952 953 62 16 breeze
1022 953 36 16 and
1065 953 47 17 rain.

873 971 2 24 |
923 973 33 17 Do.
999 974 36 16 Do.
1077 974 35 17 Do.

878 994 56 17 Fresh
997 995 33 16 Do.
1073 994 35 18 Do.

878 1016 58 16 Fresh
943 1015 64 17 breeze
1013 1016 36 16 and
1056 1020 45 16 very
1108 1016 42 18 fina.

877 1036 56 21 Light
1001 1037 34 16 Do.
1078 1037 34 17 Do.

877 1057 57 17 Fresh
949 1058 64 17 breeze
1021 1058 35 16 and
1064 1062 44 16 very
1115 1058 42 17 fine.

922 1079 35 16 Do.
1000 1079 34 16 Do.
1078 1079 34 17 Do.

922 1100 35 16 Do.
999 1100 35 16 Do.
1077 1099 35 18 Do.
1185 1110 8 8 v.

922 1120 33 17 Do.
999 1120 34 18 Do.
1077 1122 89 16 overcait.

878 1143 67 19 Strong
997 1141 34 17 Do.
1074 1141 35 18 Do.

873 1162 2 18 !
922 1162 33 17 Do.
1000 1163 33 17 Do.
1075 1163 47 17 rain.

877 1183 55 21 Light
940 1185 64 16 breeze
1011 1184 36 17 and
1055 1188 45 14 very
1107 1185 42 16 fine.

872 1208 3 13 I
922 1204 35 17 Do.
1002 1205 34 18 Do.
1080 1206 89 16 overcast.
1195 1206 3 4 '

873 1221 4 23 i
920 1227 35 16 Do.
998 1226 34 17 Do.
1074 1225 35 18 Do.

668 1055 84 20 Ttusday

670 1115 78 20 Wed:....

668 1181 53 17 Thur
735 1192 18 7 ...

108 136 125 27 Elegible
244 135 174 22 Investment
428 134 31 21 of
468 132 114 27 Capital.

50 168 91 50 MR.
153 167 223 23 FITZHERBERT
390 165 44 23 will
444 165 55 22 offer
512 165 35 21 for
561 164 77 28 public

147 194 152 27 competition,
316 193 81 26 during
406 192 38 22 the
459 191 93 26 ensiling
567 191 70 27 week,

48 223 39 22 the
96 221 71 23 whole
178 222 31 21 of-
214 221 63 22 those
287 228 51 14 new
347 220 43 21 and
405 219 107 27 complete
525 219 120 25 premises-,-

47 249 103 28 together
169 248 52 22 with
241 248 38 22 the
296 247 59 22 lease
372 245 89 23 thereof
473 246 34 21 for
521 246 27 20 14
565 252 74 19 years,

47 277 82 21 situate
139 272 28 24 oh
183 275 188 26 Lambton-quay,
386 272 45 22 and
438 279 52 15 now
499 271 105 28 occupied
614 278 25 15 as

48 310 13 15 a,
71 301 145 29 Cegar-shop.

74 329 49 22 The
133 328 92 22 fixtures
235 327 46 22 and
291 326 64 22 stock
363 326 24 22 in
398 325 62 23 trade
470 332 49 21 may
529 325 28 22 be
567 324 45 23 had
622 325 21 22 if
661 332 2 16 ;

47 355 110 29 required,
169 355 43 21 and
223 353 125 29 possession
357 353 67 26 given
434 352 24 22 in
467 360 14 14 a
491 351 83 23 month.

85 383 89 21 Ground
181 384 47 19 rent
238 381 113 26 moderate,
363 380 42 20 and
414 381 64 20 terms
487 380 129 20 reasonable.'
661 396 2 14 {

73 410 51 23 The
142 409 46 22 sale
205 408 44 22 will
267 407 53 23 take
339 407 61 28 place
420 414 29 15 on
468 407 37 21 the
518 407 119 27 -premises,

47 437 76 22 unless
136 435 127 29 previously
280 434 103 27 disposed
400 433 26 22 of
440 434 31 27 by
485 433 84 29 private
578 442 2 5 •
585 440 54 16 con-

49 467 62 19 tract.
140 464 48 20 Due
197 463 69 20 notice
274 462 46 20 will
329 463 23 19 be
360 462 67 25 given.
527 470 3 4 ■
661 459 2 14 '

74 496 131 22 November
213 498 20 26 8,
246 497 60 21 1842.

49 551 51 48 A
116 548 124 23 STEADY
255 548 46 21 and
311 548 50 21 well
374 547 111 22 educated
493 553 76 21 young
574 553 64 20 .man,
661 558 2 11 j

129 575 100 27 recently
239 574 89 23 arrived
338 575 22 22 in
372 574 37 22 the
421 574 89 28 Colony,
522 574 80 21 wishes
616 576 23 18 to

49 603 75 22 obtain
139 610 15 14 a
169 602 108 22 situation
295 602 27 22 of
341 609 45 19 any
400 601 55 22 kind
472 601 34 22 for
522 600 72 22 which
611 600 28 21 he

47 637 53 20 may
116 628 35 23 be'
162 628 95 23 deemed
273 628 116 28 qualified.
421 628 97 22 Address
535 627 71 27 E.M.,
617 631 23 17 at

49 657 37 22 the
97 656 64 22 office
172 656 26 22 of
207 655 45 22 Ihis
263 663 76 20 paper.
