3490 5590
101 187 224 72 Shipping
360 184 313 69 Intelligence.

167 347 92 33 PORT
280 348 49 30 OF
350 345 261 33 CHARLESTON.

296 468 65 26 High
379 468 106 27 Water.

77 520 50 26 Fltis
139 520 52 32 Day
339 522 37 21 2.0
402 526 45 16 a.m
577 518 51 23 2.25
660 523 55 25 p.m.

72 554 120 32 Thursday
331 555 51 22 2.50
408 560 45 17 a.m
581 553 51 24 3,15
664 556 53 26 p.m.

72 588 83 35 i-'riday
327 591 50 22 3.40
404 595 46 18 a.m
596 588 36 22 4.5
663 592 55 27 p.m.

331 644 128 19 arrivals.

188 676 35 26 21,
240 673 54 25 Star
312 673 26 24 cf
355 673 40 24 the
413 670 87 30 Bullcr,
520 670 119 27 schooner,
659 669 61 23 from

72 707 66 27 West
141 713 59 29 port,

100 742 68 34 April
181 746 37 29 23,
235 743 54 26 Star
306 742 26 26 of
358 741 135 28 Tasmania,
513 740 120 28 schooner,
653 738 61 24 from

72 777 123 27 Hokitika.

103 814 110 25 Brothers
224 812 45 26 and
281 813 94 29 Sisters,
386 812 119 26 sc'iooner,
522 810 61 25 from
597 807 122 26 llokit'.ka.

103 847 73 35 Hope,
187 852 84 24 cutter,
283 849 62 24 from
358 847 122 26 Hokitika.

105 883 76 32 Lizzy,
193 883 119 28 schooner,
322 884 60 24 from
394 882 139 31 Onehorga.

102 917 115 33 Halcyon,
228 925 45 23 s.s.,
284 918 61 24 from
357 918 156 30 Greymoutli,
524 915 38 24 via
577 913 123 31 Brighton.

313 972 168 19 DEI'AKTUIiKS.

99 1000 67 35 April
178 1004 35 25 21,
225 1000 94 31 Falcon,
331 1000 111 26 schooner
501 998 62 33 Grey
566 996 90 27 mouth.

103 1036 143 34 Enterprise,
256 1036 120 27 schooner,
387 1036 37 23 for
435 1035 155 30 Greyniouth.

105 1073 67 32 Mary
185 1073 66 29 Ann,
263 1071 118 28 schooner,
392 1071 37 24 for
440 1069 155 32 Greymoutli.

105 1106 69 37 April
197 1111 35 27 22,
254 1107 56 25 Star
332 1107 26 25 of
379 1106 39 24 the
435 1103 88 29 Bnlbr,
545 1103 122 29 schooner,
686 1103 37 24 for

73 1143 68 27 West
143 1146 58 31 port.

279 1197 101 20 VESSELS
399 1197 24 19 IN
442 1196 68 19 TOUT.

105 1238 64 30 lona,
181 1238 112 25 schooner
312 1235 106 31 (wreck).

107 1272 62 27 Maid
180 1273 27 25 of
216 1271 136 31 Tasmania,
364 1269 117 27 schooner.

106 1309 120 31 Cymraes,
239 1308 78 25 ketch.

106 1343 112 26 Brothers
228 1342 45 25 and
286 1343 93 29 Sisters,
390 1340 117 27 schooner.

107 1377 77 33 Lizzy,
196 1377 119 25 schooner.

108 1413 72 34 Hope,
190 1416 85 22 cutter.

113 1447 113 33 Halcyon,
237 1450 106 22 steamer.

290 1504 15 16 %
343 1501 113 18 IMPORTS.

108 1545 45 25 Per
173 1544 53 25 Star
242 1543 26 25 of
288 1542 144 26 Tasmania:
460 1544 27 22 G5
508 1541 57 31 bags
593 1548 82 24 sugar,
700 1543 26 22 10

77 1587 64 18 cases
153 1577 96 33 brandy,
264 1581 25 21 10
301 1584 63 18 cases
381 1584 96 25 geneva,
489 1579 13 21 4
519 1583 66 18 cases
595 1574 21 26 oi
626 1575 5 23 l
644 1579 56 26 torn,
712 1577 14 23 3

77 1613 106 34 qr-casks
195 1612 95 33 brandy,
304 1615 24 22 17
340 1619 67 18 cases
418 1616 69 24 sjout,
500 1613 11 22 6
524 1609 139 27 half-chests
675 1614 46 26 tea,

79 1654 12 21 4
103 1647 106 35 qr-casks
221 1651 58 27 Leer,
296 1650 14 21 3
328 1654 64 18 cases
407 1651 99 28 oysters,
527 1649 14 21 3
569 1652 66 19 cases
652 1652 64 18 sar.sa-

78 1684 88 29 uarilla,
178 1686 12 21 2
201 1690 65 18 races
283 1682 110 28 sardines,
411 1685 13 20 3
443 1689 67 17 cases
527 1679 98 27 salmon,
635 1682 14 22 3
661 1688 65 16 cases

77 1719 104 30 lobsters,
195 1720 25 23 10
233 1719 71 25 boxes
315 1725 12 18 c
334 1715 82 33 indies,
427 1719 12 22 G
452 1717 56 32 kcjs
520 1716 84 28 butter,
618 1717 40 22 120
670 1715 56 32 bugs

78 1755 67 30 flour,
159 1756 25 22 12
196 1755 55 31 bags
262 1757 59 24 oats,
335 1755 26 21 10
372 1759 65 17 cases
447 1750 80 29 claret,
547 1753 26 21 13
590 1750 57 32 bags
658 1750 66 31 bran,

79 1788 71 28 Allen
163 1788 64 26 Bros.
240 1800 6 18 ;
263 1793 30 20 40
313 1795 65 17 cases
395 1790 71 27 stout,
487 1788 25 23 15
527 1786 105 31 qr-casks
644 1783 43 32 ale,
701 1788 25 21 10

79 1831 65 18 cases
153 1830 98 26 geneva,
264 1825 26 22 10
301 1830 12 16 c
322 1829 45 16 ises
385 1819 155 33 sarsaparilla.
553 1818 116 30 Ilennelly
680 1819 46 25 and

79 1857 81 28 Millcn
172 1870 6 19 ;
200 1861 24 23 12
246 1865 65 19 cases
326 1859 71 28 stout,
422 1859 6 21 1
453 1855 95 32 qr-cask
568 1859 52 28 pert
633 1853 68 31 wine,
713 1858 13 22 3

79 1901 66 18 cases
155 1892 153 33 sarsapariila,
320 1894 14 21 3
355 1898 65 19 cases
440 1891 90 29 bitters,
545 1893 6 20 1
571 1891 45 31 b:g
633 1888 51 30 salt,
698 1892 24 21 21

79 1927 140 26 half-chests
234 1931 45 25 tea,
301 1930 13 22 3
335 1927 70 25 l>oxcs
425 1932 62 26 soap,
507 1927 6 21 1
529 1932 52 17 case
599 1924 103 31 vinegar.
712 1927 13 22 2

155 1962 69 31 jams,
236 1967 13 20 2
260 1970 64 17 casts
336 1959 95 36 pickles,
443 1964 13 21 2
466 1967 67 18 cases
547 1959 74 31 hams,
634 1963 12 21 2
658 1958 69 27 casks

79 1997 87 28 bottled
177 1996 42 34 ale,
232 2000 13 24 G
262 2005 64 18 cases
343 1995 95 34 brandy,
457 1998 26 23 10
503 1994 70 27 sacks
590 1994 66 32 flour,
669 1994 55 27 Fair

79 2034 46 24 and
144 2033 100 32 M'Coy;
269 2042 11 14 9
293 2033 55 30 br.gs
366 2030 52 29 salt,
437 2031 99 30 Morgan
550 2041 5 18 ;
574 2033 7 21 1
604 2037 53 17 case
676 2034 38 20 sta-

79 2068 99 31 tionery,
191 2068 68 24 Bank
270 2068 26 24 of
313 2067 56 25 New
381 2065 76 27 South
470 2065 21 24 \\
500 2063 28 36 ale
537 2063 10 36 3
556 2063 9 36 ;
586 2068 6 21 1
607 2072 53 18 case
672 2072 42 17 con-

79 2103 137 29 fectionery,
235 2106 13 19 2
266 2101 60 32 pkgs
345 2108 76 21 suptr.
435 2103 7 20 1
461 2099 56 24 cask
536 2099 85 27 batter,
633 2103 12 18 4
657 2099 70 23 boxc

79 2135 99 31 candles,
192 2127 7 32 i
214 2134 127 26 half-chest
352 2138 47 24 tea,
414 2136 6 21 I
435 2134 45 30 bag
491 2131 61 29 soda,
567 2134 7 22 1
588 2132 46 32 big
644 2132 54 30 rice,
713 2135 13 22 2

79 2178 65 18 cases
155 2168 153 36 sarsapariila,
320 2172 13 22 2
341 2177 63 17 cases
411 2167 116 32 whiskey,
537 2171 13 21 2
559 2174 65 19 cases
634 2174 92 26 gsneva

80 2209 12 21 2
113 2212 66 18 cases
200 2206 96 30 brandy,
318 2207 12 21 2
351 2204 69 25 sacks
440 2210 63 25 peas,
519 2205 7 21 1
550 2209 53 17 case
614 2202 113 28 sardines,

79 2239 109 26 Solomon
209 2239 45 25 and
277 2239 56 29 Co.;
367 2241 14 20 3
402 2244 73 24 cases,
495 2239 7 22 1
531 2236 80 30 trunk,
628 2239 6 21 1
650 2234 76 36 parcel

78 2274 106 35 drapery,
195 2279 28 22 2;)
233 2274 57 33 bags
301 2273 66 28 flour,
383 2276 7 22 1
405 2280 53 19 case
469 2271 112 30 sundries,
592 2275 14 23 3
618 2272 109 32 qr-casks

78 2310 98 33 brandy,
197 2314 13 22 2
230 2317 66 19 cases
310 2308 97 35 pickles,
433 2312 24 27 [0
477 2306 141 27 half-chests
639 2311 45 26 tea,
700 2310 24 22 10

78 2353 65 18 cases
153 2352 96 24 geneva,
265 2348 24 21 10
301 2344 131 24 half-bnxe*
444 2350 62 25 soap,
518 2345 12 21 9
542 2342 70 24 boxes
623 2342 104 29 tobacco,

79 2383 12 21 2
103 2380 69 24 1)0X03
183 2379 99 28 candles,
294 2381 13 21 8
319 2384 66 19 cases
404 2381 72 27 stout,
487 2379 13 22 2
512 2376 106 33 qr-casks
630 2375 96 34 brandy,

79 2419 13 22 2
103 2414 107 33 qr-casks
221 2419 50 30 povt
284 2414 67 30 wine,
365 2416 27 22 10
402 2413 56 32 lngi
476 2411 52 31 salt,
541 2414 12 23 5
566 2411 61 33 kegs
637 2411 87 31 butter,

84 2454 24 22 18
119 2451 56 31 bags
193 2458 76 25 sugar,
297 2453 8 18 \
329 2453 63 22 truss
413 2447 107 34 drapery,
541 2445 119 34 Ilennelly
680 2447 46 25 and

80 2484 81 27 Millen
174 2496 5 17 ;
199 2488 8 22 1
218 2492 51 18 case
281 2491 88 22 sauces,
381 2487 12 21 2
405 2482 107 32 qr-casks
522 2480 97 33 brandy,
637 2483 11 25 7
656 2482 14 24 b
676 2489 50 18 )xes

79 2521 102 29 tobacco,
204 2523 12 23 6
238 2527 65 18 cases
324 2518 115 32 whiskey,
462 2520 7 22 1
491 2517 43 25 !>ox
553 2515 60 33 blue,
632 2520 12 22 2
661 2524 65 19 cases

79 2555 90 32 cheese,
190 2557 7 24 1
221 2562 53 19 case
296 2553 113 30 sundries,
431 2555 13 23 2
465 2553 55 33 b'gs
541 2552 75 32 hams,
638 2555 13 23 2
670 2552 56 33 b:igs

79 2593 79 24 bacon.
176 2590 71 28 Allen
270 2591 82 29 Bros.;
378 2593 6 21 1
405 2588 96 34 qr-cask
517 2587 97 34 brandy,
632 2591 12 22 6
661 2596 66 18 cases

78 2627 79 29 claret,
171 2630 12 21 2
285 2626 152 32 champagne,
457 2623 56 26 Fair
533 2622 45 25 and
589 2622 85 34 M'Coy
685 2633 6 20 ;
704 2626 12 22 8

78 2663 59 34 pkgs
147 2660 114 33 sundries
273 2660 115 33 Morgan;
407 2661 13 23 8
430 2658 60 26 lihds
502 2657 42 32 ale,
556 2658 102 33 Kortegi
663 2662 33 27 >t;
714 2661 12 22 2

79 2696 107 34 qr-ca.sks
198 2695 95 33 brandy,
306 2698 8 22 1
327 2694 96 32 qr-cask
435 2694 87 32 sherry,
542 2696 7 21 1
564 2693 94 31 qr-ca?k
670 2697 57 30 port,

79 2730 155 32 Henderson;
261 2733 14 23 4
297 2729 69 26 sacks
385 2733 59 26 oats,
468 2732 7 22 1
498 2728 56 26 sack
576 2728 64 31 bran,
653 2730 9 24 1
675 2726 52 28 bale

79 2767 70 29 chaff,
161 2766 110 33 Ogilvie;
289 2767 12 24 7
319 2764 87 30 boards,
425 2767 28 22 20
470 2771 66 18 cases
545 2763 89 35 apples,
649 2767 5 21 1
668 2771 56 18 case

79 2802 183 30 confectionery,
273 2803 13 22 6
298 2807 66 18 cases
375 2807 74 25 pears,
460 2799 77 25 Smith
548 2810 6 19 ;
575 2802 6 21 1
595 2797 52 26 bale
657 2797 70 31 chaff,

80 2841 12 22 2
103 2835 127 36 bags'oats,
250 2833 127 35 Finlayson
390 2845 5 20 ;
413 2836 29 23 20
457 2841 65 18 cases
533 2836 73 28 stout,
620 2835 25 23 18
656 2834 71 25 boxes

80 2878 44 25 tea,
135 2877 13 21 3
160 2881 66 18 cases
235 2879 98 24 geneva,
345 2874 12 22 2
369 2877 65 18 cases
451 2869 90 31 cheese,
553 2867 117 35 Ilennelly
681 2868 46 25 and

79 2908 83 26 Millen
173 2919 6 19 ;
197 2910 12 22 2
220 2906 60 35 pkgs
297 2904 136 33 stationery,
453 2904 67 25 Bank
538 2904 26 25 of
583 2903 57 26 New
652 2903 74 26 South

79 2943 96 31 Wales;
193 2945 9 23 1
216 2940 50 28 bale
276 2938 97 33 leather,
386 2942 8 24 1
409 2940 51 32 bag,
470 2938 122 28 Bosliman
606 2950 5 20 ;
629 2942 13 22 2
652 2938 74 27 dozen

79 2978 64 33 bags,
154 2977 90 31 Order;
263 2979 27 22 10
300 2982 66 19 eases
376 2973 87 35 apples,
475 2973 85 26 Miller.

110 3014 46 23 Per
166 3013 78 30 IJzzy,
255 3012 61 23 from
329 3009 131 32 Onehunga
471 3019 5 15 :
496 3011 38 23 101
548 3009 56 32 bags
616 3013 111 29 potatoes,

83 3050 26 22 10
120 3047 55 31 bags
196 3046 89 29 onions,
308 3046 12 23 7
341 3051 65 17 cases
416 3043 89 29 cheese,
522 3045 12 22 5
546 3043 60 32 kegs
617 3044 86 28 butter,
718 3046 6 21 1

79 3085 53 22 nest
143 3081 51 24 zinc
212 3080 61 28 tubs,
294 3081 13 22 2
329 3081 64 22 nests
414 3077 50 25 zinc
485 3077 103 29 baskets,
609 3079 59 23 5072
680 3078 47 24 feet

80 3115 92 32 timber,
193 3113 105 33 Grundy.
345 3113 160 33 Passengers:
533 3111 39 27 W.
588 3111 30 27 H.
640 3112 87 32 Dixou,

80 3152 86 25 Robert
178 3150 116 28 Weshart,
307 3149 84 31 Angus
404 3145 142 28 M'Farlane.

110 3245 50 28 The
171 3253 37 18 s.s.
221 3244 115 33 Halcyon,
348 3244 100 32 Captain
461 3243 80 32 Wing,
558 3251 48 17 was
616 3243 112 33 expected

80 3287 25 22 to
124 3279 65 28 leave
211 3279 115 32 Brighton
343 3277 45 26 last
404 3277 69 33 night
491 3277 46 26 and
548 3281 68 22 enter
634 3278 40 25 the
684 3279 44 32 bay

79 3317 60 26 Ctrl*
162 3316 48 26 this
226 3315 108 31 morning
350 3314 25 24 in
392 3313 41 25 the
450 3316 70 22 event
538 3314 26 24 of
587 3314 40 24 the
644 3313 84 26 harbor

79 3357 88 20 master
177 3349 109 32 deeming
293 3349 17 25 it
321 3347 123 35 expedient
454 3350 25 23 to
489 3345 153 36 hoistlights,
652 3349 75 26 which

80 3396 47 18 was
139 3387 77 26 rather
226 3382 162 35 questionable
404 3383 24 27 in
442 3383 41 27 the
500 3383 107 27 crowded
625 3387 61 24 state
703 3385 25 25 of

80 3424 40 24 the
131 3422 90 26 harbor.

110 3458 38 28 On
159 3457 86 32 Friday
262 3455 45 26 last
319 3452 95 29 'several
426 3452 61 29 little
503 3454 105 35 mishaps
618 3455 108 26 occurred

79 3496 109 29 amongst
199 3492 40 25 the
251 3491 109 33 shipping
378 3489 25 25 in
420 3489 117 27 Constant
553 3490 60 33 Bay,
632 3489 94 35 happily

80 3526 143 28 unattended
239 3526 31 33 by
287 3533 47 26 any
352 3524 89 27 serious
457 3532 184 26 consequences.
674 3524 52 27 The

80 3564 111 25 schooner
202 3561 135 33 Enterprise
346 3560 82 33 parted
449 3560 43 25 her
501 3560 82 25 chain*
595 3560 75 29 twice,
682 3560 44 25 and

79 3598 40 27 the
132 3597 124 26 schooners
274 3594 87 28 Nelson
379 3595 46 27 and
438 3594 69 35 Mary
518 3595 57 26 Ann
589 3594 61 27 their
660 3593 66 34 lines,

79 3634 42 24 but
131 3641 31 17 no
172 3631 107 26 material
290 3631 98 31 damage
400 3639 49 16 wai
460 3630 127 25 sustained.

107 3667 53 25 The
167 3666 77 26 wreck
251 3665 25 26 of
282 3665 40 26 the
329 3665 115 26 schooner
451 3664 57 26 lona
517 3663 82 28 should
606 3664 28 26 be
645 3664 81 26 moved

79 3703 98 26 without
188 3702 93 26 further
296 3700 76 34 delay,
388 3710 27 16 as
432 3701 40 26 she
491 3700 80 26 blocks
582 3709 32 26 up
623 3700 40 26 the
674 3700 52 34 bay,

78 3738 46 25 and
135 3738 65 25 there
210 3737 55 25 does
277 3740 40 21 not
328 3744 85 26 appear
423 3737 40 24 the
474 3739 62 21 most
547 3739 89 22 remote
645 3736 67 33 proba-

78 3772 67 33 bility
155 3773 27 24 of
192 3772 41 25 her
245 3779 54 17 ever
311 3770 69 32 being
389 3775 41 28 got
441 3770 79 25 afloat.

108 3808 37 26 On
164 3806 117 32 Saturday
298 3805 45 26 last
362 3806 39 25 the
418 3806 52 25 surf
487 3803 70 35 being
573 3804 151 34 exceedingly

78 3845 77 30 heavy
166 3842 66 25 there
251 3850 48 16 was
316 3848 30 17 no
360 3841 89 26 chance
461 3841 27 25 of
504 3847 48 25 any
569 3840 28 25 of
611 3841 41 26 the
663 3841 62 25 craft

78 3878 94 34 getting
188 3881 41 21 out
246 3877 27 25 of
290 3876 39 25 the
347 3876 60 31 Bay.
440 3876 38 26 On
498 3874 97 34 Sunday
612 3876 40 26 the
670 3876 52 25 surf

78 3911 140 33 moderated,
230 3912 56 25 with
298 3911 61 25 wind
374 3911 65 28 N.E.,
450 3911 46 26 and
507 3910 40 26 the
560 3909 84 27 Falcon
658 3911 67 26 made

79 3958 29 17 an
120 3952 100 30 attempt
239 3952 24 21 to
280 3945 63 28 clear
353 3946 39 26 the
409 3950 118 22 entrance.
560 3946 37 25 On
610 3946 116 34 rounding

77 3985 41 26 the
129 3984 75 24 South
216 3982 65 27 Ileid
292 3982 41 25 she
344 3982 81 24 struck
441 3989 29 17 on
484 3982 39 24 the
540 3982 50 24 reef
600 3990 14 15 a
626 3982 61 26 little
698 3987 25 19 to

78 4020 41 25 the
130 4017 140 26 southward.
308 4016 51 25 The
376 4017 52 22 surf
447 4015 48 25 line
519 4015 108 25 attached
645 4021 24 20 to
688 4017 38 24 the

79 4055 59 31 buoy
146 4053 92 32 getting
250 4050 49 27 foul
310 4050 54 33 kept
376 4050 42 25 her
428 4051 61 24 from
501 4050 93 32 getting
606 4058 59 25 way,
678 4052 46 25 and

79 4081 132 34 she'struck
223 4087 78 25 Itefore
312 4086 40 25 she
363 4085 66 25 could
440 4092 95 18 recover
545 4084 97 27 herself.
675 4086 51 25 The

77 4124 48 27 line
137 4130 46 18 was
194 4123 56 25 then
261 4124 51 23 cast
330 4119 72 26 adrift
420 4119 45 26 and
477 4118 30 27 all
525 4118 42 26 sail
579 4119 69 33 being
659 4125 42 26 set,
713 4130 12 15 a

78 4161 47 25 fair
150 4158 78 26 breeze
248 4156 88 26 carried
362 4156 41 24 her
428 4154 52 25 well
506 4161 68 25 away
600 4155 60 25 from
686 4156 40 25 her

78 4193 101 36 perilous
190 4192 100 34 position
301 4189 45 26 and
352 4189 41 24 she
400 4188 126 34 proceeded
537 4188 187 32 toGreymouth.

108 4229 115 31 Contrary
231 4230 25 22 to
267 4226 40 25 the
317 4224 59 25 wish
388 4224 25 24 of
424 4223 40 25 the
477 4222 90 27 Ilarbor
579 4223 97 31 Master,
686 4226 40 26 the

78 4264 73 29 ketch
166 4264 69 32 Mary
253 4261 70 26 sailed
336 4260 62 25 from
413 4259 117 26 Constant
548 4259 51 33 Bay
616 4267 30 18 on
660 4260 50 26 Mon-

77 4302 56 30 day.
164 4299 52 24 The
233 4298 41 23 bar
290 4303 48 16 was
350 4295 38 23 far
402 4294 61 22 from
484 4293 51 25 safe
552 4293 46 25 and
609 4295 40 23 she
661 4295 45 24 had
712 4303 14 16 a

77 4342 57 25 very
145 4339 90 20 narrow
246 4337 89 27 escape,
355 4326 90 33 having
460 4326 80 27 struck
555 4326 88 27 several
655 4328 71 28 times

77 4379 30 18 on
117 4370 41 24 the
169 4367 75 26 South
257 4365 71 26 Head.
361 4363 52 26 Ilnd
420 4362 40 26 she
472 4361 108 26 knocked
590 4363 40 25 her
640 4363 86 27 rudder

77 4411 75 27 away,
168 4410 14 17 a
199 4400 71 27 result
288 4399 76 26 which
385 4396 113 36 appeared
513 4395 83 35 highly
613 4398 113 33 probable,

77 4441 42 25 the
129 4436 73 29 vessel
214 4440 63 22 must
286 4436 60 25 have
359 4434 55 25 been
426 4431 53 26 lost.

108 4475 21 25 A
142 4476 107 24 steamer,
261 4469 113 35 supposed
391 4472 25 21 to
430 4468 26 24 be
468 4468 40 25 the
521 4467 105 33 Murray,
637 4468 82 34 passed

77 4509 41 26 the
128 4508 44 33 bay
183 4514 30 18 on
224 4505 114 32 Monday.

107 4544 64 26 That
188 4543 121 25 fortunate
325 4538 61 27 little
409 4539 70 29 cr.ift,
495 4539 40 25 the
562 4538 55 25 Star
632 4539 26 24 of
685 4539 40 25 the

78 4578 87 29 Buller,
174 4575 92 27 arrived
283 4579 25 21 at
325 4576 115 23 Constant
460 4574 52 29 Bay
523 4581 29 17 on
564 4572 104 33 Sunday,
679 4573 46 25 and

77 4613 89 31 having
179 4609 136 34 discharged
332 4608 41 26 her
388 4615 78 26 cargo,
489 4607 44 27 left
550 4607 38 25 for
606 4607 118 35 Westport

77 4649 42 26 the
129 4646 121 32 following
259 4645 53 33 day.

106 4685 52 24 The
176 4683 112 24 schooner
298 4681 55 25 Star
362 4681 27 24 of
406 4679 129 26 Tasmania
545 4677 45 26 left
602 4678 119 26 Ilokitika

77 4718 58 26 with
155 4725 14 18 a
190 4715 130 27 north-east
342 4714 70 28 wind,
433 4720 25 19 at
480 4721 68 21 noon,
564 4720 31 18 on
615 4712 107 33 Sunday.

77 4753 82 26 About
177 4756 48 21 two
240 4758 63 26 p.m.,
320 4749 40 26 the
378 4748 62 27 wind
456 4746 87 28 hauled
560 4747 74 26 round
646 4752 23 21 to
681 4748 40 26 the

75 4789 78 31 north,
170 4786 58 26 with
244 4786 65 25 thick
329 4784 107 27 weather,
461 4782 85 33 lulling
562 4781 59 27 calm
640 4783 24 25 in
682 4783 40 26 the

76 4824 117 32 evening;
220 4821 46 27 had
286 4820 60 35 light
367 4819 105 27 variable
492 4817 74 26 winds
583 4817 87 34 during
680 4819 40 26 the

75 4859 85 33 night;
176 4865 30 18 on
218 4855 103 33 Monday
333 4855 108 30 moruing
452 4855 40 24 the
505 4853 61 25 wind
577 4861 67 17 came
660 4854 61 24 from

76 4894 40 25 the
135 4890 140 29 northward,
295 4889 57 26 with
375 4888 86 32 squalls
482 4887 45 25 and
547 4887 67 30 rain;
640 4886 82 27 laid-to

76 4928 73 26 under
164 4925 144 27 double-reef
325 4931 99 18 canvass
443 4921 34 27 till
498 4925 13 21 6
522 4929 66 26 p.m.,
600 4922 68 25 when
680 4923 40 25 the

75 4962 62 27 wind
159 4960 83 28 veered
270 4958 74 27 round
364 4961 26 23 to
415 4956 147 30 south-west,
590 4956 58 26 with
674 4957 47 26 tine

76 4998 121 30 weatheT;
221 4993 92 28 arrived
329 4997 25 21 at
365 4993 117 26 Constant
500 4991 52 33 Bay
562 4994 25 21 at
601 4994 8 21 1
623 5000 54 25 p.m.
689 5000 30 17 on

76 5031 117 31 Tuesday.

105 5068 52 26 The
168 5067 112 26 schooner
299 5064 78 31 Lizzy,
393 5063 61 25 from
470 5061 142 33 Onehunga,
625 5061 43 27 left
680 5062 40 26 the

75 5102 125 26 Manukau
216 5108 31 18 on
265 5099 40 26 the
326 5098 60 29 19th,
398 5097 46 25 and
460 5096 90 26 arrived
561 5097 37 24 off
611 5097 47 24 this
669 5101 50 30 port

74 5141 26 22 at
114 5140 23 23 11
151 5144 51 19 a.m.
214 5143 30 18 on
258 5134 39 26 the
319 5132 67 29 22nd,
403 5131 90 32 having
509 5131 67 25 made
588 5132 40 24 the
639 5139 44 18 run
695 5132 23 24 in

75 5178 64 19 some
151 5172 59 31 hing
225 5170 46 25 less
282 5168 57 25 than
357 5168 97 29 seventy
471 5166 77 25 hours.
581 5166 48 25 She
646 5167 72 33 spoke

75 5206 40 27 the
127 5206 127 33 Adjutant,
265 5204 62 25 from
339 5199 138 33 Newcastle,
488 5200 57 25 with
562 5200 70 31 coals,
643 5200 76 26 bound

74 5240 38 26 for
123 5239 131 35 Lyttelton.

752 2444 404 51 CHARLESTON
1189 2440 213 51 ARGUS.

843 2549 219 33 WEDNESDAY,
1080 2549 102 28 APRIL
1198 2553 36 28 24,
1253 2550 63 26 1867.

751 2660 63 30 Thk
839 2659 84 37 heavy
936 2657 71 31 rains
1022 2656 30 30 of
1070 2656 44 30 the
1130 2655 51 31 lust
1196 2656 49 29 few
1257 2655 64 40 days
1335 2655 69 31 have

752 2702 99 41 proved
874 2700 106 40 beyond
994 2710 15 19 a
1032 2699 85 31 doubt
1131 2699 60 30 that
1207 2698 158 31 Charleston
1381 2699 23 29 is

752 2747 26 30 in
792 2745 47 32 the
851 2755 124 30 presence
996 2743 28 30 of
1044 2743 99 39 wintry
1154 2745 97 28 storms
1253 2754 65 19 as
1332 2743 71 38 dirty

752 2799 28 19 as
803 2790 26 28 in
853 2788 51 30 f;iir
927 2786 117 30 weather
1064 2787 20 28 it
1110 2787 23 28 is
1147 2787 80 28 clean.
1270 2786 53 30 We
1336 2785 68 31 have

752 2832 75 31 often
851 2830 82 33 heard
957 2829 45 32 the
1026 2832 153 37 arguments
1201 2829 29 31 of
1250 2838 64 30 poor
1337 2828 52 41 logi-

752 2877 71 28 cians
838 2874 128 30 ridiculed
981 2874 35 38 by
1031 2874 46 28 the
1090 2874 97 35 words,
1229 2873 74 39 They
1317 2883 45 19 are
1376 2883 28 19 as

751 2918 72 32 clear
836 2928 28 21 as
1007 2916 53 31 But
1074 2916 46 31 the
1141 2920 143 37 argument
1297 2916 30 30 of
1338 2916 65 31 Coal

752 2966 90 33 street,
877 2960 167 37 Charleston,
1072 2960 130 40 although
1238 2960 106 39 strictly
1375 2970 29 19 as

781 3005 70 29 clear
873 3015 29 18 as
1034 3004 23 29 is
1070 3004 149 46 singularly
1232 3006 101 37 strong,
1350 3003 53 30 and

752 3046 85 40 clings
863 3045 167 39 tenaciously
1063 3047 29 24 to
1117 3047 36 25 its
1185 3045 97 36 object.

752 3090 97 28 caunot
870 3095 94 31 escape
977 3087 35 29 its
1034 3085 79 37 force,
1134 3095 54 29 you
1209 3087 98 28 cannot
1321 3084 82 30 shake

752 3131 23 30 it
796 3130 46 36 off,
865 3140 54 30 you
942 3133 97 26 cannot
1065 3128 81 31 evade
1161 3128 35 31 its
1217 3128 184 35 conclusions;

752 3173 53 31 and
825 3173 45 31 the
886 3176 80 27 worst
989 3172 55 31 fate
1059 3182 39 21 we
1119 3171 66 31 wish
1209 3175 28 26 to
1251 3182 49 19 our
1321 3171 82 30 direst

753 3228 97 29 enemy
865 3217 30 31 is,
909 3216 60 30 that
983 3215 33 29 lie
1036 3225 60 29 may
1111 3215 99 38 plunge
1229 3212 94 41 bodily
1343 3215 60 28 into

752 3260 54 30 this
828 3259 74 40 dirty
924 3260 150 37 argument.
1116 3257 64 29 And
1205 3260 45 36 yet
1264 3255 139 30 otherwise

753 3302 22 30 it
787 3303 22 30 is
823 3301 157 39 impossible
994 3305 27 24 to
1035 3300 108 38 grapple
1159 3299 67 30 with
1241 3300 29 35 it,
1290 3299 41 29 for
1345 3299 21 29 it
1380 3298 23 30 is

752 3345 116 40 slippery
881 3343 52 32 and
956 3342 85 41 tricky
1057 3346 27 27 to
1097 3342 45 30 the
1157 3342 51 30 last
1221 3341 105 41 degree.
1366 3340 36 32 So

752 3389 110 40 quickly
876 3389 47 29 has
936 3387 160 33 Charleston
1110 3387 79 34 risen,
1201 3397 29 18 so
1241 3385 101 42 swiftly
1353 3385 47 30 has

753 3434 22 30 it
803 3442 103 31 sprung
931 3431 58 31 into
1016 3430 140 34 existence,
1185 3429 59 31 that
1269 3439 38 21 we
1330 3433 73 27 must

752 3476 108 31 confess
873 3485 50 19 our
935 3473 163 31 admiration
1113 3477 27 25 at
1157 3472 47 31 the
1219 3472 114 31 number
1347 3472 53 30 and

752 3523 93 27 extent
869 3518 31 31 of
921 3517 45 31 the
1000 3517 206 39 improvements
1233 3514 170 41 everywhere

751 3561 102 31 visible.
901 3561 116 40 Already
1043 3570 40 21 we
1109 3559 100 32 behold
1235 3559 89 30 tracks
1349 3558 54 31 and

752 3606 77 30 roads
843 3605 153 38 stretching
1006 3604 40 30 far
1055 3604 52 30 and
1120 3604 76 30 wide.
1236 3603 55 29 The
1303 3604 99 28 streets

750 3658 46 21 are
811 3647 66 29 wide
888 3657 35 19 an
933 3648 7 30 I
952 3646 58 30 well
1027 3646 54 30 laid
1095 3651 55 25 out.
1194 3645 43 29 All
1251 3645 60 31 that
1322 3644 79 33 could

752 3693 66 31 have
842 3691 64 30 been
928 3691 71 31 done
1015 3691 39 30 for
1076 3690 99 37 health,
1191 3690 125 34 comfort,
1332 3690 57 29 busi-

752 3746 66 25 ness,
834 3745 31 19 an
879 3734 7 30 I
907 3734 120 39 pleasure
1044 3733 24 30 in
1084 3734 44 29 the
1143 3734 91 37 laying
1248 3737 47 26 out
1313 3733 28 28 of
1356 3733 46 30 the

750 3781 75 28 town
851 3777 68 30 have
950 3777 66 29 been
1050 3775 216 42 accomplished;
1307 3774 52 30 and
1382 3775 21 29 it

749 3821 96 42 speaks
860 3820 120 31 volumes
1002 3820 39 29 for
1055 3819 46 31 the
1121 3819 146 31 Provincial
1284 3818 101 31 Govern-

752 3869 73 25 ment
849 3864 28 29 of
918 3864 103 30 Nelson
1048 3864 68 30 that,
1140 3862 65 31 with
1232 3862 96 30 almost
1356 3872 46 20 un-

751 3907 143 43 paralleled
917 3907 126 42 rapidity,
1058 3907 22 30 it
1177 3905 105 40 opened
1306 3916 36 29 up
1357 3906 44 30 the

750 3961 93 23 means
867 3951 27 29 of
917 3950 131 41 approach
1062 3956 27 24 to
1105 3951 53 29 this
1182 3949 118 31 Rallnrat
1315 3950 29 29 of
1357 3949 44 30 the

752 3995 79 31 West
858 3996 86 28 Coast.
986 3994 52 29 But
1065 3998 27 25 to
1119 3994 43 28 the
1187 3994 132 28 exertions
1338 3993 30 28 of
1388 4005 13 17 a

750 4038 193 34 Government,
955 4036 126 31 however
1089 4036 93 31 liberal
1194 4035 52 30 and
1258 4036 141 40 energetic,

750 4081 75 30 there
847 4083 74 27 must
943 4081 28 28 of
994 4079 130 39 necessity
1140 4079 30 30 be
1190 4090 15 19 a
1220 4079 76 30 limit,
1342 4079 23 28 it
1381 4079 20 28 is

750 4123 45 32 the
809 4123 67 40 duty
890 4123 30 29 of
931 4123 45 31 the
992 4123 87 40 ruling
1094 4133 108 30 powers,
1216 4126 47 26 not
1276 4133 29 19 so
1317 4132 45 20 mu
1371 4121 26 31 *h

750 4170 28 27 to
804 4167 117 30 increase
948 4166 44 28 the
1018 4166 113 30 comfort
1158 4166 28 29 of
1213 4169 94 29 towns,
1324 4176 28 18 as
1373 4169 28 25 to

750 4220 69 29 open
832 4209 44 30 the
898 4212 121 35 country,
1033 4207 53 31 and
1107 4208 108 40 provide
1237 4208 75 30 those
1328 4217 72 31 ways

750 4253 53 30 and
817 4252 77 31 roads
919 4252 33 39 by
966 4252 83 30 which
1065 4251 45 31 the
1133 4257 72 26 town
1219 4252 52 30 and
1284 4255 114 37 country

750 4295 66 30 shall
854 4294 32 30 be
921 4294 146 31 connected
1097 4294 53 31 and
1182 4294 116 40 brought
1331 4293 68 31 close

750 4337 126 42 together.
917 4337 54 31 The
985 4340 73 28 town
1073 4340 99 28 cannot
1196 4337 52 31 live
1267 4337 34 39 by
1315 4337 82 30 itself.

752 4382 23 30 It
797 4382 21 30 is
834 4381 94 30 indeed
951 4380 46 30 the
1010 4380 119 32 stomach
1153 4381 53 30 and
1222 4380 74 31 heart
1310 4379 32 30 of
1351 4380 47 31 the

749 4425 126 37 district;
893 4424 55 37 but,
964 4422 131 42 although
1109 4424 22 29 it
1147 4424 20 30 is
1181 4424 44 30 the
1239 4426 92 28 centre
1345 4424 53 29 and

750 4467 71 31 chief
842 4467 26 29 in
891 4467 170 39 importance,
1076 4471 45 34 yet
1146 4466 20 29 it
1180 4471 75 26 must
1270 4466 68 30 have
1351 4466 48 30 the

749 4514 112 38 support
874 4510 28 30 of
925 4511 47 31 the
997 4510 130 31 members
1140 4511 111 35 around,
1265 4521 30 19 or
1310 4509 20 30 it
1343 4509 54 31 will

749 4554 82 40 droop
844 4554 53 29 and
911 4553 53 31 die.
1006 4553 81 32 Thus,
1101 4564 67 19 were
1188 4554 45 28 the
1256 4556 95 26 streets
1371 4554 28 28 of

750 4596 157 31 Charleston
922 4596 77 30 twice
1014 4607 28 19 as
1056 4594 72 42 dirty
1140 4607 29 20 as
1183 4598 28 28 at
1226 4598 119 40 present,
1360 4606 38 20 we

748 4640 98 32 should
870 4640 55 31 still
947 4640 88 31 rather
1056 4638 99 33 behold
1175 4640 45 30 the
1235 4650 96 29 money
1345 4640 52 30 and

747 4683 122 41 strength
891 4683 31 30 of
942 4683 43 29 the
1008 4684 185 29 Government
1214 4683 141 38 expended
1371 4684 26 29 in

748 4727 45 30 the
807 4727 105 30 various
936 4727 104 29 outside
1054 4725 88 32 works
1164 4726 66 30 than
1254 4727 26 28 in
1296 4725 87 31 cleans-

747 4770 47 40 ing
813 4770 45 31 the
879 4769 144 41 township.
1064 4769 56 31 The
1133 4779 93 21 reason
1251 4769 41 30 for
1307 4768 53 32 this
1375 4769 22 30 is

747 4812 318 33 obvious:Wherever
1078 4814 74 30 there
1162 4824 42 19 are
1218 4814 179 38 congregated

747 4858 71 30 lanze
842 4857 93 29 bodies
948 4857 28 28 of
999 4867 70 23 men,
1084 4857 73 28 there
1171 4855 99 30 should
1290 4855 32 28 be
1336 4855 48 29 self-

745 4902 177 37 government
937 4899 54 29 and
1014 4898 262 40 self-improvement.
1318 4899 57 28 Com-

748 4942 128 31 munities
895 4941 53 30 like
962 4942 60 36 this,
1045 4939 143 44 especially
1202 4940 77 31 when
1296 4940 99 40 Anglo-

746 4985 98 33 Saxon,
858 4994 43 20 are
928 4986 87 40 rarely
1030 4985 85 29 found
1130 4983 123 31 deficient
1267 4982 86 31 either
1366 4983 28 30 in

745 5028 45 31 the
813 5028 54 30 will
893 5038 30 19 or
945 5038 89 30 power
1056 5033 29 25 to
1110 5026 108 40 remedy
1239 5025 71 32 their
1336 5037 57 20 own

747 5082 111 29 wrongs.
899 5071 148 40 Municipal
1067 5073 179 37 government
1269 5071 22 28 is
1305 5080 49 19 one
1368 5071 28 28 of

745 5115 45 30 the
816 5113 96 40 glories
938 5115 27 28 of
990 5124 49 20 o:ir
1065 5123 64 21 race.
1173 5113 57 29 The
1256 5113 66 29 time
1348 5112 46 30 has

745 5167 73 21 jome
842 5156 74 30 when
939 5156 123 40 self-help
1085 5156 55 30 and
1159 5155 234 40 self-government

744 5211 43 18 are
801 5199 100 31 needed
924 5200 27 28 in
974 5199 166 34 Charleston,
1155 5198 53 30 and
1223 5208 39 19 we
1274 5208 45 20 are
1334 5208 59 20 sure

743 5243 45 30 the
803 5242 49 30 call
879 5242 54 29 will
959 5248 49 25 not
1032 5242 31 30 be
1086 5242 63 40 long
1166 5240 148 31 unheeded.
1354 5241 38 30 To

743 5297 47 19 our
805 5285 149 31 merchants
966 5285 52 31 and
1028 5285 181 41 storekeepers
1222 5283 47 32 the
1279 5283 96 40 impedi-

744 5333 71 25 ment
828 5329 103 29 thrown
952 5330 26 28 in
1002 5329 46 29 the
1065 5339 57 27 way
1135 5329 30 28 of
1183 5326 120 30 business
1319 5332 73 23 must

744 5372 30 30 be
794 5371 66 31 hard
885 5379 6 20 t
905 5382 6 17 >
937 5371 69 34 bear,
1024 5370 77 31 while
1126 5375 28 25 to
1175 5370 34 31 all
1235 5369 95 30 classes
1345 5369 45 30 the

752 5416 41 27 lirt
809 5415 51 28 a.id
872 5415 155 28 (!:seo;iifort
1042 5414 85 28 whi'\:
1142 5412 137 31 surround
1293 5422 31 18 us
1338 5412 50 30 cali

745 5456 97 30 londiv,
858 5462 44 24 not
928 5457 40 29 for
990 5458 150 28 svnivat'ov,
1157 5454 4 32 1
1175 5459 29 25 ut
1217 5454 97 31 action.
1355 5454 34 31 In

1411 170 46 31 the
1481 167 125 41 majority
1620 167 27 29 of

1413 214 24 29 in
1462 212 53 30 this
1538 209 93 43 colony
1633 233 17 14 u
1938 205 60 29 into
2012 214 28 19 ex-

1412 257 99 30 istence
1537 253 92 30 bodies
1651 251 30 31 of
1705 250 100 32 elected
1824 249 117 37 citizens,
1957 248 97 31 known

1413 311 28 21 ns
1502 299 198 39 Improvement
1966 291 89 32 whose

1413 345 67 37 duty
1502 344 22 28 it
1547 342 47 29 has
1617 340 66 30 been
1705 343 28 25 to
1747 339 76 30 effect
1841 337 73 29 those
1929 334 112 40 improve-

1415 389 85 28 ments
1525 382 85 32 which
1637 392 67 21 were
1730 384 72 27 most
1826 377 99 33 needed
1949 377 42 32 for
2012 377 45 30 the

1415 430 113 30 comfort
1554 426 30 30 of
1607 425 71 31 their
1703 424 145 39 respective
1865 421 192 31 communities.

1420 474 71 38 Long
1516 471 92 30 before
1634 468 44 30 the
1707 471 85 26 towns
1818 466 65 31 have
1905 464 68 32 been
1996 474 46 29 pro-

1415 514 112 32 claimed
1547 510 219 40 municipalities,
1782 509 45 31 the
1846 508 92 39 genius
1953 507 29 30 of
2001 506 48 30 self-

1417 558 178 30 rovernment
1620 554 48 30 has
1693 553 103 31 broken
1822 556 45 25 out
1893 551 27 30 in
1946 560 15 19 a
1994 558 64 31 very

1416 601 88 34 useful
1517 600 79 30 form.
1636 597 64 31 And
1715 596 77 32 much
1806 595 27 30 of
1844 595 44 31 the
1901 593 89 31 health
2005 593 52 31 and

1417 643 150 42 prosperity
1592 641 32 28 of
1646 643 71 26 most
1743 639 101 38 mining
1874 643 87 25 towns
1993 636 65 29 have

1418 690 66 28 been
1498 685 26 30 in
1539 685 45 30 the
1604 683 58 30 first
1676 682 119 29 instance
1809 680 86 40 owing
1907 683 29 27 to
1950 678 46 31 the
2010 689 34 19 un-

1418 730 61 42 paid
1507 726 137 33 exertions
1672 725 28 29 of
1722 725 34 30 its
1776 724 194 40 Improvement
1985 722 60 30 Com-

1420 774 101 31 mittee.
1562 770 63 31 And
1651 773 46 35 yet
1721 768 54 30 this
1799 767 152 30 institution
1974 770 28 26 at
2018 765 46 30 the

1418 817 61 30 best
1492 815 23 29 is
1528 813 50 30 but
1587 823 33 20 an
1631 811 113 41 apology
1754 811 39 29 for
1804 821 15 19 a
1829 809 69 38 body
1910 806 153 42 recognised

1420 859 35 40 by
1468 859 59 31 law,
1542 856 52 31 and
1609 853 164 41 empowered
1914 855 28 27 to
1957 849 107 40 compel

1420 903 47 28 the
1493 900 113 30 citizens
1631 902 27 24 to
1684 896 44 29 aid
1751 897 22 28 it
1797 896 28 28 in
1848 895 34 28 ito
1904 894 73 29 work
1991 905 5 18 :
2027 893 40 29 for

1421 944 73 30 there
1520 953 44 19 are
1586 941 100 38 always
1709 942 28 25 to
1759 938 32 29 be
1811 936 82 31 found
1918 947 61 19 men
1998 935 67 34 who,

1422 986 78 31 while
1526 986 66 38 they
1615 994 43 20 are
1685 984 109 28 content
1817 984 27 26 to
1868 981 77 38 profit
1968 979 37 41 by
2019 978 46 31 the

1421 1028 149 32 self-denial
1591 1027 50 30 and
1669 1017 73 37 laW
1768 1024 30 30 of
1815 1024 93 35 others,
1923 1033 43 19 are
1985 1023 67 29 them-

1422 1074 87 30 selves
1532 1082 91 20 averse
1644 1074 28 25 to
1695 1068 78 31 assist
1786 1068 27 29 in
1831 1067 43 30 the
1893 1066 74 30 work
1982 1064 85 32 which

1422 1117 22 29 is
1578 1125 35 19 on
1639 1111 101 31 around
1789 1111 52 29 But
1855 1120 38 19 we
1913 1113 71 26 must
1999 1107 70 32 walk

1422 1160 90 31 before
1534 1168 41 21 we
1599 1168 47 20 can
1661 1165 58 28 run,
1735 1154 54 31 and
1802 1155 23 31 if
1841 1164 39 20 we
1893 1163 43 21 are
1950 1162 47 21 not
2010 1151 59 32 able

1424 1208 26 25 to
1473 1203 91 39 spring
1585 1202 58 28 into
1664 1209 15 18 a
1700 1196 186 43 municipality
1898 1201 27 25 at
1941 1205 75 24 once,
2031 1206 39 19 we

1423 1257 49 20 can
1498 1250 27 25 nt
1549 1244 69 31 least
1641 1242 68 31 elect
1730 1251 16 19 a
1769 1239 155 32 Committee
1947 1243 27 25 to
1993 1238 78 30 effect

1424 1290 76 30 those
1523 1286 208 39 improvements
1919 1282 152 38 absolutely

1424 1330 136 41 required.
1603 1329 47 30 We
1664 1328 66 30 have
1744 1338 15 19 a
1770 1338 69 19 score
1850 1326 27 31 of
1886 1336 62 19 men
1963 1325 108 39 capable

1425 1375 27 30 of
1477 1374 93 39 acting
1596 1381 73 31 upon
1696 1369 64 31 such
1788 1380 15 20 a
1829 1368 157 31 Committee
2005 1367 66 30 with

1424 1418 91 31 credit.
1547 1416 84 31 There
1643 1415 22 29 is
1677 1413 72 31 work
1759 1412 105 42 enough
1877 1412 26 29 in
1916 1411 56 31 this
1985 1414 84 31 town,

1424 1462 121 40 growing
1566 1470 28 20 as
1616 1458 23 31 it
1662 1457 23 30 is
1698 1456 67 31 with
1785 1454 150 33 wonderful
1953 1454 119 40 rapidity

1426 1504 53 32 and
1502 1504 87 37 vigor,
1613 1505 28 26 to
1665 1499 63 30 task
1749 1498 45 31 the
1818 1508 96 30 energy
1938 1498 53 29 and
2014 1507 44 29 per-

1425 1555 139 22 severance
1598 1545 28 29 of
1658 1552 53 30 any
1742 1552 73 20 men.
1860 1541 39 30 As
1925 1541 45 29 the
1997 1540 76 30 Press

1426 1590 96 31 should
1537 1588 32 30 be
1582 1592 28 26 at
1619 1597 65 21 once
1696 1586 46 30 the
1756 1585 86 30 leader
1851 1584 53 30 and
1918 1583 153 40 expression

1426 1635 28 29 of
1468 1632 92 40 public
1574 1630 119 40 opinion,
2025 1637 48 19 our

1426 1677 67 39 duty
1508 1675 78 30 when
1603 1684 37 19 we
1655 1682 46 30 say
1712 1676 30 26 to
1749 1672 48 30 the
1810 1672 92 38 people
1912 1671 31 28 of
1952 1670 105 31 Charles-

1427 1724 57 34 ton,
1618 1716 68 32 time
1707 1715 47 31 has
1776 1724 90 29 come;
1892 1713 95 32 choose
2006 1713 67 30 from

1427 1774 99 28 among
1539 1759 156 41 yourselves
1709 1769 59 20 men
1782 1758 57 30 able
1848 1762 28 26 to
1889 1757 34 31 do
1935 1757 70 40 good
2019 1756 53 30 and

1427 1812 29 23 to
1483 1804 111 38 remedy
1620 1803 45 28 the
1692 1802 66 28 evils
1784 1801 83 29 which
1892 1810 59 19 now

1430 1851 120 38 Support
1585 1846 72 29 them
1690 1844 65 30 with
1794 1854 92 30 money
1917 1842 54 31 and
2003 1842 69 40 good

1430 1893 117 34 wishes;
1592 1887 54 32 and
1679 1887 36 31 let
1747 1887 23 30 it
1801 1890 46 26 not
1878 1886 31 31 be
1937 1885 58 30 said
2017 1885 56 30 that

1430 1934 162 32 Charleston
1617 1931 76 30 alone
1707 1930 30 29 of
1757 1929 35 30 all
1814 1930 44 30 the
1876 1929 102 40 mining
1992 1933 65 24 town-

1430 1980 74 39 ships
1519 1975 73 34 lacks
1605 1974 60 32 that
1680 1974 91 40 public
1784 1973 74 41 spirit
1872 1973 86 32 which
1980 1971 93 31 should

1430 2033 64 21 ever
1517 2018 173 33 characterize
1712 2017 184 32 communities
1924 2016 30 30 of
1975 2015 98 30 British

1430 2065 119 29 citizens.

1468 2181 112 29 Owners
1599 2180 52 29 aiul
1668 2183 113 25 masters
1801 2179 28 29 of
1848 2177 95 31 vessels
1966 2177 111 36 visit:i.g

1432 2222 55 31 this
1500 2227 59 36 port
1573 2222 94 31 should
1683 2221 64 32 take
1765 2220 36 31 all
1822 2229 134 23 necessary
1971 2227 93 33 precau-

1432 2268 71 29 tions
1524 2271 28 26 to
1567 2267 87 30 insure
1668 2266 47 30 the
1739 2266 85 39 safety
1837 2265 29 30 of
1886 2264 69 29 their
1980 2262 99 31 vessels

1432 2321 70 28 upon
1517 2310 103 30 arrival.
1659 2309 74 38 They
1747 2309 60 30 who
1820 2308 64 30 have
1897 2317 65 20 once
1982 2305 96 31 visited

1432 2364 31 19 us
1477 2352 21 30 it
1512 2352 22 30 is
1559 2352 120 30 needless
1693 2355 28 27 to
1743 2351 69 30 refer
1824 2354 32 32 to,
1879 2351 49 28 but
1942 2359 52 30 any
2016 2358 61 21 new

1431 2396 109 32 arrivals
1555 2396 97 31 should
1666 2406 90 20 secure
1775 2406 62 30 very
1851 2398 93 35 strong
1957 2393 68 30 lines
2039 2392 40 30 for

1433 2440 123 39 mooring
1569 2440 72 30 their
1654 2439 80 30 crafts
1747 2438 94 33 inside,
1853 2438 129 30 Constant
2003 2437 55 37 Bay
2073 2446 6 26 ;

1433 2483 103 38 indeed,
1552 2484 48 29 the
1623 2483 80 30 strain
1719 2483 26 29 in
1762 2482 104 30 adverse
1888 2480 113 31 weather
2013 2480 22 30 is
2051 2489 29 19 so

1432 2527 87 42 heavy
1533 2526 61 32 that
1607 2537 14 20 a
1635 2526 70 41 good
1719 2526 40 31 six
1773 2525 60 33 inch
1845 2525 53 31 line
1912 2525 23 29 is
1948 2534 69 21 none
2032 2527 43 27 tou

1431 2576 100 36 strong,
1545 2571 52 31 and
1620 2572 73 31 since
1708 2571 44 30 the
1773 2569 105 32 arrivals
1901 2569 66 30 have
1981 2569 30 29 of
2028 2568 52 30 late

1432 2615 106 30 become
1559 2625 63 29 very
1644 2614 136 40 frequent,
1804 2614 22 29 it
1838 2613 22 30 is
1877 2612 100 39 doubly
1992 2621 75 20 neces-

1432 2669 61 28 sary
1506 2658 58 30 that
1577 2667 136 21 measures
1731 2658 28 29 of
1780 2656 132 35 thidfkind
1932 2655 95 30 should
2047 2654 33 29 be

1430 2702 80 30 taken
1525 2705 27 27 to
1566 2700 78 32 avoid
1855 2699 88 31 When
1964 2697 115 40 freights

1430 2756 44 21 are
1498 2745 64 40 high
1576 2745 50 29 and
1651 2745 45 30 the
1715 2745 54 30 risk
1791 2746 75 36 great
1888 2744 21 28 it
1924 2753 62 27 very
2006 2746 60 26 natu-

1431 2789 67 38 rally
1512 2789 119 38 happens
1644 2787 61 30 that
1720 2787 100 30 vessels
1834 2787 29 28 of
1872 2796 16 19 a
1896 2796 62 28 very
1969 2785 113 30 inferior

1430 2831 137 31 character
1580 2835 45 37 get
1639 2831 57 31 into
1710 2831 45 31 the
1769 2829 83 38 trade,
1866 2829 93 37 which,
1975 2829 22 30 if
2016 2828 66 40 they

1429 2875 113 31 succeed
1556 2876 29 29 in
1595 2885 16 20 a
1624 2874 95 41 couple
1730 2875 30 30 of
1770 2874 74 40 trips,
1857 2883 71 20 more
1938 2873 66 29 than
2015 2882 65 20 earn

1430 2919 68 30 their
1521 2919 85 40 prime
1630 2921 78 36 cost;
1728 2918 22 32 it
1763 2918 24 31 is
1800 2921 46 27 not
1858 2921 28 26 to
1901 2917 32 31 be
1954 2915 127 41 expected

1429 2963 58 30 that
1501 2962 75 31 these
1590 2961 95 32 should
1699 2962 33 31 be
1746 2961 59 31 well
1827 2961 83 31 found
1930 2961 29 30 in
1983 2970 81 29 expen-

1429 3006 57 30 sive
1499 3005 77 36 lines,
1589 3006 51 30 but
1658 3006 23 30 it
1694 3006 23 30 is
1737 3009 49 27 not
1799 3005 47 36 tlj
1867 3004 54 32 less
1942 3013 139 29 necessary

1428 3048 61 28 that
1501 3048 65 38 they
1578 3047 97 30 should
1689 3048 32 30 be
1734 3048 44 31 for
1797 3045 146 46 iftfrAfpty
1958 3047 29 29 of
2008 3055 73 19 more

1429 3087 123 31 valuable
1577 3087 109 36 vessels,
1745 3088 40 32 At
1811 3098 54 32 any
1884 3087 65 31 time
1973 3096 51 22 one
2052 3095 30 21 or

1428 3142 73 19 more
1515 3132 28 29 of
1556 3132 76 31 these
1942 3141 63 29 may
2019 3133 63 35 part

1428 3173 70 32 their
1512 3175 68 37 Hues
1594 3175 52 30 and
1968 3198 7 10 #

1430 3215 183 31 considerable
1638 3214 120 39 damage.
1808 3210 93 40 vKfere
1926 3224 48 20 can
1992 3213 34 31 be
2046 3224 36 19 no

1428 3268 101 24 reason,
1543 3262 28 26 at
1591 3269 53 28 any
1670 3260 63 34 rate,
1749 3256 59 31 that
1827 3256 43 31 the
1894 3256 185 32 Government

1430 3301 96 30 should
1538 3304 47 26 not
1597 3300 102 30 furnish
1715 3300 73 28 these
1798 3309 135 30 necessary
1942 3300 75 36 lines,
2028 3300 53 29 and

1428 3344 98 41 charge
1553 3344 62 30 each
1637 3343 84 32 vessel
1745 3342 41 31 for
1806 3342 45 32 the
1872 3353 46 21 use
1940 3342 30 32 of
1990 3342 84 32 them.

1428 3389 65 29 This
1508 3389 21 29 is
1543 3389 45 29 the
1602 3388 62 39 only
1679 3388 64 40 plan
1756 3387 36 38 by
1806 3387 85 30 which
1905 3387 45 30 the
1964 3387 113 40 damage

1429 3431 86 31 which
1531 3431 113 32 accrued
1658 3434 29 28 to
1710 3431 45 29 the
1781 3428 72 33 Tona.
1867 3431 135 41 Cymraes,
2023 3430 53 30 and

1430 3475 91 30 others
1534 3485 62 30 may
1609 3475 33 29 be
1656 3473 114 31 avoided
1783 3473 26 29 in
1825 3474 94 30 future.

1417 3516 1 50 |
1464 3520 55 29 The
1534 3520 109 30 tenders
1655 3518 40 30 for
1705 3518 47 30 the
1763 3518 115 30 erection
1889 3519 30 29 of
1929 3528 15 19 a
1955 3516 123 32 Catholic

1417 3560 1 40 1
1428 3561 106 32 Church
1550 3568 26 24 at
1591 3561 159 32 Charleston
1765 3561 69 30 close
1847 3571 32 20 on
1893 3560 99 40 Friday
2001 3563 71 28 next.

1428 3605 55 31 The
1507 3606 127 39 building
1656 3605 55 30 will
1738 3603 31 31 be
1796 3605 99 38 shortly
1923 3605 155 28 afterwards

1417 3638 1 54 j
1429 3648 157 42 completed,
1600 3659 29 20 as
1642 3649 46 30 the
1709 3647 41 31 fie
1752 3657 24 21 v.
1792 3647 96 31 Father
1911 3647 87 40 Royer
2017 3657 46 31 pur-

1417 3691 1 41 !
1429 3704 75 28 poses
1527 3694 112 38 settling
1662 3694 27 28 in
1712 3692 45 30 the
1770 3691 104 31 district
1895 3692 29 30 in
1938 3692 46 29 the
2005 3691 72 39 early

1417 3736 1 43 i
1429 3741 59 35 part
1503 3736 29 29 of
1544 3736 62 38 May
1620 3742 72 23 next.

1465 3779 19 30 A
1502 3779 120 40 meeting
1635 3779 29 30 of
1684 3777 127 32 brethren
1825 3777 53 31 and
1893 3777 89 31 others
2006 3775 55 32 inte-

1417 3819 1 36 i
1429 3823 88 31 rested
1543 3823 28 31 in
1598 3823 46 30 the
1670 3821 204 32 establishment
1901 3821 31 30 of
1954 3831 35 19 an
2013 3819 61 30 Odd

1417 3862 1 43 !
1429 3866 120 31 Fellows'
1564 3865 91 40 I/)dg3
1669 3864 28 31 in
1712 3864 54 31 this
1781 3864 131 40 township
1927 3862 64 33 took
2002 3862 76 42 place

1417 3906 1 42 I
1427 3913 28 28 at
1483 3909 163 32 Crewdson's
1670 3908 86 40 lloyal
1780 3908 81 31 Hotel
1885 3919 33 19 on
1941 3906 135 40 Saturday

1429 3954 57 30 last.
1531 3953 136 37 Although
1681 3953 76 30 there
1773 3962 52 20 was
1838 3955 48 26 not
1907 3963 16 19 a
1945 3951 71 39 large
2037 3954 26 26 at-

1417 3993 1 45 j
1428 3996 140 37 tendance,
1582 3997 46 29 the
1643 3996 170 40 preliminary
1825 3999 71 34 steps
1911 3995 41 29 for
1960 3993 118 39 forming

1417 4038 1 41 :
1426 4051 15 18 a
1455 4040 78 39 ledge
1547 4050 70 20 were
1632 4038 93 37 taken,
1740 4049 30 19 so
1783 4038 58 30 that
1855 4048 39 20 we
1905 4047 61 29 may
1979 4038 97 37 expect

1417 4081 1 39 ,
1426 4088 27 24 to
1467 4094 44 19 see
1524 4094 16 19 a
1554 4081 100 32 branch
1669 4082 27 29 of
1709 4082 54 29 this
1772 4081 120 30 valuable
1901 4081 99 39 society
2012 4089 62 29 very

1426 4127 105 39 shortly
1545 4125 160 31 established
1719 4129 122 36 amongst
1856 4135 37 19 us.

1464 4169 43 29 On
1523 4170 92 29 Easter
1628 4168 117 39 Monday
1758 4168 52 30 last
1822 4178 14 19 ft
1856 4167 84 40 grand
1954 4166 54 29 ball
2023 4166 54 29 and

1417 4200 1 53 '
1424 4221 99 32 supper
1535 4222 54 21 was
1609 4212 81 37 given
1703 4210 35 41 by
1751 4210 46 32 the
1813 4209 146 43 proprietor
1985 4209 30 30 of
2032 4208 45 31 the

1425 4256 96 30 Casino
1542 4257 32 28 de
1600 4257 109 31 Venice,
1737 4255 54 30 Mr.
1824 4254 137 31 Christian
1985 4254 86 36 Foyn.

1425 4297 32 30 In
1472 4299 70 38 spite
1556 4297 30 32 of
1603 4298 45 30 the
1670 4297 172 30 unfavorable
1864 4299 69 28 state
1947 4294 28 32 of
1988 4295 88 30 affairs

1425 4342 84 30 under
1522 4343 63 37 foot,
1601 4342 47 30 the
1661 4345 94 25 streets
1765 4341 67 30 after
1843 4340 54 30 late
1911 4341 70 29 rains
1995 4339 82 38 being

1424 4384 165 42 throughout
1602 4385 28 31 in
1651 4394 49 20 one
1721 4386 70 28 state
1804 4383 27 31 of
1843 4384 112 40 puddle,
1971 4393 14 19 a
2000 4381 74 42 large

1425 4427 110 31 number
1548 4428 31 31 of
1597 4427 67 30 both
1684 4438 75 19 sexes
1773 4428 137 30 attended,
1930 4427 54 29 and
1998 4437 37 27 up
2048 4431 28 23 to

1424 4481 14 19 a
1452 4471 99 30 certain
1574 4474 74 37 stage
1668 4470 29 30 of
1720 4470 45 30 the
1789 4470 170 40 proceedings
1982 4478 77 29 every-

1424 4514 78 41 thing
1527 4515 94 40 passed
1648 4515 40 29 off
1710 4517 70 27 most
1815 4513 145 40 agreeably.
2019 4512 57 31 The

1422 4558 115 39 dancing
1559 4557 63 36 hull,
1644 4556 86 30 which
1749 4557 22 28 is
1794 4556 174 39 exceedingly
1996 4565 59 28 capa-

1423 4601 81 31 cious,
1519 4611 52 20 was
1585 4599 149 42 brilliantly
1749 4598 104 39 lighted
1867 4599 53 31 and
1935 4597 140 40 tastefully

1423 4644 141 31 decorated
1577 4644 65 29 with
1654 4643 69 31 ferns
1734 4643 51 30 and
1794 4643 74 37 flags,
1883 4644 78 29 while
1975 4653 16 18 a
2004 4642 71 39 large

1422 4686 151 41 sprinkling
1586 4687 28 29 of
1628 4685 93 38 ladies,
1731 4686 95 31 attired
1839 4686 25 29 in
1879 4685 54 31 ball
1948 4689 126 26 costume,

1422 4731 55 29 lent
1491 4740 34 20 an
1538 4729 149 31 additional
1698 4728 91 31 charm
1803 4732 26 26 to
1848 4729 45 29 the
1908 4738 87 24 scene;
2017 4728 55 30 and

1423 4774 48 30 but
1477 4772 42 32 for
1527 4773 45 30 the
1584 4771 120 33 disorder
1712 4772 155 31 occasioned
1879 4772 35 42 by
1926 4783 14 19 a
1952 4771 85 40 parcel
2048 4771 30 31 of

1422 4818 125 29 drunken
1576 4827 60 19 men
1661 4816 46 29 the
1744 4817 210 29 entertainment
1987 4814 87 30 would

1423 4861 67 28 have
1514 4859 100 39 proved
1637 4858 45 29 the
1696 4861 69 26 mosi
1786 4858 142 30 successful
1950 4858 59 28 that
2022 4857 53 29 had

1421 4901 81 31 taken
1518 4901 74 40 place
1605 4905 45 25 out
1666 4900 28 29 of
1712 4899 136 32 llokitika.
1881 4899 110 40 Shortly
2005 4899 70 29 after

1422 4943 137 40 midnight
1592 4941 99 33 several
1726 4943 139 31 turbulent
1910 4942 164 31 individuals

1421 4985 113 36 arrived,
1556 4987 59 30 who
1638 4986 54 30 had
1714 4986 136 39 evidently
1874 4996 73 20 come
1973 4986 39 28 for
2027 4985 47 30 the

1421 5040 114 30 purpose
1558 5030 30 31 of
1606 5030 119 38 creating
1748 5040 15 19 a
1784 5029 174 30 disturbance.
1998 5028 76 41 They

1421 5073 114 31 insisted
1559 5084 70 28 upon
1653 5073 121 39 dancing,
1796 5073 52 32 and
1870 5073 75 30 when
1972 5082 85 20 remon-

1420 5117 99 29 strated
1564 5115 73 37 with,
1684 5115 79 39 being
1803 5115 149 31 infuriated
2006 5114 66 30 with

1419 5159 88 33 drink,
1540 5169 15 19 a
1594 5158 88 30 scuffle
1715 5157 105 31 ensued.
1881 5157 93 32 About
2014 5157 59 30 half

1419 5211 15 20 a
1457 5210 74 21 score
1566 5200 31 31 of
1624 5201 73 30 them
1731 5201 123 39 pounced
1891 5211 72 29 upon
2003 5200 54 30 indi-

1418 5244 103 30 viduals
1537 5244 27 30 in
1578 5244 46 30 the
1651 5247 68 27 most
1740 5242 132 42 cowardly
1886 5252 117 28 manner,
2019 5244 52 29 and

1418 5287 49 31 but
1509 5287 41 30 for
1591 5287 45 30 the
1677 5287 170 31 interference
1888 5287 30 31 of
1956 5287 111 39 Captain

1418 5330 156 39 Bcvcridgo,
1599 5331 138 29 Detective
1753 5330 130 36 Lambert,
1909 5329 54 30 and
1975 5339 52 20 one
2041 5339 29 20 or
2077 5329 1 44 (

1417 5378 51 25 two
1490 5372 101 34 others,
1617 5373 59 30 who
1702 5373 75 29 made
1807 5373 43 30 the
1876 5376 69 26 most
1975 5373 82 37 praise-

1417 5415 104 38 worthy
1547 5416 91 28 efforts
1664 5422 27 22 t>
1719 5415 70 38 (piell
1818 5415 46 29 the
1897 5413 172 31 disturbance

1418 5457 166 43 wouldjhaw
1599 5468 11 18 s
1629 5457 101 41 r'.ou-ly
1744 5456 156 33 maltreated
1914 5457 82 30 them.
2012 5456 55 33 The
2077 5456 1 44 j

2078 161 109 32 females
2209 158 120 31 huddled
2350 156 123 40 together
2500 156 29 28 in
2555 164 109 21 corners
2690 153 41 29 for

2079 205 97 39 safety,
2199 201 128 40 awaiting
2351 200 46 29 the
2420 199 57 29 first
2499 196 176 40 opportunity
2702 198 30 26 to

2081 246 77 32 reach
2172 245 48 31 the
2241 245 104 40 private
2368 252 90 21 rooms
2482 241 29 28 of
2528 240 45 29 the
2597 238 123 31 establish-

2081 289 80 33 ment.
2202 288 117 41 Finding
2342 290 29 28 at
2394 285 51 32 last
2459 285 59 31 that
2538 285 22 30 it
2571 294 53 20 was
2637 283 81 40 impos-

2081 335 67 29 sible
2161 337 28 25 to
2203 336 99 27 restore
2316 331 82 38 quiet,
2415 329 45 29 the
2481 339 44 27 cry
2539 337 65 30 rang
2618 325 116 39 through

2083 377 44 32 the
2140 374 125 41 building
2278 376 32 28 to
2332 382 91 22 secure
2446 370 46 32 the
2506 371 79 31 doors
2605 369 52 32 and
2699 368 36 30 let

2082 421 74 29 them
2179 419 67 29 have
2373 415 62 30 Had
2461 415 53 30 this
2542 414 92 30 advice
2667 414 68 28 been

2083 462 75 33 acted
2172 472 80 29 upon,
2267 461 46 29 the
2412 469 9 19 i
2434 458 89 29 would
2538 457 67 30 have
2619 457 66 29 been
2699 454 36 30 all

2077 499 1 45 i
2085 505 110 32 secured
2209 504 53 30 and
2273 504 65 28 have
2379 499 14 45 .'
2414 511 14 19 i
2442 501 69 36 good
2525 499 142 38 thrashing
2680 499 56 28 into

2077 541 1 44 i
2085 549 46 30 the
2144 546 119 39 bargain.
2303 545 38 31 As
2412 553 59 30 was,
2483 542 66 41 they
2564 551 66 21 were
2644 541 92 31 driven

2085 596 47 27 out
2144 593 29 30 of
2186 591 27 30 t!.
2246 600 73 21 ruom
2334 589 57 30 in:-?
2406 588 46 29 liio
2465 591 91 27 street,
2572 586 85 30 where
2670 584 65 39 they

2085 635 101 31 betook
2211 633 159 30 themselves
2395 634 28 26 to
2450 635 96 31 stones,
2573 628 65 30 with
2650 628 86 29 whivh

2087 678 64 38 they
2177 675 122 31 smashed
2314 674 47 31 the
2376 672 169 32 chandeliers
2563 671 54 30 and
2631 671 47 30 the
2692 669 48 30 bar

2090 720 129 31 furniture
2235 730 6 26 j
2269 715 99 33 several
2392 715 156 30 inoffensive
2572 714 99 39 parties
2685 711 55 33 also

2090 763 119 32 received
2233 772 91 19 severe
2349 760 81 29 blows
2450 759 67 29 from
2529 758 74 30 these
2619 756 123 31 missiles.

2088 807 57 30 The
2167 805 148 41 proprietor
2337 801 86 39 urged
2445 811 72 29 upon
2539 800 46 30 the
2608 799 92 42 public
2714 802 29 27 to

2090 849 65 30 rush
2169 846 104 33 outside
2296 845 53 32 and
2363 844 76 31 drive
2452 845 45 29 the
2512 844 96 30 rioters
2622 843 59 29 into
2695 841 49 30 the

2092 892 92 38 Camp.
2214 890 93 29 About
2321 887 54 31 this
2389 891 81 34 stage,
2486 887 45 28 the
2546 887 84 37 police
2640 883 105 31 arrived

2090 944 35 20 on
2139 934 47 30 the
2201 931 105 41 ground
2318 930 53 30 and
2394 940 40 20 we
2457 928 167 31 understand
2636 925 109 33 secured

2092 988 15 19 a
2119 977 51 30 few
2184 976 29 30 of
2225 975 48 32 the
2287 972 172 33 rindnaders.
2500 972 46 30 We
2567 981 46 21 are
2626 969 119 39 credibly

2093 1019 132 31 informed
2238 1019 36 38 by
2509 1015 58 30 that
2593 1024 49 20 one
2669 1017 76 36 party

2093 1074 54 20 was
2161 1073 62 21 seen
2234 1062 36 38 by
2285 1061 45 30 t.V.>
2369 1069 64 20 ..uce
2453 1070 26 19 m
2554 1062 42 27 act
2611 1057 26 30 of
2652 1057 80 30 throw-

2095 1106 45 40 ing
2153 1117 15 19 a
2181 1104 114 32 boulder
2308 1108 35 24 :/
2354 1115 11 17 j
2376 1103 47 29 the
2438 1102 54 29 bar:
2508 1102 14 29 h
2532 1112 7 8 j
2555 1111 53 20 was
2621 1099 83 30 taken
2720 1099 25 28 in

2094 1150 109 41 charge,
2226 1146 106 33 walked
2354 1155 73 21 some
2443 1142 67 49 iv-v:>
2516 1153 28 31 ty
2558 1143 80 41 yards
2652 1154 35 29 up
2702 1142 44 31 the

2095 1197 82 26 street
2198 1192 54 30 and
2275 1189 142 41 permitted
2441 1196 7 22 i
2496 1188 101 38 dopart.
2643 1186 103 30 Should

2094 1235 54 31 this
2163 1245 83 31 prove
2268 1235 109 34 correct,
2392 1231 23 30 it
2435 1230 22 31 is
2482 1228 3 48 .
2498 1241 6 6 *
2517 1234 77 27 jitter
2608 1229 41 31 for
2662 1228 86 31 which

2095 1280 45 28 the
2165 1277 154 32 constables
2339 1273 97 32 rhould
2459 1274 6 28 1
2478 1284 12 19 o
2506 1273 76 30 made
2594 1276 30 27 to
2636 1282 110 26 answer,

2095 1322 84 40 being
2205 1318 146 33 calculated
2377 1321 29 27 to
2433 1315 78 40 bring
2532 1317 50 29 law
2600 1317 53 28 and
2671 1315 78 30 order

2096 1366 58 29 into
2168 1365 147 37 contempt,
2340 1360 53 31 and
2413 1363 27 25 to
2454 1368 149 30 encourage
2623 1369 15 19 a
2652 1356 84 41 repeti-

2095 1409 59 30 tion
2168 1407 28 30 of
2209 1406 67 31 such
2297 1402 162 42 disgraceful
2478 1402 170 40 proceedings
2662 1402 26 28 in
2705 1400 46 30 the

2096 1451 171 42 expectation
2293 1449 28 29 of
2347 1445 137 42 receiving
2515 1444 102 31 similar
2650 1444 100 30 lenient

2096 1496 154 28 treatment.
2291 1491 27 29 It
2339 1491 23 29 is
2384 1494 29 25 to
2429 1499 31 19 ~e
2481 1487 87 40 hoped
2582 1487 59 30 that
2654 1487 28 30 in
2697 1486 54 29 this

2097 1538 120 29 instance
2230 1546 16 19 a
2266 1534 117 37 salutary
2405 1531 124 41 example
2543 1530 55 29 will
2611 1530 34 31 be
2656 1528 93 36 made;

2098 1579 75 32 these
2198 1576 160 42 disgraceful
2379 1585 67 20 rows
2459 1574 67 30 have
2539 1573 109 31 become
2662 1582 72 21 some-

2097 1623 71 29 what
2191 1623 124 38 frequent
2341 1629 33 19 on
2397 1618 72 29 these
2493 1616 62 41 gold
2559 1616 84 35 fields,
2667 1615 51 30 and
2737 1624 15 20 a

2099 1666 84 41 slight
2207 1665 53 29 line
2281 1673 29 19 or
2331 1662 74 29 short
2427 1659 208 39 imprisonment
2662 1658 91 31 would

2099 1712 47 27 not
2160 1718 98 32 appear
2271 1711 27 25 to
2311 1705 68 31 have
2393 1703 45 31 the
2460 1713 138 29 necessary
2612 1701 99 42 weight
2725 1705 28 26 to

2099 1753 76 30 deter
2190 1751 88 31 others
2299 1750 66 29 from
2389 1746 91 40 acting
2489 1748 27 28 in
2535 1759 16 19 a
2563 1746 54 30 like
2631 1755 119 21 manner,

2101 1796 25 28 it
2139 1804 85 21 seems
2251 1803 62 29 very
2337 1792 66 28 hard
2426 1790 99 29 indeed
2551 1790 59 28 that
2624 1799 52 29 any
2691 1797 61 20 man

2100 1839 80 33 usina
2203 1837 41 29 his
2270 1836 60 30 best
2354 1834 88 29 efforts
2466 1832 118 38 catering
2607 1830 40 31 for
2662 1830 91 39 public

2099 1882 164 29 amusement
2278 1877 96 31 should
2387 1876 33 29 be
2434 1875 80 30 liable
2525 1879 28 25 at
2567 1883 52 30 any
2634 1876 118 27 moment

2100 1929 28 25 to
2141 1924 68 29 have
2224 1923 41 29 his
2288 1924 127 38 property
2429 1918 144 39 destroyed
2589 1916 53 30 and
2655 1917 27 28 in
2697 1926 57 19 case

2101 1968 27 31 of
2151 1970 196 29 remonstrance
2373 1962 32 31 be
2428 1961 83 42 vilely
2526 1960 156 32 maltreated
2697 1959 57 31 into

2100 2012 47 30 the
2172 2010 120 39 bargain.
2333 2008 54 29 But
2412 2006 60 29 how
2498 2005 80 30 much
2608 2013 73 20 more
2704 2002 38 30 dis-

2101 2055 113 38 gusting
2228 2054 22 28 is
2274 2053 21 27 it
2319 2051 75 29 when
2418 2049 47 30 the
2479 2058 65 27 very
2558 2058 62 19 men
2634 2046 61 29 who
2711 2056 43 19 are

2101 2094 141 42 employed
2264 2098 30 24 to
2316 2091 103 40 uphold
2443 2089 45 30 the
2516 2089 115 38 majesty
2653 2087 28 30 of
2708 2087 46 30 the

2102 2139 49 30 law
2166 2138 53 32 and
2241 2147 90 20 secure
2353 2132 120 42 peaceful
2495 2132 54 30 and
2573 2131 107 40 orderly
2693 2141 46 21 con-

2102 2183 73 31 duct,
2201 2191 43 18 are
2271 2180 44 28 the
2340 2188 65 28 very
2432 2186 60 19 men
2527 2175 59 29 who
2619 2174 35 38 by
2680 2173 74 31 their

2102 2225 159 41 supineness
2284 2221 52 31 and
2350 2220 105 40 neglect
2473 2227 146 31 encourage
2632 2227 16 21 a
2661 2215 82 41 repeti-

2102 2270 59 30 tion
2189 2268 27 29 of
2247 2267 66 29 such
2346 2274 96 20 scenes.
2500 2262 86 29 There
2608 2271 51 20 can
2672 2260 32 29 be
2720 2270 35 20 no

2103 2311 124 41 question
2250 2310 59 28 that
2331 2309 45 28 the
2390 2309 51 27 riot
2455 2305 90 30 would
2558 2305 66 29 have
2639 2303 118 31 resulted

2104 2357 70 30 most
2187 2351 131 42 seriously
2341 2350 53 31 had
2413 2348 46 32 the
2483 2347 146 31 disturbers
2643 2345 66 31 been
2727 2346 29 31 in

2103 2404 105 35 greater
2234 2397 182 37 forcevery
2438 2392 82 39 likely
2543 2392 30 30 in
2596 2391 54 30 loss
2664 2390 30 31 of
2711 2389 45 31 life

2104 2442 52 30 and
2179 2441 87 30 entire
2289 2437 166 32 destruction
2477 2435 31 31 of
2518 2439 133 36 property,
2692 2433 63 30 .And

2105 2486 21 29 it
2140 2485 22 30 is
2175 2489 28 25 to
2217 2483 32 31 be
2271 2486 70 27 most
2363 2479 133 40 sincerely
2510 2477 103 31 desired
2629 2476 61 31 that
2704 2476 53 31 this

2105 2529 66 31 class
2194 2528 28 31 of
2244 2526 114 32 offences
2382 2522 96 33 should
2500 2521 33 32 be
2554 2521 73 31 dealfc
2651 2520 62 32 with
2728 2530 29 22 as

2104 2573 118 38 severely
2236 2583 28 19 as
2278 2571 45 30 the
2337 2571 50 28 law
2402 2568 55 31 will
2473 2569 102 37 permit.
2617 2565 26 29 It
2659 2565 21 30 is
2694 2564 63 40 only

2105 2618 35 31 bv
2155 2616 126 40 vigorous
2303 2611 88 33 action
2405 2612 58 29 that
2476 2620 39 20 we
2529 2619 47 20 can
2590 2608 69 40 hope
2672 2611 28 27 to
2715 2618 42 20 see

2104 2672 16 18 a
2134 2664 60 34 stop
2208 2661 49 37 put
2270 2661 29 25 to
2312 2656 64 30 such
2395 2653 182 41 proceedings,
2605 2651 54 30 and
2683 2651 22 30 it
2731 2651 23 30 is

2106 2702 129 33 desirable
2262 2700 61 31 that
2349 2699 53 30 this
2429 2698 100 30 offence
2542 2693 98 33 should
2652 2698 47 26 not
2723 2694 34 32 be

2104 2747 111 40 glanced
2239 2754 65 21 over
2326 2754 28 19 as
2378 2742 125 30 drunken
2525 2740 55 30 aud
2606 2738 150 40 disorderly

2105 2790 122 30 conduct,
2251 2788 48 29 but
2313 2785 105 32 receive
2442 2784 46 31 the
2503 2786 69 26 most
2585 2782 102 30 serious
2700 2790 43 21 con-

2105 2833 155 31 sideration.

2144 2876 52 32 We
2210 2878 87 37 regret
2311 2878 28 25 to
2351 2873 65 29 have
2425 2871 68 29 been
2504 2869 96 31 unable
2611 2871 28 28 to
2653 2866 103 31 furnisli

2104 2920 95 32 details
2213 2919 29 31 of
2253 2919 110 39 imports
2379 2926 47 30 per
2439 2914 128 32 Brothers
2580 2912 53 31 and
2647 2911 108 32 Sisters,

2104 2965 54 30 and
2174 2963 78 39 Hope
2274 2961 29 30 in
2323 2966 182 32 consequence
2526 2957 28 30 of
2568 2956 47 31 the
2728 2954 28 30 of

2104 3011 123 34 couitesy
2241 3005 27 29 of
2285 3003 130 40 Sergeant
2426 3001 131 31 Houston.
2592 2998 66 31 This
2672 2996 84 31 officer

2104 3059 111 29 appsars
2241 3052 28 24 to
2292 3047 33 29 be
2351 3056 28 18 so
2406 3043 110 31 inflated
2542 3041 66 31 with
2634 3041 46 28 the
2707 3040 33 28 im-

2105 3095 126 34 portance
2256 3088 32 29 of
2309 3088 42 28 hia
2374 3085 116 39 position
2516 3095 28 20 as
2558 3087 31 28 to
2607 3087 40 26 set
2667 3080 91 41 public

2105 3132 178 30 convenience
2296 3132 29 26 at
2334 3128 126 35 defiance,
2471 3126 50 29 but
2530 3136 40 18 we
2580 3125 94 38 hardly
2689 3123 55 30 anti-

2105 3173 86 46 cipate
2207 3173 83 39 being
2300 3170 129 39 similarly
2440 3161 124 51 troubled
2577 3177 35 20 on
2626 3176 15 20 a
2654 3165 99 31 second

2105 3216 128 31 occasion.
2275 3215 48 28 We
2336 3223 60 29 may
2411 3214 70 27 state
2493 3211 60 29 that
2566 3211 28 28 in
2608 3219 79 29 every
2699 3212 59 36 part

2104 3260 28 30 of
2146 3259 44 31 the
2205 3257 83 31 world
2302 3257 22 30 it
2339 3256 22 29 is
2377 3254 76 31 usual
2467 3253 40 30 for
2520 3251 111 32 officials
2645 3250 111 39 holding

2103 3313 16 22 a
2150 3302 89 37 vastly
2262 3299 119 40 superior
2413 3295 115 40 position
2561 3298 30 27 to
2622 3294 131 38 Sergeant

2105 3345 128 32 Houston
2255 3348 28 26 to
2317 3340 101 34 extend
2441 3349 79 29 every
2541 3337 173 42 opportunity
2728 3337 29 29 to

2103 3390 46 30 the
2165 3390 78 30 Press
2256 3388 30 29 of
2307 3384 141 40 obtaining
2468 3381 184 37 information,
2667 3380 52 30 and
2733 3380 21 29 if

2103 3433 33 29 he
2150 3432 129 40 imagines
2293 3431 61 29 that
2364 3429 25 29 in
2401 3439 14 27 p
2421 3426 136 38 quitting
2570 3435 50 20 our
2634 3429 120 35 reporter

2102 3479 28 27 to
2142 3475 63 31 take
2217 3486 17 19 a
2255 3479 62 25 note
2344 3471 31 30 of
2398 3474 44 26 I/.:
2465 3469 82 41 ship's
2570 3467 129 31 manifest
2723 3465 32 30 he

2103 3518 88 31 would
2205 3519 66 29 have
2285 3518 68 28 been
2376 3514 88 39 guilty
2476 3513 28 29 of
2527 3522 16 19 a
2562 3511 154 30 dereliction
2730 3509 28 30 of

2102 3562 76 43 duty,
2194 3562 32 30 he
2238 3561 47 31 has
2299 3563 28 27 at
2342 3558 69 31 least
2438 3554 138 33 exhibited
2603 3552 151 42 deplorable

2101 3607 151 38 ignorance.

2140 3648 49 32 We
2212 3648 74 32 learn
2309 3644 69 32 from
2400 3643 46 32 the
2471 3641 89 32 Buller
2584 3639 59 33 that
2657 3649 15 20 a
2686 3637 70 32 shaft

2102 3694 97 40 deeper
2212 3692 67 30 than
2303 3689 46 29 the
2373 3687 174 40 prospectors'
2560 3686 48 28 has
2620 3685 65 28 been
2699 3684 43 28 bot-

2104 3735 89 30 tomed
2219 3742 70 31 upon
2311 3729 113 41 payable
2451 3728 70 41 gold,
2549 3730 138 38 prospects
2710 3729 46 26 not

2103 3779 105 30 known.
2249 3777 26 30 A
2290 3784 58 21 new
2369 3773 62 30 rush
2446 3772 23 30 is
2483 3769 124 41 reported
2627 3773 27 26 at
2668 3779 15 19 a
2696 3770 60 40 spot

2104 3822 60 29 four
2179 3820 75 31 mile*
2269 3817 77 32 north
2361 3817 24 28 ol
2400 3817 44 29 the
2459 3815 92 30 Bailer
2565 3814 77 29 river.

2139 3865 28 32 W
2168 3864 9 13 r
2179 3876 13 19 e
2215 3863 90 32 notice
2328 3861 59 30 tint
2412 3861 45 29 t!:?
2488 3856 123 41 drawing
2631 3855 42 30 for
2703 3854 50 31 Mr.

2102 3906 199 34 Christenson's
2335 3905 72 29 G-Vai
2418 3903 9 31 !
2447 3909 51 24 Art
2523 3900 92 31 Lnion
2639 3899 21 30 is
2684 3901 57 37 post-

2102 3953 87 40 poned
2216 3951 70 30 until
2319 3942 53 51 H-
2426 3942 3 51 ;
2477 3949 72 27 ..ext.
2610 3944 47 28 \ve
2689 3942 67 30 have

2101 3995 143 30 examined
2264 3993 47 30 the
2334 3982 91 39 colic:*
2497 3995 26 21 ft
2541 3986 139 39 jewellery
2703 3984 53 30 and

2101 4038 55 30 find
2170 4039 22 29 it
2215 4039 30 28 to
2264 4036 121 29 embrace
2410 4043 12 18 a
2446 4043 13 18 r
2466 4030 93 31 umber
2582 4029 28 30 of
2631 4026 123 32 valuable

2100 4081 105 30 articles
2219 4080 27 29 of
2260 4078 47 30 the
2321 4078 70 29 most
2497 4074 45 30 che
2558 4071 141 31 character.

2139 4125 48 30 Mr.
2199 4123 122 35 Bartone,
2339 4120 44 30 the
2393 4119 65 30 Blorj
2473 4127 36 21 un
2524 4116 28 30 of
2565 4115 45 31 the
2626 4114 127 30 southern

2100 4165 174 41 hemisphere,
2286 4165 24 29 is
2324 4162 159 31 announced
2493 4166 32 24 to
2538 4157 160 39 accomplish
2711 4156 45 29 the

2100 4210 97 43 daring
2210 4209 55 31 feat
2275 4207 32 31 of
2316 4205 110 44 passing
2436 4214 36 22 on
2486 4214 14 19 a
2511 4200 87 43 single
2613 4201 63 30 wire
2687 4199 69 31 from

2100 4255 68 29 head
2182 4259 30 24 to
2224 4252 71 30 head
2304 4252 29 29 of
2344 4250 131 29 Constant
2490 4247 64 38 Bay,
2570 4256 35 19 on
2620 4243 135 37 Saturday

2103 4301 65 26 next
2182 4301 27 26 at
2221 4295 17 30 5
2252 4304 64 31 p.m.

2137 4341 56 29 The
2208 4338 55 43 poll
2278 4337 41 30 for
2333 4336 46 31 the
2403 4333 117 31 election
2533 4332 30 30 of
2581 4331 160 37 Representa-

2102 4383 68 31 tives
2184 4384 28 29 in
2226 4381 46 31 the
2288 4376 152 34 Provincial
2466 4374 110 33 Council
2593 4372 75 31 takes
2682 4372 74 40 place

2100 4426 106 34 to-dav,
2229 4428 29 25 at
2291 4423 55 37 the.
2368 4419 188 32 Court-house,
2582 4415 171 37 Charleston,

2101 4468 124 33 between
2239 4466 44 31 the
2297 4465 82 30 hours
2394 4463 28 30 of
2436 4462 14 28 9
2466 4471 60 20 a.m.
2542 4458 54 32 and
2610 4459 16 28 4
2641 4467 62 30 p.m.

2137 4513 25 29 A
2177 4510 89 33 brutal
2281 4508 103 31 assault
2408 4504 127 32 occurred
2557 4507 28 27 at
2598 4502 45 29 the
2657 4501 99 29 Albion

2101 4555 85 30 Hotel
2210 4551 148 43 yesterday,
2386 4548 47 30 the
2461 4548 91 28 victim
2575 4546 28 28 in
2627 4543 53 29 this
2695 4553 60 20 case

2100 4597 79 41 being
2199 4597 51 29 Mr.
2281 4592 112 34 Carroll.
2425 4591 27 30 It
2474 4600 110 31 appears
2598 4586 57 31 that
2669 4590 28 26 at
2710 4586 46 31 the

2103 4640 184 31 table-d'-hote
2300 4638 46 30 the
2357 4638 81 28 latter
2452 4634 154 40 gentleman
2619 4630 64 30 took
2696 4632 60 39 part

2100 4685 27 28 in
2151 4695 15 19 a
2190 4680 185 34 conversation
2396 4677 100 40 having
2517 4675 134 31 reference
2666 4674 30 29 to
2709 4673 46 29 the

2099 4727 52 30 riot
2166 4732 28 25 at
2217 4725 47 30 the
2285 4723 98 32 Casino
2405 4721 35 30 de
2454 4719 99 31 Venice
2567 4717 46 31 the
2627 4715 127 42 previous

2100 4771 88 41 night,
2208 4767 52 33 and
2284 4765 128 33 observed
2434 4763 62 31 that
2518 4762 28 31 in
2569 4760 46 31 the
2630 4762 80 28 event
2727 4758 29 31 of

2099 4815 41 30 his
2154 4814 91 37 seeing
2259 4811 101 31 certain
2376 4807 96 41 parties
2495 4807 33 30 he
2543 4804 90 31 would
2647 4802 109 31 himself

2099 4866 106 20 assume
2219 4854 46 29 the
2279 4849 199 43 responsibility
2492 4849 29 28 of
2532 4847 92 40 giving
2638 4845 73 28 them
2725 4845 29 28 in

2099 4899 106 30 charge.
2255 4896 54 29 The
2336 4905 62 19 man
2431 4892 59 29 who
2523 4888 155 31 committed
2709 4887 45 29 the

2098 4941 103 31 assault
2215 4939 136 40 hereupon
2366 4937 77 30 made
2457 4945 49 19 use
2517 4933 30 31 of
2558 4942 71 21 some
2643 4929 110 31 abusive

2099 4984 131 41 language
2245 4986 27 25 to
2294 4982 49 30 Mr.
2370 4978 101 31 Carroll
2494 4976 62 30 who
2580 4973 101 43 replied
2694 4972 60 30 that

2097 5028 41 30 his
2154 5025 186 33 observations
2356 5033 64 20 were
2436 5025 47 26 not
2493 5017 145 33 addressed
2649 5021 27 26 to
2688 5016 63 36 him,

2099 5072 160 38 whereupon
2283 5069 45 29 the
2352 5068 80 29 latter
2462 5065 84 29 threw
2577 5061 101 40 glasses
2700 5059 53 29 and

2097 5113 90 30 dishes
2201 5117 27 25 at
2244 5112 49 29 Mr.
2311 5109 108 36 Carroll,
2434 5106 72 32 until
2528 5115 49 19 one
2589 5103 64 31 took
2667 5102 84 37 effect,

2096 5155 116 40 striking
2236 5154 56 30 him
2311 5153 61 39 just
2398 5152 88 29 above
2509 5148 45 30 the
2575 5144 100 41 temple
2700 5144 53 30 and

2096 5199 124 39 dividing
2233 5208 35 19 an
2282 5204 95 31 artery.
2410 5194 46 39 Up
2478 5195 30 27 to
2522 5191 45 30 the
2587 5190 64 29 time
2665 5187 30 31 of
2705 5197 48 21 our

2095 5242 82 38 going
2193 5247 27 25 to
2234 5250 75 30 press
2333 5239 21 30 it
2378 5248 54 20 was
2446 5239 47 27 not
2516 5234 97 29 known
2633 5230 120 32 whether

2095 5286 49 29 Mr.
2163 5284 101 33 Carroll
2279 5283 53 30 had
2346 5279 141 33 sustained
2499 5287 16 21 a
2538 5278 115 30 fracture
2667 5274 30 31 of
2707 5274 44 30 the

2094 5327 78 37 skull,
2189 5327 49 30 but
2253 5327 32 28 he
2301 5326 22 29 is
2349 5324 76 39 lying
2447 5323 29 29 in
2489 5331 15 19 a
2518 5324 71 26 most
2601 5317 151 42 precarious

2093 5371 140 30 condition
2249 5369 88 38 owing
2359 5373 27 24 to
2401 5365 156 32 exhaustion
2579 5363 68 29 from
2660 5362 52 29 loss
2722 5360 31 30 of

2093 5413 87 34 blood,
2199 5423 13 19 a
2268 5409 173 31 unfavorable
2452 5409 149 37 symptoms
2610 5414 45 19 are
2668 5402 65 30 mani-

2093 5456 98 39 festing
2206 5461 100 25 tiieiijs.
2316 5454 48 30 lve.
2365 5465 5 12 j
2374 5477 5 6 .
2398 5449 221 40 Meanwhile,tne
2629 5446 122 32 offender

2758 152 103 39 though
2870 148 106 44 ]iowii
2992 150 34 38 by
3039 150 45 29 the
3099 150 94 40 police,
3211 150 46 29 lias
3271 148 65 30 been
3353 158 56 21 see*,

2760 194 115 41 walking
2890 193 80 30 about
2984 193 46 30 the
3045 195 95 27 streets
3154 202 30 19 or
3198 192 28 30 in
3245 191 41 30 his
3301 191 71 39 place
3389 190 28 30 of

2758 239 130 37 business,
2905 248 33 19 an
2948 237 7 30 1
2972 247 33 20 no
3031 240 74 36 steps
3118 235 66 31 have
3198 235 65 30 been
3277 235 82 31 taken
3375 234 41 31 for

2758 283 41 32 his
2819 285 89 29 arrest.
2960 281 26 31 It
3011 281 22 31 is
3059 280 110 32 evident
3183 279 59 31 that
3254 289 39 20 we
3307 279 108 40 require

2758 336 73 20 some
2847 326 145 40 protection
3018 329 69 28 here,
3103 324 52 29 ami
3170 324 21 28 if
3214 323 45 29 the
3273 322 85 38 police
3372 332 43 19 are

2761 369 96 31 unable
2880 369 29 30 to
2932 367 86 32 afford
3040 366 66 37 that,
3131 366 83 31 either
3235 364 115 42 through
3378 365 24 30 in-

2762 412 153 39 sufficiency
2929 423 24 17 01
2981 411 133 33 lumbers,
3131 413 69 27 want
3216 410 29 29 of
3265 408 149 40 discipline,

2760 466 29 20 or
2799 467 15 19 a
2825 454 164 40 responsible
3011 458 76 35 party
3101 455 26 29 in
3142 454 103 38 c'iarg3,
3260 453 23 29 it
3298 453 116 29 remains

2762 499 63 29 with
2839 498 136 31 ourselves
2997 503 26 23 to
3047 507 64 30 urge
3133 507 74 29 upon
3232 496 45 29 the
3294 496 105 30 Grovern-

2762 548 73 24 mmt
2849 541 46 31 the
2909 552 15 18 a
2932 539 103 41 loption
3049 539 29 30 of
3089 550 59 21 me.i
3155 550 66 20 aires
3237 548 136 28 necessary
3386 541 29 26 to

2762 586 44 30 the
2820 583 203 34 establishment
3036 586 29 28 of
3086 584 69 39 good
3169 584 76 30 order
3259 583 52 31 and
3327 593 14 18 a
3357 583 47 29 feel-

2763 629 48 38 ing
2824 629 28 29 of
2865 628 121 37 security.
3021 626 25 28 It
3067 637 109 28 appeirs
3190 630 154 26 monstrous
3355 625 59 28 that

2763 670 67 32 such
2843 681 32 19 an
2889 673 110 32 outrage
3013 668 94 32 should
3128 670 33 31 be
3174 667 156 33 committed
3351 666 64 30 with

2968 698 15 11 O

2757 711 1 56 |
2767 718 127 35 apparent
2909 712 135 41 impunity
3066 712 26 29 in
3106 713 47 31 the
3173 712 79 30 midst
3266 712 30 29 of
3317 722 14 19 a
3346 711 69 39 large

2757 758 1 31 I
2768 758 171 31 community.

2984 862 207 30 BRIGHTON.

2891 957 83 31 (From
2990 966 40 15 our
3042 966 47 16 own
3101 957 192 34 correspondent.)

2809 1006 117 31 Matters
2951 1016 68 20 wear
3045 1007 93 39 nearly
3164 1008 44 29 the
3234 1018 71 19 same
3329 1012 88 35 aspect

2773 1050 58 30 here
2847 1049 60 30 that
2920 1049 65 40 they
2998 1050 67 30 have
3089 1051 40 29 for
3143 1061 71 20 some
3228 1050 106 31 months
3348 1055 68 34 past,

2771 1093 21 29 if
2805 1093 132 40 anything
2950 1103 14 18 a
2978 1092 80 31 shade
3071 1094 93 30 duller.
3207 1094 26 29 A
3247 1094 68 39 good
3325 1094 60 30 deal
3396 1094 22 30 is

2772 1137 80 39 being
2865 1135 57 31 said
2941 1136 82 30 about
3038 1136 46 31 the
3098 1136 198 42 contemplated
3311 1137 62 31 road
3389 1141 27 27 to

2772 1181 44 28 the
2831 1180 83 29 Little
2931 1178 82 39 Grey,
3034 1180 95 36 which,
3145 1181 20 28 if
3188 1181 23 28 it
3224 1180 96 29 should
3335 1181 32 29 be
3390 1181 27 28 of

2772 1233 34 20 110
2821 1222 78 31 other
2913 1232 55 26 use,
2984 1221 54 30 will
3051 1223 81 30 result
3157 1223 25 30 in
3198 1233 16 20 a
3235 1223 182 31 considerable

2773 1265 91 41 outlay
2887 1265 30 29 of
2942 1275 102 29 money,
3070 1267 52 29 and
3149 1275 66 31 open
3240 1267 46 30 the
3301 1267 62 29 road
3378 1267 40 29 for

2774 1308 127 40 probably
2914 1307 145 40 important
3072 1310 169 30 discoveries.
3282 1311 25 28 A
3318 1310 84 39 gentle-

2774 1361 61 21 man
2861 1360 53 20 was
2934 1350 82 40 lately
3038 1351 63 31 here
3122 1352 42 29 for
3185 1352 45 30 the
3257 1362 112 30 purpose
3390 1352 30 31 of

2774 1394 130 39 selecting
2917 1405 15 18 a
2945 1394 50 29 site
3009 1394 40 30 for
3062 1396 45 28 the
3129 1396 113 29 erection
3257 1396 29 29 of
3307 1406 14 18 a
3334 1403 84 22 steam

2774 1437 130 32 saw-mill.
2946 1437 211 39 Unfortunately
3166 1449 39 19 we
3214 1439 34 29 do
3259 1444 46 24 not
3317 1449 101 30 possess

2775 1490 51 29 any
2839 1480 122 29 valuable
2974 1481 106 34 timber,
3095 1481 66 29 such
3174 1491 29 19 as
3216 1482 23 28 it
3253 1481 21 29 is
3289 1482 79 39 being
3388 1492 30 20 so

2774 1523 75 30 small
2863 1522 54 30 and
2931 1523 113 30 crooked
3067 1533 29 19 as
3117 1527 29 26 to
3160 1524 32 29 be
3215 1524 204 42 comparatively

2774 1566 130 31 valueless
2918 1566 40 30 for
2972 1566 122 40 building
3111 1576 136 30 purposes.
3288 1567 55 30 The
3357 1579 47 18 saw-

2774 1620 61 29 yers
2849 1619 97 31 appear
2958 1613 28 26 to
3007 1610 31 31 be
3061 1610 68 41 fully
3145 1610 145 39 employed,
3314 1610 52 30 and
3385 1611 24 30 al-

2776 1653 104 39 though
2894 1652 45 31 the
2953 1653 70 38 price
3036 1653 48 29 has
3098 1663 59 19 now
3170 1652 82 31 fallen
3266 1658 28 25 to
3309 1654 55 30 303.
3375 1664 45 29 per

2774 1695 124 32 hundred
2911 1696 152 39 superficial
3075 1696 29 30 in
3119 1696 72 39 place
3205 1696 30 30 of
3254 1696 53 37 5,
3321 1708 28 18 as
3369 1698 39 29 for-

2775 1739 93 39 merly,
2882 1738 63 40 they
2960 1738 182 33 nevertheless
3153 1749 112 30 manage
3276 1744 27 26 to
3312 1740 33 29 do
3355 1752 65 30 very

2777 1783 66 30 well.
2883 1781 126 30 Business
3024 1782 132 40 generally
3169 1782 23 29 is
3205 1792 64 29 very
3284 1784 75 38 quiet
3368 1785 53 29 and

2777 1826 82 39 prices
2872 1825 59 31 low.
2972 1825 98 30 Messrs
3084 1824 99 31 Alcorn
3207 1825 52 30 and
3283 1827 48 30 Co.
3354 1827 66 30 have

2777 1868 59 30 sold
2850 1867 70 31 their
2931 1869 128 39 premises
3073 1871 27 26 to
3111 1878 14 19 a
3138 1866 132 32 Hokitika
3281 1870 68 33 firm,
3363 1870 58 30 who

2777 1920 115 33 purpose
2905 1911 147 39 importing
3065 1911 85 31 direct
3164 1910 68 30 from
3254 1912 165 32 Melbourne.

2779 1956 43 30 An
2836 1954 145 40 important
2994 1955 65 30 item
3078 1959 123 35 amongst
3225 1955 87 32 others
3325 1956 23 31 is
3361 1957 62 31 that

2779 1997 167 40 Brighton's
2969 1998 120 29 declared
3104 2008 14 19 a
3138 2001 59 36 port
3211 1999 29 29 of
3262 2001 86 38 entry,
3370 2000 53 30 and

2770 2041 1 31 i
2779 2042 108 29 tenders
2900 2051 43 20 are
2957 2041 85 30 called
3055 2041 40 29 for
3108 2041 47 29 the
3169 2042 116 29 erection
3298 2043 28 27 of
3339 2053 14 18 a
3364 2053 43 19 cus-

2778 2086 55 26 tom
2849 2082 89 32 house,
2956 2083 86 29 which
3056 2083 54 29 will
3123 2082 34 30 be
3171 2083 149 39 completed
3339 2084 29 29 in
3382 2084 41 30 six

2779 2124 135 44 weeks.gj
2932 2126 60 30 You
3021 2125 96 31 should
3157 2126 127 41 certainly
3322 2128 101 39 agitate

2779 2168 42 30 for
2846 2169 46 30 the
2906 2178 71 19 same
2996 2170 86 38 thing.
3140 2168 56 29 The
3218 2173 108 26 amount
3340 2171 29 28 of
3385 2181 26 19 re-

2779 2220 84 21 venue
2881 2210 128 33 collected
3025 2211 27 31 in
3076 2210 169 41 Canterbury
3260 2223 33 20 on
3317 2213 107 32 articles

2779 2255 143 30 consumed
2944 2255 29 30 in
2998 2255 158 30 south-west
3181 2255 99 31 Nelson
3299 2257 22 30 is
3341 2268 68 20 some-

2779 2298 80 39 thing
2872 2309 65 27 very
2950 2298 189 37 considerable,
3154 2298 52 29 and
3220 2300 22 28 it
3255 2301 128 37 certainly
3402 2300 23 29 is

2779 2351 16 21 a
2808 2343 98 28 matter
2915 2341 28 30 of
2955 2340 134 31 sufficient
3102 2340 160 40 importance
3273 2345 27 27 to
3312 2342 113 32 demand

2780 2384 152 32 immediate
2945 2385 132 30 attention
3091 2385 69 30 from
3175 2384 45 31 the
3245 2387 180 31 Government

2780 2429 28 29 of
2821 2429 55 29 this
2888 2429 133 38 province.
3063 2427 158 32 Meanwhile
3240 2430 142 30 Westland
3402 2432 23 28 is

2780 2471 151 41 expending
2943 2472 75 31 these
3031 2481 109 30 moneys
3153 2470 27 30 in
3202 2472 160 41 developing
3381 2474 45 30 her

2781 2525 141 29 resources,
2950 2514 87 33 which
3059 2514 86 42 might
3164 2516 131 40 certainly
3317 2516 33 33 be
3371 2517 54 31 laid

2781 2566 47 25 out
2840 2560 63 31 here
2922 2563 29 28 to
2972 2563 105 36 greater
3099 2559 154 42 advantage.
3294 2562 56 29 Our
3364 2561 46 30 Pro-

2780 2613 74 32 gress
2880 2603 169 36 Committee,
3083 2613 59 19 now
3168 2612 72 22 some
3266 2605 105 29 months
3398 2605 28 29 in

2782 2646 142 37 existence,
2938 2646 66 31 have
3018 2646 69 30 done
3101 2646 114 40 nothing
3229 2658 28 19 as
3270 2652 45 36 yet
3328 2652 28 26 to
3371 2648 41 38 jus-

2781 2690 52 40 tify
2845 2689 70 32 their
2924 2689 82 41 being
3018 2689 97 32 looked
3137 2700 72 30 upon
3232 2700 28 21 as
3273 2701 15 19 a
3311 2701 101 31 progres-

2781 2734 54 30 sive
2862 2733 79 39 body.
2983 2735 78 30 Some
3084 2734 118 29 mention
3225 2744 52 19 was
3300 2735 76 29 made
3396 2735 27 29 of

2781 2777 116 37 forming
2910 2777 146 42 footpaths,
3070 2776 49 30 but
3132 2785 33 21 no
3180 2777 85 31 active
3278 2781 72 38 steps
3360 2777 66 30 have

2781 2820 66 30 been
2861 2817 90 34 taken.
2990 2820 57 31 The
3063 2819 116 33 licensed
3194 2820 151 32 victuallers
3360 2820 66 31 have

2781 2863 103 30 formed
2896 2863 163 32 themselves
3082 2863 56 30 into
3151 2872 33 21 an
3208 2864 157 31 association
3385 2864 41 30 for

2781 2907 46 31 the
2836 2906 151 43 purposeof
2991 2906 143 41 rectifying
3138 2907 98 31 several
3242 2918 74 29 gross
3322 2907 104 33 abuses,

2781 2951 46 29 the
2840 2950 73 30 chief
2923 2951 79 40 being
3024 2951 47 29 the
3094 2949 165 32 withdrawal
3274 2951 28 30 of
3315 2951 112 31 licenses

2781 2994 68 30 from
2875 2994 132 39 improper
3032 2993 167 38 characters;
3236 2994 95 30 should
3363 2994 63 42 they

2781 3037 112 30 succeed
2918 3038 28 28 in
2972 3036 60 35 this,
3059 3036 22 29 it
3106 3036 54 30 will
3181 3036 32 29 be
3237 3036 45 30 the
3296 3046 89 20 means
3399 3038 28 29 of

2781 3078 101 40 closing
2894 3090 16 19 a
2922 3079 73 39 large
3018 3079 113 31 number
3151 3079 28 30 of
3192 3079 116 32 licensed
3320 3079 105 34 houses,

1204 20 62 51 V

1457 58 76 31 THE
1555 55 254 33 CHARLESTON
1827 43 133 43 IftCUS.

106 80 16 30 2

77 5328 157 40 rjHOULD
255 5328 48 24 this
330 5330 61 22 meet
418 5324 40 25 the
483 5331 43 24 eye
551 5324 26 25 of
603 5323 116 26 Ciurles

73 5403 118 34 earnestly
208 5401 122 34 requested
349 5406 23 21 to
393 5400 67 24 write
478 5402 24 20 to
522 5398 39 25 thc
572 5406 10 16 r
592 5397 84 24 tii-ivrs
691 5396 26 25 M

71 5439 100 26 mother,
180 5445 53 18 care
552 5432 84 26 Hou.h,
652 5432 14 23 II
680 5430 5 23 !
700 5439 16 22 y

71 5477 81 24 street.
164 5472 100 28 Fitirov,
277 5468 140 28 Mcihoarnt.

881 173 135 32 0-T
1105 172 11 29 I
1206 171 21 29 c
1319 169 22 29 E

769 362 67 24 THE
872 359 162 27 ELECTION
1066 358 42 24 OF
1140 355 216 28 CANDIDATES

1022 479 6 24 l
1040 487 23 16 or
1076 477 39 26 the

746 593 194 44 Provincial
990 591 144 42 Council
1176 592 39 38 of
1258 588 129 41 Nelson

967 697 57 28 Will
1038 697 55 27 take
1104 706 6 25 i
1120 696 49 26 lace

865 788 165 28 THIS
1124 786 20 24 D
1177 785 22 24 A
1232 783 21 25 V
1270 803 5 11 ,

1026 874 34 24 At
1075 872 40 26 the

762 966 132 29 COURT
915 977 9 4 -
952 963 131 30 HOUSE,
1125 958 268 29 CHARLESTON.

748 1153 51 27 The
816 1153 64 25 office
892 1149 47 28 will
955 1150 28 26 he
994 1157 59 27 open
1073 1148 63 25 from
1147 1149 12 22 9
1171 1152 54 19 a.m.
1237 1141 62 28 until
1311 1145 12 22 4
1336 1148 59 28 p.m.

942 1270 96 27 HUGH
1070 1266 111 33 JONES,

1021 1353 242 38 Deputy-Returning
1275 1352 91 26 Officer.

769 1429 192 33 NOTICE
1000 1427 56 31 TO
1096 1421 283 34 MARINERS.

753 1539 147 28 MIGNAL
915 1535 164 29 STATIONS
1106 1535 60 25 have
1186 1533 58 25 been
1259 1527 141 30 established

753 1552 40 58 b

751 1629 25 21 at
787 1625 40 24 the
839 1621 130 27 ISULLER
985 1619 45 27 and
1046 1622 24 22 at
1089 1616 93 28 FOX'S
1197 1614 110 32 RIVER,
1326 1613 74 25 where

750 1694 39 25 the
812 1700 63 17 same
887 1690 94 33 Signals
1002 1697 38 18 arc
1052 1687 56 26 used
1125 1694 25 18 as
1170 1689 24 21 at
1216 1685 41 25 the
1279 1685 64 31 Grey
1354 1681 46 27 and

752 1763 122 26 Ilokitika.

781 1800 21 23 A
825 1795 114 33 Flagstaff
955 1796 42 24 has
1018 1794 56 25 been
1098 1792 92 26 erected
1210 1799 30 16 on
1262 1789 41 25 the
1324 1789 76 24 North

753 1868 68 25 Point
840 1868 26 23 of
881 1864 177 29 CONSTANT
1075 1862 78 31 BAY,
1173 1860 127 29 PAKIHI,
1324 1858 77 24 where

752 1938 40 24 the
812 1934 122 33 following
960 1932 94 34 Signals
1083 1931 46 26 will
1155 1931 28 25 be
1195 1930 81 25 shown
1289 1940 37 14 :

753 2007 47 26 Red
812 2006 60 33 Flag
882 2010 24 20 at
918 2004 121 26 masthead
1051 2016 5 13 :
1075 2004 72 24 Boats
1159 2010 41 17 can
1215 2004 67 22 enter

752 2075 59 27 Blue
832 2074 67 33 Flag,
927 2074 140 26 half-mast:
1102 2072 56 24 Low
1180 2073 80 27 water,
1283 2069 55 25 wait
1365 2068 37 25 for

811 2109 54 25 tide.

753 2179 80 27 White
843 2178 60 33 Flag
913 2173 4 38 :
936 2178 119 24 Entrance
1066 2176 138 32 dangerous,
1213 2173 52 26 surf
1277 2177 37 21 too
1326 2173 76 31 heavy

812 2214 37 24 for
859 2213 74 24 boats.

868 2284 27 24 T.
913 2284 30 24 A.
960 2282 108 26 SXEYI)
1086 2279 227 28 KYNNERSLEY,

1182 2314 191 27 Commissioner,

738 2350 1 34 j
753 2353 108 31 January
872 2352 48 30 3rd,
935 2355 63 22 1867.

2792 3182 32 68 J
2858 3182 26 25 P.
2902 3181 224 28 CITRISTENSON
3141 3182 86 26 desires
3245 3185 23 22 to
3285 3190 93 24 express
3389 3182 36 26 his

2827 3236 10 12 ,
2873 3215 112 26 heartfelt
3001 3216 87 27 thanks
3109 3220 24 22 to
3159 3216 66 26 those
3246 3215 132 33 gentlemen
3399 3212 37 30 ofd

2780 3258 40 25 the
2840 3257 92 32 mining
2952 3257 46 25 and
3016 3257 147 26 commercial
3181 3259 145 30 community
3344 3260 26 23 of
3385 3248 51 37 thjl

2780 3292 87 24 Pakihi
2886 3292 47 24 and
2950 3290 91 26 district
3059 3293 53 23 who
3129 3292 58 24 have
3203 3291 131 25 sbuscribed
3352 3295 24 21 to

2780 3325 158 36 approaching
2949 3325 46 26 Art
3006 3326 87 32 Union,
3103 3325 45 28 and
3165 3327 55 33 begs
3231 3330 24 22 to
3267 3329 61 23 state
3339 3326 52 27 that
3400 3316 36 37 ill

2780 3369 159 24 consequence
2950 3362 26 26 of
2987 3362 40 26 the
3038 3362 147 33 inclemency
3196 3362 26 25 of
3233 3363 39 25 the
3283 3362 102 26 weather
3395 3368 41 20 oni

2780 3398 83 24 Easter
2879 3396 103 33 Monday
3001 3397 40 26 the
3051 3397 106 33 drawing
3167 3404 48 18 was
3226 3396 128 34 postponed
3365 3388 71 48 until]

2780 3433 103 31 Monday
2894 3435 64 25 next,
2975 3432 40 24 the
3033 3433 55 24 29th
3107 3432 56 28 inst,
3178 3432 68 24 when
3263 3432 41 24 the
3321 3423 115 39 drawing!

2780 3466 47 25 will
2844 3465 126 36 positively
2988 3466 56 26 take
3060 3466 71 35 place.
3170 3465 50 27 The
3232 3469 67 23 exact
3309 3466 59 25 hour
3379 3474 11 17 ?
3403 3457 33 49 fljj

2780 3501 64 33 place
2855 3501 48 26 will
2912 3502 28 25 be
2949 3501 130 26 advertised
3090 3502 24 25 in
3126 3501 136 32 Saturday's
3273 3509 75 25 paper.

2780 3536 131 33 remaining
2938 3536 86 26 tickets
3058 3544 44 18 can
3122 3536 27 26 be
3177 3535 109 27 obtained
3307 3539 23 22 at

2780 3571 172 27 Cliristenson's
2963 3570 65 35 place
3038 3573 27 25 of
3075 3572 113 31 business,
3204 3574 56 23 next
3271 3574 24 22 to
3305 3571 40 25 the

2780 3607 25 24 of
2816 3607 58 24 New
2886 3607 77 24 South
2976 3606 86 30 Wales,
3073 3614 57 17 near
3140 3607 40 24 the
3191 3606 102 31 cutting.

2924 3688 133 31 FRIDAY,
3085 3688 55 25 2Gth
3165 3688 109 30 APRIL,
3385 3664 51 47 J

3020 3778 35 26 At
3068 3781 13 22 2
3092 3776 95 28 o'clock.

2814 3963 52 37 To
2907 3962 221 54 Speculators
3161 3963 66 39 and
3265 3963 90 55 otliej

2782 4167 239 30 mHOa
3054 4165 28 31 A
3116 4165 19 31 S
3210 4165 24 30 D
3269 4164 35 32 w

2780 4252 43 23 has
2844 4247 58 24 been
2919 4245 96 25 favored
3033 4246 57 23 with
3118 4244 130 25 instructioi

2781 4308 25 25 P.
2829 4307 101 32 Hanney
2951 4309 25 23 to
2998 4304 48 32 sell,
3068 4305 30 32 by
3118 4303 77 36 public
3216 4312 30 17 au

2781 4368 118 34 premises,
2914 4376 30 16 on
2961 4365 94 33 Friday,
3072 4365 40 26 the
3123 4365 55 26 26th
3190 4365 54 25 inst.

2871 4456 63 24 That
2951 4453 149 27 well-known
3116 4451 107 26 business
3239 4450 9 25 1

2811 4605 219 31 SHANNON
3067 4604 78 26 VIE
3156 4601 31 27 W
3228 4602 20 26 II
