3490 5590
1515 64 74 31 THE
1629 64 251 33 CHARLESTON
1920 65 131 32 ARGUS

3343 103 0 0 3

259 2922 123 31 OXDAY,
399 2921 54 25 29th
472 2919 106 30 APRIL,

307 3023 90 25 t»\lock
409 3025 101 29 pron.pt.

273 3211 123 31 lAS

312 3624 55 32 otel,
379 3624 87 25 known
479 3631 25 18 as
516 3623 40 26 the

389 3870 164 27 Ciiarllston*
565 3880 5 19 ;

382 3984 26 20 er
420 3976 57 26 with

514 5381 88 43 Evan,

531 5451 152 25 Anciionctr.

878 171 191 31 SATURDAY,
1086 171 56 26 27th
1159 171 108 28 APRIL.

948 259 30 24 At
992 261 12 21 2
1017 258 89 25 o'clock
1118 258 75 33 sharp.

774 446 150 31 OXSTER
953 446 195 31 CLEARING
1161 465 9 3 -
1185 445 76 34 OUT
1293 446 95 33 SALE

912 530 47 29 OF
994 530 71 31 FUK
1072 530 24 30 X
1103 530 59 30 ITU
1167 531 54 30 RE.

741 736 48 34 T
830 736 27 32 H
896 738 23 31 0
960 739 28 31 M
1028 740 81 30 AS
1186 741 25 29 D
1250 740 33 31 W
1314 739 25 32 A
1359 740 27 31 N

724 809 3 51 j
739 814 41 27 li.is
797 816 106 27 received
915 818 153 26 instructions
1087 820 61 26 from
1165 820 40 26 Mr
1216 819 134 32 Rosenberg
1360 822 25 22 to

738 877 48 28 soli,
798 879 31 32 by
845 879 77 33 public
943 880 102 32 auction,
1067 889 30 17 on
1119 882 40 25 the
1179 881 120 33 premises,
1316 880 67 26 Main

737 944 79 27 street,
838 941 138 26 Charleston
999 943 62 31 (just
1083 943 72 26 under
1171 945 41 24 the
1228 943 114 32 cutting),
1352 951 31 18 on

723 968 28 42 L

723 1002 1 63 j
737 1002 124 31 Saturday,
872 1002 39 26 the
924 1004 54 24 27th
991 1004 54 31 inst,
1058 1008 24 22 at
1099 1007 13 22 2
1124 1005 89 26 o'clock
1230 1007 76 32 sharp,

827 1100 41 26 All
881 1101 51 26 that
945 1102 104 34 splendid
1060 1103 34 26 lot
1105 1107 26 23 of

784 1202 550 47 furniture,

885 1318 75 26 which
978 1320 42 25 has
1031 1320 57 26 been
1101 1321 99 27 selected
1218 1324 29 28 by
1259 1324 49 25 him
1322 1325 56 25 with
1387 1318 1 39 ,

883 1378 52 19 care
952 1373 38 26 for
1005 1374 47 25 this
1069 1376 102 31 market,
1180 1378 45 25 and
1244 1378 75 26 which,
1332 1378 46 27 will
1387 1373 1 41 j

882 1425 27 24 be
920 1425 62 34 daily
993 1435 29 17 on
1035 1428 60 25 view
1105 1429 62 25 until
1179 1430 39 25 the
1229 1430 46 33 day
1286 1432 26 24 of
1324 1431 55 33 sale,

883 1478 129 34 consisting
1018 1481 26 24 of
1055 1481 40 26 the
1107 1481 121 34 following
1239 1484 102 28 articles:
1345 1500 29 4 —

882 1531 85 26 Tables
975 1534 27 24 of
1018 1541 69 18 even*
1105 1535 140 34 description
1257 1537 46 25 and
1320 1539 53 25 best

882 1587 180 38 manufacture;
1082 1588 83 32 chairs,
1175 1590 202 35 spring-bottoms,

882 1642 178 28 cane-bottoms,
1077 1644 47 26 and
1145 1654 71 26 every
1237 1648 68 25 other
1326 1648 38 26 des-

881 1696 97 33 cription
990 1709 5 19 ;
1018 1698 50 26 iron
1089 1699 129 32 bedsteads,
1239 1702 74 31 single
1329 1703 46 24 and

882 1749 90 33 double,
988 1753 26 25 of
1030 1762 69 25 every
1114 1754 86 33 grade;
1218 1756 157 32 washstands,

878 1803 199 33 dressing-tables,
1094 1807 46 25 and
1165 1808 207 33 looking-glasses,

878 1862 106 27 carpets,-
998 1860 122 31 mattings,
1141 1861 45 25 and
1205 1862 168 33 druggettings

877 1907 26 24 of
923 1914 72 18 cverv
1015 1907 81 34 design
1118 1909 45 26 and
1185 1910 26 25 of
1235 1910 41 26 the
1303 1910 70 26 finest

878 1954 90 26 fabric:
997 1955 21 26 n!
1032 1964 20 22 o,
1069 1965 15 17 a
1100 1957 53 26 host
1165 1958 26 25 of
1208 1959 67 25 other
1291 1960 81 34 things

877 2007 39 23 too
928 2012 125 20 numerous
1063 2009 24 23 to
1099 2007 115 27 mention.

753 2163 50 28 The
986 2170 23 24 in
1025 2170 78 31 calino;
1124 2171 119 25 attention
1285 2173 25 23 to
1332 2171 41 25 the

771 2223 5 7 •
790 2216 11 14 x
813 2239 8 6 .
828 2214 54 31 sale,
893 2216 76 26 would
986 2221 98 23 venture
1101 2220 24 23 to
1146 2225 43 26 say
1200 2218 52 25 that
1270 2226 14 17 a
1299 2218 76 26 better

723 2280 13 15 (,
814 2265 15 6 '"
830 2265 2 33 l
842 2267 11 17 L
854 2267 38 30 '-ty
899 2265 27 25 of
939 2266 99 32 making
1048 2267 80 25 homes
1139 2265 153 28 comfortable
1303 2274 72 19 never

724 2328 46 17 was
849 2319 19 16 r
870 2312 27 28 ttl
913 2315 28 25 he
962 2314 85 26 o:Tered
1068 2319 24 21 to
1181 2316 146 26 inhabitants
1349 2316 26 25 of

724 2366 139 26 Charleston
876 2384 6 5 •
908 2366 39 24 Mr
957 2364 134 30 Rosenberg
1106 2363 89 32 having
1211 2363 90 33 opened
1319 2363 55 24 here

724 2417 36 25 for
778 2424 12 17 a
807 2413 61 28 fixed
877 2412 67 28 'term
962 2411 63 33 only,
1037 2411 76 26 which
1126 2410 20 26 is
1165 2418 52 19 now
1235 2410 82 34 nearly
1333 2418 27 19 ex-

726 2462 71 35 pired,
809 2470 82 27 proves
903 2462 40 26 the
953 2460 155 35 genuineness
1119 2458 37 27 of
1157 2459 40 26 the
1208 2459 55 26 sale.

973 2548 140 27 THOMAS
1129 2548 111 33 DWAN,

1190 2599 153 25 Auctioneer.

871 2676 137 29 FRIDAY,
1040 2675 56 24 26th
1124 2674 109 30 APRIL,

959 2737 34 24 At
1008 2739 26 22 12
1046 2733 98 28 o'clock.

795 2899 133 40 PIGS!
978 2897 134 39 PIGS!
1163 2895 137 40 PIGS!

945 3074 228 30 ROBERTSON
1195 3067 89 33 'AND
1315 3074 56 26 CO.

727 3154 46 27 will
785 3153 48 33 sell,
845 3154 30 34 by
893 3153 78 35 public
988 3152 103 32 auction,
1103 3160 29 19 on
1154 3151 95 35 Friday,
1260 3151 40 26 the
1318 3150 54 27 2Gth

726 3217 63 29 inst.,
800 3220 25 20 at
839 3219 26 21 12
878 3214 98 31 o'clock,
988 3222 13 17 a
1012 3214 80 25 choice
1103 3213 34 25 lot
1148 3214 26 22 of

878 3304 105 26 STORE
998 3303 46 26 and
1060 3302 66 26 FAT
1143 3302 82 26 PIGS.

960 3428 84 25 Terms
1054 3431 24 22 at
1093 3426 53 27 Bale.

1029 3574 196 28 ROBERTSON
1243 3573 45 26 and
1305 3573 40 27 Co.

797 3646 116 30 ESSKS.
967 3644 222 31 ROBERTSON
1190 3643 5 15 1
1252 3643 22 28 &
1319 3643 55 30 CO.

915 3777 68 25 Have
1000 3777 37 23 for
1049 3775 48 26 sale
1109 3774 88 26 several

800 3919 229 26 SECTIONS
1077 3918 51 25 OF
1176 3916 136 30 LAND,

732 4058 25 24 In
768 4066 13 16 a
793 4056 122 26 first-class
924 4057 122 30 situation,
1054 4055 100 27 suitable
1166 4056 36 24 for
1211 4062 44 25 any
1263 4054 114 25 business.

1035 4182 156 27 ROBERTS'
1198 4184 28 23 ):\
1246 4181 46 26 and
1308 4181 39 26 Co.

906 4278 67 26 THE
988 4278 86 27 SALE
1089 4278 42 27 OF
1147 4277 67 27 THE

796 4364 287 50 ALLIANCE
1134 4364 184 49 HOTEL

735 4473 50 64 J~S
803 4474 193 27 POSTPONED
1007 4473 60 26 until
1079 4473 103 33 Monday
1194 4477 64 25 next,
1270 4474 40 24 the

738 4569 52 26 list.,
802 4563 105 34 pending
918 4563 41 25 the
972 4562 104 26 decision
1093 4563 26 24 of
1130 4562 39 24 the
1181 4562 73 25 Court
1267 4560 115 32 touching

732 4622 39 25 the
784 4620 152 32 Partnership
948 4619 23 26 in
983 4619 40 25 the
1034 4620 71 24 above
1117 4618 79 26 Hotel.

736 4741 289 35 DISSOLUTION
1062 4741 42 26 OF
1141 4740 240 26 PARTNERSHIP.

746 4777 8 23 I
769 4766 18 43 }

764 4819 83 26 Notice
906 4819 86 33 hereby
1009 4819 79 33 given,
1100 4819 50 25 that
1171 4819 9 25 I
1201 4819 59 26 have
1279 4818 47 26 this
1338 4818 45 33 day

725 4852 1 36 :
783 4855 66 26 rived
872 4856 40 24 the
936 4855 148 33 partnership
1103 4855 104 25 between
1230 4852 88 34 myself
1338 4854 45 24 and

735 4890 15 25 J
814 4890 28 25 Ri
849 4896 28 19 :e.
889 4897 26 16 as
934 4889 167 33 storekeepers,
1112 4896 30 18 on
1160 4889 39 25 the
1211 4882 103 35 Paliihi;
1338 4887 45 25 and

725 4923 1 33 i
736 4932 47 24 any
803 4924 66 25 debts
886 4924 118 26 hereafter
1027 4923 134 25 contracted
1179 4924 30 32 by
1228 4924 49 25 him
1299 4923 24 25 in
1345 4923 39 25 the

737 4966 69 18 name
818 4960 26 23 of
861 4959 41 24 the
919 4959 52 24 firm
990 4959 85 31 hereby
1086 4957 151 33 determined,
1251 4959 10 25 I
1274 4957 59 26 shall
1345 4962 39 20 not

736 4995 27 24 be
775 4993 142 34 responsible
929 4995 42 23 for.

995 5028 109 25 JAMES
1136 5028 69 25 HOG
1211 5027 52 27 AN,

1063 5062 61 25 Late
1136 5063 84 31 Ilogan
1234 5060 46 27 and
1292 5061 62 25 Rice.

725 5096 1 35 '
767 5096 68 35 April
849 5100 35 30 23,
898 5099 63 25 1867.

739 5172 96 25 milE
848 5172 152 34 Partnership
1010 5172 103 25 hitherto
1120 5172 105 32 existing
1230 5171 38 26 bet
1272 5178 63 18 ween
1348 5171 37 24 the

725 5199 2 40 I
748 5199 32 39 J_
822 5206 154 33 undersigned
988 5207 91 32 George
1091 5206 125 26 Anderson
1228 5207 45 25 and
1282 5204 103 26 William

739 5246 96 25 Nelson,
854 5244 109 31 carrying
981 5251 30 16 ».n
1030 5243 106 25 business
1154 5251 26 16 as
1197 5241 93 27 Cordial
1302 5240 67 25 Manu-

726 5271 1 37 :
741 5282 30 23 fm
781 5285 80 23 Mirers,
873 5283 25 20 at
917 5276 147 32 Charleston,
1075 5279 19 22 is
1112 5277 47 24 this
1175 5277 45 31 day
1232 5275 114 26 dissolved
1359 5276 26 31 by

739 5312 93 28 mutual
843 5317 103 19 consent.

1019 5347 134 26 GEORGE
1169 5345 185 27 ANDERSON.

1017 5382 152 27 WILLIAM
1187 5381 134 27 NELSON.

832 5420 228 30 Witness—George
1075 5417 63 25 Holt.

772 5453 145 27 Charleston,
926 5452 68 32 April
1009 5455 33 28 15,
1058 5454 62 23 ISG7.
1345 5452 3 32 .

1492 175 26 32 U
1546 175 23 30 B
1595 176 22 31 L
1644 176 14 30 I
1685 176 21 31 C
1780 175 279 34 NOTICE.

1645 327 50 26 The
1707 327 111 27 immense

1415 413 28 40 C
1456 415 30 37 A
1504 415 99 38 SIX
1614 416 32 38 O
1705 417 72 37 Dli
1833 417 33 37 V
1877 419 28 38 E
1919 419 99 38 XlO
2032 419 27 38 E

1494 542 23 24 Is
1529 542 68 32 being
1608 542 140 33 lengthened
1760 547 29 21 40
1802 546 56 28 feet,
1870 545 45 25 and
1927 545 47 24 will

1411 666 86 25 OPEN
1521 666 40 24 AS
1595 666 21 24 A
1649 666 192 26 BEAUTIFUL
1875 668 157 25 THEATRE
2050 671 5 23 !

1548 761 26 25 In
1586 769 14 18 a
1611 762 153 32 magnificent
1780 762 68 34 style,
1861 763 57 26 with

1527 951 56 26 And
1595 960 14 17 a
1619 952 44 25 full
1675 953 120 26 Dramatic
1807 954 129 34 Company,

1452 1044 38 26 On
1517 1044 151 32 MONDAY,
1695 1045 96 31 NEXT,
1813 1046 56 26 29th
1892 1047 107 26 APRIL.

1406 1112 151 27 TENDERS
1568 1113 67 26 FOR
1651 1113 66 26 TIIE
1734 1114 167 27 CATHOLIC
1918 1115 132 27 CHURCH

1586 1181 46 25 AT
1653 1181 225 28 CHARLESTON.

1417 1318 42 62 p
1479 1326 160 25 consequence
1649 1320 27 25 of
1692 1320 41 26 the
1744 1320 107 26 tenderer
1870 1322 37 24 for
1919 1321 39 25 the
1977 1322 73 27 above

1404 1392 107 33 building
1520 1392 89 33 having
1621 1392 71 26 failed
1712 1396 24 22 to
1755 1392 117 34 complete
1888 1392 36 25 his
1942 1395 106 23 contract

1403 1455 93 27 tenders
1507 1463 39 19 are
1555 1456 87 35 hereby
1654 1457 90 26 invited
1755 1457 38 25 for
1804 1457 40 25 the
1856 1465 73 18 same.

1432 1520 73 26 Finns
1515 1520 45 26 and
1577 1521 171 34 specifications
1759 1527 55 25 may
1825 1520 28 25 be
1867 1527 54 18 seen
1933 1522 25 21 at
1964 1518 85 27 Tobias

1968 1560 5 11 ♦

1402 1581 137 33 Glcnnon's,
1550 1582 170 31 Beach-strcet,
1733 1581 146 28 Charleston.

1432 1648 50 26 The
1502 1647 82 27 lowest
1607 1656 25 18 or
1653 1656 48 25 any
1727 1648 82 26 tender
1837 1651 41 23 not
1906 1648 142 34 necessarily

1401 1712 116 35 accepted.

1431 1781 103 24 Tenders
1543 1784 24 20 to
1578 1781 27 25 be
1616 1781 115 25 delivered
1749 1785 41 21 not
1807 1781 60 25 later
1884 1781 58 25 than
1962 1785 14 20 4
1994 1789 54 25 p.m.

1400 1853 29 16 on
1444 1844 93 32 Friday,
1550 1844 66 35 April
1630 1848 34 27 26,
1676 1849 25 21 at
1711 1846 41 25 the
1762 1846 73 25 above
1846 1844 101 28 address.

1613 1912 23 25 J.
1654 1912 96 31 Creed,

1613 1979 26 25 T.
1658 1978 132 29 Glennof,

1608 2053 30 24 -F.
1655 2053 95 29 Hehir,

1609 2112 119 28 Michael
1744 2114 96 30 Babry,

1742 2175 116 32 Building
1870 2175 148 26 Committee.

1654 2258 146 31 NOTICE.

1400 2397 179 68 rjIENDERS
1590 2397 95 27 wanted
1701 2400 24 23 to
1746 2397 48 33 Dig
1812 2405 14 18 a
1838 2397 72 27 Ditch
1922 2397 45 26 and
1979 2397 70 28 Bnild

1399 2482 13 17 a
1424 2472 46 27 Sod
1481 2473 83 32 Fence,
1577 2476 28 22 30
1616 2472 83 27 chains
1711 2473 23 25 in
1746 2472 89 33 length,
1845 2474 24 22 at
1878 2472 124 33 perchain.

1430 2535 175 35 Specifications
1624 2540 23 22 to
1664 2537 28 27 be
1703 2544 54 19 seen
1776 2545 29 18 on
1818 2536 40 26 the
1868 2536 97 34 ground,
1976 2537 51 27 half
2035 2546 14 18 a

1399 2606 55 27 mile
1464 2609 61 24 from
1537 2612 71 28 town,
1619 2617 29 18 on
1661 2610 40 25 the
1711 2609 55 26 road
1778 2612 23 21 to
1817 2609 79 26 Fox's.

1430 2677 102 26 Tenders
1551 2678 61 25 close
1633 2686 30 17 on
1682 2679 93 31 Friday,
1793 2679 40 25 the
1852 2678 63 32 2Gth,
1926 2682 25 21 at
1963 2678 84 27 twelve

1398 2745 96 32 o'clock,
1506 2751 24 20 at
1541 2748 49 25 this
1641 2756 33 18 ce.

1400 2827 57 68 N
1549 2830 21 25 0

1427 2972 52 24 The
1496 2968 93 28 Tender
1607 2968 26 26 of
1650 2968 38 25 Mr
1704 2968 31 25 A.
1756 2966 71 31 Ilind,
1839 2966 37 25 for
1882 2958 112 52 jtaaking
2008 2966 41 27 the

1398 3020 78 25 Track
1498 3019 61 25 from
1582 3017 56 27 Coal
1658 3020 72 22 street
1747 3019 24 23 to
1789 3015 39 26 the
1851 3014 83 27 B«er
1954 3015 55 26 road
2029 3016 19 25 is

1398 3067 117 33 accepted,
1536 3066 93 30 subject
1649 3069 25 21 to
1684 3064 132 25 conditions
1832 3057 207 47 oJ£y|iecificatinn
2041 3084 17 11 v

1399 3118 24 22 to
1434 3115 26 26 be
1472 3121 54 19 seen
1538 3117 23 22 at
1572 3112 94 27 Creed's
1816 3111 21 27 al
1849 3109 77 28 IftjrfJ.

1428 3179 25 24 If
1469 3181 43 21 not
1528 3175 109 34 accepted
1655 3175 79 25 before
1752 3178 14 21 3
1777 3182 54 25 p.m.
1843 3174 48 25 this
1903 3173 53 32 day,
1970 3173 78 25 Slater

1398 3226 45 24 and
1455 3224 62 26 Co.'s
1528 3222 82 26 tender
1622 3221 48 26 will
1681 3222 28 25 be
1720 3221 80 26 taken.

1609 3299 46 24 Tor
1665 3297 40 26 the
1717 3297 148 31 Committee,

1699 3360 23 25 J.
1740 3360 27 24 E.
1785 3360 38 25 W.
1841 3358 116 31 CREED,

1768 3405 155 29 Commercial
1935 3405 82 28 Hotel.

1401 3492 195 54 Telegraph
1608 3492 85 39 Line
1707 3492 40 38 of
1764 3489 122 42 Saddle
1902 3489 146 39 Horses.

1419 3621 154 32 MESSRS.
1593 3621 191 31 KENNEDY
1804 3621 23 28 &
1841 3619 193 31 WAKDLAY

1521 3711 24 22 to
1566 3706 89 27 inform
1677 3706 39 25 the
1733 3705 78 34 public
1832 3704 51 26 that
1909 3704 56 32 they
1992 3704 60 24 have

1402 3782 88 33 opened
1507 3781 87 28 stables
1604 3784 25 23 fit
1641 3781 124 33 Slattern's
1777 3779 78 33 Hotel,
1872 3779 123 33 Brighton,
2006 3779 46 26 and

1455 3843 86 26 Pakihi
1552 3842 77 33 Hotel,
1642 3842 145 27 Charleston.

1905 3873 4 26 i

1433 3972 34 25 At
1485 3970 74 26 either
1582 3970 64 34 place
1669 3970 86 25 Horses
1773 3977 54 25 may
1844 3969 27 26 be
1889 3969 110 26 obtained
2017 3969 37 26 for

1404 4033 126 32 Westport,
1536 4030 148 27 Charleston,
1695 4029 45 27 ond
1757 4030 123 30 Brighton.

1477 4137 7 14 1
1493 4133 147 32 NUTTY
1679 4131 92 32 AND
1819 4130 234 38 COLREAYY,

1685 4209 166 32 TMAKERS,
1901 4203 15 29 t

1435 4273 60 28 Coal
1508 4278 82 28 street,
1597 4272 202 32 Charleston,and
1810 4271 126 27 Gladstone
1947 4275 78 28 street,

1665 4310 132 32 Westport.
1916 4310 4 32 ,

1395 4395 3 42 j
1406 4400 72 24 Boots
1490 4400 25 23 of
1528 4405 69 25 every
1610 4397 141 33 description
1764 4395 134 26 warranted
1908 4397 26 24 «f
1946 4395 40 25 the
1999 4403 57 24 very

1640 4432 51 25 best
1704 4430 114 27 material.

1452 4510 39 50 J.
1527 4510 44 48 P.
1608 4508 400 59 CIIRISTENSON,

1474 4591 247 39 Watchmaker
1738 4591 67 38 and
1822 4591 170 46 Jeweller,

2060 4640 0 19 I

1542 4671 34 26 Of
1587 4670 117 26 Ilolcitika
1714 4670 47 26 aud
1773 4669 155 33 Grevmouth,

1409 4733 114 67 BEGS
1540 4736 25 21 to
1582 4739 122 18 announce
1722 4732 51 25 that
1797 4731 29 26 he
1851 4731 42 25 has
1911 4729 149 31 tommenced

1491 4767 106 26 business
1609 4771 58 21 next
1684 4771 24 21 to
1726 4767 41 26 the
1785 4766 72 27 Bank
1867 4766 26 25 of
1910 4765 57 28 New
1984 4768 74 30 Soutq

1408 4806 88 32 Wales,
1507 4813 57 19 near
1575 4805 40 25 the
1631 4805 107 32 Cutting.
1774 4806 23 25 A
1815 4796 122 35 first-clats
1955 4805 68 26 stock
2034 4807 26 24 of

1409 4842 98 33 English
1520 4840 103 26 watches
1634 4840 45 25 and
1698 4839 99 27 colonial
1814 4840 123 34 Jewellefy
1949 4851 29 15 ou
1991 4842 69 28 hand,

1409 4877 112 25 Watches
1533 4873 115 33 carefully
1661 4875 105 33 repaired
1777 4874 45 25 and
1835 4868 141 33 warranted.
1995 4875 52 26 Colo-

1409 4911 47 27 nial
1473 4909 124 32 Jewellery
1625 4909 181 27 manufactured
1830 4917 30 17 on
1877 4901 49 39 thej
1943 4910 117 35 premises,

1409 4948 65 32 pipes
1485 4943 120 31 mounted,
1617 4944 53 30 &e.,
1683 4945 42 25 &c.
1915 4938 9 54 j

1579 5026 138 30 PUBLIC
1744 5026 150 30 NOTICE,
1919 5033 7 28 f

1918 5066 5 23 I

1396 5110 5 34 \
1415 5112 55 26 TN
1481 5112 119 26 reference
1618 5116 24 21 to
1660 5120 29 16 an
1711 5112 186 26 advertisement
1914 5113 151 32 announcing

1396 5138 50 51 jJL
1478 5147 40 25 the
1530 5146 48 26 sale
1589 5148 25 24 of
1634 5154 40 24 my
1691 5150 119 29 property,
1829 5146 132 32 advertised
1977 5150 31 30 by
2020 5147 44 26 Mr.

1399 5183 2 38 I
1413 5186 83 27 I)wan,
1513 5183 151 30 Auctioneer,
1676 5184 73 25 inihe
1762 5184 44 25 last
1819 5184 62 25 issue
1892 5186 26 24 of
1931 5186 46 25 this
1991 5194 75 27 paper,

1415 5222 7 24 1
1436 5219 85 32 hereby
1534 5220 54 30 give
1601 5218 76 26 notice
1690 5219 50 24 that
1754 5219 9 23 I
1784 5226 71 18 never
1867 5221 136 26 authorised
2016 5223 50 23 that

1413 5253 134 34 gentleman
1559 5261 26 16 or
1597 5260 46 24 any
1656 5254 70 24 other
1744 5260 82 26 person
1843 5258 25 20 to
1888 5252 49 27 stlfr
1949 5256 41 25 the
2004 5263 62 18 same

1414 5290 56 25 And
1483 5290 36 23 for
1530 5289 53 24 that
1596 5296 25 16 or
1641 5296 46 23 any
1700 5289 81 23 future
1792 5280 192 35 announcement
1996 5292 25 23 of
2033 5290 33 23 his

1415 5329 23 21 to
1456 5324 40 24 the
1514 5330 64 18 same
1599 5322 77 30 eflect,
1698 5324 11 22 i
1728 5320 59 27 shall
1810 5322 53 26 hold
1884 5323 52 28 him
1953 5324 67 26 liable
2032 5325 34 25 for

1415 5359 118 31 damages.
1921 5359 3 31 .

1549 5406 45 24 For
1606 5406 146 25 PATRICK
1768 5406 121 32 BKODY,
1919 5385 6 58 j

1722 5454 24 26 J.
1766 5454 23 23 E.
1809 5453 100 27 DuDD.
1919 5434 123 47 Llicitor.

2139 175 310 52 WATERLOO
2493 179 195 51 HOUSE.

2143 393 218 32 KOGLAXD
2401 397 90 29 AND
2534 397 200 32 PURCXLL

2308 496 33 23 Of
2359 495 155 33 Greymouth,

2086 588 151 54 Drape
2250 604 57 36 rs,
2362 592 42 39 Si
2417 593 10 38 1
2440 593 20 37 k
2511 593 125 40 Merc
2647 607 48 26 er
2704 609 25 35 s,

2198 809 159 26 GENERAL
2387 811 222 36 OUTFITTERS,

2112 915 55 24 Will
2178 924 57 24 open
2248 917 61 26 their
2320 925 52 18 new
2383 918 119 33 premises,
2520 919 86 26 situate
2619 920 24 25 in
2662 920 52 26 Coal-

2081 1005 77 28 street,
2171 1002 145 33 Charleston,
2328 1004 23 25 in
2363 1012 14 17 a
2388 1005 47 25 few
2448 1005 64 33 days,
2523 1007 57 24 with
2593 1007 41 25 the
2640 1005 87 34 largest

2079 1091 45 24 and
2136 1094 60 22 most
2208 1093 120 24 extensive
2339 1097 142 22 assortment
2493 1095 26 24 of

2260 1180 98 27 MEN'S
2375 1181 170 28 CLOTHING

2274 1269 33 27 Of
2323 1268 30 27 all
2368 1268 160 37 descriptions,

2077 1355 190 30 MILLINERY.

2199 1444 165 33 DRAPERY,

2339 1534 114 31 BOOTS,

2441 1623 95 32 HATS,
2583 1625 49 30 &c.,
2679 1625 43 25 &c.

2320 1710 114 35 Upwards
2456 1711 26 26 of

2175 1802 66 35 200
2280 1799 106 39 Cases
2423 1799 66 38 and
2522 1799 101 39 Bales

2297 1905 71 33 Daily
2383 1905 119 33 expected.

2336 2091 120 27 Address:

2077 2181 263 40 SKOGLAND
2366 2180 104 40 AND
2502 2180 219 41 PURCELL

2305 2298 195 28 COAL-STREET,

2135 2385 113 34 Opposite
2258 2385 40 26 the
2309 2385 70 26 Bank
2387 2385 26 26 of
2424 2385 58 26 New
2490 2385 76 26 South
2577 2383 85 33 Wales,

2326 2474 146 26 Charleston.

2129 2573 149 31 TIMBER
2318 2573 152 31 TIMBER.
2513 2572 152 32 TIMBER.

2173 2670 36 25 Ex
2221 2669 101 26 Jeannie
2332 2669 109 31 Duncan,
2453 2669 61 24 from
2527 2668 91 26 Picton.

2079 2761 21 31 A
2114 2759 31 33 £
2173 2758 122 34 AAA
2312 2756 85 26 FEET
2414 2756 112 26 WHITE
2536 2756 77 26 PINE
2625 2756 98 26 SAWN

2074 2782 89 57 dtO,
2174 2782 78 43 UU
2260 2782 35 41 U
2343 2792 134 31 TIMBER,
2488 2792 130 31 consisting
2629 2792 26 24 of

2133 2850 12 22 8
2157 2855 16 17 x
2184 2847 22 31 J,
2223 2849 12 23 8
2248 2855 15 16 x
2276 2848 19 29 1,
2309 2848 26 22 12
2347 2853 15 17 x
2376 2847 19 28 1,
2409 2847 25 23 1G
2446 2853 15 16 x
2475 2847 9 22 1
2498 2843 82 27 boards

2131 2885 16 20 .1
2158 2890 15 14 X
2184 2886 21 24 3,
2219 2885 18 22 A
2246 2890 16 13 X
2272 2884 23 25 a,
2307 2884 11 18 4
2330 2887 17 15 X
2357 2883 23 24 3,
2392 2880 14 21 6
2417 2883 17 17 x
2445 2879 13 21 2
2470 2874 125 32 scantling,

2073 2916 58 36 ifow
2141 2925 104 32 landing,
2255 2924 46 26 and
2312 2924 38 25 for
2361 2921 48 27 sale
2420 2922 81 34 cheap,
2517 2922 106 34 opposite
2635 2922 26 25 th

2133 2961 97 26 Custom
2242 2959 87 31 House,
2347 2958 127 32 Wcstport,
2486 2955 80 27 Buller
2576 2957 82 25 River.

2635 2922 41 25 the
2686 2921 37 26 old

2255 3003 83 34 Apply
2348 3006 25 23 to

2209 3153 67 27 TIIE
2293 3152 130 27 FRENCH
2439 3151 145 26 BAKERY.

2079 3313 63 71 ||
2159 3316 181 28 ONNIER
2387 3316 91 26 AND
2530 3313 193 33 SAURET,

2136 3405 92 27 French
2240 3405 158 33 Pastrycooks
2414 3404 46 27 and
2479 3404 185 27 Confectioners.

2199 3563 118 35 Wedding
2328 3563 77 27 Cakes
2416 3563 68 26 made
2495 3566 24 23 to
2531 3562 72 27 order.

2107 3640 102 25 Dinners
2220 3638 75 27 baked
2306 3647 72 26 eveiy
2389 3639 45 33 day
2446 3639 62 25 from
2525 3641 26 23 10
2563 3642 24 22 to
2601 3640 33 24 12.

2145 3671 5 19 [
2299 3668 5 6 4

2107 3722 50 25 Hot
2168 3721 92 25 French
2271 3720 66 26 Rolls
2347 3728 72 25 every
2431 3720 108 31 morning
2550 3723 25 21 at
2587 3723 12 21 8
2612 3718 97 26 o'clock.

2081 3817 47 67 rp
2151 3817 26 29 H
2198 3817 23 28 E
2256 3816 152 31 EMPI
2427 3816 25 29 R
2472 3815 23 30 E
2528 3815 28 29 II
2577 3815 23 29 0
2620 3814 21 28 T
2662 3814 22 29 E
2704 3814 22 29 L

2377 3901 50 18 AND

2240 3954 159 27 BILLIARD
2423 3954 137 27 SALOON.

2079 4031 189 33 Acknowledged
2281 4035 24 21 io
2317 4032 27 24 lie
2355 4031 41 25 the
2406 4029 88 34 largest
2510 4031 45 24 and
2573 4031 51 26 best
2640 4039 30 18 on
2687 4033 40 25 the

2321 4066 68 25 West
2406 4065 80 26 Coast.

2109 4146 58 24 Two
2187 4145 26 24 of
2224 4143 124 29 "Alcock's
2366 4144 51 25 best
2438 4142 97 26 Billiard
2668 4144 58 26 with

2079 4184 81 31 patent
2172 4179 104 26 climatic
2286 4178 120 27 cushions.

2111 4216 73 25 ('lies'?
2194 4214 46 26 and
2252 4213 109 33 Draught
2373 4213 92 27 Tables.

2110 4250 51 26 The
2173 4250 45 26 Bar
2229 4250 20 25 is
2261 4249 109 34 provided
2392 4249 58 26 with
2466 4250 40 26 the
2523 4250 102 26 choicest
2645 4249 83 27 brands

2080 4287 25 25 of
2117 4286 93 30 liquors.

2111 4320 67 26 Bass'
2195 4319 44 26 No.
2257 4322 21 27 2,
2295 4318 57 26 New
2372 4319 76 30 Brew,
2466 4319 88 34 always
2573 4328 30 17 on
2615 4323 55 30 tnp,.
2700 4323 28 22 98

2085 4393 52 66 JTJ
2228 4390 285 26 PATER
2559 4391 17 25 S
2623 4393 20 24 0
2690 4393 39 31 N,

2111 4463 136 31 MINING,.
2262 4463 118 29 HOUSE,
2397 4469 50 18 AND
2464 4463 91 26 LAND
2577 4465 121 26 AGENT.

2157 4536 165 31 Agreements,
2334 4533 133 33 Contracts,
2479 4536 51 31 Sec.,
2540 4537 118 33 prepared.

2112 4594 71 26 Cases
2201 4590 141 27 Conducted
2363 4590 24 26 in
2410 4591 40 26 the
2472 4592 125 27 Warden's
2619 4594 79 26 Court.

2083 4671 107 27 Creed's
2208 4683 5 21 ;
2222 4671 164 26 Commercial
2417 4673 95 31 Hotel,
2551 4675 188 26 Coal-street..

2087 4770 182 68 IypSSRS.
2300 4770 229 35 ROBERTSON
2558 4775 83 31 AND
2662 4777 71 36 CO.,

2110 4897 241 49 Auctioneers,
2385 4898 107 40 Stock
2524 4901 185 50 Salesmen,

2389 5016 51 16 AND

2225 5098 209 27 COMMISSION
2459 5099 140 29 AGENTS.

2079 5281 4 57 j
2138 5282 143 26 Valuations
2295 5281 76 27 made.
2408 5284 96 34 Prompt
2516 5291 99 23 account
2627 5288 66 27 sales.

2080 5329 5 31 I

2300 5361 145 34 Temporary
2457 5361 85 34 Oflice:

2132 5442 38 38 P.
2208 5435 46 44 H.
2290 5438 148 39 Elliott's
2470 5440 107 53 Nag's
2607 5445 108 41 Head.

2766 181 10 22 r
2777 181 21 66 j
2803 181 10 19 l
2836 182 26 30 It
2882 182 22 31 i;
2960 184 22 29 C
3056 182 224 33 AM
3112 185 19 28 I'
3159 181 29 66 H
3216 181 29 66 0
3273 181 28 66 T
3324 185 20 30 E

2848 257 227 41 Maiii-streot.
3104 260 214 39 Charleston.

2870 337 23 26 J.
2911 339 28 32 Q.
2956 338 150 32 WALKER,
3127 339 167 26 Proprietor.

2790 426 154 28 Commercial
2970 427 141 28 Gentlemen
3139 427 98 33 visiting
3266 427 135 27 Charleston

2761 461 45 26 will
2818 462 47 24 find
2877 463 30 25 all
2919 464 39 25 the
2975 464 113 24 comforts
3100 467 24 20 to
3139 462 27 25 he
3178 468 47 20 met
3247 462 56 25 with
3315 464 23 23 in
3354 471 47 23 any

2759 504 34 18 we
2817 497 99 26 1-rdered
2927 496 70 27 hotel.

2788 532 50 26 The
2850 532 71 25 Table
2932 534 19 22 is
2963 534 84 24 second
3057 537 24 21 to
3092 541 68 21 none,
3168 532 44 24 and
3224 532 40 25 the
3273 533 127 24 Bedrooms

2757 574 39 17 are
2805 567 74 26 clean,
2890 567 58 31 airy,
2960 567 44 24 and
3016 566 158 26 comfortable.

2787 602 51 26 The
2850 601 89 32 Wines,
2951 602 96 34 Spirits,
3057 606 52 27 etc.,
3121 603 46 25 and
3181 602 58 27 Malt
3253 602 97 33 Liquors
3361 610 39 19 are

2757 637 26 24 of
2795 638 39 24 tiie
2846 637 107 25 Choicest
2967 638 97 24 Brands.

2786 672 22 24 A
2821 669 103 36 splendid
2935 669 96 28 Billiard
3042 672 72 25 Ruom
3127 669 11 36 i
3149 669 12 36 3
3172 669 101 36 attached,
3285 672 57 25 with
3353 680 28 17 on

2755 706 25 24 of
2791 705 111 27 Alcock's
2914 715 57 24 very
2982 707 50 25 best
3043 706 80 33 tables,

2900 792 231 31 TERION
3186 792 26 30 il
3234 793 108 30 OTE
3362 793 34 35 L,

2987 854 174 19 COAL-STREET.

2836 896 110 27 JAMES
2963 896 156 32 PARSONS,
3139 897 166 25 Proprietor.

2782 984 50 25 The
2843 984 73 26 above
2927 984 62 26 hotel
3009 984 42 25 has
3062 984 56 26 been
3131 983 104 33 recently
3245 984 94 33 opened,
3350 984 45 25 and

2752 1017 39 26 the
2803 1019 127 33 proprietor
2941 1027 44 17 can
2996 1018 144 34 confidently
3155 1023 74 22 assert
3240 1018 52 25 that
3308 1019 30 25 all
3355 1019 39 26 the

2753 1053 87 31 Wines,
2853 1054 91 33 Spirits,
2956 1054 44 25 and
3018 1052 60 28 Malt
3090 1055 100 31 Liquors
3207 1057 24 21 at
3250 1054 46 24 this
3315 1055 80 25 House

2752 1096 39 16 are
2800 1089 25 23 of
2836 1089 41 24 the
2888 1089 50 25 best
2949 1089 91 25 brands.

2754 1170 207 71 SHAMROCK
3008 1172 110 27 HOTEL
3169 1170 225 28 RESTAURANT

3050 1216 50 16 AND

2921 1242 124 27 LIVERY
3073 1243 152 31 STABLES,

2779 1295 17 25 J
2827 1295 21 25 0
2879 1294 23 24 H
2934 1293 21 25 N
3036 1292 26 25 M
3083 1294 5 11 '
3111 1292 21 26 G
3164 1292 20 25 K
3217 1293 22 24 A
3272 1292 20 23 T
3323 1292 40 30 11,

3001 1340 139 34 Proprietor,

2876 1391 70 26 Main
2968 1391 103 30 Street,
3088 1390 174 26 Charleston.

2777 1470 51 26 The
2845 1470 73 25 above
2935 1467 63 27 hotel
3010 1468 40 25 has
3066 1466 52 32 just
3136 1467 56 25 been
3210 1475 42 17 con
3256 1465 90 35 .pitted,
3358 1475 22 17 re-

2747 1505 103 31 gardless
2857 1505 26 24 of
2894 1511 107 25 expense,
3013 1506 25 21 to
3048 1501 95 33 provide
3154 1501 139 33 respectable
3301 1510 76 17 accom-

2748 1539 118 26 modation
2887 1541 24 21 to
2933 1537 86 33 parties
3040 1535 100 32 visiting
3156 1535 146 26 Charleston.
3340 1536 51 25 The

2749 1574 111 31 Culinary
2883 1573 155 33 Department
3063 1571 20 25 is
3104 1569 129 27 conducted
3257 1571 73 26 under
3351 1571 40 25 the

2748 1609 144 33 supervision
2904 1609 24 24 of
2944 1615 29 17 an
2993 1606 99 26 efficient
3109 1606 65 27 cook,
3184 1604 48 26 and
3250 1605 19 25 is
3287 1605 104 35 supplied

2747 1645 58 25 with
2817 1642 31 26 all
2860 1643 39 25 the
2910 1640 122 27 delicacies
3043 1641 26 25 of
3080 1640 39 26 the
3132 1647 87 18 season.
3252 1640 82 26 Wines
3344 1640 46 25 and

2748 1679 84 33 Spirits
2862 1678 26 25 of
2915 1677 40 24 the
2983 1676 102 25 choicest
3116 1674 92 25 brands.
3262 1675 129 25 Extensive

2747 1712 108 34 Stabling
2874 1712 20 26 is
2913 1710 109 28 attached
3040 1714 24 23 to
3081 1709 39 27 the
3137 1708 120 37 premises,
3267 1709 46 26 and
3331 1710 50 26 first-

2747 1750 59 24 class
2819 1750 88 23 Horses
2918 1746 90 33 always
3020 1755 30 16 on
3062 1746 56 25 hire.

2749 1808 315 74 QHARLESTON
3112 1808 145 31 STEAM
3304 1808 89 31 SAW

3016 1899 122 40 MILLS,

2835 1995 92 27 Situate
2939 2002 28 19 on
2980 1993 39 27 the
3031 1993 72 26 Bank
3116 2000 31 18 of
3158 1999 48 19 the
3219 1991 86 27 Riveh.

2777 2144 50 26 The
2843 2143 77 34 public
2939 2150 38 19 are
2994 2141 152 35 respectfully
3157 2140 116 27 informed
3284 2141 51 25 that
3353 2140 39 26 the

2746 2206 72 25 above
2829 2205 65 34 plant
2906 2206 41 24 lias
2958 2204 97 31 arrived,
3066 2203 44 26 and
3127 2204 40 24 the
3178 2201 156 33 undersigned
3345 2201 47 24 will

2747 2269 27 25 be
2790 2269 25 25 in
2832 2277 14 17 a
2863 2268 101 34 position
2983 2270 25 23 to
3024 2267 46 26 Cut
3081 2266 95 26 Timber
3187 2270 25 20 to
3229 2272 46 25 any
3286 2262 107 34 required

2747 2331 89 31 length,
2847 2331 24 24 in
2882 2338 15 16 a
2907 2331 47 24 few
2965 2329 64 31 days.

3225 2374 25 27 C.
3273 2372 90 28 NEES.

2749 2462 166 31 mHOS.
2989 2461 40 31 G.
3098 2456 293 37 M'CARTHY,

2926 2555 59 25 Late
2995 2554 69 26 Mace
3075 2552 45 27 and
3132 2552 85 32 Dixon,

2748 2638 97 27 vErated
2856 2637 102 27 Mineral
2968 2637 91 31 Water,

2886 2707 95 33 Liquor,
2994 2703 98 33 Cordial,
3104 2704 45 26 and
3161 2704 140 33 Gicgcrbeer

3205 2775 186 31 Manufacturer,

2745 2851 23 18 f
2768 2849 181 25 —Main
2972 2847 104 29 Street,
3099 2841 170 29 Charleston.

2780 3031 27 25 T.
2826 3030 29 25 G.
2876 3028 126 32 M'Carthy
3014 3028 54 32 begs
3086 3030 25 22 to
3127 3027 87 24 inform
3226 3027 40 24 the
3278 3025 76 34 public
3364 3026 25 25 of

2750 3078 137 27 Charleston
2909 3078 52 25 that
2982 3077 30 25 he
3038 3077 20 24 is
3078 3074 112 35 prepared
3210 3078 25 22 to
3256 3074 83 35 supply
3360 3082 30 18 an

2749 3126 82 28 article
2843 3127 26 26 of
2880 3126 40 26 the
2931 3133 58 26 very
3000 3126 50 24 best
3061 3124 148 34 description.

2751 3218 40 71 J
2829 3274 9 11 .

3090 3213 26 31 A
3172 3213 22 30 T
3252 3213 21 32 C
3334 3212 29 32 H
3387 3237 6 15 ,

2810 3334 220 30 PASTRYCOOK
3042 3335 20 24 &
3076 3331 259 32 CONFECTIONER,

2751 3410 272 55 Nonpareil
3079 3409 82 39 Pie
3215 3408 178 47 House,

2820 3544 241 36 COAL-STREET,
3091 3540 232 37 CHARLESTON,

2780 3767 23 27 J.
2815 3766 38 33 11.,
2875 3766 24 26 in
2918 3765 97 32 making
3034 3763 49 26 this
3106 3764 191 25 announcement
3313 3763 24 24 to
3353 3761 41 26 the

2751 3824 76 36 public
2845 3824 26 26 of
2893 3822 146 32 Charleston,
3055 3822 56 33 begs
3130 3825 25 22 to
3164 3820 87 26 inform
3262 3819 65 26 them
3344 3818 54 26 that

2754 3912 194 41 BALLS
3000 3911 76 39 and
3131 3907 267 43 SUPPERS

2753 4022 50 26 Can
2819 4022 27 24 be
2865 4024 40 29 got
2923 4028 31 26 up
2969 4027 30 18 on
3010 4019 39 25 the
3068 4018 102 25 shortest
3190 4017 83 29 notice,
3291 4015 46 26 and
3347 4015 25 26 in
3384 4024 14 17 a

2753 4082 60 34 style
2824 4083 26 25 of
2860 4081 170 33 magnificence
3040 4079 104 26 hitherto
3150 4076 163 36 unattempted
3320 4085 30 19 on
3359 4077 39 25 the

2754 4145 67 27 West
2832 4145 78 27 Coast.

2785 4208 50 26 Hot
2846 4206 65 27 Rolls
2921 4214 73 25 every
3004 4206 109 32 morning
3122 4212 25 18 at
3158 4208 13 21 8
3189 4212 53 17 a.m.
3275 4203 78 26 Coffee
3370 4210 26 17 as

2890 4241 3 20 l

2763 4278 14 17 n
2796 4271 97 29 France,
2911 4268 121 26 combined
3050 4268 57 25 with
3127 4267 109 31 comfort,
3250 4265 148 31 cleanliness,

2755 4331 46 26 and
2813 4338 120 26 economy.

2785 4392 116 32 Wedding
2913 4392 77 25 Cakes
3001 4390 68 28 made
3081 4394 23 22 to
3116 4389 73 26 order.

2787 4580 195 26 N.B.—Dinners
2992 4579 75 26 baked
3078 4586 70 24 every
3160 4577 52 32 day.

2944 4807 45 33 (Of
3000 4807 59 25 Rees
3071 4805 44 26 and
3127 4803 90 35 Tyler),

2849 4925 170 40 Barrister
3051 4923 66 38 and
3153 4921 165 39 Solicitor.

2780 5119 85 25 Office:
2909 5118 84 26 Coal
3026 5117 125 27 Street,
3195 5117 201 26 Charleston

3031 5321 118 28 SI'RGEON,

2772 5407 50 26 Can
2843 5405 27 26 be
2892 5403 123 28 <o:isulted
3037 5408 23 22 nt
3083 5406 40 25 the
3144 5405 75 33 Royal
3241 5406 77 28 Hotel,
3341 5407 75 26 Main-
