2550 4039
1317 1582 41 21 We
1374 1581 137 23 understand
1529 1582 48 21 that
1596 1583 41 20 Mr.
1652 1582 96 21 D-uvson
1765 1581 40 21 has
1821 1581 57 22 hecn

1291 1609 120 26 appointed
1424 1612 22 18 to
1457 1613 35 17 act
1502 1609 52 21 with
1567 1609 43 21 Mr.
1623 1609 104 26 Murphy.
1757 1609 44 21 Mr.
1813 1609 66 21 Daw-

1290 1643 39 13 son
1343 1636 19 21 is
1380 1643 47 13 now
1443 1639 23 17 at
1482 1635 37 22 the
1532 1636 46 27 Bay
1588 1635 25 21 of
1626 1635 92 26 Islands,
1730 1635 45 21 and
1786 1643 52 19 may
1852 1635 27 21 hi

1291 1663 107 26 expected
1412 1662 53 22 here
1480 1663 31 26 by
1526 1662 38 22 the
1584 1666 53 18 next
1654 1662 88 21 arrival.
1774 1663 20 20 It
1811 1662 17 21 is
1846 1662 34 20 in-

1290 1689 89 25 tended,
1391 1696 32 14 we
1433 1689 94 26 believe,
1537 1689 47 21 tint
1595 1696 42 14 one
1645 1689 26 20 of
1678 1689 61 21 these
1749 1689 130 26 gentlemen

1290 1716 18 22 is
1318 1720 21 17 to
1351 1716 65 21 make
1427 1715 119 27 periodical
1558 1716 61 21 visits
1627 1719 22 17 to
1657 1715 37 21 the
1705 1715 89 22 various
1805 1715 75 21 settle-

1290 1746 72 18 ments
1374 1743 21 21 in
1406 1742 81 22 Cook's
1497 1743 14 21 S
1523 1743 60 20 raits.
1614 1742 39 20 We
1663 1749 104 20 presume
1776 1742 48 21 that
1837 1741 42 22 Mr.

1290 1769 115 21 Robinson
1422 1769 44 21 will
1483 1769 107 21 continue
1605 1773 23 17 at
1639 1769 95 26 Akaroa,
1749 1769 33 21 for
1795 1768 84 26 though

1292 1797 35 21 the
1343 1799 180 18 announcement
1535 1796 20 20 in
1572 1795 98 26 to-day's
1684 1802 74 20 paper,
1776 1795 104 21 obtained

1292 1823 54 21 from
1365 1823 37 21 the
1415 1823 87 20 London
1518 1823 93 23 Gazette,
1629 1827 44 16 sets
1683 1822 62 21 aside
1756 1821 36 21 the
1804 1821 76 22 claims

1291 1850 25 20 of
1324 1850 84 21 France
1424 1853 22 17 to
1462 1851 141 25 sovereignty
1614 1856 53 13 over
1677 1856 43 18 any
1732 1853 50 22 part
1798 1849 26 20 of
1844 1848 36 21 the

1292 1876 87 22 Islands
1389 1877 25 21 of
1422 1877 53 21 New
1487 1876 107 24 Zealand,
1602 1876 48 21 that
1659 1875 129 21 settlement
1797 1875 85 26 having

1292 1904 54 21 been
1355 1910 54 14 once,
1418 1903 93 26 formed,
1520 1910 31 14 we
1558 1909 95 20 suppose
1663 1902 43 21 will
1715 1903 27 19 be
1751 1902 105 21 continue
1866 1904 14 19 I.

1293 1929 39 23 We
1351 1930 56 21 have
1426 1930 57 22 been
1501 1929 118 26 informed,
1638 1936 28 14 on
1684 1929 58 26 good
1760 1929 119 26 authority,

1292 1957 52 26 that,
1355 1957 31 27 by
1397 1964 12 13 a
1419 1961 75 17 return
1511 1960 50 18 se.it
1577 1957 53 21 here
1647 1962 61 14 some
1719 1955 54 21 time
1784 1955 68 26 since,
1864 1957 18 19 it

1292 1983 115 25 appeared,
1428 1990 56 13 even
1504 1983 61 23 then,
1584 1983 38 19 the
1643 1981 91 26 English
1752 1988 58 14 were
1828 1982 52 25 only

1291 2008 92 21 inferior
1401 2009 22 20 iv
1445 2008 105 22 numbers
1565 2008 30 27 by
1616 2008 59 20 three
1696 2012 22 16 to
1736 2007 37 20 the
1794 2007 86 21 French

1292 2035 127 26 population
1431 2040 21 15 at
1465 2035 90 21 Akaroa
1563 2042 6 19 ;
1586 2033 148 22 henceforvva;
1740 2033 41 21 dit
1792 2041 51 22 may
1854 2034 27 20 be

1292 2061 106 27 expected
1419 2061 47 21 th.it
1541 2062 101 20 increase
1662 2060 43 21 will
1723 2060 28 21 hs
1772 2060 51 21 with
1844 2060 37 21 the

1294 2088 97 26 English,
1404 2089 44 20 and
1460 2088 54 22 tint,
1526 2088 22 21 in
1561 2095 13 14 a
1582 2088 41 21 few
1633 2087 97 25 months,
1744 2087 37 21 the
1795 2087 86 21 French

1292 2115 42 21 will
1346 2115 56 21 form
1414 2115 40 21 but
1463 2122 13 14 a
1485 2115 65 21 small
1565 2114 128 28 proportion
1705 2114 25 20 of
1740 2113 38 21 the
1790 2113 92 28 popula-

1292 2142 45 20 tion
1349 2142 26 20 of
1383 2142 46 20 that
1439 2142 136 20 settlement.

230 2199 118 20 LATEST
361 2199 110 20 DATES.

54 2472 51 44 New
105 2472 44 44 Zealand
149 2472 496 44 Gazette.

102 2530 66 21 AND
185 2528 212 23 WELLINGTON
413 2528 186 22 SPECTATOR.

174 2584 131 23 Saturday,
321 2582 75 21 April
412 2583 33 24 10,
462 2583 60 20 1841.

1319 2180 20 20 A
1350 2180 100 26 meeting
1464 2180 25 20 of
1504 2179 38 21 the
1557 2178 158 22 Shareholders
1731 2178 26 21 of
1770 2178 37 21 the
1823 2178 59 22 Wel-

1292 2206 85 26 lington
1404 2206 122 27 Exchange
1546 2214 44 13 was
1605 2205 52 22 held
1675 2209 23 17 at
1718 2204 36 22 the
1772 2206 73 21 Stores
1861 2206 25 21 of

1294 2233 89 21 Messrs.
1395 2233 127 27 llidjrways,
1534 2234 99 26 Guyton,
1645 2232 44 21 and
1701 2232 66 26 Earp,
1777 2239 28 14 on
1816 2232 67 21 Wed-

1292 2255 83 31 nl'sday
1386 2260 47 26 last,
1447 2260 33 21 for
1491 2260 36 21 the
1538 2267 93 19 purpose
1647 2259 25 21 of
1685 2258 105 24 deciding
1799 2266 59 18 u;h>:i
1871 2267 12 13 a

1292 2287 51 26 plan
1365 2287 25 20 of
1404 2286 36 22 the
1457 2286 107 22 intended
1580 2286 125 26 buildings;
1725 2286 28 21 G.
1772 2286 25 20 B.
1817 2286 64 26 Earp,

1295 2314 57 27 Esq.,
1364 2314 22 20 in
1398 2314 36 20 the
1445 2314 69 21 chair.
1547 2314 51 21 Five
1614 2313 63 27 plans
1688 2320 57 14 were
1762 2312 122 22 submitted

1292 2345 22 17 to
1325 2341 37 21 the
1374 2340 144 27 approbation
1531 2341 25 20 of
1564 2340 36 22 the
1609 2340 104 26 nveting,
1725 2339 34 22 viz
1768 2347 4 13 :—:
1774 2350 28 4 —

1449 2367 33 16 No.
1495 2368 14 15 1.
1525 2367 26 21 By
1564 2367 33 16 Mr.
1610 2367 24 16 St.
1649 2366 42 19 Hill,

1492 2389 16 15 2.
1563 2388 34 16 Mr.
1609 2388 25 16 St.
1645 2387 45 19 Hill,

1492 2410 15 15 3.
1562 2409 35 16 Mr.
1609 2408 75 19 Wilson,

1492 2430 16 16 4.
1563 2430 34 16 Mr.
1610 2430 98 18 Cockburn,

1492 2452 16 14 5.
1564 2450 33 16 Mr.
1609 2450 100 16 Cockburn.

1320 2471 65 22 After
1400 2479 61 14 some
1480 2472 87 21 further
1583 2471 130 25 discussion,
1733 2470 8 19 1
1751 2470 37 21 lan
1809 2470 43 21 No.
1870 2472 14 19 4

1293 2505 43 14 was
1346 2499 104 25 adopted,
1462 2498 42 21 and
1517 2498 93 21 ordered
1621 2503 21 16 to
1658 2498 26 21 lie
1696 2498 73 26 begu.i
1781 2496 103 23 immedi-

1293 2525 65 27 ately.
1390 2525 88 22 Messrs.
1497 2526 128 26 Ridgways,
1643 2524 100 27 Guyton,
1763 2524 44 21 and
1826 2524 58 26 Earp

1292 2552 56 21 .have
1366 2552 110 26 promised
1488 2559 13 14 a
1512 2552 61 27 piece
1592 2552 25 21 of
1630 2551 53 21 land
1699 2559 28 13 on
1745 2551 84 22 section
1844 2552 52 20 209-

1294 2579 33 21 for
1336 2586 68 14 seven
1415 2586 70 19 years,
1498 2583 24 17 at
1531 2587 11 13 a
1553 2578 100 22 nominal
1664 2583 56 19 rent,
1732 2578 53 21 with
1797 2578 39 21 the
1847 2576 49 32 usejs

1294 2606 25 21 of
1327 2606 57 21 their
1398 2606 54 26 pier,
1465 2613 49 14 now
1532 2606 21 21 in
1570 2613 77 14 course
1665 2605 26 21 of
1703 2613 10 13 c
1727 2605 83 25 pefion,
1823 2604 34 22 for
1872 2606 24 20 tt.

1293 2632 71 26 signal
1380 2632 89 22 station.
1497 2632 49 21 The
1565 2632 119 26 Exchange
1703 2631 44 22 will
1763 2632 26 21 be
1807 2639 11 13 a
1835 2639 47 19 pro-

1294 2660 87 21 minent
1389 2659 74 27 object
1473 2662 22 19 to
1512 2659 82 22 vessels
1605 2659 101 24 entering
1724 2658 37 22 the
1779 2658 105 27 harbour,

1294 2686 42 21 and
1353 2689 23 18 at
1390 2686 35 21 the
1442 2693 61 14 same
1521 2686 53 22 time
1594 2686 43 21 will
1657 2685 63 22 itself
1734 2685 121 22 command
1873 2693 12 14 a

1294 2713 54 22 view
1355 2713 27 21 of
1386 2720 66 20 every
1460 2717 49 23 part
1517 2713 26 21 of
1550 2714 23 21 it.
1588 2713 18 20 It
1614 2713 17 21 is
1642 2712 108 27 proposed
1759 2717 22 16 to
1790 2716 97 18 connect

1294 2749 13 12 a
1316 2740 55 21 code
1382 2740 25 21 of
1417 2740 83 26 signals)
1515 2740 100 21 between
1635 2739 42 21 this
1695 2739 129 22 Institution
1842 2739 43 22 and

1294 2767 95 21 Somes's
1402 2766 81 25 Island,
1496 2774 24 14 or
1531 2774 60 13 sum?
1603 2766 25 21 of
1641 2766 37 21 the
1688 2766 35 26 adj
1732 2771 61 16 icent
1806 2773 80 14 mmin-

1296 2794 55 21 iains
1362 2794 146 26 overlooking
1519 2794 36 21 the
1567 2794 84 25 Strait*,
1661 2801 24 13 so
1696 2793 49 21 that
1751 2792 37 22 the
1797 2793 90 22 earliest

1294 2821 142 27 intelligence
1447 2828 51 19 may
1509 2821 28 20 be
1549 2820 115 28 conveyed
1682 2824 22 17 to
1720 2820 39 21 the
1774 2820 112 21 Colonists

1294 2848 25 21 of
1327 2848 36 21 the
1374 2848 81 21 arrival
1472 2848 26 21 of
1511 2847 82 22 vessels
1603 2847 56 22 from
1680 2848 6 20 1
1699 2847 84 27 ngland
1795 2855 26 14 or
1831 2847 56 22 else-

1296 2874 81 20 where.

1322 2913 21 21 It
1353 2912 101 21 hasbeen
1461 2912 118 27 suggested
1585 2918 21 15 to
1613 2919 25 14 us
1650 2912 48 21 that
1705 2912 83 21 vessels
1798 2912 90 27 trading

1295 2947 27 14 on
1344 2938 37 22 the
1396 2943 67 21 coast,
1478 2939 20 21 if
1515 2939 115 28 requiring
1646 2935 95 29 bnllnsC
1752 2939 72 26 might
1837 2939 50 22 take

1295 2967 21 20 in
1327 2966 68 24 slif&*
1409 2966 34 21 for
1459 2966 47 21 that
1524 2973 94 20 purpose
1628 2966 72 21 where
1710 2966 54 27 they
1778 2966 66 21 could
1860 2967 27 21 be

1295 2993 112 22 obtained.
1435 2992 96 28 Though
1546 2993 48 27 just
1609 2997 22 17 at
1641 2992 37 22 the
1692 2997 195 18 commencement

1295 3020 61 22 these
1367 3019 73 28 shells,
1451 3020 63 21 when
1522 3019 130 27 discharged
1663 3020 59 26 here,
1731 3019 73 27 might
1812 3024 39 17 not
1859 3020 28 21 be

1294 3047 48 22 sold
1352 3046 86 28 rapidly
1450 3055 24 12 or
1485 3051 21 16 to
1517 3054 44 19 any
1569 3051 63 22 great
1643 3046 133 27 advantage,
1792 3051 39 22 yet
1842 3048 21 19 in
1875 3055 13 13 a

1294 3074 56 22 little
1371 3074 59 26 time,
1451 3074 63 21 when
1534 3074 18 20 it
1569 3081 43 14 was
1630 3081 50 14 seen
1702 3073 49 21 that
1771 3080 12 14 a
1802 3074 84 21 certain

1294 3100 80 28 supply
1384 3101 25 21 of
1426 3100 52 22 lime
1499 3100 66 21 could
1583 3108 24 13 so
1626 3100 28 21 be
1672 3100 112 26 obtained,
1798 3100 61 21 there
1870 3100 17 21 is

1294 3128 56 21 little
1361 3128 69 21 doubt
1446 3127 18 21 it
1480 3127 73 22 would
1572 3127 92 22 become
1675 3134 13 14 a
1706 3126 118 28 profitable
1844 3127 43 21 and

1295 3155 83 21 certain
1398 3154 77 21 article
1496 3154 26 21 of
1543 3154 44 21 sale
1607 3154 35 21 for
1660 3153 145 28 shipowners.
1847 3154 39 21 We

1294 3189 37 14 are
1341 3181 91 22 assured
1451 3181 47 21 that
1515 3189 28 13 on
1560 3188 63 14 some
1641 3186 60 22 parts
1720 3180 27 22 of
1769 3180 37 22 the
1826 3185 63 17 coast

1294 3208 68 22 shells
1384 3215 40 14 can
1444 3208 27 21 be
1490 3212 41 22 got
1549 3208 52 21 with
1617 3208 85 27 facility
1721 3207 46 22 and
1783 3208 24 21 in
1826 3211 63 23 great

1296 3235 139 20 abundance.

1903 148 22 20 of
1932 148 44 20 this
1986 148 122 25 distressing
2118 148 140 26 catastrophe,
2273 153 30 14 we
2312 147 59 20 learn
2381 148 46 19 that
2441 147 46 20 that

1903 175 83 26 portion
1996 175 25 20 of
2029 175 35 20 the
2075 175 104 25 buildings
2190 175 50 19 used
2250 174 34 20 for
2293 175 36 18 the
2340 180 90 20 purpose
2440 174 23 19 of
2475 181 13 12 a

1903 202 117 19 bakehouse
2030 209 42 13 was
2082 203 35 18 the
2133 208 62 13 scene
2210 202 24 19 of
2247 202 35 19 the
2298 201 102 20 outbreak
2416 201 24 19 of
2453 201 34 19 the

1902 229 43 20 fire.
1976 229 71 20 About
2063 236 12 13 a
2089 231 85 24 quarter
2190 231 22 17 to
2227 235 39 13 one
2281 228 84 19 o'clock
2379 228 108 25 yesterday

1903 256 103 25 morniug,
2016 257 37 19 the
2065 257 79 21 bakes,
2156 256 46 19 win
2213 261 52 14 were
2280 257 20 17 at
2310 254 66 22 work,
2387 254 86 20 observe
2480 255 7 18 I

1903 283 71 19 smoke
1985 283 62 19 about
2059 283 35 19 the
2105 283 111 25 buildings,
2228 282 40 19 and
2279 285 31 16 set
2320 281 65 20 about
2394 282 37 19 the
2440 282 47 19 task

1903 310 22 19 of
1938 311 140 24 ascertaining
2087 311 35 18 the
2137 316 62 13 cause
2207 317 5 17 ;
2226 309 79 25 though
2319 308 76 20 unable
2412 313 23 14 to
2446 308 42 19 dis-

1903 342 61 14 cover
1981 337 35 19 the
2036 339 97 23 aperture
2154 337 90 24 through
2264 336 68 19 which
2357 335 35 20 the
2416 335 72 20 smoke

1903 369 63 17 came,
1988 364 154 25 apprehension
2159 364 25 18 of
2202 363 76 25 danger
2292 362 84 20 warned
2390 362 57 19 them
2466 365 23 17 to

1903 391 59 25 bring
1972 393 37 17 out
2019 391 37 19 the
2066 391 36 19 fire
2120 391 75 24 engine
2211 390 51 25 kept
2279 395 27 14 oa
2324 389 36 20 the
2380 389 107 25 premises,

1903 417 38 20 and
1952 421 22 15 to
1985 420 34 22 get
2034 424 13 12 a
2057 417 76 26 supply
2148 417 23 19 of
2180 421 62 15 water
2253 417 62 24 ready
2326 419 22 16 to
2364 419 33 16 act
2406 416 22 19 in
2440 421 48 15 case

1903 445 24 19 of
1934 450 131 20 emergency.
2095 445 18 19 A.
2191 444 24 19 of
2223 450 56 13 some
2287 443 91 19 minutes
2388 443 101 19 occurred

1902 472 39 19 and
1957 472 61 19 while
2036 478 28 13 no
2082 471 59 20 flame
2159 471 109 25 appeared,
2287 471 35 18 the
2340 470 111 20 emissions
2467 470 24 19 of

1902 499 72 19 smoke
1987 505 47 13 now
2044 499 84 19 became
2139 504 58 14 more
2214 498 63 19 dense
2286 497 41 19 and
2343 497 85 19 column
2439 497 49 19 like.

1903 526 24 19 In
1938 527 42 19 this
1990 529 56 17 state
2055 527 24 19 of
2086 531 101 20 suspense
2204 525 35 19 the
2251 524 108 20 workmen
2374 524 65 19 called
2453 524 36 19 the

1902 553 105 20 labourers
2018 560 29 13 on
2057 554 35 19 the
2108 553 101 25 premises
2219 555 21 16 to
2251 551 54 19 their
2315 551 122 23 assistance,
2448 551 41 19 and

1903 581 73 19 waited
1995 581 36 20 the
2049 586 127 20 appearance
2195 579 24 19 of
2233 579 35 19 the
2284 579 80 22 flames,
2381 578 26 25 by
2422 579 67 19 which

1902 609 60 19 alone
1972 609 17 19 it
1999 609 76 19 should
2085 614 56 13 seem
2157 607 50 25 they
2217 606 60 20 could
2289 606 94 19 discover
2393 611 27 13 on
2435 606 55 18 what

1902 638 46 23 part
1964 635 24 19 of
1999 636 36 19 the
2051 635 99 26 premises
2165 635 36 19 the
2211 635 43 22 fire,
2266 633 80 25 though
2362 633 127 22 smothered,

1903 668 39 14 was
1952 666 22 16 at
1985 663 34 19 the
2030 669 56 13 same
2096 663 50 19 time
2157 661 73 26 taking
2237 667 12 13 a
2257 660 76 20 fearful
2343 660 40 19 and
2393 659 98 26 frightful

1903 689 56 20 hold.
1990 689 109 26 Presently
2111 696 12 12 a
2133 689 57 26 glare
2206 689 24 19 of
2240 688 13 19 li
2256 701 12 12 b
2269 688 24 18 ht
2303 687 61 19 burst
2374 687 65 22 forth,
2450 687 41 19 and

1903 716 113 26 displayed,
2028 717 23 19 in
2061 717 63 19 awful
2137 716 82 25 reality,
2233 715 35 19 the
2285 715 105 19 existence
2407 714 25 19 of
2443 714 45 23 fire,

1904 744 66 18 which
1981 744 122 19 threatened
2120 750 13 12 a
2146 749 75 14 course
2235 743 24 19 of
2272 744 45 18 vast
2330 742 43 19 and
2387 741 52 19 wide
2455 741 34 19 de-

1903 770 111 20 vastation.
2042 771 45 19 The
2104 771 63 19 alarm
2186 770 42 20 bell
2244 776 40 13 was
2299 776 54 18 rung
2355 779 25 4 —
2381 769 42 19 and
2438 774 53 19 runs?

1903 798 67 25 again.
1999 798 29 19 At
2039 798 50 19 such
2098 804 26 12 an
2134 798 61 21 hour,
2204 803 12 13 a
2226 800 83 22 quarter
2320 800 21 16 to
2350 802 39 13 one
2399 795 90 22 o'clock,

1904 824 40 19 and
1960 824 24 19 in
1999 825 36 18 the
2054 824 92 20 stillness
2160 824 25 19 of
2202 824 35 19 the
2252 824 67 25 night,
2337 824 29 18 its
2380 823 51 19 loud
2446 823 45 25 peal

1903 851 91 26 frighted
2023 852 28 19 he
2070 850 154 27 neighbouring
2238 850 138 23 inhabitants,
2393 850 47 20 who
2458 856 32 13 re-

1904 878 93 26 sponded
2007 881 22 17 to
2040 879 37 19 the
2091 879 53 19 criei
2161 878 25 19 of
2202 878 34 19 the
2251 878 75 25 police,
2340 878 59 19 'Mire
2400 888 27 3 —

1905 906 39 19 and
1961 906 111 25 springing
2087 906 24 19 of
2126 906 81 19 rattles.
2237 904 85 20 Crowds
2333 904 24 20 of
2369 910 58 14 some
2437 904 54 20 hun-

1905 933 48 20 dred
1971 933 24 20 of
2012 933 107 19 workmen
2139 933 67 24 living
2226 938 49 13 near
2291 932 35 19 the
2346 932 104 25 premises
2469 931 22 20 in

1905 960 58 20 small
1983 963 125 20 tenements,
2123 960 41 19 and
2182 960 71 19 whose
2272 960 85 19 labours
2380 959 41 19 had
2441 958 51 20 been

1904 988 78 25 nviinly
1992 988 92 19 directed
2097 991 23 16 to
2131 988 35 19 the
2177 987 82 25 rearing
2272 987 24 19 of
2308 986 44 20 this
2362 985 130 26 stupendous

1905 1016 38 19 and
1958 1016 83 25 elegant
2061 1017 113 21 structure,
2190 1016 40 18 an'l
2247 1014 90 19 families
2353 1013 78 20 rushed
2448 1013 45 20 into

1905 1044 34 19 the
1949 1046 83 19 streets,
2044 1043 128 25 responding
2185 1045 22 16 to
2219 1042 34 19 the
2264 1042 46 22 call,
2322 1041 42 20 and
2375 1041 21 18 in
2407 1041 35 19 the
2453 1040 40 26 yell

1905 1070 22 20 of
1943 1070 80 26 dismay
2038 1071 41 18 and
2094 1076 77 19 agony,
2186 1070 82 24 leaving
2286 1069 55 19 their
2357 1068 81 22 homes,
2453 1068 40 19 and

1905 1097 101 25 wringing
2017 1097 56 20 their
2082 1097 66 19 hands
2159 1097 21 18 in
2193 1103 11 12 a
2214 1099 53 16 state
2280 1096 24 19 of
2319 1095 90 25 despair.
2440 1094 53 21 Self-

1905 1125 142 26 preservation
2058 1124 74 23 taught
2141 1124 52 19 each
2204 1129 39 14 one
2254 1126 21 16 to
2286 1123 50 19 look
2347 1125 38 16 out
2395 1122 34 19 for
2439 1122 53 19 him-

1905 1152 45 24 self,
1962 1152 40 19 anl
2013 1158 23 13 as
2048 1152 35 19 the
2092 1151 39 20 fire
2146 1150 79 20 rushed
2238 1150 57 19 forth
2311 1150 57 19 from
2385 1150 35 19 the
2437 1150 56 19 buil-

1906 1179 48 25 ding
1974 1179 21 19 in
2014 1179 82 19 thicker
2117 1178 40 19 and
2177 1178 67 19 closer
2265 1183 85 17 masses,
2372 1176 16 19 it
2408 1177 86 19 became

1906 1207 89 22 evident,
2007 1207 47 18 that
2065 1206 71 19 unless
2146 1205 28 25 by
2185 1211 56 13 some
2258 1204 78 26 special
2353 1204 141 19 Providential

1906 1234 39 23 aid,
1957 1233 36 19 the
2004 1233 130 20 destruction
2145 1233 24 19 of
2178 1232 66 19 whole
2258 1235 75 17 streets
2340 1231 67 20 would
2414 1231 78 20 follow.

1905 1261 44 20 The
1960 1261 37 19 fire
2008 1261 63 25 raged
2087 1261 20 18 in
2119 1260 27 19 all
2161 1260 29 19 its
2207 1259 56 25 fury,
2274 1259 41 19 and
2330 1259 37 19 the
2383 1261 59 23 great
2458 1259 35 19 de-

1906 1289 102 19 struction
2023 1288 25 19 of
2059 1291 98 22 property
2168 1293 41 13 was
2219 1287 63 24 going
2292 1292 35 14 on.
2359 1285 134 27 Fir'unatsly

1906 1318 20 17 at
1940 1315 44 20 this
1997 1315 99 25 juncture
2107 1321 13 13 a
2129 1317 74 22 strong
2220 1318 60 21 parly
2294 1313 24 19 of
2334 1313 92 25 military
2437 1320 56 13 cams

1907 1346 20 17 to
1939 1343 35 19 the
1985 1343 81 24 ground
2077 1342 40 19 and
2128 1341 51 19 to;>k
2192 1341 52 19 their
2255 1341 63 19 stitio
2334 1346 11 13 s
2355 1340 33 20 for
2399 1341 37 19 the
2446 1347 46 19 pre-

1907 1370 104 20 servation
2022 1370 25 20 of
2062 1372 98 23 property
2179 1369 54 19 from
2249 1368 90 26 plunder
2347 1375 5 16 ;
2369 1368 59 19 these
2442 1374 51 14 were

1908 1397 113 20 succeeded
2039 1397 27 25 by
2077 1397 78 22 others,
2167 1396 42 20 ar.i
2221 1396 105 25 presently
2338 1395 103 25 appeared
2453 1395 38 19 His

1908 1425 126 24 Excellency
2051 1425 35 19 the
2103 1423 116 24 Governor,
2230 1424 50 19 with
2298 1422 89 20 Colonel
2403 1423 88 24 Barney,

1908 1452 148 25 accompanied
2066 1452 26 25 by
2103 1457 57 14 some
2174 1451 50 19 staff
2232 1451 87 22 officers,
2332 1450 46 19 who
2388 1450 105 19 remained

1908 1486 26 13 on
1943 1480 36 19 the
1989 1479 83 25 ground
2083 1479 70 25 nearly
2163 1478 60 20 three
2232 1478 71 23 hours,
2317 1480 38 16 not
2367 1477 77 25 having
2457 1477 37 19 left

1908 1507 34 20 the
1960 1513 62 13 scene
2041 1506 25 20 of
2082 1506 131 19 devastation
2231 1506 53 19 ui.ril
2301 1505 37 19 the
2353 1505 72 19 fl-unes
2442 1510 51 14 were

1908 1534 127 26 sufficiently
2045 1536 36 23 got
2091 1533 66 20 under
2173 1536 22 16 to
2206 1539 74 14 ensure
2296 1532 36 20 the
2343 1531 67 26 safety
2421 1531 24 19 of
2459 1532 35 19 the

1908 1561 179 26 neighbourhood.,
2099 1561 67 19 which
2184 1561 32 19 for
2232 1567 57 13 some
2304 1559 52 20 time
2373 1559 120 19 threatened

1908 1592 21 16 to
1946 1589 35 25 lay
1997 1589 68 19 whole
2082 1591 75 17 streets
2174 1588 23 19 in
2216 1588 64 19 ruins.
2316 1588 18 18 A
2352 1586 54 20 little
2424 1586 70 19 before

1908 1616 104 26 day-light
2022 1622 58 14 some
2094 1616 24 19 of
2131 1616 35 19 the
2184 1616 48 19 roof
2242 1615 34 20 fell
2287 1614 30 23 in,
2329 1614 42 19 and
2385 1614 76 19 tended
2473 1616 20 17 to

1907 1644 61 25 bring
1985 1644 35 19 the
2040 1644 73 19 flames
2133 1644 22 18 in
2173 1642 125 25 subjection.
2334 1641 40 20 We
2392 1641 58 24 hear,
2467 1647 26 13 on

1908 1677 39 20 goo
1955 1672 6 18 1
1978 1671 114 25 authority,
2112 1671 45 19 that
2173 1671 36 18 the
2226 1670 105 24 buildings
2348 1675 35 13 are
2400 1669 36 18 the
2453 1669 42 20 sole

1909 1703 98 21 property
2016 1699 24 19 of
2050 1698 42 19 Mr.
2103 1698 56 19 John
2171 1698 66 24 Terry
2250 1697 93 24 Hughes,
2355 1696 109 19 estimited
2475 1699 20 16 at

1908 1726 18 20 j£
1922 1727 6 6 J
1932 1727 96 23 120,000.
2058 1726 44 19 The
2113 1727 86 18 current
2207 1724 157 26 responsibility
2373 1723 22 19 of
2404 1725 36 18 the
2450 1724 44 19 firm

1910 1753 22 20 of
1941 1753 87 26 Hughes
2040 1753 40 19 and
2092 1752 105 25 Hosking.
2209 1752 21 19 in
2240 1751 126 20 connection
2376 1751 50 18 with
2437 1751 57 18 other

1909 1781 95 25 portions
2018 1781 24 19 of
2059 1780 34 19 the
2110 1782 101 23 property
2222 1778 121 23 consumed,
2355 1778 18 20 is
2390 1778 68 19 stated
2473 1781 20 16 at

1909 1807 105 21 itiO.OOO.
2055 1807 50 19 Two
2129 1807 86 23 vesseli,
2235 1806 67 19 which
2326 1806 36 25 lay
2385 1805 57 20 cloie
2468 1806 27 18 o.f

1912 1835 85 24 Hughes
2014 1834 42 20 and
2073 1834 117 25 Hosking's
2209 1833 71 24 wharf,
2294 1833 41 20 had
2352 1837 22 16 to
2390 1833 42 25 slip
2442 1832 53 20 their

1910 1862 75 23 cables,
2004 1862 43 19 and
2063 1868 59 13 moor
2139 1864 21 16 at
2177 1867 57 13 some
2253 1861 93 19 distance
2452 1859 42 20 The

1909 1890 182 19 Austral-Asiatic
2115 1889 82 19 Review
2217 1889 96 19 observes
2333 1889 47 18 that
2399 1888 37 18 the
2454 1887 41 19 loss

1910 1920 96 16 amounts
2017 1920 23 16 to
2050 1918 13 9 •'
2072 1917 94 25 upwards
2178 1915 24 21 of
2211 1916 112 23 £170,000
2335 1915 24 19 of
2371 1915 67 19 which
2449 1915 46 25 only

1910 1946 17 19 i;
1932 1945 75 22 12,000
2028 1943 66 26 (some
2110 1947 102 17 accounts
2230 1950 35 19 say
2283 1943 38 19 but
2336 1943 96 25 .£3,000)
2444 1948 51 14 were

1938 1997 87 20 Extract
2042 1997 54 19 from
2114 2004 12 12 a
2145 1997 81 24 private
2242 1997 61 18 letter
2319 1996 113 19 addressed
2449 1999 22 15 to
2486 2002 11 12 a

1910 2025 121 19 mercantile
2041 2025 47 19 firm
2099 2024 24 19 of
2131 2024 43 19 this
2184 2027 56 15 town
2247 2031 6 11 :
2266 2027 13 6 *'
2290 2023 9 19 I
2308 2023 53 19 hive
2370 2023 51 19 been
2433 2023 64 19 round

1911 2052 40 19 and
1969 2052 63 19 could
2051 2054 37 17 not
2103 2051 23 19 in
2142 2051 69 19 words
2228 2051 37 19 tell
2285 2056 41 19 you
2346 2051 37 19 the
2405 2050 92 20 dreadful

1913 2079 107 22 sacrifice;
2042 2079 62 23 flour,
2122 2078 106 20 hundreds
2244 2078 24 19 of
2282 2081 47 16 tons
2334 2088 25 3 —
2360 2084 69 19 sugar,
2446 2078 51 19 hun-

1912 2107 48 19 dred
1972 2107 25 19 of
2012 2108 50 18 tons
2065 2117 25 3 —
2091 2106 48 20 beef
2153 2106 42 19 and
2212 2106 60 25 pork,
2289 2105 114 22 hundreds,
2423 2105 11 19 I
2451 2112 43 18 miy

1912 2140 35 19 say
1964 2134 117 20 thousan-is
2098 2134 25 19 of
2136 2136 49 16 tons
2186 2143 28 4 —
2216 2140 53 15 rum,
2287 2133 89 25 brandy,
2387 2133 43 24 gin,
2442 2139 54 19 rope,

1912 2164 38 19 tar,
1958 2165 81 22 porter,
2051 2161 38 23 ale,
2101 2167 12 13 a
2124 2167 61 18 carjjo
2197 2160 23 20 of
2230 2160 67 23 India,
2308 2160 42 19 and
2360 2160 46 20 also
2416 2166 13 13 a
2439 2166 57 19 cirgo

1912 2189 23 19 of
1944 2188 102 20 Himbro'
2062 2188 72 26 goods,
2146 2188 21 19 iv
2180 2189 42 19 fact
2232 2188 17 19 it
2265 2188 69 19 would
2345 2188 26 19 be
2381 2187 116 26 impossible

1912 2216 32 19 for
1953 2223 33 12 i:i3
2004 2219 21 16 to
2037 2216 93 19 describe
2148 2216 36 19 the
2202 2216 90 25 burning
2301 2221 65 15 miss,
2378 2215 26 19 all
2414 2221 54 19 gone
2477 2214 20 20 in

1912 2249 40 14 one
1962 2244 37 19 fell

1940 2271 25 20 In
1985 2277 41 14 oiie
2043 2271 23 20 of
2084 2271 27 19 its
2127 2270 84 26 leading
2222 2270 89 23 articles,
2324 2270 36 19 the
2378 2270 120 19 Australian

1913 2298 143 21 recommends
2070 2300 35 18 th
2106 2300 16 18 3
2117 2298 102 19 creditors
2230 2298 24 19 of
2268 2298 35 19 the
2315 2298 45 19 firm
2374 2297 22 19 of
2417 2298 80 24 Hughes

1912 2326 40 20 and
1964 2326 99 26 llosking
2073 2328 21 17 to
2106 2331 58 14 come
2183 2325 89 20 forward
2283 2324 32 20 for
2326 2326 36 19 tha
2374 2326 49 19 sake
2433 2325 24 19 of
2466 2326 32 18 the

1913 2359 81 14 comma
1999 2354 47 25 nity
2056 2354 113 25 generally,
2178 2353 41 19 and
2230 2353 26 25 by
2268 2353 106 25 renewing
2384 2352 55 20 their
2447 2352 49 22 bills,

1913 2383 46 21 &c,
1971 2385 88 21 prevent
2069 2388 13 13 a
2091 2381 60 19 crisis
2162 2380 68 20 which
2245 2386 46 20 may
2301 2380 113 20 otherwise
2423 2380 73 21 follow,

1913 2409 35 19 the
1958 2409 83 25 forcing
2052 2411 100 23 property
2161 2408 47 20 into
2223 2408 35 20 the
2277 2408 89 23 market,
2378 2408 66 19 which
2460 2407 38 19 will

1913 2439 37 15 not
1960 2436 44 18 And
2014 2442 13 12 a
2038 2436 40 18 fair
2087 2436 52 18 sale.

1941 2464 99 19 Sydney
2073 2463 126 19 Markets.
2208 2463 67 19 —Van
2304 2463 111 19 Diemin's
2444 2461 52 20 Land

1912 2491 68 20 wheat
1999 2491 17 20 is
2032 2491 81 26 quoted
2129 2493 23 17 at
2166 2492 32 19 Bs.
2210 2497 36 20 per
2260 2490 83 22 bushel,
2355 2490 84 26 Sydney
2448 2489 48 20 ditto

1912 2520 31 18 4s.
1955 2522 23 16 to
1990 2520 30 18 7s.

1940 2546 41 20 Ass
1990 2548 58 18 stant
2068 2546 98 20 Colonial
2184 2545 109 26 Secretary
2313 2545 131 25 Harrington
2462 2544 34 19 has

1903 2573 62 24 -^jean
1986 2574 111 20 dismissed
2117 2574 33 19 for
2170 2574 106 25 improper
2300 2573 91 19 conduct
2412 2575 22 17 to
2458 2572 38 19 Mr.

2006 2601 69 20 Willis
2086 2601 22 19 in
2119 2601 106 19 reference
2235 2604 22 16 to
2268 2608 12 12 a
2289 2601 57 19 book
2358 2601 35 19 the
2403 2603 94 22 property

1903 2623 34 25 ~of
1952 2629 36 19 tha
2005 2628 145 20 Government
2167 2628 68 20 which
2253 2628 35 20 the
2305 2628 71 25 Judge
2386 2627 51 20 took
2447 2627 49 19 from

1914 2656 34 19 the
1959 2656 78 26 library
2047 2658 22 17 to
2081 2656 67 19 which
2159 2656 17 19 it
2190 2656 41 19 had
2241 2656 52 19 been
2310 2655 130 26 improperly
2450 2655 46 19 lent.

1914 2684 43 19 The
1968 2684 63 19 latest
2048 2684 137 24 intellgence
2202 2683 53 20 from
2275 2683 98 25 England
2388 2688 40 14 was
2443 2688 25 19 up
2479 2684 18 17 tn

1915 2711 35 20 the
1959 2712 38 19 nth
2007 2711 24 20 of
2041 2711 124 20 November.
2195 2710 42 21 Mr.
2253 2711 88 20 Nichols
2359 2710 24 20 of
2396 2710 36 19 the
2447 2710 50 19 Aus-

1915 2739 78 19 tralian
2004 2743 36 15 Has
2052 2739 50 19 been
2114 2738 112 26 presented
2237 2739 49 19 with
2296 2745 12 13 a
2319 2737 95 21 valuable
2425 2737 71 20 service

1915 2766 23 20 of
1951 2766 56 26 plate
2025 2766 28 26 by
2063 2767 35 19 the
2115 2766 85 26 Sydney
2211 2766 148 26 ship-owners.
2388 2764 45 21 Tha
2447 2770 48 13 mar-

1914 2794 46 19 kets
1972 2794 62 19 much
2046 2800 22 13 as
2079 2794 70 19 before
2157 2801 4 15 ;
2179 2794 67 19 wheat
2257 2794 71 19 rather
2339 2794 71 19 lower.

1940 2822 102 19 Wheat.
2044 2832 28 3 —
2072 2821 45 20 Ten
2134 2822 105 19 thousand
2249 2822 86 19 bushels
2346 2821 25 20 of
2385 2820 66 19 wheat
2460 2818 37 20 will

1915 2849 24 20 be
1950 2856 12 13 a
1969 2849 98 20 Iverlised
2077 2849 31 19 for
2118 2849 27 25 by
2154 2849 36 20 the
2202 2848 158 21 Commissariat
2367 2848 33 19 for
2408 2847 41 20 this
2458 2846 39 20 siJe

1915 2877 36 19 the
1962 2877 79 23 Island,
2053 2876 40 20 and
2103 2877 40 19 five
2159 2877 106 19 thousand
2282 2876 85 19 bushels
2384 2876 32 19 for
2434 2874 62 19 Laun-

1916 2908 79 19 ceston,
2007 2904 102 26 probably
2120 2904 21 19 in
2153 2905 36 19 the
2205 2907 49 17 next
2275 2903 93 21 Gazette.
2397 2902 50 20 This
2460 2900 36 20 will

1915 2933 52 19 have
1978 2932 55 20 little
2051 2932 60 20 effect
2122 2938 27 13 on
2166 2932 37 19 the
2214 2931 88 24 market,
2313 2931 61 20 there
2388 2930 62 24 being
2463 2931 33 16 not

1915 2960 40 20 less
1967 2960 51 19 than
2032 2966 14 12 a
2061 2962 85 23 quarter
2162 2959 25 20 of
2200 2966 13 13 a
2229 2959 80 20 million
2327 2957 84 21 bushels
2429 2957 24 19 of
2465 2956 31 19 old

1916 2987 67 20 wheat
1998 2993 28 13 on
2044 2987 62 23 hand,
2119 2987 81 19 besides
2217 2987 35 19 the
2268 2986 93 26 produce
2373 2985 22 19 of
2410 2985 34 19 the
2460 2984 36 19 late

1915 3015 91 19 harvest.
2035 3015 46 19 The
2091 3015 151 25 consump:ion
2251 3014 24 20 of
2283 3015 36 19 the
2329 3013 68 20 whole
2407 3012 54 20 lalan
2470 3011 26 19 iis

1916 3042 111 19 estimated
2055 3044 22 17 at
2102 3042 65 19 about
2195 3042 58 19 three
2277 3041 98 20 hundred
2399 3038 97 21 thousand

1917 3069 83 20 bushels
2011 3075 38 18 per
2058 3075 87 14 annum.

1936 3096 51 20 The
1996 3096 43 20 Wk
2048 3104 3 4 •
2058 3102 72 14 ther.
2132 3107 27 3 —
2159 3095 69 21 There
2237 3096 38 20 has
2282 3096 54 20 been
2343 3102 14 14 a
2364 3095 131 21 continuancs

1917 3124 23 19 of
1948 3124 40 19 fair
1998 3124 91 19 weather
2099 3124 77 25 during
2194 3124 35 19 the
2244 3124 64 23 week,
2324 3123 69 20 which
2405 3122 47 19 with
2465 3121 30 19 the

1917 3152 36 19 hot
1964 3151 50 26 days
2027 3152 37 19 has
2074 3151 60 25 again
2145 3150 60 21 dried
2216 3157 26 20 up
2253 3151 35 20 the
2300 3151 50 20 land
2362 3157 11 14 s
2380 3157 5 12 >
2396 3156 22 14 as
2433 3152 19 17 to
2461 3149 33 19 im-

1917 3178 51 26 pede
1986 3179 137 25 agricultural
2140 3179 128 25 operations.
2296 3178 70 21 There
2383 3178 17 19 is
2417 3183 27 13 no
2453 3182 41 19 pro-

1917 3206 87 26 bability
2014 3206 25 20 of
2054 3213 12 12 a
2080 3207 87 25 change,
2177 3206 36 20 the
2223 3206 118 20 barometer
2358 3206 61 24 bsing
2432 3203 63 26 steaJy

1917 3236 21 18 at
1948 3234 27 19 o0
1986 3234 80 22 inches,
2079 3234 149 20 thermometer
2238 3237 22 17 at
2270 3240 55 13 noon
2337 3239 84 17 average
2433 3232 30 19 74.

1944 3261 52 20 The
2007 3261 127 21 Markets.
2136 3272 26 4 —
2165 3262 18 19 L
2193 3262 37 19 ttle
2242 3269 24 12 or
2277 3268 26 13 no
2312 3262 80 24 change
2402 3260 54 19 since
2463 3262 33 15 our

1917 3289 47 20 last.
2008 3290 78 19 Wueat
2103 3295 97 20 averages
2222 3291 29 19 7s.
2271 3289 42 20 and
2334 3289 44 21 bd.,
2398 3287 28 20 all
2444 3285 52 20 other

1917 3316 83 21 articles
2021 3323 23 14 as
2064 3317 79 20 before.
2179 3317 46 20 The
2244 3323 57 14 same
2322 3318 22 18 tt
2364 3315 130 20 Launcestoa.

1918 3345 28 19 At
1962 3343 86 27 Sydney
2064 3345 67 19 wheat
2148 3350 22 14 as
2186 3344 63 20 fallen
2267 3350 13 13 a
2296 3343 62 24 little,
2377 3343 16 20 it
2407 3344 88 21 averages

1918 3372 29 19 (is.
1950 3382 28 5 —
1979 3371 46 20 that
2032 3372 26 20 of
2065 3372 41 20 this
2118 3371 83 25 Colony
2211 3378 40 14 one
2261 3371 86 25 shilling
2357 3376 63 14 more.

2019 3425 72 23 VAN
2111 3425 170 23 DIEMAN'S
2301 3424 101 24 LAND.

1322 3272 40 21 We
1374 3280 37 14 are
1421 3272 108 22 indebted
1541 3276 33 17 tor
1585 3275 37 18 the
1632 3279 115 14 summnvv
1757 3272 26 19 of
1795 3272 92 27 English

1296 3299 43 21 and
1348 3299 101 22 Colonial
1462 3307 60 14 news
1533 3300 20 21 in
1567 3299 44 21 thi*
1626 3299 62 27 dny's
1707 3300 95 23 Gaze'ie,
1815 3303 23 17 to
1849 3306 40 15 our

1296 3326 188 26 contemporaries
1508 3326 38 21 the
1564 3327 85 20 Hohart
1671 3327 63 20 Town
1757 3327 93 23 Courier,
1866 3326 26 21 of

1296 3354 22 19 M
1328 3353 45 22 irch
1387 3355 4 18 1
1397 3353 45 23 9th.
1455 3352 37 23 the
1505 3354 95 20 Colonial
1612 3355 68 19 Times
1690 3354 43 21 and
1743 3354 37 21 the
1788 3354 101 21 Austral-

1294 3382 83 19 Asiatic
1386 3382 90 21 Review,
1488 3381 26 20 of
1527 3381 79 21 March
1619 3383 32 20 16.
1656 3380 21 23 h.

1322 3418 33 22 To
1376 3418 160 22 SoßscnißEKs.
1538 3430 28 4 —
1567 3418 54 22 This
1639 3418 97 22 number
1759 3418 130 22 terminates

1296 3445 36 22 the
1343 3444 75 23 fouith
1428 3451 91 20 quarter
1530 3446 25 20 of
1567 3453 41 14 our
1622 3453 74 18 papor.

1375 3498 141 23 SYDNEY
1534 3499 275 22 INTELLIGENCE.

88 2641 51 23 The
150 2640 86 31 barque
247 2637 87 27 James,
348 2638 59 22 from
428 2637 92 24 Hohart
532 2638 82 29 Town,
628 2639 17 23 it

55 2674 46 23 will
113 2674 28 23 be
153 2681 61 21 seen,
228 2672 41 23 has
282 2671 117 23 furnished
411 2679 27 16 us
452 2671 52 23 with
518 2672 38 23 the
574 2672 72 30 grati-

55 2708 66 30 fying
144 2707 144 30 intelligence
312 2705 25 23 of
358 2705 56 23 New
438 2705 101 23 Zealand
562 2704 85 31 having

55 2740 59 23 been
135 2740 88 23 erected
242 2738 48 23 into
307 2746 13 15 a
338 2742 103 27 separate
462 2738 96 30 Colony.
595 2738 51 23 The

56 2773 144 24 commercial
375 2771 26 23 of
417 2771 46 23 this
475 2771 120 23 alteration
614 2779 32 15 we

56 2806 158 24 endeavoured
226 2809 22 18 to
262 2809 59 18 trace
334 2805 22 22 in
368 2812 41 15 our
421 2804 45 23 last
478 2804 94 23 number
581 2814 7 19 ;
603 2804 44 23 and

55 2848 35 15 we
102 2848 38 15 are
153 2837 123 25 convinced
288 2837 52 31 they
352 2837 45 23 will
409 2837 27 24 be
450 2837 98 23 realized
567 2846 29 14 on
609 2838 38 23 the

57 2872 174 24 establishment
254 2871 26 23 of
300 2879 14 15 a
337 2871 96 23 Custom
460 2870 89 27 House,
572 2871 75 23 which

55 2910 64 19 must
131 2905 54 24 tako
203 2905 63 31 place
285 2904 61 31 prior
366 2909 22 17 to
403 2903 38 24 the
464 2907 35 21 Ist
518 2903 26 24 of
553 2904 94 31 August

56 2943 64 25 next,
141 2938 38 24 the
198 2939 51 23 date
267 2937 66 23 when
351 2937 93 31 levying
462 2936 75 25 duties
557 2937 45 24 will
619 2937 28 24 be

57 2972 155 22 commenced.

179 3143 104 25 Downing
293 3143 75 21 Street,
381 3143 119 20 November
508 3144 35 23 20,
557 3143 61 20 1840.

92 3005 51 24 The
154 3013 62 16 same
224 3003 95 25 London
330 3003 93 23 Gazette
435 3003 72 24 which
516 3011 131 16 announces

56 3038 46 24 this
116 3039 94 30 change,
224 3038 17 22 it
261 3037 44 23 will
323 3037 26 23 be
367 3044 53 16 seen
440 3037 30 31 by
483 3036 37 24 the
533 3037 114 31 following

57 3077 96 24 extract,
166 3071 105 32 appoints
292 3070 96 31 Captain
410 3070 97 23 Hobson
526 3070 120 24 Governor

57 3106 45 22 and
114 3103 274 25 Commander-in-Chief
397 3103 24 23 of
433 3103 56 24 New
501 3104 111 23 Zealand.

109 3172 44 20 Her
172 3172 92 25 Majesty
283 3171 38 19 has
341 3171 52 19 been
413 3171 90 25 pleased,
525 3171 28 25 by
572 3171 74 19 letters

57 3202 75 24 patent
142 3199 66 20 under
218 3199 36 19 the
268 3197 64 21 Great
346 3198 47 20 Seal
403 3198 24 19 of
436 3199 35 18 the
489 3197 78 21 United
578 3197 69 26 King-

57 3227 58 22 dom,
127 3230 22 16 to
160 3229 56 18 erect
226 3226 35 19 the
276 3225 81 20 Islands
371 3225 25 20 of
409 3225 52 20 New
471 3225 94 20 Zealand
574 3226 46 19 into
635 3232 12 13 a

58 3254 89 20 district
156 3254 42 20 and
208 3255 94 22 separate
313 3253 90 24 Colony.

88 3282 46 20 The
145 3282 72 21 Queen
229 3281 35 19 has
274 3280 53 20 been
342 3280 82 26 pleased
442 3283 23 17 to
478 3280 89 26 appoint
575 3279 72 21 John*

59 3309 97 24 Hobson,
168 3309 44 26 Esq
223 3322 6 9 ,
240 3307 89 26 Ciptain
344 3308 21 19 in
375 3308 36 19 the
424 3307 66 26 Royal
501 3308 67 25 Navy,
585 3311 22 17 to
622 3308 25 20 be

59 3337 109 19 Governor
182 3336 41 20 and
237 3334 250 21 Commander-in-Chief
494 3336 24 18 of
528 3335 50 20 New
593 3335 54 21 Zea-

134 3374 28 4 —
162 3363 87 21 London
262 3363 92 19 Gazette.

94 3398 47 24 For
159 3397 133 33 publishing
309 3402 24 18 at
355 3405 12 15 a
391 3397 78 31 timely
490 3401 101 20 moment
610 3397 38 24 the
660 3399 3 31 [

59 3432 170 23 Proclamation
242 3430 97 31 Captain
359 3430 96 23 Hobson
473 3430 99 31 brought
589 3431 59 23 from

59 3465 116 30 England,
184 3463 55 25 with
251 3464 147 22 instructions
407 3468 21 18 to
441 3464 61 23 issue
515 3465 19 21 it
548 3469 23 18 at
584 3472 13 14 a
609 3464 39 22 fit-

59 3498 54 31 ting
125 3497 155 32 opportunity,
293 3496 36 23 his
341 3496 141 32 Excellency
494 3497 42 23 has
546 3497 103 23 received

59 3531 47 24 this
118 3531 66 23 mark
196 3531 26 23 of
231 3529 156 31 approbation.
424 3530 49 24 But
484 3538 32 15 we
525 3530 56 23 infer
589 3530 59 23 from

59 3564 47 25 this
118 3569 36 19 act
166 3564 23 23 of
200 3562 116 34 approval,
330 3562 48 23 that
394 3563 35 22 his
448 3563 141 31 Excellency
603 3563 45 23 will

59 3597 58 25 have
138 3602 22 18 to
184 3595 66 26 stand
269 3603 25 15 or
312 3595 41 24 fall
370 3596 30 30 by
419 3596 36 22 his
474 3604 49 15 own
542 3596 105 24 conduct.

59 3631 48 24 His
130 3631 81 23 earlier
233 3628 149 32 proceedings
401 3636 58 15 were
483 3629 166 31 unquestioned

59 3664 31 31 by
109 3672 35 21 us,
156 3664 45 22 and
219 3670 32 16 we
269 3665 76 27 regret
363 3661 49 23 that
435 3662 35 22 his
494 3670 61 15 more
571 3667 78 19 recent

57 3702 50 19 acts
120 3697 57 24 have
194 3697 60 23 been
266 3695 26 24 of
307 3702 14 16 a
338 3694 117 25 character
467 3695 73 25 which
558 3703 29 15 no
605 3696 43 22 im-
661 3696 2 16 '

56 3730 85 31 partial
155 3728 125 33 journalist
298 3727 66 24 could
375 3728 66 22 avoid
459 3728 129 30 censuring.
625 3728 24 24 It

59 3765 21 22 is
91 3768 40 19 not
144 3768 37 19 too
192 3763 46 23 late
251 3761 34 23 for
298 3761 97 30 Captain
415 3760 98 24 Hobson
534 3766 22 18 to
568 3769 80 23 escape

59 3796 59 24 from
141 3796 38 24 the
202 3794 57 26 false
276 3794 99 31 position
395 3794 46 23 into
466 3794 72 23 which
557 3794 28 23 lie
608 3794 41 23 has

57 3830 59 23 been
129 3829 76 24 thrust
215 3829 32 31 by
259 3827 35 23 his
307 3827 108 23 advisers.
453 3827 30 26 If,
496 3827 112 28 however,
620 3827 29 24 he

59 3867 85 21 cannot
162 3870 25 16 or
203 3861 47 24 will
268 3865 40 19 not
326 3861 95 23 retrieve
440 3860 36 23 his
494 3860 106 32 position,
619 3860 30 24 he

59 3904 54 22 may
125 3900 46 19 rest
189 3893 95 25 assured
302 3893 64 24 Lord
384 3893 61 23 John
458 3893 94 23 Russell
565 3893 44 24 will
622 3894 27 23 be

59 3928 72 24 found
148 3937 26 15 as
191 3927 69 31 ready
278 3931 24 18 to
320 3926 85 32 punish
421 3926 38 23 for
476 3926 133 27 dereliction,
627 3927 25 24 of
661 3945 3 5 .

118 3972 10 12 •
140 3970 44 16 Thin
192 3968 66 18 should
264 3968 47 17 have
319 3968 46 17 b«en
372 3968 108 17 William.—
479 3968 34 17 Ep.
521 3968 67 17 N.Z.G.

668 160 64 30 duty,
745 167 25 15 as
783 164 22 18 to
816 158 85 24 reward
913 158 35 23 for
956 157 99 24 conduct
1066 155 93 24 deemed
1169 155 87 31 worthy

669 193 25 22 of
704 193 35 22 his
751 191 155 31 approbation.

702 224 44 24 We
758 229 82 19 cannot
850 224 42 23 but
903 223 57 31 hope
972 222 49 23 that
1037 221 38 24 the
1092 228 50 16 new
1158 221 98 30 position

669 257 108 31 occupied
786 257 30 30 by
829 257 95 30 Captain
937 255 98 23 Hobson
1047 254 45 23 will
1104 254 94 22 awaken
1211 253 45 23 him

669 294 23 19 to
709 298 13 15 a
735 298 66 15 sense
820 290 25 23 of
866 290 35 22 his
920 289 74 22 duties
1013 293 22 18 to
1054 287 45 23 this
1118 286 137 23 settlement.

670 322 39 23 He
721 330 42 16 can
775 330 28 15 no
816 322 77 29 longer
907 329 83 15 excuse
1006 321 35 21 his
1060 318 90 31 neglect
1168 318 25 23 of
1213 318 44 23 this

669 355 129 23 settlement
810 363 29 14 on
850 354 39 23 the
899 354 52 30 plea
963 353 49 23 that
1030 353 28 23 he
1076 352 42 23 has
1136 355 38 19 not
1193 351 64 23 suffi-

669 388 61 22 cient
747 395 95 23 powers.
888 386 124 23 Whatever
1029 391 87 25 powers
1134 384 84 30 belong
1237 388 21 17 to

669 420 40 23 the
721 421 118 22 Governor
851 419 25 23 of
890 427 14 15 a
917 418 96 31 Colony,
1032 425 38 15 are
1082 424 49 16 now
1144 416 79 31 placed
1236 417 22 21 in

671 452 35 23 his
716 453 73 23 hands
798 461 5 19 ;
824 452 42 23 and
879 452 54 30 they
949 450 56 23 have
1023 450 57 23 been
1097 449 80 31 placed
1197 449 61 22 there

669 485 143 31 principally,
824 485 20 22 if
857 489 40 18 not
912 483 103 30 entirely,
1035 483 31 30 by
1084 482 38 23 the
1141 482 117 23 Directors

670 518 25 23 of
710 518 38 23 the
761 518 56 23 New
829 516 100 24 Zealand
943 516 124 30 Company,
1080 515 35 22 for
1123 515 39 22 the
1172 514 56 23 sake
1238 514 23 22 of

669 550 39 23 the
721 551 88 30 Colony
1028 546 145 25 established.
1200 547 58 23 Not-

669 583 162 30 withstanding
853 583 30 22 all
911 581 49 24 that
984 581 41 23 has
1049 580 89 32 passed,
1163 588 32 15 we
1218 588 41 14 can

668 616 80 31 hardly
772 616 85 23 believe
880 615 50 23 that
948 614 98 31 Captain
1070 612 97 24 Hobson
1191 613 21 22 is
1235 621 24 14 so

669 649 80 23 devoid
762 649 26 23 of
801 649 38 22 the
850 648 85 30 feeling
946 647 26 23 of
982 647 93 30 justice,
1094 653 25 16 or
1138 654 25 14 so
1182 646 77 22 insen-

669 682 57 22 sible
738 687 23 18 to
774 682 37 22 the
824 682 142 30 promptings
981 680 26 23 of
1021 687 29 15 an
1070 678 122 23 honorable
1212 686 46 15 am-

669 715 80 28 bition,
763 723 25 14 as
807 719 21 18 to
847 714 54 23 shut
919 713 93 23 himself
1029 720 31 23 up
1079 712 22 22 in
1122 719 14 15 a
1155 711 104 23 secluded

669 755 80 15 corner
762 748 24 22 of
800 747 39 23 the
852 746 86 28 Island,
951 744 142 24 surrounded
1110 744 32 30 by
1162 752 13 15 a
1194 744 65 23 small

669 780 46 23 and
732 780 93 30 languid
844 781 85 28 society
948 779 24 22 of
996 778 157 23 Government
1172 777 87 23 officers

669 813 44 23 and
725 812 54 24 land
793 812 100 31 jobbers,
901 812 91 30 leaving
999 810 45 23 this
1052 812 123 28 important
1182 810 77 23 settle-

670 850 62 18 ment
749 850 23 18 to
791 853 61 23 grow
868 853 31 23 up
917 845 46 22 into
983 844 107 30 vigorous
1111 843 108 30 maturity
1238 843 21 22 iv

669 879 88 31 despite
770 879 24 23 of
810 878 35 23 his
862 877 89 31 neglect
970 885 26 14 or
1015 878 23 21 in
1057 876 100 23 defiance
1176 876 26 22 of
1225 876 34 22 his

670 912 136 31 opposition.
842 910 95 24 Backed
953 918 25 15 as
996 917 33 15 we
1044 917 38 15 are
1094 913 23 19 at
1129 908 66 23 home
1207 909 30 30 by
1248 916 12 14 a

669 952 130 21 numerous,
824 944 103 29 wealthy,
951 943 46 22 and
1020 942 109 31 powerful
1154 941 59 30 body

670 977 125 31 capitalists
814 977 43 23 and
875 981 123 18 statesmen
1012 984 5 20 ;
1045 974 160 31 commanding
1224 974 35 23 the

669 1011 122 29 sympathy
810 1010 24 23 of
856 1010 37 22 the
911 1009 78 32 public
1007 1007 45 24 and
1068 1008 38 22 the
1125 1012 96 26 support
1239 1007 23 23 of

671 1043 38 23 the
720 1051 66 22 press
794 1052 6 19 ;
819 1042 84 31 having
915 1050 28 14 an
952 1049 54 22 easy
1014 1048 77 16 access
1099 1045 23 18 to
1130 1040 38 23 the
1177 1040 83 23 richest

670 1076 45 23 and
728 1081 59 18 most
798 1075 102 23 valuable
913 1075 100 22 districts
1023 1075 23 22 in
1057 1073 37 23 the
1103 1073 80 23 Island
1191 1082 6 19 ;
1218 1073 42 23 and

670 1110 132 29 possessing
814 1110 22 21 in
849 1116 41 15 our
902 1115 48 16 own
968 1108 138 28 community
1126 1106 39 23 the
1184 1114 75 15 means

671 1142 25 22 of
711 1141 134 31 developing
856 1146 22 18 to
891 1141 38 23 the
941 1145 85 19 utmost
1038 1140 30 23 all
1087 1139 38 23 the
1144 1147 116 15 resources

670 1175 79 30 placed
769 1174 77 24 within
865 1183 40 14 our
924 1174 75 27 reach,
1024 1181 33 15 we
1075 1180 52 22 may
1150 1172 70 31 laugh
1239 1176 20 19 tj

671 1216 66 14 scorn
757 1207 31 24 all
805 1208 127 30 opposition
950 1207 24 22 in
993 1206 45 23 this
1062 1211 91 25 quarter
1176 1206 26 22 of
1224 1205 36 23 tlu

671 1241 77 28 world,
773 1249 62 15 come
860 1242 17 21 it
901 1240 57 23 from
983 1239 153 23 whomsoever
1160 1238 17 23 it
1200 1246 59 22 may.

673 1274 46 23 But
730 1282 33 15 we
775 1275 44 23 feel
830 1273 48 23 that
890 1273 37 23 the
937 1273 108 23 interests
1053 1272 25 22 of
1088 1271 57 23 New
1153 1271 106 28 Zealand,

671 1307 45 23 and
728 1306 38 24 the
777 1307 72 23 honor
861 1306 24 23 of
905 1306 38 23 the
963 1305 96 31 Colony,
1080 1311 51 24 may
1150 1304 70 23 suffer
1239 1305 21 22 iv

671 1348 45 22 any
736 1345 87 18 contest
840 1340 101 23 between
964 1338 39 23 the
1023 1338 120 22 Governor
1161 1338 45 22 and
1225 1338 36 22 the

672 1373 79 31 people
765 1382 5 19 ;
801 1372 43 24 and
863 1379 33 16 we
915 1372 66 22 know
1002 1371 48 22 that
1069 1371 37 22 the
1129 1378 87 22 powers
1240 1371 23 22 of

673 1406 163 29 Government,
849 1405 19 23 if
883 1404 91 24 exerted
988 1412 25 14 as
1031 1404 54 30 they
1103 1403 72 30 ought
1194 1409 22 17 to
1235 1404 26 22 be

672 1438 35 23 for
718 1447 42 15 our
772 1439 89 27 benefit,
874 1445 51 23 may
938 1445 90 15 remove
1044 1444 68 23 m-uiy
1124 1435 136 29 difficulties,

672 1472 45 23 and
727 1472 108 23 facilitate
847 1471 38 23 the
897 1478 106 24 progress
1017 1471 26 21 of
1063 1477 41 15 our
1123 1469 136 23 settlement.

673 1504 38 23 On
723 1505 65 23 these
799 1510 105 18 accounts
917 1512 32 15 we
961 1503 83 23 should
1052 1503 80 31 rejoice
1141 1507 22 18 to
1172 1503 89 22 witness

673 1537 38 23 the
722 1538 83 23 arrival
817 1538 26 22 of
857 1538 97 30 Captain
968 1536 98 23 Hobson
1078 1543 85 22 among
1172 1543 36 20 us,
1219 1536 40 22 and

673 1571 36 22 his
723 1571 171 23 establishment
913 1575 23 18 at
953 1569 47 24 this
1017 1574 66 26 port;
1110 1569 45 23 and
1174 1576 33 16 we
1226 1576 35 16 are

673 1604 94 22 assured
781 1604 47 22 that
847 1604 29 29 by
894 1603 56 23 such
969 1611 14 14 a
998 1602 124 31 procedure
1143 1602 27 22 he
1190 1602 72 23 would

673 1642 40 17 not
724 1637 85 30 merely
821 1637 28 22 be
861 1638 76 28 acting
953 1637 24 22 in
996 1635 138 23 accordance
1153 1635 54 23 with
1226 1635 35 23 the

674 1670 95 22 dictates
781 1671 24 21 of
817 1670 83 31 justice
912 1669 43 23 and
967 1668 83 31 policy,
1063 1668 41 23 but
1118 1668 74 23 would
1210 1669 51 29 gain

673 1703 112 29 infinitely
796 1703 53 23 botn
863 1703 22 23 in
898 1702 96 24 comfort
1006 1701 44 23 and
1063 1701 135 31 reputation.

708 1736 122 23 Whatever
843 1743 46 20 .pur
909 1735 120 23 Governor
1049 1742 50 23 may
1118 1734 57 23 have
1195 1734 66 23 heard

675 1769 57 23 from
745 1769 83 28 others,
842 1777 24 15 or
878 1769 112 23 whatever
1003 1768 28 22 he
1043 1774 52 23 may
1101 1767 96 23 himself
1207 1767 54 23 have

674 1802 112 23 surmised
810 1802 55 23 from
889 1807 76 18 recent
993 1800 150 32 proceedings
1170 1801 23 22 in
1217 1800 43 23 this

673 1835 71 30 place,
758 1842 32 16 we
802 1835 44 30 beg
864 1840 23 18 to
906 1842 80 16 assure
1005 1835 54 27 him,
1073 1833 49 23 that
1141 1841 28 15 no
1190 1833 71 24 where

674 1868 21 23 iv
719 1868 41 23 her
780 1868 120 30 Majesty's
923 1868 129 23 dominions
1070 1866 46 23 will
1137 1866 28 23 he
1184 1866 48 23 find
1249 1875 13 14 a

675 1909 61 15 more
746 1901 61 30 loyal
819 1901 146 30 community,
979 1908 25 15 or
1017 1908 42 15 one
1068 1908 62 15 more
1144 1900 115 23 amenable

675 1938 21 19 to
711 1934 75 23 lawful
803 1934 123 30 authority.
962 1933 45 23 We
1019 1941 38 16 are
1071 1938 92 26 prompt
1175 1938 85 26 to-pei-

675 1967 61 23 ceive
760 1967 42 23 and
822 1972 23 18 to
864 1971 77 19 resent
958 1975 14 14 a
990 1974 86 22 wrong,
1096 1966 97 31 perhaps
1218 1966 44 22 less

675 2000 140 22 considerate
834 2000 54 22 than
900 2006 33 15 we
944 1999 75 29 might
1037 1999 28 21 be
1085 1999 21 21 in
1120 1997 38 23 the
1170 2005 93 15 manner

675 2032 24 22 of
719 2032 86 30 stating
828 2040 40 14 our
890 2032 134 30 grievances
1033 2040 5 20 ;
1060 2031 39 23 but
1120 2038 32 15 we
1171 2030 59 30 yield
1250 2038 12 15 a

675 2065 99 23 cheerful
788 2065 118 23 obedience
919 2069 22 18 to
955 2065 37 22 the
1010 2065 50 26 law,
1074 2063 44 24 and
1130 2071 38 15 are
1179 2063 84 29 willing

675 2103 21 17 to
709 2107 44 22 pay
766 2098 29 23 all
808 2098 42 23 due
862 2102 87 27 respect
963 2102 22 18 to
1003 2097 37 23 the
1053 2097 176 31 representative
1242 2097 23 22 of

675 2131 37 23 the
726 2132 90 23 Crown.
852 2131 50 23 The
920 2138 62 16 same
995 2131 67 30 spirit
1074 2130 48 24 that
1141 2129 42 23 has
1198 2129 64 23 made

675 2172 27 15 us
714 2164 115 24 denounce
845 2173 28 14 an
892 2169 36 18 act
946 2164 30 31 by
988 2164 73 23 which
1080 2163 38 23 the
1137 2171 86 23 powers
1242 2162 23 23 of

675 2197 156 24 Government
843 2205 57 16 were
913 2197 135 31 wrongfully
1057 2195 119 33 employed
1189 2200 22 18 to
1224 2204 39 15 our

675 2231 84 30 injury,
772 2230 74 25 would
866 2230 68 24 make
945 2238 27 15 us
986 2235 95 26 support
1094 2230 37 23 the
1145 2229 118 24 Governor

676 2265 25 22 in
724 2272 67 22 every
815 2272 50 15 case
889 2264 23 22 in
936 2263 74 23 which
1034 2264 36 22 his
1094 2270 87 24 powers
1207 2270 55 16 were

676 2297 100 23 directed
793 2302 22 19 to
828 2297 36 24 the
876 2296 204 31 accomplishment
1092 2296 25 23 of
1127 2296 38 23 tbe
1177 2296 86 31 objects

676 2330 33 23 for
723 2330 75 24 whose
811 2330 55 23 sake
885 2330 64 23 alone
963 2329 65 24 those
1046 2336 88 25 powers
1153 2337 38 15 are
1210 2337 52 15 con-

675 2363 83 24 ferred.
806 2363 29 24 In
859 2364 90 30 coming
972 2371 84 22 among
1083 2370 34 20 us,
1144 2362 117 28 therefore,

676 2397 98 31 Captain
797 2397 97 23 Hobson
919 2404 52 23 may
995 2396 44 23 feel
1063 2395 95 24 assured
1181 2396 25 23 of
1226 2396 37 23 the

675 2430 86 23 cordial
772 2434 94 27 support
878 2430 25 23 of
920 2429 37 24 the
970 2430 148 30 community,
1133 2428 43 23 and
1190 2429 25 23 of
1228 2429 35 23 the

676 2463 82 23 candid
780 2463 44 23 and
847 2463 79 23 liberal
949 2463 154 23 construction
1128 2462 25 23 of
1175 2462 30 23 all
1229 2463 34 23 his

675 2496 78 31 public
770 2501 56 19 acts.
863 2496 113 30 Residing
995 2503 83 23 among
1095 2503 35 20 us,
1145 2495 28 23 he
1191 2495 72 24 would

676 2529 140 24 understand
835 2538 40 14 our
901 2537 113 20 esources,
1028 2529 43 23 and
1091 2529 74 23 would
1183 2537 80 22 appre-

675 2564 57 23 ciate
745 2571 41 15 our
798 2571 85 23 energy
892 2573 6 15 ;
920 2562 26 24 he
955 2562 74 23 would
1042 2562 102 23 discover
1155 2562 35 24 fir
1205 2562 56 23 him-

676 2596 51 28 self,
741 2596 59 24 what
813 2604 31 15 we
857 2597 46 22 fear
922 2595 29 24 he
963 2596 42 22 has
1026 2601 40 17 not
1085 2601 37 25 yet
1140 2595 57 23 been
1212 2595 51 29 told,

676 2630 55 28 that,
763 2629 164 31 commercially
959 2629 45 23 and
1038 2628 132 32 politically,
1209 2628 53 24 Poit

676 2663 126 23 Nicholson
814 2663 20 23 is
846 2662 37 24 the
895 2662 89 23 natural
1002 2662 82 31 capital
1096 2663 25 22 of
1137 2662 56 24 New
1207 2662 57 24 Zea-

676 2696 53 23 land
738 2705 6 20 ;
765 2696 43 23 and
831 2696 28 23 he
878 2696 73 23 would
972 2695 44 24 feel
1040 2696 49 23 that
1108 2695 38 24 »he
1168 2696 95 30 weighty

676 2730 106 22 interests
795 2735 22 17 at
832 2729 65 23 stake
916 2730 23 22 in
960 2729 45 23 this
1024 2729 65 30 place
1108 2736 58 16 were
1184 2734 41 18 not
1244 2734 20 18 to

676 2763 28 23 be
715 2768 42 26 put
769 2763 22 22 in
802 2762 57 32 peril
871 2763 23 22 in
903 2762 65 23 order
976 2767 22 18 to
1009 2762 59 23 force
1078 2763 46 22 into
1137 2767 127 25 premature

676 2796 44 22 and
733 2796 166 23 unsubstantial
912 2795 171 32 developemcnt
1097 2803 28 16 an
1139 2796 125 31 opposition

676 2829 84 31 capital
782 2834 23 18 at
826 2829 144 23 Waitemata.
1010 2829 27 22 In
1056 2829 51 27 fact,
1128 2836 34 15 we
1181 2829 83 23 believe

676 2862 50 23 that
737 2870 14 15 a
764 2870 52 23 very
828 2862 61 23 brief
898 2862 93 30 sojourn
1012 2863 22 21 in
1053 2862 44 23 this
1116 2862 64 31 place
1193 2862 72 23 would

676 2895 58 24 have
747 2896 38 22 the
796 2895 66 23 effect
874 2895 25 22 of
916 2896 91 30 uniting
1017 2895 37 23 his
1070 2895 141 31 Excellency
1223 2895 42 24 and

677 2928 38 24 the
727 2928 90 24 settlers
829 2929 24 22 in
866 2928 37 23 the
922 2936 105 15 common
1040 2928 73 31 object
1129 2929 26 22 of
1168 2929 96 23 advanc-

676 2962 47 30 ing,
736 2962 32 31 by
779 2962 31 23 all
827 2969 77 16 means
921 2962 23 22 in
956 2961 60 24 their
1033 2969 83 23 power,
1130 2962 39 23 the
1187 2962 77 23 settle-

676 3001 63 17 ment
751 2996 26 22 of
788 2995 43 23 this
840 2996 88 30 portion
942 2995 25 23 of
977 2995 39 23 the
1028 2994 88 24 Island.

711 3029 23 23 It
746 3029 20 22 is
779 3034 49 17 true
838 3029 48 22 that
898 3029 18 22 it
927 3028 41 23 has
976 3029 57 22 been
1043 3028 70 28 urged
1125 3029 86 28 before,
1221 3029 43 23 and

676 3070 53 23 may
747 3062 29 23 be
795 3062 71 31 urged
885 3069 28 15 on
933 3062 45 22 this
998 3062 103 22 occasion
1119 3062 32 31 by
1169 3062 95 31 Captain

678 3095 98 24 Hobson
790 3095 55 28 that,
857 3095 19 23 if
894 3095 29 31 by
934 3095 102 30 residing
1055 3099 22 19 at
1096 3095 125 24 Auckland
1239 3095 25 24 he

676 3129 115 23 sacrifices
803 3129 38 23 the
859 3130 106 22 interests
979 3128 26 23 of
1022 3128 56 23 Port
1094 3128 134 28 Nicholson,
1242 3136 22 16 so

677 3170 29 15 on
730 3163 38 22 the
798 3162 64 23 other
886 3161 67 29 hand,
977 3162 30 30 by
1032 3161 102 32 residing
1157 3163 22 22 in
1210 3163 56 22 Port

676 3195 136 29 Nicholson,
824 3196 29 22 he
865 3195 73 23 would
957 3195 103 23 sacrifice
1073 3194 37 24 the
1122 3196 108 22 interests
1245 3196 23 22 of

677 3228 38 24 the
727 3229 91 23 setters
835 3233 22 19 at
869 3228 133 23 Auckland.
1040 3228 47 23 Hut
1104 3228 51 23 who
1172 3236 38 16 are
1230 3229 35 23 the

677 3269 95 23 persons
785 3262 74 23 whose
877 3262 106 22 interests
998 3261 75 23 would
1092 3261 27 23 be
1131 3262 118 23 sacrificed
1258 3263 6 16 ;

677 3295 85 24 Where
774 3303 38 15 are
824 3295 37 24 the
870 3295 153 28 landholders,
1034 3295 38 22 the
1081 3295 138 28 merchants,
1230 3296 35 23 the

676 3328 105 28 farmers,
791 3328 49 23 who
854 3328 28 23 he
894 3329 28 27 is,
936 3336 27 14 on
977 3328 46 23 this
1035 3327 142 32 hypothesis,
1190 3329 75 23 bound

677 3366 23 18 to
723 3362 105 30 protect?
864 3361 43 23 We
926 3369 96 21 answer,
1045 3369 28 15 no
1096 3361 83 24 where.
1217 3362 49 23 The

678 3395 62 23 truth
751 3396 30 28 is,
794 3395 49 23 that
854 3394 38 23 the
911 3394 131 24 settlement
1054 3398 22 19 at
1091 3394 123 24 Auckland
1227 3396 39 22 has

678 3435 30 15 no
719 3428 48 23 real
786 3429 122 22 existence.
946 3427 45 24 Let
1010 3427 38 24 the
1068 3427 120 24 Governor
1205 3436 61 16 come

678 3460 64 24 down
760 3465 24 19 to
802 3461 57 23 Port
877 3460 137 29 Nicholson,
1033 3460 45 24 and
1097 3460 39 24 the
1148 3467 52 25 spot
1219 3469 46 16 now

678 3493 98 24 selected
792 3494 30 30 by
834 3494 35 23 his
883 3493 140 31 Excellency
1035 3493 73 24 would
1121 3495 102 31 speedily
1242 3495 24 23 be

678 3527 103 24 restored
799 3532 22 18 to
841 3527 37 23 the
897 3526 120 24 unhroken
1036 3526 98 25 solitude
1150 3528 72 23 which
1235 3529 32 22 for

678 3568 25 15 so
711 3568 69 23 many
791 3568 64 23 years
867 3562 18 21 it
896 3560 41 23 has
947 3560 98 31 enjoyed
1049 3573 28 3 —
1080 3560 119 24 unbroken
1213 3569 54 15 even

677 3593 31 31 by
723 3594 39 23 the
782 3594 40 23 hut
835 3593 24 23 of
873 3601 14 15 a
899 3593 86 24 Mauri.
1023 3593 26 24 If
1059 3593 98 32 Captain
1170 3594 96 24 Hobson

677 3627 88 23 resides
784 3632 23 18 at
824 3625 131 25 Auckland,
976 3626 39 24 the
1034 3627 107 23 interests
1165 3627 25 23 of
1205 3628 62 23 three

678 3659 115 24 thousand
817 3660 87 23 British
928 3660 109 31 subjects,
1063 3659 82 24 settled
1166 3665 24 18 at
1214 3661 54 23 Port

678 3692 125 24 Nicholson,
816 3693 44 23 and
871 3693 30 23 its
913 3693 103 31 vicinity,
1028 3698 62 18 must
1106 3694 87 22 sustain
1207 3702 61 16 some

677 3726 86 31 injury.
798 3726 31 29 If,
850 3734 28 15 on
899 3726 38 23 the
955 3731 113 25 contrary,
1089 3726 28 23 lie
1137 3726 68 24 make
1224 3728 44 23 this

677 3759 64 30 place
755 3759 37 23 the
805 3765 49 18 seat
871 3759 25 23 of
912 3759 165 28 Government,
1096 3759 63 24 there
1177 3761 46 23 will
1242 3761 26 23 be

678 3800 29 15 no
731 3801 43 15 one
793 3792 40 23 left
856 3797 22 19 at
901 3792 124 23 Auckland
1049 3797 22 18 to
1095 3792 70 24 suffer
1181 3794 32 30 by
1232 3794 36 23 the

676 3827 120 28 privation.
835 3825 50 24 The
916 3825 72 24 whole
1011 3831 93 26 present
1127 3827 140 30 population,

677 3859 103 28 officials,
805 3858 164 32 land-jobbers,
1001 3859 44 23 and
1073 3859 127 28 labourers,
1224 3861 43 22 will

677 3898 138 25 accompany
826 3892 37 23 the
872 3892 119 24 Governor
1005 3897 22 18 to
1038 3893 35 23 his
1086 3900 49 16 new
1144 3893 124 28 residence,

677 3925 131 31 employing
829 3925 136 24 themselves
995 3926 24 24 in
1049 3934 13 15 a
1084 3933 63 17 more
1170 3926 98 31 worthy,

677 3957 88 31 though
776 3962 22 19 to
811 3966 70 19 some,
893 3958 109 30 perhaps,
1014 3959 46 23 less
1073 3959 122 30 profitable
1207 3959 61 24 field/.

1944 3475 12 19 ':
1964 3474 29 22 he
2002 3474 151 28 bushrangers
2161 3476 54 21 Beai
2222 3476 13 21 d
2242 3476 44 21 and
2294 3474 83 26 Fisher,
2384 3473 55 22 have
2446 3470 49 22 been

1919 3502 67 26 lately
1997 3509 54 14 seen
2060 3507 23 16 at
2092 3503 38 21 the
2140 3502 54 22 base
2204 3502 26 21 of
2242 3502 37 22 the
2291 3501 138 22 well-known
2442 3496 52 25 rock,

1919 3528 72 23 called
2098 3529 36 22 Phi
2148 3530 23 21 M
2181 3530 43 21 m's
2334 3528 127 25 contiguous
2478 3526 18 18 to

1921 3556 16 21 L
1945 3555 35 22 ike
1992 3556 113 27 Crescent,
2117 3556 43 21 and
2171 3556 158 28 subsequently
2345 3561 54 15 near
2414 3551 82 26 Saltpan

1920 3582 82 25 Plains,
2028 3582 56 22 from
2111 3583 72 21 which
2209 3584 15 20 i*
2244 3585 18 19 is
2281 3580 128 24 considered
2432 3580 64 26 pretty

1919 3609 92 22 evident
2032 3609 54 27 they
2110 3610 57 22 have
2192 3610 85 28 quitted
2298 3609 38 21 the
2355 3605 140 29 hyperborean

1919 3636 76 27 region
2007 3637 26 21 of
2044 3636 38 22 the
2094 3637 79 27 Lakes,
2185 3636 71 22 which
2268 3643 50 20 may
2329 3636 28 19 be
2367 3631 100 29 regarded
2477 3636 19 14 as

1920 3663 57 21 their
1992 3671 99 14 summer
2109 3671 50 19 run,
2181 3664 34 21 for
2233 3664 57 21 their
2308 3662 103 24 ordinary
2428 3665 38 14 win
2469 3660 28 18 tor

1920 3695 101 23 quarters
2032 3695 23 17 to
2073 3690 37 22 the
2128 3690 116 22 eastward.
2281 3690 62 26 They
2362 3685 80 25 robbed
2460 3690 36 14 two

1921 3717 50 21 huts
1979 3724 28 14 on
2019 3718 58 20 their
2084 3721 63 19 route
2155 3725 24 14 as
2191 3718 33 20 far
2229 3725 23 13 as
2258 3716 37 22 the
2300 3723 61 14 same
2368 3714 38 21 has
2411 3712 84 22 hitherto

1920 3744 57 21 been
1989 3744 83 27 traced,
2091 3745 114 26 behaving
2218 3744 22 22 in
2260 3744 36 22 the
2313 3740 138 25 conciliating
2451 3743 45 15 'Mia

1921 3771 101 26 pleasant
2033 3778 49 20 way
2092 3771 52 28 they
2160 3771 56 21 have
2229 3769 121 27 unifmmly
2367 3765 89 28 adopted
2471 3768 23 15 on

1920 3798 44 21 late
1976 3798 115 22 occasions
2101 3798 97 22 towards
2209 3798 35 21 th«
2261 3798 101 20 inmates.
2400 3794 96 21 Aniong«

1921 3825 64 21 other
1994 3825 72 27 topics
2077 3825 24 21 of
2113 3825 59 21 their
2190 3824 161 24 convers.uion,
2436 3818 60 37 Ch.njt

2007 3851 45 22 and
2069 3851 38 23 the
2127 3851 134 27 probability
2280 3850 25 21 of
2323 3857 13 14 a
2352 3852 87 23 rupture

1922 3879 85 21 France
2017 3886 58 14 were
2085 3878 114 27 included,
2211 3877 69 22 which
2291 3875 73 23 would
2372 3874 48 28 give
2429 3874 67 19 reason

1922 3910 22 17 to
1968 3913 96 20 suppose
2082 3905 52 28 they
2152 3905 59 21 have
2228 3904 118 22 associates
2364 3901 45 22 who
2430 3900 67 25 supply

1922 3933 62 22 them
2000 3933 39 21 the
2056 3940 78 14 means
2149 3932 25 21 of
2190 3932 150 26 intelligence.
2374 3928 20 22 It
2412 3932 40 16 was
2466 3926 31 17 ob-

1921 3959 86 25 served,
2019 3963 24 18 at
2054 3959 38 23 the
2108 3959 45 22 last
2167 3958 171 23 establishment
2353 3956 51 25 they
2420 3954 74 19 visited

1324 3550 83 20 Letters
1417 3549 42 20 and
1469 3556 134 19 newspapers
1613 3556 53 13 were
1675 3549 112 26 yesterday
1794 3549 94 20 received

1297 3584 36 20 per
1351 3578 87 19 Marian
1460 3577 89 20 Watson
1569 3580 23 16 to
1608 3577 36 19 the
1658 3577 39 19 4th
1712 3577 90 19 instant.
1831 3576 58 26 They

1297 3605 60 26 bring
1366 3604 134 26 intelligence
1511 3604 25 20 of
1550 3611 12 13 a
1572 3604 116 20 disastrous
1705 3604 37 20 fire
1757 3604 22 20 in
1797 3603 92 26 Sydney,

1298 3632 66 20 •vhich
1378 3632 37 20 l:as
1428 3631 116 20 consumed
1561 3632 36 19 the
1612 3632 108 19 ex»en-ive
1736 3631 43 19 and
1794 3631 96 20 valuable

1297 3663 67 17 stores
1374 3660 40 19 and
1428 3659 56 20 their
1494 3662 106 17 contents,
1611 3658 24 20 of
1649 3658 89 20 Messrs.
1751 3658 88 26 Hughes
1849 3658 41 20 and

1299 3687 104 24 Hosking.
1432 3686 39 20 We
1482 3687 52 19 have
1545 3689 38 17 not
1593 3692 61 19 space
1664 3686 34 20 for
1707 3686 37 19 the
1753 3686 136 26 particulars,

1297 3715 37 20 but
1345 3715 48 19 take
1404 3714 34 20 the
1455 3714 108 25 following
1578 3716 92 17 extracts
1684 3714 57 19 from
1752 3714 60 19 those
1828 3714 62 24 given

1297 3743 21 18 in
1329 3742 35 19 the
1374 3742 125 19 Australian
1510 3741 24 20 of
1546 3741 74 20 March
1630 3744 13 17 4
1654 3748 5 11 :
1663 3751 26 5 —

1352 3770 45 19 The
1413 3771 88 18 atnaunt
1517 3769 25 19 of
1555 3771 93 23 propert;
1666 3768 113 25 destroyed
1793 3768 18 20 it
1825 3768 18 19 is
1854 3771 38 17 not

1297 3797 100 25 possible,
1407 3799 22 18 at
1440 3797 42 20 this
1493 3799 101 19 moment,
1606 3799 21 16 to
1640 3799 70 23 report
1718 3796 52 19 with
1781 3802 41 19 any
1830 3796 61 26 thing

1298 3825 41 20 like
1357 3831 108 19 accuracy,
1481 3824 40 20 but
1537 3824 54 19 from
1609 3830 12 13 a
1638 3829 74 14 source
1731 3830 28 13 on
1776 3824 68 19 which
1862 3830 30 13 we

1299 3853 53 26 hope
1362 3856 23 16 to
1397 3852 44 26 rely
1451 3851 33 20 for
1502 3853 82 18 correct
1593 3851 147 21 information,
1751 3851 16 19 h
1787 3851 19 20 is
1823 3851 68 20 stated

1299 3885 21 14 to
1332 3880 25 20 be
1374 3879 56 26 fully
1440 3879 122 23 .£IBO,OOO.
1594 3878 31 20 Of
1639 3879 43 19 this
1698 3885 47 14 sum
1760 3878 131 24 insurances,

1299 3914 29 13 we
1338 3907 58 23 hear,
1407 3907 53 20 have
1470 3907 53 19 been
1534 3906 87 20 effected
1635 3907 23 19 in
1669 3907 36 19 the
1718 3906 123 20 Australian
1852 3907 40 19 and

1299 3935 95 19 Alliance
1405 3934 136 25 Companies,
1552 3934 39 20 but
1601 3934 50 26 only
1663 3937 22 17 to
1696 3934 35 20 the
1743 3938 88 16 amount
1842 3940 50 14 con-

1296 3961 78 24 jointly
1384 3961 23 19 of
1419 3960 108 24 £12,000.
1557 3961 27 19 In
1595 3961 110 24 recording
1715 3962 37 20 the
1765 3961 127 24 particulars

515 78 100 30 THE
632 78 110 30 NEW
762 76 228 31 ZEALAND
1008 73 227 33 GAZETTE
1254 73 100 30 AND
1374 69 327 33 WELLINGTON
1726 68 292 31 SPECTATOR.

1282 153 58 24 This
1351 158 113 26 pretence,
1478 152 54 23 thus
1549 152 20 23 if
1578 153 17 21 it
1615 151 81 23 should
1707 150 29 23 be
1752 149 79 32 urged,
1844 150 28 22 is»

1283 186 43 23 and
1346 186 47 22 will
1411 186 27 22 be
1457 185 42 23 felt
1517 186 26 21 in
1565 184 108 31 England
1692 187 21 19 to
1732 183 38 28 be,
1786 182 88 30 utterly

1284 219 78 28 futile;
1383 217 43 24 and
1447 218 97 31 Captain
1565 216 97 24 Hobson
1682 220 63 18 must
1763 215 110 23 establish

1284 259 62 16 some
1364 250 99 31 weighty
1475 250 44 23 and
1538 249 187 31 unquestionable
1743 247 90 31 ground
1852 248 24 22 of

1285 284 134 31 superiority
1444 284 23 22 in
1491 283 38 23 the
1551 287 52 26 spot
1622 282 27 22 he
1669 282 41 22 has
1730 280 107 28 selected,
1851 286 22 16 to

1282 317 82 31 justify
1383 316 44 23 him
1448 316 23 23 in
1489 315 131 31 neglecting
1643 314 37 23 the
1702 313 131 23 settlement
1851 318 22 17 at

1287 349 55 23 Port
1355 349 132 28 Nicholson,
1500 349 24 22 in
1537 348 64 23 order
1614 348 47 22 that
1675 347 28 22 he
1716 353 60 23 may,
1790 346 19 22 if
1819 353 54 23 pos-

1286 382 63 26 sible,
1363 386 72 18 create
1448 389 13 15 a
1473 381 55 22 rival
1542 382 91 21 interest
1646 384 24 18 at
1682 379 36 23 the
1731 379 111 22 Thames.

1320 414 76 23 There
1414 421 38 16 are
1471 414 64 22 other
1555 418 39 18 not
1609 414 45 22 less
1673 413 125 29 important
1818 418 54 15 con-

1287 447 132 23 siderations
1431 447 124 22 connected
1568 446 53 23 with
1633 446 45 22 this
1692 445 66 30 topic,
1769 450 22 17 to
1800 443 73 23 which

1287 487 31 15 we
1330 480 56 23 have
1398 484 40 19 not
1449 487 49 16 now
1511 487 67 23 space
1591 484 21 18 to
1625 478 83 24 advert.
1746 477 44 23 We
1802 476 71 23 throw

1287 517 38 18 out
1343 513 64 22 these
1424 513 146 30 suggestions
1588 513 23 21 in
1630 520 14 14 a
1656 511 96 30 friendly
1767 511 67 30 spirit
1851 514 22 18 to

1289 545 96 31 Captain
1409 545 106 28 Hobson,
1541 544 44 24 and
1608 544 57 23 shall
1689 544 54 22 take
1762 551 28 15 an
1812 542 61 30 early

1287 579 143 28 opportunity
1444 578 25 22 of
1477 578 118 29 recurring
1607 583 21 17 to
1642 577 36 23 the
1691 577 97 30 subject.

115 661 168 26 SHIPPING
304 657 272 26 INTELLIGENCE.

271 708 150 21 ARRIVED.

85 741 67 31 April
165 743 23 26 4,
201 738 111 25 schooner
323 736 112 31 Dolphin.
448 735 112 28 Madeira,
581 739 59 18 irom

56 774 90 29 Cloudy
158 774 57 29 Bay.

87 807 68 30 April
167 809 23 25 5,
204 804 110 24 schooner
325 802 78 26 Eliza,
415 800 113 24 Sheridan
538 809 5 20 ;
565 807 74 23 cargo,

54 842 33 21 40
99 840 51 30 pigs
163 838 44 23 and
219 839 17 22 4
247 842 51 17 tons
309 840 110 27 potatoes.

88 873 68 23 Same
168 871 51 30 day,
232 870 86 29 barque
329 868 85 27 James,
431 869 49 23 500
492 870 61 24 tons,
566 864 74 29 Todd,

52 910 93 22 master,
155 904 56 23 from
224 903 90 24 Ilobart
323 901 71 24 Town
401 910 6 19 ;
427 907 75 23 cargo,
571 898 69 31 sheep

52 938 46 23 and
109 937 112 23 sundries.
259 936 141 28 Passengers
403 946 31 3 —
436 934 47 22 Mr.
504 932 74 30 Tyser
597 931 43 23 and

52 970 49 25 Mr.
115 970 44 23 and
167 970 60 23 Mrs.
238 968 108 28 Golding,
360 967 43 23 and
415 968 15 21 4
443 967 24 21 in
480 965 37 23 the
529 970 111 24 steerage.

290 1016 113 20 SAILED

85 1046 67 32 April
177 1049 22 26 3,
224 1045 110 23 schooner
362 1042 95 26 Jewess,
485 1042 89 28 Moore,
604 1040 37 23 for

52 1080 133 30 Wanganui
215 1078 45 24 and
290 1077 57 23 New
378 1075 139 31 Plymouth;
549 1074 92 31 general

53 1121 77 22 cargo.
166 1113 142 28 Passengers
310 1123 32 3 —
345 1110 97 22 Messrs.
460 1108 30 24 G.
506 1107 73 24 Wade
597 1107 44 23 and

54 1146 35 22 H.
104 1146 111 22 Churton.

87 1179 67 31 April
166 1180 23 26 4,
203 1176 110 25 schooner
327 1174 116 30 Surprise,
457 1174 136 30 M'Gregor,
607 1174 34 22 for

53 1212 131 30 Wanganui
193 1220 6 19 ;
223 1209 92 31 general
329 1217 74 21 cargo.

87 1245 68 30 April
175 1246 23 25 7,
218 1242 110 24 schooner
346 1240 111 31 Dolphin,
478 1239 111 29 Madeira,
608 1239 33 23 for

54 1278 90 28 Cloudy
158 1277 48 29 Buy
215 1286 6 19 ;
241 1275 91 30 general
346 1282 74 22 cargo.

284 1325 30 20 IN
338 1323 85 22 POUT.

88 1355 91 31 Barque
196 1353 67 30 Lady
275 1353 102 30 Nugent,
391 1352 92 29 Sautry.

196 1385 141 31 Brougham,
349 1385 138 23 Kettlewell,

196 1420 88 27 James,
298 1418 75 24 Todd.

87 1454 117 22 Schooner
216 1451 80 25 Eliza,
311 1451 123 23 Sheridan.

1322 635 51 22 Our
1386 635 88 29 foreign
1487 640 99 17 extracts
1600 635 44 22 will
1656 635 28 22 be
1698 633 94 24 deemed
1803 640 70 24 gene-

1287 667 56 31 rally
1357 668 80 30 highly
1455 669 142 29 interesting.
1633 667 51 23 The
1702 672 88 18 extract
1811 666 62 22 how-

1288 708 51 15 ever
1357 700 72 23 which
1455 701 18 22 is
1497 701 25 22 of
1543 701 38 22 the
1604 704 59 19 most
1687 701 140 29 importance
1852 703 22 18 to

1290 733 84 23 British
1393 733 109 31 subjects,
1515 734 20 22 is
1555 734 49 22 that
1624 734 28 29 by
1666 733 73 22 which
1758 739 32 16 we
1809 732 65 22 learn

1289 766 36 23 the
1338 767 81 24 Queen
1431 767 41 22 has
1484 767 67 29 given
1563 765 60 24 birth
1636 772 22 16 to
1678 774 13 14 a
1703 766 111 30 princess,
1828 764 46 23 and

1287 807 32 14 we
1331 807 38 15 are
1379 807 51 15 sure
1442 799 30 22 all
1492 799 46 22 will
1556 799 82 30 rejoice
1657 804 22 17 to
1699 798 54 23 read
1772 798 49 22 that
1833 797 42 22 her

1290 831 100 32 Majesty
1407 832 44 22 and
1474 831 38 23 the
1535 831 71 30 Koy<il
1627 831 72 23 infant
1722 838 59 15 were
1805 830 70 30 doing

1288 865 56 23 well.
1382 864 75 23 While
1476 864 30 23 all
1525 864 46 23 will
1590 868 74 26 regret
1683 863 49 23 that
1745 864 17 22 it
1778 864 19 21 is
1811 868 39 17 not
1862 871 13 14 a

1288 898 58 23 male
1358 897 66 29 child,
1439 903 59 17 most
1509 904 96 23 persons
1617 896 44 23 will
1680 896 45 23 feel
1738 896 75 31 happy
1826 896 49 22 that

1289 931 43 22 this
1344 931 86 23 barrier
1450 931 71 22 exists
1539 935 23 18 to
1583 930 37 23 the
1631 930 144 30 pretensions
1795 929 25 22 of
1838 929 37 22 the

1289 964 64 29 King
1364 964 25 22 of
1404 964 116 22 Manover.

1321 997 51 22 The
1384 997 127 23 abdication
1528 997 25 22 of
1569 996 37 23 the
1626 996 79 25 Queen
1719 995 26 23 of
1762 995 72 28 Spain
1854 995 20 22 is

1289 1030 22 22 in
1330 1038 41 14 our
1390 1030 89 30 opinion
1500 1029 128 23 favourable
1642 1033 21 19 to
1684 1029 36 23 the
1732 1037 108 22 progress
1853 1028 24 23 of

1289 1071 12 14 a
1319 1063 73 23 better
1411 1063 44 22 and
1473 1071 62 14 more
1555 1063 80 22 settled
1654 1067 58 18 state
1725 1062 25 23 of
1768 1062 106 23 Govern-

1289 1101 61 17 ment
1362 1096 22 22 in
1397 1096 78 30 Spain.
1513 1096 51 22 The
1577 1101 88 17 contest
1677 1095 52 22 with
1745 1095 36 23 the
1818 1095 57 22 acha

1289 1129 24 22 of
1329 1129 78 30 Egypt
1426 1129 42 22 has
1487 1129 133 22 terminated
1641 1136 60 15 more
1714 1128 103 30 spec.lily
1830 1127 44 23 and

1289 1162 158 28 satisfactorily
1461 1161 54 23 than
1529 1169 32 15 we
1574 1162 68 22 dared
1654 1167 21 17 to
1689 1162 67 28 hope.

1322 1195 51 23 The
1395 1202 106 23 progress
1524 1195 25 22 of
1571 1194 85 23 British
1680 1202 61 15 arms
1766 1194 22 22 in
1811 1193 66 23 India

1289 1228 61 23 leads
1374 1235 27 16 us
1424 1233 23 18 to
1470 1232 81 26 expect
1575 1227 49 22 that
1635 1235 68 23 peace
1722 1226 51 23 will*
1780 1235 56 14 soon
1849 1227 28 22 be

1289 1261 101 23 restored
1408 1262 62 22 theru
1480 1270 5 19 ;
1500 1260 67 23 while
1579 1260 62 23 Lord
1654 1259 72 23 Elliot
1741 1268 96 23 appears
1855 1265 22 17 to

1290 1294 55 23 have
1360 1294 85 26 opened
1458 1302 13 14 a
1483 1294 142 30 negociat'loll
1639 1293 53 22 with
1706 1292 83 27 China,
1804 1293 71 22 which

1289 1327 50 23 bids
1351 1327 42 23 fair
1405 1331 22 18 to
1440 1327 28 23 be
1479 1326 83 23 settled
1574 1334 54 15 soon
1644 1325 43 23 and
1705 1326 170 31 satisfactorily.

1290 1360 51 23 One
1353 1360 114 23 condition
1479 1367 96 23 appears
1588 1364 21 18 to
1623 1360 26 22 be
1662 1358 37 23 the
1711 1360 132 30 possession
1856 1359 24 22 of

1290 1393 84 23 certain
1394 1394 123 22 territories
1536 1393 35 22 for
1590 1392 37 23 the
1647 1392 96 26 British,
1757 1397 22 17 to
1798 1399 80 16 secure

1291 1426 60 23 them
1364 1426 89 30 against
1466 1426 58 23 their
1536 1425 61 23 trade
1616 1426 69 29 being
1696 1425 118 23 disturbed
1831 1430 22 18 to
1866 1433 13 14 a

1290 1459 86 23 similar
1393 1464 85 23 extent,
1492 1465 23 17 at
1534 1466 44 23 any
1591 1459 74 22 future
1684 1458 88 31 period,
1793 1458 29 31 Ly
1835 1466 43 23 any

1290 1499 93 23 rupture
1406 1492 53 23 with
1482 1492 50 23 that
1553 1499 120 16 enormous
1692 1491 45 23 and
1755 1492 123 30 powerless

1290 1525 147 29 community.

226 1515 249 21 THERMOMETER.

54 2230 100 24 London
420 2227 59 24 Dec.
503 2228 39 27 11,

54 2264 94 30 Sydney
419 2260 63 24 Mar.
520 2262 24 25 4,

55 2297 51 30 Bay
118 2298 26 22 of
160 2295 92 25 Islands
422 2293 58 24 Feb.
503 2296 41 26 27,

54 2331 54 23 Van
120 2329 120 25 Dieman's
254 2327 66 23 Land
342 2343 56 7 ....
421 2326 63 24 Mar.
504 2328 40 27 19,

56 2364 59 23 Port
128 2363 87 31 Phillip
423 2360 53 23 Jan.
521 2362 23 25 8,

55 2396 112 24 Adelaide
424 2394 52 22 Jan.
506 2395 9 21 1
522 2395 22 26 9,

569 2228 74 22 1840.

570 2263 73 21 1841.

571 2296 72 21 1841.

571 2329 72 21 1841.

570 2362 74 21 1841.

572 2395 71 22 1841.

139 1552 28 19 cc!

190 1556 31 15 en<

231 1550 43 24 ling

306 1550 62 18 liursd

368 1550 41 24 lay,
421 1550 12 17 £

445 1553 36 20 pru

156 1595 59 16 Morn.

266 1593 58 16 Even.

369 1592 61 16 Wind.
447 1594 2 14 I

503 1591 90 16 Weather.

58 1636 27 17 Pri

58 1658 27 15 Sat

58 1679 41 15 Sun.
118 1689 18 5 ...

58 1699 47 15 Mon.
118 1709 18 6 ...

58 1719 51 16 rues.
118 1731 18 4 ...

58 1740 46 16 IVed.
118 1751 18 5 ...

58 1761 78 17 rhurs...

176 1637 20 14 56

176 1658 21 14 58

176 1678 20 15 59

176 1699 19 15 61

176 1720 21 15 59

177 1740 18 15 61

177 1761 20 15 63

283 1635 21 15 64

284 1656 20 15 60

283 1676 20 15 67

283 1697 21 15 69

284 1718 20 15 68

284 1738 20 16 70

284 1759 22 16 6i

346 1759 4 21 !

391 1634 23 15 N.
463 1632 20 17 Li
484 1645 10 8 o
489 1633 27 16 'ht
527 1634 14 14 &
549 1632 41 16 fine.

390 1655 17 15 S.
464 1653 87 16 Do.&do.

390 1675 17 16 N
466 1674 30 16 Do.
509 1674 15 16 &
533 1674 29 15 do.

390 1694 50 17 N.W.
466 1694 32 16 Do.
506 1695 16 15 &
531 1694 28 16 do.

391 1715 50 17 N.W.
466 1715 32 16 Do.
506 1716 15 15 &
531 1715 27 16 do.

391 1736 22 17 N.
447 1746 2 7 ,
464 1736 33 16 Do.
504 1737 16 15 &
531 1736 28 16 do.

391 1757 23 16 N.
446 1752 3 21 I
463 1757 70 19 Strong,
543 1757 64 16 showci

75 1802 62 16 Mean.

174 1802 54 16 59.57.
237 1801 5 19 !

285 1801 21 15 6G

299 1849 101 18 NOTICE.

73 1873 164 18 Advertisements
253 1871 38 17 and
310 1875 62 13 comm
381 1870 103 17 mications
505 1869 74 22 having
593 1870 48 16 been

50 1894 81 21 press-id
140 1898 49 17 upon
198 1898 23 12 us
230 1893 85 20 recently
323 1896 21 13 so
353 1893 37 15 late
398 1895 50 17 upon
457 1896 11 12 a
478 1890 73 22 t'riday,
567 1895 28 12 wa
609 1890 36 21 bear

52 1917 21 15 to
81 1915 69 17 inform
160 1919 34 13 our
207 1913 73 18 friends
294 1914 41 15 that
348 1917 24 12 no
386 1912 163 17 communication
558 1911 87 17 received

52 1936 50 17 after
114 1936 101 21 Thursday,
223 1936 20 16 at
251 1936 10 15 2
268 1934 80 20 o'clock,
357 1938 35 12 can
400 1938 71 16 appear
484 1933 50 16 until
541 1933 32 16 the
587 1937 57 12 ensu-

52 1957 35 21 ing
95 1958 51 16 week
153 1962 4 15 ;
177 1961 23 12 an
209 1957 6 16 I
230 1955 41 17 that
282 1955 159 17 advertisements
457 1953 87 18 received
560 1953 49 17 after
624 1955 21 15 10

52 1978 74 17 o'clock
132 1982 24 13 on
165 1977 74 22 Friday,
247 1976 38 17 will
293 1976 23 17 bs
324 1975 81 22 charged
415 1975 57 17 twice
480 1974 32 18 the
522 1974 53 18 usual
585 1976 58 15 rates.

234 2006 32 16 TO
284 2005 177 16 SUBSCRIBERS.

76 2028 37 18 Mr.
121 2028 96 20 Deighton
224 2026 36 17 has
268 2026 118 16 undertaken
395 2027 20 15 to
422 2026 32 16 act
461 2028 21 13 as
494 2025 58 21 agent
560 2025 19 15 at
588 2023 57 17 Wan-

54 2049 65 21 ranui,
134 2049 37 17 ami
187 2049 37 16 Mr.
240 2047 75 16 H.irrett
330 2047 19 16 at
363 2046 32 17 the
412 2046 100 21 Plymouth
528 2044 116 22 Company's

54 2070 112 17 settlement
174 2071 19 15 at
200 2067 102 19 Taranaki.
327 2067 45 17 Care
380 2067 37 17 will
433 2067 24 16 be
471 2067 56 16 taken
537 2067 19 16 to
565 2066 80 16 forward

54 2096 68 16 papers
131 2091 23 21 by
163 2094 56 17 every
228 2088 130 22 opportunity.
381 2089 15 16 A
405 2088 35 17 few
448 2087 71 21 copies,
527 2087 30 16 for
570 2091 13 12 a
590 2087 55 17 short

54 2112 54 19 time,
120 2112 37 17 will
168 2112 23 16 be
204 2112 44 16 sent
256 2114 24 12 on
288 2110 40 16 sale
334 2115 5 14 ;
352 2108 34 18 but
399 2113 80 17 persons
487 2109 19 16 at
518 2108 54 17 these
580 2108 65 21 places

53 2133 84 21 wishing
148 2134 19 15 to
183 2135 47 14 nave
244 2131 32 16 tlie
284 2134 64 17 paper,
356 2131 20 16 to
385 2134 65 13 secure
459 2129 16 16 it
485 2129 101 22 regularly,
595 2131 50 15 must

54 2154 53 21 place
115 2154 50 17 their
172 2156 66 14 names
246 2156 24 13 on
278 2152 33 16 the
319 2150 130 22 subscription
457 2150 40 17 list.

54 163 41 48 J
121 161 171 24 M'GREGOR,
308 160 74 22 Clock
392 160 44 21 and
446 159 88 23 Watch
546 159 94 27 Maker,

95 200 17 10 •-
136 196 54 14 near
198 189 39 21 the
245 187 116 22 residence
370 186 26 21 of
407 187 40 21 Dr.
456 186 77 22 Knox.

110 231 238 22 WELLINGTON
361 231 76 20 AND
452 230 138 20 PETONZ.

169 264 92 33 rpHE
271 264 45 21 fine
325 263 108 22 schooner
443 263 56 21 built
509 263 131 24 bo&t'Eliza,

81 285 83 37 «3i£^
177 285 28 28 JL
229 290 117 26 t-heridan,
358 294 88 22 master,
462 289 43 21 will
522 289 64 21 leave
603 289 38 20 the

182 317 73 28 Royal
274 317 87 26 George
382 316 42 21 Inn
446 322 67 20 every
537 315 105 26 morning

54 349 36 19 for
108 346 85 22 i'etoni.
222 344 95 26 Passage
336 349 81 20 money
434 344 31 19 2*.
494 342 44 21 For
553 342 87 26 freight,

54 374 50 25 &c,
117 372 66 28 apply
194 376 22 17 to
405 369 96 21 George
512 369 102 20 Clakke.

159 424 69 20 FOR
242 421 142 21 LONDON
398 420 137 20 DIRECT.

103 449 157 29 jrjs^rpHE
278 449 83 26 barque
375 448 126 23 Brougham,
523 447 41 19 220
583 448 57 21 tons,

80 471 83 35 £g2B^
177 468 27 29 X
232 475 93 26 Captain
344 473 134 26 Kettlewell,
499 472 83 25 having
600 471 42 21 her

55 496 111 34 ,^ggggp
184 508 66 21 cargo
260 500 115 27 complete,
388 503 79 21 except
476 506 13 14 a
504 499 44 21 few
559 501 50 17 tons
619 498 26 20 of

54 533 166 20 measurement
241 527 77 26 goods,
344 525 43 22 will
410 522 40 24 sail
478 524 108 27 positvely
612 531 27 13 on

54 558 109 26 Monday,
176 556 36 21 the
224 554 50 22 19th
285 554 50 20 inst.
365 553 42 21 For
417 551 80 26 freight
513 558 25 14 or
548 557 92 20 passage

55 584 67 25 apply
134 588 21 17 to
165 583 37 21 the
213 581 93 26 Captain
318 586 29 14 on
356 578 76 24 board,
445 585 24 13 or
479 581 21 17 to

421 603 88 22 Willis
519 603 44 21 and
573 603 39 21 Co.
