3256 4277
1109 294 143 19 MARRIAGE.

986 339 352 20 PATERSON—ROBINSON.—On
1352 338 44 24 July

963 365 31 19 24,
994 365 21 19 nt
1022 365 33 16 the
1064 364 76 17 Church
1152 365 21 16 of
1181 361 27 20 St.
1224 364 62 22 Faith,
1307 363 89 21 Rotorua,

963 388 25 21 by
1001 388 34 17 the
1041 388 46 16 Rovi
1096 387 29 18 Wi
1140 387 105 22 Goodyear,
1258 388 65 17 James
1332 388 54 16 Patcr-

963 415 33 12 son
1005 410 20 17 of
1034 410 31 17 the
1083 411 67 17 Mains,
1168 411 55 20 Gore,
1240 412 20 16 to
1277 412 50 20 Amy
1342 410 54 17 Jane,

962 433 60 17 eldest
1030 433 95 22 daughter
1133 433 21 17 of
1161 431 82 20 Thomas
1257 434 19 17 J.
1295 433 101 21 Robinson,

962 455 98 18 Tafawora
1069 455 71 21 House,
1154 457 90 17 Rotorua.

963 512 56 20 THE
1038 512 56 20 HOT
1113 512 94 20 LAKES
1226 512 169 20 CHRONICLE

963 551 432 12 AND

963 578 216 20 Tourists'
1203 578 192 20 Journal.

1010 636 170 22 WEDNESDAY,
1187 638 69 17 JULY
1262 640 28 19 31,
1299 640 50 15 1895.

963 689 118 19 Accoudino
1091 692 20 17 to
1125 691 35 20 the
1177 692 128 24 Wellington
1321 698 65 13 corres-

962 716 91 24 pondent
1071 716 22 19 of
1108 718 34 17 the
1157 717 110 19 Aucklund
1282 718 80 19 Herald
1380 719 16 18 it

963 747 64 13 seems
1037 744 21 16 to
1069 742 24 18 be
1106 743 56 24 quite
1180 751 26 11 ou
1223 744 35 18 the
1274 744 58 19 cards
1352 746 44 17 that

963 767 34 18 the
1007 767 79 19 scheme
1096 772 21 15 ot
1127 770 83 23 railway
1221 773 143 22 management
1374 777 22 12 so

962 793 130 25 persistontly
1102 795 111 19 udyocated
1225 795 26 25 by
1262 796 33 19 Mr
1314 796 82 19 Samuel

965 818 56 19 Vailo
1032 819 40 18 will
1090 825 33 13 ere
1139 821 50 24 long
1204 822 53 19 have
1277 829 13 13 a
1299 823 40 18 fair
1349 823 47 19 trial

962 850 26 12 on
998 850 12 12 a
1019 845 76 18 section
1105 846 21 18 of
1137 846 34 19 the
1183 847 138 20 Government
1336 849 48 19 Kail-

962 876 60 18 ways.
1050 871 19 18 A
1079 872 97 24 practical
1187 876 40 16 test
1241 876 21 16 of
1270 875 32 18 bis
1320 878 74 22 system

962 896 16 17 is
989 896 27 18 all
1025 896 45 19 that
1080 897 33 19 Mr
1131 897 59 21 Vailo
1209 900 38 19 has
1267 907 47 12 ever
1332 901 63 19 asked

961 922 32 18 for
1003 925 20 15 to
1034 923 72 19 enablo
1124 923 44 21 him
1185 929 21 15 to
1223 932 62 19 prove
1302 927 45 19 that
1363 928 31 18 his

961 948 72 24 theory
1041 948 18 19 is
1069 954 80 20 correct,
1160 951 46 25 viz.,
1215 955 45 16 thut
1269 959 12 13 a
1289 953 105 19 minimum

961 974 54 18 scale
1027 975 22 18 of
1064 978 54 17 rates
1138 977 91 20 between
1249 979 61 24 given
1328 980 66 24 points

963 1000 41 18 will
1018 1000 89 25 produce
1123 1008 13 13 a
1154 1005 111 19 maximum
1285 1005 22 20 of
1324 1005 68 24 traffic,

961 1026 41 18 and
1012 1028 101 19 therefore
1131 1029 23 19 of
1170 1031 66 25 profit.
1273 1031 56 24 Also,
1349 1032 45 18 thut

961 1052 35 19 the
1022 1052 96 26 adoption
1140 1056 21 19 of
1182 1057 34 19 the
1237 1059 59 23 stage
1319 1060 75 22 system

962 1078 66 19 would
1038 1079 46 25 give
1095 1087 26 13 an
1138 1082 89 26 impetus
1241 1087 21 15 to
1279 1083 35 19 tho
1324 1089 55 13 manu-

961 1104 89 20 factures
1060 1106 40 19 and
1108 1108 108 19 industrial
1227 1110 97 24 products
1333 1110 21 17 of
1364 1110 19 18 in-

961 1130 49 20 land
1019 1133 65 18 towns
1095 1133 26 25 by
1140 1135 35 18 tho
1190 1135 89 19 creation
1298 1137 23 17 of
1338 1142 55 13 more

961 1156 52 20 local
1022 1158 96 19 markets.
1147 1160 20 18 It
1179 1160 65 19 would
1257 1161 24 18 be
1297 1162 84 25 impossi-

963 1183 32 19 ble
1004 1183 21 19 in
1038 1184 34 19 the
1082 1184 77 20 limited
1178 1193 59 18 space
1257 1190 19 15 at
1297 1194 36 13 our
1352 1189 30 20 dis-

961 1209 57 24 posal
1028 1211 20 17 to
1058 1210 47 25 give
1113 1217 50 13 evou
1180 1219 26 12 an
1222 1214 76 18 outline
1317 1215 21 18 of
1359 1217 34 18 the

961 1238 73 22 cogent
1048 1235 41 19 line
1107 1238 22 18 of
1147 1239 109 25 reasoning
1276 1240 64 19 which
1361 1243 33 18 Mr

961 1261 59 19 Yaile
1036 1261 37 19 has
1092 1263 91 20 adduced
1202 1265 21 19 in
1242 1269 58 16 tavor
1323 1268 21 19 of
1361 1269 32 18 his

961 1291 81 20 system,
1068 1287 36 21 but
1123 1290 45 19 that
1187 1291 16 19 it
1230 1293 84 24 appeals
1341 1298 51 15 most

961 1313 107 25 favorably
1090 1318 20 15 to
1135 1316 35 19 the
1196 1319 149 20 consideration
1372 1321 22 18 of

961 1338 91 20 Kotorua
1067 1341 101 21 residents
1185 1350 48 18 may
1253 1344 24 20 bo
1294 1347 98 23 gathered

961 1365 52 19 from
1024 1366 35 18 the
1069 1367 41 19 fact
1121 1369 45 19 that
1178 1370 21 18 in
1208 1370 58 25 place
1276 1373 21 17 of
1304 1372 34 19 tho
1349 1381 32 18 pro-

961 1391 90 25 hibitory
1058 1393 54 19 fares
1119 1401 45 13 now
1172 1396 20 18 in
1201 1403 66 18 vogue
1272 1404 121 21 passengers

961 1418 67 20 would
1039 1421 24 16 be
1070 1423 103 23 conveyed
1185 1423 52 18 from
1247 1424 59 20 Auck
1316 1429 40 16 and
1372 1430 21 16 to

961 1447 47 19 here
1020 1446 32 18 for
1062 1449 22 17 3s
1092 1447 25 19 Gd
1127 1456 23 12 or
1161 1451 21 18 2s
1192 1450 26 20 -Id
1229 1450 43 19 first
1281 1457 22 13 or
1321 1454 72 19 second

960 1475 53 18 class
1022 1475 137 24 respectively,
1181 1476 80 20 instead
1275 1478 22 18 of
1313 1480 35 17 35s
1367 1481 25 18 <)d

961 1501 39 18 and
1011 1503 24 17 23
1046 1502 25 18 8d
1081 1507 13 12 a
1095 1510 9 12 s
1119 1506 21 16 at
1155 1507 87 19 present.
1279 1505 114 27 According

961 1532 20 17 to
991 1537 12 13 a
1013 1527 92 25 diagram
1114 1527 109 29 published
1234 1531 26 25 by
1270 1532 33 19 Mr
1313 1532 58 19 Vaile
1381 1540 12 12 a

961 1558 55 18 short
1025 1557 47 17 time
1080 1562 39 19 ago
1125 1558 31 18 six
1163 1560 59 23 stage
1229 1561 78 17 centres
1310 1565 35 13 are
1349 1565 32 19 pro-

961 1581 59 22 vided
1029 1581 32 20 for
1069 1583 90 20 between
1168 1583 108 21 Auckland
1284 1584 40 20 and
1331 1584 49 21 Roto-

961 1617 43 15 rua,
1015 1609 44 23 viz.,
1071 1609 94 24 Penrose,
1177 1609 124 26 Manurewa,
1317 1611 73 26 Druiy,

962 1635 117 24 Pukekohe,
1090 1635 105 21 Frankton
1204 1637 40 18 and
1255 1637 83 19 Oxford,
1354 1638 25 20 Be-

961 1665 64 16 tween
1041 1661 106 20 Auckland
1168 1663 39 19 and
1228 1663 112 21 Pukekohe
1359 1666 33 18 the

960 1692 69 21 stnges
1046 1688 66 19 would
1128 1689 25 19 be
1172 1689 64 20 about
1254 1697 61 12 seven
1335 1691 57 19 miles

960 1715 49 19 each
1029 1715 20 18 in
1068 1714 77 25 length,
1163 1717 52 17 from
1237 1716 112 20 Pukekohe
1372 1720 20 17 to

960 1740 91 20 Kotorua
1062 1740 56 20 there
1130 1741 66 19 would
1208 1741 24 21 be
1248 1743 57 18 three
1324 1746 68 22 stages

960 1768 20 17 of
990 1767 63 19 about
1068 1767 24 18 60
1109 1768 57 18 miles
1182 1769 55 18 each.
1273 1771 27 17 At
1319 1776 11 12 a
1349 1771 43 17 first

959 1793 72 24 glance
1041 1793 15 18 it
1067 1793 64 19 would
1139 1800 76 19 appear
1225 1794 45 21 that
1276 1795 36 20 the
1317 1795 75 27 charge

959 1818 53 20 fixed
1023 1820 32 18 for
1065 1819 33 18 the
1110 1818 89 28 through
1209 1822 39 23 trip
1258 1822 16 18 is
1295 1821 96 27 absurdly

959 1845 37 19 low
1008 1845 36 19 but
1053 1845 16 20 it
1080 1849 53 16 must
1152 1847 24 18 bo
1192 1847 138 20 remembered
1348 1848 44 20 that

959 1871 35 20 the
1002 1878 71 13 haison-
1081 1871 73 21 d'etre
1161 1873 21 19 of
1191 1873 32 19 Mr
1232 1873 160 21 Vaile'ssohenie

959 1898 16 18 is
986 1898 34 18 the
1030 1898 88 19 creation
1130 1900 20 17 of
1160 1899 55 19 fresh
1223 1905 79 14 centres
1314 1901 76 21 inland,

959 1924 38 18 and
1008 1924 44 19 Mint
1063 1924 20 20 in
1091 1924 33 19 the
1133 1925 77 19 fulness
1220 1927 20 18 of
1250 1927 47 18 time
1305 1932 22 13 as
1335 1927 57 19 these

959 1953 77 16 centres
1047 1951 70 24 spring
1130 1952 41 17 into
1188 1952 102 20 existence
1316 1953 34 19 the
1362 1955 20 17 in-

958 1976 82 19 creased
1050 1976 50 19 local
1112 1977 63 20 traffic
1187 1978 40 19 will
1236 1985 55 13 more
1301 1979 50 19 than
1362 1987 18 12 re-

959 2008 38 18 pay
1011 2002 33 19 tho
1056 2003 93 25 working
1155 2011 98 18 expenses
1266 2005 29 20 for
1309 2005 34 20 the
1354 2006 36 19 full

958 2028 96 19 distance.
1083 2028 42 19 The
1137 2032 62 22 goods
1216 2031 63 20 traffic
1291 2032 65 19 would
1368 2033 24 18 be

958 2054 106 25 regulated
1081 2054 20 20 in
1119 2056 34 19 the
1171 2063 56 13 same
1243 2064 88 13 manner,
1352 2059 40 19 and

959 2080 49 19 with
1019 2083 79 16 centres
1108 2082 22 18 of
1145 2082 59 24 from,
1223 2089 42 19 say,
1288 2085 68 18 10.000
1371 2087 21 18 to

960 2106 71 24 15,000
1046 2106 128 20 inhabitants
1192 2112 22 16 at
1232 2108 112 26 Frankton,
1364 2111 28 19 Te

958 2132 75 23 Arolui,
1043 2132 74 20 Oxford
1128 2133 40 19 and
1175 2134 96 24 Rotorua,
1281 2136 39 19 and
1331 2137 49 18 smal-

958 2159 29 18 ler
994 2162 63 15 towns
1067 2159 135 27 intervening,
1215 2162 35 18 the
1259 2162 74 19 benefit
1342 2163 49 19 both

958 2188 20 16 to
985 2185 109 24 producers
1103 2186 39 18 and
1158 2193 116 13 consumers
1290 2189 66 19 would
1366 2189 26 19 be

957 2211 133 19 incalculable
1112 2212 42 20 The
1163 2220 48 12 zone
1220 2216 75 23 system
1305 2216 22 17 of
1333 2216 44 19 Hun-

958 2244 56 18 gary,
1027 2237 64 19 which
1102 2238 17 19 is
1128 2239 78 19 similar
1216 2239 20 20 in
1248 2247 59 18 every
1315 2245 77 21 respect

958 2266 19 16 to
988 2263 45 19 that
1051 2263 102 26 projected
1173 2265 26 26 by
1220 2266 32 18 Mr
1268 2265 64 26 Vaile,
1354 2269 16 18 is
1380 2275 12 12 a

957 2289 76 26 proved
1043 2290 95 24 practical
1144 2291 40 19 and
1196 2295 104 22 monetary
1307 2300 83 17 success,

957 2316 41 18 and
1007 2315 44 19 that
1058 2317 41 18 fact
1109 2316 59 20 alone
1176 2318 73 19 should
1257 2319 25 19 be
1293 2319 99 21 sufficient

957 2345 21 16 to
987 2347 69 13 secure
1066 2342 32 18 for
1114 2343 33 18 Mr
1163 2343 60 20 Vaile
1242 2345 34 19 the
1294 2346 97 25 practical

958 2370 39 16 test
1006 2367 22 19 of
1036 2367 34 19 the
1086 2369 82 19 method
1185 2374 20 14 to
1227 2371 65 19 which
1310 2372 25 19 he
1355 2374 37 18 has

958 2394 60 25 given
1030 2400 21 13 so
1070 2401 61 18 many
1149 2401 59 20 years
1225 2398 77 19 careful
1322 2399 67 24 study.

958 2421 19 18 It
987 2420 23 23 is,
1021 2420 22 18 of
1048 2427 75 16 course,
1137 2428 26 12 an
1183 2422 117 21 innovation
1319 2431 22 13 so
1360 2425 32 19 far

957 2453 22 12 as
989 2446 41 19 this
1040 2449 84 23 country
1135 2447 15 19 is
1164 2449 117 24 concerned,
1300 2451 40 19 and
1350 2451 41 19 like

957 2472 27 19 all
992 2479 43 12 new
1042 2473 70 25 things
1118 2473 36 20 has
1163 2474 55 19 hosts
1227 2473 21 20 of
1254 2476 137 20 detractors—

958 2499 37 18 but
1005 2505 22 12 so
1037 2499 40 19 had
1090 2500 34 18 the
1143 2507 68 18 penny
1232 2504 66 22 postal
1317 2506 73 21 system

957 2531 25 12 on
990 2525 26 18 its
1027 2525 43 18 first
1088 2525 143 25 inti-oduction,
1251 2531 35 21 yet
1306 2529 45 19 who
1370 2536 22 12 so

957 2551 73 19 foolish
1041 2557 22 13 as
1074 2552 96 19 advocate
1180 2559 12 12 a
1204 2557 69 15 return
1284 2557 21 17 to
1313 2555 34 19 the
1358 2556 33 19 old

957 2581 53 15 rates
1021 2583 51 13 now.
1087 2577 32 19 Mr
1130 2578 76 20 Vaile's
1223 2580 48 25 plan
1281 2587 47 19 may
1339 2581 53 20 have

957 2610 61 17 many
1029 2603 150 25 imperfections
1198 2606 72 24 which,
1291 2607 99 24 however,

957 2630 65 18 would
1046 2630 100 24 probably
1172 2631 109 26 disappear
1300 2634 64 19 under
1380 2640 12 13 n.

957 2655 95 25 practical
1062 2658 45 21 test,
1116 2655 38 20 but
1164 2657 35 20 tho
1206 2659 92 19 material
1306 2660 86 19 benefits

957 2685 19 16 to
994 2681 26 19 be
1038 2682 81 19 derived
1138 2683 52 20 from
1211 2685 26 18 its
1254 2685 137 20 introduction

957 2714 33 13 are
1002 2714 21 12 so
1032 2710 64 23 groat,
1116 2709 45 19 that
1179 2711 16 18 it
1210 2711 116 20 commends
1337 2711 55 20 itself

957 2737 19 16 to
987 2734 35 18 the
1043 2734 95 25 ordinary
1157 2736 57 19 mind
1223 2743 22 12 as
1264 2737 64 27 be-ng
1347 2738 44 19 well

957 2759 78 26 worthy
1045 2761 21 18 of
1076 2762 76 19 careful
1161 2763 156 20 consideration.

956 2817 103 20 BUILDING
1074 2820 106 22 operations
1193 2821 20 17 in
1228 2821 32 17 the
1273 2827 43 11 new
1328 2822 50 18 town-

956 2841 42 24 ship
1010 2847 32 11 are
1057 2842 59 24 going
1133 2849 23 11 on
1174 2848 63 18 apace.
1270 2845 40 17 The
1326 2845 65 18 Grand

956 2865 58 17 Hotel
1023 2865 39 17 will
1071 2865 20 17 in
1099 2872 11 12 a
1118 2871 46 17 very
1173 2867 36 17 few
1218 2867 61 18 weeks
1288 2868 23 17 be
1324 2870 35 15 out
1371 2870 21 15 of

956 2888 31 17 the
997 2887 60 18 hands
1065 2889 21 17 of
1094 2889 32 17 the
1135 2891 108 17 contraotor
1248 2891 43 17 who
1297 2891 40 17 will
1344 2891 47 17 have

956 2910 32 18 the
997 2910 117 19 satisfaction
1123 2913 20 17 of
1150 2912 93 25 bringing
1251 2915 20 17 to
1284 2920 11 11 a
1309 2920 72 12 success-

956 2934 27 17 ful
993 2934 112 23 completion
1114 2941 36 12 one
1164 2938 20 15 of
1197 2938 32 16 the
1243 2938 73 22 largest
1327 2938 52 17 build-

956 2957 43 22 ings
1015 2958 21 17 of
1050 2957 24 18 its
1088 2958 114 25 description
1218 2960 19 17 in
1252 2961 32 17 the
1298 2961 92 17 Colonies.

956 2980 121 23 Speculation
1086 2981 14 18 is
1110 2982 34 18 life
1152 2989 21 11 us
1182 2985 19 15 to
1211 2983 53 18 what
1272 2990 64 11 means
1352 2985 39 17 will

956 3004 22 17 be
987 3004 82 22 adopted
1078 3005 19 16 in
1105 3004 86 24 lighting
1196 3007 38 16 this
1241 3013 99 12 enormous
1347 3007 43 23 pile.

956 3026 30 18 Oil
996 3032 59 12 seems
1063 3029 20 16 to
1092 3028 22 17 be
1123 3029 81 22 entirely
1212 3031 33 16 out
1255 3030 20 17 of
1289 3031 33 16 the
1335 3037 44 15 ques-

956 3050 40 16 tion
1004 3049 21 18 in
1034 3056 19 11 so
1062 3050 52 23 large
1129 3057 11 12 a
1152 3051 94 24 building,
1262 3053 37 17 and
1317 3054 74 21 though

956 3079 27 10 we
999 3073 45 17 hear
1052 3074 42 17 that
1103 3075 94 22 enquiries
1214 3082 32 11 are
1262 3077 59 22 being
1337 3077 54 17 made

956 3096 103 23 regarding
1067 3102 11 13 a
1087 3098 81 19 suitable
1176 3099 35 17 site
1220 3099 30 17 for
1258 3106 11 11 a
1282 3105 34 17 gas
1323 3099 67 21 works,

956 3119 15 17 it
980 3119 16 17 is
1004 3119 66 18 hinted
1083 3123 90 20 amongst
1187 3122 53 17 those
1255 3123 42 17 who
1310 3129 44 16 may
1368 3122 24 18 bo

956 3141 100 23 produced
1065 3144 19 16 to
1092 3143 23 18 be
1172 3145 32 18 the
1302 3146 43 17 that
1359 3146 33 18 the

956 3166 127 22 enterprising
1091 3172 72 13 owners
1172 3169 91 17 meditate
1272 3169 32 17 the
1310 3169 82 17 erection

956 3188 21 18 of
984 3193 25 12 an
1018 3188 75 19 electric
1100 3189 85 25 lighting
1194 3192 60 22 plant.
1286 3192 19 17 If
1319 3193 45 17 such
1380 3199 12 10 a

956 3212 71 21 system
1047 3212 20 17 of
1081 3209 84 26 lighting
1180 3214 24 18 be
1221 3214 88 24 adopted,
1319 3216 38 17 and
1380 3222 12 11 a

956 3234 54 22 plant
1019 3235 73 18 erected
1100 3236 20 17 of
1129 3237 93 17 sufficient
1226 3238 86 23 capacity
1319 3240 20 16 to
1345 3245 35 16 sup-

956 3258 34 22 ply
999 3258 54 17 other
1060 3259 94 22 premises,
1165 3266 29 11 we
1208 3261 48 17 have
1265 3261 51 18 little
1331 3262 61 17 doubt

957 3280 43 18 that
1008 3281 33 17 the
1049 3279 114 26 proprietors
1171 3283 65 18 would
1244 3285 23 16 be
1283 3285 64 22 repaid
1361 3285 30 18 for

957 3304 49 17 their
1014 3305 72 22 outlay,
1111 3303 15 24 f
1128 3306 42 17 hero
1179 3307 15 17 is
1205 3308 93 17 sufficient
1307 3313 85 17 pressure

957 3327 20 16 of
985 3329 59 16 water
1054 3325 92 21 available;
1154 3330 61 17 cither
1230 3331 49 17 from
1293 3331 33 17 the
1340 3333 52 17 tow»

957 3350 70 22 supply
1035 3357 21 11 or
1064 3350 57 19 Alum
1131 3353 58 16 Creek
1197 3355 21 15 to
1227 3353 53 18 work
1289 3360 11 11 a
1310 3353 82 23 dynamo

957 3373 77 22 capable
1048 3375 21 16 of
1085 3376 107 22 answering
1208 3376 25 17 all
1250 3376 141 23 requirements,

957 3395 38 18 and
1004 3402 28 11 we
1040 3399 50 15 trust
1098 3399 42 16 that
1152 3399 33 17 the
1198 3400 74 21 project
1290 3400 38 17 will
1345 3400 48 18 have

957 3419 33 16 the
1010 3420 109 18 favourable
1142 3422 139 18 consideiation
1303 3424 20 16 of
1339 3423 53 17 those

957 3443 50 16 most
1015 3442 107 19 interested.
1147 3445 40 16 The
1194 3446 128 17 Government
1328 3446 64 17 would

957 3465 46 22 only
1010 3465 24 17 be
1043 3466 32 17 too
1083 3466 45 23 glad
1143 3469 20 15 to
1178 3468 49 17 aVail
1242 3469 113 17 themselves
1371 3470 21 16 of

957 3487 33 18 the
999 3489 123 23 opportunity
1131 3491 21 16 of
1160 3491 102 22 efficiently
1270 3492 85 21 lighting
1361 3493 32 16 the

957 3511 127 21 Sanatorium,
1094 3512 55 19 baths
1159 3513 38 18 and
1205 3515 91 21 grounds,
1307 3515 31 17 the
1348 3515 46 18 Tost

958 3534 57 18 Office
1040 3535 37 17 and
1106 3534 124 23 Courthouse,
1258 3538 38 17 and
1321 3538 73 22 private

957 3563 73 11 owners
1038 3558 63 18 would
1110 3557 40 20 also
1159 3560 107 23 materially
1275 3560 55 18 assist
1335 3561 19 17 in
1361 3562 33 16 the

957 3582 41 16 cost
1006 3581 21 16 of
1034 3580 99 23 installing
1142 3583 52 17 what
1201 3583 16 17 is
1225 3583 94 23 regarded
1327 3590 20 11 as
1361 3585 32 17 the

978 3604 60 22 Light
1047 3605 20 16 of
1074 3605 31 17 the
1114 3604 42 24 Age
1175 3606 134 22 —electricity.

971 3656 104 24 LOCAL
1089 3658 97 24 NEWS
1197 3660 70 22 AND
1282 3660 110 22 NOTES.

980 3721 39 17 The
1028 3722 125 22 temperature
1165 3723 20 17 of
1201 3723 32 17 the
1250 3724 77 17 Priest's
1343 3725 50 17 Bath

958 3743 70 24 during
1035 3744 33 17 the
1077 3746 43 21 past-
1128 3746 51 17 week
1188 3747 73 21 ranged
1273 3747 49 17 from
1338 3748 22 17 98
1373 3749 20 16 to

960 3767 38 20 102,
1015 3767 37 17 and
1068 3768 43 18 that
1125 3769 20 17 of
1155 3768 33 18 the
1194 3770 84 21 Sulphur
1286 3770 50 17 Bath
1346 3771 47 16 from

958 3789 22 17 98
989 3791 20 16 to
1020 3790 32 17 10(3
1061 3791 42 23 dog.

981 3817 39 18 The
1028 3817 83 21 business
1120 3822 153 16 announcement
1284 3822 21 16 of
1318 3822 32 16 Mr
1364 3821 29 19 W.

958 3840 23 17 K.
997 3841 81 21 Walker,
1096 3843 53 17 stock
1163 3843 37 17 and
1216 3844 53 17 share
1282 3845 74 20 broker,
1372 3846 21 16 82

958 3863 65 18 Queen
1032 3864 34 20 St.,
1077 3862 107 25 Auckland,
1193 3870 79 20 appears
1281 3867 19 17 in
1315 3867 80 18 another

957 3886 77 18 column
1037 3886 4 18 i

960 3924 9 4 ■■
981 3915 34 17 Wo
1024 3915 48 18 have
1080 3915 47 18 been
1138 3916 90 19 favoured
1235 3919 48 17 with
1297 3925 24 11 an
1335 3920 50 17 inter-

957 3939 64 22 esting
1029 3939 65 17 article
1103 3939 113 23 descriptive
1224 3942 21 16 of
1252 3942 33 17 the
1294 3948 42 11 new
1349 3942 46 18 road

958 3963 21 16 to
991 3961 33 18 the
1042 3962 58 17 Coast
1112 3963 32 17 via
1160 3961 73 20 Eotoiti
1249 3965 38 17 and
1303 3965 26 17 Te
1345 3965 50 17 Teko

959 3984 62 17 which
1030 3985 39 17 will
1077 3991 71 17 appear
1157 3986 19 17 in
1184 3988 47 15 neJct
1240 3987 54 18 issue.

980 4010 25 24 .In
1014 4013 71 22 justice
1093 4015 20 16 to
1122 4020 35 12 our
1165 4015 147 22 correspondent
1323 4014 71 20 'Uriah'

958 4033 65 20 whose
1031 4036 58 18 letter
1097 4043 79 17 appears
1190 4038 19 17 in
1224 4039 81 17 another
1320 4038 75 19 column

958 4064 30 12 we
996 4059 49 17 have
1054 4061 21 16 to
1083 4061 49 16 state
1141 4061 43 17 that
1194 4061 30 17 his
1237 4060 158 20 Communication

958 4081 36 18 has
1002 4081 49 18 been
1059 4082 20 17 in
1089 4084 45 21 type
1140 4083 31 18 for
1178 4084 33 17 the
1219 4085 44 22 past
1270 4081 53 21 three
1335 4085 60 18 weeks

958 4104 38 17 but
1004 4110 40 12 was
1052 4106 146 23 unfortunately
1207 4108 87 17 crowded
1302 4109 39 17 out.

1443 101 18 18 A
1468 102 57 22 party
1533 102 22 17 of
1563 107 43 12 men
1615 107 31 12 are
1654 107 44 13 now*
1714 101 86 24 engaged
1813 103 32 17 bal-

1420 124 72 23 lasting
1511 125 33 16 the
1565 125 78 23 railway
1663 126 38 17 line
1719 126 84 17 between
1824 126 32 17 the

1421 148 85 17 Rotorua
1515 146 75 19 Station
1606 149 38 17 and
1659 147 91 19 Huakura
1765 147 91 19 Junction

1422 171 60 17 tinder
1490 166 32 21 Air
1531 169 115 19 McSharrio.

1443 199 32 17 Mr
1483 199 22 17 B.
1521 199 19 17 S.
1555 198 79 21 Corlett,
1651 198 97 21 architect,
1765 198 46 18 calls
1828 199 29 18 for

1420 221 75 18 tenders
1504 222 29 17 for
1542 220 67 19 labour
1617 220 20 19 in
1646 223 84 20 erecting
1738 229 11 10 a
1758 223 46 21 shop
1819 221 37 18 and

1420 244 96 23 dwelling.
1542 244 114 18 Particulars
1670 250 24 12 on
1708 244 115 24 application
1836 248 20 15 at

1420 267 28 19 his
1457 266 58 20 office.

1443 299 32 18 Mr
1483 298 80 24 Phillips
1572 299 43 18 who
1624 298 33 19 lias
1670 299 46 18 been
1731 299 87 23 engaged
1832 306 24 11 on

1420 324 32 18 the
1461 322 151 23 trignonietrical
1620 328 68 17 survey
1696 323 20 17 iu
1726 324 33 16 the
1768 321 88 20 TJrewcri.

1420 346 85 22 Country
1514 345 31 18 for
1553 350 51 13 Some
1613 345 44 19 time
1667 346 43 23 past
1716 346 33 18 has
1754 352 43 11 now
1804 352 39 12 com-

1420 369 62 24 pleted
1491 369 30 17 his
1529 368 69 18 labors.
1624 369 30 17 He
1663 370 35 16 left
1712 370 30 16 for
1756 369 99 18 Auckland

1419 399 25 11 on
1453 391 101 23 Monday's
1565 393 56 16 train.

1442 418 39 19 Tlie
1491 418 83 23 meeting
1583 420 19 17 of
1611 418 90 19 creditors
1715 418 19 18 in
1750 418 32 19 the
1796 420 60 17 estate

1419 443 20 17 of
1448 443 31 17 Mr
1487 440 18 20 J.
1516 438 78 23 Mcliao,
1604 443 20 17 of
1632 444 32 16 the
1676 441 95 24 WaVcrley
1790 442 63 20 Hotel,

1420 463 104 24 Auckland,
1535 465 61 19 which
1606 470 38 13 was
1658 466 29 18 act
1700 464 56 18 down
1773 465 29 19 for
1819 465 36 18 last

1419 487 98 25 Thursday
1528 494 37 13 was
1574 489 111 23 postponed,
1693 487 162 25 indefinitely,the

1420 512 66 19 official
1500 512 85 22 assignee
1599 514 20 15 to
1634 512 26 17 fix
1677 512 32 17 the.
1726 512 43 17 date
1786 513 20 18 of
1822 513 33 17 the

1419 536 46 18 next
1474 535 89 23 meeting.

1443 564 19 16 It
1470 564 16 16 is
1495 562 115 19 understood
1619 562 43 18 that
1671 562 31 18 the
1716 562 110 23 contingent
1836 563 19 18 of

1418 585 91 24 artillery,
1519 587 80 22 torpedo
1608 592 60 16 corps,
1678 586 39 18 &c,
1727 587 60 17 under
1792 587 61 17 Lieut.

1419 608 63 19 Hume
1491 615 42 12 now
1547 608 94 19 stationed
1655 611 20 16 at
1689 609 25 18 Tc
1729 608 70 20 Whaiti
1816 609 38 19 will

1418 633 23 17 be
1450 632 79 17 recalled
1539 634 20 15 at
1568 638 46 11 once
1622 632 38 17 and
1670 638 43 16 may
1722 633 23 16 be
1752 634 66 16 looked
1825 635 30 16 fur

1418 656 44 17 here
1471 661 23 12 on
1504 656 50 17 their
1567 660 42 18 way
1626 658 20 15 to
1665 654 97 20 Auckland
1780 656 24 23 by
1822 656 32 19 the

1418 677 37 19 end
1463 678 21 18 of
1492 679 32 17 the
1538 677 57 19 week.

1441 708 38 19 The
1489 708 45 20 road
1543 712 20 15 to
1572 709 124 20 Whakatanc,
1712 710 30 18 via
1756 710 26 18 Te
1796 710 56 21 Toko,

1418 733 15 17 is
1442 733 58 22 being
1508 734 110 21 vigorously
1627 734 102 22 proceeded
1738 734 52 17 with.
1815 734 39 18 The

1417 756 73 17 natives
1499 757 48 17 have
1555 757 66 22 nearly
1630 757 105 23 completed
1742 757 32 17 the
1782 756 60 18 widen-

1417 780 34 21 ing
1460 780 20 17 of
1489 780 32 17 the
1533 781 45 16 road
1595 779 84 18 between
1696 781 32 16 the
1745 779 54 23 Ngae
1816 780 37 17 and

1417 803 81 17 Tikitere
1508 804 37 16 and
1554 804 69 23 parties
1633 804 20 17 of
1668 809 42 12 men
1723 809 32 11 are
1768 805 21 15 at
1802 803 51 18 work

1417 826 19 17 in
1445 827 32 16 the
1486 826 144 23 neighborhood
1639 826 19 18 of
1668 825 136 23 Tapuwaikura
1816 827 37 17 and

1417 849 68 18 Ruato.

1440 877 16 17 A
1471 877 61 23 postal
1549 875 141 26 receiving-box
1707 875 37 18 will
1761 875 92 25 probably

1416 901 23 17 be
1448 900 73 17 erected
1529 906 46 11 near
1585 901 32 16 the
1627 898 51 19 Lake?
1688 898 64 18 House
1761 900 57 17 Hotel
1834 900 18 17 in

1416 924 37 17 lieu
1462 924 20 16 of
1491 923 32 17 the
1532 929 36 11 one
1576 922 101 23 destroyed
1685 924 19 16 at
1715 922 73 18 Wake's
1796 925 55 16 store.

1416 945 39 19 The
1472 944 175 20 re-establishment
1669 945 20 17 of
1705 945 31 17 the
1754 945 99 23 telephone

1416 970 70 17 station
1496 969 38 18 will
1543 968 74 26 depend
1627 971 19 15 to
1655 975 51 10 some
1715 971 65 15 extent
1789 976 24 11 on
1823 970 31 17 Mr

1416 991 74 19 Wake's
1504 992 104 17 intentions
1624 992 19 17 in
1656 993 32 16 the
1702 994 69 15 matter
1787 994 20 15 of
1823 999 20 10 re-

1415 1016 93 21 building.

1439 1043 38 18 The
1487 1042 76 19 rainfall
1576 1048 20 12 as
1613 1041 89 19 recorded
1716 1042 19 18 at
1747 1042 32 18 the
1793 1042 47 19 Sana-

1415 1067 69 19 torium
1493 1065 69 23 during
1571 1067 32 16 the
1613 1064 50 19 Week
1672 1066 102 17 amounted
1783 1068 19 15 to

1414 1090 70 17 inches.
1516 1089 39 18 The
1573 1091 81 21 greatest
1673 1089 32 18 fall
1723 1091 88 16 occurred
1828 1097 23 11 on

1415 1114 32 17 the
1458 1114 45 16 20th
1513 1113 54 17 when
1581 1112 61 19 <P4sin
1660 1112 38 17 fell.
1732 1112 38 18 Tin;
1787 1114 66 17 lowest

1415 1136 79 24 reading
1502 1137 20 17 of
1531 1137 32 17 the
1573 1136 133 18 thermometer
1714 1135 89 19 occurred
1815 1136 37 18 this

1415 1160 89 21 morning
1515 1160 53 16 when
1580 1159 19 17 17
1614 1159 77 23 degrees
1705 1160 21 16 of
1742 1161 47 15 frost
1804 1165 47 12 were

1415 1182 94 19 recorded.

1437 1213 39 19 The
1485 1215 126 22 Department
1622 1214 20 17 of
1656 1213 120 24 Agriculture
1796 1215 55 17 sends

1414 1242 21 13 Us
1444 1243 12 12 a
1486 1236 71 19 Leaflet
1567 1238 29 17 for
1611 1237 105 18 Gardeners
1731 1238 37 17 and
1785 1239 53 17 Fruit-

1415 1266 81 16 growers
1526 1260 59 19 which
1596 1260 95 18 furnishes
1700 1262 69 22 recipes
1778 1262 30 17 for
1822 1263 18 16 ef-

1415 1283 82 23 ficiently
1507 1283 77 22 dealing
1592 1284 46 16 with
1648 1284 58 18 insect
1719 1283 37 19 and
1771 1285 79 22 fungoid

1415 1310 50 19 pests
1475 1307 59 17 which
1545 1308 50 16 work
1602 1312 20 13 so
1629 1307 54 17 much
1691 1307 63 22 injury
1762 1310 87 19 amongst

1415 1331 45 16 fruit
1470 1329 37 18 and
1516 1330 55 19 other
1580 1332 54 15 trees.
1653 1331 43 21 Any
1705 1336 35 11 one
1749 1331 100 18 interested

1415 1358 41 18 may
1467 1358 66 18 peruse
1543 1354 32 17 the
1584 1358 50 12 same
1643 1359 24 11 on
1677 1354 92 22 applying
1783 1356 20 15 at
1818 1355 32 17 the

1415 1372 116 22 Cit'uo.viei.K
1542 1377 63 17 Office.

1437 1405 32 18 Mr
1478 1404 28 19 W,
1517 1406 57 22 Kelly
1591 1406 15 17 is
1623 1405 82 18 desirous
1722 1406 21 17 of
1759 1404 91 24 knowing

1415 1429 51 17 what
1474 1429 34 17 has
1517 1429 47 17 been
1578 1429 49 17 done
1642 1429 81 17 towards
1737 1430 32 16 the
1782 1436 67 16 survey

1414 1451 38 18 and
1465 1451 128 19 construction
1610 1453 20 16 of
1647 1453 32 16 the
1695 1453 92 22 proposed
1804 1452 45 18 road

1415 1476 48 17 from
1472 1476 25 16 To
1507 1476 52 16 Puke
1573 1475 19 17 in
1608 1476 54 16 order
1676 1477 19 15 to
1713 1478 78 15 connect
1808 1476 41 17 that

1415 1498 73 21 district
1497 1498 45 18 with
1552 1498 33 18 tile
1602 1499 84 17 Rotorua
1703 1499 83 22 railway.
1820 1500 29 16 He

1414 1523 39 16 also
1462 1521 74 17 intends
1546 1524 20 15 to
1575 1521 33 17 ask
1617 1521 31 17 the
1663 1522 126 17 Government
1798 1523 50 17 what

1414 1545 68 19 action,
1493 1544 15 18 if
1516 1550 43 17 any,
1569 1545 16 16 is
1594 1548 20 13 to
1623 1545 22 16 lie
1654 1545 57 17 taken
1726 1547 20 16 to
1752 1545 78 23 provide
1839 1553 9 10 a

1414 1574 68 17 proper
1491 1569 70 21 system
1575 1568 19 17 of
1603 1567 90 24 drainage
1705 1569 37 16 and
1756 1574 93 17 sewerage

1415 1592 29 16 for
1453 1591 90 17 Rotorua.

1437 1619 19 17 It
1469 1619 15 17 is
1500 1617 91 20 surmisod
1606 1617 41 19 that
1662 1618 32 18 the
1707 1617 58 19 chiefs
1783 1619 19 18 of
1816 1620 33 18 the

1414 1640 87 20 Urcwcra
1511 1642 48 16 tribe
1569 1641 37 19 will
1614 1641 78 24 proceed
1700 1647 20 13 to
1725 1641 122 26 Wellington,

1414 1670 49 13 some
1473 1665 45 18 time
1527 1664 20 19 in
1556 1665 81 23 August,
1651 1665 21 17 in
1680 1664 55 19 order
1748 1667 20 17 to
1785 1667 64 18 confer

1414 1688 44 18 with
1473 1689 32 16 the
1515 1688 127 19 Government
1651 1694 24 12 on
1685 1688 69 19 certain
1771 1691 78 17 matters

1413 1711 90 24 affecting
1508 1711 51 18 their
1564 1711 94 19 interests.
1672 1711 24 19 So
1701 1711 30 19 far
1740 1719 20 10 as
1767 1713 30 17 the
1807 1719 31 11 sur-

1414 1739 44 18 vey?
1465 1740 31 11 are
1505 1734 103 18 concerned
1617 1734 50 18 their
1675 1735 106 23 opposition
1790 1741 59 13 seems

1413 1759 20 17 to
1450 1757 47 18 have
1514 1757 71 21 ceased,
1604 1758 33 17 hut
1654 1758 52 18 there
1727 1765 30 10 are
1778 1759 70 18 several

1414 1781 62 23 points
1486 1780 19 19 in
1514 1781 110 18 connection
1635 1780 44 19 with
1688 1781 32 18 the
1726 1782 64 18 native
1794 1782 54 19 lauds

1415 1804 60 18 whioli
1485 1803 44 24 thoy
1539 1810 31 12 are
1579 1804 83 18 desirous
1672 1804 19 18 of
1701 1804 111 25 discussing.

1437 1832 39 18 The
1496 1832 54 19 usual
1573 1833 86 22 monthly
1680 1834 84 21 meeting
1781 1835 20 17 of
1816 1834 33 18 the

1414 1855 53 19 Band
1484 1857 21 17 of
1521 1856 55 23 Hope
1594 1855 38 19 will
1648 1855 45 18 take
1709 1857 53 22 place
1778 1857 19 18 in
1817 1858 31 17 the

1413 1879 116 18 schoolroom
1540 1886 22 10 on
1574 1879 68 22 Friday
1652 1879 81 22 evening
1742 1882 45 16 next
1793 1881 53 18 when

1413 1909 10 10 a
1432 1903 69 16 service
1510 1902 20 18 of
1545 1908 47 16 song
1606 1901 78 19 entitled
1720 1904 36 16 For
1771 1904 77 22 Harry's

1491 1926 37 17 will
1539 1926 22 16 he
1571 1925 89 19 rendered
1669 1926 25 22 by
1703 1931 9 13 a
1727 1926 52 18 choir
1793 1927 20 18 of
1826 1928 23 17 20

1414 1947 65 20 voices.
1505 1948 59 18 These
1573 1949 88 17 reunions
1670 1954 30 13 are
1710 1949 20 18 of
1738 1956 10 11 a
1758 1952 48 15 most
1816 1956 22 13 en-

1413 1970 76 25 joyable
1498 1973 66 17 nature
1574 1971 37 18 and
1620 1971 15 18 it
1644 1972 15 17 is
1669 1972 19 18 to
1699 1972 22 17 be
1731 1973 60 22 hoped
1807 1974 41 17 that

1414 1996 31 16 the
1454 1996 113 21 performers
1576 1999 43 18 may
1628 1996 47 16 have
1687 1996 32 17 the
1734 2002 103 17 encourage-

1414 2020 52 16 ment
1474 2018 20 18 of
1503 2025 11 10 a
1523 2018 35 18 full
1568 2019 64 17 house.

1577 2057 11 10 a
1602 2056 41 11 ::;;w
1656 2050 77 22 literary
1747 2052 100 22 luminary,

1413 2074 33 16 has
1458 2074 61 16 arisen
1534 2073 19 18 in
1567 2073 133 18 Christchurch
1715 2074 37 17 and
1766 2074 83 24 judging

1413 2097 24 22 by
1447 2097 32 16 the
1489 2098 85 15 contents
1584 2097 20 17 of
1613 2097 31 16 the
1652 2097 81 17 number
1741 2098 61 18 which
1815 2098 34 17 has

1413 2119 78 17 reached
1501 2125 21 12 US
1532 2119 12 17 it
1556 2119 67 17 should
1633 2121 33 16 not
1676 2119 31 18 fail
1717 2121 19 17 to
1745 2122 49 15 meet
1803 2120 45 18 with

1413 2144 85 21 support.
1531 2143 39 16 The
1591 2147 58 18 paper
1670 2143 14 16 is
1705 2142 85 25 brightly
1811 2144 38 17 and

1413 2165 79 22 smartly
1509 2165 75 19 written
1602 2166 45 17 with
1665 2170 24 14 an
1705 2165 144 26 epigrammatic

1413 2189 91 23 crispnesa
1513 2189 58 17 about
1581 2189 24 17 its
1614 2189 117 23 paragraphs
1740 2190 61 18 which
1811 2190 37 18 will

1413 2218 23 11 no
1456 2212 61 17 doubt
1538 2217 54 13 cause
1613 2213 52 16 them
1686 2214 19 15 to
1725 2213 23 16 be
1769 2213 79 24 lavishly

1413 2234 70 24 quoted
1503 2235 25 23 by
1550 2236 23 16 its
1594 2236 61 16 duller
1668 2236 181 23 contemporaries—

1414 2257 60 18 which
1484 2264 31 11 are
1524 2257 79 21 Legion.

1437 2286 59 17 There
1507 2286 42 17 died
1556 2286 20 17 at
1585 2286 24 17 To
1616 2286 65 18 Koutu
1689 2286 105 24 yesterday,
1801 2287 48 19 after

1414 2315 10 10 a
1433 2308 46 24 long
1489 2308 63 19 illness
1561 2309 29 17 Wi
1600 2309 82 21 Toenga,
1693 2317 8 9 a
1713 2315 65 16 young
1787 2310 62 19 native

1414 2333 42 15 wlm
1466 2334 37 15 met
1513 2333 79 18 witii.au
1609 2333 84 17 accident
1711 2333 37 17 two
1760 2339 21 11 or
1797 2334 52 18 three

1413 2357 97 21 years'ago
1517 2355 47 23 by-a
1577 2355 117 21 tret-falling
1708 2362 25 11 on
1746 2357 39 17 him
1794 2357 55 17 while

1413 2380 20 15 at
1442 2379 52 16 work
1503 2379 19 16 in
1531 2379 33 17 tho
1574 2378 87 18 Pntutcrc
1670 2380 57 16 Bush.
1754 2380 30 17 He
1794 2386 37 11 was
1838 2387 10 10 a

1413 2401 92 25 rangitira
1513 2402 46 17 both
1570 2402 20 16 of
1599 2402 32 16 the
1640 2401 65 19 Arawn
1714 2402 121 24 andthcNga-

1413 2424 52 23 pulit,
1475 2424 58 23 being
1543 2432 10 10 a
1562 2424 113 18 descendant
1686 2426 19 16 of
1715 2426 32 16 the
1755 2427 94 17 survivors

1413 2449 20 16 of
1441 2448 32 17 the
1484 2447 75 19 Mokoin
1569 2454 98 13 massacre.
1693 2448 29 17 He
1736 2455 38 11 was
1791 2450 58 17 about

1413 2471 22 17 30
1446 2477 54 16 years
1514 2472 20 16 of
1550 2478 42 15 age.
1611 2471 85 22 married,
1715 2472 37 17 and
1769 2473 61 17 leaves
1839 2480 10 10 a

1413 2491 67 20 widow
1490 2494 80 18 without
1581 2496 70 21 family.

1435 2521 35 17 We
1480 2522 24 17 do
1513 2522 34 17 not
1555 2527 81 18 suppose
1645 2522 41 17 that
1696 2529 37 16 any
1741 2529 35 11 one
1786 2524 18 17 in
1812 2524 37 17 this

1413 2545 157 21 neighbourhood
1590 2546 70 16 doubts
1677 2545 31 19 tho
1725 2546 93 19 existence
1830 2548 20 16 of

1413 2568 32 17 the
1464 2569 98 21 Vegetable
1583 2568 113 24 caterpillar,
1714 2568 36 19 but
1766 2570 83 22 judging

1414 2591 49 18 from
1470 2597 13 12 a
1487 2592 110 22 paragraph
1605 2591 19 18 in
1642 2592 32 17 the
1688 2591 86 20 Waikato
1788 2594 61 16 Times

1413 2614 53 18 there
1475 2621 58 11 seems
1542 2616 20 16 to
1571 2615 23 17 be
1604 2621 49 11 some
1664 2615 110 22 misgivings
1790 2617 59 17 about,

1413 2638 33 16 the
1455 2639 69 15 matter
1533 2638 19 16 in
1566 2638 33 18 the
1613 2638 61 18 minds
1688 2639 20 16 of
1722 2639 66 22 people
1802 2640 37 16 else-

1413 2661 67 17 where.
1507 2661 26 17 To
1541 2667 64 12 assure
1614 2661 53 18 these
1675 2661 79 18 dubious
1767 2663 71 17 individ-

1413 2684 41 17 uals
1464 2690 11 11 a
1484 2684 93 23 specimen
1587 2685 48 16 from
1644 2684 91 18 Mamaku
1744 2686 15 16 is
1774 2692 24 11 on
1815 2692 23 11 ex-

1413 2707 81 17 hibition
1511 2708 19 16 in
1547 2714 36 11 one
1599 2708 21 17 of
1634 2708 32 17 the
1687 2708 99 18 Hamilton
1802 2710 47 22 shop

1413 2730 95 17 windows.

1436 2758 109 22 According
1553 2760 20 15 to
1582 2764 24 11 an
1621 2760 150 17 announcement
1780 2760 19 16 in
1814 2766 23 11 an-

1413 2781 55 17 other
1476 2781 76 18 column
1560 2781 32 18 Mr
1601 2781 26 18 H.
1637 2782 81 17 Stewart
1731 2782 90 22 formerly
1830 2784 20 17 of

1413 2803 113 24 Cambridge
1536 2811 58 16 opens
1603 2805 29 16 his
1640 2804 128 25 hairdressing
1784 2806 65 17 saloon

1412 2827 20 17 in
1449 2827 33 17 tlie
1498 2827 32 17 old
1551 2828 95 22 township
1667 2830 118 17 to-morrow.
1818 2830 32 17 Mr

1413 2850 81 17 Stewart
1503 2851 54 17 bears
1566 2851 33 17 tin;
1607 2851 108 23 reputation
1728 2853 20 16 of
1764 2853 58 21 lieing
1838 2860 11 10 a

1413 2873 40 17 deft
1462 2874 128 22 manipulator
1599 2875 20 16 of
1628 2874 58 18 men's
1694 2874 72 19 hirsute
1777 2881 60 17 appen-

1413 2896 64 24 dages,
1487 2903 11 11 a
1507 2897 50 22 light
1566 2897 50 17 hand
1628 2898 44 17 with
1691 2898 31 17 the
1736 2904 58 15 raxor,
1812 2899 37 17 and

1413 2919 66 23 deeply
1489 2920 64 18 versed
1562 2921 19 16 in
1590 2921 26 17 all
1628 2921 33 17 tlie
1675 2921 97 22 mysteries
1781 2923 20 17 of
1817 2922 32 17 the

1413 2943 48 17 male
1470 2943 37 17 and
1517 2943 68 18 female
1600 2944 60 17 toilet.
1690 2940 31 21 Mr
1736 2944 81 19 Stewart
1834 2946 15 16 is

1413 2966 40 17 also
1461 2973 11 10 a
1481 2966 67 17 skilled
1564 2967 143 22 photographer
1722 2968 39 17 and
1774 2968 40 17 will
1830 2969 19 16 in

1413 2989 36 17 due
1458 2995 64 12 course
1531 2990 80 23 develop
1620 2990 43 18 that
1674 2990 38 18 line
1728 2992 20 17 of
1764 2991 85 18 business

1413 3019 20 11 as
1442 3013 49 17 well.

1436 3040 39 16 Tlie
1485 3041 87 22 struggle
1581 3041 85 17 between
1682 3041 33 17 the
1728 3042 38 17 two
1783 3044 65 19 teams,

1413 3063 33 17 the
1454 3063 72 18 Pirates
1536 3063 37 18 and
1583 3064 98 22 Sulphurs,
1691 3066 21 15 to
1722 3065 54 17 settle
1788 3066 61 17 which

1413 3086 68 17 should
1493 3088 76 20 present
1584 3087 32 17 the
1630 3088 54 16 other
1698 3088 46 17 with
1761 3095 12 10 a
1788 3090 28 17 set
1830 3089 20 18 of

1414 3109 80 17 football
1503 3115 44 17 caps
1556 3115 38 12 was
1604 3110 96 18 advanced
1708 3111 80 17 another
1796 3114 54 21 stage

1413 3138 25 11 on
1456 3132 94 23 Saturday
1571 3133 106 17 afternoon.
1714 3134 38 17 The
1769 3135 79 21 Pirates,

1414 3156 100 22 captained
1530 3156 25 22 by
1573 3155 84 22 Pelham,
1675 3163 47 12 were
1736 3158 57 22 again
1807 3166 32 9 suc-

1414 3179 68 16 cessful
1491 3184 45 12 over
1550 3179 32 18 the
1596 3178 99 24 Sulphurs,
1712 3181 99 22 captained
1824 3182 26 22 by

1413 3201 29 17 W.
1460 3202 83 22 Dunsey,
1558 3202 27 22 by
1600 3204 20 16 10
1635 3202 62 23 points
1712 3204 20 17 to
1750 3204 27 17 14.
1803 3205 47 22 Play

1414 3230 39 11 was
1461 3225 126 23 occasionally
1596 3226 64 18 rather
1676 3227 68 22 rough,
1760 3227 35 17 but
1808 3229 42 16 that

1414 3254 35 11 can
1459 3248 23 17 be
1491 3250 35 20 put
1537 3249 56 17 down
1602 3250 19 16 to
1635 3249 32 17 the
1682 3249 117 19 exuberance
1813 3251 37 17 and

1414 3270 76 23 vitality
1499 3272 120 21 engendered
1627 3272 26 22 by
1662 3272 32 17 the
1707 3273 79 23 bracing
1800 3280 37 11 wea-

1415 3294 43 16 ther
1466 3295 37 16 and
1520 3295 33 17 the
1567 3295 65 17 cheers
1645 3295 38 17 and
1698 3297 152 18 counter-cheers

1414 3317 20 17 of
1443 3317 32 17 tin;
1489 3317 99 18 onlookers
1603 3318 41 18 who
1660 3319 104 17 assembled
1777 3326 25 11 on
1818 3320 32 17 the

1414 3340 75 21 ground
1506 3341 37 16 and
1721 3343 65 21 freely.
1820 3343 30 17 Mr

1521 3364 55 17 acted
1585 3369 21 12 as
1614 3365 76 16 referee.

1438 3392 60 18 Those
1507 3393 43 17 who
1563 3394 126 23 contemplate
1702 3394 89 24 planting
1805 3396 46 17 fruit

1415 3415 38 17 and
1462 3416 118 18 ornamental
1589 3418 48 16 trees
1644 3417 38 17 will
1692 3418 24 16 do
1724 3418 42 18 well
1775 3420 20 16 to
1806 3420 45 16 note

1416 3439 32 16 the
1457 3439 147 18 advertisement
1612 3441 20 16 of
1640 3440 32 17 Mr
1681 3441 21 18 C.
1719 3441 21 17 T.
1758 3441 57 18 Wren
1831 3443 20 16 of

1415 3462 71 17 Mount
1495 3462 79 18 Hobson
1583 3463 89 22 Nursery,
1683 3464 98 21 Remuera,
1789 3465 61 17 which

1415 3490 80 16 appears
1511 3485 20 17 in
1547 3486 81 17 another
1643 3486 81 18 column.
1750 3488 32 16 Mr
1794 3488 57 17 Wren

1415 3507 15 17 is
1440 3509 20 15 at
1476 3509 76 21 present
1569 3509 87 23 engaged
1672 3510 19 17 in
1708 3511 116 22 completing
1840 3517 11 11 a

1415 3529 54 23 large
1477 3530 55 19 ovilia!
1542 3532 20 17 of
1568 3532 96 17 advanced
1672 3533 117 18 ornamental
1803 3535 48 16 trees

1415 3554 87 21 required
1511 3554 27 22 by
1546 3554 32 18 the
1595 3555 58 17 Town
1669 3556 63 17 Board
1749 3556 29 17 for
1794 3558 58 16 street

1415 3576 90 24 planting
1514 3580 97 20 purposes.
1627 3577 79 19 Various
1712 3579 139 23 consignments

1415 3600 20 16 of
1445 3600 46 17 fruit
1500 3600 38 17 and
1547 3600 55 19 other
1610 3603 49 16 trees
1665 3601 77 18 ordered
1747 3603 26 21 by
1779 3603 72 22 private

1415 3622 92 18 residents
1515 3624 62 17 which
1587 3624 49 17 have
1643 3625 48 17 been
1700 3627 42 16 sent
1756 3626 48 17 from
1820 3626 31 17 the

1415 3645 71 18 Mount
1497 3646 79 18 Hobson
1590 3652 79 18 nursery
1682 3648 48 18 have
1747 3648 56 23 given
1820 3648 31 19 the

1416 3670 84 21 greatest
1514 3670 118 17 satisfaction
1647 3671 48 17 both
1711 3671 19 17 in
1747 3671 68 22 regard
1832 3673 20 16 to

1416 3692 51 21 price
1475 3692 38 17 and
1521 3693 80 22 quality.
1627 3693 113 23 Catalogues
1749 3695 46 17 with
1811 3701 27 12 me-

1417 3714 91 18 moranda
1517 3721 44 17 may
1568 3716 24 16 Iks
1601 3714 38 19 had
1647 3722 25 11 on
1683 3717 120 22 application.

1439 3743 40 17 The
1498 3744 83 17 Hawkes
1598 3744 41 22 Bay
1659 3745 72 18 Herald
1750 3746 35 18 has
1804 3747 48 17 been

1416 3766 132 23 interviewing
1564 3767 99 22 Inspector
1676 3768 92 18 Emerson
1782 3775 25 11 on
1823 3770 29 17 his

1416 3789 65 18 return
1498 3791 19 15 to
1535 3790 32 17 the
1582 3790 38 22 city
1632 3791 27 22 by
1672 3791 33 17 the
1716 3798 30 11 sea
1754 3793 49 17 from
1820 3793 32 17 the

1418 3812 88 17 Urewera
1514 3814 87 20 Country.
1626 3814 16 16 A
1657 3817 45 20 Very
1716 3820 45 17 racy
1776 3815 76 18 column

1416 3835 15 17 is
1452 3835 32 17 the
1505 3836 64 19 result,
1590 3836 40 18 and
1649 3843 28 11 we
1695 3843 32 12 are
1740 3838 45 22 only
1799 3845 53 15 sorry

1416 3858 43 16 that
1468 3858 32 16 the
1512 3855 106 26 exigencies
1633 3860 20 16 of
1665 3866 55 17 space
1736 3862 79 21 prevent
1830 3867 22 11 us

1416 3881 50 16 from
1474 3881 81 27 quoting
1562 3883 21 16 at
1594 3882 74 23 length.
1693 3884 99 22 Inspector
1805 3884 32 18 Em-

1416 3909 55 11 erson
1479 3904 16 16 is
1503 3900 82 22 inclined
1594 3906 19 17 to
1622 3906 55 17 think
1683 3906 43 18 that
1809 3913 43 17 may

1415 3926 24 18 be
1456 3926 46 23 gold
1515 3927 21 17 in
1557 3928 33 17 the
1611 3929 89 17 Urewera
1721 3932 85 20 country,
1828 3936 24 11 no

1416 3949 89 18 evidence
1513 3951 21 16 to
1543 3950 32 18 the
1583 3953 89 21 contrary
1680 3952 72 23 having
1762 3953 47 17 been
1818 3953 23 17 ad-

1416 3972 67 21 duced,
1500 3972 36 17 but
1552 3974 24 17 he
1591 3975 16 16 is
1620 3975 92 22 prepared
1728 3977 20 16 to
1763 3977 45 16 take
1823 3977 29 16 his

1417 3994 86 19 affidavit
1510 3996 54 18 there
1571 3995 17 19 Is
1596 4003 25 12 no
1630 3998 73 23 whisky
1710 3994 4 27 !
1727 3998 36 18 His
1778 3999 64 22 experi-

1417 4024 50 14 ence,
1477 4019 92 21 however,
1580 4021 16 16 is
1604 4021 42 16 that
1655 4022 34 16 tut
1696 4021 20 17 in
1723 4021 32 17 the
1761 4022 29 17 far
1794 4022 47 18 back-

1416 4041 67 18 blocks
1491 4041 16 17 it
1515 4041 16 18 is
1540 4043 81 21 possible
1630 4045 19 16 to
1658 4044 47 17 have
1714 4050 12 12 a
1731 4047 49 15 most
1785 4045 56 23 enjoy-

1417 4064 45 17 able
1470 4064 77 23 sojourn
1555 4066 83 17 without
1645 4066 68 24 giving
1721 4074 12 10 a
1741 4068 83 23 thought
1832 4069 20 16 to

1417 4087 62 17 either
1494 4088 21 16 of
1535 4088 52 18 these
1604 4089 108 24 disturbing
1728 4090 88 23 adjuncts
1833 4092 19 17 of

1634 4110 3 19 !

1902 99 39 17 The
1950 99 45 18 road
2004 100 19 16 to
2037 99 33 16 the
2083 98 101 23 Waiotapu
2197 99 67 23 Valley
2281 100 33 17 has

1870 117 1 27 I
1879 122 47 17 been
1936 122 55 17 much
2001 123 30 16 cut
2043 127 24 16 up
2075 121 25 23 by
2113 122 32 16 the
2157 123 96 16 increased
2266 124 39 15 traf-

1870 143 1 24 ]
1879 145 23 17 fie
1911 144 60 22 going
1980 145 19 17 to
2009 144 77 18 Galatea
2096 145 35 16 and
2142 144 14 18 it
2166 146 15 16 is
2190 149 45 18 very
2251 151 53 12 neces-

1879 173 43 17 sary
1931 170 19 15 to
1961 167 47 18 have
2016 171 51 13 some
2074 166 93 19 attention
2176 167 45 23 paid
2230 169 20 16 to
2258 169 15 16 it
2281 169 21 16 be-

1879 192 40 16 fore
1933 190 31 18 the
1978 190 69 17 tourist
2063 195 65 12 season
2145 190 38 17 sets
2199 191 26 16 in.
2258 190 56 19 From

1879 214 85 17 Rotorua
1973 214 19 17 to
2003 213 117 17 Kakaramea
2129 213 14 17 is
2152 213 58 17 about
2225 215 22 15 20
2255 214 58 19 miles,

1878 235 37 19 and
1924 244 21 9 as
1955 237 51 16 then:
2015 241 31 12 are
2060 235 43 23 only
2118 238 39 15 two
2171 242 44 11 men
2228 237 86 22 engaged

1878 266 24 11 on
1912 260 42 17 that
1963 259 66 23 length
2039 259 20 16 of
2067 258 45 17 road
2121 259 15 16 it
2145 259 65 17 stands
2219 261 20 16 to
2248 266 66 11 reason

1878 283 43 16 that
1930 283 45 22 they
1984 287 31 13 ore
2024 280 68 20 unable
2103 283 19 16 to
2131 280 47 24 keep
2187 283 14 16 it
2215 282 19 17 in
2248 281 66 19 decent

1878 306 67 22 repair.
1971 305 69 23 Seeing
2048 305 42 17 that
2100 305 31 17 the
2140 305 81 22 damage
2227 306 34 16 has
2267 305 47 17 been

1879 329 48 17 done
1936 327 26 24 by
1970 329 33 17 the
2018 328 94 17 excessive
2125 327 61 18 traffic
2199 329 19 16 to
2235 328 79 17 Galatea

1877 352 15 17 it
1902 352 15 17 is
1926 353 33 16 not
1968 354 32 15 too
2010 352 55 17 much
2075 353 20 14 to
2103 353 66 20 expect
2178 352 44 16 that
2234 357 12 11 a
2262 357 52 17 gang

1877 375 21 17 of
1907 380 42 12 men
1958 374 62 23 might
2036 374 23 17 be
2072 374 82 17 detailed
2170 376 21 14 to
2207 374 62 22 repair
2283 374 31 17 the

1877 398 65 23 injury
1951 399 55 16 done.
2030 397 60 17 There
2098 402 32 12 arc
2138 397 65 17 bodies
2211 398 21 16 of
2240 397 74 23 pumice

1877 420 37 19 and
1924 420 66 24 plenty
1999 420 19 19 of
2027 422 52 15 stone
2088 420 64 22 handy
2162 425 20 12 so
2190 420 44 18 that
2237 426 13 12 a
2253 419 61 24 really

1877 446 111 21 permanent
2002 443 88 23 roadway
2111 443 55 17 could
2183 444 23 17 bo
2223 444 54 16 made
2293 446 21 14 at

1877 467 148 24 comparatively
2034 467 49 17 little
2092 468 45 16 cost.

1900 496 32 17 Mr
1941 496 22 17 L.
1972 496 77 18 Cussen,
2059 494 88 18 returned
2157 496 19 16 to
2190 494 84 18 Rotorua
2289 501 24 11 on

1877 518 117 24 Wednesday
2004 519 35 17 last
2050 519 48 16 from
2108 517 25 17 To
2142 517 71 19 Whaiti
2220 518 61 17 whore
2290 519 23 15 lie

1876 543 34 17 has
1927 542 47 17 been
1991 541 86 23 engaged
2094 540 20 18 in
2131 547 68 16 survey
2215 540 52 18 work
2284 541 30 17 for

1877 572 51 11 some
1937 565 45 18 time
1995 567 48 20 past.
2068 563 39 18 The
2120 563 137 24 triangulation
2272 569 30 12 sur-

1877 595 35 16 vey
1921 588 15 17 is
1945 588 79 18 finished
2034 587 50 22 right
2095 586 82 25 through
2188 588 19 18 to
2216 587 84 17 Waikare-

1877 618 67 11 moana
1954 612 45 16 with
2010 612 31 16 the
2050 611 99 21 exception
2157 610 21 18 of
2186 611 43 17 that
2237 611 75 22 portion

1877 635 61 18 which
1947 635 31 17 Mr
1991 635 81 21 Clayton
2085 634 15 16 is
2112 633 117 24 completing
2241 639 24 12 on
2281 634 31 17 the

1877 659 73 16 further
1959 658 38 17 side
2007 658 20 17 of
2036 658 31 16 the
2076 656 47 18 lake.
2155 657 53 17 Since
2224 656 31 18 Mr
2265 657 35 17 Car-

1876 680 52 18 roll's
1941 681 42 17 visit
2000 680 32 18 the
2046 680 72 17 natives
2135 680 47 17 have
2199 680 47 17 been
2263 681 49 16 most

1877 705 81 21 friendly
1978 703 20 18 in
2015 703 48 18 their
2079 703 115 17 demeanour
2210 704 38 16 and
2265 703 47 17 have

1876 727 77 18 cVinced
1970 732 24 11 no
2009 724 105 26 opposition
2130 726 96 18 whatever
2246 727 20 17 to
2279 726 33 17 the

1876 750 52 17 work
1937 749 119 24 proceeding.
2081 749 39 17 The
2139 750 88 19 weather,
2243 756 25 11 on
2279 749 33 17 the

1876 773 66 19 whole,
1954 779 37 11 was
2000 774 48 16 most
2058 771 96 19 favorable
2163 772 37 17 and
2213 773 33 17 the
2260 771 51 18 work

1876 803 38 11 was
1923 797 100 23 expedited
2038 795 126 24 accordingly.
2196 796 38 17 The
2251 796 61 18 forces

1876 820 60 17 under
1944 819 62 18 Lieut.
2016 818 63 19 Hume
2088 824 31 11 are
2132 819 38 17 still
2185 818 93 18 stationed
2291 821 21 15 at

1876 844 24 16 Te
1909 842 77 19 Whaiti.
2011 842 39 18 The
2059 842 74 18 various
2142 842 47 18 road
2197 843 70 21 parties
2280 849 31 10 are

1876 867 62 19 busily
1948 867 20 17 at
1976 865 51 17 work
2037 866 19 16 in
2065 865 32 17 the
2106 867 80 21 country
2195 862 74 27 Beyond
2286 866 25 16 Te

1876 885 70 22 Whaiti
1956 889 85 18 onwards
2050 889 20 17 to
2079 888 120 18 Ruatahuna.

1899 916 32 18 Mr
1939 917 83 21 Malfroy
2031 917 19 16 in
2059 922 11 11 a
2079 915 55 18 letter
2142 915 85 18 received
2234 915 26 23 by
2275 916 36 17 last

1876 940 44 18 mail
1926 941 58 16 states
1992 941 44 16 that
2051 939 28 16 his
2093 939 64 17 health
2171 940 16 16 is
2203 940 56 17 much
2274 940 24 17 im-

1876 964 70 22 proved
1955 964 25 21 by
1996 963 27 17 his
2038 961 76 22 sojourn
2128 962 19 17 in
2164 962 51 23 Hay.
2247 963 64 17 Under

1875 988 32 16 the
1917 987 64 17 advice
1990 986 20 16 of
2018 985 29 17 his
2060 984 78 18 medical
2153 985 88 21 advisers,
2257 986 39 17 how-

1875 1015 49 14 ever,
1934 1010 23 17 he
1966 1008 75 24 applied
2051 1009 28 16 for
2089 1008 37 17 and
2135 1008 89 18 obtained
2237 1014 25 12 an
2276 1014 22 12 ex-

1875 1034 73 16 tension
1962 1032 20 17 of
1995 1033 51 16 leave
2063 1032 30 16 for
2110 1033 37 16 two
2164 1032 82 17 months.
2279 1032 32 17 He

1875 1062 43 17 may
1927 1055 23 18 be
1959 1055 91 23 expected
2058 1054 47 18 back
2114 1055 19 17 in
2151 1056 84 16 Rotorua
2251 1054 58 20 about

1874 1080 33 16 the
1915 1079 37 17 end
1961 1080 20 16 of
1990 1079 74 21 August
2075 1077 60 19 which
2144 1079 39 16 will
2192 1079 42 21 give
2243 1079 40 17 him
2298 1086 12 10 a

1875 1103 35 16 few
1928 1102 45 23 days
1992 1101 66 18 leisure
2079 1100 63 18 before
2163 1102 97 21 resuming
2281 1102 29 17 his

1874 1126 68 17 duties.
1968 1125 31 18 Mr
2013 1124 83 23 Malfroy
2111 1124 104 23 complains
2231 1125 79 22 bitterly

1874 1150 20 16 of
1902 1150 33 16 the
1947 1148 63 18 laches
2023 1148 20 16 of
2059 1148 32 16 the
2106 1148 108 17 Australian
2229 1150 80 21 country

1874 1172 62 23 postal
1958 1171 83 18 officials.
2077 1170 138 24 Disappointed
2235 1173 21 15 at
2277 1172 32 16 the

1873 1201 122 13 non-success
2004 1195 19 16 of
2032 1193 74 18 various
2114 1193 125 23 applications
2249 1196 19 16 to
2277 1194 32 17 the

1873 1218 77 17 officials
1959 1220 19 15 at
1990 1217 29 18 his
2028 1216 74 18 various
2111 1217 90 23 stopping
2209 1217 62 23 places
2284 1218 23 17 he

1872 1246 19 13 at
1902 1240 37 19 last
1947 1240 75 24 applied
2032 1243 18 15 to
2064 1241 32 16 the
2111 1240 76 23 Sydney
2202 1240 53 18 office
2271 1241 38 17 and

1873 1264 84 19 received
1966 1265 24 21 by
2001 1265 62 17 roturn
2076 1263 45 18 mail
2135 1270 11 11 a
2160 1263 60 23 bulky
2236 1264 73 22 budget

1872 1289 21 16 of
1901 1288 65 19 letters
1975 1288 37 16 and
2021 1292 67 18 papers
2098 1287 60 16 which
2167 1287 38 17 had
2218 1288 47 16 been
2280 1288 18 16 al-

1872 1312 61 17 lowed
1941 1314 20 14 to
1970 1310 116 18 accumulate
2095 1309 19 17 iu
2123 1310 73 23 Albury
2204 1310 39 18 and
2259 1311 36 22 Syd-

1872 1341 36 16 ney
1917 1335 19 16 in
1946 1335 48 22 spite
2003 1335 19 15 of
2035 1333 28 17 his
2077 1332 87 24 repeated
2182 1333 126 19 notifications

1872 1357 19 18 of
1900 1356 73 25 change
1987 1357 20 17 of
2013 1356 82 17 address.

1895 1384 39 18 The
1943 1385 93 21 secretary
2043 1383 20 17 of
2069 1383 32 18 the
2109 1383 79 23 Library
2195 1384 113 19 Committee

1872 1409 14 16 is
1896 1409 19 16 in
1925 1406 69 25 receipt
2003 1408 20 16 of
2032 1415 10 9 a
2051 1407 158 18 communication
2221 1409 46 16 from
2278 1409 31 16 Mr

1872 1431 28 18 W.
1917 1432 63 21 Kelly,
1998 1430 87 19 M.H.K.,
2102 1430 19 17 in
2135 1430 61 18 which
2213 1431 23 17 he
2250 1432 58 18 states

1872 1455 42 17 that
1925 1454 32 18 the
1963 1452 114 25 application
2088 1454 28 16 for
2125 1460 10 10 a
2145 1455 54 19 grant
2211 1455 19 15 to
2239 1456 35 20 put
2288 1454 20 18 in

1872 1478 61 22 repair
1954 1477 32 18 the
2008 1477 78 21 Library
2107 1476 87 22 building
2211 1477 33 17 has
2262 1478 45 17 boon

1872 1498 82 21 referred
1964 1502 18 17 lo
1998 1501 31 16 Mr
2044 1498 80 19 Mueller
2140 1502 20 15 to
2177 1502 64 20 report
2258 1505 50 19 upon

1873 1524 60 17 which
1943 1523 86 24 explains
2041 1523 31 17 (he
2087 1528 65 13 reason
2167 1524 22 16 of
2204 1524 32 17 the
2253 1524 56 18 letter

1872 1547 44 17 read
1931 1549 47 15 from
1994 1547 31 17 the
2042 1547 146 16 Commissioner
2203 1547 21 17 of
2240 1548 68 16 Crown

1872 1569 64 20 Lands
1945 1573 19 15 at
1978 1570 32 18 the
2023 1569 37 17 last
2074 1569 83 24 meeting
2170 1571 21 16 of
2204 1569 32 19 the
2250 1570 57 18 Town

1872 1594 68 17 Board.
1967 1594 31 16 Mr
2007 1593 56 21 Kelly
2073 1593 74 17 further
2155 1595 58 15 states
2228 1594 42 17 that
2284 1594 24 17 he

1872 1617 33 17 has
1923 1623 24 11 no
1964 1616 58 18 doubt
2041 1617 19 16 at
2074 1615 25 18 all
2112 1616 21 17 of
2147 1616 77 23 getting
2232 1617 33 17 the
2279 1623 19 13 re-

1871 1639 65 24 quired
1947 1645 40 12 sum
1997 1646 19 10 as
2025 1639 32 17 the
2070 1639 127 17 Government
2206 1639 16 17 is
2231 1641 66 16 favour-

1872 1663 44 22 ably
1925 1662 81 19 inclined
2016 1663 18 17 in
2048 1662 31 17 the
2095 1663 73 18 matter,
2185 1663 58 17 hence
2260 1663 49 18 their

1872 1692 65 11 reason
1956 1688 29 15 for
1998 1684 93 25 referring
2108 1685 14 17 it
2140 1688 19 15 to
2177 1686 31 17 Mr
2222 1686 85 18 Mueller.

1872 1710 38 16 The
1920 1710 72 21 change
2002 1710 20 16 of
2036 1709 34 17 site
2088 1709 37 17 will
2139 1710 39 16 also
2193 1710 70 16 receive
2278 1712 20 15 at-

1872 1733 80 17 tention.
1978 1733 31 17 Mr
2018 1732 108 19 McKonzie,
2142 1733 32 16 the
2189 1733 87 17 Minister
2288 1734 21 16 of

1874 1756 68 21 Lands,
1953 1763 43 15 may
2008 1756 22 17 bo
2048 1755 90 23 expected
2156 1756 17 17 in
2189 1754 83 20 Rotorua
2288 1763 21 11 as

1872 1785 45 12 soon
1935 1786 19 10 as
1971 1780 26 16 tin
1999 1778 4 19 1
2018 1778 69 18 session
2104 1778 15 17 is
2133 1783 44 13 over
2191 1779 37 17 and
2237 1780 23 17 he
2270 1780 38 17 will

1872 1803 44 17 then
1927 1808 79 15 arrange
2016 1801 102 22 regarding
2128 1803 31 15 the
2168 1808 85 12 museum
2270 1803 38 17 and

1871 1826 56 17 other
1936 1827 76 17 matters
2022 1825 96 23 requiring
2127 1824 28 19 his
2163 1831 92 16 presence.
2270 1826 38 18 The

1872 1849 56 16 baths
1938 1851 55 16 must,
2008 1849 19 16 in
2043 1846 30 19 Mr
2093 1847 72 23 Kelly's
2185 1848 82 24 opinion,
2285 1850 24 16 be

1872 1870 93 20 extended
1974 1876 25 14 on
2008 1879 9 10 a
2024 1872 62 20 larger
2095 1870 47 18 scale
2152 1872 37 17 and
2196 1872 24 17 lie
2225 1871 15 19 is
2247 1872 48 18 Work-

1872 1895 33 21 ing
1915 1894 45 19 with
1970 1896 41 16 that
2021 1894 62 23 object
2093 1893 19 18 in
2122 1894 53 18 view.

1895 1918 39 17 Tin-
1943 1917 76 25 League
2030 1919 28 16 for
2067 1918 31 17 the
2109 1917 108 18 Promotion
2225 1919 37 17 ami
2270 1918 25 19 De-

1872 1940 109 24 velopment
1988 1942 20 18 of
2017 1940 49 19 Gold
2076 1942 81 21 Mining,
2174 1942 62 17 whoso
2250 1943 46 16 head-

1872 1968 86 19 quarters
1966 1971 31 11 are
2011 1967 18 15 at
2044 1964 98 20 Hokitika,
2161 1965 45 17 send
2222 1971 21 11 us
2260 1966 49 17 their

1872 1987 68 19 second
1949 1987 62 19 leaflet
2021 1989 49 16 from
2087 1987 60 17 which
2162 1994 28 11 we
2203 1989 58 22 quote
2277 1988 32 19 the

1872 2010 110 22 following:
2046 2011 16 17 A
2078 2010 188 26 misunderstanding
2274 2018 22 18 ap-

1871 2039 55 17 pears
1935 2037 20 14 to
1964 2035 47 18 have
2020 2033 59 19 arisen
2090 2041 20 10 as
2119 2035 19 16 to
2149 2034 50 18 what
2215 2035 32 17 the
2262 2036 47 17 aims

1871 2081 108 18 conclusion
1988 2081 58 23 being
2055 2082 41 16 that
2106 2088 27 10 we
2142 2086 80 18 propose
2230 2085 21 14 to
2258 2083 49 17 flood

1870 2105 33 16 the
1918 2105 74 21 mining
2010 2104 82 17 districts
2113 2105 46 17 with
2180 2105 33 17 the
2228 2104 4 22 '
2241 2111 53 13 unem-

1969 2128 49 18 who,
2037 2127 18 17 in
2069 2127 32 18 the
2118 2127 53 22 guise
2186 2128 19 17 of
2220 2133 77 19 prospec-

1871 2152 44 20 tors,
1923 2151 38 18 and
1969 2151 78 17 assisted
2056 2152 49 16 from
2121 2151 32 17 the
2167 2150 64 23 public
2245 2158 61 16 purse,

1871 2174 63 18 would
1943 2173 59 19 entail
2011 2181 11 10 a.
2030 2173 61 24 heavy
2103 2175 124 21 expenditure
2237 2181 24 11 on
2275 2175 33 17 the

1870 2199 82 21 country
1961 2198 45 17 with
2016 2198 68 17 results
2093 2198 42 17 that
2145 2199 50 16 must
2205 2197 71 23 always
2284 2199 24 17 be

1870 2220 148 25 problematical.
2053 2220 87 23 Nothing
2152 2221 14 17 is
2176 2221 75 17 further
2259 2222 49 17 from

1870 2250 35 12 our
1914 2245 109 17 intentions.
2049 2245 39 15 Our
2096 2250 82 17 purpose
2189 2245 15 16 is
2218 2245 61 22 chefly
2287 2247 20 15 to

1871 2268 67 18 collect
1959 2266 76 19 reliable
2056 2266 122 20 information
2201 2269 107 22 respecting

1870 2292 71 22 proved
1952 2292 103 17 auriferous
2070 2292 75 19 ground
2159 2292 62 17 which
2239 2293 69 16 cannot

1870 2315 23 17 be
1903 2314 75 18 worked
1988 2313 101 24 profitably
2103 2314 26 23 by
2142 2314 54 18 small
2209 2316 70 21 parties
2287 2316 21 16 of

1871 2339 69 17 miners
1948 2338 65 21 owing
2021 2339 20 15 to
2050 2339 52 15 want
2110 2338 20 16 of
2144 2335 71 26 capital
2228 2340 21 15 to
2262 2344 34 16 pro-

1870 2361 42 18 vide
1922 2360 92 24 adequate
2175 2359 39 19 The
2227 2361 70 18 aurifer-

1871 2390 33 11 ous
1914 2384 67 18 nature
1989 2385 20 16 of
2018 2384 32 17 the
2065 2381 111 20 Itoro-horo
2191 2390 69 17 ranges
2274 2385 33 17 has

1870 2406 49 20 been
1926 2406 73 25 proved
2005 2406 27 23 by
2044 2407 75 17 various
2126 2408 122 21 prospecting
2263 2413 33 16 par-

1870 2432 41 19 ties,
1922 2429 37 19 and
1968 2436 27 11 we
2005 2430 62 17 would
2076 2431 86 19 strongly
2176 2431 64 17 advise
2254 2431 53 18 those

1871 2455 43 16 who
1922 2460 32 11 are
1962 2454 19 17 in
1991 2453 104 23 possession
2113 2453 20 18 of
2149 2454 123 17 information
2287 2455 21 16 of

1870 2477 44 18 that
1928 2476 76 23 locality
2021 2480 20 13 to
2058 2476 136 19 communicate
2212 2477 45 18 with
2275 2477 32 18 the

1871 2502 93 21 secretary
1973 2500 20 17 of
2002 2500 32 17 the
2042 2499 82 23 League,
2135 2500 31 18 Mr
2175 2500 22 18 D.
2208 2500 18 18 J.
2236 2501 70 20 Evans,

1871 2522 95 19 Hokitiki.

1894 2551 39 18 The
1951 2551 87 22 monthly
2056 2551 83 22 meeting
2155 2551 21 16 of
2192 2551 32 16 the
2240 2551 68 18 School

1872 2573 113 20 Committee
1994 2580 38 12 was
2039 2573 44 18 held
2100 2573 18 18 in
2135 2574 31 17 the
2181 2573 127 19 bchoolhousc

1872 2603 22 13 on
1905 2596 84 23 Monday
1999 2596 61 24 night.
2079 2596 29 18 All
2117 2597 32 17 tlie
2158 2595 93 21 members
2260 2604 48 10 wore

1871 2621 82 23 present,
1963 2621 32 16 Mr
2004 2620 73 18 Purcell
2093 2620 18 17 in
2129 2621 32 16 the
2178 2620 57 19 chair.
2272 2621 36 17 The

1872 2644 57 18 funds
1938 2644 19 17 in
1966 2642 50 19 hand
2026 2643 79 18 amount
2113 2645 20 15 to
2143 2642 25 19 £9
2185 2644 30 16 10s
2226 2642 36 19 less
2276 2649 24 12 .ic-

1871 2668 59 18 count
1937 2666 68 24 passed
2013 2667 30 18 for
2055 2668 90 21 payment
2159 2666 24 18 £1
2202 2667 37 17 l'is.
2269 2667 40 17 The

1871 2691 70 17 master
1950 2689 87 23 reported
2048 2690 32 16 10S
2089 2688 84 20 children
2186 2696 25 11 on
2225 2691 33 16 the
2273 2690 35 18 roll

1871 2713 37 18 and
1917 2714 33 17 the
1959 2718 80 18 average
2048 2712 111 19 attendance
2169 2713 28 18 53.
2231 2712 31 19 He
2277 2714 20 17 at-

1871 2736 81 19 tributcs
1961 2736 31 18 the
2002 2736 68 21 fulling
2078 2736 27 18 off
2112 2736 19 17 in
2140 2737 33 17 the
2181 2736 58 18 latter
2247 2738 20 16 to
2276 2737 33 17 the

1871 2760 116 22 inclemency
2000 2760 20 17 of
2028 2759 32 17 the
2076 2759 88 17 weather.
2190 2759 39 18 The
2245 2760 64 17 Board

1871 2785 59 16 wrote
1952 2782 95 21 declining
2068 2783 20 17 at
2114 2784 76 20 present,
2211 2783 20 17 to
2253 2781 56 20 make

1871 2813 24 10 an
1905 2806 83 18 advance
1997 2806 18 17 in
2024 2806 47 17 Miss
2084 2802 72 26 Sclby's
2171 2806 69 22 salary.
2270 2806 39 17 The

1871 2836 32 11 use
1912 2829 21 17 of
1941 2828 32 19 the
1983 2827 120 21 Schoolroom
2112 2835 39 11 was
2159 2828 82 22 granted
2249 2831 21 16 to
2277 2828 32 18 tho

1871 2851 133 24 Presbyterian
2013 2851 75 18 Church
2098 2858 24 10 on
2131 2851 70 23 Friday
2206 2852 67 22 nights
2280 2853 29 16 for

1871 2876 53 17 choir
1931 2875 87 23 practice,
2029 2874 38 18 and
2075 2876 20 16 to
2108 2875 33 17 the
2156 2875 55 18 Band
2224 2876 20 17 of
2253 2876 56 22 Hope

1871 2905 24 11 on
1909 2898 99 23 Thursday
2027 2900 45 15 next
2090 2899 29 16 for
2136 2898 100 18 rehearsal.
2270 2900 39 16 The

1871 2922 102 18 Chairman
1982 2922 37 17 and
2028 2922 32 16 Mr
2068 2921 46 17 Hall
2123 2928 48 11 were
2180 2922 103 23 appointed
2296 2929 11 10 a

1871 2945 154 18 sub-committee
2045 2946 20 15 to
2086 2945 55 17 make
2165 2947 144 20 arrangements

1872 2968 46 17 with
1928 2969 32 16 the
1969 2969 70 16 master
2054 2968 29 17 for
2097 2968 32 17 the
2142 2974 69 17 proper
2225 2969 74 17 celebra-

1871 2991 41 18 tion
1921 2992 20 16 of
1950 2991 61 18 Arbor
2020 2991 48 22 Day,
2079 2991 76 22 August
2164 2992 17 17 7.
2206 2992 19 17 It
2234 2992 15 16 is
2263 2997 34 18 pro-

1871 3014 59 23 posed
1938 3016 21 16 to
1965 3013 54 24 plant
2025 3013 33 18 the
2064 3013 74 24 ground
2144 3020 46 12 near
2195 3015 32 17 the
2235 3012 64 20 school-

1871 3037 86 18 master's
1965 3037 101 18 residence.
2091 3037 31 18 On
2129 3037 33 18 the
2171 3038 73 17 motion
2251 3039 21 16 of
2277 3038 32 17 Mr

1872 3061 75 22 Carlyle
1955 3061 16 16 it
1980 3067 37 10 was
2034 3060 85 17 resolved
2132 3061 44 17 that
2190 3061 32 17 the
2239 3062 70 16 master

1870 3084 24 18 be
1903 3084 94 18 informed
2006 3084 43 17 that
2057 3084 15 16 it
2081 3087 38 14 Was
2133 3084 32 18 the
2180 3084 46 18 wish
2241 3085 21 17 of
2275 3084 33 17 the

1872 3107 113 18 Committee
1994 3107 42 17 that
2044 3112 25 12 no
2078 3106 84 18 children
2174 3107 68 18 should
2257 3107 52 17 leave

1872 3131 32 17 the
1914 3129 64 19 school
1992 3130 74 22 ground
2081 3130 70 23 during
2164 3130 65 18 school
2244 3131 64 17 hours.

1872 3154 30 17 He
1912 3153 39 18 had
1966 3152 75 19 noticed
2057 3153 84 17 children
2154 3153 81 23 playing
2251 3154 58 16 about,

1872 3178 32 16 the
1913 3176 46 18 road
1968 3176 20 18 at
2004 3176 75 17 various
2096 3176 55 18 times
2164 3176 86 18 between
2268 3178 41 16 0.30

1872 3200 38 17 and
1921 3201 20 16 12
1955 3199 37 18 and
2007 3200 48 16 from
2070 3200 33 16 the
2119 3199 97 23 language
2232 3199 45 18 used
2294 3199 15 17 it

1872 3229 38 11 was
1924 3224 92 22 apparent
2032 3222 45 22 they
2093 3229 49 11 were
2157 3223 101 23 acquiring
2272 3223 37 16 bad

1871 3246 63 17 habits
1957 3246 82 21 through
2060 3247 51 16 want
2140 3246 20 17 of
2185 3246 123 23 supervision.

1871 3269 81 17 Various
1961 3268 54 18 small
2023 3269 146 21 improvements
2178 3275 48 11 were
2232 3269 77 17 decided

1872 3298 24 11 on
1905 3293 20 16 in
1934 3293 32 16 the
1975 3291 64 18 school
2048 3292 83 22 grounds
2140 3292 38 17 and
2187 3292 32 18 the
2225 3292 84 23 meeting

1872 3314 112 24 adjourned.

1921 3343 217 18 RHEUMATISM—A
2157 3343 106 19 LEGACY

1872 3382 26 17 Of
1907 3388 11 10 a
1924 3381 41 18 cold
1974 3381 20 17 in
2003 3381 31 17 the
2043 3382 57 16 bones
2110 3387 21 11 or
2139 3380 81 19 muscles
2233 3382 15 17 is
2262 3381 33 18 sub-

1872 3406 39 22 ject
1920 3406 20 16 to
1949 3410 43 12 cure
2000 3403 15 18 if
2020 3408 64 13 means
2093 3408 31 12 are
2130 3402 57 20 taken
2196 3406 21 16 at
2224 3405 33 17 the
2265 3406 33 16 out-

1872 3429 35 17 set.
1933 3427 77 18 Wolfe's
2019 3426 98 23 Schnapps
2128 3427 16 18 is
2159 3427 150 18 recommended.

1932 3793 109 18 BEWARE
2047 3793 33 18 OF
2089 3794 153 18 IMITATIONS.

1873 3840 32 17 Mr
1912 3840 23 17 E.
1945 3840 111 19 McGowan,
2063 3840 110 23 Brougham
2180 3841 63 19 street,
2249 3840 48 18 Well-

1873 3864 75 21 ington,
1964 3862 48 18 New
2034 3862 89 21 Zealand,
2142 3864 43 17 who
2204 3864 64 17 writes
2284 3869 25 12 on

1873 3886 47 21 July
1929 3887 46 19 21st,
1987 3887 43 16 1894
2037 3887 40 16 :—I
2084 3886 47 18 have
2139 3887 45 17 Used
2190 3887 45 17 four
2239 3887 70 17 bottles

1873 3909 21 18 of
1902 3909 95 18 Clements
2005 3909 58 18 Tonio
2071 3915 21 11 as
2100 3915 12 12 a
2126 3914 43 13 cure
2186 3910 30 17 for
2232 3909 77 21 general

1873 3932 80 22 debility
1960 3937 5 16 ;
1980 3931 10 18 I
1999 3932 47 17 have
2054 3932 60 17 found
2122 3932 16 17 it
2152 3934 50 16 most
2218 3932 90 18 effective.

1874 3956 10 16 I
1893 3955 48 17 have
1952 3954 49 18 tried
2018 3954 54 18 other
2087 3953 108 21 medicinfis,
2212 3956 36 16 but
2263 3955 47 22 they

1873 3984 49 11 were
1938 3984 25 11 no
1986 3978 56 22 good.
2075 3978 95 18 Clements
2192 3978 59 18 Tonic
2267 3978 14 16 is
2298 3984 12 11 a

1874 3998 86 25 splendid
1969 4001 83 21 remedy.
2077 4001 10 16 I
2096 4001 48 18 have
2149 3999 90 25 regained
2244 4001 65 18 health

1874 4024 39 17 and
1922 4021 87 25 strength
2018 4021 49 20 since
2076 4022 57 25 using
2141 4024 96 17 Clements
2244 4024 64 19 Tonic,

1873 4047 39 17 and
1928 4044 39 20 will
1981 4043 71 26 aWayfl
2073 4047 120 17 recommend
2209 4045 16 19 It
2240 4048 21 16 to
2277 4052 33 16 my

1873 4068 166 19 friends.—Yours
2048 4070 109 22 gratefully,
2167 4070 23 17 E.
2197 4068 111 20 McGowan,

1873 4093 111 22 Brougham
2013 4093 62 20 street,
2110 4093 124 22 Wellington.,
2262 4092 48 18 New

1873 4113 89 20 Zealand.

2337 103 82 23 FIRE
2434 103 39 23 IN
2488 103 68 23 THE
2580 103 61 23 OLD
2664 103 86 23 TOWN-

2511 127 85 25 SHIP.

2336 178 82 17 TOTAL
2431 177 181 18 DESTRUCTION
2624 177 33 18 OF
2676 177 96 18 WAKE'S

2513 200 87 18 STORE.

2360 247 25 18 As
2394 247 30 18 far
2432 253 21 12 as
2461 246 74 24 private
2549 246 90 18 residents
2653 247 21 17 of
2688 247 83 17 Rotorua

2335 276 31 11 are
2377 270 102 17 concerned
2487 270 35 17 but
2532 270 49 17 littlo
2593 270 37 17 loss
2647 270 33 16 has
2693 271 78 16 accrued

2336 294 20 16 to
2365 294 52 16 them
2425 294 84 16 hitherto
2518 294 26 21 by
2552 293 39 17 fire.
2624 293 39 17 The
2679 293 92 22 principal

2336 316 77 17 sufferer
2420 317 19 16 in
2448 316 38 18 this
2495 319 73 20 respect
2576 322 27 16 up
2611 317 20 16 to
2647 316 32 17 the
2696 318 75 20 present

2335 338 34 17 has
2377 340 47 17 been
2432 340 32 17 the
2474 339 134 21 Government,
2618 345 21 11 a.s
2648 339 75 17 witness
2740 340 31 17 the

2335 361 84 24 burning
2427 363 20 17 of
2455 363 32 17 the
2496 362 32 18 old
2537 361 89 25 hospital,
2639 362 33 16 the
2686 361 73 19 Govern-

2336 385 51 17 ment
2396 385 78 24 Agent's
2491 385 53 18 office
2552 385 38 17 anil
2606 385 33 17 the
2655 385 104 17 schoolmas-

2335 408 44 17 ter's
2388 408 98 18 residence.
2513 409 38 17 The
2561 408 38 19 fire,
2609 408 92 17 however,
2710 409 60 17 which

2335 430 88 19 occurred
2431 437 24 11 on
2468 431 84 23 Monday
2566 430 94 24 morning,
2679 430 91 25 resulting

2335 453 19 17 in
2363 453 32 17 the
2404 453 48 19 total
2460 454 117 18 destruction
2586 454 20 18 of
2614 454 34 18 the
2655 454 54 22 largo
2721 456 50 16 store

2335 476 19 18 in
2363 477 31 17 the
2404 478 49 16 main
2462 478 46 16 road
2517 479 20 15 of
2546 478 32 16 the
2587 477 32 17 old
2635 479 57 16 town,
2709 477 50 17 front-

2335 500 33 20 ing
2377 500 31 17 tho
2417 500 80 22 Library
2506 500 38 18 and
2552 500 87 23 Reading
2653 500 66 20 Boom,
2735 507 22 10 en-

2335 519 43 21 tails
2398 529 11 11 a
2425 524 60 21 heavy
2502 523 37 18 loss
2556 529 24 12 on
2597 524 33 17 the
2650 529 63 11 owner
2732 524 38 17 and

2335 545 100 23 occupiers.
2467 547 40 17 The
2524 552 60 17 upper
2602 546 76 22 portion
2698 547 20 16 of
2737 547 33 17 the

2335 568 88 23 premises
2439 568 121 22 in.question
2577 575 48 12 were
2638 569 90 22 occupied
2744 570 26 23 by

2335 592 30 17 Mr
2385 592 21 17 11.
2424 592 63 21 Wake,
2506 593 63 17 dealer
2585 592 20 17 in
2626 593 55 21 fancy
2702 592 66 23 goods,

2335 613 82 22 tobacco,
2427 615 64 24 drugs,
2502 617 40 18 &c.,
2552 616 55 17 while
2616 616 33 16 the
2665 615 103 20 basement,

2334 637 60 19 below
2403 637 31 19 the
2444 639 56 17 street
2516 638 53 21 level,
2586 644 38 12 was
2639 637 44 19 used
2697 637 24 23 by
2739 639 31 17 Mr

2335 662 85 20 Peatson,
2432 661 92 22 fruiterer,
2536 665 29 14 tor
2573 661 78 21 making
2668 662 38 16 and
2719 663 40 16 stor-

2334 684 34 20 ing
2385 684 79 18 cordials
2480 685 38 17 and
2539 686 75 21 cooling
2634 681 71 21 drinks.
2739 685 31 18 Mr

2334 707 58 18 Wake
2401 707 15 17 is
2425 709 19 15 at
2453 710 75 19 present,
2537 707 66 18 absent
2617 714 24 10 on
2655 713 34 12 one
2704 708 21 18 of
2739 708 27 17 his

2334 733 105 19 customary
2449 731 52 17 visits
2510 733 19 15 to
2547 731 84 19 Galatea,
2650 730 75 24 leaving
2739 732 28 16 his

2333 754 94 18 assistant,
2446 754 30 17 Mr
2493 754 23 17 D.
2537 753 98 21 Cormack,
2653 754 20 17 in
2693 754 74 24 charge.

2335 777 30 17 Mr
2375 776 73 18 Wake's
2457 776 47 23 shop
2517 783 37 11 was
2571 777 62 18 closed
2650 776 26 18 all
2692 776 38 23 day
2744 784 23 11 on

2333 799 83 23 Sunday,
2438 799 37 17 and
2492 800 45 17 with
2555 801 32 16 the
2604 799 98 24 exception
2719 800 21 18 of
2757 803 13 15 si

2333 824 52 17 short
2394 822 43 19 visit
2447 822 54 18 made
2510 822 25 23 by
2551 823 30 17 Mr
2596 823 90 18 Cormack
2702 823 19 17 in
2736 823 32 18 the

2333 848 105 16 afternoon,
2448 846 54 17 when
2516 852 25 11 no
2554 846 49 21 light
2613 852 38 11 was
2664 846 51 19 used,
2730 852 38 12 was

2333 872 32 15 not
2375 869 75 18 entered
2460 875 23 12 on
2493 869 42 18 that
2544 869 43 23 day.
2613 870 32 17 Mr
2653 869 87 20 Peatson,
2748 877 20 10 as

2333 899 38 11 was
2380 893 28 17 his
2418 891 103 19 invariable
2535 895 78 16 custom,
2628 891 91 23 carefully
2734 899 22 11 ex-

2332 916 109 22 tinguished
2447 916 32 16 the
2488 915 54 17 small
2551 916 33 17 fire
2592 916 23 17 he
2629 916 37 17 had
2681 915 54 18 made
2748 917 20 16 in

2333 940 21 17 th
2360 946 5 10 ;
2373 940 103 17 basement,
2486 938 30 18 for
2525 938 80 22 cooking
2612 945 95 16 purposes,
2716 938 52 24 early

2332 963 20 17 in
2361 962 31 18 the
2403 962 85 21 evening.
2515 962 31 16 Mr
2554 962 98 18 Cormack.
2662 962 43 17 who
2719 961 49 22 slept

2332 985 19 18 in
2360 992 12 10 a
2380 985 54 17 small
2449 984 92 18 detached
2558 985 57 18 house
2632 987 19 15 at
2669 985 32 17 the
2718 985 48 17 back

2332 1008 69 18 retired
2410 1010 19 15 to
2438 1010 37 15 rest
2484 1007 85 24 between,
2577 1010 11 15 0
2603 1009 38 16 and
2659 1009 20 16 10
2697 1008 70 18 o'clock

2332 1032 54 17 when
2395 1031 113 22 everything
2517 1031 93 22 appeared
2619 1034 20 14 to
2646 1031 22 17 )*•
2675 1030 25 19 all
2708 1032 57 21 light.

2332 1055 63 17 About
2405 1056 41 16 '2.30
2461 1060 44 11 a.m.
2524 1055 23 16 he
2565 1060 38 11 was
2619 1055 79 16 aroused
2714 1055 25 22 by
2756 1062 11 11 a

2332 1077 96 22 crackling
2448 1078 51 17 noise
2516 1077 36 17 and
2575 1077 69 18 sounds
2660 1078 21 17 of
2699 1077 69 22 falling

2332 1101 91 19 material,
2434 1100 37 17 and
2481 1100 78 22 looking
2567 1103 34 14 out
2609 1105 38 12 saw
2660 1100 33 19 tho
2706 1101 61 17 whole

2332 1124 87 23 premises
2436 1124 94 17 shrouded
2547 1124 18 16 in
2586 1129 11 13 a
2618 1124 51 17 sheet
2690 1124 20 17 of
2726 1124 39 18 fire.

2332 1148 47 17 Half
2387 1146 69 18 attired
2465 1147 23 18 ho
2497 1147 69 17 rushed
2575 1152 44 12 over
2627 1149 19 15 to
2660 1145 107 21 Falloona's

2331 1171 37 18 and
2378 1176 47 18 gave
2434 1170 32 17 the
2481 1170 59 17 alarm
2558 1169 36 18 anil
2611 1170 37 17 this
2666 1170 101 24 spreading

2331 1192 52 20 there
2392 1199 38 12 was
2439 1199 45 12 soon
2493 1200 12 10 a
2517 1195 63 20 pretty
2597 1192 53 23 large
2666 1198 100 13 concourse

2331 1218 20 16 of
2359 1219 103 22 spectators
2479 1216 110 21 assembled,
2605 1216 46 17 both
2666 1215 48 18 male
2729 1217 37 17 and

2331 1241 73 19 female,
2415 1246 50 11 more
2474 1239 138 24 picturesquely
2622 1240 45 16 than
2684 1245 70 11 conven-

2331 1263 79 23 tionally
2419 1262 48 18 clad.
2493 1263 18 17 It
2521 1269 38 10 was
2568 1270 11 10 a
2589 1263 33 16 sad
2635 1263 51 21 sight
2702 1265 19 15 to
2737 1269 29 12 see

2330 1294 20 11 so
2368 1287 55 18 much
2438 1286 86 17 valuable
2541 1287 90 22 property
2643 1286 75 17 become
2734 1285 32 20 tho

2330 1312 51 22 sport
2391 1311 20 16 of
2419 1310 32 17 the
2467 1309 70 20 flames,
2555 1310 34 16 but
2603 1315 45 11 even
2662 1307 38 20 had
2714 1310 52 16 there

2330 1335 46 17 been
2385 1333 107 23 appliances
2504 1335 19 14 at
2540 1332 51 17 hand
2607 1332 15 17 it
2640 1331 62 18 would
2718 1332 48 18 have

2329 1357 46 18 been
2385 1355 107 23 impossible
2501 1357 20 16 to
2530 1361 45 17 cope
2584 1354 45 18 with
2639 1355 32 17 tho
2680 1354 74 19 destruc-

2330 1381 38 19 tive
2384 1380 80 17 element
2478 1378 62 18 which
2557 1378 37 17 had
2610 1378 89 17 obtained
2713 1385 39 11 com-

2330 1405 50 22 plete
2394 1404 83 20 mastery
2494 1408 45 14 ovo.r
2554 1402 33 16 the
2600 1401 93 22 building.
2727 1403 39 16 The

2330 1426 62 20 crowd
2401 1425 43 20 had,
2454 1430 34 18 per
2497 1425 55 18 force,
2563 1425 19 16 to
2592 1425 70 16 remain
2678 1424 86 24 supinely

2330 1451 31 22 by,
2371 1450 37 18 and
2418 1448 60 18 watch
2488 1448 32 18 the
2530 1448 52 21 glare
2591 1449 19 15 of
2619 1448 31 17 the
2659 1448 33 16 fin-
2704 1448 50 21 light-

2330 1474 33 19 ing
2373 1479 25 17 up
2408 1472 31 18 the
2449 1472 60 16 Maori
2519 1477 25 16 pa
2560 1471 38 17 and
2614 1472 32 16 the
2662 1472 68 16 waters
2746 1472 20 17 of

2330 1498 31 16 Cue
2372 1497 47 17 lake,
2429 1495 38 17 ami
2481 1500 46 17 gaze
2537 1500 22 10 or
2570 1495 31 16 the
2613 1494 72 22 myriad
2700 1494 66 22 sparks

2330 1527 20 10 as
2358 1521 45 21 they
2412 1519 41 18 flew
2465 1517 95 23 Upwards.
2594 1516 124 23 Fortunately
2733 1518 33 17 the

2330 1544 50 17 wind
2389 1549 38 10 was
2433 1542 50 21 light
2492 1541 38 16 anil
2540 1540 83 21 blowing
2639 1540 81 17 towards
2733 1541 33 17 the

2329 1566 48 20 lake,
2387 1572 21 12 so
2416 1565 53 18 there
2478 1570 38 10 was
2525 1564 48 17 little
2583 1564 69 16 chance
2659 1564 20 16 of
2692 1564 60 17 endan-

2330 1590 68 21 gering
2417 1589 33 17 the
2470 1587 55 17 other
2553 1587 89 22 premises
2662 1586 49 19 oIoSO
2732 1586 31 24 by,

2330 1611 94 25 although
2431 1610 33 19 the
2472 1610 75 18 nearest
2560 1610 20 17 of
2592 1610 58 18 these.
2669 1610 40 17 Mrs
2724 1610 41 18 Mc-

2330 1636 113 19 Caminon's,
2460 1639 39 12 was
2516 1633 103 17 somewhat
2636 1631 89 20 blistered
2740 1633 25 23 by

2330 1660 32 17 the
2376 1660 72 16 intense
2465 1657 50 17 heat.
2541 1657 39 17 The
2597 1655 98 24 telephone
2713 1657 52 17 office

2330 1682 59 18 which
2400 1681 78 18 abutted
2496 1681 49 16 from
2562 1679 32 18 the
2611 1679 50 18 main
2678 1679 87 23 building

2331 1712 37 11 was
2377 1705 38 18 also
2425 1703 105 22 destroyed-
2549 1702 32 17 the
2590 1703 113 16 instrument
2708 1703 58 22 being

2330 1730 21 16 of
2358 1734 64 13 course
2437 1728 42 17 lost.
2506 1726 23 18 In
2544 1725 49 18 little
2610 1731 51 13 more
2678 1726 46 17 than
2741 1733 24 11 an

2330 1752 48 17 hour
2387 1753 47 16 from
2444 1752 32 16 the
2485 1750 40 16 first
2534 1749 58 17 alarm
2601 1749 32 17 the
2639 1749 60 17 whole
2704 1751 51 15 struc-

2331 1777 41 15 ture
2381 1775 36 17 had
2427 1773 48 19 sunk
2485 1775 21 14 to
2514 1773 32 16 the
2556 1772 80 22 ground,
2646 1775 33 14 not
2693 1778 11 11 a
2721 1778 33 17 par-

2330 1798 43 18 ticle
2382 1799 20 16 of
2412 1798 30 17 the
2452 1796 52 19 stock
2514 1796 58 21 being
2580 1796 62 16 saved.
2674 1796 27 16 Mi
2718 1796 36 17 Cor-

2330 1821 70 18 maek's
2409 1823 85 21 quarters
2509 1820 49 16 went
2572 1817 45 19 with
2635 1818 32 17 the
2683 1819 44 19 rest,
2745 1825 20 11 as

2330 1845 32 17 the
2382 1845 64 17 flames
2467 1849 48 11 were
2537 1841 64 19 driven
2622 1848 44 11 over
2683 1842 19 16 in
2723 1841 43 19 that

2330 1867 97 18 direction.
2453 1867 30 17 He
2492 1867 48 17 loses
2548 1864 25 18 all
2584 1864 27 18 his
2620 1865 86 22 personal
2720 1871 33 17 pro-

2330 1893 61 20 perty.
2416 1890 32 19 Mr
2453 1888 76 20 Wake's
2537 1886 55 20 stock
2598 1893 40 12 was
2645 1888 75 17 insured
2736 1888 30 18 for

2331 1914 49 18 £l2O
2389 1914 19 18 in
2419 1914 32 18 the
2460 1912 82 20 Phoenix
2553 1912 58 18 office,
2626 1911 20 17 of
2659 1911 60 17 which
2735 1912 31 16 Mr

2330 1938 28 16 W.
2370 1938 22 17 A.
2403 1937 91 18 Williams
2509 1937 15 16 is
2540 1935 32 17 the
2585 1934 48 18 local
2649 1936 63 20 agent,
2730 1934 36 18 but

2331 1960 37 18 this
2377 1961 37 17 will
2424 1963 33 15 not
2471 1959 66 22 nearly
2552 1963 68 17 recoup
2635 1958 39 17 him
2688 1958 29 17 for
2733 1958 32 17 the

2330 1984 36 17 loss
2376 1983 101 18 sustained.
2492 1982 43 18 Full
2542 1980 111 25 particulars
2662 1980 103 23 regarding

2330 2006 32 18 the
2372 2006 96 18 insurance
2478 2008 69 15 cannot
2563 2005 23 16 be
2604 2003 95 21 obtained,
2712 2004 40 17 how-

2330 2037 48 13 ever,
2396 2031 29 17 till
2443 2031 31 17 Mr
2490 2029 74 17 Wake's
2581 2029 71 17 return,
2669 2027 36 17 but
2721 2027 15 18 it
2749 2028 16 17 is

2331 2053 93 24 supposed
2433 2054 41 17 (hut
2483 2053 81 16 another
2577 2050 62 22 policy
2654 2050 15 17 is
2678 2050 19 17 in
2706 2051 49 16 exist-

2330 2083 44 11 ence
2383 2077 45 17 with
2438 2077 32 16 the
2485 2074 89 19 Norwich
2590 2072 61 20 Union
2667 2074 52 16 office
2736 2075 30 15 for

2330 2099 79 19 another
2417 2105 47 12 sum.
2486 2097 108 21 According
2603 2100 19 13 to
2634 2097 32 16 Mr
2674 2097 91 16 Cormack

2330 2122 15 17 it,
2354 2122 62 18 would
2429 2122 47 17 have
2492 2121 48 18 been
2558 2119 107 23 impossible
2681 2121 19 14 to
2716 2119 49 17 have

2330 2145 55 18 saved
2396 2145 99 22 anything,
2506 2145 30 17 for
2544 2150 24 11 on
2577 2142 90 21 reaching
2674 2142 32 16 the
2713 2142 50 18 road,

2330 2170 49 16 after
2387 2169 29 17 his
2429 2168 78 18 hurried
2523 2166 39 18 exit
2580 2166 48 17 from
2645 2165 33 17 the
2695 2165 68 19 wbare,

2330 2192 33 17 the
2372 2192 52 17 front
2432 2191 90 17 windows
2531 2191 20 17 of
2560 2191 32 16 the
2601 2189 47 21 shop
2664 2187 38 18 had
2718 2189 47 16 been

2331 2215 63 17 blown
2404 2217 33 15 out
2445 2214 36 18 and
2492 2214 32 17 the
2541 2212 64 19 flames
2622 2217 48 11 were
2686 2212 80 22 rushing

2330 2236 83 24 through
2423 2238 32 17 the
2462 2237 90 21 building
2560 2238 20 15 to
2591 2235 31 18 the
2631 2240 46 12 rear.
2692 2234 73 18 Almost

2330 2260 127 24 immediately
2464 2260 111 18 afterwards
2584 2259 32 17 the
2623 2258 62 17 whare
2694 2258 72 21 caught

2330 2285 37 17 and
2380 2291 39 11 was
2435 2284 108 18 consumed.
2577 2281 30 18 He
2624 2281 95 17 estimates
2735 2281 30 16 his

2329 2307 86 26 personal
2424 2307 37 18 loss
2468 2309 20 16 at
2497 2307 59 18 about
2565 2304 31 20 £B.
2619 2304 29 17 Hi!
2657 2304 67 17 roused
2733 2304 32 17 the

2329 2333 79 15 inmates
2418 2332 20 16 of
2446 2328 108 20 Falloona's
2565 2328 58 18 Hotel
2634 2333 19 11 as
2660 2326 25 18 lie
2702 2327 64 17 feared

2330 2354 42 18 that
2380 2361 11 10 a
2401 2354 72 21 change
2481 2354 21 17 of
2518 2353 50 17 wind
2585 2351 62 18 would
2665 2349 51 19 drive
2733 2351 32 16 the

2329 2375 63 19 flames
2402 2377 19 17 in
2430 2378 42 16 that
2480 2375 98 19 direction.
2603 2374 31 18 He
2645 2379 38 12 was
2700 2373 37 18 last
2745 2374 20 17 in

2330 2401 31 16 the
2371 2401 47 22 shop
2426 2402 20 15 at
2455 2401 10 16 3
2474 2399 72 18 o'clock
2552 2405 23 11 on
2584 2398 76 21 Sunday
2666 2397 100 17 afternoon

2331 2424 53 17 when
2392 2424 24 17 he
2424 2424 46 17 used
2486 2429 25 11 no
2527 2423 56 22 light,
2601 2420 38 18 and
2654 2420 111 17 afterwards

2330 2446 43 18 took
2383 2447 32 17 the
2424 2446 36 23 key
2469 2448 19 16 to
2498 2446 32 18 the
2545 2446 54 16 other
2612 2445 48 21 shop
2676 2443 62 17 where
2750 2443 16 17 it

2331 2474 38 14 was
2376 2465 126 28 always'kept
2509 2469 22 18 at
2540 2468 62 24 night.
2628 2466 31 18 Ho
2672 2466 94 17 considers

2330 2493 32 18 the
2371 2493 32 18 fire
2412 2497 50 14 must
2472 2497 46 13 have
2535 2492 47 17 lieen
2599 2489 130 22 smouldering
2744 2490 21 17 in

2330 2516 31 17 the
2370 2516 97 17 basement,
2475 2517 30 16 for
2513 2521 51 11 some
2572 2514 45 18 time
2631 2513 35 20 till,
2676 2513 90 22 reaching

2330 2540 32 17 the
2370 2538 48 19 level
2427 2540 19 16 of
2455 2540 31 16 the
2496 2540 63 19 street,
2569 2539 16 16 it
2594 2543 38 11 was
2646 2535 70 18 fanned
2725 2536 41 17 into

2330 2562 78 24 activity
2417 2561 36 19 and
2462 2561 54 18 burst
2525 2560 83 23 through
2619 2561 31 16 the
2658 2560 53 21 shop.
2733 2560 32 16 Mr

2330 2586 90 18 Cormack
2429 2585 40 18 also
2478 2587 58 16 states
2545 2583 41 18 that
2600 2584 33 17 the
2645 2582 66 22 ledger
2728 2588 38 12 was

2330 2609 45 23 kept
2384 2612 21 14 at
2412 2609 31 17 the
2452 2609 55 17 other
2515 2608 52 22 shop,
2577 2607 36 17 but
2621 2607 32 17 the
2659 2606 43 16 wish
2709 2605 56 21 book,

2330 2630 75 24 journal
2414 2631 37 18 and
2460 2631 54 19 other
2523 2636 67 17 papers
2599 2635 47 12 were
2654 2627 65 19 burnt.
2735 2629 31 17 Mr

2330 2655 58 18 Wake
2397 2655 35 18 left,
2441 2656 29 17 for
2478 2653 80 19 Galatea
2566 2659 25 12 on
2599 2650 71 24 Friday
2678 2652 59 22 night
2745 2658 21 11 or

2330 2678 51 23 early
2391 2685 24 10 on
2424 2678 94 22 Saturday
2531 2677 88 21 morning
2627 2674 65 19 before
2700 2672 23 20 he
2732 2676 34 21 got

2330 2700 55 19 down
2395 2704 20 15 to
2424 2701 31 18 the
2464 2702 57 17 lower
2531 2700 53 23 shop.
2609 2700 32 16 Mr
2650 2698 75 18 Seddon
2733 2698 33 17 the

2330 2731 64 11 owner
2403 2726 19 16 of
2430 2725 32 17 tho
2473 2724 88 21 building
2577 2725 16 15 is
2609 2721 104 18 uninsured
2728 2721 38 17 and

2330 2749 95 16 estimates
2433 2747 29 18 his
2471 2747 37 18 loss
2517 2748 20 16 at
2551 2746 55 18 £2OO.
2629 2744 31 19 Mr
2676 2745 88 20 Peatson,

2330 2772 40 17 also
2376 2770 107 22 uninsured,
2490 2770 38 17 had
2534 2775 44 12 over
2584 2769 34 18 250
2624 2769 58 17 dozen
2689 2768 75 19 bottles,

2331 2794 35 18 full
2375 2794 37 18 and
2422 2795 71 22 empty,
2509 2793 19 17 in
2546 2793 58 19 stock,
2622 2791 37 18 and
2676 2793 45 21 puts
2737 2791 28 17 his

2330 2817 38 18 loss
2375 2818 21 17 at
2402 2817 58 17 about
2466 2816 38 18 £ls
2508 2815 63 19 which
2577 2815 84 18 includes
2667 2815 32 17 the
2705 2814 59 22 plant.

2331 2841 31 17 Mr
2370 2840 73 17 Wake's
2452 2841 50 16 store
2511 2845 38 12 was
2558 2839 40 17 also
2608 2845 11 10 a
2627 2838 72 17 branch
2713 2839 42 20 post-

2330 2864 58 19 office,
2399 2864 34 16 but
2442 2870 20 11 as
2471 2863 33 17 the
2512 2862 39 18 box
2559 2862 16 18 is
2584 2861 72 18 cleared
2673 2862 20 16 at
2702 2862 10 15 5
2719 2866 45 17 p.m.

2330 2894 24 10 on
2364 2887 93 22 Saturday
2467 2887 29 17 for
2505 2885 100 22 Monday's
2615 2884 44 18 mail
2669 2884 16 17 it
2699 2884 17 17 is
2731 2884 34 17 not

2331 2910 92 22 supposed
2430 2910 43 17 that
2481 2915 38 16 any
2528 2909 64 17 letters
2601 2913 49 12 were
2658 2906 105 23 destroyed.

2354 2934 29 17 On
2392 2933 84 22 Monday
2482 2932 38 17 and
2526 2931 100 23 yesterday
2635 2936 57 17 many
2699 2930 65 23 people

2331 2956 67 18 visited
2407 2956 32 17 the
2448 2962 54 12 scene
2510 2956 21 17 of
2539 2956 32 16 the
2580 2955 39 20 fire,
2638 2951 37 19 and
2684 2953 32 17 the
2730 2958 22 12 na-

2331 2980 37 16 tive
2377 2979 84 17 children
2469 2985 49 11 were
2526 2978 63 21 busily
2602 2977 87 22 engaged
2698 2976 67 22 raking

2331 3005 88 19 amongst
2427 3003 32 16 the
2476 3001 73 18 embers
2567 3001 31 17 for
2699 3000 19 16 in
2732 2999 32 16 the

2331 3026 57 22 shape
2398 3026 19 17 of
2425 3031 78 17 coppers
2512 3031 22 11 or
2547 3024 52 17 fused
2610 3023 63 18 metal.
2695 3022 57 23 Specu-

2330 3047 59 19 lation
2398 3048 15 18 is
2424 3049 20 17 of
2452 3054 65 12 course
2526 3048 35 17 rife
2569 3053 21 11 as
2598 3049 21 15 to
2627 3047 33 17 the
2676 3046 60 22 origin
2744 3045 21 17 of

2330 3073 33 16 the
2372 3073 38 19 fire,
2419 3072 34 17 but
2470 3078 20 10 as
2507 3071 38 17 this
2563 3070 39 17 will
2619 3069 92 23 probably
2719 3068 23 17 be
2750 3074 11 11 a

2330 3095 75 22 subject
2413 3095 30 17 for
2448 3094 117 22 magisterial
2573 3094 79 22 enquiry
2669 3092 16 17 it
2702 3091 62 17 would

2330 3118 23 17 be
2362 3120 107 21 premature
2478 3120 21 15 to
2507 3117 70 17 hazard
2593 3120 38 19 arty
2646 3115 77 24 opinion
2739 3120 25 11 on

2332 3142 32 16 the
2373 3143 75 15 matter.

2330 3192 53 17 THE
2391 3189 178 20 DEGENERACY
2578 3190 33 18 OF
2617 3189 52 19 THE
2677 3187 78 19 TIMES.

2354 3238 106 23 According
2469 3240 20 15 to
2498 3239 40 16 Mrs
2547 3238 71 17 Besant
2631 3236 25 18 all
2672 3241 33 11 our
2719 3240 33 16 pro-

2331 3262 84 22 gression
2423 3262 16 17 is
2447 3261 143 23 retrogression,
2601 3259 26 18 all
2635 3264 33 12 our
2676 3259 35 19 art,
2721 3257 32 17 vul-

2331 3284 69 23 garity,
2410 3284 26 18 all
2443 3291 34 11 our
2485 3284 116 22 democracy,
2612 3280 73 27 empty;
2699 3280 36 18 and
2744 3280 20 17 in

2330 3308 33 17 the
2371 3308 37 17 last
2417 3309 101 16 statement
2528 3307 52 17 there
2589 3307 15 16 is
2617 3303 129 22 undoubtedly
2753 3309 12 11 a

2331 3332 54 21 great
2394 3331 42 17 deal
2452 3331 20 17 of
2488 3330 61 17 truth.
2573 3330 40 17 The
2629 3328 136 17 achievements

2331 3354 20 17 of
2359 3354 114 17 mechanical
2481 3354 73 17 science
2561 3353 20 17 in
2589 3350 125 22 increasingly
2727 3350 24 16 im-

2330 3376 71 23 proved
2410 3377 108 22 machinery
2528 3376 34 18 has
2571 3375 54 18 made
2633 3374 32 17 the
2672 3373 93 17 one-time

2331 3400 68 18 skilled
2406 3400 72 17 artizan
2486 3399 51 18 little
2545 3399 62 18 better
2620 3398 45 17 than
2674 3403 11 10 a
2693 3396 71 17 human

2331 3423 51 18 shalt
2389 3423 38 18 and
2435 3422 70 23 pulley;
2516 3422 55 17 while
2581 3420 25 19 all
2615 3420 31 17 the
2654 3418 107 18 inventions

2331 3446 21 17 of
2360 3446 32 17 the
2401 3446 78 22 century
2492 3451 31 12 arc
2540 3445 37 17 due
2593 3446 20 15 to
2630 3443 32 17 the
2677 3442 88 22 working

2332 3469 73 21 classes,
2422 3469 31 17 the
2469 3469 55 17 effect
2540 3469 21 16 of
2577 3467 25 17 all
2618 3465 96 18 invention
2730 3465 35 18 has

2331 3492 47 18 been
2387 3494 21 15 to
2417 3491 54 18 make
2476 3498 25 11 an
2510 3491 112 20 aristocracy
2631 3489 20 17 of
2659 3488 32 17 the
2698 3488 55 17 inven-

2331 3517 40 16 tors
2379 3516 38 17 and
2425 3515 50 18 their
2483 3512 182 25 parasites—giving
2678 3512 21 16 to
2707 3517 12 11 a
2727 3512 37 16 few

2331 3538 106 18 inordinate
2460 3537 77 20 wealth,
2561 3535 38 19 and
2623 3534 91 22 dooming
2732 3534 33 18 the

2330 3568 57 16 many
2396 3563 20 15 to
2430 3561 107 17 inordinate
2552 3559 86 23 poverty.
2644 3580 5 4 _
2663 3557 43 18 And
2722 3559 38 21 yet,

2331 3590 46 11 even
2385 3585 19 16 in
2413 3584 32 17 the
2454 3585 41 16 face
2504 3584 20 17 of
2535 3583 51 16 these
2599 3580 117 21 admissions,
2726 3581 15 16 it
2749 3581 16 17 is

2330 3613 45 13 verv
2384 3607 67 18 foolish
2460 3608 35 16 not
2503 3606 20 18 to
2531 3603 71 19 believe
2613 3604 43 17 that
2672 3604 32 17 the
2721 3610 32 16 pre-

2331 3632 42 16 sent
2380 3630 16 18 is
2404 3630 33 18 the
2444 3630 43 18 best
2495 3634 36 18 age
2547 3628 31 17 the
2594 3625 61 19 world
2670 3626 34 18 has
2719 3632 43 12 ever

2330 3654 76 17 known.
2430 3653 39 18 The
2477 3646 53 29 poles
2538 3650 20 19 of
2566 3651 80 22 poverty
2654 3650 38 17 and
2700 3650 54 22 pluto-

2331 3683 55 16 cracy
2394 3676 40 17 will
2441 3676 23 17 be
2472 3674 77 23 merged
2557 3673 56 17 when
2630 3673 33 17 the
2679 3673 86 21 working

2331 3700 66 17 classes
2406 3705 31 11 are
2445 3697 112 22 sufficiently
2562 3696 92 18 educated
2663 3698 20 16 to
2691 3696 23 17 be
2723 3696 42 16 that

2330 3723 77 22 highest
2415 3721 49 19 form
2472 3721 21 17 of
2501 3721 172 22 government—an
2690 3718 64 21 enligh-

2330 3745 48 18 ened
2385 3742 120 24 democracy;
2519 3742 38 18 and
2564 3742 21 17 in
2592 3742 96 18 Australia
2695 3742 68 21 to-day

2331 3768 99 18 education
2444 3765 16 20 is
2476 3768 44 19 free,
2539 3764 38 19 and
2594 3766 32 17 the
2643 3765 71 17 artizan
2730 3764 34 17 has

2331 3798 56 16 every
2396 3790 107 23 improving
2511 3789 57 21 thing
2576 3789 20 16 at
2610 3789 29 17 his
2654 3787 105 19 command.

2331 3815 21 16 If
2360 3814 97 18 invention
2470 3811 56 19 made
2535 3812 20 17 of
2563 3811 33 18 the
2612 3812 72 17 artizan
2697 3817 11 11 a
2724 3817 27 10 ma-

2331 3838 59 19 chine,
2400 3835 16 19 it
2424 3834 39 19 also
2471 3841 49 17 gave
2528 3834 40 18 him
2584 3834 84 18 luxuries
2684 3834 43 16 that
2735 3833 30 17 his

2331 3861 63 17 father
2409 3864 56 12 never
2481 3858 75 18 dreamt
2573 3858 60 17 of—if
2655 3856 110 18 civilisation

2330 3883 34 17 has
2373 3879 95 26 produced
2476 3887 42 11 new
2535 3880 87 22 diseases,
2639 3881 16 16 it
2671 3880 33 17 has
2720 3884 34 16 pro-

2331 3906 56 17 vided
2396 3905 92 18 curatives
2497 3904 31 17 for
2535 3905 51 16 most
2594 3904 21 17 of
2622 3904 51 17 them
2681 3902 20 17 in
2709 3902 42 17 War-

2330 3929 50 18 ner's
2389 3927 51 19 SATE
2448 3927 105 18 Remedies.
2578 3927 35 17 We
2625 3925 86 22 strongly
2719 3931 46 15 urge

2331 3958 38 16 you
2385 3952 19 17 to
2419 3952 31 21 try
2462 3950 53 18 them
2528 3954 95 14 without
2631 3952 67 14 delay
2705 3948 21 17 in
2738 3948 27 17 all

2331 3980 51 12 cases
2390 3975 21 17 of
2417 3971 60 23 liver,
2485 3973 75 22 Kidney
2566 3979 22 12 or
2595 3972 82 18 Bladder
2685 3971 80 18 trouble.

2853 101 310 32 CORRESPONDENCE.

2878 164 129 19 SANITARY
3022 166 124 17 MATTERS.

2942 216 21 11 TO
2973 216 37 11 THE
3022 216 68 11 K.r.ITOE.

2819 240 41 21 Sm,
2862 241 75 18 —Most
2946 242 20 16 of
2976 247 48 17 your
3038 242 74 18 readers
3125 243 43 17 who
3182 243 45 18 have

2794 270 38 16 any
2846 265 112 21 knowledge
2972 266 20 16 of
3005 265 31 17 the
3050 266 52 21 place
3119 267 38 15 will
3167 272 59 17 agree,

2794 293 51 11 more
2855 293 20 11 or
2884 288 41 19 less,
2936 288 44 17 with
2996 294 47 16 your
3056 291 63 14 recent
3133 289 65 18 article
3204 296 23 11 on

2794 310 32 17 the
2835 311 84 22 sanitary
2932 311 97 18 condition
3042 312 41 17 aiuL
3095 312 132 22 requirements

2794 334 20 16 of
2820 334 32 16 the
2862 335 57 15 town.
2946 334 18 17 It
2976 334 15 17 is
3003 335 97 22 generally
3115 335 112 19 understood

2794 356 42 17 that
2844 362 74 17 sewage
2927 357 15 16 is
2947 364 12 10 a
2967 363 45 16 very
3018 358 85 22 complex
3111 358 66 23 liquid,
3185 365 25 12 or,
3220 360 7 16 I

2794 380 61 21 might
2866 383 19 14 at
2893 386 46 11 once
2953 387 39 15 say.
3007 382 63 18 water,
3081 381 64 17 mixed
3162 382 44 17 witli
3218 389 9 10 a

2794 404 41 15 vast
2843 404 73 21 variety
2925 404 20 16 of
2953 404 61 17 refuse
3027 406 143 15 matter—some
3185 405 42 17 held

2793 426 19 16 in
2827 427 116 21 suspension,
2960 428 56 16 some'
3026 427 19 17 in
3060 427 166 18 solution—which

2793 449 127 18 accumulates
2928 449 19 17 in
2956 455 21 11 or
2986 449 57 18 about
3052 449 174 23 dwelling-houses,

2794 472 108 21 workshops
2911 472 37 17 and
2958 473 75 17 stables.
3059 472 54 22 Now,
3128 481 21 10 as
3163 475 19 16 to
3196 474 31 17 tho

2793 494 80 23 disposal
2885 494 47 18 from
2946 495 73 23 private
3032 496 99 22 dwellings
3146 498 21 16 of
3182 498 44 16 such

2793 523 74 16 sewage
2876 519 9 16 I
2900 521 69 14 cannot
2986 525 29 11 see
3029 525 38 16 any
3083 519 54 18 hann
3153 526 35 11 can
3205 521 22 16 be

2792 540 48 17 done
2849 541 25 21 by
2883 541 32 17 the
2924 548 49 10 same
2982 541 58 24 being
3048 542 66 17 buried
3122 543 20 16 in
3156 549 12 10 a
3182 549 33 15 gar-

2792 563 36 18 den
2853 564 98 17 allotment
2974 566 15 15 if
3010 565 42 17 Well
3074 566 94 22 arranged
3190 567 36 16 and

2792 588 99 21 manage!,
2905 594 20 10 as
2933 594 52 10 some
3000 588 20 17 of
3034 588 32 17 the
3079 590 48 16 most
3144 590 82 16 eminent

2792 610 83 24 Sanitary
2890 611 98 23 engineers
3002 611 47 17 have
3062 611 77 17 advised
3153 613 46 16 such
3216 620 10 9 a

2792 639 65 11 course
2873 633 19 18 in
2913 634 54 17 small
2987 634 93 17 scattered
3097 635 129 18 communities

2792 656 37 17 like
2838 657 90 20 liotprua.
2955 656 43 18 Ido
3006 659 30 15 not
3048 664 33 16 say
3090 658 45 17 such
3145 665 11 10 a
3162 665 64 11 course

2792 680 60 20 ought
2862 682 19 14 to
2888 681 22 15 lie
2916 681 130 22 permanently
3052 681 122 17 allowed—in
3181 682 43 18 fact,

2791 703 33 16 the
2832 709 72 11 owners
2913 704 20 16 of
2947 705 89 21 property
3052 703 71 18 besides
3137 705 53 17 those
3207 706 19 16 of

2791 730 35 13 our
2841 726 53 21 large
2916 727 61 16 hotels
2997 727 37 16 and
3055 726 171 26 boarding-houses

2791 748 50 17 shew
2859 750 25 21 by
2900 750 32 16 the
2949 750 100 21 expensive
3066 756 42 17 way
3128 746 46 27 they
3194 757 30 11 are

2791 771 88 23 draining
2888 773 48 17 their
2945 773 88 22 premises
3041 773 44 18 that
3093 773 45 24 tLoy
3154 773 25 18 do
3193 778 30 13 not

2791 795 45 17 wish
2846 798 20 15 to
2877 797 126 17 countenance
3018 797 29 16 for
3057 796 26 17 all
3097 797 45 17 time
3156 797 44 17 such
3215 805 9 9 a

2790 818 70 21 system
2877 820 20 16 of
2910 825 73 15 sewage
2998 817 88 25 disposal:
3112 820 37 17 But
3156 823 20 14 at
3182 827 32 15 pre-

2791 843 41 15 sent
2841 842 81 23 nothing
2930 842 62 17 better
3000 848 33 11 can
3043 842 23 18 Ik:
3074 842 54 21 done,
3139 849 20 11 as
3169 844 29 16 far
3207 851 18 9 as

2791 865 8 16 I
2810 870 33 11 can
2853 872 35 11 see,
2899 865 47 17 until
2956 865 32 17 the
3000 866 57 16 Town
3073 865 62 19 Board
3149 872 22 12 or
3187 867 25 17 Go-

2791 889 96 17 vernment
2896 888 113 23 inaugurate
3017 895 23 10 an
3050 889 87 17 effectual
3148 889 76 23 system.

2790 910 54 22 Now,
2855 912 14 16 if
2878 917 24 11 an
2913 912 104 16 "'umble''
3027 912 103 17 individual
3140 912 37 17 like
3183 919 28 16 my-

2790 934 36 16 self
2833 934 64 23 might
2899 933 25 19 be
2928 933 80 19 allowed
3016 935 18 17 to
3042 935 44 17 turn

2789 957 20 17 to
2818 957 32 18 the
2865 964 72 16 powers
2949 958 43 17 that
3006 958 28 18 be,
3052 959 8 16 I
3074 957 67 19 should
3155 959 68 17 advise.

2789 980 47 21 first,
2854 980 41 19 that
2910 980 32 19 tho
2956 983 110 21 permanent
3083 982 57 17 levels
3156 983 21 16 of
3193 983 24 16 tin-

2789 1004 52 16 town
2858 1003 22 19 bo
2893 1003 37 18 laid
3022 1004 38 18 and
3073 1004 45 18 then
3133 1004 13 19 i
3151 1010 73 19 sewage

2790 1030 69 18 system
2869 1027 113 17 formulated
2997 1034 20 10 so
3031 1032 21 13 as
3065 1029 20 15 to
3098 1028 23 16 1m-
3136 1034 77 17 progres-

2789 1049 59 23 sively
2857 1049 70 19 carried
2936 1054 39 13 out.
3001 1051 16 16 A
3027 1056 72 16 sewage
3106 1052 47 17 farm
3162 1051 61 23 might

2789 1072 23 16 be
2820 1074 120 17 established,
2955 1074 38 16 and
3008 1074 8 16 I
3031 1074 69 16 believe
3114 1075 63 16 would
3191 1075 21 16 be-

2789 1102 52 10 come
2850 1103 10 10 a
2869 1097 72 21 paying
2950 1102 78 11 concern
3034 1096 16 17 if
3058 1096 32 18 the
3096 1096 127 20 Government

2790 1119 62 17 would
2862 1120 44 22 only
2914 1122 46 14 start
2970 1120 32 16 the
3017 1120 55 22 thing
3086 1121 46 16 with
3148 1126 12 12 a
3174 1122 49 21 good

2789 1148 91 15 manager
2888 1143 37 16 and
2933 1142 33 17 the
2975 1143 48 17 most
3033 1142 80 19 suitable
3121 1145 21 16 of
3150 1142 32 19 the
3187 1150 23 11 un-

2789 1166 104 21 employed.
2931 1166 50 18 Such
3002 1172 11 11 a
3033 1171 70 15 course,
3130 1167 91 20 however,

2789 1189 62 20 might
2860 1189 23 16 be
2892 1192 31 14 too
2932 1190 99 21 expensive
3045 1195 21 11 or
3079 1190 143 21 objectionable.

2789 1212 19 16 If
2816 1212 46 17 such
2871 1213 67 16 should
2947 1213 22 16 be
2978 1213 32 16 the
3019 1219 41 11 case
3066 1213 44 17 then
3118 1213 32 17 the
3179 1214 34 17 self-

2788 1235 65 21 acting
2862 1242 72 15 si-wage
3076 1238 70 20 system
3161 1237 61 22 might

2788 1258 23 16 be
2820 1254 88 27 adopted.
2934 1258 20 18 It
2961 1258 34 17 has
3002 1258 48 19 been
3064 1259 78 22 pointed
3156 1263 34 14 out
3204 1264 18 13 to

2789 1287 28 11 me
2827 1281 40 17 that
2875 1281 27 18 Dr
2909 1281 81 19 Edward
2998 1281 107 19 Ffaukland
3114 1284 50 16 after
3170 1284 39 16 mak-

2787 1304 35 21 ing
2841 1310 101 11 numerous
2963 1305 107 23 laboratory
3091 1305 131 23 experiments)

2788 1327 85 18 declared
2880 1335 20 10 as
2907 1328 32 17 the
2945 1328 57 18 result
3010 1330 19 15 of
3038 1328 28 18 his
3073 1328 149 24 investigations,

2787 1350 44 18 that
2840 1351 32 17 the
2888 1357 74 16 sewage
2975 1352 21 16 of
3008 1352 59 19 3,300.
3085 1358 21 10 or
3122 1359 33 16 say
3170 1354 54 20 3,000

2787 1378 78 18 persons
2872 1374 101 27 might,bo
2987 1374 84 18 cleansed
3087 1375 25 22 by
3128 1376 84 17 intermit-

2787 1399 42 15 tent
2843 1396 90 20 filtration
2948 1398 83 20 through
3041 1404 35 11 one
3085 1404 42 11 acre
3135 1400 20 15 of
3164 1400 48 17 suita-

2787 1420 31 16 ble
2827 1420 44 17 land
2881 1420 77 17 drained
2967 1421 28 16 six
3005 1422 37 16 feet
3054 1421 52 22 deep.
3132 1422 39 17 The
3184 1423 25 16 Go-

2788 1444 97 16 vernment
2894 1443 58 22 being
2961 1443 32 18 the
3009 1450 72 11 owners
3094 1444 20 17 of
3127 1444 33 18 the
3171 1448 51 15 town

2788 1467 20 16 of
2817 1467 89 19 Rotorua,
2915 1467 37 17 and
2961 1474 11 9 a
2980 1467 53 22 large
3041 1474 43 10 area
3097 1468 20 16 of
3131 1469 32 17 the
3178 1470 33 16 sub-

2788 1489 60 17 urban
2857 1490 36 17 and
2909 1491 49 16 rural
2973 1490 59 20 lands,
3050 1491 16 17 it
3083 1497 44 17 goes
3142 1492 80 17 without

2788 1512 67 22 saying
2864 1513 43 18 that
2916 1514 45 21 they
2968 1512 38 18 will
3017 1519 105 18 encourage
3132 1515 19 17 in
3167 1521 55 17 every

2788 1541 42 18 way
2838 1537 45 16 such
2890 1542 12 12 a
2910 1542 97 17 necessary
3015 1537 52 18 work
3081 1537 58 23 being
3152 1537 70 19 carried

2788 1561 39 18 out,
2837 1564 25 13 no
2870 1559 60 18 doubt
2939 1559 25 23 by
2973 1560 72 21 setting
3060 1563 61 20 apart,
3137 1563 35 15 not
3187 1568 35 11 one

2787 1587 47 16 acre,
2845 1582 35 19 but
2889 1589 50 10 more
2952 1582 58 24 likely
3023 1589 35 11 one
3071 1584 86 17 hundred
3172 1591 50 10 acres

2787 1605 19 17 in
2816 1612 10 10 a
2835 1606 81 17 suitable
2924 1606 83 23 position
3020 1607 30 17 for
3062 1613 11 11 a
3087 1613 73 18 sewage
3174 1608 47 17 farm

2787 1634 22 11 or
2817 1629 103 17 filter-bed.
2946 1629 68 19 Yours,
3025 1629 39 19 Ac,

3097 1654 77 17 UiUAir.

2812 1674 53 18 Since
2874 1676 78 21 writing
2967 1676 31 17 the
3012 1676 58 17 above
3088 1678 9 16 I
3114 1678 47 16 have
3176 1678 45 17 been

2787 1698 94 18 informed
2890 1699 42 17 that
2940 1699 31 17 Mr
2979 1699 89 22 Mulfroy,
3079 1700 32 17 the
3123 1700 88 24 enginocr-

2787 1721 106 22 in-charge,
2904 1723 48 21 fully
2961 1723 119 22 represented
3093 1723 32 17 the
3139 1730 82 16 urgency

2787 1745 20 16 of
2810 1751 23 10 an
2838 1745 83 17 effective
2926 1751 93 16 sewerage
3024 1748 70 20 system
3098 1747 30 17 for
3134 1747 31 17 the
3171 1749 50 15 town

2787 1768 58 22 being
2850 1768 71 18 carried
2927 1770 33 15 out
2973 1770 20 16 to
2999 1768 32 17 the
3038 1770 183 22 Surveyor-General

2788 1791 42 16 who
2839 1792 48 16 from
2897 1792 31 16 the
2937 1792 40 16 first
2984 1792 33 17 has
3031 1792 56 17 taken
3102 1799 11 11 a
3127 1795 54 20 groat
3193 1794 19 16 in-

2787 1816 58 15 terest
2853 1815 19 16 in
2882 1814 89 20 Rotorua,
2982 1822 19 10 so
3011 1815 41 17 that
3062 1822 26 10 we
3097 1822 44 16 may
3150 1816 71 23 depend

2787 1843 51 17 upon
2852 1838 29 16 his
2889 1836 91 20 influence
2993 1838 36 17 and
3043 1839 101 18 assistance
3157 1840 20 17 in
3191 1840 14 17 tl
3214 1844 7 13 C

2788 1862 69 16 matter
2866 1861 45 17 with
2921 1862 32 16 the
2963 1862 183 18 Government.—U.

2790 1916 428 45 CABLEGRAMS

2912 1989 46 23 July
2971 1988 101 20 30.—Now
3086 1991 60 17 South
3160 1991 60 17 Wales-

2787 2010 67 19 Stocks
2863 2013 48 16 have
2919 2013 48 16 risen
2977 2013 9 22 j
2996 2012 37 17 and
3042 2013 54 18 other
3113 2013 81 18 colonies
3211 2015 8 16 A

2787 2037 20 15 to
2821 2036 8 21 J
2840 2041 33 16 per
2882 2038 48 15 cent.

2811 2059 108 20 ItiM-ssia.s,
2928 2059 47 22 July
2985 2060 27 16 30.
3014 2060 41 16 —A
3063 2060 86 17 hundred
3164 2061 44 17 thou-

2787 2081 46 17 sand
2843 2081 96 23 delegates
2947 2082 131 24 representing
3086 2084 32 16 the
3132 2084 61 17 whole
3202 2085 18 15 of

2786 2104 88 22 Belgium
2884 2102 46 21 have
2939 2105 106 18 assembled
3052 2105 20 18 in
3083 2107 110 21 theKMipital
3201 2109 18 15 to

2787 2125 85 20 consider
2881 2128 32 16 the
2921 2128 107 17 Education
3036 2130 93 20 question.
3163 2130 45 17 Reso-

2787 2150 71 18 lutions
2878 2156 47 11 were
2941 2151 67 22 passed
3024 2152 107 23 protesting
3147 2152 73 23 against

2787 2171 86 26 yeilding
2893 2173 73 18 control
2988 2175 20 16 of
3026 2173 107 19 Education
3153 2177 21 16 to
3189 2176 31 17 the

2787 2194 76 23 Priests,
2874 2197 37 16 and
2920 2197 115 22 demanding
3046 2198 42 17 that
3101 2198 15 17 it
3130 2199 23 17 be
3168 2199 52 17 madi<

2786 2219 85 17 national
2881 2219 37 17 and
2933 2220 124 22 compulsory.

2789 2269 209 33 AUSTRALIAN
3015 2271 204 33 TELEGRAMS.

2812 2328 81 23 Sydney,
2902 2329 47 22 July
2959 2330 28 16 30.
2989 2330 117 23 —Shearing
3113 2331 34 19 has
3158 2332 63 22 begun

2787 2352 20 16 at
2814 2350 76 24 Mungil
2900 2353 80 17 Station.
3005 2353 39 17 The
3053 2359 42 12 men
3107 2355 75 17 refused
3192 2356 29 16 lSs

2787 2380 33 17 per
2829 2375 85 17 hundred
2923 2375 38 17 and
2975 2376 70 20 struck,
3060 2377 35 17 but
3111 2378 110 16 afterwards

2787 2398 89 22 accepted
2885 2399 32 17 the
2925 2399 51 16 offer.
3002 2399 46 17 This
3062 2400 16 17 is
3092 2400 57 17 taken
3163 2407 21 11 as
3198 2407 23 11 an

2787 2421 103 17 indication
2899 2422 41 16 that
2950 2421 53 18 there
3012 2422 38 18 will
3059 2422 22 18 be
3090 2422 49 19 little
3148 2424 73 17 trouble

2787 2444 46 17 with,
2843 2445 32 17 the
2884 2443 62 19 Union
2956 2445 38 17 this
3000 2451 50 16 year.

2811 2467 117 21 Melbourne,
2946 2468 47 22 July
3010 2469 77 17 30.—1n
3111 2471 109 16 connection

2787 2490 47 17 with
2843 2492 82 16 customs
2933 2492 101 17 drawback
3043 2492 64 17 frauds
3120 2493 101 18 Rosenfeld

2787 2520 38 11 was
2834 2514 100 18 sentenced
2942 2516 21 16 to
2970 2515 46 17 nine
3024 2516 82 17 months'
3121 2517 88 22 imprison-

2787 2539 53 15 ment
2848 2537 37 17 and
2894 2537 50 17 fined
2953 2537 60 25 £600;
3027 2539 58 17 Davis
3097 2539 38 17 and
3152 2540 58 22 Benja-

2787 2560 39 17 min
2835 2561 29 16 six
2873 2561 76 17 months
2958 2561 37 17 and
3005 2560 49 19 £SOO
3063 2563 44 16 each
3114 2560 4 25 ;
3134 2563 87 22 Stanway

2787 2583 29 17 six
2825 2584 77 17 months
2911 2584 36 17 and
2957 2584 55 17 £SOO,
3026 2585 38 16 The
3073 2586 50 16 chief
3129 2586 92 22 prisoners

2787 2612 32 11 arc
2827 2607 43 17 well
2876 2606 69 18 known
2962 2607 38 17 and
3013 2608 115 18 maintained
3144 2615 12 11 a
3172 2609 49 23 good

2787 2629 83 23 position
2879 2630 20 17 in
2907 2631 81 21 Society.

2810 2652 97 22 Adelaide,
2928 2653 47 23 July
2991 2655 28 16 30.
3021 2654 54 18 —On
3100 2657 81 16 account
3203 2655 18 18 of

2787 2676 84 17 Premier
2880 2676 96 23 Kingston
2991 2678 92 22 referring
3095 2679 126 21 sarcastically

2787 2700 20 16 to
2816 2699 32 17 Mr
2853 2699 70 22 Sparks
2933 2700 20 17 of
2961 2700 33 17 the
3003 2700 59 18 South
3071 2701 110 18 Australian
3189 2702 32 18 Cd

2787 2722 37 17 and
2833 2723 29 16 his
2871 2723 107 22 opposition
2988 2725 19 15 to
3015 2723 33 17 the
3061 2723 53 18 State
3131 2725 90 17 advances

2787 2746 20 15 to
2817 2745 85 18 Settler's
2911 2744 43 23 Bill,
2964 2746 32 17 the
3010 2746 56 18 latter
3080 2748 94 17 assaulted
3191 2749 30 16 the

2787 2768 84 18 Premier
2880 2769 19 17 in
2908 2769 32 17 the
2949 2771 54 16 street
3015 2770 99 23 yesterday
3123 2772 25 21 by
3165 2772 47 16 strik-

2787 2791 34 23 ing
2841 2792 40 16 him
2898 2791 46 18 with
2961 2799 11 10 a
2989 2793 56 22 Whip.
3078 2791 39 20 The
3141 2794 80 17 Premier

2787 2815 80 17 wrested
2877 2815 32 18 the
2918 2812 51 26 whip
2979 2816 47 17 from
3036 2816 70 22 Sparks
3114 2817 38 17 and
3161 2819 33 21 got
3203 2818 18 16 in

2787 2838 71 17 several
2876 2838 59 17 blows
2955 2839 81 17 himself.
3069 2840 39 17 The
3125 2841 96 16 Premier's

2787 2866 32 11 ear
2827 2866 39 12 was
2879 2863 37 18 cut,
2935 2862 36 17 but
2987 2862 70 22 Sparks
3074 2863 95 22 evidently
3186 2863 35 17 had

2787 2883 32 18 the
2827 2886 60 15 worst
2895 2885 21 17 of
2923 2885 21 17 it.
2989 2885 38 17 The
3037 2886 83 17 Premier
3128 2887 39 17 will
3179 2887 42 16 take

2786 2912 25 11 no
2820 2907 63 17 action
2892 2914 21 11 as
2921 2908 24 17 ho
2953 2908 15 17 is
2978 2909 82 17 satisfied
3073 2909 45 17 with
3134 2910 52 17 what
3200 2910 21 17 he

2786 2934 48 17 gave
2844 2930 76 22 Sparks.

2880 2987 235 34 TELEGRAPHIC.

2809 3052 124 24 Wellington,
2940 3053 173 25 Wednesday.—ln
3119 3056 33 17 the
3159 3057 49 17 Coun-

2786 3075 23 17 cil
2819 3075 32 18 Mr
2859 3076 122 23 McGregor's
2990 3078 71 17 motion
3076 3076 77 21 relative
3162 3081 19 16 to
3190 3081 30 16 the

2786 3099 93 17 abolition
2887 3100 21 16 of
2916 3099 65 19 Grand
2989 3100 63 18 Juries
3062 3101 34 18 has
3110 3102 47 17 been
3166 3102 44 19 with-

2786 3121 66 18 drawn
2860 3121 27 23 by
2896 3124 83 16 coiisrnti

2809 3145 38 16 The
2864 3145 91 18 Criminal
2976 3146 50 18 Codo
3044 3148 36 17 Act
3096 3148 124 18 Amendment

2786 3167 36 17 Bill
2833 3174 38 11 was
2879 3169 36 26 put
2924 3168 83 24 through
3017 3170 24 17 its
3051 3170 45 18 iinal
3105 3173 69 21 stages.

2809 3191 39 17 The
2857 3191 96 23 Adoption
2962 3193 21 16 of
2997 3192 89 19 Children
3102 3192 38 20 Bill
3156 3192 64 25 passed

2786 3213 85 24 through
2879 3215 113 18 Committee
3001 3216 82 18 without
3091 3215 106 21 alteration.

2809 3237 56 17 After
2873 3238 67 17 debate
2946 3239 28 16 Dr
2983 3239 81 18 Pollen's
3071 3240 68 18 hostile
3144 3241 64 18 amend-

2786 3262 52 15 ment
2846 3262 20 16 to
2875 3261 33 17 the
2914 3262 69 17 second
2998 3262 79 23 reading
3089 3264 21 16 of
3126 3264 32 17 the
3167 3264 20 18 C.
3197 3265 23 16 D.

2786 3283 23 17 A.
2818 3283 71 23 Repeal
2898 3285 37 16 Bill
2943 3290 40 12 was
2999 3285 69 17 cassied
3085 3286 38 18 and
3140 3286 33 18 the
3188 3288 32 16 bill

2786 3312 39 11 was
2833 3307 44 17 thus
2886 3307 74 17 thrown
2969 3308 40 17 out.

2810 3330 23 16 In
2842 3330 33 17 the
2882 3330 61 17 Looer
2952 3330 64 17 House
3030 3331 32 17 Mr
3071 3330 76 19 Seddon
3155 3339 30 12 mo
3189 3333 31 17 red

2785 3352 44 18 that
2837 3353 33 17 the
2878 3353 129 17 amendments
3016 3354 54 18 made
3081 3355 26 22 by
3115 3354 33 19 the
3157 3356 51 18 Cnun-

2786 3375 24 17 cil
2818 3376 20 17 in
2848 3376 32 17 the
2889 3377 89 17 Criminal
2987 3377 50 17 Code
3050 3378 37 17 Act
3095 3379 125 18 Amendment

2786 3398 38 17 Bill
2832 3399 23 17 be
2864 3399 97 22 disagreed
2970 3400 53 20 with,
3032 3401 38 17 and
3084 3402 42 17 that
3142 3408 11 11 a
3170 3408 38 12 com-

2786 3422 66 17 mittee
2860 3422 104 23 consisting
2978 3423 21 17 of
3014 3424 70 17 Messrs
3101 3425 61 21 Stout,
3180 3426 40 17 Bell

2786 3445 38 17 and
2832 3445 33 17 the
2874 3450 64 12 mover
2945 3446 23 17 be
2977 3446 103 23 appointed
3088 3449 20 16 to
3126 3448 52 18 draw
3195 3454 25 17 up

2786 3474 82 11 reasons.
2893 3467 44 18 This
2945 3474 40 13 was
2993 3470 68 22 agreed
3069 3472 26 16 to.
3105 3473 5 4 '

2810 3491 28 17 Dr
2847 3492 114 21 Macgregor
2969 3492 34 17 lias
3017 3493 47 17 been
3080 3494 105 17 instructed
3201 3495 19 17 to

2786 3514 72 22 inspect
2866 3512 70 20 Mount
2945 3515 52 18 Cook
3006 3516 43 22 gaol
3058 3517 47 17 with
3121 3518 32 17 the
3174 3518 46 17 view

2786 3538 20 16 to
2814 3537 25 17 its
2847 3537 59 22 being
2913 3538 77 18 utilised
2998 3544 21 12 as
3025 3545 12 11 a
3053 3537 71 21 lunatic
3140 3541 79 22 asylum,

2786 3560 64 22 owing
2858 3561 20 16 to
2887 3561 32 16 the
2927 3561 64 18 others
2999 3560 58 25 being
3073 3564 147 17 over-crowded.

2809 3583 105 22 Auckland,
2922 3584 186 23 Wednesday.—She
3122 3587 98 21 rctnming

2786 3605 51 17 fficer
2845 3606 34 17 has
2887 3607 75 17 handed
2971 3608 33 17 the
3013 3614 41 12 ease
3070 3609 20 17 of
3104 3610 105 19 impersona-

2786 3628 40 17 tion
2835 3634 45 13 over
2888 3631 20 17 to
2916 3631 33 16 the
2958 3631 68 17 Crown
3032 3631 112 18 Prosecutor
3152 3634 20 16 to
3178 3633 42 17 take

2785 3652 129 23 proceedings.
2939 3652 40 19 The
2987 3655 69 16 matter
3070 3654 33 19 has
3118 3656 40 17 also
3174 3657 46 16 been

2786 3674 66 22 placed
2860 3676 20 17 in
2889 3676 32 17 the
2929 3676 61 18 hands
2997 3678 22 16 of
3026 3678 33 16 the
3072 3678 66 22 police.

2809 3698 96 22 Dunedin,
2914 3700 156 22 Tuesday.—The
3079 3701 84 18 heaviest
3169 3707 51 12 snow

2786 3720 34 18 fall
2829 3722 30 17 for
2864 3728 53 16 years
2924 3728 38 11 was
2968 3723 122 22 experienced
3096 3725 44 17 here
3145 3725 74 22 to-day.

2786 3743 39 18 The
2834 3746 49 16 train
2892 3746 60 16 traffic
2960 3752 39 11 was
3015 3747 105 21 suspended
3134 3748 30 17 till
3177 3748 43 18 nine

2786 3765 78 20 o'clock.
2889 3768 51 18 Four
2948 3768 63 18 inches
3020 3769 37 17 had
3074 3767 59 20 fallen
3149 3777 26 16 up
3192 3771 28 17 till

2786 3790 84 23 midday.

1241 33 60 26 THE
1329 36 57 23 HOT
1411 35 95 23 LAKES
1534 33 40 23 OH
1584 35 137 26 HONICLE,
1749 35 192 24 WEDNESDAY,
1970 33 76 24 JULY
2074 35 31 27 Si,
2123 39 49 19 ISOS

77 207 70 24 [UJON
161 207 140 21 BTJBAMsfiff
317 203 115 24 L'OMJ'AKV
452 205 30 18 OF

77 225 1 24 1
129 228 56 21 NBW
199 228 116 21 Z&AbANI?
324 229 81 18 Limited,

112 268 123 17 I'AOJWaiHP
248 266 168 17 PEVAKiUKKa.

183 300 47 15 ton
243 298 100 17 &ydnisx.

46 336 98 14 TA.l4aWk2*

46 353 109 19 MAKAK.Vfct

206 334 59 20 bttcUj
320 333 54 21 3>h

218 351 76 20 M'JhdiV
319 354 39 15 lß'h
367 357 41 14 Aujf
417 353 9 17 5
438 358 41 15 p.nv

124 390 47 15 t'UK
183 388 130 25 SUU'I'MJiKJj
325 390 74 14 IUKIS

51 426 5 13 J
62 427 82 13 awaits*,
151 430 51 14 every
211 424 77 21 Hooday

165 451 50 15 every
224 444 92 18 ThiiiMUiiv

47 466 52 22 ftlOA,
110 467 75 23 Friday,
197 463 36 22 Shd
245 463 76 23 Arttfulft

63 492 106 19 rsTttALiA,
179 490 124 23 Wednesday,
314 487 32 21 Tt'i
358 487 75 26 August

109 532 80 16 Reduced
199 536 45 13 lares
251 539 29 10 aie
289 540 38 9 now
337 535 15 14 in
362 533 53 17 forci>.

47 554 91 16 Auckland
145 554 67 16 Branch
265 555 34 15 Pali

47 703 160 47 HUttDAfcT,
233 704 111 25 parki4h,
367 705 53 21 AND
442 706 37 20 CO,

208 732 109 23 (limited),

122 776 59 21 NEW
195 778 85 19 STEAM
292 776 110 21 SERVICE

47 809 127 31 Bringing
184 811 61 23 Low
254 811 80 24 Fares
343 812 57 21 into
411 811 68 22 foree

68 856 96 26 Splendid,
174 856 163 28 Well-appointed
343 858 93 21 Steamers
442 860 37 17 will

46 882 21 17 lie
77 882 113 23 despatched
199 884 49 17 from
257 885 119 18 Auckland,
387 889 20 11 as
422 884 57 16 under

45 905 90 23 (weather
150 906 38 17 and
207 906 54 19 other
278 907 143 17 circumstances
437 912 42 17 per«

45 928 120 23 taitting):—

45 951 40 18 Fob
92 952 136 22 GHSBOBNE,
235 953 104 19 NAPIER,
348 951 115 19 WELLING-

66 975 57 20 TON,
136 976 156 20 LYTTELTON,
303 977 15 16 &
327 974 128 22 DtTNEDIX,

45 998 106 17 Tasmania
157 1012 36 3 ....
199 1000 103 19 Tuesday,
312 1000 50 21 Aug.
372 1002 17 16 <>,
400 1004 55 12 noon.

45 1016 101 23 Akgxiazti
156 1016 13 29 ..
179 1021 110 23 .Tuesday,
300 1018 51 27 Augt
361 1023 29 21 20,
402 1023 18 15 11
435 1028 44 11 a.nn

171 1066 51 18 FOR
237 1066 112 21 SYDNEY,

90 1087 114 26 (Returning
217 1093 20 15 to
245 1091 100 18 Auckland
354 1087 78 27 Direct.)

45 1111 92 25 Carrying
157 1113 113 25 Passengers
292 1115 29 16 for
343 1115 135 18 Meliioiiuxe,

56 1136 55 17 other
115 1136 131 19 AtrSTEAMAN
254 1138 71 19 Pouts,
332 1137 39 18 and
374 1137 33 18 Ho
409 1141 57 18 mart,

45 1163 94 18 AkoltaK
210 1164 102 21 TtKSDAY,
323 1164 49 22 Aug.
386 1167 17 17 (i,
416 1165 10 17 8
431 1170 46 17 p.m.

45 1187 106 17 Tasmania
223 1188 97 20 Monday,
326 1189 50 21 Aug.
388 1189 26 18 10,
422 1190 9 14 4
439 1193 40 16 p.m

66 1214 80 23 Freight
154 1214 37 17 and
200 1215 92 23 Passages
305 1217 20 15 at
338 1219 80 13 Lowest
430 1218 36 15 CDB-

45 1240 52 14 KE.NT
110 1242 68 12 RATES,

66 1260 73 18 Return
148 1260 73 19 Tickets
228 1258 92 21 available
327 1262 29 17 for
362 1261 28 18 six
396 1261 81 17 months.

143 1289 21 17 L.
179 1289 23 18 D,
212 1290 108 17 NATHAN
334 1291 14 17 &
362 1290 45 20 CO,,

374 1313 79 22 Agents.

75 1377 226 45 Visitors'
326 1378 118 45 List.

45 1498 45 17 Miss
100 1496 74 24 Phelps,
184 1498 117 23 Wellington

44 1521 47 17 Miss
104 1520 25 18 H.
143 1521 66 20 Piezzi,
224 1522 117 22 Grcyinouth

90 1544 72 22 Harris,
179 1545 76 22 Sydney

43 1567 40 17 Mrs
92 1567 72 21 Harris,
175 1574 45 14 .sen.,
237 1567 77 24 Sydney

90 1590 78 22 Barron,
181 1588 125 26 InVercargiU

90 1613 65 24 Barry,
165 1613 117 24 Wellington

42 1637 32 16 Mr
82 1637 37 17 and
127 1637 40 17 Mrs
176 1638 77 20 Turner,
263 1635 91 25 England

77 1660 20 17 C.
111 1660 29 19 W.
154 1660 89 18 Caldwell
257 1661 37 16 and
307 1665 38 15 son,
361 1658 37 25 Fiji

78 1683 21 17 C.
108 1684 22 17 A.
140 1683 62 23 Wray,
214 1684 76 17 Tiruaru

78 1706 73 19 Harris,
160 1706 44 23 jnr.,
218 1707 74 22 Sydney

78 1729 75 23 Phelps,
165 1729 113 24 Wellitgton

41 1752 73 17 Master
122 1751 62 23 Ward,
200 1751 123 25 InVercargiU

45 1776 25 16 Dr
79 1774 60 25 Barry
148 1775 20 18 T.
180 1776 79 21 Russell,
271 1775 75 24 Sydney

44 1799 81 22 Caplain
134 1799 20 17 C.
164 1799 22 17 A.
196 1800 63 22 Wray,
271 1800 74 17 Hiraaru

43 1822 43 17 Hev.
97 1821 18 18 J.
125 1823 47 19 Hill,
182 1822 112 24 Devonport

153 1867 54 24 The
219 1868 141 30 Langham.

41 1904 30 17 Mr
81 1903 21 17 F.
113 1902 25 19 H.
149 1902 89 23 O'Kcefe,
249 1903 76 24 Sydney

78 1927 86 21 Boekctt,
175 1927 77 23 Opotiki

76 1950 29 18 W.
116 1950 99 21 Bcrtiund,
225 1948 100 20 Auckland

78 1973 22 18 B.
110 1974 77 20 Martin,
200 1974 94 17 Mamuku

77 1997 19 16 J.
107 1997 52 19 Ross,
169 1997 97 17 AVaiwuka

76 2020 80 19 Flower,
165 2020 101 20 Tauranjra

79 2043 72 20 Driver,
163 2041 80 19 Thames

78 2065 103 21 Robinson,
190 2065 101 19 Auckland

151 2114 120 22 Rotoma
285 2113 85 24 Hotel.

42 2145 33 20 Mr
82 2147 97 22 Edwards,
189 2147 53 18 Wall
246 2149 32 16 ato

76 2171 28 17 M.
113 2170 86 22 Nienian,
209 2171 102 23 Taurangu,

77 2194 57 21 Giles,
143 2192 99 20 Auckland

75 2218 71 21 Butler,
162 2218 78 17 Galatea

76 2241 108 23 Cavanagh,
193 2239 87 19 Waikato

75 2263 29 19 Wi
114 2265 56 21 Gray,
182 2261 100 20 Auckland

75 2288 22 16 R.
107 2288 89 17 Mcßridc
203 2286 100 19 Auckland

75 2310 22 18 L.
108 2311 75 20 Cusscn,
193 2310 101 18 Hamilton

76 2334 66 20 Quick,
226 2347 12 8 „

76 2357 72 18 Turner
229 2370 11 8 ~

75 2380 99 20 Morrison,
184 2380 25 17 To
218 2380 53 17 Puke

75 2403 68 21 Evans,
153 2403 100 17 Auckland

75 2427 22 16 A.
108 2426 50 21 Bird,
169 2427 71 17 Tetukc

75 2449 123 21 Hursthouse,
210 2449 94 18 Taranaki

74 2473 25 16 H.
109 2472 71 20 Wallis,
190 2473 100 17 Auckland

177 2523 160 25 ROTORUA.

61 2701 49 23 (One
117 2702 87 17 minute's
214 2702 49 17 walk
273 2702 49 17 from
329 2702 32 17 the
367 2702 72 17 Govern-

190 2726 53 16 ment
251 2724 76 24 Baths.)

159 2792 190 26 TeR7VVS:

66 2832 46 23 35b
120 2839 45 22 per
183 2832 89 28 week;
291 2832 29 23 6s
335 2839 46 23 per
390 2832 56 30 day.

68 2865 61 24 Two
139 2865 89 24 weeks
238 2873 28 17 or
275 2867 99 28 longer,
393 2863 53 27 30s.

77 2933 28 31 C.
137 2930 135 34 HAWKER
300 2932 140 38 WILSON,

163 2978 188 22 PROPRIETOR.

44 3030 239 49 KUSABS
316 3033 156 46 BROS

147 3098 219 33 MAMAKU

39 3137 74 41 SAW
129 3137 24 40 &
179 3137 154 41 PLANING
355 3137 117 41 MILLS,

40 3203 272 29 TUJIOUNTfcnjNL
334 3207 140 25 RI2VCU,

196 3241 42 13 THE
251 3241 54 13 OXLY

39 3265 134 20 GENUINE
186 3265 60 20 DRY
261 3265 81 20 LAND
359 3265 112 20 TIMBER

145 3293 29 20 IN
186 3295 53 17 THE
253 3295 116 18 MARKET.

69 3341 99 25 /TESSRS
188 3341 101 19 KUSABS
306 3340 71 19 BROS,
392 3340 36 23 beg
445 3347 29 12 re-

40 3359 51 25 JLtJL
117 3365 100 22 sjiectfully
223 3366 21 16 to
252 3365 70 17 inform
331 3365 33 17 the
376 3365 67 17 Public
455 3365 20 17 of

40 3388 77 15 Kotorua
125 3387 34 16 and
167 3387 76 21 vicinity
251 3389 40 15 that
299 3388 41 20 they
355 3387 45 16 have
414 3390 49 13 estab-

40 3409 54 15 lished
103 3414 10 10 a
122 3408 43 21 yard
173 3408 18 16 in
204 3408 127 20 Hinemoa-st.,
341 3409 34 15 and
392 3413 30 11 can
436 3413 39 11 now

39 3431 64 19 supply
110 3430 29 16 the
147 3430 52 15 finest
207 3430 44 15 class
266 3431 18 15 of
298 3429 85 21 Building
395 3428 80 17 Material

40 3452 17 14 In
66 3451 28 16 the
103 3451 74 16 Market.
193 3451 19 16 It
219 3452 14 15 is
242 3452 103 20 unequalled
354 3452 17 14 in
380 3450 95 21 durability

41 3472 34 15 und
83 3472 103 21 impervious
195 3474 17 14 to
221 3472 29 16 the
259 3473 68 15 attackß
343 3472 19 16 of
376 3472 50 16 borer
440 3472 35 15 and

40 3493 32 20 dry
84 3496 31 13 rot.
138 3492 53 17 Their
199 3493 83 17 Rawmills
290 3499 29 10 are
327 3493 50 16 fitted
387 3493 42 16 with
444 3492 30 15 the

42 3516 45 14 most
94 3514 70 16 modern
173 3514 98 21 appliances
280 3515 34 16 and
323 3514 29 16 the
360 3514 39 16 firm
411 3514 14 16 is
438 3513 38 16 able

42 3539 19 12 to
77 3535 62 20 supply
154 3540 34 15 any
203 3536 83 20 quantity
301 3536 18 16 of
333 3535 40 21 Dry
392 3535 84 19 Building

43 3556 82 16 Material
133 3561 21 10 on
162 3556 30 16 the
200 3558 76 15 shortest
282 3557 63 16 notice.

43 3598 140 30 Skirtings,
192 3596 179 31 Architraves,
377 3598 82 24 Mould-

77 3629 68 30 ings,
157 3629 52 23 and
219 3625 112 26 Dressed
340 3627 102 25 Timber

97 3676 6 9 t
111 3660 28 23 of
147 3666 81 24 every
243 3659 165 29 description,

136 3690 110 30 Always
257 3697 34 16 on
300 3688 84 24 Hand.

72 3724 118 23 HENAU
200 3723 109 24 HOUSE
321 3720 128 26 SLOCKS.

64 3772 49 16 Price
122 3772 45 15 Lints
175 3777 22 10 on
205 3772 104 21 application
319 3772 19 14 to

45 3802 224 32 KUSABS
305 3796 171 40 BEOS.,

117 3843 117 19 MAMAKU
246 3849 27 13 or
285 3841 115 20 OHAUPO.

172 3872 26 18 Or
207 3874 20 16 at
235 3873 33 17 the
279 3872 69 20 Yards,

67 3899 125 19 HINEMOA
204 3900 102 20 STREET,
326 3897 128 19 ROTORUA.

176 3944 162 19 NOTICE.

40 3991 84 43 ANY
129 3991 101 17 PERSON
237 3991 61 17 found
306 3989 117 23 trespassing
431 3989 46 18 with

110 4014 39 22 dog
157 4019 21 12 or
186 4020 40 16 gun
235 4020 25 11 on
271 4020 38 13 any
322 4014 76 22 portion
411 4013 21 17 of
445 4012 32 17 the

40 4038 48 17 N.Z.
109 4037 81 17 Thames
205 4037 68 22 Valley
293 4036 55 18 Land
365 4036 112 22 Company's

41 4062 68 17 E-state
117 4060 40 17 will
166 4060 22 16 be
197 4060 117 22 prosecuted.

178 4083 76 17 MARK
268 4081 139 21 HARRISON,

355 4105 98 20 Manager.

536 105 50 54 C.
613 105 56 54 T.
701 102 209 64 WREN,

506 172 57 43 MT,
593 171 136 44 HOBSON
769 169 169 49 NURSERY,

529 227 172 25 BEMUJSBA,
724 223 187 28 AUCKLAND.

609 261 62 22 [bOXO
679 259 153 25 IESI'AUt-tsHKD.j

504 287 204 50 SUPPLIES
719 290 104 20 advanced
833 288 59 21 Fruit
899 287 40 21 and

563 316 134 20 Ornamental
711 314 68 22 Trees.

530 347 77 20 Native
618 345 72 22 Plants
701 348 40 18 and
751 344 69 25 Ferns,
838 342 101 29 prepared

503 373 31 20 for
546 374 88 25 Bending
643 376 21 16 to
676 372 27 20 ail
715 376 55 22 parts
790 378 21 12 or
826 371 34 19 the
877 368 62 22 ttorld

503 400 48 19 with
784 397 35 19 the
826 397 112 19 handsome

503 426 76 25 species
589 427 21 18 of
620 422 125 22 Tree-Ferns
755 423 22 19 of
786 423 56 19 these
850 418 88 27 Islands,

503 453 40 18 and
552 450 29 21 all
591 452 58 18 other
661 451 58 19 items
733 449 94 25 required
836 446 27 28 by
880 449 50 19 culti-

503 482 73 15 vators.

529 504 86 19 Current
636 499 84 22 circular
741 498 114 22 forwarded
872 507 25 12 on
908 505 20 14 re-

503 530 52 24 ceipt
565 530 22 18 of
600 529 89 19 addresa.

534 580 49 47 C.
617 562 290 72 T.^WREN,

658 908 56 22 ASK
730 908 55 21 FOR

506 958 431 50 HANCOCKS'

626 1032 185 22 CELEBRATED

683 1084 86 33 xxxx

614 1142 211 53 ALES,

634 1210 58 14 MADE
701 1210 55 13 TltOM
765 1209 42 14 TIIK

508 1245 116 34 FINEST
649 1244 89 34 MALT
759 1244 64 33 AND
840 1243 96 40 HOPS,

543 1341 53 14 ttIEE
609 1340 55 15 1-ROM
677 1340 39 14 ALL
729 1339 129 15 ANTISEPTICS
870 1339 25 14 OH

607 1377 141 15 DELETEKIOt'S
766 1376 65 15 ACIDS.

506 1440 140 33 CAPTAIN
668 1439 83 33 COOK
769 1437 167 41 BREWERY,

604 1489 194 21 NEWMARKET.

529 1543 177 26 WYNYARD
720 1543 191 31 &PTJRCHAS,

562 1581 132 19 Baiuusters
701 1583 43 16 and
755 1579 124 25 Solicitous,

501 1610 86 26 Temple
595 1609 120 25 Chambers,
723 1608 58 28 High
789 1611 29 23 St,
826 1610 109 21 Auckland

595 1669 52 19 have
658 1675 73 18 money
740 1672 20 15 to
771 1668 47 19 lend
830 1675 25 12 on
874 1668 51 21 Mart-

517 1702 7 9 '
536 1702 6 10 '
590 1702 14 18 g
605 1702 11 12 n
619 1701 14 19 ?
634 1702 10 12 e
654 1696 22 17 °f
691 1694 100 20 Freehold
807 1694 41 20 and
864 1694 60 21 Lease-

499 1719 47 22 hold
558 1725 97 21 property
665 1723 21 17 at
696 1724 83 16 current
788 1724 61 16 rates.

557 1767 118 49 FOR
706 1769 167 47 SALE.

501 1850 433 46 TOTARAHOtJSEBLOOKS.Stmin.

566 1885 40 19 nrs,
619 1879 39 19 and
669 1878 137 20 Government
816 1879 40 18 size
870 1879 64 21 Posts,

500 1904 20 19 in
532 1912 40 17 any
585 1905 102 24 quantity,
698 1904 101 19 delivered
810 1907 20 16 to
840 1912 40 17 any
890 1909 44 21 part

499 1931 21 18 of
531 1931 36 19 the
581 1931 178 25 listrict.—Apply
772 1934 21 15 at
803 1930 34 20 the
849 1931 85 19 Auction

499 1955 54 21 Man

683 1990 19 20 J.
721 1990 27 20 11.
762 1990 120 21 TAYLOR.

499 2092 120 23 Genuine
630 2092 58 23 Sale
708 2092 28 23 of
750 2092 118 30 Drapery
884 2093 52 22 and

654 2117 128 30 Clothing.

524 2170 116 23 Balance
649 2170 28 23 of
684 2170 78 24 Stock
773 2171 27 22 to
810 2171 31 22 be
852 2170 56 24 sold

583 2196 148 29 regardless
748 2196 28 23 of
786 2197 62 23 cost.

498 2248 36 18 XO
539 2248 173 19 REASONABLE
717 2248 84 17 OFFER
809 2248 125 18 REFUSED.

529 2297 75 22 >ARE
623 2296 202 21 OPPORTUNITY
847 2297 33 20 for
901 2298 33 19 the

520 2321 25 23 A)
573 2324 74 19 Public
658 2326 21 17 to
685 2324 99 25 purchase
790 2324 54 18 their
852 2322 83 21 Winter

498 2350 68 19 Goods
573 2353 21 16 at
601 2350 39 19 less
647 2350 49 19 than
832 2350 75 19 Prices.

527 2401 50 46 S.
618 2400 287 56 HOWARD,

614 2459 93 20 COxMET
721 2459 94 20 STOKE.

587 2507 251 44 NOTICE.

499 2641 198 33 FRANKTON
723 2641 209 33 JUNCTION

664 2682 114 33 HOTEL.

529 2795 174 23 lASSENGERS
717 2795 28 24 by
761 2795 53 20 train
830 2797 20 17 to
866 2794 65 20 Auck.

689 2821 55 20 land.

496 2917 73 19 Trains
591 2919 45 23 stop
657 2919 76 23 twenty
751 2916 89 20 minutes
858 2918 22 18 at
899 2916 35 19 the

542 2943 108 19 Frankton
659 2943 97 19 Junction
766 2943 32 18 for
808 2942 78 19 dinner.

521 2969 44 19 The
589 2969 138 25 undersigned
755 2969 38 18 has
823 2968 111 19 first-class

496 2994 66 20 Meals
574 2995 63 25 ready
647 2995 41 19 and
698 2994 72 20 served
779 3000 25 13 on
819 2994 75 20 arrival
913 2995 21 18 of

496 3021 27 18 all
534 3022 71 18 trains.

497 3069 220 46 William
730 3069 201 55 Geateh,

553 3149 320 24 PROPRIETOR.

501 3197 149 24 Hancock's
659 3197 98 23 XXXX
763 3197 63 23 Ales
833 3197 101 30 always

630 3230 33 19 on
675 3223 128 29 Draught.

1116 149 31 14 arc
1160 144 87 24 required
1265 145 29 18 for
1310 139 73 25 bulletin

1027 168 51 23 Shop
1088 167 36 19 and
1133 168 102 24 Dwclliug.
1262 166 76 21 Labour
1345 168 51 22 only.

963 189 86 26 —Apply

1136 213 21 19 fl.
1172 212 18 20 S.
1205 213 122 23 COULETT,

1197 237 74 18 Fenton
1282 238 67 17 Street.

505 3278 71 36 W.
616 3271 59 43 R.
722 3271 50 43 W
789 3271 137 19 ALKEB

553 3325 82 20 STOCK
648 3326 16 18 &
677 3325 198 22 SHAREBROKEH,

592 3355 80 23 (Acting
680 3361 20 11 as
707 3356 65 21 Agent
779 3355 61 22 only,)

498 3389 61 16 LAND,
572 3387 77 14 ESTATE
661 3387 42 14 AND
721 3388 123 13 COMMISSION
861 3388 73 17 AGENT,

498 3416 36 17 No.
543 3417 29 19 81!,
583 3416 134 18 Queen-street
726 3414 80 23 (Arcade
819 3415 115 23 Buildings,)

657 3447 119 17 Auckland.

578 3686 92 21 OPENS
680 3686 49 20 HIS
739 3686 117 22 SALOON,

525 3739 79 19 NEXT
620 3739 76 20 DOOR
717 3738 36 20 TO
773 3737 136 21 SAMSON'S

501 3791 209 28 TO-MORROW,
746 3789 188 24 THURSDAY.

541 3893 89 20 Setting
642 3895 83 18 Kazoks
738 3900 13 13 a
769 3894 120 19 Specialty.

516 4006 404 39 H.W.MITCHELL,

602 4057 117 23 Slut{)ori&cu
729 4059 110 21 Suvbrpor,

649 4099 144 22 ROTORUJL

1872 3472 167 19 AUSTRALIA'S
2051 3470 134 20 NATIONAL

1944 3495 184 18 RESTORATIVE.

1873 3540 137 20 CLEMENTS
2019 3540 78 18 TONIC

1896 3564 136 20 RESTORES,
2042 3562 106 22 VIGOUR,
2160 3565 109 17 HEALTH

1967 3586 54 18 AND
2036 3585 123 20 VITALITY
2169 3588 33 17 OF
2211 3588 90 17 YOUTH

1873 3633 84 19 CURES

1943 3656 142 18 WEAKNESS

1994 3677 149 22 LASSITUDE.

2037 3701 133 22 DEBILITY,

2085 3723 178 23 INDIGESTION,

1874 3747 141 19 PROMPTLY
2032 3747 53 18 AND
2103 3746 198 20 PERMANENTLY.

974 4193 110 40 Ask
1110 4196 71 39 for
1206 4194 267 45 Hancock's
1501 4200 285 43 Celebrated
1811 4202 189 42 XXXX
2024 4205 113 39 Ales
2171 4203 96 41 and
2293 4204 146 40 Stout,

2889 3837 20 17 in
2917 3838 72 23 receipt
2996 3845 20 10 01
3113 3841 38 17 and
3160 3836 3 26 j

2787 3859 32 17 the
2832 3861 88 21 monthly
2933 3861 65 17 record
3011 3862 21 17 of
3044 3859 37 21 the'
3091 3869 63 12 rescue
3168 3868 51 14 work

2787 3883 87 23 engaged
2893 3883 20 17 in
2933 3883 26 23 by
2975 3885 29 16 Dr
3019 3881 96 23 Bernardo
3135 3887 38 18 and
3191 3888 28 17 his

2787 3911 101 12 numerous
2895 3904 115 21 lieutenants
3021 3908 20 17 in
3055 3907 97 24 England.
3182 3912 38 16 The

2787 3934 58 17 pages
2853 3934 32 12 are
2894 3930 36 16 full
2935 3930 20 17 of
2961 3931 73 21 piteous
3043 3931 78 18 interest
3135 3934 37 16 ;ind
3187 3934 24 21 d«r-

2787 3953 104 16 monstrato
2907 3958 45 17 very
2966 3954 68 21 clearly
3043 3954 32 17 the
3088 3956 54 17 truth
3156 3957 20 17 of
3188 3958 32 16 the

2787 3975 106 22 expression
2911 3975 43 18 that
3036 3977 41 17 half
3086 3979 20 16 of
3114 3979 33 17 the
3161 3981 59 17 world

2787 3997 66 18 knows
2860 4000 35 15 not
2902 3998 43 17 how
2952 4000 33 16 the
2992 4000 54 17 other
3054 4000 41 18 half
3204 4001 16 20 A

2787 4019 108 24 falling-oft'
2912 4022 20 16 in
2953 4022 32 17 the
2998 4023 137 19 contributions
3152 4027 20 16 to
3188 4027 32 17 the

2787 4044 75 17 various
2883 4045 70 20 homes,
2977 4045 60 17 which
3053 4046 49 18 have
3121 4048 48 18 been
3189 4050 33 17 the

2787 4073 65 11 means
2860 4068 21 16 of
2889 4068 87 22 rescuing
2987 4067 104 21 thousands
3104 4072 21 16 of
3137 4072 84 18 children

2788 4090 49 17 from
2857 4090 40 18 vice
2916 4090 38 18 and
2975 4091 129 22 degradation,
3126 4095 65 16 makes
3211 4100 12 11 n

2788 4111 68 24 special
2865 4113 66 22 appeal
2941 4114 29 16 for
2979 4114 57 18 funds
3044 4121 75 13 nccessa

2354 4024 70 16 Messrs
2432 4023 48 17 Karl
2488 4023 54 17 Bros,
2557 4022 38 17 and
2610 4019 92 20 WilliaiM
2718 4020 48 17 have

2331 4048 21 15 at
2361 4048 76 20 present
2449 4047 20 17 in
2475 4046 51 17 their
2541 4045 57 23 yards
2615 4051 12 12 a
2641 4043 89 23 quantity
2746 4044 20 17 of

2331 4070 89 22 roangiao
2441 4069 38 17 and
2498 4066 127 25 honeysuckle
2641 4064 80 20 suitable
2737 4066 29 18 for

2331 4089 160 21 cabinet'tvmkers
2500 4092 37 17 and
2546 4087 156 22 coaeh-huihlers.
2731 4089 23 17 In-

2332 4115 85 23 spection
2425 4115 16 17 is
2449 4115 99 17 invited/*
