3216 4285
146 83 210 24 TUBERCULOSIS.

77 140 75 23 "Don't
162 138 57 21 driDk
228 143 39 14 raw
280 136 55 24 milk,
345 136 39 19 and
394 136 25 20 be
428 142 44 14 sure

47 169 45 21 that
124 171 49 21 your
207 164 55 20 meat
297 163 16 19 is
353 162 119 24 sufficiently

157 194 17 17 is
190 189 116 27 practically
322 187 35 20 the
371 187 65 20 wholo
452 187 20 19 of

47 222 33 20 the
89 218 68 21 advice
174 218 46 19 that
235 216 17 19 is
265 215 57 26 givon
338 215 21 18 to
374 213 35 20 tho
426 220 35 13 con-

47 253 66 14 sumer
134 244 27 26 by
183 244 35 19 the
246 241 64 26 Royal
339 239 133 20 Commission

46 271 88 26 recently
156 269 110 27 appointed
336 265 35 20 the
393 265 78 20 British

45 300 70 20 House
135 296 22 20 of
185 296 111 21 Commons,
320 295 20 17 to
363 291 58 20 make
441 291 20 20 in-

46 325 73 27 quiries
129 323 63 20 about
208 318 138 24 tuberculosis,
357 317 40 20 and
407 317 63 20 which

45 352 35 20 has
87 350 44 27 just
144 349 89 26 brought
243 354 27 18 up
284 346 27 20 its
327 345 75 25 report.

45 385 33 13 are
87 376 96 21 indebted
192 377 22 18 to
228 373 33 21 tho
269 371 76 26 Napier
357 370 113 26 Telegraph

44 404 31 20 for
101 410 27 13 an
150 403 80 19 extract
252 399 49 19 from
322 397 44 20 that
388 399 76 22 report,

44 430 63 21 which
122 436 29 13 we
158 428 60 20 think
226 425 78 24 worthy
323 423 21 20 of
353 425 117 23 prominent

45 456 148 27 reproduction,
203 454 20 18 in
233 458 35 14 our
279 450 94 22 columns,
392 449 33 20 for
435 449 35 20 the

44 483 73 20 benefit
139 481 22 21 of
183 486 36 14 our
233 477 85 21 readers.
345 475 41 20 The
403 475 65 26 Eoyal

45 508 161 22 Commissioners
360 501 51 20 have
437 501 21 20 ob-

45 535 67 21 tained
122 533 64 26 ample
195 531 92 20 evidence
306 528 44 20 that
369 528 45 19 food
435 528 22 19 de-

45 561 55 21 rived
109 561 53 19 from
180 556 138 22 tuberculosed
336 554 85 20 animals
430 561 36 23 cap

45 588 86 26 produce
140 582 131 24 tuberculosis
294 580 115 24 in.healthy
425 580 31 19 ani-

44 615 56 19 mals.
127 613 40 19 The
177 609 115 26 proportion
299 607 21 20 of
329 603 84 23 animals
420 612 35 13 con-

44 640 86 25 tracting
157 634 130 23 tuborculosis
310 632 53 21 after
391 632 65 26 experi-

44 665 74 21 mental
127 671 34 13 use
170 662 21 21 of
201 661 48 21 such
257 660 47 20 food
313 660 16 19 is
339 658 97 21 different
446 658 19 19 in

43 700 37 14 one
89 691 38 21 and
136 690 82 20 another
232 687 50 20 class
292 686 21 19 of
322 685 89 22 animals;
417 684 49 21 both

45 718 98 21 carnivora
152 716 40 19 and
203 713 105 20 herbivora
325 719 34 13 are
368 711 87 26 suscepti-

44 745 36 24 ble,
91 744 36 20 and
135 742 34 20 the
176 740 117 26 proportion
301 738 16 21 is
327 738 46 26 high
384 738 22 19 in
414 739 51 24 pigs.

42 771 24 20 In
77 771 33 20 the
119 769 83 20 absence
216 766 21 20 of
252 766 63 19 direct
331 764 135 26 experiments

42 804 24 14 on
76 796 71 20 human
157 794 94 26 subjects,
261 798 28 13 we
303 791 52 20 iafer
365 791 45 19 that
420 797 45 13 man

41 824 39 19 also
88 829 36 15 can
134 820 80 26 acquire
227 818 132 20 tuberculosis
374 817 28 26 by
411 817 44 19 feed-

40 850 35 25 ing
82 855 52 19 upon
145 845 98 21 materials
249 844 79 21 derived
336 843 52 19 from
395 843 57 20 tuber-

40 876 68 21 culous
137 871 147 22 food-animals.
328 869 41 20 The
398 869 66 20 actual

40 902 87 20 amount,
134 900 21 19 of
169 897 129 22 tuberculous
307 897 76 19 disease
392 902 73 17 among

39 927 73 21 certain
122 926 72 20 classes
212 925 22 19 of
257 923 48 21 food
318 921 83 21 animals
411 921 17 19 is
443 928 20 12 so

39 955 53 25 large
101 959 21 14 as
136 954 22 18 to
179 951 65 20 afford
266 952 22 18 to
301 955 47 13 man
369 947 95 26 frequent

40 980 99 21 occasions
156 978 34 20 for
203 975 123 25 contracting
335 973 128 21 tuberculous

39 1006 74 21 disease
123 1003 88 26 through
220 1003 30 19 his
264 1001 53 21 food.
346 1001 27 19 As
387 1001 20 18 to
430 999 33 19 the

38 1032 115 27 proportion
176 1030 22 20 of
219 1027 133 21 tuberculosis
370 1025 91 27 acquired

37 1060 26 25 by
77 1065 45 13 man
140 1055 86 26 through
237 1055 29 19 his
282 1054 46 20 food
341 1060 22 13 or
372 1052 89 25 through

38 1085 57 20 other
108 1090 73 17 means,
197 1088 28 14 we
235 1088 37 14 can
285 1081 53 19 form
346 1086 25 13 no
381 1078 80 20 definite

38 1111 86 26 opinion,
143 1110 38 20 but
201 1114 29 14 we
249 1107 59 20 think
329 1106 17 19 it
365 1104 96 27 probable

37 1138 45 20 that
108 1144 26 12 an
161 1133 125 28 appreciable
312 1133 45 25 part
379 1131 21 20 of
428 1130 33 20 the

37 1163 133 21 tuberculosis
199 1161 45 19 that
273 1159 70 20 effects
370 1164 46 13 man
443 1156 17 20 is

35 1189 96 22 obtained
143 1186 88 26 through
244 1185 30 20 his
289 1185 50 20 food.
367 1183 40 20 The
422 1182 29 21 cir-

36 1218 125 18 cumstances
169 1213 38 20 and
213 1212 111 20 conditions
333 1209 48 21 with
389 1210 69 24 regard

37 1244 21 18 to
71 1242 34 20 the
119 1239 130 21 tuberculosis
259 1238 21 20 in
287 1238 32 19 the
329 1235 129 21 food-animal

35 1268 63 20 which
106 1267 44 20 lead
160 1269 21 17 to
191 1266 34 19 the
233 1263 117 27 production
359 1262 22 19 of
390 1262 57 19 tuber-

35 1295 69 19 culous
113 1293 21 19 in
140 1299 45 13 man
194 1298 39 16 are,
243 1289 116 26 ultimately,
373 1288 35 20 the
414 1295 33 18 pre-

35 1326 57 15 sence
101 1319 22 21 of
136 1319 63 20 active
212 1316 128 21 tuberculous
351 1317 74 18 matter
437 1314 21 19 in

33 1347 35 20 the
83 1346 46 20 food
144 1345 60 20 taken
218 1344 50 19 from
282 1343 33 19 the
329 1341 71 20 animal
418 1340 39 20 and

34 1372 105 21 consumed
149 1372 25 25 by
184 1370 35 20 the
228 1376 44 13 man
284 1369 21 20 in
314 1375 11 13 a
338 1374 38 13 raw
386 1374 22 13 or
427 1366 21 20 in-

35 1398 119 26 sufficiently
172 1396 74 21 cooked
265 1397 57 18 state.
349 1393 96 20 Tubercul-

34 1431 36 14 ous
78 1425 75 20 disease
160 1424 16 19 is
183 1422 94 21 observed
282 1422 52 19 most
340 1419 117 26 frcquontly

35 1451 20 20 in
64 1451 60 20 cattle
132 1450 40 20 and
181 1449 66 20 swine.
275 1448 20 19 It
312 1447 17 20 is
345 1446 65 20 found
425 1446 33 20 far

36 1484 51 14 more
96 1475 113 28 frequently
216 1475 21 20 in
246 1474 60 21 cattle
317 1473 49 25 (full
376 1473 80 25 grown)

24 1495 2 31 I
36 1504 48 20 than
92 1504 21 19 in
120 1504 71 22 calves,
202 1501 38 20 and
254 1500 47 20 with
312 1499 57 21 much
378 1500 80 24 greater

24 1523 2 28 I
35 1530 106 21 frequency
151 1530 20 19 in
181 1534 51 15 cows
246 1527 49 24 kept
304 1526 20 20 in
333 1528 53 18 town
407 1532 50 13 cow-

24 1547 18 17 I,
70 1550 9 7 »
113 1556 12 7 ,,
128 1547 9 9 J
170 1547 4 17 .
223 1554 33 8 ,ii_
268 1553 5 8 i
306 1553 8 8 .1
332 1552 31 9 r._
382 1551 32 13 4.1,.

24 1558 2 25 j
37 1563 68 14 nouses
112 1563 47 12 man
169 1563 21 12 ill
199 1563 59 11 cauuc
270 1562 47 10 ureu
332 1562 32 10 aui:
384 1561 32 10 me
426 1561 22 11 ca-

24 1578 1 32 •
35 1589 56 21 press
103 1588 84 20 purpose
202 1580 22 20 of
240 1579 106 26 slaughter.
382 1578 75 20 Tuber-

24 1601 3 28 I
37 1609 68 20 culous
114 1610 72 18 matter
195 1607 17 20 is
221 1607 37 19 but
267 1605 74 21 seldom
357 1605 62 19 found
437 1604 20 19 in

24 1626 2 30 I
37 1635 34 21 the
80 1637 52 18 meat
143 1634 103 20 substance
269 1632 21 20 of
303 1632 34 20 the
346 1636 83 19 carcase,
440 1632 18 18 it

24 1653 30 28 lis
69 1660 116 27 principally
204 1659 62 21 found
287 1658 19 20 in
330 1657 34 21 the
378 1664 78 19 organs,

24 1683 2 29 j
38 1688 128 24 membranes,
187 1687 39 19 and
248 1685 75 26 glands.
359 1683 63 21 There
440 1690 18 14 is

24 1706 4 29 I
36 1721 69 14 reason
121 1716 20 18 to
164 1713 76 20 believe
262 1711 45 20 that
328 1710 130 21 tuberculous

24 1735 6 25 I
36 1742 71 21 matter
117 1740 56 20 when
187 1739 82 26 present
278 1738 21 20 in
314 1739 52 19 meat
385 1737 42 20 sold
439 1738 19 18 to

24 1768 46 20 «the
79 1767 72 26 public,
162 1767 17 19 is
186 1772 51 13 more
251 1764 109 25 commonly
379 1763 38 21 d:se
436 1765 22 17 to

24 1786 6 28 I
39 1797 22 18 to
70 1794 34 20 the
113 1791 155 23 contamination
279 1791 20 20 of
309 1791 34 19 the
352 1790 43 20 surf
400 1796 31 14 ice
437 1789 22 20 of

24 1812 8 28 I
38 1820 34 21 the
81 1822 51 18 meat
145 1819 48 20 with
207 1817 91 21 material
317 1817 78 20 derived
407 1817 51 19 from

24 1847 68 22 Sother
101 1845 87 21 diseased
202 1847 61 23 parts,
273 1844 50 20 than
343 1845 22 18 to
383 1843 77 20 disease

24 1865 35 29 lof
66 1873 34 20 tho
113 1874 52 18 meat
174 1871 60 20 itself.
261 1870 41 20 The
319 1877 50 14 Bamo
388 1871 72 18 matter

24 1892 32 28 lis
65 1900 62 20 found
141 1905 21 14 in
185 1897 48 21 milk
252 1897 21 19 of
287 1904 51 13 cows
348 1896 56 20 when
426 1895 34 20 the

24 1918 5 28 I
36 1927 63 19 udder
110 1925 35 20 has
153 1925 80 20 become
247 1923 84 21 invaded
349 1923 26 26 by
392 1923 68 19 tuber-

24 1945 4 30 I
37 1953 69 20 culous
122 1952 81 23 disease,
221 1950 38 20 and
275 1949 73 21 seldom
366 1956 22 12 or
402 1955 58 14 never

24 1971 5 28 I
40 1979 58 21 when
107 1978 35 20 the
150 1977 64 20 udder
228 1977 17 19 is
258 1979 36 17 not
302 1975 94 21 diseased.
422 1975 25 19 Tu-

24 2001 3 27 -
33 2005 106 22 berculoua
146 2005 73 19 matter
228 2003 21 19 in
256 2003 26 19 mi
290 2002 20 20 Ik
324 2002 17 20 is
350 2001 99 27 exception-

37 2032 41 26 ally
88 2031 64 20 active
161 2031 21 19 in
192 2029 27 21 its
232 2029 101 25 operation
351 2035 54 19 upon
419 2028 30 19 ani-

40 2058 50 21 mals
99 2057 34 21 fed
143 2056 62 21 either
214 2056 49 20 with
275 2055 33 20 the
319 2055 48 19 milk
376 2062 21 13 or
416 2054 42 20 witl

24 2077 4 34 I
40 2085 57 24 dairy
117 2083 86 28 produce
216 2082 80 20 derived
310 2083 50 19 from
376 2081 23 21 it.
428 2083 30 27 27|

24 2102 4 39 j
40 2111 62 20 doubt
110 2110 35 20 the
158 2109 74 25 largest
252 2111 46 23 part
306 2108 22 20 of
341 2108 34 19 the
389 2109 69 20 tubor-

24 2130 3 31 I
35 2137 70 21 culosis
119 2135 63 21 which
206 2141 46 13 man
275 2134 78 21 obtains
371 2134 87 27 through

24 2155 4 31 I
35 2163 32 20 his
75 2162 46 20 food
130 2161 18 20 is
156 2161 27 25 by
197 2167 68 14 means
276 2161 22 20 of
310 2160 48 20 milk
367 2161 80 20 contain-

24 2183 41 36 ing
73 2188 130 22 tuberculosis
212 2189 41 18 mat
264 2189 37 18 ter.
323 2187 40 20 The
371 2188 77 25 recogni-

24 2207 52 38 tion
85 2216 21 20 of
114 2213 222 22 tuberculoußiediseaße
346 2214 71 26 during
425 2214 33 21 the

24 2234 55 34 sflife
90 2242 20 20 of
123 2248 25 13 an
162 2240 72 21 animal
275 2242 35 19 not
332 2240 71 26 wholly
422 2248 24 13 un-

24 2264 107 30 attended
153 2267 47 21 with
223 2266 101 26 difficulty.
360 2266 97 27 Happily,

24 2290 107 32 however,
149 2295 18 18 it
179 2300 44 18 can,
244 2294 19 19 in
286 2294 52 19 most
359 2299 61 19 cases,
434 2294 23 21 be

137 2320 48 21 with
198 2320 96 26 certainty
312 2319 21 20 in
343 2319 35 20 the
386 2320 71 21 uddert

24 2341 39 31 Kf
72 2348 56 21 milch
137 2353 56 14 cowb.
220 2346 97 21 Provided
334 2352 58 20 every
411 2349 45 23 part

24 2372 61 27 Jiihat
106 2375 16 19 is
135 2373 34 20 the
181 2374 43 19 Beat
238 2372 21 21 of
280 2372 35 21 the
330 2372 126 21 tuberculoue

24 2398 1 28 .
31 2403 81 23 Htnatter
119 2400 25 20 be
153 2398 80 21 avoided
242 2399 38 20 and
290 2399 112 26 destroyed,
418 2400 38 20 and

142 2433 43 14 care
194 2426 24 19 be
231 2426 59 19 taken
310 2427 21 18 to
340 2432 46 14 save
405 2426 51 20 from

214 2452 25 26 by
261 2452 49 20 Buch
329 2454 71 18 matter
423 2453 33 20 the

114 2482 51 18 meat
179 2479 105 20 substance
297 2478 22 20 of
327 2485 11 13 a
356 2479 89 20 tubercul-

24 2516 50 17 ous
84 2506 77 24 animal,
171 2512 12 13 a
195 2508 56 23 great
260 2505 44 20 deal
313 2505 21 20 of
343 2506 53 19 meat
405 2505 50 21 from

24 2534 94 26 i?»nimalß
127 2532 83 21 affected
219 2532 26 26 by
263 2532 131 19 tuberculosis
413 2539 42 19 may

24 2556 39 27 He
85 2562 55 19 eaten
160 2559 83 19 without
256 2558 42 20 rish
320 2560 21 18 to
364 2558 35 20 the
411 2566 33 13 con-

24 2589 84 24 sumer.
136 2585 97 25 Ordinary
246 2591 100 20 processes
364 2585 21 19 of
399 2586 44 19 cook-

24 2615 49 26 ring
91 2612 76 28 applied
180 2613 22 18 to
220 2614 51 17 meat
285 2611 61 20 which
369 2611 35 20 haß
423 2614 31 23 got

196 2645 25 12 on
235 2638 26 19 its
270 2638 73 20 service
361 2644 32 13 are
411 2645 33 19 pro-

24 2678 8 10 *.
38 2667 59 25 fcably
106 2664 95 23 sufficient
211 2667 21 17 to
242 2664 78 26 destroy
327 2664 33 20 the
371 2664 83 21 harmful

147 2690 53 26 They
223 2691 64 20 would
308 2693 37 17 not
367 2691 51 20 avail
435 2694 19 17 tc

24 2732 6 5 •
37 2721 71 21 tender
118 2718 114 21 wholesome
242 2724 38 19 any
294 2717 55 26 piece
367 2718 22 19 of
402 2720 52 17 meat

24 2746 57 23 ';,fhat
90 2744 103 22 contained
206 2744 125 20 tuberculous
346 2746 72 18 matter
435 2746 19 17 in

25 2772 40 21 -Its
75 2772 68 26 deeper
153 2772 60 24 parts.
240 2770 25 20 In
280 2770 70 26 regard
369 2772 20 18 to
407 2770 46 20 niili

25 2804 41 16 ■We
84 2805 33 14 are
129 2804 63 13 aware
209 2796 21 20 of
249 2797 34 20 the
298 2797 115 26 preference
431 2798 22 25 by

141 2823 70 27 people
233 2823 31 20 for
287 2823 92 26 drinking
398 2824 55 19 cows'

26 2852 60 21 cinilk
108 2857 45 18 raw,
175 2857 11 13 a
207 2850 85 25 practice
315 2850 92 20 attended
430 2850 23 25 by

128 2883 25 13 on
168 2878 83 18 account
270 2876 20 20 of
305 2876 85 27 possible
406 2883 36 13 con-

27 2918 6 5 •
37 2901 126 25 jitamination
172 2903 27 26 by
213 2903 116 26 pathogenic
342 2903 108 25 organisms

26 2930 53 21 '*Ehe
88 2930 74 25 boiling
179 2929 21 20 of
215 2929 51 24 milk,
287 2936 48 13 even
348 2929 31 20 for
389 2937 11 12 a
416 2937 25 13 mo-

27 2958 71 22 '-■ment,
108 2956 63 21 would
184 2955 26 21 be
224 2955 95 26 probably
331 2956 95 20 sufficient
435 2958 17 18 tc

27 2990 88 15 -remove
124 2983 32 19 the
165 2988 47 21 very
226 2983 110 25 dangerous
352 2983 74 26 quality
435 2984 17 18 oi

30 3012 9 14 }l
39 3009 127 22 fiiberculouß

98 3060 106 21 BUTTER
212 3060 72 21 FROM
302 3060 87 21 WHEY.

32 3113 23 31 ||
65 3115 34 20 An
115 3114 118 25 interesting
247 3114 95 25 Bulletin,
360 3114 66 20 issued
432 3114 25 25 by

21 3134 50 38 ||tte
89 3140 79 21 Cornell
186 3140 115 27 University
323 3140 135 26 Agricultural

21 3160 151 39 ||Sxperiment
181 3167 78 19 Station
268 3170 21 17 at
297 3167 75 20 Ethaca
382 3167 37 26 (N.
424 3168 13 19 Y
442 3168 15 25 .)

21 3193 118 27 Ijgoescribes
153 3200 11 13 a
186 3200 42 13 new
242 3200 77 19 process
341 3194 20 20 of
379 3194 80 26 making

21 3222 87 27 JSjgutter
117 3221 51 19 from
176 3219 61 26 whey,
264 3220 25 19 in
302 3221 34 19 the
349 3227 79 20 process
437 3224 22 17 of

26 3242 166 29 ,4jheesemaking
202 3253 12 13 a
235 3246 57 20 small
305 3249 116 24 percentage
438 3248 21 20 of

21 3267 53 28 l2»t
83 3279 78 20 escapes
170 3273 20 19 in
200 3272 34 20 the
242 3273 60 26 whey.
328 3273 41 20 The
382 3274 77 21 Cornell

132 3306 49 14 were
190 3299 32 21 led
232 3301 21 17 to
269 3299 73 21 believe
360 3300 43 20 that
421 3301 40 20 this

21 3328 51 18 s&rat
87 3326 56 20 could
156 3327 25 19 be
202 3325 81 21 utilioed
294 3325 19 21 in
328 3326 33 20 the
379 3327 50 20 form
439 3329 21 18 of

21 3351 142 31 |Bgpmmercial
183 3352 74 20 butter.
321 3353 140 28 Accordingly,

21 3374 67 30 3s§Bth
96 3379 95 25 January,
282 3379 35 21 the
326 3379 82 21 bulletin
415 3387 46 20 says

25 3412 59 22 Kgwe
94 3405 62 27 began
167 3408 21 17 to
205 3412 38 13 run
261 3405 33 21 the
304 3406 54 26 whey
367 3407 50 19 from
428 3409 33 19 the

21 3428 169 34 ||Bheesemaking
208 3432 99 27 regularly
323 3433 84 26 through
428 3434 33 20 the

21 3459 139 24 gfflfeparators,
169 3458 39 20 and
218 3465 28 13 we
254 3459 47 20 have
312 3459 48 20 been
378 3466 73 15 success-

22 3480 50 35 |Jß&l
81 3490 21 13 in
111 3492 91 19 securing
215 3492 11 12 a
241 3486 54 25 large
308 3487 79 26 portion
397 3487 20 19 of
427 3488 34 20 the

21 3506 52 31 HH|t
82 3510 20 20 in
112 3511 33 19 the
155 3511 53 26 whey
222 3511 20 20 in
258 3513 34 19 the
307 3515 50 17 form
367 3513 21 21 of
406 3521 42 13 com-

21 3534 102 26 l&Bercial
132 3537 68 21 butter
210 3538 21 20 of
247 3539 48 24 good
311 3539 82 27 quality.
420 3541 41 20 The

29 3558 86 25 Bitter
135 3564 36 20 has
192 3564 50 20 been
264 3566 91 25 scarcely,
378 3567 15 19 if
416 3574 45 19 any,

21 3586 107 33 jlHperior
146 3592 21 18 to
189 3590 44 20 that
255 3593 54 19 made
333 3595 49 18 trcui
398 3600 63 14 cream

22 3616 126 31 gMparated
156 3617 51 19 from
214 3617 60 21 whole
282 3618 55 25 milk,
348 3620 36 19 and
395 3621 17 19 it
427 3620 25 22 ha
454 3631 7 10 ß

106 3643 40 19 sold
156 3643 19 19 in
184 3643 33 19 the
224 3650 52 14 same
284 3645 76 21 market
370 3646 45 20 with
426 3654 36 14 our

33 3667 99 21 'l»ntter."
161 3669 55 19 Good
225 3670 69 26 judges
304 3673 42 19 who
360 3673 49 20 have
415 3680 46 14 seen

44 3693 35 22 the
89 3697 38 18 two
137 3695 57 20 kinds
202 3696 19 19 of
237 3698 65 19 butter
320 3699 40 19 eide
375 3699 27 26 by
421 3701 41 21 side

46 3718 51 24 ttkve
107 3722 48 19 been
170 3722 19 19 io
211 3729 51 13 some
284 3731 53 13 cases
360 3727 71 20 unable
441 3730 20 18 to

43 3746 68 22 detect
121 3748 61 19 which
192 3755 37 13 was
238 3751 54 18 made
302 3751 51 22 from
362 3754 55 26 whey
423 3756 38 19 and

34 3770 74 28 a&icb
118 3775 51 23 from
192 3785 67 16 cream.
284 3780 25 22 In
327 3784 57 19 other
402 3789 58 20 cases,

42 3803 63 25 Wight
132 3805 112 28 inferiority
273 3809 19 19 in
320 3812 76 19 texture
424 3812 37 19 and

45 3828 75 22 flavour
129 3832 48 20 have
187 3833 48 20 been
245 3835 75 20 noticed
334 3836 21 20 in
364 3836 33 21 the
407 3837 54 26 whey

21 3858 1 29 •
46 3859 72 19 Witter.
145 3858 53 22 That
207 3861 17 18 it
238 3861 16 19 is
270 3862 82 25 possible
370 3866 20 17 to
408 3864 54 19 make

21 3881 1 35 ,
41 3881 76 24 -butter
126 3885 22 20 of
156 3886 54 25 good
221 3889 116 19 commercial
353 3890 73 25 quality
436 3890 25 26 by

21 3907 58 29 jfjffle
88 3918 35 14 use
130 3912 22 20 of
162 3912 40 20 this
216 3914 78 19 method
310 3915 17 19 is
346 3916 78 20 claimed
441 3918 21 18 to

21 3933 72 26 cHßrf3
101 3939 50 20 been
164 3939 73 26 clearly
247 3939 148 24 demonstrated.
421 3942 41 21 The

21 3965 1 29 •
42 3965 76 20 Station
137 3966 56 20 made
207 3972 54 19 upon
280 3966 33 20 the
323 3974 80 20 average
418 3969 44 20 2.57

21 3986 99 33 l|jj|from
130 3993 47 21 each
188 3992 72 20 10001b
268 3992 20 20 of
299 3993 59 26 whey.

494 77 129 21 ZIGLER'S
645 77 112 22 FLYING
783 79 135 21 MACHINE.

518 130 67 26 Zigler
594 136 39 14 was
643 130 127 20 determined
790 132 21 18 to
827 131 57 21 make
893 132 30 21 his

491 156 84 19 fortune
586 156 25 26 by
620 163 12 12 a
641 156 64 26 flying
715 157 96 19 machine.

517 182 68 26 Zigler
594 183 37 24 put
640 182 31 20 his
680 182 51 20 head
741 184 112 24 caut'ously
865 184 56 20 down

491 208 52 19 from
553 208 68 19 above.

516 234 4 26 '
529 234 51 24 Ada,
590 241 16 12 is
616 234 57 20 there
682 235 94 25 anybody
787 236 102 19 around?'

516 261 50 23 'No,
578 260 73 25 deary,'
662 261 43 19 said
716 262 52 23 Ada,
778 262 142 26 protectingly,

489 288 21 18 to
521 286 34 21 her
571 286 54 19 little
639 286 91 20 ironclad
740 287 74 20 father.
843 287 52 21 'Ma
905 290 16 18 is

489 314 21 18 at
528 313 62 22 home,
614 315 33 17 too
665 312 45 20 mad
725 314 21 18 to
760 314 54 19 show
830 314 36 19 her
875 314 47 21 face

488 338 119 26 anywhere.'

514 367 5 8 '
527 365 60 20 Come
609 371 27 18 up
660 364 65 20 here!'
755 365 109 22 exclaimed
887 367 33 20 the

488 393 71 24 patent
582 391 83 19 maniac.
695 394 5 8 '
708 390 43 21 I've
766 394 36 23 got
816 392 16 20 it
852 396 66 24 pretty

488 418 67 25 nearly
566 417 61 26 ready
633 418 21 18 to
665 418 31 19 set
707 417 40 26 up.'

512 443 41 21 She
560 450 37 13 ran
607 450 34 19 up,
651 443 40 20 and
708 443 25 20 he
743 444 66 20 closed
828 445 35 20 the
874 447 45 25 trap

486 469 54 21 after
550 470 42 20 her.

512 496 5 9 '
527 496 65 20 Don't
614 495 91 21 mention
720 496 42 20 this
781 498 21 19 to
816 498 101 25 anybody,

513 548 40 20 'Ci
575 554 71 14 course
660 550 42 22 not,
728 548 45 27 'pa!
796 550 43 20 But
863 551 54 19 can't

486 575 64 19 Adam
560 580 33 14 see
609 574 35 20 the
652 577 72 22 patent
735 575 57 21 when
799 576 33 19 it's
842 577 73 20 done?'

510 601 66 25 Zigler
585 601 57 19 stood
653 601 99 20 oblivious
769 604 21 17 to
807 603 35 19 the
854 603 61 19 whole

485 633 44 13 race
552 627 22 19 of
596 626 176 21 mankind—from
797 629 65 19 Adam
882 629 34 19 the

485 653 44 19 first
543 653 56 20 down
616 654 21 18 to
648 653 64 19 Adam
722 653 35 21 the
767 654 79 21 Harris.
874 655 42 20 The

485 679 39 19 loft
534 686 39 13 was
592 678 38 20 full
641 679 22 19 of
683 679 52 23 huge
754 681 77 19 oarlike
846 681 68 26 wings,

485 705 41 20 iron
536 706 51 23 rods,
599 705 125 25 cog-wheels,
740 707 87 26 springs,
836 710 38 18 etc.

510 731 4 27 '
523 731 64 21 What
595 738 33 13 are
647 738 40 19 you
702 732 82 26 making
799 733 41 20 this
860 734 54 24 time,

485 759 31 25 'pa
525 757 88 27 Zigler?'

510 784 4 24 '
522 785 73 23 Guess,

510 812 5 10 '
522 811 18 19 A
548 810 61 26 flying
618 810 50 21 boat
675 811 18 20 ?'

510 836 58 20 'No.'

509 864 31 18 'A
550 863 51 20 farm
614 864 103 20 machine!
733 864 65 21 What
806 865 17 20 is
832 865 41 20 it?'

508 890 5 8 '
521 890 39 18 It's
575 889 85 26 Zigler's
682 890 45 20 bird
737 889 4 26 !
756 891 19 20 A
799 891 46 20 bird
869 891 44 20 that

483 915 38 20 will
531 915 27 25 fly
565 916 65 19 faster
638 916 49 20 than
694 916 58 21 these
760 918 73 25 prairie
841 918 70 22 winds,

482 941 38 20 and
530 941 45 20 feed
594 942 67 21 beasts
670 941 4 25 ;
689 944 49 19 turn
758 944 35 19 the
809 951 72 13 course
891 944 21 19 of

482 969 66 23 water,
566 968 40 20 and
620 968 90 26 perform
729 970 66 25 heavy
809 970 71 19 labour
890 977 21 12 as

481 994 16 19 it
506 993 54 24 flies!
576 994 18 20 A
604 996 100 19 universal
717 996 79 21 mother
806 996 38 20 hen
854 996 13 19 !'

506 1020 37 26 My
553 1020 97 26 gracious,
671 1021 33 26 'pa
717 1022 69 25 Zigler
795 1020 4 27 !
814 1023 11 20 I
835 1023 25 19 do
878 1022 22 20 be-

480 1046 49 20 lieve
540 1047 72 24 you've
621 1054 54 18 gone
684 1048 79 26 crazy!'

505 1072 66 27 Zigler
585 1072 105 27 chuckled,
702 1076 41 18 and
754 1075 31 20 his
795 1081 46 20 eyes
850 1075 60 20 shone

480 1099 116 26 brilliantly.

505 1125 40 20 But
562 1125 57 20 while
633 1127 45 19 Ada
689 1133 39 14 was
740 1128 71 25 trying
821 1130 21 17 to
853 1128 55 19 make

479 1151 34 20 the
522 1158 44 13 new
585 1152 90 21 machine
684 1156 42 22 out,
738 1154 107 26 somebody
856 1160 54 13 came

478 1177 43 21 into
544 1178 35 20 the
601 1179 51 26 shop
676 1179 71 21 below.
775 1181 45 19 Her
842 1180 68 20 father

479 1206 52 18 went
548 1204 63 25 down,
628 1206 40 19 and
687 1206 108 26 presently
811 1206 25 20 he
845 1206 63 20 called

477 1230 40 25 her,
537 1231 39 19 and
590 1234 46 17 sent
660 1232 36 20 her
715 1239 27 13 on
764 1239 54 14 some
841 1232 67 20 trivial

477 1257 74 19 errand
561 1259 22 17 to
592 1257 35 21 the
639 1258 69 20 house.
738 1260 18 19 A
766 1261 94 24 stranger
870 1266 38 13 was

477 1283 78 26 talking
565 1283 47 20 with
622 1283 36 21 her
672 1285 69 20 father
760 1293 22 12 as
793 1285 35 20 she
838 1286 69 25 passed

477 1309 89 26 through
584 1310 34 20 the
628 1310 103 26 shop—he
750 1311 38 20 had
799 1319 26 13 no
840 1312 68 20 horses

477 1337 21 18 to
517 1336 53 23 shoe,
594 1343 26 13 no
635 1338 52 19 tools
703 1339 23 18 to
745 1339 66 24 mend,
830 1338 39 20 and
884 1339 24 19 he

476 1361 76 21 carried
574 1369 13 13 a
616 1363 110 26 travelling
749 1365 62 19 valise
833 1365 21 19 in
877 1365 31 19 his

477 1388 59 21 hand.

501 1415 30 19 As
550 1421 47 13 soon
616 1422 22 13 as
653 1416 46 20 Ada
717 1417 141 26 disappeared,
874 1417 34 21 she

476 1441 59 20 heard
550 1441 52 20 their
616 1441 43 21 feet
678 1445 107 24 mounting
804 1443 34 21 the
851 1446 56 23 steps

475 1467 44 20 into
528 1467 34 20 the
571 1467 47 20 loft.

501 1494 45 20 One
555 1495 92 25 morning
663 1495 45 20 Mrs
727 1496 68 25 Zigler
809 1504 45 13 rose
868 1496 39 20 and

476 1520 64 20 found
563 1520 34 20 the
613 1521 74 25 prairie
701 1523 112 26 unusually
835 1523 72 25 sultry,

475 1546 35 20 the
527 1547 37 25 dry
583 1547 30 19 air
632 1549 111 25 unusually
762 1549 41 25 hot,
818 1550 40 19 and
873 1549 35 20 she

475 1573 92 20 consoled
591 1573 76 21 herself
691 1575 49 19 with
762 1575 35 20 the
820 1576 88 25 thought

475 1599 45 20 that
529 1599 17 20 if
555 1600 66 26 Zigler
625 1600 66 20 would
696 1601 54 20 stick
762 1601 26 26 by
799 1601 35 21 the
844 1602 63 24 forsre,

475 1625 24 20 he
518 1626 67 19 would
603 1627 64 20 suffer
682 1630 113 24 purgatory
809 1635 27 13 on
859 1629 48 19 such

475 1652 48 26 days
542 1659 22 13 as
573 1652 47 21 this.
649 1654 43 19 But
707 1655 24 18 he
745 1661 41 13 was
796 1657 37 17 not
842 1657 21 17 at
873 1655 35 20 the

475 1678 58 26 forge
542 1678 58 21 when
609 1680 36 19 the
660 1687 104 13 summons
773 1683 21 17 to
804 1681 104 20 breakfast

476 1711 39 14 was
538 1707 45 18 sent
606 1706 54 21 after
674 1706 47 24 him,
746 1714 36 13 nor
801 1707 62 20 about
877 1707 31 20 his

476 1731 54 27 shop,
542 1738 36 13 nor
589 1732 48 20 with
653 1740 39 19 any
701 1734 23 19 of
734 1734 35 20 the
778 1734 129 25 neighbours.

502 1758 44 19 Ada
565 1758 43 21 flew
623 1761 22 18 to
665 1760 31 19 his
710 1760 46 19 loft.
785 1760 42 20 The
850 1761 59 25 great

475 1784 114 26 oar-wings,
609 1785 34 20 the
666 1793 46 18 cogs
736 1786 40 20 and
791 1787 48 20 rods
858 1794 50 13 were

476 1817 51 19 gone
537 1819 5 17 ;
557 1818 11 13 a
587 1812 53 24 bare,
660 1813 61 25 dusty
735 1812 51 21 floor
800 1814 108 19 remained.

477 1838 38 19 She
534 1840 31 17 sat
583 1838 58 20 down
661 1846 26 13 on
705 1839 35 20 the
755 1839 72 20 lowest
841 1840 22 20 of
874 1840 34 19 the

477 1870 73 18 coarse,
561 1864 46 26 pine
618 1867 61 24 steps,
691 1866 54 19 closo
755 1867 21 18 to
788 1866 35 19 the
833 1866 75 25 smithy

478 1890 47 19 dust
534 1890 21 19 in
565 1890 62 21 which
636 1892 37 19 her
681 1892 69 19 father
760 1892 54 26 daily
825 1893 83 23 walked,

478 1916 44 24 and,
542 1916 79 27 wilting
634 1918 66 20 under
722 1918 36 21 her
772 1926 39 13 sun
826 1919 82 23 bonnet,

479 1942 52 21 cried
541 1944 65 19 aloud.

505 1969 65 20 Adam
580 1970 74 21 Harris
673 1970 61 21 heard
747 1971 41 20 this
799 1972 109 19 melodious

480 1996 70 25 sound,
573 1996 59 26 being
657 1997 69 20 drawn
749 1998 54 20 close
826 1999 25 25 by
875 1998 34 19 the

480 2021 49 26 shop
540 2024 19 18 in
576 2024 195 26 passing—perhaps
782 2025 26 25 by
818 2027 91 23 magnets

480 2048 22 20 of
511 2048 116 26 iron—and,
645 2050 82 25 looking
737 2052 45 19 into
792 2052 34 18 the
836 2052 72 24 gloom,

480 2074 24 20 he
513 2074 70 21 beheld
593 2076 29 19 his
637 2077 121 20 sweetheart
767 2077 48 20 with
826 2077 35 20 her
870 2084 38 13 sun

480 2101 74 20 bonnet
562 2102 45 19 thus
616 2104 98 19 reversed.

505 2127 22 20 It
536 2128 34 20 did
580 2130 36 19 not
623 2129 45 20 take
683 2130 39 19 him
734 2130 42 19 half
795 2137 21 12 as
831 2130 48 25 long
889 2132 20 17 to

479 2153 45 26 skip
543 2155 78 19 around
635 2155 35 20 the
688 2156 55 19 anvil
757 2156 40 19 and
811 2163 47 19 pass
875 2156 34 20 the

478 2180 58 28 forge
546 2187 20 13 as
583 2179 17 21 it
613 2181 80 26 usually
703 2182 34 19 did
747 2185 22 16 to
779 2182 119 20 circumnavi-

478 2208 47 23 gate
532 2214 11 13 a
553 2207 5 9 '
565 2207 58 26 slew'
633 2208 21 19 in
673 2208 31 20 his
714 2208 55 25 daily
778 2208 71 20 walks.
877 2208 32 21 He

478 2233 60 20 lifted
553 2233 63 20 Ada's
632 2234 83 25 bonnet,
734 2235 40 19 and
788 2235 72 20 looked
875 2242 22 19 ap-

479 2259 139 27 prehensively
628 2259 44 21 into
682 2260 35 21 her
727 2261 51 20 face.

504 2287 5 8 '
518 2286 39 25 Oh,
566 2286 38 25 Ad,
614 2286 68 21 father
691 2287 17 20 is
727 2294 58 19 gone,
794 2287 39 20 and
843 2294 22 14 so
875 2294 34 13 are

477 2312 28 20 all
515 2311 31 21 his
555 2313 54 26 rigs;
623 2313 40 20 and
673 2313 39 21 I'm
728 2314 67 20 afraid
806 2313 41 21 he's
858 2314 50 20 fixed

477 2345 28 20 up
515 2346 26 13 an
550 2339 93 24 air-boat,
661 2347 23 13 or
693 2339 56 28 flyer,
764 2347 23 13 or
797 2341 112 25 something

477 2365 24 20 he
515 2372 40 14 was
574 2365 80 26 talking
671 2367 69 23 about,
755 2367 40 19 and
811 2367 52 20 tried
886 2367 22 24 it,

477 2391 38 21 and
526 2392 52 20 been
587 2393 76 20 carried
673 2393 30 20 off
721 2393 27 25 by
762 2393 35 20 the
807 2393 53 20 wind
870 2394 38 19 and

476 2417 81 21 killed!'

502 2445 5 10 '
513 2445 119 26 AdaZigler
640 2445 12 20 !'
663 2445 110 21 exclaimed
782 2446 72 20 Adam.

502 2471 5 10 '
515 2471 33 21 He
558 2478 41 14 was
615 2472 82 26 making
706 2479 12 13 a
737 2474 110 25 patent—a
857 2472 49 25 bird,

476 2497 23 20 he
508 2498 65 20 called
583 2499 21 19 it.
631 2499 35 19 He
672 2499 48 20 took
730 2505 32 14 me
772 2506 28 19 up
808 2499 98 20 overhead

475 2524 41 20 this
540 2524 55 21 week
611 2525 39 19 and
665 2525 81 20 showed
769 2532 32 13 me
823 2525 27 20 all
874 2526 33 19 the

476 2553 63 22 parts.
567 2551 88 26 Nobody
673 2551 42 22 else
724 2551 72 21 knows
810 2551 97 26 anything

475 2577 62 20 about
560 2577 23 21 it.
619 2578 59 25 Now,
701 2578 58 20 there
781 2579 19 19 is
822 2579 85 25 nothing

475 2603 63 26 there,
557 2604 42 20 and
617 2611 49 19 poor
689 2605 55 20 little
755 2605 33 26 'pa
810 2605 17 19 is
850 2611 56 19 gone,

475 2630 52 20 too!'

501 2657 47 19 This
558 2657 71 20 looked
642 2657 83 21 serious.
753 2658 19 19 A
783 2664 69 19 young
861 2664 45 13 man

475 2689 36 14 can
520 2683 42 21 kiss
574 2684 39 20 and
631 2690 50 14 coax
696 2684 29 20 his
743 2684 118 20 sweetheart
871 2688 36 16 out

475 2709 22 20 of
506 2716 11 13 a
527 2710 69 26 crying
608 2710 39 25 fit;
663 2711 35 20 but
712 2711 17 19 if
744 2710 35 20 she
795 2711 35 19 has
847 2711 38 19 had
896 2717 11 13 a

475 2739 72 22 parent
563 2737 65 19 blown
652 2744 63 19 away,
736 2737 31 19 his
781 2737 124 20 consolation

475 2765 54 17 must
546 2763 24 20 be
588 2765 39 24 put
640 2763 57 20 forth
711 2770 56 14 more
780 2763 87 26 actively
885 2763 21 19 in

475 2789 111 26 searching.

502 2816 72 20 Search
598 2822 38 14 was
656 2816 58 20 made
727 2816 34 20 for
774 2816 75 26 Zigler,
873 2816 33 20 the

475 2844 54 18 town
539 2843 117 24 ransacked,
672 2843 34 20 the
716 2843 96 26 adjacent
821 2845 85 23 country

475 2868 110 21 examined.
626 2869 53 24 Still,
699 2876 26 13 no
749 2869 113 26 fragments
885 2869 21 19 of

475 2895 40 19 him
525 2896 58 19 could
594 2895 99 25 befound,
703 2903 26 13 no
736 2898 66 18 traces
810 2902 23 14 or
839 2895 67 20 marks

475 2921 63 21 which
556 2922 100 20 indicated
671 2923 35 19 the
716 2922 99 20 direction
825 2922 31 20 his
866 2922 30 20 dis-

475 2954 126 20 appearance
611 2949 38 20 had
659 2949 69 20 taken.

502 2975 41 20 The
558 2978 57 24 story
637 2976 22 19 of
673 2976 36 20 the
731 2975 64 26 flying
817 2975 91 20 machine

476 3001 37 20 had
523 3004 58 23 crept
598 3004 40 22 out,
651 3003 41 19 and
701 3008 59 19 many
772 3001 135 21 remembered

475 3034 12 13 a
497 3028 132 26 particularly
640 3029 47 25 high
706 3029 54 19 wind
770 3028 35 20 the
815 3025 59 28 night
884 3027 24 20 he

476 3055 170 26 disappeared—a
664 3055 86 25 rushing
765 3055 40 19 and
820 3054 87 26 roaring,

476 3081 32 19 far
518 3081 70 21 louder
605 3081 47 21 than
663 3082 35 20 the
716 3081 60 21 usual
790 3081 118 20 hurricanes

478 3107 62 21 which
549 3111 64 23 swept
620 3108 34 21 the
664 3109 75 20 Plains.

502 3135 54 19 Thus
579 3135 49 26 days
650 3136 73 25 passed
751 3141 62 19 away.
840 3134 68 26 Zigler

477 3167 39 13 was
539 3168 57 19 gone,
615 3162 39 20 and
670 3163 59 19 other
744 3163 71 25 people
829 3161 40 19 had
887 3163 21 17 to

477 3189 70 19 attend
562 3191 20 17 to
601 3188 53 20 their
677 3195 44 13 own
737 3189 100 19 businsss.
866 3187 43 20 But

478 3214 68 20 before
556 3215 47 25 they
613 3215 39 20 had
662 3215 58 20 made
737 3222 29 19 up
776 3215 53 19 their
843 3214 65 19 minds

480 3241 89 20 whether
584 3241 25 20 he
626 3248 37 14 ran
677 3248 55 20 away
749 3248 23 13 or
786 3247 40 14 was
845 3240 63 26 foully

478 3267 54 21 dealt
542 3268 54 26 with,
606 3274 22 14 as
638 3269 102 25 suddenly
746 3274 21 14 as
777 3267 26 21 ha
812 3267 98 27 departed

480 3294 49 20 back
536 3301 55 13 came
600 3295 74 25 Zigler.

505 3321 34 20 He
549 3323 86 24 stepped
648 3322 46 20 into
703 3321 31 21 his
744 3327 46 15 own
800 3320 61 21 house
870 3320 40 20 like

479 3353 54 14 some
543 3347 85 27 Joseph,
642 3348 43 20 rich
701 3348 49 20 with
760 3349 36 19 the
810 3349 100 19 treasurer

480 3374 20 19 of
518 3374 74 26 Egypt.
620 3374 33 20 He
672 3375 89 25 brought
775 3377 93 23 presents
877 3373 33 20 for

479 3400 27 19 all
525 3402 34 18 the
583 3400 97 26 children,
703 3402 40 19 and
758 3401 33 20 for
810 3401 31 20 his
864 3400 47 20 wife

480 3427 112 26 something
614 3428 47 19 that
690 3428 120 20 much-tried
834 3433 76 14 woman

480 3454 33 19 did
523 3457 36 16 not
569 3457 48 16 turn
628 3461 26 19 up
664 3454 35 20 her
708 3461 49 13 nose
767 3455 28 23 at,
805 3453 79 26 though
894 3454 17 19 it

479 3486 38 13 was
525 3487 11 12 a
547 3482 72 24 patent
628 3480 60 26 right.

508 3506 4 27 '
522 3506 84 26 Zigler's
620 3506 132 21 Patent'—a
769 3508 58 25 great
850 3506 49 21 wind-

481 3534 48 24 mill,
553 3534 33 19 for
605 3535 99 25 pumping
725 3536 69 23 water,
817 3533 94 27 grinding

480 3560 64 24 grain,
555 3560 40 20 and
605 3560 99 29 applying
718 3561 119 21 wind-force
847 3561 21 18 to
883 3561 28 19 all

481 3586 119 21 mechanical
611 3588 78 19 labour.

506 3612 69 27 Zigler
585 3614 38 19 had
633 3614 51 20 been
697 3621 62 19 away,
777 3613 94 25 insuring
880 3612 31 20 his

480 3640 56 25 right
554 3641 40 19 and
603 3640 78 26 testing
695 3642 30 19 his
744 3640 105 21 invention
864 3639 46 20 with

482 3666 29 20 his
522 3667 46 19 first
583 3669 78 24 patron,
674 3668 42 20 who
730 3673 56 16 came
800 3669 22 17 to
833 3673 33 14 see
876 3665 35 20 the

482 3693 41 19 mill
542 3694 70 19 before
621 3695 17 18 it
648 3701 39 13 was
703 3700 31 15 set
743 3701 35 20 up.
807 3693 33 21 He
859 3692 52 20 built

480 3720 32 19 his
521 3720 45 19 firßt
576 3720 70 24 model,
661 3721 39 20 and
711 3722 45 19 Bold
774 3721 17 19 it
800 3720 33 20 for
842 3719 68 26 eighty

482 3747 83 30 pounds,
586 3748 40 19 and
644 3748 135 27 applications
793 3747 54 23 from
868 3753 12 12 n
882 3753 28 13 ew

482 3779 74 24 parties
567 3788 50 13 were
628 3780 79 26 coming
716 3782 21 17 to
746 3778 42 20 him
798 3778 61 25 dai'y.

506 3806 28 20 To
544 3807 56 26 large
610 3807 141 21 Btock-raisers
766 3805 31 20 bis
807 3803 104 21 invention

481 3840 40 14 was
544 3834 120 20 invaluable.
697 3834 20 19 A
739 3833 57 25 large
819 3831 92 19 business

480 3862 76 25 opened
581 3862 68 20 before
672 3862 39 19 him
723 3869 5 16 ;
749 3860 39 20 and
812 3857 54 21 what
890 3863 21 13 so

481 3889 84 20 natural
584 3896 21 12 as
616 3889 71 26 takirg
703 3887 21 21 in
739 3887 30 19 his
787 3885 71 21 future
872 3891 36 13 son

480 3916 67 20 in-law
558 3922 21 14 as
588 3915 97 21 assistant
694 3914 9 21 ?

506 3942 113 21 Wherever
636 3949 40 19 you
690 3941 65 20 travel
772 3947 52 18 now,
842 3939 22 19 in
878 3938 34 19 the

481 3969 67 25 West,
567 3976 40 19 you
621 3976 45 18 may
685 3974 33 14 see
732 3966 86 27 Zigler's
835 3966 77 18 Patent

482 3995 106 26 revolving
596 3995 28 21 its
633 3997 57 24 great
700 3993 62 21 white
774 3991 108 26 oar-wings
892 3990 19 20 in

482 4021 34 21 the
539 4023 57 26 rapid
616 4022 59 24 wind,
696 4020 96 26 bringing
815 4026 27 19 up
863 4024 49 20 pure

481 4051 61 18 water
565 4049 65 20 where
649 4049 48 26 only
721 4047 5 10 '
736 4047 81 21 surface
842 4044 54 20 wells
908 4043 3 32 '

480 4075 79 21 existed
581 4075 75 24 before,
680 4082 29 17 or,
734 4073 50 21 with
807 4071 61 21 clank
890 4070 22 20 of

481 4102 121 27 machinery,
624 4101 95 26 grinding
751 4099 48 21 food
822 4098 33 21 for
878 4097 34 21 the

943 85 63 20 cattle
1017 87 22 18 of
1046 93 12 12 a
1068 86 100 20 thousand
1180 87 70 25 plains.

969 112 44 19 Mrs
1031 112 74 25 Zigler,
1124 113 40 19 Jibe
1179 116 51 16 moat
1249 115 77 25 people,
1342 115 20 20 be-

941 143 55 14 came
1010 139 85 18 amiable
1115 139 56 19 when
1194 139 87 20 relieved
1300 141 21 19 of
1339 141 33 19 the

941 164 63 19 strain
1015 164 22 19 oF
1046 167 86 22 poverty
1143 164 4 25 ;
1161 164 35 20 she
1207 165 80 20 became
1307 167 65 19 better

940 190 48 19 than
999 190 92 25 amiable,
1111 191 32 19 for
1154 191 35 19 she
1202 197 54 19 grew
1277 193 64 21 proud
1351 194 21 17 of

941 218 35 17 her
995 218 5 8 '
1011 217 105 25 puttering
1128 217 3 25 '
1142 217 97 24 husband,
1256 217 63 20 whom
1338 218 33 19 sh.-

940 241 37 21 had
988 242 92 21 declared
1091 243 78 24 nobody
1180 243 36 19 but
1227 250 10 12 a
1248 244 55 19 saint
1312 251 10 12 e
1338 245 31 18 u!ii

940 267 38 20 live
990 268 54 20 with.

965 294 39 20 Let
1014 302 23 12 us
1048 302 88 19 suppose
1145 295 45 20 Mrs
1201 295 67 25 Zigler
1289 302 10 12 .1
1310 296 60 24 s:iint,

938 319 55 21 then.
1021 321 40 20 She
1070 322 49 19 lives
1130 321 105 20 enshrined
1246 321 20 20 in
1281 321 33 20 the
1326 323 44 19 best

939 346 101 21 residonce
1050 354 72 19 money
1131 348 38 18 will
1181 348 38 24 buy
1230 348 38 18 and
1281 347 87 24 furnish,

937 373 38 18 and
987 373 46 19 tells
1044 373 69 26 Zigler
1124 374 29 19 his
1168 373 71 25 taking
1256 373 35 19 her
1300 374 69 19 advice

936 397 17 20 is
960 399 54 19 what
1021 400 57 20 made
1088 400 61 20 them.
1177 399 39 19 She
1225 399 68 19 makes
1300 399 68 26 yearly

938 424 56 20 visits
1013 425 47 20 with
1071 433 55 12 soma
1142 425 22 19 of
1178 425 35 19 the
1232 425 99 24 children,
1345 432 23 13 or

937 450 44 20 Ada
990 451 40 19 and
1049 452 35 19 the
1093 451 74 24 babies,
1178 451 39 19 and
1234 450 56 20 there
1305 451 63 20 raises

935 483 12 12 a
956 477 70 20 breeze
1036 478 48 19 with
1095 478 34 19 the
1139 479 56 24 great
1206 479 85 18 western
1308 477 59 24 wind,

937 504 61 19 which
1020 504 50 19 blew
1089 504 49 20 such
1157 504 50 25 good
1229 502 47 20 luck
1296 505 22 17 to
1333 504 34 19 the

934 528 84 26 Ziglers.

960 556 68 25 Zigler
1039 556 81 20 himself
1135 556 59 24 keeps
1205 563 25 12 on
1245 556 22 19 id
1278 555 30 20 his
1319 562 43 12 own

934 581 39 20 line
983 589 22 12 as
1011 583 99 19 stubborn
1121 589 20 12 as
1148 589 39 18 any
1195 582 72 24 genius
1278 582 22 19 of
1310 582 54 19 them

934 607 32 20 nil.
995 608 120 26 Everybody
1126 609 74 23 praises
1216 608 28 19 his
1264 614 89 18 persever-

933 640 48 13 ance
990 634 45 26 just
1044 641 22 13 as
1077 634 58 21 much
1145 641 21 13 as
1176 634 113 24 everybody
1300 634 65 19 would

933 659 49 20 have
994 660 76 20 blamed
1081 660 29 20 his
1121 660 69 26 stupid
1201 660 50 26 folly
1262 660 17 20 if
1290 660 25 19 he
1325 660 37 19 bad

933 693 60 13 never
1003 687 116 20 succeeded.

958 712 67 20 Moral
1035 721 5 11 :
1055 713 57 20 Stick
1129 715 21 18 to
1162 713 53 19 what
1223 719 42 19 you
1283 719 38 14 can
1332 712 31 23 do,

933 738 35 20 but
979 738 24 21 he
1013 746 47 13 sure
1071 741 20 17 to
1102 740 24 19 do
1136 740 22 19 it.

983 782 106 20 BOUGH
1104 783 39 19 ON
1161 782 71 20 RATS
1248 782 60 19 AND

1051 808 186 19 FRENCHMEN.

1018 862 35 19 An
1063 867 122 14 ingenious
1196 867 76 13 phatjd.

956 888 112 20 Enormous
1088 887 92 20 business
1199 887 35 20 has
1249 888 51 19 been
1310 887 50 19 done

930 914 60 25 lately
1011 916 22 18 at
1043 914 78 19 French
1133 913 47 19 fairs
1195 914 25 24 by
1240 919 11 14 a
1262 920 45 13 man
1319 914 42 19 who

931 940 103 25 professed
1053 942 22 17 to
1090 940 37 19 sell
1144 946 12 13 a
1171 942 31 16 rat
1221 940 81 25 powder
1316 940 45 19 that

929 973 40 13 was
975 966 102 26 perfectly
1084 966 96 19 harmless
1190 966 38 19 and
1237 965 44 20 that
1292 966 68 19 struck

929 994 42 18 rats
990 992 51 20 dead
1051 999 26 13 on
1094 992 35 20 the
1143 994 53 23 spot.
1224 992 25 20 In
1267 992 59 20 order
1340 994 21 18 to

928 1019 96 20 convince
1034 1019 34 19 the
1077 1018 103 26 sceptical,
1189 1018 34 20 the
1232 1025 46 13 man
1287 1018 44 21 first
1338 1018 23 20 of

928 1045 25 19 all
964 1045 106 24 powdered
1082 1052 11 12 a
1103 1045 48 19 slice
1161 1041 22 23 of
1197 1045 59 19 bread
1268 1045 47 19 with
1327 1045 33 19 the

928 1071 51 20 stuff
989 1072 39 19 and
1046 1073 34 18 ate
1091 1078 10 12 a
1115 1071 57 25 piece
1190 1070 85 20 himself.
1303 1071 55 21 Then

929 1098 23 20 he
970 1099 39 24 put
1019 1097 34 20 the
1073 1097 114 20 remainder
1201 1098 64 18 under
1275 1104 12 12 a
1306 1098 54 25 glasß

927 1131 49 16 case,
987 1124 22 19 in
1020 1123 64 21 which
1094 1131 11 12 a
1115 1125 33 18 rat
1157 1130 40 12 was
1218 1123 49 26 kept
1276 1125 21 18 in
1310 1131 36 19 cap-

927 1151 65 24 tivity.
1021 1150 42 19 The
1075 1152 33 18 rat
1117 1152 52 17 went
1178 1151 22 18 to
1211 1152 33 17 eat
1254 1149 34 20 the
1298 1150 60 20 bread

927 1177 39 19 and
976 1177 102 25 instantly
1088 1176 36 20 fell
1136 1176 55 19 dead.
1220 1177 29 18 At
1262 1176 26 19 5d
1300 1182 10 13 a
1320 1177 39 19 box

927 1203 34 19 the
968 1203 81 26 powder
1058 1205 54 17 went
1122 1202 29 20 off
1159 1202 40 20 like
1206 1202 37 20 hot
1252 1203 56 23 rolls,
1319 1203 38 19 and

927 1229 34 19 the
980 1229 68 26 luckly
1063 1229 116 26 proprietor
1194 1228 21 20 of
1229 1229 34 19 the
1278 1230 80 24 specific

927 1262 39 13 was
976 1255 21 20 in
1008 1263 11 12 a
1029 1256 40 19 iair
1085 1262 43 19 way
1138 1257 21 17 to
1177 1255 58 19 make
1246 1262 10 12 a
1267 1255 90 21 fortune.

929 1282 39 20 But
987 1282 34 20 the
1041 1282 69 25 police,
1128 1281 43 19 who
1192 1281 21 19 in
1232 1281 78 20 France
1324 1288 33 14 are

926 1315 47 19 very
992 1309 64 19 active
1067 1308 21 20 in
1103 1307 115 26 protecting
1235 1307 35 19 the
1286 1309 72 24 people

926 1335 52 19 from
997 1335 68 23 fraud,
1084 1334 74 20 looked
1172 1334 43 19 into
1234 1334 34 20 the
1284 1337 73 17 matter

926 1361 38 19 and
989 1361 64 20 fouud
1079 1361 46 19 that
1148 1360 34 20 the
1213 1360 81 26 powder
1317 1367 40 14 was

925 1387 86 26 nothing
1029 1387 38 20 but
1091 1387 93 25 ordinary
1201 1394 67 18 sugar.
1302 1387 55 26 They

926 1414 40 19 also
976 1413 117 21 discovered
1103 1413 46 20 that
1159 1414 34 19 the
1203 1420 45 13 case
1260 1420 41 13 was
1311 1421 34 13 con-

925 1441 70 19 nected
1015 1440 48 20 with
1074 1447 12 13 a
1100 1440 109 26 powerful'
1218 1439 80 20 electric
1308 1440 37 20 bat-

926 1469 48 23 tery,
994 1467 40 19 and
1048 1467 47 19 that
1113 1466 35 20 the
1162 1469 89 17 moment
1273 1466 35 20 the
1328 1469 29 17 lat

925 1493 87 20 touched
1035 1493 34 20 the
1088 1493 62 20 bread
1164 1493 34 19 the
1220 1494 82 19 current
1317 1500 40 13 was

925 1520 73 19 turned
1017 1526 32 16 on,
1061 1519 39 20 and
1117 1520 18 19 it
1149 1526 38 13 was
1199 1519 47 20 thus
1265 1519 47 20 that
1326 1520 31 19 his

926 1546 58 19 death
995 1553 40 12 was
1053 1546 90 25 brought
1153 1546 69 19 about.
1249 1546 42 19 The
1311 1553 46 13 man

926 1579 38 13 was
974 1572 89 20 arrested
1075 1573 21 18 at
1106 1579 11 12 a
1127 1572 40 19 fair
1177 1572 22 19 of
1208 1572 54 20 Albi.

1018 1615 78 20 BOTH
1110 1615 146 20 SATISFIED.

952 1667 40 21 The
1002 1667 91 27 plaintiff
1101 1668 20 20 in
1131 1675 12 13 a
1154 1675 43 13 case
1207 1668 34 20 the
1252 1668 58 20 other
1319 1668 38 25 day

926 1694 19 20 in
965 1695 34 19 the
1011 1695 100 19 Pahiatua
1131 1695 63 20 Court
1208 1695 49 19 sued
1277 1695 33 19 for
1324 1695 34 19 the

926 1721 53 25 price
986 1721 22 19 of
1016 1721 61 26 goods
1088 1721 102 22 delivered
1199 1721 36 20 five
1246 1728 57 18 years
1314 1728 43 19 ago.

926 1747 40 20 The
977 1747 112 21 defendant
1100 1747 33 20 did
1144 1750 36 17 not
1190 1748 80 26 dispute
1280 1748 35 19 the
1324 1749 23 18 de-

926 1774 61 26 livery
1002 1774 22 20 of
1042 1774 34 20 the
1091 1774 68 26 goods,
1183 1775 39 19 but
1245 1775 39 25 put
1303 1775 21 19 in
1347 1780 12 14 a

926 1802 83 18 counter
1033 1801 58 19 claim
1111 1801 25 25 by
1158 1808 44 18 way
1226 1800 21 20 of
1267 1801 91 19 defence.

926 1827 40 20 The
976 1827 111 20 difference
1097 1827 88 20 between
1194 1827 34 20 the
1237 1829 41 18 two
1289 1827 70 20 claims

927 1860 38 13 was
981 1855 41 18 Ha.
1050 1854 42 19 The
1111 1854 112 19 defendant
1247 1854 37 19 had
1305 1861 54 12 more

927 1880 48 19 than
985 1887 50 12 once
1045 1880 77 20 offered
1137 1881 22 18 to
1169 1887 71 19 square
1255 1883 104 21 accounts,

927 1906 35 20 but
980 1906 92 26 plaintiff
1083 1906 64 20 would
1162 1909 37 17 not
1213 1906 105 25 recognise
1329 1906 30 19 bin

926 1935 93 17 account.
1048 1933 60 19 After
1128 1934 59 18 much
1201 1939 106 19 swearing,
1326 1933 22 19 de-

928 1959 76 25 posing,
1011 1959 106 26 affirming,
1128 1960 38 18 and
1174 1959 87 25 denying
1269 1960 32 19 for
1312 1966 47 13 over

927 1985 56 20 three
994 1986 67 23 hours,
1072 1986 35 19 the
1116 1986 68 19 Bench
1192 1992 49 18 gave
1251 1986 109 25 judgment

927 2012 32 19 for
977 2012 34 19 the
1031 2013 82 18 amount
1130 2012 83 19 claimed
1227 2012 27 26 by
1268 2012 91 26 plaintiff

928 2038 44 25 plus
979 2040 62 22 costs,
1049 2038 40 19 and
1100 2038 32 20 for
1142 2038 34 20 the
1185 2040 82 17 amount
1275 2038 84 20 claimed

928 2065 24 25 by
972 2065 111 20 defendant
1095 2065 45 25 plus
1155 2067 60 17 costs.
1246 2064 61 20 After
1326 2064 34 19 the

927 2090 60 21 Clerk
1010 2091 22 20 of
1055 2090 34 21 the
1110 2092 65 21 Court
1195 2091 39 19 had
1257 2090 71 21 struck
1349 2097 11 13 a

927 2117 89 25 balance,
1036 2118 17 18 it
1063 2124 41 13 was
1111 2118 68 21 &mnd
1193 2118 44 18 that
1253 2117 57 20 there
1321 2123 39 14 was

927 2150 11 13 a
948 2144 84 19 balance
1042 2143 21 19 of
1073 2144 27 18 2d
1109 2144 22 19 ia
1141 2144 58 19 favor
1210 2143 21 19 of
1246 2144 34 18 the
1290 2142 58 21 defen-

927 2170 56 19 dant.
1011 2169 56 20 Both
1076 2170 93 25 litigants
1177 2170 77 19 started
1262 2169 32 20 for
1303 2169 57 20 home

927 2196 110 25 seemingly
1046 2195 44 20 well
1099 2196 80 25 pleased
1187 2196 49 19 with
1243 2196 36 19 the
1286 2196 72 20 result.

979 2240 88 20 WHAT
1068 2236 21 12 'S
1103 2240 38 19 UP
1156 2239 79 21 WITH
1250 2239 49 20 OIL.

954 2293 26 20 In
990 2299 80 14 answer
1084 2294 23 18 to
1117 2300 11 13 a
1138 2292 94 26 question
1248 2292 44 26 why
1302 2291 46 20 kero-

927 2326 47 13 sene
994 2320 18 20 is
1026 2326 22 13 so
1067 2319 53 25 dear,
1136 2325 12 14 a
1170 2319 122 20 Melbourne
1315 2318 44 20 firm

927 2346 67 20 writes
1014 2353 23 13 as
1051 2346 80 20 follows
1142 2345 74 20 :—The
1231 2345 53 20 facts
1293 2351 26 19 go
1338 2347 21 18 to

927 2372 54 20 show
1001 2373 46 19 that
1061 2372 34 19 tho
1114 2372 41 20 rise
1169 2372 21 19 in
1213 2372 58 19 value
1289 2372 22 19 in
1326 2371 33 20 the

926 2398 78 21 United
1028 2400 68 19 States
1115 2398 18 20 is
1147 2398 74 26 mainly
1241 2398 38 19 due
1298 2399 22 18 to
1334 2405 25 12 an

926 2428 116 22 agreement
1051 2425 75 25 having
1135 2425 51 20 been
1201 2424 78 20 arrived
1289 2426 21 17 at
1321 2424 26 20 be-

927 2454 65 17 tween
1015 2451 35 20 the
1068 2452 91 19 Russian
1173 2451 34 20 Oil
1232 2450 125 26 Companies,

927 2478 62 20 which
999 2485 35 13 are
1043 2478 43 20 said
1096 2480 21 17 to
1128 2478 25 19 be
1162 2477 113 21 controlled
1289 2478 25 25 by
1324 2477 35 20 the

927 2505 77 20 Messrs
1019 2502 122 22 Rothschild
1157 2505 42 20 and.
1207 2504 34 19 the
1258 2503 99 20 Standard

927 2531 34 20 Oil
980 2531 104 25 Company
1100 2530 22 20 of
1138 2530 33 21 the
1194 2530 73 20 United
1282 2530 75 25 States,

927 2557 61 20 which
995 2558 18 19 is
1020 2558 87 26 perhaps
1113 2557 35 20 the
1154 2559 90 23 greatest
1251 2557 107 25 monopoly

926 2585 20 18 in
965 2584 34 19 the
1014 2584 68 20 world.
1117 2584 64 19 Tbeoe
1201 2583 99 26 powerful
1324 2589 22 13 an-

926 2610 99 26 tagonists
1039 2610 50 20 have
1108 2610 32 20 for
1160 2617 53 12 some
1232 2616 57 19 years
1310 2612 48 23 past

926 2637 61 20 failed
1011 2640 21 17 to
1055 2643 60 20 agree
1139 2643 22 13 as
1183 2638 21 18 to
1228 2636 65 25 prices
1319 2636 38 19 and

926 2663 85 20 division
1021 2663 23 20 of
1054 2663 62 26 spoils
1125 2662 109 27 generally,
1249 2663 63 19 hence
1322 2662 34 20 the

927 2690 60 20 bitter
1011 2690 133 25 competition
1168 2689 48 20 with
1249 2689 108 19 attendant

926 2716 62 25 heavy
997 2716 42 20 loss
1058 2718 21 18 to
1091 2716 48 19 both
1156 2715 151 21 combinations.
1335 2715 22 19 If

926 2743 47 26 they
995 2743 51 19 have
1065 2749 45 13 now
1124 2749 54 13 come
1202 2741 93 26 together
1318 2741 38 19 and

926 2770 55 20 made
1000 2776 11 13 a
1021 2769 50 19 hard
1081 2769 40 19 and
1136 2769 42 19 fast
1197 2770 120 23 agreement,
1335 2774 21 12 as

926 2795 100 26 reported,
1035 2795 18 20 it
1068 2795 16 19 is
1095 2795 62 26 likely
1167 2795 44 19 that
1228 2793 35 20 the
1273 2796 84 23 present

926 2823 50 19 level
983 2822 23 20 of
1014 2821 49 26 high
1071 2822 65 24 prices
1143 2821 38 19 will
1194 2821 23 19 be
1225 2820 131 24 maintained,

927 2849 85 26 perhaps
1035 2848 49 20 with
1104 2855 11 12 a
1129 2847 99 25 tendency
1253 2849 22 17 to
1297 2847 60 19 lower

926 2875 73 25 figures
1009 2875 51 19 later
1068 2881 32 16 on,
1111 2874 39 20 but
1160 2874 20 19 in
1190 2880 38 19 any
1237 2880 44 13 case
1292 2873 65 25 priceß

927 2902 38 20 will
983 2901 75 21 remain
1073 2903 105 23 twopence
1192 2902 23 18 to
1236 2900 121 24 threepence

926 2935 35 20 per
978 2928 67 25 gallon
1055 2934 46 14 over
1115 2927 58 19 those
1191 2926 22 20 of
1231 2926 36 20 the
1281 2932 64 14 corres-

927 2955 89 26 ponding
1026 2954 68 26 period
1105 2953 21 21 of
1136 2954 40 19 last
1185 2959 53 20 yeai.

1048 29 59 21 THE
1122 29 60 22 HOT
1201 30 93 21 LAKES
1319 31 179 27 CHRONICLE,
1747 34 75 21 JULY
1837 34 33 25 81,
1884 34 56 22 1H95,

84 4052 40 15 ■very
130 4052 36 15 pera
176 4048 35 15 nin
218 4047 33 18 4hu3
264 4047 65 18 district
352 4048 54 16 should
425 4050 38 15 Bend

83 4072 21 14 py
121 4068 16 15 of
150 4067 29 16 tho
193 4067 42 16 New
253 4067 73 16 Zealand
339 4067 71 20 Cookery
419 4069 44 16 Book

75 4091 14 11 j
96 4086 65 16 friends.
182 4086 15 16 A
213 4090 45 13 more
271 4086 55 17 useful
342 4083 64 24 preseuf
418 4089 45 15 could

76 4105 21 17 be
108 4105 126 18 found.—AiiVT

926 3008 1 28 ■
952 3011 48 25 Says
1024 3010 34 20 the
1077 3010 96 26 Tuapeka
1187 3009 65 20 Times
1264 3008 3 28 :
1293 3008 61 20 After

926 3037 62 25 filling
998 3037 21 20 in
1029 3037 31 19 his
1079 3039 80 17 returns
1169 3038 21 17 in
1199 3036 34 19 the
1249 3035 63 26 rough
1324 3035 32 20 for

926 3064 33 20 the
969 3064 77 19 income
1053 3065 121 18 assessment
1182 3063 128 25 department
1322 3062 33 19 the

926 3090 57 20 other
993 3090 46 26 day,
1048 3097 25 12 an
1084 3096 28 19 up
1122 3092 85 22 country
1223 3088 77 23 settler,
1311 3088 43 19 who

927 3116 37 21 had
974 3118 38 25 put
1022 3116 57 20 down
1089 3123 12 13 a
1110 3115 54 20 trifle
1174 3116 21 19 of
1205 3115 86 20 interest
1300 3115 54 20 from

926 3151 11 12 a
947 3143 78 26 savings
1035 3142 59 25 bank,
1106 3149 12 13 a
1134 3142 53 19 little
1201 3142 32 19 for
1243 3144 55 17 rents
1317 3142 37 19 and

927 3171 32 19 for
967 3165 70 30 profits
1048 3176 25 13 on
1082 3169 89 25 farming
1180 3168 64 20 under
1252 3168 34 20 the
1298 3168 46 20 head-

926 3196 34 23 ing;
980 3196 20 19 of
1019 3196 77 20 income
1117 3196 52 20 from
1185 3195 137 25 employment
1336 3201 21 14 or

927 3223 122 20 emolument
1072 3222 52 20 from
1143 3229 38 19 any
1205 3222 58 19 other
1287 3229 70 14 source

927 3250 48 19 than
986 3249 59 21 those
1064 3248 137 25 enumerated,
1214 3248 95 26 inserted,
1320 3249 5 10 '
1338 3251 19 18 to

928 3276 95 25 assisting
1033 3276 113 25 neighbour
1156 3275 25 20 M
1243 3276 22 19 to
1275 3275 34 26 dig
1319 3275 39 27 bog

927 3309 83 19 oranges
1020 3302 40 20 and
1073 3302 89 26 bagging
1179 3309 59 18 Bame,
1256 3308 42 20 say,
1308 3302 50 20 255.'

953 3336 63 20 There
1028 3337 17 20 is
1054 3343 12 13 a
1072 3335 52 20 thief
1133 3335 21 20 in
1162 3335 65 20 South
1237 3335 122 21 Melbourne

929 3363 22 20 of
960 3370 11 12 a
979 3363 105 25 decidedly
1093 3361 137 27 enterprising
1244 3361 111 22 character.

930 3391 15 19 A
957 3389 165 25 Sub-Inspector
1131 3388 36 20 has
1187 3387 50 27 good
1257 3395 71 14 reason
1338 3392 21 17 to

929 3416 24 20 be
962 3422 66 14 aware
1037 3416 22 19 of
1069 3415 34 20 the
1120 3414 84 21 fellow's
1211 3414 105 26 existence,
1327 3416 32 20 for

929 3443 24 19 he
969 3442 35 20 has
1016 3442 88 20 suffered
1116 3448 11 13 a
1146 3442 40 19 loss
1196 3441 21 20 of
1231 3441 30 21 £6
1272 3442 86 26 through

929 3469 47 20 him.
1004 3469 33 21 On
1058 3469 34 19 the
1111 3469 46 18 21st
1172 3468 37 19 ult.
1232 3468 46 20 that
1294 3468 65 20 officer

930 3496 53 25 hung
993 3496 31 20 his
1043 3494 90 21 uniform
1148 3494 123 20 mackintosh
1285 3495 39 19 and
1335 3502 24 13 an

929 3525 92 17 overcoat
1036 3522 20 20 in
1072 3521 34 20 the
1116 3520 40 20 hall
1167 3521 22 19 of
1207 3520 30 20 his
1253 3521 106 21 residence.

930 3548 81 27 During
1026 3548 36 21 the
1077 3548 106 19 afternoon
1199 3546 34 21 the
1252 3548 39 19 hall
1311 3549 48 19 door

929 3575 99 21 remained
1049 3581 58 19 open,
1131 3573 40 20 and
1188 3574 34 19 the
1237 3574 51 20 thief
1312 3575 48 20 took

929 3602 111 26 advantage
1051 3601 21 20 of
1080 3600 35 21 the
1119 3600 140 26 opportunity,
1268 3602 91 19 marched

930 3629 19 20 in
960 3629 38 20 and
1009 3628 76 21 carried
1094 3634 56 19 away
1163 3627 49 19 both
1220 3629 60 18 coats.

948 3661 35 15 The
988 3661 37 15 beat
1030 3659 80 17 medicine
1121 3659 62 15 known
1188 3659 18 14 in
1210 3659 63 15 Sander
1277 3659 33 15 and
1318 3660 43 15 Sons

929 3680 89 20 Eucalypti
1030 3680 75 15 Extract.
1133 3679 39 15 Teat
1178 3678 21 16 its
1206 3678 62 15 cminnt
1279 3679 63 18 powerf
1343 3683 7 10 >.
1355 3678 6 16 1

929 3701 48 15 effect
983 3704 16 11 in
1006 3699 66 19 coughs,
1079 3698 49 18 colds,
1133 3697 87 19 influenza,
1227 3698 80 15 etc.—the
1313 3699 48 15 relief

955 3720 129 15 instantaneous.
1110 3717 97 15 Thousandß
1224 3716 36 20 give
1283 3717 29 16 the
1319 3718 43 15 most

952 3738 68 20 p,tifying
1034 3737 94 23 testimony.
1153 3736 32 16 His
1197 3736 65 20 M»jesy
1276 3737 28 15 the
1314 3737 47 19 King

930 3759 16 15 of
963 3758 50 20 Italy,
1030 3757 34 15 and
1073 3756 69 16 medical
1153 3756 91 18 syndicates
1251 3756 23 15 all
1287 3761 39 11 over
1334 3756 26 16 the

930 3778 46 15 •*lobe
983 3782 27 11 are
1016 3777 23 15 its
1045 3777 72 19 patrons.
1138 3776 46 15 Read
1194 3776 28 14 the
1232 3775 58 16 official
1297 3778 63 17 reporet

943 3798 22 15 lat
971 3800 100 16 accompany
1084 3796 40 15 each
1136 3795 66 15 botttlo.
1228 3795 66 19 Mosler,
1307 3795 47 15 H.D.

943 3817 31 16 rof.
982 3816 102 19 University,
1096 3814 104 19 GroifßWald,
1223 3815 63 18 reports
1328 3814 33 15 Th*

944 3835 74 21 ucalypti
1023 3835 71 15 Extract
1100 3834 61 20 proved
1165 3833 122 20 magnificently
1292 3838 69 15 success,

943 3856 12 15 il
961 3856 17 15 in
988 3860 41 15 very
1042 3858 55 11 severe
1107 3853 99 19 contusions,
1213 3852 67 19 bruises,
1291 3853 69 19 sprains,

945 3875 57 19 ounds,
1008 3873 86 19 scoldings,
1099 3873 62 15 broken
1164 3872 38 19 ribs,
1208 3872 32 15 and
1245 3872 4 22 1
1253 3872 45 16 imln.
1307 3873 43 19 (Med
1354 3881 7 3 -

931 3894 73 19 Journal,
1011 3894 51 18 Nov.,
1071 3892 52 19 1881).
1143 3892 21 15 In
1171 3892 69 14 diseases
1260 3892 18 14 o2
1289 3892 28 15 the
1324 3892 28 15 kid

929 3919 45 15 neys,
988 3913 52 16 either
1053 3912 53 15 active
1120 3911 93 20 congestion
1227 3915 17 10 or
1258 3911 103 19 suppression

931 3932 82 22 (uroemia)
1032 3937 18 11 or
1073 3930 117 20 albuminuria,
1212 3930 65 20 dropsy,
1291 3930 70 16 lithiasis

930 3953 68 18 nothing
1002 3951 35 16 will
1044 3951 49 18 equal
1098 3951 17 15 in
1120 3951 21 14 iis
1146 3950 54 15 act'on
1204 3950 155 19 EucalypiiExtrac)

943 3976 42 15 loses,
993 3972 33 15 sto
1033 3972 9 14 8
1053 3970 54 20 drops.
1127 3969 65 19 Mesler,
1203 3969 53 19 M.D.,
1266 3969 46 15 Prof.
1319 3969 33 15 Uni

929 3991 66 19 vorsity,
1003 3990 105 19 Groifswald,
1115 3988 247 21 reports:—Dipthcria.Toiisils

930 4010 100 19 continually
1033 4009 78 16 coherent
1114 4013 57 15 preseu
1174 4004 93 24 tuig.ufcem
1268 4007 41 16 with
1313 4008 49 15 white

929 4030 75 17 exudate.
1014 4028 55 17 Cured
1081 4028 18 15 in
1113 4028 18 15 14
1137 4028 46 19 days.
1197 4027 80 19 .Surfrical
1287 4027 53 16 Clinic
1346 4028 17 15 of

929 4050 45 16 Prof.
986 4049 89 19 M'lntyre,
1086 4047 65 20 College
1158 4047 18 16 of
1181 4046 95 20 Physicians
1282 4047 33 15 and
1322 4047 30 16 Sur-

930 4074 45 8 cw.nn.
992 4069 20 13 St
1024 4066 146 16 Louis—Scirrhus
1176 4067 18 15 of
1204 4067 59 15 Breast
1279 4066 84 16 Excisions

929 4087 84 21 eucalypti
1016 4087 70 16 Extract
1093 4086 91 20 employed.
1204 4085 28 16 No
1237 4085 79 21 swelling,
1325 4086 39 16 beat

933 4104 173 21 .iscofroation.Cured
1118 4106 35 16 nH
1169 4104 134 21 days.—fAdvt.J

1450 3722 34 39 J.
1501 3722 37 40 T,
1553 3723 187 46 JHens^aw,

1391 3766 142 29 GENERAL
1573 3769 240 36 STOREKEEPER,

1476 3801 55 20 THE
1555 3801 160 24 BUNGALOW.

1380 3835 188 24 KAKAEA.WEA,
1594 3836 128 21 GALATEA
1754 3839 60 20 AND

1387 3880 7 7 .
1428 3861 174 21 WAI-O-TArU
1617 3863 148 22 JUNCTION.

1381 3913 83 23 Horse
1500 3913 55 23 feed
1593 3916 50 21 and
1672 3916 143 23 Luncheon

1530 3942 136 25 provided.

1477 3987 21 34 J.
1534 3988 25 26 R.
1590 3988 125 35 COWAN,

1439 4022 120 21 Barrister
1574 4022 48 20 and
1635 4021 122 27 Solicitor,

1543 4048 106 20 Eotohua.

1381 4100 49 23 May
1441 4101 25 19 be
1477 4101 107 20 consulted
1595 4102 23 18 at
1746 4101 63 19 Hotel

1511 103 246 67 LAKE
1836 101 329 68 HOUSE

1438 180 328 45 Hydropathic
1809 178 153 44 Motel,
1999 178 231 38 Roturua-

1663 228 259 23 ESTABLISHJED
1938 228 73 20 1881.

1392 265 83 23 Under
1487 265 39 24 the
1540 271 132 25 patronage
1684 267 26 22 of
1722 266 39 23 Sir
1784 265 39 24 W.
1844 264 101 31 Jervois,
1965 263 59 24 Earl
2044 264 48 22 and
2114 263 118 23 Countess
2253 262 25 23 of

1440 298 138 31 Hopetoun,
1591 298 41 23 the
1646 299 65 23 Hon.
1725 298 106 24 Premier
1843 297 48 23 and
1904 296 126 24 Members
2042 296 26 23 of
2081 296 150 23 Parliament.

1420 349 54 23 The
1487 348 75 24 Hotel
1578 348 19 24 is
1607 349 107 23 situated
1727 357 30 16 on
1770 357 29 15 an
1813 348 113 23 elevated
1940 347 105 31 position
2059 355 30 15 on
2102 347 41 22 the
2155 347 85 23 shores
2253 348 25 23 of

1388 381 66 24 Lake
1468 382 115 27 Rotorua,
1597 381 145 24 convenient
1755 387 25 18 to
1797 381 30 23 all
1841 381 40 23 the
1899 380 77 32 sights
1989 380 23 23 in
2026 380 41 23 the
2075 379 101 23 district.

1389 419 156 33 Sulphur
1557 419 69 27 and
1644 419 151 27 Mineral
1806 418 109 27 BathS
1928 418 24 24 in
1965 418 41 23 the
2027 418 116 24 Grounds
2161 418 25 23 of
2199 418 77 23 Hotel

1418 489 38 24 To
1467 494 65 19 meet
1542 489 41 23 the
1596 489 107 24 dullness
1717 490 26 23 of
1755 489 40 23 the
1808 489 71 23 times
1893 496 13 15 a
1919 488 90 31 charge
2024 488 25 22 of
2062 486 40 30 £2
2119 496 24 14 2?
2152 496 43 23 per
2208 488 67 23 week

1463 522 37 23 for
1518 531 13 14 a
1545 522 148 31 lengthened
1706 528 62 24 stay,
1804 521 85 24 Under
1901 529 46 15 one
1959 521 70 23 week
2044 522 35 22 Bs.
2095 529 43 23 per
2151 521 55 31 day.

1834 566 11 12 o

1383 586 38 27 N.
1433 587 34 26 B.
1468 587 88 23 —Mrs
1571 586 108 23 Graham
1692 586 47 23 will
1752 585 52 24 also
1816 586 112 23 continue
1942 590 24 19 to
1977 585 127 31 supervise
2118 586 40 23 the

1477 620 129 42 Geyser
1606 629 10 12 3
1634 619 123 36 House
1782 618 254 44 .Hydropathic
2055 618 123 40 Hotel,

1715 665 239 32 WAIBAKEI,

1381 703 77 25 which
1470 703 42 25 has
1525 704 101 24 become
1639 713 13 14 a
1661 703 102 32 popular
1773 703 22 24 &
1806 704 119 24 favourite
1935 708 203 28 resortamongst
2147 703 126 25 travellers

1732 737 48 24 and
1810 736 110 25 invalids.

1447 775 25 23 A
1491 774 124 24 reduction
1635 775 19 23 is
1675 775 74 23 made
1769 780 24 18 to
1813 775 92 31 weekly
1924 784 27 15 or
1963 775 109 32 monthly
2081 775 123 24 boarders.

1381 813 82 24 Guide
1476 813 81 24 Books
1567 813 47 23 and
1628 813 155 24 information
1793 813 75 31 gratis
1881 818 25 19 at
1915 814 70 23 Cook
1997 815 23 23 &
2032 815 62 24 Sons
2105 813 62 32 (sole
2176 813 95 33 agents)

1613 846 82 24 offices
1715 846 146 33 throughont
1880 847 41 24 the
1935 847 102 32 Colony.

1380 884 88 37 •Mps.
1489 884 38 38 R.
1547 884 212 40 @O.HJI«M,
1800 905 18 6 -
1871 905 18 7 -
1942 907 19 5 -
2003 885 266 43 Proprietress.

1381 964 453 61 GEYSER
1886 966 379 60 HOUSE

1426 1039 331 47 Hydropathic
1788 1039 154 42 Hotel,
1961 1040 259 39 Wairakei.

1576 1085 37 19 Six
1622 1086 59 19 miles
1690 1086 53 19 from
1753 1086 58 19 Lako
1820 1086 70 25 Taupo
1901 1086 101 25 (Eotorua
2013 1086 60 25 side).

1504 1117 220 31 SUPERIOR
1756 1118 389 31 ACCOMMODATION

1571 1155 54 20 ALL
1635 1156 59 19 THE
1703 1156 146 19 COMFORTS
1859 1156 35 19 OF
1905 1156 17 19 A
1932 1156 82 19 HOME
2024 1156 56 20 FOE

1611 1183 158 26 Tourists
1788 1182 68 27 and
1886 1182 141 27 Invalid

1378 1253 69 27 Hot
1461 1253 204 32 Swimming
1678 1253 117 31 Baths,
1811 1253 294 28 Kin-o-hine-Kai
2130 1260 40 20 or
2183 1253 85 27 New

1529 1287 83 26 Skin
1639 1286 99 32 Bath,
1766 1287 70 26 Hot
1849 1286 140 28 Douche
1999 1287 120 32 Baths.

1678 1319 119 28 Grand
1815 1319 152 28 Climate.

1477 1358 304 28 Elevation—l3so
1799 1358 67 27 feet
1880 1359 110 28 above
2001 1366 60 21 sea
2070 1358 98 32 level.

1378 1426 257 28 COMPETENT
1652 1427 162 27 GUIDES
1825 1436 156 25 accompany
1993 1428 108 25 tourists
2110 1429 27 23 to
2145 1428 46 24 the
2202 1427 53 25 vari-

1477 1468 46 17 ous
1536 1461 84 32 places
1633 1461 27 24 of
1672 1461 117 32 interest,
1803 1461 86 25 which
1896 1462 76 24 baffle
1985 1462 45 25 the
2043 1463 66 24 most
2120 1461 79 25 facile
2207 1468 60 25 pen,

1477 1494 50 24 and
1540 1502 48 17 can
1600 1494 60 33 only
1673 1495 32 24 be
1717 1494 109 25 realized
1838 1495 77 24 when
1933 1503 67 17 seen.

1421 1553 17 3 _
1736 1530 242 19 e-s-65£s(fcJ£^-5-3—__

1379 1552 195 26 GEYSER
1589 1553 194 25 VALLEY
1792 1554 92 20 contains
1891 1554 36 20 the
1934 1554 108 27 following
2054 1553 122 27 unequalled
2185 1554 83 19 Natura

1457 1580 92 19 wonders
1559 1580 4 26 :
1565 1580 150 24 —Tuhuatahi,
1736 1588 23 12 or
1779 1581 65 20 Great
1863 1581 132 25 Champagne
2016 1581 104 20 Cauldron
2131 1580 4 26 ;
2150 1580 35 19 the
2203 1580 66 20 Great

1456 1606 105 20 Wairakei
1570 1606 91 26 Geyßer;
1671 1606 35 20 the
1717 1607 89 25 Donkey
1815 1607 79 25 Engine
1904 1606 4 26 ;
1920 1607 34 20 the
1966 1607 85 21 Fairies'
2060 1606 53 21 Bath
2122 1615 5 16 ;
2138 1606 35 20 the
2183 1606 73 26 Lightn-

1457 1632 38 26 ing
1506 1633 61 23 Pool;
1579 1633 35 19 the
1625 1634 89 19 Cascde
1726 1633 84 25 Geyser,
1825 1640 22 13 or
1858 1634 103 26 Dragon'p
1971 1635 73 19 mouth
2054 1632 4 28 ;
2069 1632 36 21 the
2113 1633 59 19 hlack
2184 1633 89 25 Geyser;,

1457 1659 34 20 the
1499 1659 51 20 Mud
1563 1660 77 24 Geyser
1650 1659 4 27 ;
1672 1660 34 19 the
1719 1659 52 20 Blue
1781 1660 54 20 Lake
1845 1659 4 27 ;
1859 1660 35 19 the
1914 1660 33 20 Oil
1959 1660 53 20 Bi;th
2021 1668 5 18 ;
2045 1661 36 19 the
2103 1659 80 26 Eagle's
2202 1660 67 23 Neßt;

1458 1686 35 19 the
1504 1684 77 22 Devil's
1593 1686 70 19 Punch
1675 1684 70 27 Bowl;
1757 1686 35 20 the
1803 1686 70 21 Prince
1889 1686 22 20 of
1921 1687 77 20 Wales'
2009 1687 112 24 Feathers;
2130 1686 33 19 the
2180 1685 89 25 Mirror;

1458 1712 33 20 the
1501 1712 55 19 Twin
1566 1712 78 26 Geyser
1654 1721 5 15 ;
1670 1712 35 20 the
1716 1713 63 19 Coral
1788 1714 78 24 Goyser
1875 1722 5 15 ;
1892 1713 35 20 ihe
1937 1713 68 20 Green
2021 1714 48 19 Pool
2080 1712 4 26 ;
2103 1712 132 24 Terekerehe,
2247 1720 23 12 or

1457 1738 49 20 Hell
1517 1739 92 24 Geyser;
1619 1738 35 20 the
1665 1739 69 21 Steam
1746 1740 102 21 Hammer,
1879 1740 84 21 Guide's
1974 1740 33 21 fee
2018 1742 21 18 to
2051 1741 80 24 Geyser
2150 1738 79 26 Valley,
2240 1741 29 23 ss;

1458 1765 92 20 distance
1560 1765 52 20 from
1623 1766 34 19 the
1668 1765 63 25 hotel,
1741 1773 39 13 one
1791 1766 51 20 mile.

1380 1816 97 26 THE
1497 1818 94 24 ARE
1599 1818 97 24 ATE
1703 1818 97 25 ATE
1808 1819 29 24 A
1868 1827 23 12 or
1901 1819 82 21 Ladder
1992 1819 85 26 Rapids.
2105 1819 42 20 The
2166 1820 104 19 Grandest

1459 1845 79 24 Eapids
1549 1845 20 19 in
1579 1845 35 19 the
1626 1845 101 20 Southern
1739 1842 138 29 Hemisphere
1886 1842 3 30 ;
1899 1846 75 26 falling
1985 1847 21 19 in
2026 1847 30 19 six
2073 1846 88 19 distinct
2178 1846 92 21 cascades

1459 1873 94 23 amongst
1569 1871 62 20 weird
1642 1872 42 19 and
1694 1872 77 25 rugged
1786 1879 89 19 scenery.
1904 1872 98 21 Distance
2012 1874 53 19 from
2078 1873 35 19 tho
2133 1873 62 24 hotel,
2214 1873 56 20 three

1459 1898 64 19 miles.
1552 1898 75 19 Saddle
1636 1898 71 20 hortes
1722 1900 22 17 to
1755 1898 47 20 visit
1813 1898 33 21 the
1854 1900 84 25 Eapids,
1950 1900 23 20 7s
1983 1900 26 19 (>d
2020 1900 55 20 each.

1381 1945 221 24 K.ERAPITI
1632 1953 22 13 or
1664 1946 35 20 the
1710 1947 78 19 Devil's
1798 1947 96 25 Trumpet
1906 1948 16 19 is
1940 1948 42 19 said
2003 1951 20 17 to
2046 1948 50 19 emit
2115 1955 12 13 it
2148 1954 93 18 pressure
2251 1947 21 19 of

1459 1973 71 18 ISOlbs
1541 1973 21 18 of
1577 1975 63 17 steam
1652 1975 21 17 to
1684 1973 35 19 the
1726 1973 55 23 inch,
1795 1974 53 18 from
1858 1980 26 13 an
1899 1976 98 25 aperture
2007 1975 21 19 of
2048 1975 64 19 about
2131 1976 26 18 12
2172 1975 69 19 inches
2251 1975 19 18 in

1459 1998 105 20 diameter.
1592 1999 99 20 Distance
1703 1999 54 19 froji
1768 1999 55 21 hotel
1831 1999 56 21 three
1898 2001 38 19 and
1950 2008 10 13 a
1971 2001 43 19 half
2025 2001 56 20 miles
2090 1998 4 27 ;
2115 2001 71 20 saddle
2202 2001 70 19 horses

1459 2027 21 17 to
1492 2025 48 20 visit
1550 2025 35 20 the
1595 2026 70 24 above,
1677 2026 57 20 2s(sd
1744 2026 56 20 each.

1458 2078 18 3 __
1666 2079 9 2 _
1795 2058 52 14 ALSO

1383 2077 95 25 THE
1500 2077 132 25 HUKA
1651 2078 170 32 FALLS,
1840 2079 34 21 the
1892 2079 106 21 Grandest
2007 2080 59 21 Falls
2075 2081 21 19 in
2117 2079 34 21 the
2171 2079 100 21 Southern

1449 2108 153 25 -Hemisphere.
1630 2109 42 20 The
1684 2109 55 20 Palls
1750 2116 45 20 may
1810 2112 23 17 be
1844 2110 72 20 visited
1924 2117 26 13 on
1959 2110 35 21 the
2004 2118 55 13 same
2066 2111 116 25 expedition
2195 2118 22 13 as
2238 2111 35 20 the

1459 2134 80 20 Dovil's
1546 2135 105 26 Trumpet.
1679 2135 99 20 Distance
1788 2136 52 19 from
1851 2136 53 20 hotel
1915 2137 60 20 throe
1983 2138 40 19 and
2033 2145 13 12 a
2056 2138 44 19 half
2110 2138 68 19 miles..
2199 2137 74 20 Saddle

1461 2161 60 20 horse
1539 2168 22 12 or
1571 2161 69 26 buggy
1654 2161 50 21 2s9d
1714 2162 56 20 each.

1515 2187 87 27 MRS
1616 2187 37 27 R.
1671 2188 198 33 GRAHAM,
1889 2189 247 34 Proprietress.

1381 3127 456 79 CENTRAL
1918 3136 347 85 HOTEL,

1530 3216 58 27 HIGH
1607 3217 34 26 ST.
1662 3218 39 25 and
1719 3218 111 28 VICTORIA
1840 3220 32 27 ST.
1889 3220 64 32 EAST,
1976 3221 130 27 AUCKLAND.

1430 3273 43 21 The
1492 3274 65 21 nbovo
1576 3275 110 22 Favourite
1703 3276 40 21 and
1766 3278 142 21 Commodious
1926 3280 64 20 Hotel
2007 3280 77 20 affords
2103 3280 166 21 EXCELLENT

1378 3299 242 22 ACCOMMODATION
1652 3303 33 19 for
1711 3303 142 27 TOURISTS,
1887 3306 183 21 TRAVELLERS
2098 3308 15 18 &
2141 3307 127 21 VISITORS

1378 3326 45 20 who
1432 3327 42 19 will
1483 3328 77 19 receive
1570 3335 60 19 every
1640 3328 91 21 Comfort
1745 3331 41 19 and
1801 3331 111 21 Attention.

1417 3379 82 27 Sample
1508 3380 77 20 Rooms
1594 3381 32 20 for
1635 3381 187 22 COMMERCIAL
1831 3384 182 22 TRAVELLERS
2023 3386 102 20 available
2135 3389 21 17 at
2166 3386 28 20 all
2203 3387 64 20 times.

1818 3417 10 14 o

1431 3431 91 28 Charges
1531 3433 111 22 Moderate.
1667 3434 118 21 SPECIAL
1791 3436 88 21 RATES
1885 3437 33 20 TO
1929 3438 177 21 PERMANENT
2113 3438 154 21 BOARDERS.

1430 3484 106 21 Excellent
1545 3485 88 21 Cuisine.
1661 3487 98 26 Spacious
1772 3488 41 20 and
1832 3489 179 21 Well-Ventilated
2030 3490 117 21 Bedrooms.
2183 3491 85 21 Billiard

1378 3510 65 20 Room
1452 3512 48 20 with
1512 3514 39 18 two
1561 3513 104 20 first-class
1675 3514 71 20 tables.
1775 3514 44 20 Hot
1833 3516 16 18 &
1859 3516 51 19 Cold
1922 3517 81 25 Plunge
2013 3518 15 18 &
2039 3517 84 21 Shower
2132 3518 72 20 Baths.

1545 3542 79 27 Wines,
1636 3544 74 27 Spirits
1720 3546 40 19 and
1769 3546 49 20 Ales
1828 3548 21 19 of
1858 3548 35 19 the
1903 3548 43 20 best
1956 3548 80 20 Brands
2044 3549 53 26 only.

1530 3603 41 40 8.
1602 3605 39 38 C.
1671 3588 461 69 CAULTONTProprietor.

1858 3739 45 39 W.
1923 3739 320 47 Blomfieid&Co.,

1834 3816 208 23 TOTALISATOR
2060 3817 202 29 PROPRIETORS

1860 3871 41 19 Are
1909 3871 99 25 prepared
2016 3873 20 17 (o
2051 3871 57 20 make
2115 3874 154 22 arrangements

1825 3892 35 24 ion
1879 3896 120 21 favourable
2018 3899 64 18 terms
2105 3898 33 19 for
2154 3897 36 20 the
2199 3904 39 14 use
2248 3899 21 18 of

1825 3923 2 20 :
1834 3923 54 20 their
1898 3923 107 20 machines.

1837 3997 45 39 W.
1921 3997 186 36 BlomfiGld
2142 3997 37 36 &
2214 3997 54 41 Co,

1904 4050 106 35 QUEEN
2071 4051 130 36 STREET,

1966 4097 172 28 AUCKLAND.

567 4192 129 56 Ask
726 4191 93 54 for
855 4191 334 54 Hanccok's
1214 4184 342 57 Celebrated
1586 4189 207 49 XXXX
1817 4180 145 54 Ales
1990 4180 119 51 and
2140 4180 192 53 Stout.

2323 89 114 22 Visitors
2448 91 27 20 to
2486 90 46 21 the
2547 91 54 21 Hot
2613 93 89 21 Lakes.

2345 165 154 37 Palace
2535 169 173 45 H0te1,...

2296 207 93 21 Situated
2417 210 20 19 in
2461 211 34 20 the
2516 214 50 19 Now
2594 214 133 21 Govermnenl

2296 234 109 25 Township
2420 236 20 18 in
2459 237 51 19 close
2528 240 110 25 proximity
2656 242 21 17 to
2696 240 35 19 tho

2296 259 70 24 Baths,
2387 259 132 28 Sanatorium,
2542 264 50 20 Post
2610 266 60 19 Office
2689 266 41 19 and

2296 284 93 26 Railway
2400 285 84 21 Station.

2321 336 43 19 The
2375 336 60 19 Hotel
2448 337 15 19 is
2479 338 125 28 luxuriously
2623 343 107 19 furnished

2295 362 41 18 and
2345 362 76 25 replete
2430 363 47 18 with
2487 370 58 19 every
2556 369 132 19 convenience
2698 369 33 19 for

2295 388 83 18 tourists
2388 388 40 18 and
2443 389 73 19 others.
2544 391 21 19 It
2583 394 116 18 commands
2719 400 11 13 a

2295 412 92 25 splendid
2397 414 51 18 view
2455 414 22 19 of
2486 415 34 19 tho
2529 416 57 20 Lake
2595 419 41 18 and
2644 419 18 18 is
2672 420 47 18 with-

2295 437 21 19 in
2326 444 48 19 easy
2383 445 65 13 access
2458 440 21 19 of
2488 440 34 19 the
2533 441 75 25 Geyser
2616 443 86 26 Springs
2710 446 21 17 of

2295 463 192 22 Whakarewarewa
2496 467 40 18 and
2546 462 27 24 ail
2589 468 34 19 the
2634 470 66 24 sights
2710 471 21 18 of

2295 489 34 19 the
2339 490 84 20 district.

2306 515 35 19 Ail
2350 517 108 24 telegrams
2467 518 101 26 promptly
2582 520 95 19 attended
2688 523 27 17 to.

2371 570 77 32 JOhn
2495 571 146 35 ohnston,

2371 687 87 21 OKO
2474 689 10 19 I
2500 690 17 19 A

2297 786 231 35 BOARDING
2569 790 159 32 HOUSE

2291 896 133 21 Opposite
2442 902 50 15 the
2511 899 66 20 gosii
2586 903 52 16 and
2649 899 71 20 ©eue

2511 927 96 19 Gppigb

2291 954 46 20 And
2352 963 49 13 near
2421 958 34 18 the
2478 957 121 21 Celebrated
2625 957 100 21 PRIEST

2344 989 114 20 RACHEL
2468 991 41 19 and
2514 991 58 20 other
2580 990 98 24 BATHS,

2439 1022 139 20 EOTORUA.

2313 1072 121 36 MRS
2460 1075 216 40 YOUNG,

2526 1121 143 25 Proprietress.

2407 1147 69 18 Terms
2492 1147 112 18 Moderate.

2293 1220 273 45 PHOENIX
2589 1220 134 46 FIRE

2394 1267 223 45 OFFICE.

2289 1371 81 20 Losses
2395 1371 55 20 Paid
2583 1371 140 24 £20,000,000

2288 1423 54 20 Fire
2350 1424 108 20 Premium
2468 1423 98 20 Exceeds
2609 1423 46 24 1,50
2663 1423 18 24 11
2696 1423 27 20 00

2288 1476 162 21 Accumulated
2498 1476 72 19 Punds

2288 1502 90 21 Exceed
2612 1503 60 20 £IOO
2683 1503 42 19 000

2288 1555 24 22 W.
2328 1555 59 22 WARD
2396 1555 73 26 BAKER,
2540 1554 17 22 W
2571 1555 12 21 A
2597 1555 101 23 WILLIAMS

2327 1581 72 21 District
2406 1581 83 25 Manager,
2570 1580 49 22 Local
2637 1581 52 26 Agent

2385 1607 93 21 Auckland,
2597 1606 78 27 Rotorua,

2515 1734 36 39 M.
2573 1731 127 44 SIMON,

2490 1775 60 26 (Lato
2559 1776 21 18 of
2591 1773 135 26 Melbourne.)

2517 1809 98 28 Practical
2625 1809 72 27 Tailor.

2490 1843 125 29 Clothes
2637 1844 89 30 made

2507 1880 33 25 to
2561 1876 85 27 order
2670 1886 39 21 on

2542 1910 139 28 shortest

2554 1944 101 26 notice

2487 2077 3 27 :
2502 2078 55 26 Stylo
2568 2077 41 20 and
2618 2077 33 19 Fit
2661 2078 35 18 not
2707 2077 20 18 to

2488 2105 25 19 bo
2526 2105 95 24 equalled
2633 2105 21 18 in
2667 2107 59 16 town.

2488 2147 97 20 Addkess
2587 2145 109 19 —-Next
2707 2146 19 17 tr

2488 2174 93 22 Larkina,
2595 2172 131 19 Okinoiuuiu.

2817 149 113 30 Steam
2957 152 155 28 Sawmill

2750 186 151 24 MAKAKROA
2942 193 112 21 OTUBOA
3094 193 84 21 BUSH.

2827 221 20 17 to
2856 227 10 12 a
2877 222 62 21 solicit
2954 231 11 13 a
2975 226 59 18 shnvo
3048 226 22 20 of
3083 226 68 26 public

2905 251 115 25 patronage.

2749 289 227 26 ThcliimuTimWin
2987 298 38 18 this
3040 299 55 20 Bush
3110 300 16 19 is
3141 300 35 20 tho

2830 317 9 17 !•
2846 322 50 15 most
2905 320 20 18 in
2938 320 50 21 Now
3002 323 94 22 Zealaud.

2749 366 43 19 The
2801 368 120 24 proprietors
2931 378 34 12 are
2974 376 96 23 propared
3084 380 20 15 to
3114 384 61 13 iniar.

2776 394 58 17 anteo
2843 393 34 20 the
2886 396 78 25 quality
2973 399 40 19 and
3018 400 37 20 -the
3063 396 87 27 finislTof

2803 421 33 16 the
2844 420 72 19 timber
2925 423 91 25 supplied
3024 425 26 26 by
3063 427 60 20 thorn.

2801 469 72 22 GOTHIC
2883 470 81 24 PICKETS
2978 474 12 21 A
3007 475 119 26 SPECIALITY.

2753 516 5 17 1
2765 516 80 25 >ehvory
2855 524 21 12 as
2884 517 86 20 directed
2978 519 20 19 in
3017 526 57 15 town,
3095 527 82 14 countrv

2826 587 82 22 LOWEST
2930 588 93 23 CURRENT
3038 591 67 23 RATES.

2803 627 63 20 Addri
2872 635 19 12 ss

2857 654 32 20 W.
2900 654 24 20 A.
2937 655 143 22 WILLIAMS

3016 682 135 22 ROTORUA.

2792 737 28 27 J.
2839 738 51 28 W.
2912 740 214 35 WEIGLEY,
3158 747 19 29 J

2768 795 12 13 *
2826 794 17 20 E
2872 795 16 20 0
2915 795 21 20 H
2964 797 11 18 I
3009 795 13 21 'I
3023 794 2 31 1
3058 798 18 18 E
3107 799 16 20 G
3156 801 22 24 T,

2890 848 139 20 ROTORUA.

2774 882 69 21 Asjont
2859 882 30 20 for
2902 886 33 16 the
2956 884 65 19 South
3044 884 77 20 British
3131 886 47 20 Fire

2749 909 14 18 Jfc
2776 908 79 20 Marine
2866 909 111 21 Insurance
2989 910 109 26 Ci-oipany.

2815 968 210 33 Established
3047 982 60 19 1876.

2456 2247 23 24 [A
2493 2248 71 24 CiBD.J

2385 2291 117 46 SQ
2527 2292 19 19 A
2570 2292 24 20 M
2618 2294 14 19 S
2657 2293 17 20 0
2699 2293 27 24 N,

2325 2365 101 20 BAKER
2436 2366 17 19 &
2463 2364 229 22 CONFECTIONER.

2321 2427 71 21 Goods
2404 2427 103 21 delivered
2522 2427 54 26 daily
2594 2428 19 20 iu
2634 2427 92 21 Rotorua

2317 2498 80 25 Butter,
2406 2499 55 26 Eggs
2469 2500 38 19 and
2515 2500 89 20 General
2611 2499 113 20 Groceries.

2338 2561 39 44 A,
2397 2563 31 39 &
2452 2561 36 41 G.
2509 2561 167 49 BROOK,

2291 2615 89 25 Boot
2389 2616 67 24 and
2472 2617 90 24 Shoe
2575 2616 148 25 Makers.

2367 2652 81 20 Feuton
2458 2652 73 24 Street,
2545 2652 99 21 Rotorua.

2288 2678 47 20 And
2357 2681 22 17 at
2406 2679 83 19 Parnell
2516 2679 40 19 and
2583 2678 139 22 Newmarket.

2314 2730 68 26 Largo
2392 2731 40 19 and
2441 2731 69 19 varied
2526 2731 59 20 Stock
2595 2732 22 18 of
2630 2731 93 26 English,

2288 2756 89 27 Foreign
2387 2758 40 18 and
2437 2757 91 20 Colonial
2538 2758 61 19 Boots
2611 2758 38 19 and
2660 2757 63 20 Shoes

2354 2786 21 16 to
2385 2783 71 20 choose
2466 2784 52 18 from
2528 2786 21 17 at
2558 2784 35 19 the
2606 2784 52 19 most

2353 2859 95 19 Football
2457 2858 58 20 boots
2525 2865 12 12 a
2543 2858 112 25 speciality.

2288 2890 33 19 All
2340 2890 68 19 orders
2427 2890 40 19 and
2484 2890 77 25 repairs
2571 2890 149 25 expeditiously

2288 3033 116 21 Plumber
2420 3036 15 18 &
2461 3033 101 21 General
2582 3033 130 22 Mechanic

2392 3065 113 20 Tutanekai
2543 3066 72 19 Street.

2356 3101 114 25 ROT
2482 3102 71 25 OR
2568 3101 27 25 U
2608 3102 47 27 A.

2290 3170 153 38 Rotorua
2465 3172 158 37 Sawmill
2636 3171 84 47 Coy,

2357 3246 72 20 BITE
2438 3246 60 20 AND
2507 3246 57 20 RED
2578 3245 70 21 PINE
2658 3247 21 19 of
2688 3246 35 20 the

2368 3273 59 19 finest
2436 3272 79 27 quality
2525 3273 40 19 and
2575 3273 97 25 carefully
2682 3274 39 18 cut.

2289 3343 93 23 Mnlai,
2409 3342 122 19 B'uliatca
2559 3343 51 17 ii'.ai
2637 3342 83 18 Tawn

2289 3365 127 21 SliinjiSes,
2430 3365 115 24 I'atiiitf*,
2559 3365 95 17 ISlociis
2668 3365 52 17 ami

2289 3388 80 18 s»osts,

2314 3425 19 19 A
2342 3425 53 25 good
2409 3424 38 19 and
2464 3424 89 20 assorted
2564 3424 73 26 supply
2648 3425 74 25 always

2289 3457 24 14 on
2323 3451 56 20 hand
2389 3454 21 16 at
2420 3451 35 19 the
2461 3450 82 20 Timber
2552 3450 63 20 Yard.

2421 3476 171 20 ROTORUA.

2288 3524 196 27 N.B.—Special
2503 3529 58 17 care
2589 3525 81 21 taken
2694 3525 28 21 in

2394 3551 47 21 the
2467 3551 146 25 seasoning.

2319 3603 85 40 Prices
2425 3604 24 38 at
2486 3602 103 41 Current
2604 3602 86 41 Rates.

2338 3729 40 20 T>
2416 3729 28 23 Q
2495 3727 216 25 rtOELETT,

2376 3807 103 25 Building
2487 3809 101 23 Surveyor
2597 3808 35 18 &c.

2288 3839 71 25 Agent
2369 3838 31 19 for
2409 3838 35 19 the
2453 3838 99 19 National
2562 3838 47 19 Firo
2620 3838 40 19 and
2670 3837 40 20 Mar-

2288 3865 33 19 ino
2331 3864 112 20 Insurance
2450 3864 35 20 Co.

2807 1124 95 37 John
2936 1126 39 38 J.
2998 1127 104 47 Keys,

2743 1181 125 32 Builder
2898 1184 58 26 and
2983 1184 177 29 Contractor

2811 1232 294 34 ROT'OJRUA.

2742 1298 107 21 Estimates
2868 1300 58 24 given
2942 1300 32 19 for
2985 1301 113 26 Buildings,
3109 1302 51 23 alter-

2759 1325 77 20 tations
2845 1326 39 19 and
2894 1327 77 24 repairs
2980 1327 23 20 in
3012 1328 27 19 all
3049 1328 97 20 branches

2897 1352 22 19 of
2928 1353 35 20 the
2971 1353 64 21 trade.

2768 1383 101 26 Faintiug,
2880 1385 163 26 Paper-hanging,
3058 1387 40 19 and
3114 1387 47 20 Glaz-

2742 1409 39 26 ing,
2792 1409 101 21 Venetian
2904 1412 17 18 &
2932 1411 57 20 other
3005 1412 67 21 Blinds
3083 1415 20 17 to
3113 1414 58 20 order

2745 1441 31 19 ;or
2792 1437 113 25 re-painted
2921 1437 39 20 and
2970 1439 99 26 re-taped.

2774 1468 27 20 od
2812 1467 67 21 stocks
2893 1470 21 17 of
2923 1469 95 20 .Funeral
3035 1470 120 26 Requisites.

2790 1526 136 18 FUJNERAL
2947 1526 173 19 EUKNISHEK.

2839 1611 38 26 H.
2909 1610 181 27 MARTIN.

2745 1658 127 28 Saddler
2882 1662 18 22 &
2916 1658 134 28 Harness
3064 1658 107 29 Maker.

2789 1704 61 19 (Next
2862 1705 22 18 to
2893 1704 93 19 Larkin's
3000 1704 51 19 Boot
3065 1704 65 21 Shop.)

2867 1740 186 20 OHINEMUTU.

2743 1795 5 4 -
2769 1782 89 24 Saddlec,
2872 1782 83 24 Bridles,
2965 1782 84 24 Collars,
3058 1782 33 19 <fcc.
3100 1782 49 26 kept
3156 1782 20 19 iu

2747 1809 67 20 ■Stock.

2807 1846 34 19 All
2852 1845 131 26 descriptions
2994 1846 21 19 of
3027 1846 82 19 harness

2878 1876 57 16 made
2945 1876 20 15 to
2976 1872 65 20 order.

2799 1916 83 25 Repairs
2891 1916 52 19 done
2959 1916 48 19 with
3017 1915 104 26 despateli.

2746 1954 55 23 Style
2811 1954 38 19 and
2867 1952 155 25 Workmanship
3037 1948 131 29 guaranteed.

2746 2023 229 38 JECKLIN&
2996 2023 163 38 COTTER

2812 2086 111 22 FAMILY
2953 2087 157 25 BUTCHERS,

2825 2131 72 18 Arawa
2911 2129 72 24 Street,
2999 2129 98 24 Rotorua,

2773 2173 58 19 Ha«e
2841 2174 22 18 to
2874 2172 64 20 thank
2953 2172 35 20 the
2999 2172 70 25 public
3083 2171 22 21 of
3114 2171 51 20 Roto-

2747 2206 36 13 rua
2793 2201 32 18 tor
2832 2201 47 24 past
2890 2200 67 19 favors
2971 2199 42 19 and
3032 2199 37 25 beg
3086 2201 20 17 to
3124 2200 53 18 state

2747 2225 47 27 they
2804 2226 42 20 will
2856 2226 95 20 continue
2960 2228 21 17 to
2990 2225 59 21 merit
3059 2226 85 25 support
3151 2225 26 26 by

2747 2259 36 19 pro
2787 2252 66 26 riding
2872 2253 35 19 the
2928 2253 44 19 best
2992 2252 79 27 quality
3086 2253 23 19 of
3124 2257 53 16 meat

2811 2288 32 28 At
2870 2289 107 28 lowest
3003 2291 107 32 prices.

2763 2365 201 27 KOTORUA
3007 2365 153 34 HOTEL,

2825 2398 77 25 Pacing
2921 2399 57 19 Lake
2998 2399 102 20 liotorua.

2807 2446 137 20 NATURAL
2960 2447 59 19 HOT
3034 2447 91 26 BATHJ

2746 2473 94 20 attached
2851 2477 20 15 to
2881 2473 34 19 the
2927 2473 63 20 house
2998 2473 44 21 free
3052 2476 22 18 to
3091 2475 87 21 visitors.

2746 2520 89 19 Phaeton
2847 2519 49 26 kept
2907 2520 32 19 for
2948 2527 35 12 use
2993 2520 22 20 of
3035 2521 87 20 tourists
3139 2522 39 20 aud

2916 2547 94 20 invalids.

2746 2599 153 26 jf/Torms:—Us
2910 2606 34 19 per
2955 2600 44 26 day,
3011 2607 22 14 or
3043 2602 39 19 35s
3092 2608 12 13 a
3115 2602 63 20 week.

2923 2648 22 20 J.
2957 2649 165 26 PALLOONA,

3022 2677 125 24 Proprietor.

2801 2735 30 41 H.
2856 2735 40 41 W,
2919 2735 195 47 NEIGHBOUR,

2742 2795 144 38 Tailor&
2907 2796 260 47 Habit-iVlaker,

2744 2856 49 25 (Fur
2803 2856 25 18 25
2839 2862 57 19 yeara
2907 2855 19 19 in
2938 2856 33 18 the
2987 2856 62 19 West
3063 2856 51 19 .Bud
3130 2856 22 20 of

2905 2882 104 25 Loudon.)

2809 2914 299 28 ROTOEUA.

2841 2949 45 19 Has
2896 2949 74 26 always
2980 2956 26 13 on
3015 2950 56 19 hand

2764 2982 61 17 ISest
2847 2982 107 20 Uuglisli
2981 2982 95 18 Scotch
3095 2983 53 17 and

2827 3003 120 19 Colonial
2968 3004 116 19 Inccds.

2763 3034 71 21 Style
2846 3032 52 17 and
2975 3032 174 22 guaranteed.

2743 3064 96 18 Ladies
2858 3062 114 19 Jackets
2996 3063 53 17 and
3071 3063 96 21 Hiding

2818 3085 96 17 sanbits
2923 3089 15 13 a
2947 3084 141 23 speciality

2741 3120 32 19 All
2779 3121 46 17 suits
2833 3119 53 18 iuadu
2894 3121 20 16 to
2921 3119 54 18 order
2982 3121 21 15 at
3007 3118 98 18 Auckland
3114 3118 47 23 pries

2301 4018 402 32 BOOTTvmKeR

2350 4076 324 47 ROTORUA.

2793 3167 168 37 Rotopua
2975 3167 159 42 Library.

2743 3229 112 47 OPEN
2872 3229 52 20 from
2936 3231 23 18 10
2971 3236 45 12 a.m.
3027 3230 21 18 to
3058 3230 11 18 5
3077 3235 46 19 p.m.
3133 3227 39 20 and

2802 3258 13 18 G
2823 3257 25 19 30
2857 3259 20 17 to
2888 3257 24 18 10
2921 3263 11 18 p
2942 3263 24 12 m.
2978 3255 94 26 Sundays
3081 3255 31 19 till
3119 3256 52 24 Op.m

2743 3288 193 22 Subscription:
2946 3287 51 18 2«t*
3011 3290 49 19 per
3072 3289 98 16 annus:

2768 3320 87 19 Visitors
2875 3326 43 18 may
2937 3326 86 19 procure
3039 3318 66 19 Books
3121 3317 51 20 from

2743 3348 32 18 tlio
2792 3346 86 26 Library
2896 3353 29 12 on-
2938 3346 82 25 making
3039 3353 10 12 a
3063 3344 78 24 deposit
3151 3343 21 19 of

2743 3375 35 18 not
2794 3372 39 20 less
2852 3372 48 20 than
2917 3374 29 20 3s,
2964 3373 40 19 aod
3022 3370 118 28 purchasing
3150 3370 22 19 Is

2742 3407 9 14 c
2765 3407 55 17 upon
2831 3399 102 25 for■evpry
2945 3398 55 21 Four
3010 3398 70 20 books.

2768 3432 41 19 The
2829 3429 85 27 Library
2934 3431 18 19 is
2975 3438 52 19 open
3050 3429 71 25 during
3140 3428 32 19 the

2742 3459 91 24 evening.

2742 3516 241 45 STEELE
3019 3515 152 40 Bros.

2768 3600 184 38 JViaraeroa
2980 3597 172 39 Sawmill.

2745 3657 20 19 T
2782 3658 31 18 £S
2829 3657 33 19 RE
2885 3658 22 17 to
2918 3655 65 20 thank
3000 3655 37 18 the
3055 3654 68 21 public
3145 3652 29 18 for

2745 3674 34 21 1-/
2804 3680 47 21 past
2860 3678 73 19 favors,
2947 3677 40 18 and
2994 3677 38 20 beg
3041 3676 22 18 to
3072 3678 102 16 announce

2742 3701 47 17 that
2811 3701 75 21 having
2898 3705 11 13 a
2924 3700 54 20 large
3002 3697 60 19 stock
3074 3697 22 18 of
3118 3701 17 23 yj
3138 3695 27 18 ell-

2742 3723 97 18 seasoned
2861 3721 104 19 first-class
2987 3720 75 17 timber
3080 3723 26 13 on
3121 3718 52 17 hand

2743 3744 49 21 they
2815 3749 34 13 are
2867 3742 97 23 prepared
2976 3742 23 17 to
3011 3740 53 18 fulfil
3073 3739 69 19 orders
3152 3739 22 16 at

2742 3765 86 19 reduced
2839 3766 56 17 rates

2825 3805 24 31 I.
2870 3806 27 29 ¥.
2920 3803 171 34 mkmm,

2873 3842 171 27 FRUITERER;

2769 3877 55 20 Next
2834 3875 101 21 Saddler's
2950 3875 55 25 shop,
3018 3874 127 21 Ohinemutu,

2744 3912 43 19 Has
2802 3911 75 24 always
2892 3916 11 13 a
2919 3910 50 25 good
2987 3908 73 25 supply
3075 3906 21 20 of
3110 3903 60 20 Fresh

2795 3937 65 24 Fruit,
2880 3936 50 19 lioth
2948 3935 51 19 local
3022 3933 40 20 and
3084 3933 23 18 im-

2848 3962 70 27 ported
2955 3968 25 13 on
3015 3959 54 19 hand

2910 3988 92 19 Also

2863 4014 18 19 A
2904 4011 151 22 well-assorted

2795 4041 57 21 stuck
2864 4040 21 20 of
2894 4039 92 22 liiscuits,
2995 4036 112 20 Confection-

2744 4075 35 15 ery
2788 4068 40 20 and
2838 4069 93 17 Summer
2941 4063 75 21 Drinks
3026 4065 21 17 at
3056 4062 113 18 Moderate
