3219 4168
976 3590 201 31 GENERAL
1205 3590 134 31 NEWS.

967 3667 31 19 An
1006 3668 104 25 exchange
1116 3674 46 18 says
1168 3674 12 12 a
1186 3667 75 20 dentist
1270 3669 21 18 at
1298 3668 64 19 Christ-

940 3693 76 19 church,
1032 3696 34 22 got
1085 3700 11 13 a
1115 3694 89 25 surprise
1216 3694 35 19 the
1261 3694 57 19 other
1327 3694 45 24 day.

940 3719 19 19 A
968 3719 48 25 lady
1025 3718 49 20 with
1084 3726 12 13 a
1105 3720 85 24 vinegar
1199 3720 74 24 visage,
1284 3720 43 19 who
1332 3720 40 19 had

940 3751 48 14 seen
996 3744 53 26 fully
1058 3748 83 23 seventy
1151 3752 103 17 summers,
1266 3745 68 20 before
1344 3746 19 19 in-

939 3771 72 26 haling
1029 3772 35 18 tho
1084 3778 42 19 gas,
1146 3771 46 19 said
1201 3773 20 17 to
1230 3771 34 19 tho
1273 3771 57 19 tooth
1340 3777 22 14 ex-

939 3798 81 18 tractor:
1121 3797 41 20 will
1172 3797 87 26 promise
1267 3797 105 26 faithfully

939 3824 36 18 not
984 3825 20 17 to
1014 3823 42 19 kiss
1065 3830 32 12 me
1107 3823 60 21 while
1181 3823 40 19 I'm
1235 3823 135 24 unconscious,

940 3849 60 19 won't
1101 3849 33 20 He
1148 3849 102 26 promptly
1265 3849 106 26 promised.

965 3888 19 19 A
992 3889 86 24 petition
1087 3889 32 19 for
1135 3889 79 20 divorce
1232 3889 27 24 by
1278 3895 12 13 a
1307 3889 64 19 Maori

939 3921 79 13 woman
1026 3915 53 19 from
1088 3915 37 19 her
1134 3915 68 19 nativo
1219 3915 95 20 husband
1332 3915 39 19 will

939 3940 25 20 be
978 3941 62 19 heard
1051 3943 21 17 at
1085 3941 34 19 the
1137 3943 50 16 noxt
1202 3941 81 24 sittings
1299 3941 21 19 of
1338 3941 34 19 tho

938 3967 120 24 Wanganui
1063 3966 98 25 Supreme
1167 3966 203 25 Court.—Exchange.

962 4005 130 18 Considerable
1106 4005 105 20 uneasiness
1219 4006 80 22 prevails
1308 4005 19 18 in
1339 4005 32 19 the

940 4029 101 17 Richmond
1048 4029 56 17 Itivea
1110 4029 74 18 district
1190 4030 59 21 owiufj
1256 4031 18 15 to
1282 4029 87 18 theinlinz

938 4052 19 17 of
966 4052 85 18 Hindoos
1059 4054 20 16 to
1088 4052 89 18 cultivate
1193 4058 106 17 sugarcane.
1324 4053 21 16 It
1352 4058 15 12 is

938 4075 87 23 reported
1040 4076 42 16 that
1098 4076 32 17 the
1139 4078 93 21 strangors
1240 4075 47 19 havo
1295 4075 74 24 already

938 4098 102 26 purchased
1048 4105 11 13 a
1067 4099 54 19 small
1129 4099 46 20 mill,

1425 2413 19 19 A
1459 2413 127 19 Sutherland
1599 2413 75 19 farmer
1689 2413 90 26 recently
1793 2419 36 19 sug-

1399 2439 71 25 gested
1479 2439 52 23 that,
1545 2439 67 26 owing
1621 2442 20 17 to
1649 2439 34 20 the
1692 2439 39 20 low
1745 2440 65 25 prices
1820 2439 21 19 of

1397 2466 52 19 wool
1459 2466 40 19 and
1509 2466 66 25 grain,
1586 2466 84 25 lawyers
1681 2466 73 19 should
1770 2466 25 19 bo
1810 2466 20 19 in-

1398 2492 56 19 vited
1463 2493 21 18 to
1498 2493 38 24 put
1550 2492 35 19 the
1599 2492 85 19 farmers
1699 2492 93 25 through
1804 2492 35 19 the

1397 2520 58 17 court
1465 2520 21 17 at
1495 2525 22 12 so
1528 2518 59 19 much
1596 2525 37 19 per
1641 2518 59 25 head,
1718 2519 22 18 in
1754 2518 83 19 batches

1397 2544 23 19 of
1429 2544 126 25 twenty-five
1569 2546 21 17 to
1598 2545 53 24 fifty.

1425 2596 40 26 The
1465 2596 109 26 Japanese
1583 2596 135 20 Ambassador
1724 2596 20 19 in
1750 2596 84 20 London

1397 2624 64 18 states
1470 2622 45 20 that
1524 2622 36 19 tho
1570 2629 37 12 one
1617 2622 62 19 result
1690 2623 20 18 of
1720 2622 34 20 the
1768 2624 68 18 recent

1397 2656 43 12 war
1450 2649 41 19 will
1500 2649 26 19 be
1536 2650 20 17 to
1566 2655 52 19 open
1628 2655 27 19 up
1669 2648 57 26 large
1740 2655 81 13 commer-

1397 2675 40 20 cial
1455 2675 85 20 benefits
1558 2676 21 18 to
1597 2674 34 20 the
1645 2675 142 19 Australasian
1797 2675 28 20 col-

1397 2702 63 19 onies.

1421 2744 76 24 Sydney
1510 2743 93 18 buslimeu
1615 2744 52 18 work
1684 2744 65 18 twelve
1758 2744 58 18 hours
1824 2750 11 11 a

1397 2767 37 24 day
1449 2768 29 18 for
1491 2768 24 18 Cd
1527 2773 24 12 an
1567 2768 53 18 hour.
1646 2768 55 18 Tram
1726 2768 109 18 conductors

1397 2791 53 17 work
1462 2791 44 17 nine
1518 2791 57 17 hours
1587 2797 10 11 a
1606 2792 35 22 day
1655 2792 29 17 for
1705 2792 35 17 lid
1756 2798 25 11 an
1788 2791 47 17 hour

1397 2815 36 18 and
1444 2815 98 18 uniforms.

1423 2853 44 20 The
1476 2853 60 20 latest
1651 2853 18 20 is
1679 2860 12 13 a
1705 2853 131 19 Manchester

1397 2886 47 13 man
1455 2880 45 19 who
1510 2880 73 19 carries
1593 2887 26 12 on
1628 2880 32 19 his
1674 2886 73 20 person
1762 2886 12 13 a
1784 2886 38 12 com-

1396 2906 55 25 plete
1460 2906 130 26 pick-pocket
1600 2906 63 20 alarm
1683 2907 80 24 nystem.
1794 2906 27 19 Re-

1396 2932 69 19 moval
1474 2933 22 18 of
1505 2933 31 18 his
1546 2933 72 23 watch,
1628 2932 41 26 pin,
1682 2939 22 12 or
1710 2932 58 19 other
1786 2932 36 25 jew-

1397 2958 63 25 ellery
1483 2965 69 13 causes
1566 2959 35 19 the
1615 2958 84 26 ringing
1713 2959 21 18 of
1752 2965 13 12 a
1789 2958 45 19 bell.

1396 2984 43 19 The
1455 2984 78 21 electric
1543 2985 58 25 plant
1615 2985 79 25 weiguo
1710 2986 124 23 twenty-two

1397 3017 82 13 ounces.

1424 3062 43 19 The
1477 3064 91 17 meanest
1577 3069 48 12 man
1634 3068 26 13 on
1677 3062 69 20 record
1760 3062 18 19 is
1792 3062 43 20 said

1396 3090 22 17 to
1428 3088 40 19 live
1478 3088 22 19 in
1510 3088 72 19 Centre
1589 3088 85 25 County,
1686 3088 37 19 Pa.
1752 3088 33 20 He
1792 3088 42 19 sold

1396 3113 33 21 his
1436 3114 116 20 son-in-law
1558 3114 92 20 one-half
1655 3115 83 19 interest
1744 3114 21 20 iu
1771 3121 63 17 acow,

1397 3141 40 18 and
1448 3141 48 18 thon
1507 3141 82 19 refused
1599 3143 20 17 to
1629 3141 67 20 divide
1707 3141 56 24 ciilk,
1771 3141 52 19 main-

1398 3167 81 25 taining
1502 3167 45 19 that
1560 3167 27 19 he
1601 3167 44 19 sold
1659 3167 34 19 the
1707 3167 56 19 front
1786 3168 48 18 half.

1396 3192 45 19 The
1450 3193 67 24 buyer
1526 3200 41 13 was
1574 3193 43 19 also
1623 3193 94 25 required
1724 3195 21 17 to
1752 3193 84 26 provide

1396 3219 36 19 the
1441 3219 47 19 feed
1500 3219 113 23 consumed,
1629 3219 40 19 and
1677 3226 40 12 was
1725 3219 109 25 compelled

1396 3247 21 17 to
1428 3251 58 17 carry
1497 3247 62 17 water
1568 3247 21 17 to
1598 3245 37 19 her
1640 3245 57 19 three
1705 3245 58 19 times
1771 3252 12 12 a
1789 3245 45 25 day.

1396 3270 101 25 Recently
1507 3271 34 19 the
1549 3278 41 13 cow
1603 3271 80 19 hooked
1690 3271 34 19 tho
1734 3271 34 19 old
1782 3278 51 14 man.

1396 3297 41 19 and
1453 3297 26 19 he
1498 3297 17 19 is
1535 3297 61 26 suing
1612 3297 35 19 the
1665 3297 117 20 son-in-law
1804 3298 32 19 for

1396 3322 104 26 damages!

1421 3372 44 20 The
1482 3372 49 19 Lake
1547 3373 74 24 County
1634 3373 87 26 Express
1731 3373 70 19 claims
1814 3375 20 18 to

1394 3397 53 21 have
1471 3399 117 20 discovered
1609 3399 34 20 the
1665 3401 91 17 meanest
1778 3406 54 13 man.

1394 3424 71 19 Asked
1475 3427 21 18 to
1506 3425 105 20 subscribe
1621 3427 20 18 to
1656 3425 35 19 the
1701 3425 52 19 local
1770 3431 63 19 paper

1394 3450 27 19 he
1430 3451 85 25 replied,
1634 3451 25 19 do
1668 3451 12 19 I
1695 3453 55 18 want
1757 3453 21 17 to
1787 3452 46 19 take

1394 3476 35 19 the
1440 3483 63 19 paper
1514 3477 33 19 for
1561 3477 59 20 when
1634 3476 13 20 I
1661 3483 35 14 can

1394 3502 40 20 Wo
1445 3503 93 19 consider
1547 3504 68 18 writes
1625 3503 35 19 the
1675 3503 71 23 editor,
1762 3503 46 19 that
1821 3511 11 12 a

1393 3534 49 13 man
1465 3529 45 19 who
1534 3529 89 19 borrows
1646 3529 32 19 his
1702 3529 130 25 neighbour's

1393 3560 64 19 paper
1475 3555 18 19 is
1506 3561 61 13 mean
1582 3555 82 25 enough
1682 3557 21 17 to
1717 3555 37 22 dtu:
1764 3562 27 18 up
1801 3556 31 19 his

1393 3580 85 19 father's
1488 3588 62 18 grave
1561 3582 40 18 and
1612 3581 48 19 take
1670 3581 35 19 the
1718 3588 50 18 very
1781 3582 51 19 shirt

1394 3606 28 19 off
1431 3606 32 20 his
1472 3606 60 21 back!

1418 3646 22 20 It
1449 3647 16 19 it
1475 3647 66 19 stated
1550 3647 45 19 that
1602 3647 21 19 of
1629 3653 60 19 every
1699 3647 71 20 twelve
1776 3648 54 19 coius

1392 3672 92 26 dropped
1493 3673 22 19 in
1524 3673 110 19 autoriiatic
1641 3673 102 19 machines
1751 3676 39 17 two
1797 3680 33 13 are

1392 3697 47 19 bad.

1418 3732 26 19 In
1450 3732 73 24 Arran,
1532 3733 297 20 wherothomaidenhairferns

1392 3765 55 17 grow
1458 3759 123 25 plentifully,
1593 3766 55 12 some
1655 3760 22 18 of
1686 3760 35 19 the
1735 3760 83 19 inhabit-

1391 3786 46 17 ants
1446 3791 36 12 use
1492 3785 16 18 it
1518 3791 22 13 as
1550 3791 12 14 a
1572 3785 109 20 substitute
1695 3786 33 19 for
1736 3787 40 18 tea.

1417 3820 34 20 Mr
1465 3821 76 19 Duthie
1565 3821 70 20 thinks
1649 3822 58 19 threo
1725 3822 103 19 Ministers

1391 3847 58 19 could
1465 3847 26 19 do
1510 3847 33 20 the
1562 3848 57 19 work
1637 3848 22 19 of
1677 3848 35 19 the
1726 3848 78 25 Colony
1812 3848 17 19 if

1391 3873 49 25 they
1449 3873 70 19 attend
1529 3874 21 18 to
1560 3873 16 19 it
1583 3874 75 19 insteat
1665 3874 21 19 of
1692 3874 65 25 flying
1764 3874 64 19 round

1390 3898 35 19 the
1439 3901 90 22 country.

1416 3933 66 19 There
1491 3934 17 18 is
1522 3934 44 19 said
1580 3935 21 18 to
1618 3934 27 19 bo
1664 3940 11 13 a
1691 3934 136 25 phenomenal

1389 3958 37 25 pig
1434 3961 20 16 at
1464 3959 121 24 Hanworth,
1597 3960 66 19 which
1680 3967 104 13 measures
1799 3961 29 21 9ft

1390 3984 21 19 in
1420 3980 78 30 length,
1510 3990 61 15 seven
1580 3986 22 19 in
1616 3985 61 25 girth,
1695 3986 40 19 and
1749 3986 78 25 weighs

1389 4010 63 19 about
1460 4012 50 18 80st.

1415 4048 31 20 On
1456 4055 12 13 a
1477 4049 67 25 rough
1562 4056 94 19 average,
1676 4052 74 23 45,000
1770 4057 46 14 sove-

1387 4074 69 26 reigns
1465 4081 48 20 pass
1524 4081 48 14 over
1580 4076 35 19 the
1625 4076 60 21 Bank
1698 4077 23 20 of
1730 4077 97 26 England

1388 4102 93 21 counters
1491 4107 60 21 every
1560 4102 46 26 day.

1922 85 115 37 Under
2065 84 151 38 Protest.

1918 178 19 18 A
1952 176 151 20 SOUTHERN
2124 176 90 20 STOEY.

1881 231 5 9 '
1893 229 21 19 It
1924 229 16 19 is
1950 231 35 17 not
1994 236 33 18 my
2037 229 52 19 fault
2096 228 44 21 that
2149 229 11 18 I
2171 229 52 19 have
2232 236 55 13 como

1854 256 41 18 into
1906 261 54 13 some
1976 258 101 22 property.
2105 255 12 18 I
2126 261 33 12 am
2169 261 47 13 sure
2225 256 12 18 I
2247 263 40 12 was

1854 282 56 24 quite
1928 280 69 27 happy
2011 281 40 18 and
2061 281 106 18 contented
2181 287 23 13 as
2218 288 12 11 a
2239 287 48 19 poor

1855 307 51 25 girl;
1920 307 79 23 indeed,
2014 307 12 18 I
2044 306 77 20 boliovo
2140 307 12 18 I
2166 307 52 18 bavo
2237 307 50 19 been

1854 339 55 13 more
1930 332 91 26 weighed
2044 332 59 19 down
2124 332 40 19 and
2180 334 108 24 oppressed

1855 359 53 19 since
1929 359 34 19 the
1986 365 54 13 news
2063 358 21 19 of
2102 358 65 20 Undo
2181 358 106 25 Raleigh's

1855 385 61 19 death
1934 385 58 19 made
2007 391 30 13 me
2056 385 77 19 heiress
2150 386 21 18 to
2185 385 33 19 his
2227 391 62 18 sugar

1855 411 123 25 plantations
1997 411 49 19 than
2056 416 47 14 ever
2112 411 76 19 before.
2216 411 12 18 I
2237 411 52 18 have

1856 437 99 24 suddenly
1968 437 81 19 become
2072 436 85 19 another
2180 437 107 18 character.

1856 463 12 19 I
1877 470 38 15 am,
1933 463 40 19 and
1992 462 12 19 I
2016 464 54 17 must
2087 465 32 16 act
2132 462 131 24 continually,
2277 468 12 13 a

1856 489 42 19 roal
1906 489 96 19 Madame
2020 488 92 25 Dignity,
2127 488 51 19 with
2193 495 12 12 a
2214 488 76 25 weight

1856 515 22 19 of
1886 514 151 26 responsibility
2046 520 26 13 on
2082 520 34 19 my
2133 514 57 19 mind
2200 514 66 19 which
2274 514 17 18 it

1856 547 61 12 never
1934 541 70 18 before
2025 540 40 19 had
2079 542 20 17 to
2113 546 65 19 carry.
2206 540 12 19 I
2235 540 55 19 liked

1856 567 66 19 Uncle
1940 566 88 25 Raleigh
2042 572 47 13 ever
2106 572 22 13 so
2142 566 60 19 much
2225 566 66 19 better
2292 566 1 25 -

1857 592 58 20 when
1938 592 26 20 he
1978 599 40 12 was
2036 592 71 25 living,
2126 592 41 19 and
2181 599 29 12 wo
2228 592 63 19 heard

1857 619 96 18 romantic
1964 618 49 19 tales
2023 618 21 19 of
2054 618 32 19 his
2104 618 56 24 early
2170 618 121 19 adventures

1857 645 20 18 in
1887 644 112 19 California
2013 651 22 12 as
2053 651 12 12 a
2079 644 137 25 gold-diggor.
2245 644 46 19 And

1857 670 49 19 then
1913 670 57 19 there
1980 676 34 13 are
2030 670 51 19 Will
2098 670 87 20 Sanders
2195 670 40 19 and
2245 670 46 19 Eric

1858 696 76 24 Fonley
1944 696 96 24 thinking
2050 703 31 12 me
2096 703 22 12 so
2138 699 30 16 sot
2182 703 27 19 up
2220 696 40 19 and
2269 703 22 12 so

1858 722 42 19 stiff
1915 722 49 25 they
1977 722 41 19 will
2028 729 61 12 never
2098 723 46 25 give
2154 729 32 12 me
2196 729 12 12 a
2218 722 73 19 chance

1858 751 19 17 to
1887 748 52 19 have
1949 755 40 18 any
1998 748 22 19 of
2035 748 34 19 the
2079 748 33 19 old
2122 748 89 25 friendly
2221 748 69 19 chats.'

1883 774 57 19 Thus
1949 774 44 19 said
2011 774 50 19 Miss
2079 774 85 26 Maggie
2178 774 83 19 Robson
2271 779 20 14 to

1858 801 35 19 her
1916 800 72 24 friend,
2009 800 40 20 Sue
2063 800 85 24 Somers,
2171 800 22 19 in
2207 807 27 12 an
2256 807 24 19 ag-

1858 827 83 26 grieved
1950 829 51 21 toue,
2018 827 97 25 certainly
2124 828 36 18 not
2174 826 60 20 usual
2243 827 48 19 with

1858 860 12 12 a
1887 853 146 26 good-looking
2047 859 69 19 young
2129 853 49 24 lady
2192 853 45 19 who
2255 853 37 19 has

1858 879 100 19 inherited
1967 886 13 12 a
1989 879 99 19 desirable
2098 884 101 20 property.

1885 904 4 26 '
1898 905 38 23 Oh,
1946 912 40 17 you
1996 905 82 19 needn't
2087 904 46 20 look
2143 911 23 13 so
2176 905 115 25 surprised,'

1858 932 31 18 for
1898 931 72 19 indeed
1981 931 39 19 Sue
2030 931 35 19 did
2074 931 46 19 look
2131 938 27 16 sw,
2169 937 23 13 as
2201 931 46 19 well
2256 931 35 19 she

1858 957 71 25 might.
1959 957 4 25 '
1971 957 21 19 It
2005 957 17 19 is
2040 960 51 20 true,
2107 964 60 17 every
2176 957 62 19 word.
2266 957 27 19 Of

1858 990 68 12 course
1937 990 34 18 my
1980 983 88 25 position
2077 990 63 12 sooms
2149 983 93 19 enviable
2253 983 39 19 and

1858 1009 26 19 all
1903 1009 51 24 that,
1974 1009 37 19 but
2025 1009 21 19 in
2064 1009 73 25 reality
2150 1009 17 19 it
2183 1010 16 18 is
2209 1011 83 17 not—at

1858 1035 55 24 least,
1939 1042 21 12 so
1983 1035 38 19 far.
2049 1035 77 26 Things
2149 1035 46 19 that
2223 1035 69 19 before

1858 1061 98 25 necessity
1969 1061 111 26 compelled
2096 1068 32 13 me
2146 1064 21 17 to
2181 1062 32 24 do,
2233 1061 12 20 I
2259 1068 22 13 en-

1857 1087 61 26 joyed
1941 1087 139 26 performing;
2103 1094 45 14 now
2180 1088 36 19 the
2238 1094 55 13 same

1858 1114 66 19 duties
1942 1114 52 19 have
2012 1114 39 19 lost
2065 1110 52 23 thoir
2130 1114 68 19 relish.
2227 1114 11 19 I
2253 1114 39 19 had

1858 1147 26 12 an
1894 1140 67 25 object
1970 1140 22 19 in
1999 1140 165 25 working—now
2173 1140 45 20 that
2226 1140 67 26 object

1857 1166 17 19 is
1884 1166 66 25 gone.'

1886 1192 3 26 '
1898 1192 62 25 Why,
1985 1192 35 19 did
2042 1199 40 19 you
2105 1193 63 25 really
2192 1192 61 26 enjoy
2271 1199 22 13 so

1858 1218 60 19 much
1936 1218 96 26 teaching
2041 1219 66 19 -thoso
2121 1219 70 25 stupid
2209 1219 84 20 Sormox

1858 1244 90 19 children
1958 1245 63 18 music
2030 1244 10 20 ?
2054 1245 48 19 And
2111 1245 49 19 then
2180 1246 55 19 don't
2253 1252 40 18 you

1858 1271 59 19 know
1937 1270 44 20 how
1997 1271 76 24 cruelly
2087 1271 143 25 disappointed
2252 1278 41 18 you

1858 1296 37 19 felt
1905 1296 58 20 when
1973 1303 50 18 your
2030 1297 71 20 stories
2113 1304 56 13 came
2179 1297 52 20 back
2240 1298 53 19 from

1858 1322 34 21 the
1900 1323 115 25 magazines
2025 1322 15 20 ?'

1886 1349 4 27 '
1899 1349 47 24 Yes,
1956 1349 37 18 but
2003 1349 11 19 I
2033 1349 58 20 could
2105 1350 54 26 hope
2167 1349 4 27 ;
2187 1350 41 18 and
2237 1350 54 23 then,

1857 1381 41 20 you
1907 1375 67 23 know,
1985 1375 11 19 I
2003 1376 109 19 succoeded
2125 1376 67 19 better
2202 1376 48 19 with
2260 1383 33 18 my

1858 1401 80 20 articles
1959 1402 21 19 in
2002 1401 35 20 the
2100 1402 90 19 Gazette.
2218 1402 12 19 I
2253 1402 40 19 had

1858 1434 34 19 my
1901 1434 68 13 career
1978 1427 27 20 all
2014 1428 96 25 planned.
2138 1428 12 20 I
2160 1435 33 13 am
2200 1430 35 18 not
2245 1435 48 18 very

1858 1454 50 20 fond
1917 1454 21 20 of
1956 1453 62 25 work,
2029 1454 38 20 but
2084 1454 12 20 I
2111 1454 56 21 liked
2177 1454 34 20 tho
2220 1454 73 20 reaulto

1858 1480 21 20 of
1901 1487 34 18 my
1961 1480 168 27 work—making
2152 1487 73 20 money
2247 1481 46 20 that

1858 1506 73 27 helped
1954 1513 49 20 poor
2018 1507 57 20 Aunt
2098 1507 53 21 Jane
2167 1507 41 21 and
2227 1507 66 21 would

1858 1533 74 20 launch
1942 1532 81 21 Charlie
2037 1533 21 20 in
2076 1533 83 27 college.
2188 1533 27 21 Of
2224 1540 69 14 course

1857 1559 11 21 I
1887 1566 34 14 am
1936 1559 103 24 thankful,
2059 1560 32 20 for
2105 1560 54 20 thoir
2173 1560 65 25 sakes,
2248 1560 45 20 that

1857 1585 56 21 there
1931 1585 42 21 will
1991 1585 25 21 be
2026 1586 70 27 plenty
2106 1587 21 19 of
2137 1593 69 14 means
2215 1585 4 28 ;
2234 1587 37 20 but
2281 1587 11 20 I

1857 1612 41 20 had
1906 1612 70 20 rather
1993 1614 53 19 make
2056 1620 26 13 an
2098 1613 84 24 income,
2195 1613 40 20 and
2245 1620 48 14 earn

1857 1645 11 13 a
1876 1639 57 26 place
1943 1639 21 19 in
1978 1639 34 21 the
2023 1639 67 23 world,
2101 1640 52 20 than
2171 1646 65 20 worry
2246 1646 47 14 over

1857 1665 187 26 sugar-plantation
2077 1667 77 26 profits.
2197 1666 38 24 Oh,
2267 1667 22 20 of

1857 1699 69 13 course
1936 1693 16 19 it
1960 1692 18 20 is
1988 1693 27 19 all
2025 1700 12 12 a
2053 1695 73 18 matter
2136 1693 21 19 of
2167 1693 65 24 tasto,'
2243 1693 49 21 with

1857 1725 11 13 a
1878 1718 52 20 little
1938 1719 97 26 finishing
2044 1719 64 26 shrug
2118 1719 41 20 and
2168 1719 71 26 laugh.

1883 1744 41 20 She
1933 1745 90 25 laughed
2032 1747 88 24 morrily.

1884 1768 4 31 '
1897 1771 62 25 Why,
1971 1768 14 22 /
2000 1772 73 20 should
2084 1773 71 24 dearly
2164 1773 61 26 enjoy
2235 1773 57 20 those

1856 1797 130 26 plantations.
2014 1799 73 23 Think,
2103 1799 92 26 Maggie,
2204 1806 41 19 you
2255 1806 36 13 can

1856 1830 26 19 go
1893 1824 58 20 down
1961 1825 56 19 there
2030 1825 31 19 for
2079 1825 45 19 half
2138 1826 35 18 tho
2186 1833 54 18 year,
2251 1827 40 19 and

1856 1850 40 19 live
1915 1856 27 19 up
1955 1851 68 19 North
2037 1851 35 19 tho
2094 1851 60 20 other
2166 1852 51 20 half.
2244 1853 47 19 You

1856 1883 38 12 can
1910 1877 96 25 frequent
2023 1877 35 19 tho
2072 1880 74 17 resorts
2169 1878 21 20 in
2204 1885 87 13 summer

1857 1902 54 24 time,
1936 1903 40 19 and
1995 1903 113 25 altogether
2123 1904 61 25 enjoy
2198 1905 36 19 life
2252 1905 39 19 and

1856 1935 34 13 see
1899 1929 35 19 the
1950 1929 69 20 world.
2047 1929 46 20 You
2104 1937 34 13 are
2157 1931 48 19 wild
2218 1933 21 17 to
2247 1931 44 19 talk

1859 1961 22 12 as
1896 1961 40 19 you
1954 1955 32 20 do.
2014 1956 47 19 You
2076 1957 39 19 will
2134 1957 57 19 learn
2209 1957 21 19 in
2244 1957 47 19 time

1857 1982 34 19 the
1901 1988 61 18 many
1972 1982 53 24 good
2042 1983 70 25 things
2129 1989 12 13 a
2151 1983 53 26 good
2214 1990 77 13 woman

1857 2014 37 13 can
1904 2008 25 19 do
1944 2008 48 19 with
2000 2009 86 24 money.'

1884 2036 5 8 '
1898 2034 42 19 But
1948 2034 51 19 that'
2005 2034 44 25 just
2056 2035 22 19 it.
2106 2036 47 19 You
2159 2036 120 20 don'tunder-

1857 2060 65 23 stand,
1935 2060 45 19 Sue.
2009 2060 47 20 You
2071 2068 39 16 see,
2129 2062 12 19 I
2152 2069 41 12 was
2211 2062 50 19 born
2272 2065 19 16 to

1859 2086 54 19 work
1923 2086 20 19 in
1954 2092 13 12 a
1984 2086 77 19 limited
2075 2088 54 19 field.
2157 2088 12 19 I
2187 2088 41 19 like
2242 2088 50 20 home

1858 2112 151 25 philanthropy,
2020 2112 38 19 and
2072 2113 11 19 I
2093 2120 33 13 am
2136 2114 61 19 much
2206 2114 86 20 inclined

1857 2140 22 17 to
1888 2138 57 19 leave
1955 2139 82 24 general
2055 2139 135 20 benevolence
2204 2141 88 19 schemes

1858 2166 21 17 to
1889 2164 34 19 tho
1933 2166 57 23 great
1999 2166 114 24 organisers
2128 2166 22 19 of
2167 2167 35 19 the
2216 2167 75 20 world.'

1885 2190 26 20 In
1929 2190 47 24 fact,
1995 2191 85 25 Maggie
2100 2192 83 20 Robson
2198 2200 41 13 was
2252 2194 41 19 like

1858 2223 62 19 many
1930 2217 84 19 another
2027 2218 75 26 village
2121 2218 46 25 girl.
2195 2219 45 20 Her
2249 2220 44 19 love

1859 2243 22 19 of
1890 2243 55 19 work
1959 2243 40 19 and
2015 2243 150 27 independence
2184 2246 56 19 stood
2250 2246 43 19 first

1859 2269 50 20 with
1927 2269 42 22 her,
1989 2270 40 19 and
2046 2270 15 19 it
2077 2277 41 13 was
2132 2277 49 20 very
2195 2274 44 17 true
2249 2273 44 19 that

1859 2295 60 20 while
1929 2296 35 19 the
1972 2296 96 25 majority
2086 2297 22 19 of
2117 2297 35 20 the
2160 2305 71 19 young
2239 2299 54 20 folks

1859 2322 22 19 in
1902 2321 34 19 the
1955 2323 53 19 town
2027 2323 116 20 considered
2166 2325 53 18 their
2241 2332 38 13 com-

1859 2347 93 26 panion's
1962 2348 124 20 inheritance
2095 2356 13 13 a
2117 2356 49 20 very
2175 2350 57 26 luckj
2232 2347 2 29 l
2234 2347 3 29 -
2246 2354 47 17 turn

1859 2375 22 18 of
1889 2374 107 19 Fortune's
2014 2375 69 24 wheel,
2094 2376 58 20 there
2162 2383 51 13 wore
2223 2382 38 15 two
2272 2384 21 13 or

1858 2400 57 20 three
1932 2400 45 20 who
1991 2401 37 19 felt
2038 2401 27 24 by
2083 2408 26 13 no
2128 2409 70 13 moans
2212 2403 80 26 pleased

1859 2427 49 19 with
1917 2427 22 18 it.
1967 2426 47 20 Two
2029 2427 22 19 of
2060 2428 137 20 these—Will
2206 2429 87 21 Sanders

1858 2453 40 19 and
1916 2453 47 19 Eric
1981 2453 83 25 Fonley,
2079 2455 66 20 whom
2159 2455 85 26 Maggie
2253 2457 40 18 had

1857 2479 195 20 mentioned—wero
2062 2482 95 19 actuated
2170 2481 28 26 by
2207 2482 86 25 feelings

1857 2505 58 19 other
1938 2505 49 19 than
2007 2512 58 19 envy.
2093 2507 20 19 It
2129 2515 40 12 was
2192 2514 26 13 an
2241 2515 50 19 open

1856 2534 64 17 secrot
1936 2531 45 20 that
1997 2532 46 20 Eric
2061 2540 41 12 was
2119 2531 4 23 '
2131 2534 82 19 smitten
2224 2531 4 23 '
2244 2535 47 19 with

1856 2557 84 26 Maggie
1947 2557 88 25 Robson,
2052 2559 40 19 and
2103 2566 21 13 as
2135 2560 25 20 he
2171 2567 40 12 wos
2222 2567 12 12 a
2244 2568 37 17 poo

1853 2591 71 19 young
1941 2585 68 19 fellow
2026 2585 70 19 lather
2105 2587 49 18 than
2165 2593 11 13 a
2191 2587 42 18 rich
2244 2594 42 17 one,

1854 2610 40 19 this
1918 2611 51 25 good
1983 2611 14 19 fi
2005 2612 20 19 rt
2032 2618 32 13 me
2082 2613 22 18 of
2122 2612 51 20 Miss
2187 2612 100 20 Robson's

1853 2636 41 20 had
1917 2637 66 19 raised
1996 2644 13 13 a
2027 2637 78 20 barrier
2118 2639 91 19 between
2232 2639 54 20 them

1854 2663 65 19 which
1928 2663 72 20 indeed
2010 2664 41 19 had
2060 2664 35 20 the
2105 2665 59 19 effect
2172 2665 22 19 of
2202 2665 84 26 making

1853 2689 43 19 him
1905 2689 68 19 rather
1982 2697 55 12 more
2047 2690 77 20 distant
2133 2691 21 20 in
2161 2691 32 20 his
2202 2698 84 13 manner

1854 2716 33 19 wit
1889 2715 6 9 1
1895 2722 6 11 !
1912 2716 36 18 her
1957 2716 50 19 than
2016 2716 103 26 formerly.

1880 2740 51 21 Will
1944 2742 93 24 Sanders,
2058 2744 94 25 perhaps,
2168 2744 48 19 hold
2238 2744 38 19 him-

1853 2768 40 18 self
1902 2774 11 13 a
1933 2768 52 19 little
1999 2775 55 13 more
2068 2770 68 24 stiffly,
2153 2770 91 24 because,
2256 2771 22 19 be-

1853 2794 87 25 longing
1950 2796 19 17 to
1980 2801 11 12 a
2001 2795 71 25 family
2089 2796 45 19 that
2144 2796 41 19 had
2191 2797 98 25 regarded

1854 2820 55 19 itself
1928 2827 22 12 as
1960 2820 4 27 '
1975 2820 95 27 leading'
2085 2822 21 19 in
2116 2822 35 19 the
2170 2822 52 20 little
2237 2825 52 17 town

1854 2846 45 25 (not
1909 2846 27 25 by
1946 2853 71 13 reason
2034 2848 21 18 of
2072 2848 84 24 worldly
2167 2849 123 25 possessions

1854 2872 103 26 eeitainly,
1977 2873 32 19 for
2024 2880 62 19 many
2105 2881 12 12 a
2131 2875 76 19 farmer
2221 2876 21 19 in
2256 2876 33 19 the

1854 2898 84 26 vicinity
1948 2899 58 19 could
2013 2899 58 20 boast
2081 2907 12 12 a
2100 2903 81 23 greater
2190 2901 97 26 heritage,

1855 2925 37 19 but
1911 2925 27 25 by
1957 2925 65 20 virtue
2037 2926 21 19 of
2067 2928 5 9 '
2079 2927 54 25 good
2147 2927 70 24 stock,'
2228 2934 12 13 a
2253 2928 36 25 big

1854 2951 72 25 stylish
1936 2951 96 26 dwelling
2047 2953 40 19 and
2106 2953 124 20 aristocratic
2244 2961 33 12 con-

1854 2978 104 25 nections),
1971 2978 25 19 he
2011 2985 40 13 was
2067 2979 21 19 in
2097 2985 26 13 no
2134 2982 58 23 great
2201 2980 58 19 haste
2268 2982 20 17 to

1854 3005 99 24 prostrate
1964 3004 82 20 himself
2064 3007 21 17 at
2095 3005 35 20 the
2146 3006 68 19 shrine
2224 3006 22 19 of
2255 3006 33 20 the

1854 3036 95 13 nouveaux
1971 3031 57 19 richc.
2063 3031 112 25 Moreover,
2199 3032 26 20 he
2247 3032 39 20 had

1854 3057 51 19 been
1930 3063 13 13 a
1962 3057 52 19 little
2041 3057 79 26 jealous
2144 3059 22 19 of
2188 3059 99 26 Maggie's

1854 3083 83 25 leaniug
1949 3084 86 19 towards
2053 3083 47 20 Eric
2114 3084 78 26 Fonley
2199 3092 5 17 ;
2218 3085 26 19 he
2251 3086 36 19 felt

1854 3109 45 19 that
1917 3109 32 19 his
1963 3116 44 13 own
2027 3110 109 20 attentions
2150 3118 53 12 were
2212 3118 13 12 a
2242 3118 33 13 con-

1854 3135 116 19 descension
1985 3142 26 13 on
2030 3136 31 19 his
2079 3139 47 22 part
2140 3137 66 19 which
2215 3137 72 20 should

1856 3161 24 19 bo
1902 3161 135 26 appreciated.
2065 3162 91 26 Maggie,
2181 3163 79 26 though
2276 3171 11 12 a

1854 3187 115 25 handsome,
1995 3188 83 25 spirited
2096 3189 47 25 girl,
2160 3189 65 20 clever
2247 3191 39 19 and

1854 3210 152 29 accomplished,
2016 3214 42 20 had
2072 3215 52 19 been
2133 3215 22 19 in
2169 3222 25 13 an
2205 3216 82 20 humble

1854 3239 87 26 position
1952 3241 51 18 until
2012 3246 51 14 now.
2091 3241 48 19 Eric
2157 3248 41 13 was
2208 3243 34 19 the
2251 3249 35 13 son

1854 3266 21 19 of
1886 3272 11 13 a
1906 3266 100 26 scholarly
2014 3267 108 19 father—a
2130 3267 105 26 physician
2244 3269 20 19 in
2274 3276 12 12 a

1853 3292 152 26 neighbouring
2014 3295 54 18 town
2070 3293 77 24 —who,
2158 3294 63 25 dying
2230 3301 53 19 poor,

1853 3318 41 19 had
1903 3318 37 19 left
1949 3318 32 19 his
1990 3325 69 19 young
2068 3326 42 18 son,
2120 3326 13 13 a
2141 3319 34 20 lad
2180 3321 21 18 of
2209 3321 75 23 fifteen,

1853 3351 26 12 no
1901 3344 68 19 choico
1992 3345 21 19 of
2038 3352 12 12 a
2068 3352 74 13 career.
2170 3346 46 20 Eric
2239 3347 45 25 had,

1853 3370 106 24 therefore,
1969 3371 62 19 taken
2047 3378 12 13 a
2073 3372 101 26 clerkship
2188 3373 21 19 in
2220 3380 12 12 a
2240 3380 33 18 pro-

1853 3397 76 19 minent
1938 3399 53 18 store
2000 3398 21 19 in
2039 3398 90 24 Fairfax,
2141 3399 40 18 and
2191 3406 41 13 was
2241 3406 43 13 now

1851 3423 69 25 junior
1934 3426 87 23 partner,
2038 3424 37 19 but
2093 3424 41 19 this
2148 3425 93 20 businoss
2251 3426 33 19 did

1852 3451 35 16 not
1896 3449 103 25 pleasehis
2007 3452 57 21 taste,
2070 3450 41 19 and
2120 3450 27 20 he
2157 3457 40 14 was
2201 3452 83 26 making

1853 3481 59 19 every
1922 3475 58 19 effort
1990 3478 19 17 to
2021 3481 86 20 prepare
2125 3477 82 20 himself
2221 3481 20 16 to
2250 3478 22 19 bo-

1851 3507 55 13 come
1915 3507 13 13 a
1937 3501 46 19 civil
1993 3502 101 24 engineer.

1879 3527 83 25 Maggie
1981 3528 95 19 attended
2091 3535 38 13 one
2138 3536 23 13 or
2171 3531 38 18 two
2220 3530 20 19 of
2250 3530 33 19 the

1851 3553 71 19 socials
1941 3553 65 19 which
2020 3555 95 19 occurred
2125 3555 20 19 in
2155 3556 85 19 Fairfax
2249 3556 22 19 bo-

1851 3579 43 19 fore
1908 3579 37 19 her
1959 3579 108 26 departure
2077 3580 32 20 for
2118 3582 34 18 the
2162 3582 70 24 South,
2244 3582 38 19 and

1851 3605 35 18 she
1896 3605 97 25 certainly
2002 3612 41 13 was
2061 3609 36 17 not
2110 3607 34 19 the
2154 3608 39 19 less
2211 3610 61 17 attrac-

1850 3631 40 19 tive
1900 3631 40 19 and
1948 3632 86 25 popular
2043 3633 32 19 for
2082 3633 38 19 her
2133 3634 52 24 good
2195 3634 85 24 fortune,

1849 3663 37 13 nor
1905 3664 40 12 was
1963 3657 36 19 she
2018 3658 83 26 lacking
2123 3659 34 19 tho
2180 3660 102 20 executive

1851 3683 64 19 which
1929 3682 72 26 übility
2032 3685 68 19 would
2122 3685 72 20 enable
2207 3686 37 19 her
2261 3688 20 18 to

1851 3714 92 19 presorvo
1971 3709 40 19 and
2037 3710 90 20 increase
2155 3711 34 20 the
2216 3712 64 20 richos

1851 3734 64 19 which
1933 3735 41 19 had
1992 3735 63 20 fallen
2073 3739 21 17 to
2107 3737 38 19 her
2158 3737 29 19 lot
2204 3738 21 19 in
2239 3738 41 19 life.

1848 3760 41 19 But
1905 3761 16 18 it
1931 3768 40 12 was
1985 3763 45 18 true
2039 3763 45 19 that
2098 3763 36 19 she
2149 3763 65 20 would
2230 3764 51 20 have

1849 3786 117 26 exchanged
1988 3787 16 20 it
2027 3789 100 25 willingly
2150 3789 31 19 for
2195 3790 35 19 tho
2248 3791 31 18 old

1848 3812 48 24 free,
1915 3814 140 19 unrestrained
2079 3815 115 26 friendship
2216 3815 63 20 which

1848 3838 40 19 had
1898 3845 47 13 onco
1956 3840 77 19 existed
2051 3840 92 20 betwoen
2157 3841 75 20 herself
2241 3842 38 19 and

1848 3864 46 19 Eric
1903 3864 82 26 Fonley,
2006 3866 40 19 and
2064 3867 66 19 which
2148 3867 41 20 this
2198 3867 70 20 circum-

1847 3892 68 17 stance
1938 3892 79 19 seemed
2032 3894 21 17 to
2075 3892 52 20 have
2148 3894 130 25 interrupted.

1874 3916 39 19 She
1927 3917 35 19 bid
1980 3916 41 21 him
2036 3918 102 26 good-byo
2157 3926 24 12 on
2196 3920 83 25 Sunday

1848 3942 86 26 evening
1943 3945 21 17 at
1973 3943 53 19 their
2036 3951 44 12 own
2091 3944 52 20 little
2150 3947 52 23 gate,
2214 3946 65 19 whore

1847 3968 26 19 he
1894 3968 72 25 parted
1994 3968 50 21 with
2067 3970 37 19 her
2126 3971 53 19 after
2206 3972 73 19 church

1847 3994 94 25 meeting.
1969 3994 34 20 He
2009 3995 40 19 had
2060 3996 63 19 asked
2132 3996 45 20 how
2187 3997 48 25 long
2244 3997 35 19 she

1847 4020 65 19 would
1922 4021 25 18 bo
1957 4027 63 19 away,
2032 4022 40 19 and
2081 4022 37 20 sho
2136 4022 40 19 had
2187 4023 41 19 told
2238 4023 40 18 him

1848 4045 4 28 '
1859 4045 17 19 it
1886 4046 66 25 might
1962 4047 24 19 bo
2000 4048 32 18 for
2049 4054 66 18 years,
2131 4048 40 20 and
2189 4049 16 19 it
2214 4048 65 25 might

1846 4071 26 19 be
1894 4071 32 19 for
1948 4073 59 23 ever,'
2031 4073 49 20 with
2100 4080 12 13 a
2134 4075 53 19 little
2208 4075 69 24 laugh,

1846 4097 90 27 through
1945 4098 65 22 which
2020 4106 12 14 a
2041 4099 36 22 sob
2091 4100 67 26 might
2167 4100 52 22 have
2228 4100 51 21 been

2302 84 170 26 distinguishable
2503 85 42 19 had
2573 85 19 17 E
2593 95 9 11 r
2603 88 5 18 i
2610 94 10 12 c
2650 88 86 20 listened

2302 111 80 25 closely.
2409 111 42 19 But
2469 111 36 20 6ho
2515 113 61 18 wrote
2594 116 21 16 to
2623 114 37 19 her
2669 114 67 20 friend

2303 137 39 20 Sue
2351 137 53 19 from
2420 137 38 20 her
2474 136 101 21 Southern
2591 139 91 20 domains
2691 141 46 19 that

2302 164 34 18 the
2359 169 98 20 manager
2474 164 38 20 her
2526 165 57 19 uncle
2606 165 40 20 had
2664 166 38 19 left
2714 167 23 18 in

2303 189 73 25 charge
2396 190 22 19 of
2433 190 34 19 the
2486 194 96 22 property
2597 189 4 27 '
2611 198 40 13 was
2665 192 72 20 honest

2303 216 39 19 and
2352 216 89 25 capable,
2458 217 40 19 and
2508 224 11 12 a
2529 218 43 19 real
2582 217 121 25 gentleman,
2714 225 23 13 so

2303 241 12 19 I
2324 242 52 19 shall
2386 242 25 19 be
2426 242 88 21 relieved
2524 244 52 19 from
2586 244 151 26 responsibility

2303 268 52 18 until
2377 268 12 19 I
2407 268 53 20 shall
2479 270 51 19 have
2545 270 82 19 learned
2641 271 34 19 the
2691 271 46 20 inns

2304 294 39 18 and
2352 297 45 16 outs
2407 295 91 24 peculiar
2511 298 20 17 to
2550 296 35 19 the
2595 299 143 23 management

2304 320 21 18 of
2335 327 11 11 a
2356 320 57 25 large
2423 322 77 19 estate.'

2330 345 39 19 She
2386 353 47 18 was,
2444 347 100 24 however,
2559 348 96 21 detained
2672 350 21 19 in
2703 350 35 19 the

2305 370 63 20 South
2378 372 32 19 for
2419 380 48 12 over
2476 381 12 12 a
2500 381 55 18 year.
2583 375 61 20 After
2652 376 36 18 she
2697 376 42 19 had

2305 397 51 19 been
2373 398 57 20 there
2439 406 13 13 a
2469 400 40 20 few
2523 401 80 19 months
2616 402 37 19 her
2669 408 71 19 young

2306 423 81 20 brother
2397 425 80 20 Charlie
2486 426 70 25 joined
2566 427 42 19 her.

2333 449 4 29 '
2345 449 47 20 You
2401 451 59 19 know
2474 452 47 19 Eric
2540 453 82 24 Fonley,
2639 453 84 25 Maggie
2730 454 10 19 ?

2307 474 59 25 Well,
2377 476 43 20 he's
2437 478 38 19 loft
2490 478 90 21 Fairfax.
2610 479 39 19 Got
2662 486 12 12 a
2690 482 50 17 start

2307 507 21 12 as
2350 508 96 19 surveyor
2469 512 26 12 on
2517 512 55 12 some
2602 505 48 19 laud
2672 506 68 19 where

2308 526 75 26 they're
2392 529 98 26 planning
2500 538 13 12 a
2522 531 101 19 railroad.'

2334 554 4 24 '
2345 554 82 24 Where,
2439 556 80 20 Charlie
2529 557 15 19 ?'

2333 579 3 29 •
2345 579 63 21 Don't
2425 582 64 20 know.
2518 583 11 19 I
2548 583 48 25 only
2605 583 64 19 heard
2687 583 53 21 folks

2307 612 36 19 say
2351 605 48 21 he'd
2411 608 65 24 gone.'

2333 632 59 19 With
2405 630 35 22 the
2463 635 145 20 advancement
2629 635 21 19 of
2669 637 72 25 spring

2308 658 82 25 Maggio
2407 659 82 21 decided
2508 663 20 17 to
2542 662 61 18 retire
2619 663 20 18 to
2653 661 35 21 the
2697 669 33 13 sea-

2309 684 110 21 beach—to
2442 692 12 13 a
2476 690 64 16 resort
2555 690 35 17 not
2608 694 61 18 many
2684 689 57 19 miles

2309 710 80 24 distant,
2406 718 21 13 as
2446 712 34 19 the
2495 713 78 19 district
2595 713 89 20 wherein
2706 715 35 19 the

2308 736 112 25 plantation
2438 738 34 24 lay
2492 746 41 13 was
2552 739 131 20 unhealthful
2701 741 39 19 and

2309 762 78 26 subject
2397 766 20 17 to
2427 764 64 19 fevers
2510 766 76 24 during
2600 766 34 19 the
2653 772 89 14 summer

2309 795 76 13 season.
2425 790 61 19 Their
2509 791 113 26 departure,
2641 792 99 24 however,

2309 821 40 12 was
2367 816 109 19 somewhat
2486 817 85 25 delayed
2585 818 27 25 by
2628 825 12 12 a
2656 818 86 20 disaster

2309 841 64 19 which
2383 842 72 19 visited
2465 846 45 16 tnat
2521 844 75 19 section
2615 844 21 19 of
2650 847 91 23 country.

2309 866 41 20 The
2360 868 53 19 river
2428 875 44 13 rose
2489 869 53 20 from
2556 870 113 25 protracted
2679 871 61 23 rains,

2309 893 40 19 and
2370 900 13 13 a
2410 894 128 27 devastating
2560 896 53 19 flood
2636 893 105 28 followed;

2309 919 56 19 there
2375 926 40 13 was
2425 927 12 12 a
2446 924 58 22 great
2514 922 39 19 loss
2563 922 21 19 of
2596 926 95 22 property
2701 924 41 19 and

2309 952 53 12 some
2370 946 40 19 loss
2420 947 21 19 of
2448 947 41 19 life.

2335 971 31 20 On
2384 973 34 19 tho
2437 974 94 25 morning
2543 974 106 25 following
2669 981 38 14 one
2721 976 21 19 of

2309 998 61 23 these,
2382 1005 22 13 as
2414 999 34 19 tho
2458 1006 44 13 now
2509 1000 90 20 mistress
2606 1001 21 19 of
2637 1000 105 21 Oaklands

2310 1030 39 13 was
2360 1025 81 25 driving
2453 1026 57 19 alone
2516 1033 44 13 —a3
2578 1027 36 19 she
2623 1027 41 19 had
2674 1033 57 14 accus-

2310 1051 66 19 tomed
2399 1051 75 19 herself
2498 1054 21 17 to
2542 1053 142 25 do—through
2707 1053 35 20 the

2310 1077 115 24 productive
2444 1078 89 25 portions
2548 1079 21 19 of
2582 1079 36 19 her
2636 1079 54 24 land,
2706 1080 36 18 she

2309 1103 127 24 approached
2451 1103 33 20 tho
2503 1105 89 24 ravaged
2606 1105 77 19 district
2702 1106 40 19 and

2309 1129 70 24 stayed
2389 1129 36 19 her
2434 1129 59 20 horse
2502 1130 21 19 in
2533 1137 12 12 a
2554 1131 66 24 lovely
2629 1133 46 24 spot
2684 1132 47 19 with-

2310 1155 19 18 in
2348 1155 56 25 sight
2418 1155 40 19 and
2477 1157 64 19 sound
2562 1157 21 19 of
2599 1157 34 19 tho
2655 1157 88 26 rushing

2309 1182 80 23 stream,
2401 1181 41 19 still
2460 1182 85 25 bearing
2563 1189 26 13 on
2603 1183 26 19 its
2642 1183 99 26 foaming,

2310 1207 73 25 murky
2393 1207 78 20 surface
2484 1209 54 24 hugo
2548 1215 75 13 masses
2632 1209 22 19 of
2667 1209 75 20 debris.

2310 1232 104 26 Suddenly
2423 1234 114 26 something
2546 1235 41 19 like
2595 1241 12 13 a
2614 1242 34 18 cry
2656 1236 87 19 reached

2310 1259 35 19 her
2356 1266 49 17 ears,
2422 1260 40 19 and
2477 1260 84 26 looking
2570 1261 22 18 in
2601 1261 35 19 the
2645 1261 98 20 direction

2310 1286 81 19 whence
2398 1286 16 19 it
2423 1286 115 25 proceeded,
2559 1287 35 19 sho
2608 1287 89 20 descried
2707 1291 36 16 out

2310 1311 20 19 in
2340 1312 125 19 mid-stream
2476 1319 11 12 a
2494 1313 50 18 dark
2552 1314 108 24 something,
2670 1314 72 24 which,

2310 1337 109 26 balancing
2435 1345 44 13 now
2498 1339 63 20 above
2571 1340 34 19 the
2616 1347 71 17 waves,
2697 1347 46 13 now

2310 1363 88 20 beneath
2408 1364 61 24 them,
2479 1366 79 18 seemed
2562 1366 27 26 by
2598 1366 26 19 its
2630 1366 114 26 inequality

2310 1390 21 19 of
2354 1390 63 26 shape
2440 1390 40 19 and
2503 1392 75 25 weight
2601 1399 12 13 a
2636 1392 108 26 menacing

2310 1416 73 26 object,
2394 1416 87 26 offering
2490 1416 51 21 little
2550 1418 53 26 hope
2613 1418 21 20 of
2643 1418 100 21 salvation

2310 1444 19 18 to
2339 1449 41 19 any
2398 1443 82 20 mortals
2496 1443 91 28 clinging
2601 1447 19 18 to
2630 1445 49 20 such
2695 1451 36 21 sup-

2310 1470 44 24 port
2364 1468 55 21 amid
2434 1469 35 20 the
2483 1470 104 21 turbulent
2596 1474 78 17 waters.
2702 1471 41 21 Yet

2309 1498 20 17 to
2336 1494 152 28 thisrevolving
2494 1496 41 20 raft
2542 1498 40 19 two
2587 1497 77 21 human
2670 1497 73 27 beings

2309 1528 52 14 were
2371 1521 92 27 clinging
2471 1523 32 19 for
2513 1523 53 21 their
2574 1523 42 22 life.

2335 1547 56 27 Very
2409 1554 49 14 soon
2476 1548 49 28 they
2538 1550 68 21 would
2623 1550 27 21 be
2669 1550 74 21 hurled

2309 1574 42 21 into
2370 1575 35 20 the
2414 1574 107 27 whirlpool
2535 1576 40 21 and
2584 1576 67 21 debris
2670 1577 72 20 below.

2309 1601 42 20 The
2375 1604 74 17 stream
2469 1609 41 12 was
2531 1603 85 27 rushing
2638 1604 51 21 with
2708 1604 35 20 the

2309 1630 71 24 strong
2397 1628 89 27 impetus
2496 1630 21 19 of
2530 1630 34 19 the
2581 1632 86 24 current,
2677 1630 39 21 but
2731 1637 12 14 a

2309 1655 48 19 boat
2366 1655 68 26 might
2442 1655 41 20 live
2493 1662 54 20 upon
2557 1656 33 20 tho
2601 1660 77 22 waters,
2690 1663 53 15 were

2309 1688 12 12 a
2329 1681 101 25 powerful
2439 1688 64 14 rower
2513 1686 20 16 at
2542 1683 62 20 hand.

2335 1707 41 20 She
2399 1707 73 21 looked
2496 1708 113 27 hopelessly
2638 1708 22 23 in
2683 1715 60 21 every

2309 1733 160 21 direction—not
2479 1741 12 13 a
2504 1742 48 13 man
2566 1743 40 13 was
2616 1738 20 18 to
2646 1737 26 20 be
2688 1744 54 13 seen,

2309 1760 41 20 But
2368 1761 36 19 she
2418 1762 60 20 knew
2496 1762 45 20 that
2560 1762 58 21 boats
2636 1770 52 14 were
2707 1768 36 17 not

2310 1789 91 26 wanting
2418 1790 63 25 along
2502 1790 35 19 the
2555 1790 65 21 banks
2643 1792 36 19 sha
2701 1792 42 19 had

2309 1816 73 25 passed
2392 1816 69 20 before
2475 1816 96 26 reaching
2580 1817 35 20 the
2628 1817 39 21 low
2676 1818 65 24 lands,

2309 1842 40 19 and
2367 1842 66 20 which
2442 1849 52 13 were
2504 1845 32 17 too
2550 1843 51 26 high
2610 1846 20 17 to
2646 1844 26 20 be
2686 1851 45 13 over-

2308 1868 77 20 flowed.
2414 1869 41 19 She
2473 1870 61 19 drove
2543 1870 53 19 back
2609 1877 12 12 a
2639 1877 49 19 pace
2702 1870 41 20 and

2309 1895 63 19 found
2382 1898 39 16 two
2430 1895 52 26 high
2492 1896 40 19 and
2541 1896 43 25 dry.

2334 1921 85 26 Maggie
2446 1922 84 20 Robscn
2561 1929 40 13 was
2632 1922 112 27 physically

2309 1950 71 23 strong
2394 1947 40 20 and
2453 1948 79 25 subject
2552 1950 20 18 to
2590 1955 26 13 no
2634 1950 40 19 fine
2695 1949 48 26 lady

2309 1975 80 17 terrors.
2418 1973 40 20 Sho
2474 1981 41 13 was
2524 1976 35 18 not
2569 1980 26 14 an
2611 1976 133 25 experienced

2309 2006 68 17 rower,
2397 2000 39 19 but
2449 2001 36 19 sho
2504 2001 41 19 had
2564 2001 101 26 practised
2688 2002 46 20 suffi-

2309 2026 74 25 ciently
2400 2032 56 19 upon
2465 2027 35 19 tho
2518 2027 53 19 river
2585 2030 21 16 at
2624 2027 85 21 Fairfax
2723 2027 23 21 t6*

2309 2052 40 19 feel
2367 2054 21 17 at
2397 2052 60 20 home
2466 2053 50 19 with
2526 2060 12 12 a
2551 2053 45 26 pair
2612 2054 22 19 of
2642 2054 61 19 sculls
2721 2055 22 19 in

2309 2078 36 18 her
2354 2077 71 19 bauds.

2336 2104 40 19 She
2386 2111 52 19 gave
2454 2111 27 13 no
2491 2105 88 26 thought
2586 2107 21 18 to
2622 2105 50 20 fear.
2700 2106 44 20 The

2310 2137 120 19 omergeney
2438 2131 83 20 infused
2530 2131 37 20 her
2584 2131 50 21 with
2643 2131 100 27 strength.

2309 2156 41 19 Sho
2360 2156 59 21 knew
2424 2157 17 19 it
2450 2158 67 19 would
2527 2158 25 19 be
2561 2158 35 19 the
2601 2158 83 20 hardest
2695 2159 49 19 kind

2309 2183 22 19 of
2337 2183 83 26 rowing,
2432 2183 37 20 but
2480 2184 34 19 sho
2522 2184 125 20 determined
2655 2187 21 17 to
2684 2185 60 19 make

2310 2209 34 19 the
2354 2211 87 24 attempt
2450 2212 21 17 to
2480 2217 48 12 save
2535 2210 57 19 those
2601 2213 39 17 two
2650 2211 94 27 hopeless

2309 2238 102 17 creatures
2429 2236 102 26 plunging
2545 2238 35 18 out
2599 2237 56 19 there
2673 2238 22 19 in
2709 2238 35 19 the

2309 2262 60 24 rivor,
2385 2269 49 12 even
2444 2263 17 19 if
2470 2263 16 19 it
2495 2265 42 17 cost
2551 2263 81 20 her'her
2641 2271 46 13 own
2700 2264 43 21 life.

2337 2291 40 20 She
2387 2291 108 20 succeeded
2506 2292 20 18 in
2540 2290 102 27 dragging
2651 2291 34 20 the
2695 2291 49 20 boat

2309 2319 21 18 to
2348 2318 36 19 the
2393 2317 67 24 brink,
2471 2318 40 19 and
2525 2317 99 20 launched
2640 2317 16 20 it
2674 2319 22 18 at
2709 2318 35 19 the

2310 2344 83 25 highest
2416 2345 62 18 water
2500 2344 66 19 mark.
2611 2343 41 20 She
2674 2344 70 26 pulled

2310 2370 89 25 straight
2417 2372 41 22 out,
2469 2370 33 19 for
2518 2370 34 19 tho
2566 2370 53 19 river
2636 2377 42 12 was
2692 2377 39 13 com-

2311 2396 113 26 paratively
2433 2396 54 19 clear
2497 2398 21 17 at
2532 2396 40 19 this
2581 2396 63 26 point.
2672 2396 21 19 It
2703 2403 41 14 was

2310 2422 49 19 slow
2377 2422 62 24 work,
2450 2422 38 19 but
2498 2422 35 19 she
2547 2422 64 19 found
2628 2423 17 18 it
2653 2425 36 17 not
2707 2423 25 20 im-

2311 2448 94 26 possible,
2417 2455 21 12 as
2448 2448 35 19 sho
2493 2448 42 19 had
2544 2448 74 19 feared.

2337 2474 69 20 When
2424 2475 45 19 well
2479 2476 35 18 out
2527 2474 53 20 from
2594 2474 65 24 shore,
2677 2475 67 20 whore

2311 2501 34 19 the
2354 2500 80 20 flotsam
2449 2501 41 18 had
2500 2501 73 25 mostly
2586 2501 101 24 collected,
2708 2502 36 19 sho

2309 2527 80 24 yielded
2407 2530 21 16 to
2443 2527 34 19 tho
2495 2529 85 22 current,
2598 2527 64 20 which
2681 2530 63 23 swept

2311 2554 36 18 her
2365 2553 80 26 rapidly
2455 2554 86 18 towards
2555 2553 57 19 those
2622 2553 35 20 she
2676 2554 68 19 would

2310 2586 75 13 rescue.
2413 2579 43 20 The
2466 2580 66 25 quosti
2539 2586 19 12 )n
2568 2580 21 18 of
2601 2580 80 25 pulling
2691 2580 15 19 b
2713 2580 31 19 ick

2311 2606 81 25 against
2401 2606 35 19 the
2446 2613 30 11 cm
2481 2608 45 17 rent
2544 2605 36 19 she
2590 2606 62 19 dared
2666 2608 37 17 not
2713 2609 31 22 try

2311 2634 20 16 to
2341 2638 78 14 answer
2429 2631 4 27 ;
2448 2632 37 20 but
2495 2632 35 19 sho
2540 2631 41 19 had
2589 2631 70 27 placed
2677 2632 23 20 in
2709 2632 35 20 the

2311 2657 47 20 boat
2368 2665 26 13 an
2404 2661 57 17 extra
2471 2658 45 25 pair
2525 2658 21 20 of
2557 2664 50 17 oars,
2625 2659 40 19 and
2674 2665 24 14 as
2707 2659 37 19 she

2309 2685 59 19 could
2383 2691 33 13 see
2425 2685 78 25 plainly
2517 2691 37 13 one
2563 2684 22 20 of
2594 2679 56 25 these
2664 2685 65 19 drown-

2309 2710 36 26 ing
2363 2711 71 26 people
2453 2717 40 13 was
2504 2717 11 13 a
2532 2717 52 17 man,
2600 2711 35 19 sho
2651 2711 91 20 boliovod

2310 2739 38 17 two
2372 2739 70 24 strong
2467 2744 73 12 rowers
2563 2737 66 25 might
2651 2738 89 23 succeed,

2309 2763 100 25 although
2427 2763 37 19 she
2481 2763 76 19 herself
2570 2770 41 12 was
2621 2763 73 20 almost
2709 2770 22 13 ex-

2309 2789 92 19 hausted.
2429 2789 41 19 She
2479 2789 75 26 gained
2563 2796 26 12 on
2602 2789 36 20 the
2655 2790 87 26 rushing

2307 2815 54 19 float,
2379 2815 40 19 and
2429 2819 22 15 at
2460 2815 40 19 last
2513 2815 90 19 crowded
2618 2815 58 20 down
2686 2823 55 19 upon

2307 2841 22 19 it.
2357 2841 56 25 They
2422 2848 52 13 were
2483 2844 40 17 two
2529 2848 116 18 men—one,
2657 2843 82 24 elderly,

2307 2867 37 19 but
2359 2869 71 24 strong
2439 2868 118 25 appearing,
2578 2868 84 25 holding
2671 2869 22 19 in
2709 2869 31 19 his

2307 2900 52 13 arms
2378 2894 34 19 the
2422 2894 110 19 insonsiblo
2546 2895 52 18 form
2614 2895 22 19 of
2645 2901 12 13 a
2670 2901 71 19 young

2306 2926 47 13 man
2363 2920 44 19 slim
2419 2921 40 18 and
2468 2921 46 18 fair.
2743 2920 1 19 I

2334 2948 5 9 '
2348 2947 37 24 Mj'
2400 2947 120 25 companion
2535 2947 18 19 is
2561 2947 45 19 half
2622 2947 95 19 drowned
2728 2947 11 19 !'

2305 2973 78 25 gasped
2401 2973 35 19 the
2455 2973 54 19 elder
2525 2980 52 13 man.
2607 2973 4 25 '
2622 2973 44 20 God
2685 2973 54 20 bless

2304 3005 42 18 you
2355 2999 32 20 for
2396 3006 12 13 a
2418 2999 62 20 bravo
2488 3006 77 13 woman
2573 2998 10 21 !'
2598 3000 26 19 he
2634 3000 72 24 added,
2718 3007 21 12 as

2305 3025 25 19 he
2349 3026 101 24 managed
2459 3027 21 18 to
2498 3026 48 19 hurl
2554 3026 32 19 his
2599 3026 79 19 burden
2696 3026 43 20 into

2305 3051 34 19 the
2362 3052 54 24 boat,
2436 3052 60 19 while
2510 3052 90 25 Maggie,
2620 3052 49 19 with
2683 3053 55 20 main

2309 3078 99 25 strength,
2434 3080 42 17 cast
2493 3078 51 19 both
2558 3078 21 19 of
2600 3078 37 19 her
2660 3080 76 24 strong,

2303 3111 70 18 young
2379 3111 54 12 arms
2443 3104 63 19 about
2513 3104 34 20 the
2553 3104 83 20 timbers
2641 3106 22 19 to
2672 3105 67 20 which

2305 3130 43 25 thej
2348 3137 5 6 7
2362 3131 41 18 had
2410 3130 66 26 clung,
2486 3130 40 19 and
2535 3130 48 20 thus
2589 3131 49 25 kept
2647 3132 36 19 the
2690 3131 48 20 boat

2304 3163 50 12 near
2363 3157 22 18 it.
2413 3157 44 19 The
2470 3163 48 13 man
2527 3157 114 20 clambered
2659 3158 28 24 in,
2698 3158 40 19 and

2304 3184 40 17 lost
2353 3189 26 13 no
2389 3183 49 19 time
2447 3183 22 19 in
2483 3183 77 25 seizing
2568 3184 35 19 the
2618 3190 52 13 oars.
2698 3184 39 19 Eor

2304 3215 13 12 a
2335 3209 49 19 time
2398 3209 49 25 they
2464 3209 60 20 sSade
2542 3216 26 12 no
2586 3210 99 25 headway
2703 3217 22 19 ap-

2304 3235 100 25 parently,
2428 3236 38 19 but
2485 3238 21 17 at
2531 3236 39 19 last
2592 3236 48 24 they
2662 3236 74 25 gained

2304 3261 82 26 against
2395 3261 35 20 the
2439 3262 115 19 downward
2565 3264 85 22 current,
2666 3262 40 19 and
2716 3265 21 16 at

2304 3287 34 19 the
2347 3287 44 20 first
2401 3287 62 20 break
2473 3288 22 19 in
2504 3288 35 19 the
2548 3288 67 19 debris
2628 3288 107 19 succeeded

2302 3313 22 19 in
2333 3314 98 25 reaching
2446 3314 35 20 the
2490 3314 59 20 shore
2560 3313 3 26 ;
2578 3314 55 24 then,
2643 3314 40 20 and
2701 3317 34 17 not

2304 3339 31 19 till
2353 3340 55 24 then,
2424 3347 23 13 as
2464 3341 36 19 the
2513 3341 109 19 insensible
2632 3347 47 13 man
2695 3347 40 13 was

2302 3366 91 25 dragged
2412 3374 27 12 on
2448 3368 21 18 to
2479 3367 34 19 the
2526 3367 61 24 bank,
2607 3366 34 20 did
2651 3367 84 25 Maggie

2302 3398 63 19 pause
2375 3393 40 19 and
2425 3393 61 19 falter
2495 3393 40 19 and
2544 3394 47 18 turn
2603 3393 52 25 pale.

2330 3419 5 10 '
2345 3417 180 28 Surely—surely,'
2536 3419 35 19 she
2580 3419 82 26 gasped,
2676 3417 4 28 '
2690 3420 44 19 that

2302 3445 16 20 is
2328 3444 47 20 Eric
2384 3445 78 26 Fonley
2472 3445 11 20 !'

2329 3471 4 26 '
2344 3471 47 25 Yes,
2399 3473 54 19 miss.
2482 3473 32 18 Do
2523 3478 40 19 you
2572 3472 59 19 know
2639 3471 44 20 him
2692 3471 15 20 ?'

2329 3497 4 25 '
2340 3497 67 21 Know
2416 3499 43 19 him
2467 3498 5 20 !
2500 3498 61 24 Why,
2572 3497 26 20 he
2607 3504 64 13 comes
2680 3498 53 20 from

2301 3530 34 19 my
2353 3525 68 19 native
2436 3527 59 17 town.
2523 3520 64 24 What
2600 3523 17 20 is
2626 3523 26 20 he
2671 3524 63 26 doing

2300 3550 48 19 here
2358 3550 14 18 ?'

2328 3578 5 9 '
2342 3576 35 20 Ho
2394 3577 38 19 has
2441 3575 51 21 been
2507 3575 109 26 surveying
2631 3575 35 21 the
2684 3577 47 20 land

2300 3603 63 19 above
2379 3603 48 19 here
2437 3603 48 19 with
2499 3609 32 13 me
2541 3602 4 26 ;
2560 3602 67 20 where
2640 3603 49 25 they
2699 3610 33 14 are

2300 3629 99 25 planning
2406 3629 33 19 the
2447 3629 93 23 railroad,
2547 3635 42 18 you
2598 3628 66 20 know.
2692 3630 40 20 We

2300 3655 89 25 thought
2399 3662 37 12 our
2445 3655 59 19 cabin
2514 3661 40 13 was
2568 3657 35 17 out
2612 3655 22 19 of
2643 3655 35 20 the
2688 3662 43 20 way

2299 3682 22 18 of
2330 3681 34 19 the
2374 3681 99 24 overflow,
2484 3681 37 19 but
2530 3680 35 19 tho
2573 3680 40 20 rise
2624 3682 107 26 yesterday

2299 3708 48 18 took
2356 3714 24 12 us
2389 3707 119 19 unawares.'

2326 3733 84 25 Maggie
2427 3733 58 19 knew
2495 3732 45 19 that
2552 3732 22 19 in
2590 3732 35 20 the
2640 3733 90 26 phaeton

2299 3759 36 19 she
2342 3759 41 19 had
2392 3759 37 19 left
2436 3758 55 19 there
2500 3765 41 12 -was
2547 3758 35 20 the
2591 3758 140 22 Southerner's

2298 3785 136 25 stand-by—a
2444 3784 58 26 spirit
2516 3784 127 28 flask—kept
2659 3786 72 20 within

2298 3811 35 19 the
2351 3810 92 20 leathern
2457 3810 65 19 inside
2535 3810 79 26 pocket,
2631 3813 21 18 to
2673 3812 24 19 bo
2711 3816 20 16 at

2298 3837 54 19 hand
2366 3837 33 19 for
2417 3836 27 19 all
2458 3837 140 24 emergencies.
2634 3838 42 20 She
2694 3838 37 19 left

2298 3863 55 19 them,
2375 3862 41 19 and
2436 3862 98 20 hastened
2547 3865 21 17 to
2590 3870 69 13 secure
2681 3864 47 24 this,

2298 3888 59 21 while
2375 3888 35 19 the
2419 3888 56 19 oldor
2483 3895 47 12 man
2543 3890 51 19 used
2610 3897 61 19 every
2685 3897 34 19 pos-

2298 3915 51 19 sible
2357 3921 70 12 moans
2437 3914 21 19 of
2467 3915 147 20 resuscitation.

2326 3940 4 22 '
2340 3940 37 21 Oh,
2402 3940 26 19 he
2450 3940 18 19 is
2486 3940 103 21 dead—ho
2615 3942 17 19 is
2657 3942 51 19 dead
2718 3942 11 20 !'

2297 3962 86 24 moaned
2400 3966 90 25 Maggie,
2502 3967 59 20 when
2574 3974 55 20 upon
2647 3968 38 20 her
2700 3975 20 14 re-

2297 3994 47 17 turn
2354 3993 36 19 she
2399 3999 42 13 saw
2457 3992 45 20 that
2511 3993 26 19 he
2547 4000 41 13 was
2604 3994 41 19 still
2655 4001 63 13 uncon-

2297 4019 71 19 scious.

2324 4046 5 9 '
2339 4044 39 23 No,
2389 4044 26 19 he
2424 4044 18 20 is
2451 4046 36 18 not
2497 4045 64 25 dead,'
2572 4046 45 20 said
2630 4046 35 20 the
2675 4053 54 13 man.

2298 4069 4 28 '
2312 4069 35 19 He
2355 4070 51 20 livos
2417 4069 3 28 ;
2436 4071 40 19 and
2494 4071 17 19 if
2519 4071 12 19 I
2540 4078 38 14 can
2591 4074 35 23 get
2635 4079 56 14 some
2709 4073 21 19 of

2298 4096 39 21 iius
2347 4096 49 22 stuff
2406 4096 59 24 dwa
2474 4097 33 24 Jus
2516 4097 67 24 throat
2645 4099 5 11 '

2780 77 33 19 He
2832 77 108 19 succeeded
2963 79 21 17 at
3001 77 46 24 last,
3071 78 41 19 and
3135 79 51 21 after

2754 103 95 24 vigorous
2868 103 69 18 efforts
2945 109 27 13 on
2985 103 35 19 the
3036 107 47 22 part
3091 104 23 19 of
3130 104 54 25 both,

2754 129 47 18 Eric
2810 128 77 25 Fonley
2901 129 77 24 opened
2987 129 32 19 his
3035 136 151 20 eyes—opened,

2754 155 56 18 them
2827 154 40 19 full
2881 160 54 19 upon
2952 155 35 19 the
3001 155 44 19 face
3064 156 22 19 of
3104 156 82 25 Maggie

2754 180 90 24 Robson,
2864 180 46 25 pale
2930 180 129 25 dishevelled,
3079 182 41 20 and
3140 183 47 21 with

2754 206 44 19 fear
2807 206 81 19 written
2897 205 77 26 plainly
2984 213 53 19 upon
3056 214 61 19 every
3126 208 51 21 linea-

2755 234 56 17 ment
2820 232 21 19 of
2850 232 37 19 her
2895 233 50 18 face.

2784 258 4 30 '
2799 258 65 19 What
2881 258 17 19 is
2909 258 39 19 this
2958 258 17 19 ?'
2985 258 26 20 ho
3025 260 59 24 cried,
3102 261 85 27 starting

2755 290 34 19 up.
2817 284 58 19 Then
2884 284 178 27 remoraboriug.as
3071 286 33 20 his
3118 287 70 25 glance

2755 311 42 18 met
2815 310 32 19 his
2857 310 142 25 companion's,
3016 310 4 26 '
3030 312 32 24 By
3071 311 52 21 Jove
3133 313 12 19 !'
3163 313 24 21 he

2756 336 107 24 muttered,
2875 336 5 11 '
2890 343 27 12 wo
2927 341 33 14 are
2970 338 67 23 saved,
3048 338 94 21 Leonard
3151 341 10 18 !'

2782 362 43 19 But
2834 362 25 19 he
2869 368 41 13 was
2917 368 22 13 so
2949 362 57 19 weak
3013 364 44 19 that
3067 364 26 20 he
3102 372 42 13 was
3153 372 24 15 un-

2756 387 47 20 able
2813 390 21 17 to
2843 388 40 19 rise
2892 394 55 19 upon
2957 388 31 19 his
2997 389 47 20 feet.

2785 413 4 28 '
2799 414 44 19 Lift
2861 413 43 20 him
2924 414 42 19 into
2985 414 34 20 tho
3037 416 96 25 phaeton,
3158 418 31 21 Mr

2757 439 93 20 Leonard
2860 447 5 16 ;
2881 446 28 13 we
2919 440 40 19 will
2969 440 56 20 drive
3037 444 21 17 at
3067 449 50 14 once
3126 445 21 18 to
3156 445 32 20 the

2757 466 70 19 house.
2855 465 37 20 Oh.
2912 465 52 24 Eric,
2975 466 13 19 I
2996 473 61 14 never
3071 468 59 21 know
3147 470 41 21 that

2757 498 41 18 you
2817 498 51 13 were
2886 492 59 19 down
2960 492 53 25 here,
3029 493 22 20 in
3069 495 46 20 that
3129 497 60 20 awful

2757 518 113 18 fever-hole
2880 517 4 26 !
2930 517 47 20 You
2999 520 59 19 could
3081 524 36 17 not
3138 522 51 21 havo

2759 544 80 18 worked
2850 544 56 19 there
2915 544 85 20 another
3009 546 71 19 month
3090 547 5 18 !

2786 569 4 28 '
2797 569 47 19 And
2853 569 13 19 I
2874 569 42 20 had
2924 576 26 12 no
2959 570 47 20 idea
3013 576 30 15 We
3052 579 53 13 were
3112 580 22 13 so
3143 581 46 16 near

2757 595 56 25 you,'
2823 595 44 20 said
2877 595 79 20 Eric—'
2966 596 51 20 least
3031 598 22 19 of
3062 598 28 20 all
3107 600 45 20 that
3162 608 27 14 wo

2758 621 73 20 should
2841 628 42 13 owe
2893 628 37 13 our
2938 622 51 20 lives
2999 625 20 17 to
3027 630 42 19 you
3079 625 12 24 ,'
3102 625 58 21 while
3170 628 19 20 in

2759 647 31 19 his
2813 648 66 25 proud
2900 648 58 19 heart
2977 649 34 19 the
3032 657 72 19 young
3124 652 65 23 fellow

2759 673 89 25 thought
2858 673 4 28 :
2880 673 4 28 '
2895 674 11 18 I
2916 675 50 18 wish
2976 676 21 17 to
3006 675 44 20 God
3060 677 16 19 it
3090 678 41 19 had
3142 679 47 22 been

2758 699 94 20 reversed
2862 700 5 19 !
2894 699 47 20 And
2950 706 46 14 now
3009 704 20 16 to
3039 701 25 20 be
3079 703 111 28 absolutely

2759 725 94 26 helpless,
2864 726 40 19 and
2912 726 52 19 have
2974 729 20 17 to
3004 727 25 19 be
3039 729 78 20 carried
3127 732 20 18 to
3156 731 34 21 her

2759 751 127 20 house--her
2904 759 40 13 new
2957 756 105 18 estate—to
3078 755 61 21 know
3147 757 42 21 that

2759 778 36 19 she
2813 778 73 19 almost
2895 778 63 20 killed
2971 779 76 21 herself
3062 783 22 17 to
3097 788 48 14 save
3160 790 23 14 us

2759 804 41 19 and
2810 804 45 19 that
2864 804 12 19 I
2885 807 73 18 cannot
3021 804 4 21 '

2785 830 129 24 Meanwhile,
2925 831 85 26 Maggie
3019 839 41 13 was
3070 835 74 26 saying
3152 842 5 17 ;

2788 856 4 31 '
2801 856 73 19 Thank
2891 863 46 19 you,
2953 858 49 19 dear
3015 859 66 20 Uncle
3097 861 91 26 Raleigh,

2759 881 33 20 for
2801 882 82 26 leaving
2901 889 31 13 me
2942 883 57 20 these
3008 884 102 22 Southern
3128 880 61 28 lands'.

2759 907 60 20 After
2829 908 33 25 all,
2873 915 41 19 you
2923 909 80 21 blessed
3012 918 32 13 me
3058 919 56 14 more
3123 913 50 20 than
3181 915 9 19 I

2759 934 73 19 knew.'

2785 960 42 19 For
2846 960 33 20 the
2892 967 71 20 young
2976 963 64 20 man's
3055 965 133 26 constitution,

2760 986 28 19 all
2807 987 79 19 unused
2895 990 20 17 to
2924 988 35 19 the
2973 995 99 19 exposure
3089 992 21 19 to
3128 992 61 21 which

2760 1012 25 19 he
2795 1012 41 19 had
2846 1013 51 19 been
2906 1014 96 20 submitto
3010 1016 12 23 I,
3039 1017 81 24 yielded
3130 1021 19 16 to
3160 1019 29 20 the

2760 1038 57 19 fever
2825 1039 66 19 which
2898 1039 41 20 had
2948 1040 84 26 already
3039 1043 61 19 taken
3111 1044 26 19 its
3145 1044 44 21 hold

2761 1064 58 19 when
2828 1065 36 19 the
2870 1065 53 20 flood
2929 1068 100 24 occurred,
3040 1069 41 19 and
3086 1070 33 19 for
3129 1071 60 20 weeks

2760 1090 25 19 he
2796 1090 33 25 lay
2839 1091 23 19 ill
2870 1093 22 17 at
2901 1091 110 22 Oaklands.

2786 1116 103 26 Maggie's
2898 1121 51 17 aunt
2958 1119 53 20 Jano
3020 1120 41 20 had
3071 1127 55 14 come
3136 1122 53 21 ddwn

2761 1142 32 19 for
2799 1143 34 19 the
2843 1145 41 17 rest
2893 1144 21 18 of
2923 1144 34 20 tho
2964 1146 70 25 period
3044 1147 46 19 that
3096 1148 37 19 her
3139 1149 50 20 nieco

2761 1168 66 20 would
2836 1169 26 19 be
2870 1170 82 25 obliged
2959 1173 21 17 to
2989 1173 78 19 remain
3074 1174 70 25 South,
3154 1176 35 20 and

2761 1194 93 26 together
2864 1195 47 25 they
2920 1197 76 20 nursed
3004 1198 44 20 him
3057 1200 52 20 well.
3137 1201 52 26 They

2761 1220 28 19 all
2806 1221 94 20 removed
2910 1223 20 18 to
2939 1223 35 19 tho
2988 1225 103 21 sea-shore
3109 1233 23 13 as
3145 1233 44 14 soun

2761 1253 22 12 as
2794 1246 16 19 it
2819 1253 41 13 was
2869 1248 95 25 possible.

2787 1272 47 20 Eric
2843 1275 90 23 groaned
2942 1275 41 19 and
2992 1276 85 21 writhed
3090 1279 64 20 under
3162 1279 26 20 his

2761 1298 94 21 enforced
2864 1300 92 26 position,
2966 1301 37 21 but
3013 1303 34 19 the
3054 1304 57 25 sight
3119 1306 21 18 of
3150 1306 39 20 that

2761 1327 61 17 sweet
2840 1325 60 20 homo
2909 1327 48 23 face,
2970 1329 40 19 and
3024 1336 38 13 one
3081 1331 25 19 he
3116 1331 40 20 had
3171 1339 18 13 so

2761 1350 50 26 long
2820 1351 90 21 admired
2919 1354 41 19 and
2970 1354 64 24 loved,
3045 1356 60 20 could
3114 1359 35 18 not
3158 1358 31 20 fail

2761 1379 21 18 to
2792 1383 56 14 serve
2858 1384 23 14 as
2890 1385 12 13 a
2911 1378 81 22 blissful
3001 1387 97 20 panacea.

2789 1405 5 9 '
2801 1403 48 20 And
2858 1410 45 14 now
2912 1405 12 20 I
2933 1408 54 18 must
2996 1409 35 23 get
3041 1414 28 20 up
3079 1409 66 21 Ncrth
3155 1411 34 20 and

2762 1431 56 18 enter
2841 1430 45 21 that
2907 1432 128 22 confounded
3058 1435 51 23 shop
3133 1437 56 25 again

2761 1455 53 20 until
2832 1456 12 20 I
2854 1463 32 14 am
2896 1458 121 28 sufficiently
3031 1460 74 22 bracoa
3121 1468 28 20 up
3163 1463 26 21 for

2761 1482 85 21 another
2855 1483 57 26 pull,'
2923 1484 25 21 he
2958 1486 50 24 said,
3020 1486 59 22 when
3088 1489 21 19 at
3121 1487 39 22 last
3169 1489 19 21 ho

2761 1515 40 14 was
2811 1510 129 24 pronounced
2949 1512 144 22 convalescent.

2789 1535 4 32 '
2799 1535 53 26 Eric,
2863 1536 63 26 you'll
2933 1536 25 23 do
2964 1538 87 28 nothing
3062 1540 21 21 of
3090 1540 35 21 the
3130 1540 58 27 kind/

2761 1561 45 21 said
2837 1562 71 27 sturdy
2930 1564 57 21 Aunt
3016 1565 58 27 Jane,
3108 1567 81 28 clicking

2760 1587 37 21 her
2829 1588 180 28 knitting-needles
3044 1595 144 25 energetically,

2763 1613 3 32 '
2777 1613 71 22 You'll
2857 1618 45 24 stay
2910 1616 63 28 along
2987 1618 48 21 with
3046 1626 30 19 us,
3093 1621 40 20 and
3143 1615 46 27 we'll

2761 1641 28 20 all
2808 1648 26 20 go
2852 1648 27 20 up
2893 1644 99 25 together.
3020 1645 72 22 We've
3115 1648 74 21 written

2760 1674 51 19 your
2820 1668 55 20 folks
2892 1670 70 25 you're
2971 1671 45 21 well
3029 1672 68 27 again,
3109 1680 21 14 so
3147 1674 42 27 they

2761 1693 61 21 won't
2844 1699 72 22 woriy.
2950 1697 13 20 I
2980 1696 61 23 won't
3055 1705 33 14 see
3110 1705 41 21 ydu
3168 1707 21 20 go

2761 1721 59 19 home
2830 1721 65 20 alone.
2922 1722 84 22 Besides
3058 1721 16 23 ■'

2789 1749 5 9 '
2804 1747 82 21 Besides
2896 1748 61 26 what,
2968 1750 56 21 Aunt
3033 1752 53 20 Jano
3096 1752 15 21 V

2789 1773 4 32 '
2803 1773 63 26 Why,
2885 1775 17 19 it
2910 1778 55 17 must
2974 1777 25 19 be
3013 1784 23 14 as
3053 1779 58 25 plain
3119 1781 21 18 to
3154 1786 35 19 you

2761 1806 22 13 as
2792 1800 35 19 the
2837 1807 47 13 noso
2895 1808 25 13 on
2928 1809 52 18 your
2989 1804 49 24 face,
3055 1805 47 20 Eric
3111 1806 77 26 Fonley,

2761 1826 45 20 that
2815 1827 85 26 Maggie
2909 1828 17 19 is
2940 1829 49 25 glad
2998 1830 22 19 of
3037 1837 53 18 your
3098 1832 48 26 help
3155 1833 34 20 and

2761 1853 69 19 advice
2850 1860 47 13 over
2905 1855 28 18 all
2943 1855 45 20 that
3001 1856 75 21 bother
3093 1858 50 20 with
3160 1859 29 20 the

2760 1884 63 20 sugar
2832 1879 65 20 lands.
2924 1881 58 26 Why
2993 1882 54 20 can't
3055 1890 42 18 you
3116 1884 24 20 bo
3149 1891 30 14 con-

2761 1907 50 22 tent,
2830 1905 52 25 Eric,
2898 1906 59 21 when
2975 1908 35 20 the
3024 1909 40 26 girl
3086 1910 52 20 likes
3161 1911 28 20 tho

2761 1931 85 19 comfort
2864 1933 22 19 of
2899 1939 53 19 your
2965 1935 172 28 companionship,
3154 1937 35 21 and

2760 1964 41 19 you
2810 1957 42 20 like
2862 1958 47 20 hers
2918 1959 15 19 ?'

2787 1983 64 20 Eric's
2861 1985 44 19 face
2914 1985 87 21 flushed.

2790 2009 4 32 '
2804 2009 33 20 Do
2846 2017 41 19 you
2896 2011 60 21 think
2970 2013 85 27 Maggie
3064 2015 64 26 really
3144 2016 46 20 finds

2761 2036 59 19 relief
2828 2036 22 20 in
2859 2043 40 19 any
2908 2039 129 25 suggestions
3047 2041 12 19 I
3068 2042 60 20 make
3138 2042 16 21 ?'
3167 2042 22 21 he

2763 2062 69 19 asked.

2789 2089 5 9 '
2804 2089 3 30 .
2808 2095 6 12 J
2853 2098 11 10 u
2864 2089 4 30 .
2869 2095 8 13 5
2891 2095 47 14 5Ur6
2947 2105 5 10 '
3033 2099 7 12 *
3042 2099 13 13 n
3073 2100 53 18 your
3144 2101 34 13 com-

2761 2114 122 26 panionship
2893 2122 22 13 as
2933 2117 61 19 much
3003 2124 22 13 as
3039 2125 52 19 your
3100 2121 88 21 practical

2761 2137 54 27 help,
2826 2140 46 20 Eric
2882 2141 90 27 Fonley.'

2788 2166 27 19 So
2824 2166 46 20 Eric
2888 2169 103 20 remained
3001 2166 4 33 ;
3020 2171 41 21 and
3074 2172 60 20 when
3147 2173 40 26 they

2761 2198 56 14 came
2834 2192 52 21 back
2902 2196 21 17 to
2932 2195 85 21 Fairfax
3031 2197 26 20 he
3076 2204 40 14 was
3133 2206 21 13 so
3163 2200 24 19 far

2761 2219 163 29 cpnvincodthat
2933 2220 33 21 his
2975 2229 94 21 presence
3079 2231 41 13 was
3130 2232 48 13 essen-

2761 2244 37 20 tial
2817 2247 20 18 to
2846 2246 51 19 Miss
2914 2247 101 21 Robson's
3029 2249 110 27 happiness
3155 2251 32 21 and

2761 2272 115 25 prosperity
2885 2272 45 20 that
2938 2274 26 19 he
2974 2274 103 22 bestowed
3095 2284 55 19 upon
3159 2278 27 20 her

2761 2297 33 20 his
2803 2304 59 13 name
2872 2305 22 13 as
2906 2300 53 18 well.

2842 2356 39 21 AN
2894 2357 77 21 AGED
2981 2359 136 22 HEROINE.

2815 2415 92 14 OALIAST
2916 2417 73 15 ACTION
2996 2418 26 14 AT
3031 2418 112 17 WESTPOIIT.

2789 2441 59 23 Some
2871 2444 47 21 time
2937 2452 40 20 ago
2994 2454 13 13 a
3021 2454 41 14 wee
3081 2449 60 27 thing
3161 2450 25 25 lay

2763 2468 84 27 playing
2866 2471 40 19 and
2924 2473 99 27 prattling
3037 2480 48 14 over
3094 2475 34 20 the
3146 2476 41 20 steel

2762 2495 48 19 rails
2825 2497 21 18 of
2868 2497 34 19 tho
2921 2498 105 27 Westport
3039 2501 89 26 railway,
3149 2504 19 18 at
3179 2509 8 14 a

2762 2521 57 25 place
2829 2523 63 19 called
2902 2523 122 27 Mokihinui,
3033 2526 77 21 Middle
3118 2528 68 23 Island,

2762 2554 46 18 says
2819 2548 35 19 the
2863 2549 58 20 West
2932 2550 60 21 Coast
3010 2554 155 25 correspondent
3173 2554 14 20 of

2763 2573 34 19 tho
2820 2574 65 26 Otago
2908 2576 73 20 Times.
3008 2579 44 19 The
3070 2580 59 20 down
3142 2580 45 20 train

2762 2599 41 20 had
2812 2606 57 19 gono,
2883 2602 42 20 and
2942 2603 101 21 therefore
3053 2612 26 13 no
3088 2606 77 26 dangor
3173 2609 14 17 to

2762 2625 25 20 be
2800 2627 143 25 apprehended
2960 2630 33 19 for
3005 2631 36 19 tho
3059 2632 46 25 day.
3134 2631 39 22 How-

2762 2658 52 18 ever,
2828 2653 32 19 for
2878 2660 54 14 some
2949 2662 72 15 reason
3034 2657 35 20 tho
3083 2659 72 25 engine
3164 2665 15 13 re-

2763 2679 78 19 turned.
2869 2679 42 21 The
2916 2683 150 24 grandmother,
3078 2684 108 27 happening

2761 2706 20 17 to
2791 2704 47 20 look
2848 2707 40 19 out,
2900 2713 42 14 saw
2960 2708 21 24 it,
2997 2709 41 19 and
3047 2711 87 26 rushing
3153 2714 32 17 out,

2760 2731 97 20 snatched
2875 2732 32 20 tho
2918 2733 54 20 child
2984 2735 57 26 right
3059 2737 52 19 from
3130 2738 56 19 under

2760 2756 34 20 the
2805 2757 79 25 wheels,
2895 2759 38 20 but
2942 2760 35 20 she
2987 2761 42 20 had
3038 2761 37 21 her
3083 2769 45 14 own
3137 2763 47 26 right

2760 2782 34 26 leg
2816 2783 82 21 broken.
2940 2786 53 20 That
3020 2789 95 19 occurred
3137 2789 49 26 eight

2760 2810 80 19 months
2863 2817 51 19 ago;
2939 2812 34 20 the
2996 2813 50 21 limb
3068 2815 18 19 is
3108 2815 42 21 still
3170 2815 16 20 in

2760 2835 80 25 plaster,
2859 2837 39 20 and
2911 2838 38 19 her
2961 2839 71 20 health
3048 2840 18 20 is
3082 2841 103 21 shattered.

2759 2861 42 20 Tho
2820 2862 81 21 heroino
2920 2864 17 19 is
2951 2865 43 20 Mrs
3008 2866 122 26 Alexander,
3146 2868 39 20 wife

2758 2888 22 19 of
2789 2887 43 32 Mr.
2840 2889 121 26 Alexander,
2977 2892 54 20 mine
3046 2899 98 20 manager
3160 2894 26 20 for

2758 2914 35 19 the
2814 2914 90 26 Knights
2927 2917 22 19 of
2961 2918 84 20 Labour
3068 2920 117 25 (Mokihinui

2759 2940 68 26 mine).
2854 2942 43 19 Tho
2915 2942 90 21 Victoria
3019 2944 59 21 Cross
3087 2946 37 20 haa
3141 2947 43 19 been

2758 2966 94 20 awarded
2858 2968 32 19 for
2899 2968 40 19 less
2947 2969 51 20 than
3007 2970 52 20 that.

1056 28 57 20 TILE
1130 29 60 19 HOT
1220 30 94 20 LAKES
1329 29 175 23 CHRONICLE,
1522 27 189 24 WKDNESLWY,
1742 28 75 20 JULY
1834 29 36 25 31,
1884 29 55 23 It-95,

2769 4034 73 18 Printed
2854 4037 34 15 and
2899 4037 91 21 published
3008 4039 28 16 for
3052 4040 29 16 the
3090 4041 83 21 proprieto

2770 4059 19 13 at
2804 4057 36 19 his.
2851 4058 94 20 registered
2950 4059 80 22 printing
3034 4060 49 18 office
3096 4061 76 17 Rotoraa

2769 4077 23 22 by
2799 4078 58 17 Throy
2868 4078 58 17 Jakes
2936 4080 100 21 Hammond,
3049 4082 19 17 of
3076 4083 82 18 Estonia,

2791 4102 160 26 WEDNESDAY,
2960 4105 69 24 JULY,
3038 4108 28 22 31,
3079 4108 43 21 1895

190 80 622 58 WAIWERA
924 77 776 70 SANATORIUM,

878 143 122 34 AND

470 190 168 74 HOT
710 188 350 77 SPRINGS
1140 189 224 75 HOTE

42 292 87 33 Only
155 293 43 26 30
229 292 98 26 mileg
361 291 111 27 North
503 291 36 26 of
565 291 192 31 Auckland,
788 289 87 28 with
903 289 96 33 daily
1029 289 297 28 communication
1355 290 86 27 with
1469 290 114 28 Coach
1618 296 40 21 or
1677 289 157 27 steamer.

367 332 52 21 See
434 332 168 21 advertised
612 333 84 20 Time
711 332 77 20 table
800 331 30 20 of
839 331 45 20 s.'s.
900 331 78 20 Rose
989 331 97 27 Casey
1097 331 59 20 and
1172 331 129 21 Butler's
1312 332 32 20 R.
1357 331 38 21 M.
1413 332 106 21 Coach.

38 368 102 63 THE
164 368 119 23 ABOVE
298 367 297 24 ESTABLISHMENT
606 367 137 25 STANDS
759 367 232 23 UNRIVALLED
1004 375 26 15 as
1048 375 15 15 a
1073 366 92 24 Health
1175 375 27 16 or
1215 367 111 32 pleasure
1339 368 96 27 Resort,
1448 367 49 24 and
1509 367 44 24 has
1564 365 91 33 special
1685 365 152 31 advantages

122 400 38 25 for
172 401 77 24 either
273 401 112 24 Tourists
400 409 26 16 or
441 401 116 29 Invalids,

401 506 173 27 Beautiful
593 506 155 33 Scenery,
770 506 241 33 Sea-Bathing,
1039 506 158 35 Boating,
1216 506 151 37 Fishing,
1381 506 55 30 &c.

588 539 124 28 Cusine
726 540 69 27 and
810 540 208 27 attendance
1038 540 37 27 of
1096 541 59 27 the
1179 541 86 30 best.

41 581 92 24 Famed
143 581 38 23 for
193 581 31 23 its
237 581 96 23 urative
345 581 93 23 natural
452 581 105 23 medical
572 581 53 23 Hot
637 581 102 33 Springs
751 582 51 23 and
816 582 83 24 Baths.
936 582 37 23 As
986 581 41 25 the
1042 582 102 33 Springs
1156 583 48 23 and
1218 581 74 25 Baths
1355 579 41 25 the
1409 584 115 27 property
1537 579 25 24 of
1574 579 41 24 the
1641 578 83 29 Hotel,
1739 578 100 24 visitors

69 622 41 15 are
120 614 111 31 supplied
242 614 57 24 with
310 613 104 29 Towels,
427 614 48 23 and
489 623 43 14 can
541 615 58 23 take
608 623 31 15 an
652 614 127 25 unlimited
792 616 104 23 number
909 616 25 24 of
948 615 73 24 Baths
1033 621 26 18 at
1071 625 46 22 any
1129 616 59 23 time
1201 616 26 23 of
1236 615 41 23 the
1289 614 47 31 day
1351 612 77 28 FREE
1440 612 65 24 from
1518 621 47 23 any
1572 612 89 33 charge
1673 612 131 25 whatever.

273 655 225 38 TARIFF
516 655 122 39 PER
651 655 142 48 DAY,
814 658 55 39 8s
884 656 71 47 6d;
991 656 121 40 PER
1126 655 194 46 WEEK,
1340 652 71 41 £2
1462 652 93 41 10s.

450 710 161 34 Cottages
625 711 34 27 to
674 711 49 28 let
734 712 49 33 by
795 712 60 27 the
873 712 107 31 week,
992 711 130 32 month,
1136 718 40 20 or
1195 710 59 27 the
1272 715 123 22 season

39 752 46 24 For
103 759 47 24 any
162 752 158 24 information
333 752 113 32 required
461 752 81 32 please
555 752 73 33 apply
640 758 26 19 to
680 753 122 33 Manager
812 772 6 6 .

598 795 58 45 A.
684 795 53 39 A.
766 795 203 45 SMITH,
1090 792 279 42 Proprietor.

165 1596 53 24 pry
223 1594 45 23 Old
276 1594 72 24 speck

180 1794 79 28 P.C.L.
263 1796 82 26 Brand;

388 1859 207 46 Proprietors^

445 1987 171 36 iwmm,
637 1990 143 31 scortAm

337 2100 48 37 L.
414 2100 53 38 D.
497 2101 261 42 NATHAN
785 2105 112 40 &Co,

461 2267 51 27 OF

89 2321 191 46 Cutlery,
306 2322 256 44 Hardware,
588 2326 288 45 Brasswares,

178 2374 149 36 House
639 2380 142 36 Goods

321 2428 53 31 (in
385 2429 99 32 great
496 2430 146 34 variety)

40 2461 156 39 Nickle
223 2465 87 35 and
335 2466 95 34 E.R
460 2468 164 45 Spoons
660 2470 87 35 and
781 2472 141 36 Forks

340 2512 93 40 E.P,
463 2514 156 37 Cruets

179 2560 87 37 Tea
293 2562 113 43 Pots,
432 2566 156 35 Butter
618 2567 156 37 Dishes

40 2611 103 38 Jam
162 2614 166 46 Spoons
583 2619 157 37 Butter
758 2621 164 37 Knives

126 2794 271 44 SPLENDID
447 2797 389 47 ASSORTMENT.

249 2933 92 41 234,
376 2933 148 43 Queen
561 2939 141 34 street

43 3137 883 76 COACMINGLINE

231 3277 531 51 BETWEJEIsT

155 3389 266 52 Rotorua
457 3394 118 49 and
608 3395 213 67 Taupo.

1102 894 222 25 OFFICIAL
1362 893 285 26 TESTIMONY.

1052 953 243 38 HIFCHEN'S
1322 953 149 37 BLOOD
1494 952 242 38 RESTORER

1071 1007 39 10 o>irs
1117 1004 19 14 at
1143 1002 29 16 the
1180 1002 76 16 Colonial
1263 1002 91 16 Industrial
1361 1002 97 15 Exhibition
1470 1002 38 14 hold
1515 1002 17 15 in
1543 1001 108 19 Wellington,
1660 1000 34 16 and
1713 1004 32 12 nt

986 1021 57 16 redort
1049 1022 90 15 submitted
1146 1023 17 14 to
1170 1022 28 15 the
1206 1022 114 15 Government
1329 1021 28 16 the
1365 1021 86 18 following
1459 1021 84 15 reference
1551 1025 34 10 was
1591 1021 48 15 made
1647 1022 17 13 to
1671 1020 36 15 it.—

1026 1046 11 15 y
1044 1042 20 16 A.
1076 1041 23 15 H.
1107 1042 86 18 Hitchens,
1200 1041 94 18 Auckland,
1302 1040 48 16 sends
1355 1046 10 9 a
1372 1040 52 19 small,
1433 1041 31 15 but
1472 1041 78 15 valuable
1557 1040 69 18 exhibit,
1634 1039 92 19 consisting
1739 1044 6 10 c

1026 1061 64 19 upound
1097 1061 45 15 from
1148 1061 43 16 Now
1198 1060 73 16 Zealand
1278 1060 53 19 herbs,
1337 1060 27 15 for
1369 1061 28 14 the
1404 1065 39 10 cure
1451 1061 17 14 of
1482 1060 108 19 Indigestion,
1605 1058 120 19 Rheumatism,
1739 1059 6 14 ]

948 1080 45 16 Gout
1003 1080 34 15 and
1043 1080 97 20 Impurities
1146 1080 18 16 of
1170 1080 27 15 the
1205 1080 59 16 Blood.
1285 1079 35 15 The
1325 1080 56 15 maker
1389 1079 33 15 and
1430 1079 82 15 exhibitor
1526 1079 57 15 claims
1597 1079 27 15 for
1641 1079 32 14 this
1684 1078 62 15 medicii

947 1100 91 15 important
1044 1100 82 20 qualities,
1134 1100 33 15 and
1176 1100 29 15 has
1212 1099 59 20 gained
1278 1099 28 15 the
1317 1099 36 15 first
1361 1099 47 15 order
1415 1099 18 15 of
1443 1098 49 16 merit
1499 1099 44 15 from
1551 1098 29 16 tho
1591 1098 46 19 judge
1637 1098 19 19 3.
1684 1098 35 15 The
1734 1103 9 14 |>

991 1121 6 14 t
1004 1121 19 14 to
1030 1120 19 15 be
1057 1120 104 15 confounded
1169 1119 38 15 with
1216 1119 29 14 ord
1246 1119 5 8 :
1252 1123 42 15 uary
1301 1119 54 19 quack
1363 1118 95 18 medicines,
1466 1118 87 15 inasmuch
1558 1122 18 11 as
1584 1118 13 15 it
1611 1118 13 15 is
1638 1118 28 15 the
1673 1117 71 19 product

951 1136 2 23 >
959 1148 12 7 c,
972 1148 12 7 u
987 1145 7 9 j
1002 1139 17 15 of
1030 1140 50 19 study
1088 1140 33 14 and
1128 1138 117 19 investigation
1251 1138 22 19 by
1279 1143 22 10 an
1308 1138 73 15 eminent
1388 1138 85 19 physician
1481 1138 18 14 of
1503 1138 29 15 the
1543 1138 49 18 Army
1599 1137 71 15 Medical
1682 1136 47 18 Staff,
1736 1141 10 10 v

947 1159 29 15 the
983 1159 82 15 exhibitor
1071 1159 58 15 served
1137 1158 60 18 duriug
1204 1157 29 16 tho
1245 1157 42 15 New
1295 1157 70 16 Zealand
1376 1162 35 10 war
1424 1162 18 10 as
1456 1157 79 15 assistant
1546 1157 89 19 Dispenser
1642 1158 17 14 to
1676 1156 29 15 the
1718 1156 26 15 No

948 1178 62 16 Forces.
1032 1178 27 15 Mr
1066 1178 82 15 Hitchens
1155 1177 75 19 explains
1238 1177 38 15 that
1282 1177 28 15 the
1318 1181 46 11 cures
1371 1177 17 14 of
1397 1176 121 19 Rheumatism,
1526 1177 31 17 etc,
1565 1175 69 17 effected
1641 1176 22 19 by
1677 1175 26 15 his
1713 1180 32 10 met

947 1197 32 16 due
984 1197 70 19 entirely
1060 1199 18 14 to
1085 1197 21 15 its
1114 1197 91 15 wonderful
1213 1196 49 16 effc:t
1269 1201 44 15 upon
1321 1196 27 15 the
1355 1196 49 15 blood
1417 1196 22 20 by
1453 1196 22 15 its
1483 1196 90 19 cleansing,
1581 1195 91 20 purifying,
1684 1195 34 15 and
1727 1194 17 16 in

946 1221 61 16 powor-
1028 1217 18 15 It
1056 1218 14 14 is
1075 1216 49 16 made
1130 1216 45 16 from
1181 1216 43 15 Now
1231 1216 72 16 Zealand
1314 1216 48 14 herbs
1369 1216 33 15 and

1185 1262 222 25 NOTABLE
1442 1263 163 24 CURES.

947 1294 91 21 Mention
1047 1296 17 19 is
1074 1296 59 19 mado
1143 1296 22 19 of
1174 1296 34 19 tho
1217 1295 106 26 following
1330 1301 22 13 as
1362 1301 12 13 a
1383 1295 39 20 few
1430 1296 21 18 of
1459 1295 35 19 tho
1503 1294 109 20 multitudo
1622 1294 22 20 of
1652 1300 58 14 cures
1720 1294 91 20 effected:
1814 1305 26 3 —

966 1329 136 20 Sciatica—Capt
1126 1331 92 19 Farquhar,
1227 1334 13 13 B-
1250 1334 13 11 s.
1284 1329 100 16 'Clansman'
1403 1336 38 15 Btan
1443 1337 8 14 t
1459 1335 106 20 Dysentery,
1575 1334 62 17 caused
1649 1334 24 21 by
1681 1334 80 20 working
1770 1334 18 16 in
1806 1334 34 16 bad

947 1348 88 18 Auckland
1040 1350 55 16 whose
1102 1355 36 11 case
1144 1355 33 10 was
1184 1349 94 17 considered
1285 1350 18 15 to
1308 1350 20 14 be
1334 1349 50 20 hope-
1404 1357 25 16 air
1438 1362 7 4 „
1448 1357 23 16 nd
1478 1359 33 14 wet
1519 1357 55 16 minea
1584 1358 18 14 at
1609 1356 28 16 the
1641 1355 121 17 Thames—D.
1778 1355 33 16 Elk
1814 1355 25 18 in.

966 1388 14 9 v
984 1376 2 21 •
994 1393 8 4 „
1043 1388 11 9 !•■
1097 1389 23 8 -»i
1140 1390 13 7 n
1174 1376 3 21 i
1201 1388 45 9 n„i
1269 1388 8 9 t
1332 1388 7 9 a
1424 1378 175 17 Rheumatism—Mr
1607 1377 61 17 James
1675 1376 55 21 Pook,
1739 1377 100 16 Auckland.

966 1389 114 15 Rheumatism
1085 1394 17 10 o*
1108 1389 28 15 the
1140 1389 107 19 Feet—Oapt
1266 1389 56 15 James
1327 1389 57 15 Avon-
1424 1389 14 17 i,
1550 1399 10 9 T
1560 1399 13 5 -,.
1623 1389 4 19 .
1660 1389 3 19 •
1663 1398 8 10 C
1671 1397 34 11 '.„„
1729 1399 28 9 m_
1772 1398 23 10 tit
1819 1398 13 10 r>

947 1408 36 10 /ini„
1000 1408 85 10 i„.i,i.._j
1100 1410 18 8 l-
1125 1414 49 4 ....„.„
1181 1414 7 4 r
1190 1409 71 9 *.„j;„„
1425 1400 99 16 Cancerous
1550 1400 53 16 Lleer
1622 1404 18 11 in
1660 1400 97 14 Jbace—Mr
1772 1400 29 15 W.
1819 1400 19 15 O.

947 1408 41 19 dale,
997 1408 90 17 Auckland
1100 1409 18 17 17
1125 1414 49 15 years
1181 1409 85 18 standing.
1404 1421 22 9 w
1438 1421 12 9 „
1473 1405 8 11 6
1483 1405 30 25 T
1516 1405 8 11 B
1532 1421 5 9 ,
1545 1402 4 28 ,
1576 1421 9 9 j
1660 1402 12 12 *
1677 1404 28 10 ace
1706 1408 20 3 -
1727 1402 30 12 Mr
1775 1402 17 13 W
1797 1411 5 4 '
1819 1402 19 13 u

967 1428 99 15 Rheumatic
1074 1428 52 20 Gout,
1135 1434 16 10 so
1159 1429 34 15 bad
1200 1428 38 15 that
1245 1428 28 16 the
1278 1428 67 17 pationt
1352 1428 33 16 had
1404 1423 78 18 Walker,
1493 1423 98 14 Auckland,

950 1448 36 15 obe
993 1448 48 15 lifted
1048 1448 17 15 in
1073 1448 33 16 and
1114 1449 30 14 out
1151 1448 18 15 of
1176 1448 81 16 bed—Mr
1264 1449 28 15 W.
1308 1448 75 19 Hunter,
1424 1442 106 17 Rhoumatio
1549 1442 98 16 Gout—Mr
1666 1442 85 16 Edwards
1762 1442 77 16 Waters'

981 1468 42 16 loud
1030 1467 72 19 Poverty
1113 1468 43 19 Bay.
1404 1464 127 20 Confeotionor,
1547 1463 95 20 Auckland;
1652 1463 28 16 Mr
1686 1463 100 16 Alexander
1796 1463 33 16 Bar-

981 1486 94 18 theumatio
1082 1488 106 17 Fever—Mr
1207 1488 68 20 Brown,
1292 1487 92 17 Britannia
1403 1488 39 16 rett.
1453 1485 59 20 Queen
1529 1486 62 19 Street,
1608 1484 91 17 Auckland
1710 1484 3 24 ;
1729 1484 29 17 Mr
1776 1484 22 17 E.
1815 1484 24 17 D.

950 1507 74 22 Height,
1040 1508 72 18 Nelson.
1404 1507 91 19 Halstoad,
1505 1507 106 21 Veterinary
1619 1507 85 19 Surgeon,
1718 1505 99 19 Auckland,

972 1529 103 18 Rhoumatio
1090 1530 53 22 Gout,
1160 1530 77 22 Dropsy,
1257 1531 59 21 Ague,
1332 1530 52 18 Liver
1414 1529 121 16 Rheumatism
1544 1529 18 16 in
1569 1529 28 16 the
1604 1528 57 17 Knees
1668 1528 33 16 and
1706 1527 49 21 Peet,
1763 1528 77 20 brought

950 1551 103 21 Complaint,
1063 1552 34 17 and
1106 1553 81 16 Stomaoh
1204 1552 69 22 Oough,
1291 1554 46 15 most
1346 1552 36 17 dia-
1403 1556 21 12 on
1433 1550 24 22 by
1467 1550 79 22 working
1554 1550 18 17 in
1582 1549 105 19 water—Mr
1699 1548 86 18 Matthew
1801 1550 38 16 Box

951 1573 125 21 trcssing—Mr
1092 1573 78 22 Waugh,
1188 1573 84 24 Bombay,
1295 1573 88 18 Waikato'
1402 1572 82 18 Thames.

950 1595 49 21 given
1009 1601 29 15 up,
1048 1601 22 11 no
1079 1595 44 23 hope
1132 1595 40 18 held
1180 1599 37 19 uut,
1228 1596 130 17 recommended
1367 1599 17 14 to
1424 1593 130 20 Rheumatism,
1565 1594 73 21 causing
1649 1593 68 17 intense
1724 1592 49 23 paioj
1783 1592 56 18 which

949 1622 22 15 go
979 1617 49 16 home
1037 1617 33 17 and
1082 1618 35 17 die.
1402 1616 94 21 prevented
1505 1616 31 16 th<*
1543 1616 68 21 patient
1618 1616 45 16 from
1672 1615 52 21 being
1732 1614 106 18 overturned

971 1638 129 18 Inflammation
1117 1640 17 16 of
1150 1639 28 17 tho
1193 1639 54 17 Liver
1266 1639 33 17 and
1316 1639 68 17 Gastrio
1402 1639 18 16 in
1430 1637 33 17 bed
1485 1637 30 17 Mr
1522 1637 59 17 David
1590 1637 62 21 Barry,
1661 1637 82 17 Newton.

949 1660 49 16 Juice
1005 1661 54 16 o.'the
1072 1661 134 18 Stomaoh—Mr
1219 1662 77 16 'lhomas
1312 1660 70 23 Macky,
1424 1659 74 17 Chronic
1507 1659 152 22 Dysentery—Mr
1667 1660 22 16 A,
1698 1658 83 23 Bcttany,
1791 1658 46 17 Pon-

950 1681 95 22 Me.chant,
1055 1684 100 16 Auckland.
1402 1681 54 21 sonby
1464 1681 56 19 Road,
1539 1681 96 17 Auckland.

970 1703 103 18 Luuusoftl
1080 1711 9 10 e
1096 1705 97 17 Pace—Mr
1198 1705 84 21 Dickson,
1291 1705 93 17 Auckland
1424 1703 77 16 Chronic
1516 1702 121 17 Rheumatism
1656 1701 19 18 in
1694 1702 30 17 the
1734 1702 54 22 spine,
1800 1702 37 21 hip,

972 1724 103 19 Rheumatic
1083 1726 101 17 Gout—Mr
1204 1728 100 20 Blackman,
1319 1726 64 17 'Even-
1403 1725 48 20 knee,
1458 1724 61 21 joini.s,
1534 1724 35 16 calf
1576 1724 18 16 of
1605 1724 28 16 tho
1647 1724 34 20 leg,
1703 1724 33 16 and
1759 1724 78 17 toes—T.

949 1747 28 19 ing
988 1747 45 15 Star'
1042 1748 54 20 offico,
1109 1749 101 17 Auckland.
1402 1746 81 21 Morgan.
1492 1746 65 16 Mount
1564 1746 50 16 Eden
1623 1745 55 20 Road,
1687 1745 98 17 Auckland.

970 1768 120 17 Rheun.ati*m
1101 1771 17 15 of
1135 1772 20 15 23
1175 1771 56 21 years'
1249 1769 135 22 standing—Mr
1402 1768 106 15 Rheumatic
1516 1768 53 20 Gout,
1581 1768 58 15 which
1648 1767 78 16 confined
1734 1767 30 16 the
1770 1767 69 21 patient

948 1789 78 17 William
1034 1790 86 22 McEvoy,
1130 1792 37 17 Pitt
1175 1793 80 22 Terrace,
1263 1792 98 16 Auckland.
1402 1792 18 13 to
1429 1790 27 16 his
1463 1790 33 15 bed
1505 1789 27 16 for
1543 1789 108 16 weeks—Mr
1658 1789 20 16 T.
1688 1789 18 15 J.
1724 1789 113 20 Bainbridge,

969 1812 79 20 Sciatica,
1058 1814 34 15 and
1101 1814 144 20 .Lumbago—Mr
1252 1814 23 16 N.
1284 1813 98 19 McMillan,
1402 1811 98 20 Ponsonby,
1511 1811 97 16 Auckland.

948 1832 67 17 Vulcan
1023 1834 54 20 Lane,
1087 1836 99 15 Auckland.
1430 1832 75 16 General
1524 1832 80 21 Debility
1615 1832 34 16 and
1669 1831 117 22 Indigestion,
1804 1832 34 16 and

970 1855 151 21 Lumbago—Mrs
1132 1857 52 22 Mary
1193 1857 59 20 Knox,
1262 1857 73 20 Rokoby
1349 1856 33 16 St..
1402 1854 83 21 inability
1493 1856 18 14 to
1520 1855 44 20 keep
1570 1853 85 21 anything
1670 1858 21 11 on
1701 1853 30 16 the
1739 1855 53 14 stor--
1807 1853 2 26 '

947 1876 98 18 Auckland.
1402 1876 29 15 Mr
1439 1876 66 15 Gsrald
1514 1876 61 19 Grace,
1585 1876 60 20 Kyber
1652 1874 47 21 Pass,
1706 1874 65 16 Auekln

969 1898 133 18 Sua.ioa—Mrs
1110 1900 18 16 J.
1137 1900 92 21 Renwick,
1244 1901 59 16 Drake
1318 1900 64 19 Street,
1437 1896 127 18 Sciatica—Mr
1578 1896 47 17 John
1641 1896 50 20 Ross,
1708 1896 51 16 Duke
1774 1896 63 16 Street.

948 1920 97 16 Auckland.
1402 1918 101 17 Auckland.

969 1941 119 17 Rheumatism
1097 1943 18 15 of
1124 1944 19 15 20
1153 1944 56 20 years'
1226 1944 82 19 standing
1327 1942 56 17 which
1424 1940 98 21 Discharge
1527 1940 18 16 of
1554 1939 39 25 8100
1603 1939 9 25 l
1622 1939 39 25 from
1668 1940 30 16 tho
1704 1939 135 22 Bowels—Capt

948 1963 76 20 brought
1031 1969 21 10 on
1060 1964 74 16 Asthma
1144 1966 33 15 and
1184 1965 121 22 Dropsy—Mr
1313 1964 71 16 Samuel
1402 1963 20 15 T.
1432 1961 93 21 Aldridge.

946 1982 54 19 Field,
1013 1984 46 17 Lorn
1068 1986 33 15 Stat
1108 1990 17 12 ot
1132 1987 99 16 Auckland.
1424 1983 53 16 Great
1485 1983 79 17 Debility
1572 1983 33 16 and
1611 1982 86 21 Bleeding
1705 1983 19 15 at
1731 1982 31 16 tho
1769 1982 69 16 Nose—

967 2004 143 18 Rheumatism—
1111 2008 29 15 Mr
1148 2008 24 16 H.
1182 2008 64 21 Lewis,
1257 2008 60 19 Queen
1326 2007 58 16 Street
1402 2005 28 16 Mr
1438 2005 76 15 Thomas
1522 2004 82 20 Pellican,
1621 2004 98 21 Ponsonby.

947 2027 96 17 Auckland.
1423 2026 99 20 Neuralgia
1530 2026 34 16 and
1572 2025 81 17 Nervous
1661 2025 140 21 Debility—Mrs
1813 2025 24 16 H.

967 2048 75 17 Sciatica
1051 2050 34 16 and
1093 2050 146 22 Lumbago—Mr
1249 2051 50 17 Chus.
1309 2052 74 21 Honey-
1403 2048 65 20 Waiie,
1478 2048 98 15 Auckland,

946 2070 66 21 combe,
1024 2071 97 19 Auckland.
1424 2069 53 16 After
1484 2069 59 16 effects
1560 2069 18 16 of
1585 2069 103 15 Rheumatic
1706 2068 61 19 Fever,
1783 2069 56 15 which

974 2091 102 18 Rheumatic
1096 2093 99 18 Gout—Mr
1211 2095 61 20 Elliot,
1292 2095 90 19 McGuire,
1402 2091 33 16 'oft
1444 2091 30 15 the
1482 2091 69 20 patient
1559 2090 127 21 helpless—Mr
1694 2090 48 16 John
1751 2090 25 16 H.
1786 2090 54 16 Jones

946 2112 106 23 Contractor,
1063 2115 100 17 Auckland.
1404 2112 99 16 Auckland.

966 2134 74 18 Chronic
1061 2135 176 19 Rheumatism—Mr
1255 2138 70 16 Ronald
1344 2136 39 18 Ho-
1424 2133 70 21 Kidney
1504 2134 72 15 Disease
1585 2133 34 16 and
1625 2133 92 20 Lumbago
1729 2133 19 16 of
1755 2134 21 15 20
1783 2138 54 16 years,

946 2155 72 22 Dorald,
1028 2157 90 18 Rolleston
1131 2159 62 19 Street,
1207 2160 80 16 Thames.
1402 2155 136 20 standing—Mr
1549 2154 77 19 William
1633 2154 56 21 Trico,
1720 2154 65 21 Poplar
1800 2154 33 16 I'm

965 2176 115 23 Indigestion,
1095 2180 74 17 Gouerrl
1185 2181 87 22 Debility,
1289 2182 34 15 and
1337 2181 45 16 Con-
1403 2182 42 10 r.ear
1453 2176 81 18 Howick.

943 2211 64 20 These
1017 2219 56 13 cures
1085 2220 34 12 are
1125 2213 29 19 all
1164 2215 88 18 attested
1261 2214 28 25 hy
1299 2213 141 24 testimonials,
1449 2213 68 19 wKch
1526 2213 35 19 tho
1575 2213 152 19 manufacturer
1736 2212 43 25 has,
1791 2212 49 20 with

1183 2240 105 20 hund-eds
1299 2241 21 19 of
1330 2240 74 23 others,
1414 2239 39 19 iuh
1457 2239 4 26 :
1465 2246 9 12 s
1483 2239 121 26 possession.

1030 2292 41 17 Sold
1082 2292 23 21 by
1117 2292 24 17 all
1146 2293 107 20 respectable
1263 2292 87 17 Chemists
1356 2292 34 17 and
1402 2291 127 22 Storekeepers,
1539 2291 34 16 and
1585 2291 24 21 by
1620 2291 29 17 the
1658 2291 102 21 proprietor,

1050 2318 28 19 H.
1089 2317 26 21 A.
1125 2318 28 20 H.
1164 2318 155 23 HITCHENS,
1331 2320 24 17 50
1379 2317 125 20 Siioktxand
1515 2318 86 23 Street,
1612 2317 121 20 Auckland.

953 2421 13 16 A
979 2421 77 19 DVICE,
1077 2421 153 16 PERSON-ALLY
1248 2422 29 15 OH
1289 2421 31 16 BY
1330 2420 45 16 LET

960 2480 37 15 DR.
1014 2480 56 16 NEIL
1080 2481 31 15 has
1127 2481 75 19 pleasure
1218 2480 16 15 in
1249 2479 92 21 -'iforming
1354 2480 26 14 lus

941 2501 72 18 patrons
1020 2501 33 15 and
1061 2501 29 15 the
1097 2501 57 19 public
1161 2501 37 14 that
1209 2500 20 15 he
1236 2500 30 15 has
1276 2499 67 16 secured
1350 2501 30 14 tho

942 2519 69 17 services
1017 2520 18 16 of
1045 2526 11 9 a
1061 2521 93 19 competent
1161 2525 80 14 manager
1250 2520 27 15 for
1288 2520 26 14 his
1323 2520 57 18 Agck

945 2540 38 14 land
1000 2540 79 18 business,
1097 2540 55 15 whose
1169 2540 70 14 medical
1256 2540 74 18 training
1347 2539 33 15 and

942 2559 72 19 hospital
1028 2560 96 18 experience
1135 2559 67 15 enables
1220 2559 34 15 him
1271 2560 17 14 to
1299 2559 37 19 givo
1352 2559 28 15 the

942 2578 36 15 best
985 2578 57 17 advice
1050 2579 27 15 for
1084 2579 27 15 the
1121 2579 91 15 treatment
1219 2579 17 14 of
1243 2578 76 16 dUeease.

962 2599 64 15 BALM
1044 2599 29 15 OF
1091 2598 148 16 GILEAD.—The
1254 2599 74 19 greatest
1339 2598 41 15 Cold

943 2622 47 11 curer
1007 2618 17 14 of
1035 2618 27 15 the
1073 2618 41 19 age;
1133 2618 29 16 has
1176 2618 49 14 cured
1243 2618 44 15 colds
1305 2618 17 14 of
1336 2618 44 14 from

942 2642 49 10 seven
998 2638 17 15 to
1023 2638 29 16 tea
1062 2642 49 15 years
1121 2637 83 20 standing.
1227 2637 53 20 Price,
1291 2637 18 15 '2s
1320 2637 20 16 lid
1351 2642 29 14 per

941 2657 59 15 bottle.

961 2677 64 16 LUNG
1039 2676 153 17 BALSAM—WiII
1203 2681 39 11 cure
1260 2676 119 20 Consumption

943 2696 15 16 in
967 2696 21 15 its
997 2696 44 19 early
1049 2701 18 10 or
1077 2696 62 16 middle
1150 2698 60 17 stages.
1232 2696 45 16 Miss
1289 2697 89 18 Russell,

943 2715 75 16 Woollen
1035 2715 51 19 Mills,
1105 2715 99 19 Ouehunga,
1222 2716 64 20 speaks:
1345 2721 35 9 was

942 2739 50 16 gsven
1000 2740 22 15 up
1029 2736 22 19 by
1058 2736 32 15 two
1105 2735 64 16 doctors
1183 2736 57 14 defore
1254 2736 9 14 I
1274 2735 106 16 commenced

943 2755 57 19 taking
1014 2760 42 14 your
1070 2755 50 19 Lung
1139 2755 73 18 Balsam,
1230 2755 34 14 and
1287 2755 9 15 1
1314 2755 64 16 declare

942 2774 72 16 without
1024 2780 32 14 any
1068 2775 120 19 exaggeration
1199 2774 38 16 that
1253 2774 14 15 it
1284 2775 50 15 saved
1350 2779 29 12 my

941 2794 36 15 life.
998 2794 39 19 Any
1056 2794 70 16 sufferer
1136 2794 60 15 thould
1207 2794 119 16 cmmuuicato
1338 2794 41 15 with

1008 2814 48 16 Price
1063 2814 19 16 2s
1089 2814 20 15 6d
1114 2818 30 15 per
1150 2814 59 18 bottle;
1227 2814 31 15 five
1268 2814 27 15 for
1306 2814 32 15 10s.

962 2839 101 17 CASCARA
1081 2839 153 16 BITTERS—The
1244 2840 39 19 only
1293 2840 35 15 real
1340 2844 38 14 cure

942 2859 26 16 for
985 2859 104 19 costiveuess,
1107 2859 110 20 Indigestion,
1234 2859 91 16 Headache
1345 2861 33 15 and

942 2879 101 19 Flatulence,
1054 2879 68 19 making
1137 2884 10 9 a
1164 2879 87 15 miserable
1268 2879 29 15 life
1315 2879 61 21 happy:

943 2899 36 15 well
990 2899 59 15 named
1060 2899 22 18 by
1093 2898 46 16 those
1149 2898 37 16 who
1197 2898 42 15 have
1249 2898 42 16 used
1302 2899 13 15 it

943 2916 109 18 Sdtpeeeb's
1064 2918 88 15 I''kieni>."
1174 2918 47 15 Price
1228 2919 18 15 'is
1254 2918 20 15 Gd
1281 2923 29 15 per
1317 2919 60 16 bottle-

962 2938 66 16 Ladies
1056 2938 131 16 Complexions
1214 2938 89 15 beautified
1331 2940 47 14 made

943 2957 51 19 clean,
1002 2957 56 21 pimple
1067 2957 10 21 3
1086 2957 28 21 and
1126 2957 73 16 blotches
1210 2957 76 16 removed
1296 2958 23 19 by
1329 2959 49 19 using

943 2982 30 10 our
984 2977 69 15 LIVER
1063 2976 75 19 TONIC,
1150 2976 54 16 which
1215 2976 13 16 is
1239 2977 34 15 also
1290 2977 29 16 the
1335 2982 43 12 most

943 2997 88 15 successful
1039 3002 40 10 euro
1086 2997 26 14 for
1118 2997 102 15 Biliousness
1230 2996 33 15 and
1273 2997 23 15 all
1307 2997 71 17 diseases

943 3016 17 16 of
970 3016 29 15 the
1006 3016 46 16 liver.
1074 3016 48 16 Price
1127 3016 18 14 '2s
1150 3016 21 15 (id
1177 3021 30 14 pnr
1214 3016 57 18 bo'tic;
1278 3017 32 15 fivo
1317 3017 26 15 for
1351 3018 27 15 10s

964 3035 63 16 IKISH
1044 3035 58 16 MOSS
1119 3035 48 16 AND
1188 3035 47 16 COD
1253 3035 69 16 LIVER
1340 3037 37 16 OIL

944 3055 173 16 EMULSION—The
1124 3056 37 14 best
1166 3055 33 15 and
1206 3054 80 21 Cheapest
1292 3056 84 16 Emulsion

943 3075 17 14 in
967 3075 28 14 the
1005 3075 69 18 market;
1083 3080 10 10 a
1107 3075 60 19 special
1181 3079 39 11 care
1235 3075 26 14 for
1268 3075 70 21 wasting
1345 3077 32 15 and

946 3095 79 19 debility.
1047 3095 48 15 Price
1103 3095 18 14 2s
1131 3099 30 15 per
1170 3094 59 16 bottle.

964 3114 33 15 DR
1009 3114 81 19 NEIL'S,
1109 3114 154 19 Wclleslcy-street
1277 3114 42 15 East
1347 3115 29 20 (tw

945 3133 50 16 doors
1004 3134 52 15 above
1064 3130 53 20 Milne
1125 3133 33 16 and
1162 3133 87 20 Choyce's,
1253 3133 14 16 is
1274 3135 103 19 tbocbeapes

945 3153 50 15 house
1001 3155 18 14 to
1023 3152 33 21 buy
1061 3153 63 16 Patent
1129 3153 33 15 and
1167 3153 118 20 Homeopathic
1289 3155 89 15 Modicines

945 3173 55 15 Toiht
1019 3173 95 19 Tiequisites
1135 3173 34 15 and
1189 3172 90 20 Druggists
1300 3173 77 17 Sundries

943 3192 56 16 Herbs
1005 3192 33 15 and
1045 3192 62 15 Herbal
1116 3192 123 17 Preparations.

1080 3220 85 16 ADVICE
1181 3221 59 15 FREE

965 3269 46 39 M
1016 3267 17 16 R
1056 3267 65 37 W.
1155 3267 41 38 J.
1221 3267 39 38 N
1262 3267 76 17 APIEB
1338 3279 5 9 '

993 3310 152 18 BARRISTER
1156 3310 17 18 &
1182 3310 141 19 SOLICITOR.

943 3331 153 24 (Commissioner
1104 3332 21 17 of
1134 3332 31 17 the
1182 3331 90 23 Supreme
1286 3332 59 18 Court
1357 3333 19 17 of

1134 3355 55 22 Fiji.)

943 3378 87 18 Solicitor
1042 3379 19 17 to
1071 3378 30 18 tho
1110 3378 25 18 N.
1145 3378 20 18 Z.
1176 3378 129 18 Government
1318 3378 58 19 under

1049 3401 98 18 Advances
1155 3404 19 15 to
1184 3401 76 18 Settlers

941 3432 98 19 Victoria
1047 3434 91 21 Aucade,
1147 3433 78 19 Queen-
1229 3438 33 17 st.,
1270 3434 103 17 Aucl-land.

964 3465 70 23 Money
1044 3467 18 15 to
1071 3465 51 18 lend
1131 3470 25 13 on
1168 3465 83 18 freohold
1264 3466 79 22 security
1355 3469 20 14 at

941 3488 37 17 low
987 3490 49 15 rates
1042 3488 21 17 of
1066 3488 83 18 interest.
1175 3490 71 21 Money
1255 3489 84 18 invested
1346 3488 29 19 for

940 3512 48 18 liens
999 3512 38 17 free
1046 3512 21 17 of
1076 3512 76 22 charge.

308 3659 347 32 THURHNG7?

41 3693 81 41 Smith
152 3693 48 40 and
219 3692 113 50 Carriage
354 3694 103 47 Works,
487 3697 82 39 Coach
595 3698 48 39 and
673 3698 110 51 Waggon
817 3700 104 53 Factory

244 3755 212 22 ESTABLISHED
471 3758 82 21 OVER
569 3759 26 21 10
610 3759 106 22 YEARS.

56 3802 38 17 The
102 3803 116 20 undersigned
226 3808 29 10 are
263 3802 138 17 manufacturers
409 3804 18 15 of
713 3820 7 4 ~
790 3802 3 23 _

57 3824 38 17 Our
103 3824 111 16 well-known
222 3824 98 21 reputation
329 3829 19 11 as
355 3824 85 17 Practical
454 3826 102 19 Mechanic*
570 3829 34 16 and
723 3836 12 15 y
737 3836 37 10 oars
903 3833 18 15 in

35 3846 31 16 the
75 3846 117 15 Australasian
294 3846 63 20 justify
365 3851 20 10 us
393 3846 17 16 in
427 3846 83 23 nlaimihg
521 3850 39 15 that
574 3855 26 10 wo
616 3855 31 11 can
661 3851 68 16 furnish
744 3857 11 10 a
770 3853 57 16 better
842 3853 43 17 ol'Sa
904 3855 17 15 of

35 3867 81 18 vehicles,
125 3867 94 15 consistent
227 3867 42 16 with
276 3867 61 16 honest
345 3868 47 15 work
400 3869 19 15 at
427 3873 10 10 a
445 3869 74 20 cheaper
530 3873 36 13 rate
574 3871 41 16 than
624 3877 35 14 any
666 3872 19 16 of
692 3878 32 10 our
732 3874 112 19 competitors

57 3888 36 16 The
102 3888 60 16 Public
170 3888 35 15 will
217 3888 35 16 find
262 3888 13 16 it
287 3890 17 14 to
317 3888 45 16 their
377 3888 98 23 advantage
490 3893 19 12 to
524 3891 148 18 ENCOURAGE
690 3893 80 18 LOCAL
789 3895 125 19 INDTJLTKY

36 3909 56 17 where
104 3909 40 21 they
156 3914 32 11 can
195 3909 45 17 have
246 3909 30 16 the
281 3909 79 21 pleasure
366 3910 20 16 tf
392 3910 60 22 seeing
465 3911 92 18 first-class
572 3914 78 16 muterial
663 3915 34 16 and
712 3916 128 20 workmanship
856 3920 33 16 put
902 3919 17 16 in

35 3930 79 16 Vehicles
121 3930 49 17 made
179 3932 17 14 to
205 3930 44 17 their
256 3931 60 15 valued
325 3931 63 16 orders.

57 3951 150 18 N.B.—Vehicles
214 3952 18 16 of
238 3952 24 16 all
270 3952 114 21 descriptions
394 3954 85 20 ropairnd,
489 3954 78 21 painted,
579 3957 92 16 renovated
680 3958 33 16 and
723 3959 49 16 made
788 3961 18 14 to
821 3960 39 17 look
877 3967 43 12 (.qua

36 3973 19 16 to
63 3977 45 12 nsw.

37 4018 201 29 WILLIAM
257 4021 183 34 PARKER,
461 4024 249 29 Coachbuilder

390 4060 140 28 JAMES
550 4063 132 32 HAUA,
703 4065 215 30 Blacksmith

292 4091 148 20 DEVONPORT
451 4093 76 24 ROAD,
541 4095 146 19 TAURANGA.
767 4082 151 13 vjmmhawi

2782 3033 22 19 It
2822 3040 17 12 is
2849 3035 34 17 not
2892 3033 88 27 perhaps
2994 3036 106 27 generally
3116 3038 66 21 known

2747 3056 74 22 hinder
2844 3059 53 20 what
2915 3060 81 21 hurtful
3019 3064 114 21 conditions
3155 3065 28 20 the

2747 3085 1 29 j
2757 3085 76 20 culture
2841 3086 21 19 of
2871 3085 39 20 rice
2920 3086 17 20 is
2945 3088 77 20 carried
3032 3090 32 19 oh.
3092 3090 21 20 It
3122 3097 50 14 neces-

2747 3111 1 26 -1
2755 3112 75 23 sitates,
2850 3111 22 19 in
2880 3112 48 22 fact,
2940 3113 34 20 the
2988 3114 122 23 inundation
3123 3118 22 19 of
3154 3117 28 20 the

2755 3140 51 17 tract
2815 3137 22 19 of
2846 3140 84 23 country
2940 3140 66 20 where
3016 3142 16 19 it
3041 3142 17 19 is
3071 3143 110 25 cultivated,

2755 3163 40 19 and
2813 3163 78 26 obliges
2907 3165 36 19 the
2952 3165 96 22 labourer
3061 3170 21 18 to
3095 3175 58 21 carry
3161 3176 21 13 on

2755 3190 31 18 his
2796 3189 55 20 work
2861 3190 75 27 during
2946 3199 12 13 a
2966 3194 82 24 portion
3066 3196 22 19 of
3096 3196 35 19 the
3140 3201 42 21 yea:

2755 3215 49 20 with
2813 3215 32 20 his
2854 3216 44 26 logs
2917 3218 124 27 submerged
3053 3220 22 20 in
3091 3224 91 24 stagnant

2755 3243 67 18 water.
2850 3242 141 28 Accordingly,
3011 3246 22 20 in
3046 3247 36 19 the
3091 3248 40 19 rice
3147 3248 27 19 dis-

2754 3268 55 19 tricts
2820 3269 21 18 of
2850 3269 108 21 Piedmont
2967 3272 41 19 and
3027 3273 113 26 elsewhere,
3151 3274 31 20 the

2754 3294 118 26 population
2878 3295 37 20 has
2922 3296 89 21 hitherto
3018 3298 52 20 been
3080 3306 89 21 consump-

2754 3320 45 24 tive,
2811 3320 40 20 and
2861 3321 112 21 decimated
2985 3323 28 26 by
3023 3325 84 21 disease.

2778 3363 20 19 A
2817 3363 90 21 scientist
2926 3365 87 22 declares
3034 3368 47 20 that
3098 3369 35 20 the
3145 3370 35 19 fine

2752 3389 126 26 complexion
2887 3392 23 18 of
2927 3392 87 26 English
3023 3394 50 25 girls
3083 3394 17 21 is
3116 3395 39 20 due
3164 3398 16 17 to

2753 3415 34 19 the
2805 3415 49 32 fogs_
2865 3417 66 20 which
2948 3426 23 12 so
2985 3420 116 26 frequently
3120 3427 60 20 sweep

2752 3447 48 14 over
2807 3442 81 20 Albion.
2916 3444 114 27 Dampness
3036 3453 64 13 seems
3110 3450 21 18 to
3139 3454 31 19 per-

2752 3469 66 18 meate
2827 3468 34 20 the
2870 3469 52 20 flesh
2929 3471 40 19 and
2978 3471 52 26 keop
3038 3472 35 20 the
3082 3473 47 20 skin
3138 3474 42 19 soft.

2752 3493 31 20 On
2801 3494 35 19 the
2851 3495 58 19 other
2917 3496 62 25 hand,
2988 3504 13 12 a
3015 3498 38 25 dry
3068 3499 42 20 and
3118 3504 62 21 sunny

2751 3520 81 19 climate
2849 3521 70 20 makes
2929 3529 12 13 a
2950 3523 37 25 dry
3001 3524 40 19 and
3051 3525 63 19 harsh
3133 3532 36 14 com-

2753 3546 87 24 plexion.
2867 3548 43 19 The
2920 3549 78 19 natives
3008 3550 22 20 of
3039 3551 67 20 desert
3124 3558 45 14 coun-

2752 3572 47 19 tries
2818 3579 34 13 are
2861 3579 12 13 a
2887 3574 66 26 living
2966 3576 59 25 proof
3043 3577 22 19 of
3074 3577 35 20 the
3123 3578 57 20 latter

2751 3598 44 19 half
2804 3599 21 18 of
2835 3599 40 19 this
2884 3601 115 20 statement.

2775 3633 20 19 A
2813 3635 88 18 monster
2916 3634 66 25 chain,
2997 3636 56 26 forty
3066 3637 112 21 kilometres

2750 3659 132 25 (twenty-five
2888 3661 67 25 miles)
2961 3661 54 26 long,
3027 3663 17 19 is
3054 3663 63 27 being
3124 3664 54 19 made

2750 3686 32 18 for
2792 3685 101 26 Germany
2912 3689 21 17 at
2943 3688 34 19 the
3098 3690 78 23 Works,

2748 3710 75 25 Jumot,
2832 3711 101 26 Belgium,
2940 3713 34 20 tho
2980 3715 51 19 total
3037 3716 77 25 weight
3119 3716 59 25 being

2750 3738 37 17 680
2797 3739 50 22 tons,
2859 3744 22 13 so
2890 3739 46 19 that
2950 3738 10 30 C
2971 3738 10 30 8
2992 3738 73 30 ten-ton
3078 3748 98 20 waggons,

2749 3769 22 13 or
2780 3769 13 13 a
2802 3763 64 19 whole
2882 3765 59 24 train,
2953 3765 41 21 will
3003 3767 27 19 be
3045 3768 95 26 required
3149 3768 29 20 for

2748 3788 26 20 its
2784 3789 96 25 carriage.

2776 3821 90 19 Weasols
2872 3821 53 21 have
2932 3829 44 14 now
2983 3824 83 21 become
3074 3832 22 13 so
3101 3832 65 13 numer-

2748 3852 37 14 ous
2792 3847 21 18 in
2822 3847 40 19 this
2872 3848 78 21 district
2958 3850 60 26 [(says
3028 3851 35 20 tho
3080 3850 98 22 Taranaki

2750 3872 91 26 Herald),
2861 3874 46 20 that
2924 3875 89 26 hunting
3031 3877 35 20 tho
3079 3880 97 18 creatures

2750 3897 48 21 with
2812 3899 35 19 fox
2865 3901 82 19 terriers
2964 3902 18 19 is
3001 3909 45 14 now
3065 3910 12 13 a
3095 3904 83 26 popular

2748 3925 91 25 pastime.
2866 3926 19 20 A
2892 3929 60 23 party
2960 3929 89 25 recently
3056 3930 96 19 obtainod
3158 3935 19 14 as

2750 3957 60 19 many
2830 3958 21 12 as
2869 3953 32 18 six
2919 3953 22 19 in
2968 3960 37 14 one
3023 3955 47 26 day,
3100 3956 22 20 in
3146 3956 31 20 tho

2748 3976 106 26 Mangarei
2863 3978 84 21 district.
