2540 4020
605 487 219 37 PUBLISHED
870 487 130 37 EVERY
1043 488 256 37 WEDNESDAY
1342 489 87 37 AND
1475 491 226 38 SATURDAY
1745 494 204 38 MORNING.

665 603 111 30 PORT
796 603 254 38 NICHOLSON,
1075 604 224 31 SATURDAY
1320 605 209 37 MORNING,
1551 609 127 30 APRIL
1699 614 50 31 29,
1776 611 109 34 1843>
1882 598 7 25 (

2260 616 93 41 [Vol.
2375 621 52 30 IV.

116 600 63 31 No.
203 600 91 41 241.]

80 43 379 32 NEW
585 43 883 32 ZEALAND
1594 43 883 32 GAZETTE

80 75 2397 187 AND

80 262 1198 186 WELLINGTON
1398 262 1079 186 SPECTATOR

1906 706 95 21 Public
2024 708 119 21 Auction
2159 709 29 20 of
2207 711 162 27 Company's
2384 715 99 21 Stores*

1906 739 158 47 MESSRS.
2080 741 93 27 HORT,
2188 743 158 29 MOCATTA,
2368 753 45 14 and
2428 748 53 26 CO.,

1995 767 56 21 have
2074 769 102 21 received
2199 769 143 24 instructions
2365 772 58 22 from
2446 774 38 21 the

1905 792 109 26 Principal
2025 794 74 25 Agent
2108 795 26 20 of
2141 795 37 21 the
2187 795 56 23 New
2253 797 98 22 Zealand
2362 799 119 28 Company,

1905 821 21 18 to
1936 819 101 22 continue
2048 820 56 22 their
2114 821 50 21 Sale
2176 822 24 21 of
2208 822 36 22 the
2253 825 146 26 unexpended
2413 828 71 20 Stores

1904 844 25 22 of
1936 844 36 22 the
1983 846 55 22 New
2054 847 99 22 Zealand
2168 849 118 28 Company,
2298 854 24 18 at
2330 852 57 21 their
2402 853 79 27 Stores,

2121 875 32 21 Te
2168 875 54 28 Aro,
2235 884 29 14 on

1962 906 199 24 WEDNESDAY
2176 909 91 28 NEXT,
2282 913 45 20 3rd
2342 913 78 21 MAY.

2113 939 23 17 at
2146 937 24 20 11
2182 936 92 27 o'clock,

1902 957 47 22 The
1967 959 68 27 goods
2049 960 82 23 offered
2146 962 34 21 for
2199 963 50 21 Sale
2268 965 108 26 comprise
2394 973 29 14 an
2440 973 41 15 ex-

1903 985 85 22 tensive
2008 987 61 20 stock
2089 988 25 20 of
2133 988 163 28 ironmongery,
2317 992 120 27 consisting
2460 993 26 21 of

1902 1013 104 25 mason's,
2022 1013 104 27 cooper's,
2142 1015 44 21 and
2201 1019 124 24 carpenters
2341 1018 61 26 tools,
2419 1019 63 27 nails,

1903 1045 84 20 screws,
1999 1039 55 26 lead,
2068 1040 85 27 bullets,
2165 1041 55 27 shot,
2237 1044 142 27 gunpowder,
2397 1052 12 14 a
2425 1045 59 27 large

1903 1068 129 19 assortment
2047 1066 25 21 of
2087 1074 63 20 guns,
2166 1068 65 26 rifles,
2242 1070 42 21 and
2295 1070 91 28 fowling
2394 1072 74 26 pieces
2478 1080 5 18 ;

1902 1091 51 21 boat
1964 1091 99 23 hatchets
2074 1093 43 22 and
2129 1094 141 28 tomahawks,
2280 1096 109 28 breaking
2397 1105 29 21 up
2437 1100 47 20 and

1901 1118 110 27 grubbing
2033 1119 59 27 hoes,
2113 1121 113 27 crockery,
2251 1122 51 22 boat
2325 1124 44 21 and
2393 1124 86 23 bullock

1903 1145 82 27 chains,

1929 1173 13 19 2
1955 1172 99 27 portable
2065 1180 77 15 cranes
2153 1174 113 28 complete,

1930 1200 9 19 1
1954 1199 98 26 portable
2066 1200 149 23 blacksmith's
2229 1202 70 27 forge,
2319 1204 52 22 with
2389 1204 89 23 bellows

1902 1224 44 22 and
1957 1225 54 22 tools
2022 1227 116 27 complete,

1931 1251 53 22 And
1995 1260 13 13 a
2018 1253 83 27 variety
2110 1254 26 21 of
2143 1254 63 21 other
2216 1256 77 25 goods.

1989 1286 73 15 TERMS
2077 1287 104 14 LIBERAL.
2213 1289 186 16 REFRESHMENTS.

1930 1311 30 22 Te
1971 1312 54 26 Aro,
2037 1313 64 26 April
2110 1315 35 25 28,
2157 1316 61 20 1843.

1943 1357 97 21 Notice
2055 1359 29 19 to
2099 1359 115 21 Debtors
2230 1362 53 19 and
2299 1362 143 21 Creditors.

1903 1390 90 47 ALL
2018 1391 135 23 PERSONS
2174 1393 80 28 having
2273 1394 77 22 claims
2367 1402 28 15 on
2414 1396 24 22 P.
2450 1397 31 22 H.

1983 1417 94 27 Gowan,
2089 1419 24 21 of
2120 1419 119 28 Aglionby,
2251 1428 28 14 on
2289 1422 37 21 the
2336 1422 68 22 River
2416 1423 65 26 Hutt,

1904 1449 37 15 are
1951 1444 115 27 requested
2077 1449 21 17 to
2107 1446 55 21 send
2173 1447 22 21 in
2206 1449 37 19 tbe
2253 1449 127 25 particulars
2397 1449 87 23 thereof

1903 1472 22 18 to
1936 1470 34 21 W.
1982 1471 26 21 B.
2021 1471 88 22 Rliodes
2124 1473 21 21 &
2160 1474 46 26 Co.,
2222 1481 24 14 or
2262 1475 95 21 Edward
2374 1475 108 28 Johnson,

1902 1497 25 20 of
1941 1497 142 28 Wellington,
2099 1507 28 14 on
2147 1507 25 14 or
2189 1500 74 22 befere
2282 1501 37 22 the
2337 1502 51 21 10th
2404 1503 43 27 day
2461 1503 26 22 of

1904 1523 51 26 May
1966 1529 60 21 next,
2033 1525 45 22 and
2088 1525 27 22 all
2126 1534 90 20 persons
2223 1527 105 23 indebted
2336 1531 22 19 to
2366 1529 38 21 the
2414 1537 66 18 same,

1901 1556 37 15 are
1956 1552 116 25 requested
2092 1555 20 18 to
2131 1561 44 19 pay
2188 1554 38 21 the
2242 1559 92 17 amount
2349 1559 22 17 to
2384 1556 36 21 the
2435 1557 48 21 said

1903 1576 33 21 W.
1948 1576 24 22 B.
1985 1578 88 21 Rhodes
2089 1583 22 17 ot
2126 1580 26 21 E.
2164 1580 106 28 Johnson,
2282 1588 28 14 on
2320 1588 25 14 or
2360 1582 73 22 before
2444 1583 37 22 the

1901 1603 47 22 said
1959 1603 57 23 date.

2270 1634 29 24 P..
2312 1634 30 22 H.
2359 1635 94 23 Gowan.

1929 1656 67 23 River
2007 1658 63 26 Hutt,
2082 1659 64 27 April
2156 1661 33 25 28,
2202 1661 59 21 1843.

1976 1702 143 22 ANTED
2148 1704 22 21 A
2199 1705 119 22 COOK.
2360 1707 75 27 Apply
2458 1711 23 18 at

1995 1728 37 22 the
2071 1729 94 23 Gazette
2204 1731 77 23 Office.

1927 1762 64 26 April
2001 1764 33 25 28,
2047 1764 60 21 1843.

1955 1808 40 19 To
2011 1809 81 19 stand
2106 1810 30 19 to
2153 1815 79 15 cover
2251 1811 55 21 this
2321 1817 106 20 season,

2058 1843 31 19 At
2098 1844 140 25 Berhampore
2248 1846 71 26 Fatm,

1901 1875 91 21 rriHE
2018 1876 50 22 well
2095 1877 79 23 known
2202 1879 110 28 thorough
2334 1881 55 21 bred
2416 1882 64 21 horse

1908 1900 28 23 X
1962 1902 97 27 Figaro,
2072 1903 35 22 the
2117 1908 105 24 property
2231 1906 25 21 of
2263 1906 77 22 James
2350 1907 66 28 Watt,
2427 1908 51 27 Esq.

1927 1928 79 27 Figaro
2016 1936 42 15 was
2068 1931 74 21 foaled
2152 1931 22 21 in
2185 1932 131 27 December,
2332 1935 60 25 1837,
2402 1939 39 22 got
2452 1936 29 26 by

1901 1955 113 27 Operator,
2027 1956 50 22 dam
2092 1957 105 23 Adelaide
2207 1959 31 26 by
2247 1959 103 23 Teorum.

1927 1982 109 27 Operator
2045 1990 44 15 was
2099 1984 74 22 foaled
2182 1985 24 21 in
2219 1987 59 25 1832,
2289 1991 40 22 got
2339 1988 29 25 by
2378 1987 99 28 Emilius,

1899 2008 51 21 dam
1955 2008 127 26 .Worthless
2091 2011 30 26 by
2133 2011 95 27 Walton,
2240 2016 37 18 out
2286 2013 26 21 of
2320 2013 120 23 Altisidora
2450 2015 29 26 by

1899 2033 58 22 Dick
1967 2035 116 21 Andrews.
2305 2037 16 8 *

1926 2065 73 28 Every
2006 2067 104 21 attention
2120 2067 46 22 will
2179 2069 29 21 be
2223 2069 51 27 paid
2285 2073 21 18 to
2316 2077 72 15 mares
2397 2074 49 19 sent
2456 2074 21 19 to

1898 2091 53 23 him.

1926 2119 102 27 Charges,
2053 2120 52 22 with
2128 2125 127 24 guarantee,
2281 2131 67 14 seven
2371 2124 105 28 guineas;

1898 2145 92 22 without
2004 2150 126 25 guarantee,
2149 2149 42 21 five
2207 2149 99 27 guineas,
2317 2157 117 21 groomage
2443 2152 32 22 in-

1898 2172 87 22 cluded.
2159 2194 5 7 v

1925 2206 141 28 Wellington.
2079 2208 95 22 October
2182 2210 34 26 25,
2228 2211 60 21 1532.

2116 2260 54 19 For
2184 2260 69 21 Sale.

1896 2292 51 48 A
1976 2291 286 25 DWELLING-HOUSE
2291 2302 29 14 on
2344 2295 134 29 Wellington

1974 2319 100 26 Terrace,
2087 2319 95 28 adapted
2191 2320 36 22 for
2235 2328 12 14 a
2256 2322 66 21 small
2331 2322 84 27 family.

1924 2345 42 21 For
1975 2345 137 28 particulars,
2122 2347 91 27 enquire
2223 2351 23 18 at
2256 2347 37 23 the
2305 2349 61 21 Store
2376 2350 26 21 of

2042 2379 31 24 H.
2090 2380 95 23 Taylor
2200 2382 20 21 &
2235 2382 47 27 Co.,
2293 2382 156 24 Willis-street.

1924 2411 110 29 February
2044 2415 21 25 3,
2077 2415 59 21 1843.

2037 2465 67 22 Zinc
2111 2466 5 21 !
2142 2467 67 21 Zinc
2216 2467 5 21 !
2250 2469 67 21 Zinc
2327 2469 6 21 !

1897 2498 69 48 ON
1995 2498 84 28 SALE,
2103 2504 23 17 at
2144 2500 37 21 the
2201 2501 72 22 Stores
2294 2502 26 21 of
2336 2502 36 22 the
2393 2504 81 22 under-

1971 2525 84 27 signed.

2018 2559 127 23 SAMUEL
2164 2561 67 21 AND
2251 2562 124 28 JOSEPH,

1879 2599 2 18 I
2157 2594 158 24 Wellington
2334 2597 87 29 House,
2483 2598 23 21 /

2254 2623 53 21 Port
2317 2624 129 24 Nicholson.
2457 2632 16 18 /

1922 2648 63 27 April
1995 2649 90 25 1,1843.
2456 2641 11 14 '

2014 2699 117 20 Wanted
2145 2700 30 20 to
2190 2700 157 27 Exchange,

1894 2731 49 47 A
1958 2730 146 22 COUNTRY
2126 2731 138 27 SECTION,
2280 2732 44 22 No.
2343 2733 27 23 37
2388 2742 28 14 on
2436 2735 39 22 the

1972 2757 128 27 Surveyor's
2119 2757 62 28 Plan,
2199 2758 80 22 chosen
2298 2759 30 27 by
2345 2761 45 21 Mr.
2409 2762 66 22 Child

1893 2786 22 18 at
1931 2783 36 21 the
1983 2784 133 27 Manawatu,
2133 2785 34 21 for
2181 2792 30 14 an
2230 2785 130 23 unselected
2374 2788 100 29 Country

1893 2810 86 21 Section
1990 2810 24 21 in
2025 2811 36 21 the
2072 2811 57 21 First
2138 2811 139 23 Settlement.
2307 2813 75 28 Apply
2393 2818 21 18 to

2174 2844 35 22 W.
2224 2845 29 22 V.
2268 2846 107 23 Brewer.
2392 2848 51 26 Esq.

1919 2870 112 27 February
2042 2871 31 26 17,
2087 2872 61 21 1843.

2037 2920 39 20 To
2091 2921 33 19 be
2138 2921 66 20 Sold
2223 2927 30 15 or
2266 2923 57 19 Let.

1889 2952 10 11 r
1995 2951 99 22 Wooden
2105 2952 94 26 Houses,
2210 2959 29 14 on
2246 2952 37 22 the
2289 2953 181 30 Tinakore-road,

1899 2974 24 24 JL
1965 2977 37 22 the
2022 2978 81 21 second
2121 2985 51 15 acre
2190 2979 57 21 from
2268 2980 93 26 Captain
2379 2980 93 24 Smith's

1934 3005 127 26 containing
2074 3005 50 20 four
2133 3012 73 15 rooms
2215 3005 45 22 and
2273 3013 14 14 a
2300 3013 99 21 passage,
2414 3009 57 22 each

1890 3031 52 21 with
1959 3031 50 22 zinc
2026 3031 66 25 roofs,
2117 3032 46 21 and
2185 3032 24 21 in
2233 3039 66 21 every
2317 3039 87 22 respect
2421 3036 51 22 well

1889 3057 99 22 finished.
2016 3058 104 21 Terms
2122 3058 24 21 lf
2153 3058 54 27 sold,
2218 3059 59 22 150
2287 3060 36 22 for
2329 3061 54 21 each
2389 3061 68 23 house
2463 3071 6 19 ;

1887 3084 20 21 if
1918 3085 37 26 let,
1966 3085 32 21 1
2009 3092 39 19 per
2057 3085 61 21 week
2127 3085 35 21 for
2171 3085 55 22 each
2235 3086 78 23 house.
2340 3088 75 27 Apply
2425 3092 22 19 to

2273 3121 76 23 James
2364 3122 78 23 Watt.

1899 3144 143 28 Wellington,
2050 3145 58 22 Nov.
2117 3145 35 28 27,
2160 3147 60 21 1841.

1888 3196 121 26 Country
2023 3196 122 21 Sections
2164 3196 43 21 for
2225 3198 61 21 Sale
2307 3205 35 15 on
2361 3199 107 22 Liberal

2128 3223 101 21 Terms.

1889 3253 161 49 SEVERAL
2084 3253 100 23 Sections
2212 3255 27 22 of
2268 3257 99 28 Country
2395 3258 72 28 Land,

1950 3280 90 28 already
2050 3279 81 25 chosen
2140 3281 25 21 in
2175 3281 37 22 the
2225 3282 94 23 Porirua
2333 3285 89 27 district,
2433 3285 35 22 for

1887 3307 58 28 Sale,
1955 3314 74 15 terms
2038 3314 104 15 liberal.
2172 3309 75 28 Apply
2256 3313 22 18 to

1981 3334 24 21 F.
2020 3335 28 21 A.
2063 3334 169 28 Molesworth,
2249 3337 183 28 Murphy-street,
2442 3346 26 14 or

1980 3361 35 21 W.
2030 3361 28 21 V.
2073 3361 106 28 Brewer,
2190 3363 193 23 Manners-street.

1913 3413 42 20 Ex
2180 3414 55 20 and
2360 3415 77 22 York

1889 3470 101 24 9AA
2006 3471 100 23 BOXES
2121 3472 39 22 OF
2176 3473 147 26 CANDLES,

1885 3497 32 21 t#
2019 3499 103 27 Superior
2133 3499 94 22 Manilla
2238 3500 76 26 cigars,

2019 3525 102 28 Superior
2134 3526 92 21 London
2240 3526 65 21 made
2318 3525 142 28 gentlemen's

1885 3551 107 26 clothing.

1912 3578 33 22 At
1952 3578 38 22 the
2000 3579 72 22 Stores
2082 3579 25 22 of

2024 3620 3 4 .
2044 3606 5 3 '
2205 3605 21 21 J.
2242 3604 38 23 M.-
2291 3605 99 25 Taylor,

2332 3631 31 21 Te
2378 3631 53 22 Aro.

1912 3658 80 22 March
2002 3660 31 25 21,
2046 3660 60 21 1843.

1885 3707 71 49 ON
1971 3700 85 35 SAL&'
2064 3710 23 20 at
2095 3707 37 22 the
2141 3700 73 33 S^ori^
2223 3706 26 21 of
2256 3700 204 37 the^un^ersigiied,

1960 3742 30 14 ex
1999 3735 99 26 Scotia;
2230 3730 5 8 '
2296 3755 5 5 ,
2353 3732 70 33 ,*,'"'""

1990 3766 75 27 Flour,
2293 3777 26 10 /
2379 3778 8 13 -,
2385 3779 18 13 v
2415 3777 6 16 ;

1990 3793 62 26 Rice,
2303 3812 3 3 .
2397 3797 11 21 .:
2416 3806 5 7 v

1990 3819 76 27 Sugar,
2251 3834 3 6 .

1988 3845 97 26 Brandy,
2102 3861 6 5 .
2413 3856 3 4 >

1988 3871 89 22 Bottled
2086 3869 33 23 ale
2129 3869 45 23 ancl
2175 3872 91 28 ,g>orfcr,
2274 3870 104 32 I}unbar,
2380 3885 5 9 f

2124 3904 99 21 Thomas'
2236 3895 199 36 M^Maqhatjhe.
2444 3913 11 4 ~

1908 3929 63 28 April
1982 3930 19 26 7,
2014 3930 59 21 1843.

2203 3953 100 17 --'.'
2349 3960 5 5 -
2385 3957 6 10 i

1292 698 38 20 At
1353 699 111 21 Messrs.
1486 700 92 20 Hort's
1602 701 86 25 Store,
1714 694 164 30 instead^of

1352 729 130 22 Barrett's
1496 731 92 25 Hotel,
1604 737 31 15 as
1651 733 161 25 advertised,

1291 763 146 23 BEFORE
1456 765 73 22 THE
1549 765 210 23 COMPANY'S
1775 767 91 23 SALE

1291 797 91 47 MR.
1398 797 86 22 JOHN
1498 798 93 21 WADE
1601 799 18 20 is
1630 799 121 22 instructed
1762 804 22 17 to
1795 800 40 22 sell
1845 802 30 26 by

1382 823 75 23 Public
1475 825 104 27 Auction,
1596 830 23 16 at
1635 826 89 21 .Messrs.
1742 827 84 26 Hort's,
1845 835 28 14 on

1291 849 147 28 Wednesday,
1449 851 38 21 the
1504 852 40 21 3rd
1565 852 61 27 May,
1644 854 59 23 1843,
1720 857 23 18 at
1759 855 10 20 1
1789 854 84 22 o'clock

1394 877 112 28 precisely,
1517 879 23 20 in
1553 882 41 17 two
1605 879 51 26 lots,
1668 880 28 21 all
1707 880 62 21 those

1333 911 2 7 1
1357 909 67 22 TWO
1440 910 363 25 SUBSTANTIALLY-BUILT

1437 936 137 24 WOODEN
1595 939 128 28 HOUSES,

1289 966 79 22 situate
1378 975 27 14 on
1414 968 74 27 Major
1496 969 154 24 Hornbrook's
1659 979 56 20 acre,
1725 973 22 20 in
1755 973 117 26 Mulgrave

1290 994 77 25 Street,
1378 1002 42 14 one
1431 996 98 22 whereof
1534 997 20 21 is
1564 1004 49 15 now
1624 998 23 21 in
1658 999 37 21 the
1708 1000 130 26 occupation
1850 1001 25 20 of

1289 1020 44 21 Mr:
1344 1020 79 27 Wylie,
1435 1025 22 17 at
1468 1029 12 14 a
1494 1026 51 18 rent
1560 1024 24 21 of
1595 1025 48 21 25
1662 1032 39 18 per
1717 1033 83 14 annum
1809 1034 4 19 ;
1834 1027 37 21 the

1289 1046 62 22 other
1369 1047 19 21 is
1407 1049 146 22 untenanted.
1586 1051 49 21 The
1655 1051 87 22 Houses
1762 1059 36 14 are
1818 1053 54 22 held

1289 1080 59 20 upon
1364 1073 69 22 leases
1449 1075 35 21 for
1499 1077 26 19 21
1544 1082 70 21 years,
1626 1080 24 18 at
1658 1078 36 22 the
1706 1079 62 21 small
1784 1080 88 23 giound

1289 1103 50 19 rent
1350 1100 26 22 of
1381 1101 33 21 6
1424 1101 62 21 each.

1491 1140 73 15 AFTER
1582 1141 86 20 WHICH,

1315 1164 47 22 The
1378 1165 69 22 Lease
1467 1166 25 21 of
1505 1166 40 22 Dr.
1565 1167 97 21 Garatt's
1682 1169 85 21 Section
1788 1177 26 13 on
1834 1170 37 22 the

1289 1190 64 28 Hutl,
1365 1191 87 23 divided
1462 1192 47 22 into
1518 1193 42 21 lots
1570 1197 21 17 to
1602 1194 45 21 suit
1656 1195 137 27 purchasers.

1315 1221 42 23 For
1371 1223 135 28 particulars,
1518 1224 66 28 apply
1600 1228 22 18 to
1639 1226 37 21 the
1690 1227 144 28 Auctioneer,
1846 1235 24 15 or

1287 1251 22 18 to
1320 1249 89 23 Messrs.
1420 1250 88 22 Brewer
1517 1252 44 20 &nd
1574 1251 133 28 Blathwayt.

1484 1290 73 14 TERMS
1572 1291 28 13 AT
1617 1291 62 14 SALE.

1315 1307 63 27 April
1388 1309 33 25 28,
1434 1310 61 20 1843.

1513 1354 52 20 For
1580 1354 71 26 Sale,

1289 1385 132 48 ABOUT
1436 1387 25 20 16
1478 1389 50 19 tons
1546 1387 25 21 of
1583 1387 45 22 fine
1645 1388 79 26 picked
1743 1389 129 24 Manawatu

1367 1413 110 21 Potatoes.
1505 1414 75 26 Apply
1591 1418 23 17 to

1513 1447 101 21 Messrs.
1626 1447 82 22 Waitt
1724 1449 19 21 &
1758 1449 84 23 Tyser.
1854 1465 2 12 ,

1316 1476 141 28 Wellington,
1469 1478 64 27 April
1544 1481 32 24 18,
1588 1481 61 20 1843.

1288 1522 90 33 rpHE
1408 1522 145 23 BUSINESS
1580 1523 69 28 lately
1673 1526 82 21 carried
1781 1534 35 17 on,
1846 1527 24 22 in

1294 1545 28 24 JL
1363 1548 140 28 Wellington,
1514 1550 70 21 under
1597 1550 36 21 the
1642 1551 48 22 firm
1701 1552 25 21 of
1733 1553 29 21 D.
1771 1554 21 20 S.
1800 1554 70 22 Durie

1287 1574 44 21 and
1342 1575 45 24 Co.,
1405 1576 65 27 being
1488 1584 50 14 now
1548 1577 111 22 dissolved
1679 1578 29 28 by
1717 1580 85 21 mutual
1817 1588 53 14 con-

1287 1606 55 21 sent,
1357 1602 29 21 all
1404 1602 62 22 debts
1482 1603 42 22 due
1540 1607 22 17 to
1576 1604 45 21 and
1635 1605 73 27 owing
1725 1606 30 26 by
1771 1606 36 22 the
1823 1608 47 21 said

1287 1628 66 26 Firm,
1365 1628 42 21 will
1419 1629 25 21 be
1461 1630 78 21 settled
1557 1630 29 27 by
1597 1630 30 22 D.
1640 1632 20 21 S.
1673 1631 76 28 Durie,
1760 1633 49 21 who
1826 1634 44 22 still

1286 1654 105 22 conducts
1402 1655 35 22 the
1447 1656 109 22 business.

1305 1698 14 10 ir
1394 1702 8 8 .
1652 1684 63 23 John
1732 1686 108 28 Tinline,

1304 1715 20 18 a
1651 1711 28 22 D.
1696 1713 21 21 S.
1733 1713 85 22 Durie.

1289 1737 120 19 Vmtnessto
1419 1735 59 22 John
1487 1737 108 22 Tinline's
1605 1737 120 27 signature,

1301 1755 14 38 |
1339 1783 2 5 ,
1368 1762 21 21 J.
1405 1762 28 21 D.
1449 1763 137 28 M'Farlane,

1285 1794 96 22 Witness
1393 1799 21 17 to
1424 1796 28 22 D.
1465 1797 21 21 S.
1498 1797 88 23 Durie's
1597 1799 117 27 signature,

1368 1822 82 22 Robert
1461 1823 74 23 Waitt,

1312 1855 141 27 Wellington,
1465 1857 64 27 April
1541 1860 31 24 19,
1585 1860 61 20 1843.

1445 1902 157 26 Wanganui
1618 1904 92 20 Hams.

1284 1933 93 47 JUST
1397 1934 165 28 RECEIVED,
1581 1937 27 20 50
1622 1936 69 28 finely
1708 1938 68 21 cured
1797 1939 70 22 Hams

1347 1961 57 20 from
1417 1961 129 27 Wanganui.

1641 1990 110 23 William
1767 1991 72 23 Lion.

1310 2012 64 27 April
1384 2014 33 25 21,
1428 2015 61 20 1843.
1681 2018 22 6 -

1285 2058 87 41 TpOR
1395 2058 85 27 SALE,
1496 2067 13 14 a
1527 2060 104 22 first-rate
1652 2061 84 22 Bull.-
1752 2063 74 27 Apply
1846 2067 21 18 to

1625 2114 50 22 Mr.
1689 2115 149 23 Machattie.

1312 2137 62 26 April
1383 2139 33 25 21,
1428 2140 59 20 1843.

1484 2185 37 19 To
1541 2185 125 20 Packers.

1282 2215 173 48 WANTED,
1466 2222 13 14 a
1488 2223 76 19 person
1574 2218 124 24 acquainted
1707 2219 49 20 with
1765 2220 98 26 packing,

1364 2245 21 17 to
1395 2243 48 20 take
1452 2244 75 25 charge
1537 2244 24 19 of
1572 2251 12 13 a
1594 2244 52 20 Flax
1656 2244 67 22 Press.

1595 2277 83 20 Waitt
1691 2284 49 14 and
1749 2279 86 22 Tyser.

1282 2300 73 21 March
1366 2302 34 20 31.

1466 2348 35 22 W.
1518 2349 33 21 M.
1567 2350 107 26 SMITH,

1282 2385 56 16 LATE
1350 2387 233 16 SURVEYOR-GENERAL
1595 2390 28 14 TO
1635 2390 45 15 THE
1695 2391 50 15 NEW
1760 2392 104 14 ZEALAND

1515 2416 113 20 COMPANY,

1309 2443 140 26 Surveyor,
1464 2444 212 28 Draughtsman,
1691 2448 54 20 and
1759 2448 76 21 Land

1523 2473 100 25 Agent.

1280 2500 175 29 Tinakori-road,
1468 2502 99 28 January
1579 2505 20 26 4,
1613 2506 61 21 1543.

1281 2552 86 21 Town
1390 2555 54 20 and
1469 2556 121 26 Country
1609 2557 78 20 Land
1708 2559 28 19 to
1758 2559 49 21 Let
1828 2565 35 15 on

1468 2582 79 27 Long
1567 2584 108 20 Leases.

1280 2614 97 48 NOS.
1395 2615 26 21 of
1436 2615 38 22 the
1492 2619 59 18 town
1571 2624 61 15 acres
1652 2625 27 14 on
1696 2618 38 22 the
1753 2620 110 27 Surveyor

1478 2643 114 22 General's
1603 2644 63 26 Plan,

1386 2677 40 20 224
1551 2677 40 23 510
1713 2680 40 21 263

1280 2699 44 22 For
1332 2702 137 27 particulars,
1482 2703 65 28 apply
1558 2707 21 18 to

1441 2737 123 27 Wallace,
1574 2738 93 27 White,
1680 2739 44 22 and
1738 2740 123 22 Wallace.

1308 2767 54 27 May
1371 2770 33 24 81,
1417 2770 60 21 1842.

1463 2822 113 21 Gazette
1591 2824 89 20 Office.

1279 2853 199 24 STATIONERY
1491 2854 196 24 WHOLESALE
1701 2858 21 21 &
1737 2858 122 23 RETAIL.

1277 2887 88 48 WE
1387 2888 43 28 beg
1452 2892 23 19 to
1498 2897 115 15 announce
1633 2891 37 21 the
1691 2891 87 27 arrival,
1802 2892 59 22 from

1372 2915 110 27 England,
1494 2917 25 20 of
1527 2916 37 22 the
1579 2917 47 21 first
1635 2921 49 23 part
1693 2918 25 21 of
1727 2925 40 14 our
1783 2921 77 19 exten-

1277 2939 45 22 sive
1332 2942 74 21 orders
1415 2943 23 21 in
1449 2943 43 22 this
1502 2943 142 27 department
1652 2944 26 21 of
1685 2944 105 22 business.
1812 2945 48 22 Our

1277 2967 60 22 stock
1349 2969 88 27 already
1447 2970 92 21 consists
1555 2971 24 20 of
1591 2977 66 19 every
1667 2971 74 24 ayticle
1756 2971 103 28 required

1276 2994 34 21 for
1324 2995 96 27 Schools,
1437 2996 81 27 Banks,
1535 2997 84 26 Courts,
1638 2998 53 20 Law
1708 2997 87 25 Offices,
1813 2999 46 21 and

1276 3020 88 29 Artists,
1376 3023 40 21 &c.
1423 3030 5 19 ;
1445 3022 73 22 whilst
1527 3022 37 23 the
1579 3024 138 23 ornamental
1728 3024 43 21 and
1788 3025 70 21 draw-

1276 3048 37 26 ing
1325 3055 62 15 room
1403 3049 121 27 stationery
1538 3050 40 21 has
1591 3055 41 16 not
1647 3051 54 21 been
1718 3051 139 23 overlooked.

1275 3074 47 22 The
1332 3074 125 24 difficulties
1468 3076 114 28 attending
1590 3076 39 22 the
1639 3077 47 21 first
1693 3078 165 22 establishment

1275 3101 80 28 having
1364 3103 57 22 been
1437 3110 122 21 overcome,
1571 3103 45 22 and
1626 3111 66 21 every
1708 3105 78 22 arrival
1801 3106 57 21 from

1275 3128 103 26 England
1397 3130 83 27 adding
1494 3130 61 22 fresh
1570 3130 110 22 additions
1695 3134 22 18 to
1732 3138 40 15 our
1787 3132 69 27 stock,

1275 3154 43 23 will
1336 3156 77 22 enable
1426 3164 28 14 us
1463 3160 23 18 to
1501 3157 80 22 reduce
1599 3165 41 14 our
1654 3158 92 27 charges
1755 3166 30 14 on
1800 3163 58 18 most

1274 3182 86 22 articles
1370 3187 23 18 at
1401 3184 57 22 least
1466 3184 28 22 50
1502 3191 40 20 per
1551 3188 57 18 cent.

1301 3209 153 29 Storekeepers
1473 3217 42 15 ana
1534 3211 118 21 wholesale
1670 3211 84 22 dealers
1772 3219 42 15 can
1828 3212 28 22 be

1274 3236 100 26 supplied
1388 3241 23 18 to
1424 3245 47 20 any
1481 3240 83 24 extent,
1581 3238 44 21 and
1642 3245 28 14 on
1687 3243 66 17 terms
1768 3239 89 28 equally

1274 3262 162 28 advantageous
1445 3267 24 21 to
1479 3271 43 20 any
1530 3264 105 22 obtained
1645 3265 22 21 in
1678 3265 96 28 Sydney,

1299 3289 89 23 Ladies'
1398 3290 44 22 and
1452 3289 146 29 gentlemen's
1608 3291 54 23 card
1671 3299 67 20 cases,

1299 3315 65 22 Ditto
1431 3317 36 22 do.
1524 3318 71 21 tintett
1605 3318 46 21 and
1662 3318 116 22 embossed
1784 3318 70 28 cards,

1299 3342 94 28 Sponge,
1405 3343 78 22 wafers
1491 3344 22 21 in
1523 3346 14 20 2
1547 3351 37 15 oz.-
1590 3344 76 27 boxes,

1299 3369 80 27 Ebony
1387 3370 123 28 inkstands,
1520 3370 54 22 with
1583 3371 102 27 drawers,

1298 3395 74 22 Broad
1383 3397 43 23 and
1435 3404 85 15 narrow
1529 3404 69 20 green
1607 3398 43 24 silk
1661 3398 84 26 ribbon,

1299 3422 65 21 Brief
1370 3423 45 22 and
1424 3423 58 23 deed
1491 3431 74 20 paper,

1299 3448 73 22 Ruled
1381 3457 68 20 paper
1457 3450 34 22 for
1501 3448 39 23 bill
1550 3450 75 26 heads.

1298 3474 73 28 Royal
1386 3476 66 27 nand,
1466 3476 80 22 double
1564 3476 61 23 hand
1641 3478 82 26 brown,
1739 3477 46 22 and
1793 3478 62 27 royal

1271 3501 75 22 brown
1355 3503 115 27 wrapping
1478 3510 74 21 paper,
1881 3501 2 10 '

1298 3527 99 27 Ledgers
1406 3530 44 21 and
1460 3533 95 21 account
1564 3529 77 27 books,
1652 3530 87 23 various
1750 3531 61 27 sizes,

1297 3554 84 23 Pocket
1388 3555 88 28 ledgers
1485 3556 44 25 and
1538 3556 170 23 memorandum
1717 3557 76 27 books,

1297 3580 120 28 Engraved
1426 3590 57 20 copy
1489 3583 52 27 slips
1551 3582 46 23 and
1605 3582 79 28 books,

1297 3607 53 22 Best
1358 3608 79 23 Welch
1447 3611 66 20 slates
1529 3610 61 26 large
1598 3610 46 21 and
1653 3610 70 27 small,

1453 3660 93 22 House
1562 3662 28 19 to
1606 3662 57 22 Let.

1269 3692 51 48 A
1348 3692 87 25 GOOD
1455 3693 129 23 substantial
1605 3694 75 27 housej
1696 3695 52 23 with
1761 3695 91 23 kitchen

1347 3720 43 20 and
1400 3720 134 28 put-houses,
1545 3724 23 19 to
1578 3721 33 22 let
1619 3721 25 22 in
1660 3721 191 26 Manners-street.
1881 3729 2 7 '

1269 3744 43 22 For
1327 3746 136 31 particulars,
1475 3747 64 30 apply
1550 3751 22 18 to
1584 3748 45 22 Mr.
1642 3748 119 23 Brewer's
1773 3749 79 23 Office.

1275 3792 86 35 JUST
1376 3793 132 27 OPENED,
1515 3794 45 22 and
1571 3802 29 15 on
1610 3795 51 22 Sale
1670 3798 24 20 at
1703 3795 36 23 the
1750 3796 71 26 Qffic*
1830 3796 27 22 of

1268 3817 26 23 O
1330 3819 44 22 this
1383 3820 78 28 Paper,
1471 3820 40 22 ink
1520 3821 77 22 stands
1607 3822 26 20 of
1640 3822 88 21 various
1738 3822 63 25 sizes.

1451 3862 65 28 Just
1529 3871 132 21 received.

1265 3901 128 50 PLANS
1416 3900 25 22 of
1461 3900 38 22 the
1521 3901 70 22 Town
1610 3902 28 21 of
1654 3902 168 23 Wellington.

1338 3928 57 22 Flan
1415 3927 25 22 of
1446 3927 38 22 the
1494 3927 106 24 Harbour
1609 3927 26 23 of
1649 3928 52 25 Port
1717 3929 123 24 Nicholson

260 695 53 20 For
333 694 114 21 Nelson.

215 728 93 24 HHHE
322 731 73 18 cutter
409 729 111 26 LEVEN,
537 727 60 28 daily
607 736 39 14 ex-

90 749 95 39 igfefiL
222 749 30 26 JL
289 753 85 28 pected,
386 754 106 28 Dunning
501 760 88 17 master.

62 801 7 11 <>
69 783 139 43 *ft3nEjEffi
243 791 44 21 For
301 790 83 28 freight
397 799 25 14 or
436 799 98 20 passage,
546 792 66 27 apply
621 795 23 18 to

60 837 145 33 y3JSmo*
377 846 94 20 Samuel
487 845 20 21 &
523 845 95 22 Joseph.

88 882 143 27 Wellington,
246 882 63 27 April
319 883 34 25 21,
365 884 61 20 1843.

101 936 53 19 For
167 934 115 25 Nelson,
297 935 68 20 New
378 935 156 26 Plymouth,
550 936 53 20 and

273 961 156 27 Kokianga.

68 988 104 42 '-'^Sja-i
213 995 92 21 HMHE
332 994 43 22 fine
410 995 42 21 fast
485 995 78 27 sailing
594 995 50 27 brig

224 1048 42 20 200
282 1051 53 22 tons,
357 1048 36 21 W.
414 1049 54 21 Ellis
492 1049 150 26 commander,

60 1070 148 37 fftPClaSlg
226 1073 8 26 (
236 1077 23 17 tn
261 1081 6 13 '
269 1080 9 14 s
298 1073 70 22 vessel
392 1075 65 21 offers
481 1083 13 13 a
512 1075 131 22 favourable

60 1097 145 30 qggQjgg?
226 1100 141 31 opportunity
376 1100 35 22 for
426 1101 82 26 parties
519 1102 92 25 wishing
623 1106 21 17 to

224 1127 53 21 visit
287 1126 36 21 the
334 1127 70 21 above
422 1127 74 27 places
506 1135 24 14 or
541 1128 38 22 the
595 1129 48 26 Bay

61 1154 24 22 of
94 1153 104 27 Islands,)
210 1152 44 24 will
264 1153 40 21 sail
313 1153 22 21 in
346 1160 14 14 a
368 1153 42 22 few
422 1154 60 27 days.

86 1185 44 21 For
144 1185 80 27 freight
240 1192 25 14 or
280 1192 99 20 passage,
390 1185 83 28 having
488 1185 110 22 excellent
607 1193 36 14 ac-

60 1212 162 21 commodation
252 1213 33 20 for
307 1219 136 20 passengers,
469 1213 66 27 apply
558 1215 23 19 to
605 1213 38 20 the

59 1239 156 26 undersigned.

339 1265 36 22 W.
391 1265 26 22 B.
432 1266 95 22 Rhodes
542 1267 20 21 &
577 1267 37 20 Co.

86 1292 64 25 April
160 1292 34 25 25,
207 1293 61 22 1843,

59 1338 52 20 For
128 1337 108 26 Sydney
257 1337 94 25 direct,
375 1338 104 26 calling
499 1340 28 19 at
550 1339 93 20 Auck-

125 1364 67 20 land
207 1364 55 21 and
277 1364 43 20 the
335 1365 58 25 Bay
408 1364 30 21 of
454 1366 116 20 Islands.

99 1395 79 35 XJKrfc^
225 1400 91 30 rpiHE
333 1401 44 22 fine
389 1402 44 21 fast
441 1401 79 26 sailing
534 1402 109 21 schooner

89 1422 110 41 yfflS^v
231 1422 31 27 JL
348 1429 77 20 WILL
452 1430 112 25 WATCH,

81 1450 135 38 jjjOk-sK^
238 1454 76 22 James
330 1454 105 28 Harding
449 1459 87 24 master,
548 1456 44 21 will
602 1456 40 22 sail

64 1478 154 37 rW^j/^SyZ,
238 1481 22 21 f
262 1488 11 14 r
290 1484 36 19 tne
342 1482 70 21 above
429 1486 59 24 ports
499 1490 29 14 on
542 1483 105 27 Monday.

64 1507 157 26 %^-*i'm'tkit
238 1511 60 23 next,
309 1508 37 21 the
358 1510 31 20 Ist
400 1510 61 26 May.

88 1546 46 21 For
148 1547 82 26 freight
245 1554 25 15 or
282 1555 99 20 passage,
397 1548 82 27 having
495 1550 97 26 superior
606 1557 37 15 ac-

62 1573 182 28 commodations,
256 1575 65 27 apply
336 1578 22 19 to
370 1575 38 22 the
425 1576 91 28 Captain
527 1584 29 14 on
566 1577 74 26 board,

62 1607 23 14 or
94 1602 22 19 to

365 1629 49 22 Mr.
431 1630 103 26 Suistkd,

422 1656 103 22 Barrett's
538 1657 74 22 Hotel.

88 1685 69 28 Early
167 1686 135 27 application
313 1687 17 21 is
340 1694 124 21 necessary,
480 1695 24 15 as
513 1692 49 23 part
570 1688 26 22 of
602 1688 41 22 her

60 1712 73 22 cabins
143 1720 37 14 are
193 1713 75 22 taken.

85 1743 140 27 Wellington,
236 1745 63 27 April
309 1747 33 24 28,
355 1747 61 20 1843.
620 1761 4 10 ,

165 1789 113 27 Storage
295 1795 29 14 or
339 1790 76 20 Store
431 1792 27 18 to
476 1791 58 20 Let.

61 1823 88 47 MR.
164 1820 85 24 JOHN
266 1823 92 22 WADE
373 1831 41 14 can
430 1824 54 22 offer
503 1825 90 26 Storage
607 1825 35 22 for

149 1856 44 19 any
201 1850 102 27 quantity
313 1850 24 21 of
345 1851 84 27 Goods,
437 1858 27 14 on
474 1851 77 22 liberal
562 1856 76 22 terms;

61 1883 22 13 or
91 1875 28 22 he
130 1876 44 21 will
184 1876 28 21 be
222 1876 103 28 disposed
335 1880 23 18 to
368 1877 31 21 let
408 1885 14 14 a
433 1879 69 26 Stoic,
514 1878 70 21 which
596 1879 44 21 will

59 1902 52 21 hold
120 1904 40 20 600
170 1906 49 18 tons
230 1903 26 21 of
270 1903 80 27 Goods,
363 1907 22 18 to
401 1911 44 20 any
454 1908 64 23 party
527 1905 113 27 requiring

60 1928 35 21 the
105 1936 65 15 same.

86 1961 30 21 Te
127 1961 50 27 Aro,
189 1961 82 22 March
280 1963 33 26 22,
325 1963 61 21 1843.

228 2016 76 19 Land
320 2018 29 18 at
362 2017 105 20 Karori.

60 2046 64 49 TO
139 2046 39 23 BE
193 2048 87 27 SOLD,
297 2052 40 18 two
356 2050 13 20 5
389 2057 49 14 acre
452 2050 133 27 allotments,
605 2054 33 18 to-

130 2074 78 26 gether
217 2082 24 14 or
257 2080 104 23 separate,
374 2083 27 14 on
420 2076 83 22 Yulf.'s
514 2077 86 22 Section
616 2081 22 18 at

59 2100 89 27 Karori;
168 2102 23 20 in
210 2109 43 13 one
272 2102 122 27 allotment,
415 2103 37 22 the
471 2104 69 21 whole
561 2105 25 21 of
602 2104 36 22 the

57 2126 89 22 inferior
154 2128 79 21 timber
245 2129 43 21 and
299 2129 131 22 brushwood
441 2131 18 21 is
476 2135 48 22 cut;
541 2131 39 21 has
595 2136 42 16 two

58 2153 55 26 good
127 2157 91 19 streams
235 2156 97 26 running
348 2157 101 26 through,
462 2157 44 21 and
523 2158 18 21 is
556 2165 28 14 an
600 2166 39 13 ex-

59 2180 78 21 cellent
153 2181 103 22 situation
276 2183 33 20 for
327 2190 43 20 any
391 2191 78 19 person
494 2184 99 22 desirous
617 2185 25 21 of

58 2206 98 30 building
165 2208 22 21 in
198 2208 49 22 that
255 2209 189 27 neighbourhood.
475 2211 74 26 Apply
562 2215 21 17 to

274 2243 26 21 R.
316 2243 81 27 Davis,
414 2244 88 21 Aurora
515 2244 94 22 Tavern.

280 2295 52 21 For
346 2296 70 23 Sale,

59 2328 88 48 THE
162 2329 144 21 COTTAGE
320 2329 94 21 situated
426 2329 22 21 in
466 2330 98 22 Oriental
581 2331 55 26 Bay,

130 2355 44 21 and
188 2355 69 27 lately
266 2356 105 27 occupied
386 2356 29 27 by
426 2357 37 21 the
480 2357 156 27 undersigned.

58 2382 20 21 A
92 2381 52 27 long
161 2382 58 22 lease
239 2382 25 22 of
281 2382 37 22 the
332 2383 84 21 section
431 2390 58 21 upon
509 2384 71 22 which
599 2384 37 22 the

57 2408 66 22 house
133 2408 74 22 stands
217 2409 44 21 will
271 2410 28 20 be
308 2410 102 26 granted.

81 2435 68 21 Town
158 2436 54 21 land
221 2436 45 21 will
275 2436 27 22 be
311 2436 67 22 taken
388 2437 24 21 in
422 2437 120 28 exchange.

82 2462 42 22 For
132 2462 83 22 further
224 2463 135 27 particulars,
370 2464 68 27 apply
447 2467 22 19 to

372 2502 97 22 George
484 2503 87 27 Duppa,
587 2510 23 14 or

371 2529 37 21 W.
424 2530 28 20 V.
468 2530 100 21 Brewer

58 2578 64 47 TO
140 2578 38 22 BE
198 2578 87 27 SOLD,
299 2579 24 22 in
338 2579 43 22 lots
396 2583 23 18 to
439 2581 44 21 suit
499 2580 137 28 purchasers

120 2604 36 22 the
171 2605 71 22 whole
259 2606 26 21 of
295 2609 59 19 town
369 2614 52 15 acre
436 2608 44 21 No.
491 2609 46 25 134,
555 2615 29 14 on
598 2606 38 23 the

56 2630 48 27 plan
116 2632 25 21 of
143 2631 141 23 theTownof
288 2633 141 27 Wellington,
436 2634 83 27 having
523 2634 113 28 frontages

56 2660 20 17 to
85 2658 189 23 Taranaki-street
283 2660 44 21 and
337 2660 195 28 Ingestrie-street.
560 2662 76 21 Terms

54 2683 81 23 liberal.
163 2686 75 27 Apply
249 2690 23 18 to

388 2714 35 21 W.
435 2714 28 21 V.
475 2714 106 28 Brewer,

445 2741 190 23 Manners-street.

243 2791 26 19 J.
284 2791 37 20 M.
337 2791 109 25 Taylor,

68 2822 149 23 LICENSED
243 2824 239 22 CUSTOM-HOUSE
506 2825 113 28 AGENT,

297 2864 28 14 TE
339 2864 52 14 ARO.

215 2906 90 21 Beach
322 2907 145 27 Frontage.

56 2937 62 48 TO
132 2938 38 23 BE
186 2938 65 28 LET,
266 2940 69 22 beach
345 2940 102 27 frontage
462 2942 43 21 lots
515 2942 23 21 in
549 2945 84 19 section

123 2966 40 21 490
173 2973 30 14 on
218 2966 38 21 the
267 2966 54 23 Plan
332 2968 26 21 of
365 2968 38 21 the
413 2968 68 22 Town
495 2969 26 22 of
527 2969 106 27 Welling-

52 2992 43 23 ton,
106 2992 114 27 adjoining
230 2993 44 21 Mr.
282 2994 88 21 Taine's
377 2998 68 23 store;
461 2996 45 21 and
515 2996 24 21 in
549 2996 83 22 section

52 3017 43 26 616,
104 3018 99 22 between
212 3020 75 26 Major
294 3020 91 23 Baker's
395 3021 45 22 and
448 3022 44 22 Mr.
500 3023 133 22 Swainson's

52 3043 84 23 houses.

75 3070 57 22 Also
141 3071 37 21 the
186 3071 115 27 following
309 3073 96 22 sections
415 3081 29 14 on
453 3074 38 23 the
498 3076 57 22 Plan
563 3076 26 22 of
595 3076 37 22 the

53 3109 11 7 *
69 3103 57 20 own,
135 3097 37 21 viz
177 3104 5 14 :

151 3124 27 20 55
314 3126 41 20 319
503 3129 41 20 922

138 3150 42 20 240
314 3151 41 21 718
490 3154 54 21 1079

75 3175 76 28 Apply
164 3178 23 20 to

223 3203 27 22 E.
266 3203 22 22 J.
303 3204 149 27 Wakefield,
469 3213 25 14 or

54 3260 44 5 _^
222 3229 37 22 W.
274 3230 28 22 V.
317 3231 108 28 Brewer,
440 3232 190 23 Manners-street.

275 3281 42 20 On
332 3281 69 25 Sale,

54 3309 86 36 rpHE
168 3312 74 22 NEW
265 3314 152 23 ZEALAND
445 3315 184 27 PORTFOLIO,

60 3336 26 22 J-
122 3339 126 22 conducted
264 3340 31 28 by
313 3341 31 22 H.
361 3342 22 21 S.
402 3342 121 27 Chapman,
546 3342 35 26 (of
593 3342 36 23 the

54 3363 80 23 Middle
141 3365 110 28 Temple,)
262 3367 213 24 Barrister-at-Law.

77 3389 41 23 No.
132 3391 47 22 I.
179 3393 22 20 A
217 3393 77 22 Letter
308 3396 22 19 to
348 3395 38 21 the
403 3395 71 27 Right
490 3395 61 22 Hon.
570 3396 60 22 Lord

55 3417 90 27 olanley,
164 3419 117 27 Secretary
300 3421 25 21 of
341 3422 60 21 State
422 3422 34 21 for
474 3422 37 21 the
531 3422 99 22 Colonial

55 3443 146 28 pepartment,
234 3446 37 21 On
278 3446 36 23 the
321 3447 187 24 Administration
515 3450 25 21 of
544 3449 85 22 Justice

55 3473 20 15 in.
84 3469 53 23 New

78 3494 42 24 No.
133 3497 61 22 ll.
194 3499 79 21 Letter
287 3502 21 19 to
323 3500 60 22 John
398 3501 60 22 Abel
473 3502 78 26 Smith,
567 3502 61 28 Esq.,

56 3524 62 25 M.P.,
139 3525 46 21 'On
194 3525 39 21 the
240 3525 142 28 Advantages
389 3528 72 22 which
468 3529 73 22 would
549 3536 79 15 accrue

55 3551 19 16 to
84 3551 89 25 English
184 3551 124 28 Capitalists
316 3553 57 21 from
384 3553 38 22 the
432 3555 166 22 establishment
605 3556 26 21 of

57 3577 73 19 aioa
139 3578 106 27 Company'
250 3579 35 21 tat
294 3580 51 20 New
354 3581 98 27 Zealand,
464 3582 83 22 similar
558 3586 23 18 to
590 3582 38 23 the

56 3601 118 25 Australian
182 3605 68 22 Trust

79 3627 39 23 No.
227 3632 37 21 An
276 3633 96 21 Address
382 3636 23 19 to
414 3633 38 23 the
462 3634 56 23 New
527 3635 100 22 Zealand

56 3655 58 37 and
123 3655 135 30 Proprietors
268 3659 96 22 resident
376 3659 24 22 in
410 3660 37 22 the
457 3660 84 23 United
555 3662 72 26 King-

56 3683 51 24 ?m,
119 3689 27 15 on
161 3685 85 22 several
259 3688 92 19 matters
360 3686 26 21 of
392 3686 136 27 importance
537 3692 23 18 to
569 3688 59 25 their

78 3731 40 23 No.
134 3735 69 23 IV.
286 3738 36 22 the
342 3739 115 22 Financial
475 3741 122 22 condition*
603 3742 26 21 of

54 3780 36 25 FS
101 3786 19 21 A
179 3763 37 28 nd>
241 3765 32 27 by
281 3765 91 22 Charles
380 3766 70 27 Terry
449 3782 7 11 >
537 3768 17 22 F
555 3784 6 7 -
563 3768 21 22 R
586 3784 5 6 -
594 3769 13 21 s
609 3784 15 9 -

232 3824 67 16 PRICE
317 3826 118 15 SIXPENCE.

54 3873 16 3 _
78 3841 82 25 Gazette
169 3847 78 28 Office,
258 3849 85 27 March,
355 3850 61 21 1848.

54 3890 64 46 ON
133 3894 82 26 SALE,
230 3900 24 18 at
263 3898 43 22 this
317 3899 71 26 office,
398 3899 70 23 blank
479 3901 56 22 Bill
546 3902 76 22 Books

271 3925 69 28 office,
351 3925 56 22 Dec.
417 3928 21 19 4.

678 695 78 22 SALE
772 696 38 21 OF
832 696 88 21 LAND
935 696 66 22 AND
1025 696 234 23 MERCHANDIZE

955 735 28 14 BY

848 759 97 20 Public
960 760 129 20 Anction.

678 798 92 48 MR.
786 798 217 23 FITZHERBERT
1018 800 45 21 will
1076 800 41 21 sell
1137 800 31 28 by
1184 801 76 22 Public

769 825 105 27 Auction,
886 830 23 17 at
918 826 35 21 his
963 827 73 21 Stores
1044 833 29 15 on
1084 827 109 27 Saturday
1199 831 58 23 next,

887 852 36 21 the
934 852 51 23 27th
994 853 58 27 inst.,

676 883 23 21 A
724 882 223 23 PRELIMINARY
975 885 129 21 SECTION
1134 886 34 21 IN
1195 886 62 21 THE

786 910 128 22 VALLKY
929 912 39 21 OF
981 912 64 21 THE
1060 912 92 27 HUTT,

676 941 91 23 divided
776 942 46 22 into
840 943 141 26 Allotments,
993 945 98 24 together
1106 945 52 21 with
1173 952 13 14 a
1202 953 55 14 com-

675 969 60 26 plete
760 969 42 21 and
832 971 151 21 commodious
1011 971 87 26 Family
1127 972 130 27 Residence,

669 993 103 24 'situated
782 1003 28 14 on
821 1003 14 14 a
843 999 51 24 part
904 997 26 21 of
944 997 34 22 the
993 1005 59 14 same
1063 998 95 27 Section,
1169 999 44 20 late
1224 999 34 21 the

676 1023 113 21 residence
801 1023 25 21 of
833 1023 31 21 H.
876 1023 109 28 Moreiug,
997 1025 50 27 Esq.

943 1065 60 19 ALSO,

699 1088 22 21 A
749 1087 209 23 VALUABLE
985 1089 111 22 TOWN
1125 1090 110 27 ACRE,

676 1119 94 21 Bituated
791 1127 28 14 on
843 1120 112 21 Taranaki
974 1121 44 22 and
1039 1121 107 27 Ingestrie
1170 1122 87 22 Streets.

675 1146 48 21 The
734 1146 67 21 Town
812 1149 59 18 Acre
882 1147 43 21 and
936 1148 95 26 Country
1038 1148 88 21 Section
1138 1148 56 22 have
1201 1149 55 21 been

671 1172 138 27 jndiciously
819 1173 149 27 sub-divided,
977 1174 33 21 for
1021 1174 36 21 the
1068 1176 188 21 accommodation

675 1199 24 21 of
708 1199 137 26 purchasers,
857 1200 30 27 by
897 1200 92 27 Captain
999 1200 77 22 Smith.

879 1246 74 14 AFTER
972 1247 83 19 WHICH,

673 1270 24 22 A
725 1271 146 23 VARIETY
900 1272 45 22 OF
973 1273 282 29 MERCHANDIZE,

673 1302 123 28 consisting
805 1303 25 21 of
840 1303 54 22 Port
902 1304 46 22 and
956 1304 80 27 Sherry
1049 1305 67 22 wines
1127 1306 32 25 (in
1169 1307 87 26 bottle),

672 1328 109 29 herrings,
801 1337 73 20 sugar,
895 1334 42 23 tea,
961 1331 75 27 coffee,
1056 1332 52 26 rice,
1132 1333 125 27 negrohead

673 1356 99 27 tobacco,
784 1357 72 21 chairs
868 1357 100 28 (English
977 1358 82 27 made),
1070 1359 88 27 churns,
1167 1360 88 27 pickles,

673 1383 99 27 candles,
791 1388 58 23 nuts,
869 1392 59 19 rugs,
949 1392 107 21 moreens,
1078 1386 65 27 slops,
1163 1387 93 22 window

673 1409 67 27 glass.

702 1444 59 21 Half
767 1444 26 22 of
804 1445 93 22 TOWN
911 1446 88 26 ACRE,
1015 1446 92 22 marked
1124 1447 43 22 No.
1178 1449 39 21 108
1229 1456 27 14 on

674 1470 38 22 the
723 1472 239 26 Surveyor-General's
976 1473 61 27 Plan,
1049 1474 94 21 situated
1154 1474 22 21 in
1191 1475 66 21 Tara-

673 1498 54 21 naki
743 1498 45 23 and
803 1499 59 22 Abel
878 1500 70 21 Smith
959 1501 88 25 Streets,
1059 1501 142 21 sub-divided
1210 1502 46 21 into

674 1524 126 22 allotments
819 1529 22 18 to
861 1526 43 21 suit
927 1527 134 26 purchasers.
1090 1527 48 22 The
1162 1528 52 21 land
1237 1528 18 22 is

674 1552 107 26 perfectly
797 1552 65 27 level,
880 1553 44 21 and
941 1553 113 28 decidedly
1073 1554 23 21 in
1118 1562 42 14 one
1178 1555 25 21 of
1221 1555 35 21 the

674 1578 49 21 best
732 1579 114 22 situations
856 1580 25 21 in
892 1580 36 21 the
939 1580 66 22 Town
1016 1586 23 16 ot
1049 1581 144 27 Wellington.

701 1611 47 22 The
758 1612 49 22 Sale
818 1613 45 21 will
873 1620 127 15 commence
1011 1618 22 17 at
1047 1614 108 28 half-past
1169 1615 87 22 Twelve

674 1639 93 21 o'clock.

869 1674 77 15 TERMS
960 1675 28 14 AT
1003 1675 63 15 SALE.

701 1698 49 30 Bip
765 1697 66 22 Plans
847 1699 46 21 and
907 1699 86 22 further
1005 1700 145 22 information
1169 1700 45 21 will
1228 1701 27 21 be

672 1723 115 22 furnished
807 1732 28 14 on
854 1726 134 26 application
1006 1731 22 16 to
1052 1726 38 22 the
1115 1728 139 20 Auctioneer.

673 1751 55 26 Any
744 1752 81 26 parties
840 1752 98 23 desirous
953 1753 24 21 of
991 1753 91 27 visiting
1102 1754 37 21 the
1158 1752 97 29 Country

673 1777 63 22 Land
747 1778 43 21 will
798 1780 87 20 receive
896 1787 66 19 every
969 1780 142 21 information
1120 1788 29 14 on
1157 1781 36 21 the
1200 1785 54 23 spot,

672 1804 30 27 by
713 1805 103 27 applying
824 1809 23 18 at
857 1806 44 24 Mr.
914 1807 122 26 Moreing's
1045 1807 124 21 residence.

1005 1847 35 21 W.
1056 1848 171 22 FITZHERBERT.

701 1877 62 27 April
773 1879 33 26 26,
818 1880 61 20 1843.

821 1928 87 20 Town
923 1928 31 20 of
970 1929 135 20 Moreton.

671 1960 89 48 FOR
774 1961 85 26 SALE,
875 1961 37 21 the
929 1961 50 22 land
995 1962 93 21 situated
1105 1966 22 17 at
1143 1962 37 21 the
1193 1962 62 28 point

753 1987 85 21 formed
857 1987 30 26 by
906 1988 38 20 the
963 1995 128 14 connuenca
1109 1989 26 20 of
1150 1989 38 20 the
1207 1990 48 21 four

669 2013 71 21 rivers
750 2020 5 14 :
805 2013 63 26 Hutt,
894 2013 111 27 Oukoutu,
1030 2015 57 20 Awa
1112 2015 73 26 Motu,
1210 2016 44 21 and

758 2039 110 21 Waiwatu
878 2040 52 21 with
942 2040 34 22 the
988 2048 42 19 sea,
1042 2041 45 21 laid
1097 2044 39 18 out
1145 2048 24 14 as

671 2073 22 21 A
722 2072 97 26 TOWN,
922 2073 207 23 ALLOTMENTS
1165 2075 38 21 OF
1232 2075 21 21 A

726 2099 147 23 QUARTER
894 2100 39 21 OF
948 2100 44 21 AN
1006 2101 83 21 ACRE
1106 2102 92 26 EACH,

856 2134 52 21 with
918 2134 150 22 commodious

671 2167 139 27 STREETS,
847 2167 112 22 PUBLIC
993 2168 92 26 QUAY,
1120 2169 133 23 MARKET

699 2194 105 26 PLACE,
821 2194 136 26 CHURCH,
974 2194 153 28 CEMETRY,
1139 2197 85 21 &c.&c.

669 2228 54 21 This
734 2230 48 25 spot
789 2227 20 22 is
820 2227 48 22 well
879 2228 79 21 known
970 2236 23 13 as
1003 2229 37 20 the
1050 2229 52 27 only
1111 2229 63 27 place
1184 2230 22 21 in
1217 2231 35 21 .'he

670 2255 70 21 River
756 2255 60 21 Hutt
831 2254 72 22 where
914 2262 13 14 a
936 2255 69 21 vessel
1023 2255 24 22 of
1059 2263 61 14 more
1137 2256 52 22 than
1205 2258 47 21 four

669 2284 50 19 tons
736 2281 44 21 and
794 2281 102 28 upwards
912 2285 22 17 to
945 2282 72 27 eighty
1029 2289 42 14 can
1087 2283 67 21 reach
1163 2284 43 21 and
1216 2284 36 28 lay

669 2309 23 20 in
713 2308 70 27 safety
792 2308 22 21 in
834 2315 44 20 any
894 2309 102 26 weather,
1012 2309 44 21 and
1071 2310 22 21 in
1113 2310 54 27 deep
1186 2315 66 18 water

669 2335 60 21 close
739 2338 21 18 to
770 2335 37 21 the
817 2334 73 22 shore.
918 2335 23 21 It
951 2336 18 21 is
977 2336 89 27 pointed
1082 2340 38 17 out
1134 2336 30 28 by
1174 2342 77 17 nature

927 2369 25 14 as
962 2362 36 21 the

669 2396 104 22 DEPOT
793 2396 62 22 FOR
874 2397 64 21 THE
962 2397 144 22 PRODUCE
1126 2398 39 22 OF
1189 2398 11 21 '!
1209 2399 42 23 HE

836 2423 86 23 HUTT
936 2424 149 22 DISTRICT.

669 2455 47 22 The
728 2455 118 22 advertiser
856 2455 74 22 leaves
940 2456 17 21 it
966 2458 22 19 to
997 2456 37 21 the
1044 2456 58 27 good
1114 2464 62 15 sense
1187 2458 25 21 of
1219 2458 33 21 his

670 2483 72 20 fellow
752 2483 102 21 colonists
869 2486 23 17 to
906 2483 70 27 judge
993 2483 24 20 of
1029 2484 37 20 the
1075 2483 101 22 ultimate
1188 2485 62 22 value

669 2509 25 21 of
701 2516 14 14 a
725 2512 87 24 quarter
828 2509 26 21 of
866 2516 28 14 an
911 2517 56 18 acre,
983 2509 71 22 which
1070 2514 23 17 at
1108 2510 38 22 the
1163 2515 89 23 present

668 2539 100 18 moment
776 2536 19 21 is
804 2535 83 22 offered
898 2539 22 18 at
930 2536 37 21 the
976 2536 41 22 low
1026 2537 59 27 price
1097 2537 25 21 of
1132 2538 55 26 10,
1199 2538 52 21 with

669 2570 13 14 a
692 2563 58 26 right
765 2563 25 21 of
802 2563 92 27 priority
909 2563 26 21 of
948 2563 80 26 choice,
1045 2564 115 26 regulated
1171 2565 28 27 by
1214 2565 36 22 the

668 2590 91 27 priority
778 2589 25 21 of
819 2589 115 27 purchase.
963 2589 46 22 The
1028 2594 45 17 rest
1090 2590 28 21 of
1133 2591 37 22 the
1190 2592 59 26 land,

668 2616 106 27 reaching
783 2616 58 21 from
850 2617 42 20 Dr.
903 2616 92 27 Healy's
1005 2616 36 21 old
1052 2624 68 15 warre
1129 2620 24 19 to
1170 2618 48 21 that
1228 2620 25 20 of

668 2643 39 21 the
729 2643 144 26 advertiser's,
894 2643 67 26 being
978 2643 45 21 laid
1043 2646 39 19 out
1098 2644 25 21 in
1141 2644 109 23 suburban

668 2669 128 22 allotments
811 2669 24 21 of
848 2672 44 19 two
911 2677 61 14 acres
991 2670 59 21 each.
1081 2670 133 23 Purchasers
1228 2672 25 21 of

667 2700 60 17 town
737 2696 54 21 land
800 2696 57 21 have
868 2704 14 13 a
891 2696 82 21 chance
982 2697 25 20 of
1021 2697 103 27 securing
1134 2705 14 14 a
1156 2698 61 28 piece
1228 2699 24 21 of

667 2724 84 25 garden
776 2723 53 21 land
853 2723 25 21 in
902 2723 37 21 the
962 2723 128 22 immediate
1114 2724 92 28 vicinity
1229 2726 25 21 of

668 2751 113 20 Moreton.

695 2783 82 28 Apply,
792 2790 29 14 on
838 2783 110 27 Tuesday,
960 2783 148 28 Wednesday,
1126 2785 121 28 Thursday,

667 2810 89 27 Friday,
768 2810 44 21 and
824 2810 110 27 Saturday
951 2811 117 27 mornings,
1080 2816 23 17 at
1118 2811 37 22 the
1172 2813 78 21 adver-

666 2836 73 22 tiser's
762 2836 69 28 office,
857 2840 56 18 next
936 2837 52 21 door
1009 2841 23 17 to
1054 2838 38 21 the
1113 2838 135 28 Wellington

666 2864 96 26 Tavern,
774 2863 71 21 where
856 2863 38 21 the
902 2864 53 26 plan
972 2864 47 26 lays
1028 2864 35 22 for
1071 2865 124 27 inspection
1203 2874 6 19 ;
1225 2874 25 14 or

666 2894 23 17 at
699 2897 45 20 any
756 2890 61 27 time,
828 2890 59 21 from
903 2890 107 28 Saturday
1019 2891 33 21 till
1071 2892 100 28 Monday
1183 2900 67 16 even-

664 2917 47 27 ing,
723 2921 22 17 at
753 2917 35 21 his
798 2917 121 27 residence,
934 2924 29 14 on
972 2917 37 21 the
1019 2917 67 22 Hutt.

873 2949 107 21 Charles
995 2949 26 21 E.
1036 2949 53 22 Yon
1103 2951 117 23 Alzdorf.

692 2983 112 27 February
815 2984 34 25 24,
863 2984 60 20 1843.

772 3036 52 20 For
843 3034 70 25 Sale,
934 3040 35 15 ex

669 3074 17 33 1
753 3072 105 35 OOfl
889 3073 57 22 SLA
948 3074 59 26 TES,

669 3098 189 32 X*J}\J\J\J
887 3101 28 21 40
936 3100 87 24 .barrels
1045 3100 59 23 fresh
1127 3101 119 22 American

859 3125 65 29 flour,

690 3152 16 19 4
720 3150 62 22 hhds.
793 3151 115 28 Barclay's
917 3156 66 24 stout,

693 3178 27 20 10
734 3177 77 22 firkins
822 3178 60 22 Cork
891 3179 80 29 butter,

691 3204 11 20 1
718 3203 66 21 tierce
795 3203 76 28 coffee,

691 3231 11 19 1
717 3229 54 22 hhd.
780 3229 86 24 refined
875 3239 73 20 sugar,

690 3257 12 20 1
717 3255 71 22 barrel
798 3256 63 22 West
869 3258 67 22 India
946 3266 71 21 sugar,

690 3283 54 21 1000
756 3282 113 28 Rodney's
878 3290 77 22 patent
965 3286 62 22 horse
1037 3287 64 22 shoes
1111 3288 45 22 and
1165 3288 63 26 nails,

689 3310 13 20 3
717 3316 60 15 cases
791 3310 156 29 gentlemen's,
962 3312 83 27 ladies',
1062 3314 46 22 and
1122 3314 122 23 children's

661 3334 65 22 shoes
736 3335 23 22 in
769 3336 29 21 all
810 3337 109 28 varieties,

689 3363 14 20 2
718 3368 60 16 cases
788 3362 80 24 double
880 3365 96 22 Glo'ster
984 3366 87 27 cheese,

690 3389 26 20 15
730 3396 61 14 caser
801 3390 102 23 oilman's
919 3396 69 18 stores
997 3393 26 21 of
1036 3393 37 22 the
1083 3401 54 21 very
1146 3395 49 24 best
1207 3394 37 23 de-

661 3415 115 27 scription,
788 3416 44 22 and
842 3424 14 14 a
864 3422 64 23 great
935 3419 90 27 variety,

687 3443 15 19 2
715 3448 61 16 cases
786 3443 78 22 sedlitz
873 3445 100 26 powders
983 3446 23 21 in
1016 3446 76 28 bottle,

687 3469 14 20 6
715 3475 61 15 cases
789 3469 101 28 brushes,
907 3473 83 26 combs,
1000 3473 45 22 and
1061 3474 133 27 perfumery,
1207 3475 36 22 in-

661 3493 90 29 cluding
761 3496 49 22 Eau
819 3496 28 22 de
857 3497 105 29 Cologne,
973 3500 39 21 &c.
1023 3500 49 26 &c,

686 3523 15 23 3
715 3528 61 18 cases
784 3523 85 22 bottled
878 3524 66 23 fruits
953 3526 45 21 and
1005 3533 118 22 preserves,

687 3549 12 20 1
715 3547 62 23 chest
785 3551 100 29 superior
894 3552 76 27 Congo
983 3556 41 24 tea,

687 3575 12 23 1
715 3582 49 16 case
774 3577 127 28 stationery,

686 3600 167 30 Ironmongery,
865 3605 112 28 crockery,
987 3605 43 22 fine
1039 3606 67 27 glass,

686 3627 147 28 Gunpowder,
844 3633 79 24 patent
932 3631 55 28 shot,
997 3634 88 26 powder
1092 3634 76 27 flasks,

687 3654 91 23 Garden
788 3655 70 28 seeds,
871 3657 75 23 choice
955 3666 61 19 grass
1025 3660 70 27 seeds,

685 3681 58 21 Seed
751 3681 78 28 wheat,
841 3682 83 29 barley,
935 3685 43 22 and
989 3689 53 25 oats,
1175 3693 6 11 <

685 3707 61 22 Slate
756 3707 100 28 cisterns,
866 3709 80 23 hearth
955 3715 80 25 stones,
1044 3713 106 27 chimney
1158 3713 80 28 pieces,

657 3733 47 22 and
712 3735 83 27 paving
805 3735 74 28 slates,

684 3760 105 22 National
812 3761 82 24 School
913 3763 73 29 slates,
1010 3766 51 21 well
1084 3766 95 28 adapted
1202 3767 36 21 for

656 3787 83 21 Native
750 3787 69 28 trade.

683 3813 117 28 Cutlasses,
810 3815 40 22 bill
859 3815 78 29 hooks,
948 3817 43 22 flsh
999 3817 78 28 hooks,
1088 3819 45 25 and
1146 3826 91 15 numer-

657 3847 41 14 ous
707 3840 63 21 other
778 3841 94 23 articles.

709 3871 75 28 Apply
793 3875 23 19 at
825 3873 38 22 the
875 3874 75 21 Stores
960 3874 26 21 of

934 3905 35 25 W-
984 3905 26 22 B.
1025 3905 95 23 Rhodes
1134 3906 22 22 &
1169 3907 39 21 Co.

681 3928 65 28 April
755 3930 34 26 22,
801 3930 60 22 1843.
