2540 4020
1868 122 34 23 for
1913 121 38 23 the
1963 121 54 22 time
2028 119 78 30 being,
2118 124 53 24 may
2188 116 58 24 have
2263 114 36 24 the
2312 112 141 32 ascendency

1869 159 23 18 at
1903 154 155 23 Government
2070 151 89 24 House.
2185 149 159 30 'Magistrates
2356 146 26 23 of
2397 146 56 23 such

1869 195 14 15 a
1892 185 137 31 description
2041 188 89 24 cannot,
2148 182 89 28 indeed,
2256 182 28 22 be
2302 178 109 32 expected
2430 184 23 17 to

1870 224 36 19 act
1917 219 59 23 from
1989 218 58 23 their
2060 224 49 15 own
2128 215 133 30 knowledge
2271 223 7 19 ;
2296 220 25 16 or
2340 213 57 22 from
2410 218 44 23 any

1871 253 115 23 extensive
2007 250 160 31 acquaintance
2188 248 25 23 of
2233 248 37 23 the
2289 246 65 30 spirit
2371 245 26 22 of
2417 245 38 22 the

1871 286 65 23 Law.
1983 283 66 30 They
2062 283 92 28 receive,
2173 289 24 15 as
2210 281 103 28 Military
2324 286 59 20 men,
2397 277 58 23 their

1872 326 39 15 cue
1921 318 59 22 from
1991 316 39 23 the
2041 315 58 23 head
2117 315 25 23 of
2167 314 37 23 the
2223 314 155 23 Government
2386 319 6 20 ;
2412 310 45 23 and

1872 351 120 29 according
2004 357 25 15 as
2042 347 71 25 either
2124 347 72 31 lenity
2208 354 24 16 or
2244 345 97 30 severity
2359 344 98 22 chances

1874 389 22 18 to
1907 384 29 22 be
1947 383 39 23 the
1997 381 66 24 order
2074 380 25 24 of
2114 380 37 23 the
2164 380 43 30 day
2225 384 23 18 at
2266 378 60 23 head
2344 381 112 27 quarters,

1874 424 24 16 so
1910 417 29 22 do
1952 415 52 31 they
2016 415 68 30 adopt
2096 413 57 23 their
2166 411 142 32 Magisterial
2319 410 98 24 conduct
2434 413 24 19 to

1874 450 37 23 the
1923 449 39 23 the
1975 453 87 25 temper
2073 447 25 22 of
2113 446 25 23 it.
2175 446 24 23 It
2210 446 19 22 is
2239 449 21 19 to
2270 445 70 27 them,
2356 443 45 23 and
2419 446 41 19 not

1875 483 37 23 the
1924 481 124 24 territorial
2060 479 155 31 Magistrates,
2229 478 48 22 that
2295 477 39 23 the
2353 476 105 23 Govern-

1874 519 64 20 ment
1959 514 87 31 applies
2066 512 63 24 when
2147 512 18 22 it
2183 514 70 19 wants
2272 518 13 15 a
2295 513 76 27 report
2383 509 25 23 of
2423 508 39 24 the

1876 552 57 20 state
1945 548 26 23 of
1986 547 69 23 crime
2066 546 23 22 in
2102 545 38 23 the
2153 544 95 29 Colony,
2262 551 24 15 or
2298 550 28 15 on
2339 542 37 23 the
2383 541 77 24 work-

1877 583 39 29 ing
1940 580 24 23 of
1992 580 59 23 their
2070 586 49 15 own
2138 584 115 17 measures
2274 575 44 24 and

1878 615 25 23 If
1917 615 25 22 in
1960 622 13 15 a
1992 612 89 31 Colony
2093 608 177 26 circumstanced
2282 617 25 14 as
2318 608 57 23 New
2387 607 76 24 South,

1878 647 85 29 Wales,
1983 650 22 19 at
2024 645 38 23 the
2081 645 54 22 time
2151 643 51 23 that
2215 642 64 23 these
2290 641 103 24 remarks
2404 648 59 16 were

1878 681 96 27 written,
1994 679 38 23 the
2055 678 97 31 practice
2175 675 109 24 attracted
2309 674 153 28 observation,

1881 714 49 23 how
1954 712 68 24 much
2043 719 62 16 more
2127 709 95 30 forcibly
2244 707 46 24 will
2314 707 54 30 they
2397 706 69 31 apply

1881 751 22 19 to
1938 747 38 22 the
2013 746 174 22 circumstances
2216 741 25 24 of
2273 741 46 23 free
2349 740 115 28 Colonies,

1881 779 97 24 founded
1996 786 62 23 upon
2076 778 34 22 far
2130 775 104 24 different
2244 773 129 32 principles,
2387 772 43 24 and
2443 777 24 19 at

1881 813 37 23 the
1931 812 47 23 sole
1990 818 100 24 expense
2102 810 26 23 of
2142 809 38 23 the
2191 807 134 25 individuals
2334 806 131 31 composing

1882 846 36 23 the
1931 845 158 23 communities
2102 841 137 25 established
2248 841 23 23 in
2284 841 68 23 them.

1915 884 42 23 We
1968 883 118 23 reccollect
2097 881 96 30 hearing
2204 880 48 23 that
2263 883 63 26 great
2334 882 132 25 statesman,

1884 918 46 22 Mr.
1945 917 113 29 Canning,
2071 915 101 27 observe,
2185 913 64 22 when
2262 911 111 31 speaking
2386 911 25 23 of
2427 911 39 23 the

1884 954 92 27 rupture
1994 949 102 23 between
2117 947 71 30 Spain
2209 946 43 22 and
2276 944 118 31 Portugal,
2424 944 45 23 and

1885 984 62 22 when
1958 982 36 23 his
2006 980 101 33 political
2118 983 125 27 opponents
2261 978 84 23 wished
2364 982 23 19 to
2408 977 61 23 force

1885 1017 46 22 him
1943 1017 47 21 into
2003 1023 13 15 a
2028 1022 46 15 war
2086 1013 54 23 with
2151 1013 80 30 Spain,
2243 1011 44 23 and
2296 1011 98 30 through
2406 1010 63 23 them

1885 1049 53 24 with
1947 1048 31 24 all
1992 1048 101 30 Europe,
2112 1047 29 22 he
2164 1045 48 24 said
2214 1057 32 4 —
2270 1045 37 22 No
2316 1045 5 22 !
2341 1044 51 23 The
2415 1044 55 22 time

1886 1083 33 23 for
1929 1090 57 15 wars
1999 1081 24 23 of
2039 1085 108 26 conquest
2158 1087 38 15 are
2208 1086 58 23 gone
2277 1078 31 30 by
2309 1090 32 4 —
2342 1077 51 23 The
2413 1081 57 18 next

1886 1123 44 16 war
1943 1115 45 23 will
1999 1115 28 23 be
2039 1122 14 15 a
2063 1121 49 16 wzr
2123 1113 24 23 of
2162 1111 96 31 opinion,
2279 1111 44 23 and
2335 1110 12 24 I
2360 1117 58 23 envy
2429 1114 41 18 not

1888 1149 35 23 the
1936 1156 53 16 man
1999 1147 50 23 who
2062 1146 57 24 shall
2135 1144 100 32 provoke
2342 1144 69 22 Since
2434 1142 36 23 his

1887 1182 60 28 time,
1961 1181 48 23 that
2022 1187 47 16 war
2080 1179 41 24 has
2133 1179 52 23 been
2194 1178 76 29 began.
2307 1176 50 23 The
2370 1175 100 23 declara-

1888 1216 45 22 tion
1944 1215 25 23 of
1985 1214 37 23 the
2034 1214 79 30 people
2123 1212 23 22 of
2163 1210 109 31 England
2283 1210 34 22 for
2329 1209 83 23 reform
2425 1216 45 15 was

1888 1248 36 23 the
1935 1248 111 29 begining
2058 1246 24 23 of
2098 1246 47 22 that
2156 1252 46 15 war
2211 1242 26 31 (a
2248 1242 102 31 struggle
2368 1242 102 23 between

1889 1282 136 29 aristocracy
2034 1279 43 23 and
2085 1276 152 31 democracy),
2249 1275 43 24 and
2300 1276 49 22 who
2356 1275 50 23 .will
2418 1274 54 23 take

1889 1322 59 23 upon
1959 1313 95 23 himself
2070 1316 22 19 to
2105 1319 39 22 say
2157 1310 64 23 when
2233 1311 17 22 it
2269 1308 45 24 will
2330 1308 51 24 end.
2426 1307 44 24 We

1889 1347 45 23 will
1956 1351 94 19 venture
2069 1349 23 19 to
2111 1352 39 23 say
2174 1343 65 23 when
2256 1343 19 23 it
2295 1342 45 23 will
2352 1346 40 19 not
2394 1354 31 4 —
2427 1341 44 23 and

1890 1381 48 22 that
1959 1381 21 21 is
2002 1383 41 18 not
2069 1378 58 23 until
2151 1384 33 16 we
2206 1377 55 22 have
2284 1375 127 23 eradicated
2433 1374 39 23 the

1889 1417 103 19 remnant
2014 1412 25 22 of
2065 1411 37 23 the
2126 1410 87 24 Feudal
2236 1410 90 30 System
2349 1408 59 23 from
2430 1415 42 16 our

1891 1447 79 22 Statue
1983 1445 87 28 Books,
2083 1444 45 23 and
2139 1443 37 23 the
2189 1443 94 23 soldiers
2295 1442 24 23 of
2329 1440 145 25 Monarchial

1892 1480 150 27 Governments
2060 1478 90 23 become
2171 1476 37 23 the
2224 1476 93 23 citizens
2335 1475 24 22 of
2382 1474 92 31 Repre-

1893 1513 108 22 sentative
2013 1512 84 23 States.

1924 1569 44 23 We
1981 1569 55 23 have
2056 1567 103 24 received
2176 1575 14 14 a
2208 1565 188 24 communication
2411 1565 61 23 from

1917 1603 22 23 A
2074 1609 28 15 on
2115 1600 37 23 the
2173 1600 88 30 subject
2281 1599 23 23 of
2320 1599 83 30 parties
2423 1598 50 30 dig-

1894 1637 54 30 ging
1958 1636 62 30 large
2032 1635 63 23 holes
2107 1635 24 22 in
2149 1633 38 23 the
2208 1632 74 31 public
2302 1631 172 31 thoroughfares

1895 1669 43 23 and
1959 1669 91 30 leaving
2072 1668 61 22 them
2163 1675 66 22 ope.i,
2252 1670 22 18 to
2303 1665 39 23 the
2370 1664 106 23 manifest

1896 1702 84 31 danger
1991 1702 25 23 of
2032 1709 61 15 some
2112 1700 24 23 of
2151 1699 38 23 the
2208 1699 137 23 inhabitants
2364 1697 113 30 breaking

1898 1736 56 22 their
1966 1735 70 23 necks
2048 1735 30 30 by
2096 1733 80 30 falling
2194 1734 46 21 into
2261 1732 68 28 them,
2342 1731 83 30 during
2436 1738 41 15 our

1897 1769 58 23 dark
1966 1768 85 30 nights,
2064 1767 55 23 such
2132 1767 35 22 for
2182 1767 101 21 instance
2295 1773 24 15 as
2331 1763 145 30 Wednesday

1897 1803 51 23 last.
1961 1804 5 8 '
1986 1802 50 22 Our
2048 1800 108 24 attention
2168 1800 20 21 is
2207 1799 74 22 drawn
2298 1797 145 31 particularly
2455 1802 23 17 to

1899 1843 41 16 one
1958 1835 25 22 in
2004 1835 65 22 Cuba
2090 1834 82 27 Street,
2196 1836 22 19 to
2241 1831 92 23 another
2356 1831 24 23 in
2403 1829 76 23 Willis

1900 1869 76 23 Street
1987 1868 101 23 between
2098 1867 37 23 the
2143 1866 127 23 residences
2280 1864 23 23 of
2314 1864 46 23 Mr.
2374 1863 105 24 Bethune

1900 1902 43 22 and
1961 1901 43 23 Dr.
2026 1901 89 27 Butler,
2128 1899 44 23 and
2193 1904 22 17 to
2234 1898 93 23 another
2345 1897 101 30 opposite
2465 1904 14 14 a

1900 1933 136 31 carpenters'
2055 1934 69 21 house
2145 1933 24 24 in
2192 1931 110 24 Ghuznee
2324 1930 83 28 Street,
2427 1936 53 16 near

1901 1967 37 23 the
1959 1965 139 29 brick-field,
2123 1964 89 23 besides
2235 1968 42 18 two
2306 1970 24 15 or
2360 1963 63 23 three
2452 1969 27 15 oa

1902 1998 123 23 Thorndon
2037 1998 61 22 Flat.
2135 1996 42 21 We
2189 1995 66 22 think
2268 1994 37 22 the
2318 1994 163 21 circumstance

1903 2031 103 23 deserves
2018 2030 102 30 enquiry,
2130 2028 43 23 and
2184 2027 42 23 call
2238 2027 37 23 the
2288 2026 109 23 attention
2410 2024 24 23 of
2443 2024 38 23 the

1903 2064 75 32 public
1990 2063 133 23 authorities
2136 2066 21 18 to
2170 2061 26 22 it.
2232 2059 84 24 Whilst
2331 2066 28 16 on
2371 2058 46 22 this
2429 2057 53 23 sub-

1902 2098 54 31 ject,
1969 2104 32 15 we
2021 2104 51 22 may
2093 2095 77 23 advert
2190 2097 23 19 to
2232 2092 37 23 the
2289 2092 45 23 fact
2353 2091 24 23 of
2393 2089 90 24 bullock

1905 2131 85 22 drivers
2020 2128 137 30 continually
2187 2127 86 29 cutting
2300 2133 31 23 up
2361 2123 122 32 pathways,

1906 2164 64 23 made
1983 2167 23 19 at
2025 2163 38 23 the
2079 2168 99 24 expense
2197 2160 25 23 of
2237 2160 85 30 private
2342 2156 142 28 individuals,

1906 2196 87 25 instead
2006 2196 25 23 of
2047 2196 97 30 keeping
2156 2193 38 24 the
2215 2197 75 19 centre
2303 2191 25 23 of
2343 2191 38 23 the
2394 2193 89 21 streets.

1907 2230 42 23 We
1962 2229 66 23 think
2048 2228 128 29 something
2187 2226 82 24 should
2286 2226 28 23 be
2326 2224 57 24 done
2399 2228 23 19 to
2432 2230 51 24 pre-

1909 2268 52 19 vent
1973 2263 45 23 this
2031 2263 56 22 also.

1943 2313 162 24 Mechanic's
2135 2313 146 23 Institute.
2284 2323 33 4 —
2317 2310 43 22 We
2388 2316 100 24 perceive

1909 2348 31 30 by
1951 2348 38 22 the
2009 2346 101 23 Colonist
2131 2346 25 23 of
2171 2344 124 32 yesterday,
2309 2343 48 23 that
2375 2343 38 22 the
2431 2342 58 23 soire

1910 2380 106 24 intended
2033 2380 36 24 for
2088 2379 102 30 Monday
2208 2383 61 22 next,
2288 2377 57 30 May
2370 2377 21 27 1,
2411 2379 22 19 at
2452 2374 37 23 the

1912 2414 141 23 Mechanic's
2074 2412 116 28 Institute,
2212 2412 20 22 is
2253 2409 125 33 postponed
2399 2408 34 23 till
2453 2407 44 23 the.

1912 2446 103 31 Monday
2032 2446 122 31 following,
2176 2445 57 30 May
2250 2447 23 26 8,
2286 2444 35 23 for
2341 2443 37 23 the
2396 2448 94 25 purpose

1912 2480 24 23 of
1952 2480 108 31 bringing
2070 2480 19 22 it
2100 2479 76 24 before
2196 2478 38 23 the
2244 2477 77 32 public
2333 2475 52 24 with
2397 2473 94 25 unusual

1912 2513 67 23 eclat.

1945 2565 93 23 Birth.
2041 2576 34 5 —
2076 2564 38 23 On
2133 2562 151 31 Wednesday,
2296 2561 39 23 the
2355 2560 58 24 26th
2430 2560 60 26 inst.,

1914 2599 37 23 the
1961 2598 52 30 lady
2025 2598 26 23 of
2060 2597 91 24 Samuel
2165 2595 94 24 Charles
2271 2595 80 29 Brees,
2363 2593 67 31 Esq.,
2443 2591 24 24 of
2480 2598 12 15 a

1915 2632 120 31 daughter.
2202 2659 13 4 _

1973 2686 196 25 ENGLISH
2199 2683 245 25 EXTRACTS.

1945 2746 115 21 Fashions
2075 2751 42 14 for
2132 2743 135 22 November.
2269 2753 27 4 —
2296 2742 48 22 The
2356 2739 110 23 materials
2475 2741 20 18 to

1917 2774 28 21 be
1955 2779 60 15 worn
2025 2771 81 27 during
2114 2770 38 21 the
2161 2771 80 20 winter
2256 2776 79 15 season
2345 2775 37 15 are
2393 2767 26 21 of
2425 2774 12 14 a
2446 2771 49 20 very

1918 2800 48 21 rich
1986 2798 139 28 description.
2152 2797 96 22 Taffetas
2264 2797 22 21 d'
2305 2795 72 26 Italic,
2394 2793 100 25 foulards,

1919 2826 103 26 watered,
2034 2824 105 26 checked,
2150 2824 46 21 and
2211 2823 82 28 striped
2307 2822 60 26 silks,
2384 2820 76 28 pekins
2475 2825 21 15 in

1919 2860 67 20 every
1996 2852 91 26 variety,
2098 2851 52 22 with
2161 2851 80 26 velvet,
2252 2849 142 25 cachemiers,
2404 2852 93 16 mousse-

1919 2880 57 21 lines
1995 2879 28 21 de
2043 2878 67 26 lame,
2128 2877 45 21 and
2190 2877 124 21 caenmiere
2332 2873 110 27 damasks,
2457 2872 41 22 and

1919 2905 111 22 brocaded
2039 2905 61 26 silks,
2107 2911 37 14 are
2151 2903 64 21 those
2225 2902 130 28 principally
2364 2901 24 21 in
2399 2899 98 23 demand.

1919 2932 48 22 The
1978 2934 58 19 most
2044 2929 90 29 general
2147 2932 98 19 costume
2262 2933 24 17 at
2294 2929 44 21 this
2348 2931 98 19 moment
2457 2926 17 21 is
2488 2932 10 14 a

1919 2959 117 26 redingote
2046 2957 24 21 of
2074 2955 83 28 striped
2164 2956 73 26 pekin,
2246 2955 52 22 with
2306 2954 80 22 camail
2394 2953 26 22 of
2423 2953 74 25 velvet,

1921 2986 45 21 and
1975 2985 58 21 satin
2044 2986 75 25 capote
2126 2990 6 19 ;
2145 2982 124 27 redingotes
2277 2981 25 21 of
2310 2980 58 22 cloth
2375 2987 38 14 are
2421 2979 77 28 spoken

1922 3012 29 21 of.
1982 3012 20 21 It
2015 3011 19 21 it
2048 3009 107 28 expected
2173 3009 48 21 that
2237 3009 82 21 sleeves
2336 3007 51 21 ala
2402 3006 96 22 Richlieu

1922 3039 44 21 will
1980 3039 28 20 be
2018 3044 73 15 worn:
2108 3044 13 14 a
2135 3039 73 24 pretty
2218 3035 116 21 alteration
2350 3040 28 15 on
2394 3033 38 21 the
2447 3032 50 26 tight

1922 3066 73 21 sleeve
2009 3065 20 21 is
2044 3063 66 23 made
2125 3063 29 26 by
2164 3062 75 27 giving
2248 3069 14 14 a
2277 3061 56 22 little
2343 3060 84 22 fulness
2436 3063 22 18 at
2467 3058 31 21 the

1921 3092 41 22 fall
1978 3092 24 21 of
2019 3091 37 21 the
2074 3089 111 23 shoulder.
2214 3089 48 22 The
2277 3087 89 27 already
2375 3087 54 26 long
2441 3085 57 22 skirts

1924 3120 102 21 threaten
2037 3122 23 17 to
2070 3117 27 22 be
2105 3123 57 15 even
2171 3115 77 27 longer
2255 3115 44 21 and
2309 3114 66 22 fuller
2382 3121 6 14 :
2404 3113 50 26 they
2462 3111 37 21 will

1923 3146 29 22 be
1959 3144 146 23 ornamented
2111 3143 52 22 with
2171 3143 61 21 three
2237 3149 56 15 rows
2299 3141 25 22 of
2332 3139 58 23 folds
2401 3139 97 23 flounces,

1924 3173 66 21 inlets
2007 3172 43 21 and
2069 3171 48 21 lace
2135 3169 130 27 alternately
2279 3168 55 22 with
2349 3167 69 26 tucks,
2437 3165 60 27 gimp,

1924 3200 54 22 &c:
1995 3199 37 22 the
2042 3198 74 28 points
2126 3204 37 14 are
2173 3195 124 28 frequently
2304 3193 78 26 round,
2394 3192 43 22 and
2446 3196 52 17 some

1925 3233 102 20 corsages
2045 3225 66 22 made
2134 3223 54 27 high
2209 3230 37 14 are
2268 3222 53 22 with
2343 3220 58 22 folds
2424 3222 22 18 at
2467 3219 31 19 the

1926 3253 104 22 shoulder
2048 3251 61 27 only.
2138 3250 62 30 Grey
2215 3249 19 21 is
2253 3256 14 14 a
2284 3248 92 22 favorite
2396 3246 71 22 colour
2479 3249 19 15 in

1912 3272 2 24 I
1926 3280 61 22 silks.
2025 3276 205 25 Notwithstanding
2246 3275 89 21 various
2357 3273 105 22 novelties
2479 3275 19 15 m

1927 3310 127 21 manteaux,
2072 3304 37 22 the
2124 3303 75 21 velvet
2213 3301 78 22 camail
2305 3300 45 22 will
2363 3300 29 22 be
2411 3300 52 20 most
2479 3301 19 16 in

1927 3335 77 20 favour
2013 3340 5 19 ;
2034 3331 61 22 those
2112 3329 26 22 of
2149 3329 41 21 red
2208 3336 25 14 or
2246 3327 68 22 violet
2327 3327 75 21 velvet
2418 3324 42 22 will
2476 3324 22 19 be

1928 3359 104 22 trimmed
2046 3357 70 23 round
2136 3355 53 22 with
2203 3355 91 26 ermine,
2305 3354 45 22 and
2363 3353 57 21 have
2429 3354 70 24 square

1928 3386 84 23 ermine
2023 3384 78 22 collars
2112 3382 108 27 fastening
2230 3381 53 22 with
2293 3388 13 14 a
2316 3380 52 22 cord
2374 3388 6 19 ;
2396 3380 65 20 above
2467 3378 31 19 the

1929 3413 86 22 ermine
2023 3411 20 22 is
2058 3418 14 14 a
2086 3409 48 23 rich
2148 3409 61 28 gimp
2225 3407 113 28 trimming
2345 3415 7 20 ;
2367 3404 86 24 camaiU
2467 3408 33 15 en-

1928 3440 64 26 tirely
2013 3439 25 21 of
2053 3437 83 22 ermine
2156 3443 26 15 or
2197 3435 80 22 martin
2295 3434 36 22 fur
2350 3433 44 23 will
2411 3432 42 21 also
2476 3432 22 17 be

1929 3464 147 25 fashionable.
2105 3464 66 21 Some
2190 3462 96 27 Crispins
2300 3468 37 15 are
2356 3459 52 23 with
2426 3458 74 21 sleeves

1929 3492 116 23 siamoises
2060 3498 25 14 or
2095 3489 87 23 oreilles
2198 3488 135 28 d'elephant,
2345 3486 44 22 and
2398 3492 28 15 an
2438 3484 62 21 inside

1930 3526 83 15 runner
2021 3519 19 21 is
2055 3516 109 29 proposed
2174 3519 22 19 to
2206 3516 74 22 attach
2293 3515 19 21 it
2326 3520 61 16 more
2396 3511 76 23 closely
2480 3511 18 16 to

1929 3547 38 21 the
1977 3546 64 21 form.
2069 3543 55 23 This
2136 3543 19 22 is
2170 3543 34 21 for
2217 3542 36 22 the
2269 3541 85 27 Crispin
2370 3540 62 20 Grec.
2462 3538 37 18 U»

1931 3572 85 27 Crispin
2036 3571 77 21 cloche
2131 3570 18 22 is
2170 3569 52 22 with
2240 3568 65 22 collet
2322 3566 96 28 pelonne
2436 3566 27 18 all
2481 3566 19 14 01

1931 3600 79 25 velvet,
2022 3597 52 23 with
2089 3596 118 23 armholes.
2236 3596 21 21 A
2267 3601 48 15 new
2331 3593 55 27 style
2396 3592 25 21 of
2427 3592 71 25 paletoi

1931 3634 25 14 or
1966 3625 63 22 cloak
2037 3625 20 21 is
2066 3623 94 27 entirely
2171 3630 28 14 en
2209 3621 61 23 baias
2277 3629 6 20 ;
2298 3620 54 27 they
2361 3626 36 15 are
2413 3619 59 20 made
2481 3619 17 13 or

1932 3653 80 26 velvet,
2023 3651 91 22 worked
2130 3649 54 23 with
2199 3649 63 21 braid
2277 3651 22 18 at
2309 3647 36 21 the
2361 3651 80 16 seams:
2455 3646 43 18 tney

1933 3687 36 15 are
1980 3682 40 18 not
2030 3686 54 19 very
2095 3678 59 26 long,
2166 3675 45 23 and
2222 3682 35 14 are
2268 3674 72 27 styled
2348 3672 152 28 pelesseMoni-

1932 3707 93 27 pensier.
2056 3704 68 22 Braid
2146 3703 20 21 is
2188 3701 67 23 much
2277 3700 55 22 used
2352 3702 23 19 to
2399 3696 101 23 ornament

1934 3733 86 22 dresses
2029 3739 26 15 as
2063 3731 51 22 well
2123 3738 24 14 as
2156 3731 128 20 manteaux.

1962 3767 58 25 Caps
2037 3772 39 15 are
2095 3771 60 15 worn
2171 3762 70 26 small,
2258 3761 52 22 with
2325 3759 83 24 rushes,
2420 3755 79 26 lapp««»

1935 3793 44 23 and
1989 3792 55 22 ends
2055 3792 25 21 of
2091 3790 102 26 ribband,
2209 3788 100 22 bunches
2323 3787 26 21 of
2359 3785 82 22 flowers
2448 3781 52 20 wita-

1936 3823 39 19 out
1991 3819 88 22 leaves:
2096 3816 89 27 .muslin
2204 3821 51 21 caps
2275 3821 37 14 are
2331 3811 87 29 general
2427 3814 18 23 y_
2457 3811 12 15 a
2483 3811 7 12 i

1936 3853 100 21 pasanna
2051 3844 52 23 with
2117 3849 86 16 narrow
2220 3841 115 27 papillons,
2353 3840 110 25 chapaieis,

1938 3875 101 26 queretes
2058 3872 26 21 of
2100 3868 85 24 shaded
2201 3867 94 22 ribband
2306 3874 6 14 :
2336 3865 37 23 the
2391 3863 50 27 petit
2457 3859 44 42 pog

1938 3895 101 28 Searnais
2049 3898 20 22 is
2077 3905 14 14 a
2100 3896 56 23 kind
2165 3894 27 23 of
2197 3893 71 23 round
2281 3892 49 23 caul
2344 3891 26 21 of
2381 3889 51 42 lap,
2441 3883 60 47 w»J

1940 3930 74 19 centre
2024 3926 25 21 of
2056 3923 73 24 which
2137 3922 19 21 is
2166 3928 14 15 a
2188 3920 68 23 nceud
2265 3927 24 14 or
2296 3920 84 26 boquet
2388 3915 25 21 of
2423 3915 77 19 flowers,

1258 140 22 14 as
1293 128 72 35 tofthe
1378 133 78 19 extent
1467 128 25 23 of
1507 127 60 24 force
1579 126 49 23 that
1647 125 30 23 he
1689 131 46 16 was
1747 128 21 19 to
1780 123 59 30 keep

1258 164 69 23 under
1347 163 55 28 him,
1426 162 49 23 that
1498 158 202 29 notwithstanding
1721 156 38 24 the
1787 155 54 23 then

1258 201 56 19 state
1326 196 25 23 of
1361 196 37 22 the
1410 194 58 31 gaol,
1482 194 31 23 he
1522 193 40 23 felt
1573 190 94 25 himself
1683 189 123 31 compelled
1819 192 22 19 at

1258 238 53 15 once
1322 234 23 17 to
1357 228 141 23 discontinue
1510 226 37 23 the
1558 224 88 24 further
1659 222 157 31 employment'
1820 221 24 22 of

1258 263 38 23 the
1315 267 65 18 extra
1395 260 73 31 police
1479 260 69 27 force,
1568 257 74 23 which
1653 263 45 16 was
1712 253 130 25 considered

1259 295 124 30 absolutely
1394 300 118 23 necessary
1526 292 29 30 by
1567 291 38 23 the
1617 289 130 30 gentleman
1757 287 29 23 he
1798 286 44 23 had

1260 326 144 33 superceded,
1416 332 23 18 to
1452 332 80 17 ensure
1544 324 37 23 the
1595 323 98 29 security
1705 321 24 23 of
1747 320 37 23 the
1795 320 47 30 pri-

1260 368 85 21 soners,
1357 359 38 29 all,
1409 367 25 15 or
1442 358 79 30 nearly
1528 356 38 29 all,
1580 356 25 23 of
1613 355 74 23 whom
1696 354 53 27 had,
1762 353 82 30 during

1261 394 37 23 the
1307 394 55 22 time
1374 392 54 31 they
1441 396 57 20 were
1516 389 105 30 awaiting
1633 387 58 24 their
1704 386 58 29 trial,
1779 385 65 23 made

1261 426 57 24 their
1330 433 80 23 escape
1422 425 58 23 from
1497 422 59 32 gaol,
1574 422 42 23 but
1626 427 59 17 were
1703 417 139 33 recaptured.

1261 459 51 24 One
1322 459 84 23 week's
1425 457 87 24 further
1531 455 149 23 continuance
1697 452 74 24 would
1788 452 57 22 have

1261 492 57 24 been
1329 492 39 23 the
1380 495 78 19 extent
1468 490 26 23 of
1503 489 38 23 the
1552 488 114 29 necessity
1677 486 35 23 for
1726 485 36 24 the
1774 485 71 22 above

1263 530 63 18 extra
1337 525 60 23 force
1405 533 6 20 ;
1439 525 87 27 but,no,
1545 522 18 22 it
1575 519 67 25 could
1660 523 40 19 not
1715 518 37 23 be.
1788 517 58 23 Now

1261 557 66 24 mark
1339 557 38 23 the
1388 557 79 23 result.
1503 555 37 24 No
1561 561 82 16 sooner
1654 559 58 16 were
1729 551 64 23 these
1811 551 35 22 in-

1263 590 111 24 dividuals
1385 590 66 29 tried,
1472 587 70 25 found
1556 587 81 31 guilty,
1656 585 45 23 and
1719 583 127 29 sentenced,

1265 624 52 22 than
1330 624 36 22 six
1385 623 25 23 of
1427 622 68 28 them,
1514 621 29 31 by
1555 620 38 23 the
1610 619 54 31 help
1677 618 24 23 of
1717 617 58 24 their
1794 624 54 15 con-

1263 656 111 23 federates
1390 657 24 22 in
1427 655 37 24 the
1481 654 59 32 gaol,
1559 653 43 23 and
1618 652 59 24 their
1686 650 85 24 friends
1783 649 66 23 with-

1265 695 45 23 out,
1333 689 105 23 attacked
1460 688 38 23 the
1516 686 97 24 Gaolers
1631 686 25 22 in
1677 683 110 30 mid-day,
1807 681 44 24 and

1265 722 87 31 though
1362 721 91 31 heavily
1465 719 86 29 ironed,
1567 718 96 24 reached
1675 718 37 22 the
1723 715 72 25 beach
1808 714 42 24 and

1267 755 94 31 escaped
1373 756 23 22 in
1409 763 28 14 an
1449 761 58 24 open
1518 753 53 23 boat
1581 753 24 22 in
1627 751 38 24 the
1678 750 60 31 sight
1750 749 25 23 of
1790 749 60 22 hun-

1267 788 65 24 dreds
1342 788 25 23 of
1376 793 132 26 spectators.
1545 786 51 22 The
1605 784 87 24 Sheriff
1696 784 44 22 lost
1749 790 27 15 no
1787 782 63 28 time,

1266 822 19 23 it
1302 822 19 22 is
1334 826 58 24 true,
1409 822 24 21 in
1445 820 79 32 giving
1541 818 62 24 them
1621 817 75 28 chase,
1717 824 25 16 as
1758 815 37 23 did
1815 813 37 24 the

1268 854 77 24 Police
1357 853 144 31 Magistrate,
1514 856 23 19 at
1546 852 38 22 the
1592 852 100 22 eminent
1703 849 49 24 risk
1761 848 24 23 of
1795 847 58 24 their

1268 895 49 15 own
1328 887 56 23 lives
1396 886 45 23 and
1454 886 47 23 that
1513 885 24 23 of
1552 882 64 25 their'
1624 884 66 22 boats
1703 889 64 20 crew,
1785 881 68 29 being

1268 925 39 19 out
1318 920 30 23 all
1361 920 66 30 night
1445 920 24 22 in
1481 926 13 16 a
1507 925 38 16 sea
1555 916 75 24 which
1646 920 63 19 must
1726 916 27 22 be
1765 921 54 16 seen
1832 918 21 17 to

1268 954 28 23 be
1307 953 106 31 properly
1425 950 125 25 described.
1587 950 51 23 The
1649 949 145 23 unfortunate
1806 946 49 23 cul-

1270 987 64 31 prits,
1347 986 137 22 themselves
1494 983 78 30 nearly
1582 982 113 28 drowned,
1708 989 57 14 were
1774 980 81 23 subse-

1270 1019 92 31 quently
1374 1017 98 31 brought
1483 1016 58 24 back
1548 1017 32 30 by
1586 1017 44 23 five
1644 1016 85 22 natives
1741 1013 50 23 half
1799 1012 58 23 dead

1270 1053 30 30 by
1312 1052 143 23 exhaustion.
1490 1050 70 23 What
1578 1057 45 15 was
1646 1048 38 23 the
1703 1053 153 24 consequence

1272 1087 24 22 of
1307 1086 44 22 this
1362 1084 120 24 miserable
1494 1083 129 31 parsimony
1636 1081 45 23 and
1691 1085 60 18 want
1762 1080 25 22 of
1802 1087 54 14 con-

1272 1118 85 24 fidence
1369 1126 28 15 on
1408 1118 38 22 the
1455 1121 50 28 part
1514 1116 22 23 of
1544 1116 38 23 the
1592 1115 162 26 Government,
1767 1113 23 22 in
1800 1113 58 22 their

1272 1151 188 31 representatives
1467 1151 10 22 ?
1507 1149 60 30 Why
1575 1149 38 23 the
1621 1153 61 18 town
1689 1154 45 16 was
1742 1146 40 23 left
1791 1145 66 23 with-

1274 1190 38 18 out
1324 1193 43 22 any
1379 1184 133 31 protection,
1532 1182 38 23 the
1582 1181 128 29 remaining
1721 1180 99 23 convicts
1835 1186 23 15 as

1274 1219 116 29 desperate
1411 1225 24 15 as
1456 1224 44 23 any
1513 1215 25 23 of
1554 1215 57 23 their
1630 1213 38 31 (as
1687 1214 52 29 they
1752 1210 107 32 thought)

1274 1259 61 15 more
1345 1251 112 22 fortunate
1468 1249 131 27 associates,
1608 1248 42 23 left
1661 1245 141 32 unguarded,
1816 1244 44 23 and

1275 1284 37 23 the
1325 1283 138 31 respectable
1474 1283 89 30 portion
1576 1282 26 22 of
1618 1281 38 23 the
1669 1280 138 23 inhabitants
1819 1278 41 23 ob-

1274 1316 62 32 liged
1348 1322 21 18 to
1382 1316 89 30 neglect
1482 1316 57 23 their
1550 1315 115 27 business,
1678 1313 44 23 and
1731 1313 63 22 leave
1802 1311 59 23 their

1276 1354 105 27 property
1393 1349 99 31 exposed
1510 1353 22 19 to
1544 1348 154 31 depredation,
1717 1345 75 23 whilst
1808 1344 52 30 they

1277 1383 86 24 formed
1380 1382 138 24 themselves
1535 1382 46 22 into
1595 1389 13 14 a
1619 1379 79 32 guard,
1720 1378 44 23 and
1780 1382 23 18 at
1823 1377 38 22 the

1277 1424 61 16 same
1357 1417 55 22 time
1425 1415 71 23 called
1515 1422 60 23 upon
1590 1419 22 17 to
1630 1421 45 23 pay
1688 1413 37 22 the
1743 1415 65 19 extra
1821 1417 40 15 ex-

1278 1457 82 23 pences
1373 1449 24 23 of
1413 1456 61 16 some
1486 1447 95 31 pounds,
1594 1452 23 17 to
1628 1445 93 31 remedy
1733 1444 36 24 the
1783 1450 78 16 conse-

1279 1490 84 23 quence
1375 1482 25 24 of
1415 1481 38 23 the
1464 1480 84 24 refusal
1561 1480 24 23 of
1600 1480 39 22 the
1651 1478 82 24 official
1743 1483 118 25 represen-

1280 1516 67 23 tative
1361 1515 26 23 of
1402 1515 39 22 the
1462 1515 163 26 Government,
1645 1517 23 18 to
1686 1513 65 21 incur
1766 1510 39 23 the
1823 1516 38 16 ex-

1280 1556 68 24 pence
1361 1548 26 23 of
1401 1556 14 14 a
1426 1548 41 22 few
1480 1546 113 31 shillings.
1630 1546 52 22 One
1693 1543 102 24 hundred
1808 1542 53 23 shil-

1280 1582 60 31 lings
1352 1581 75 24 would
1446 1581 57 22 have
1521 1579 94 24 covered
1627 1579 38 23 the
1683 1576 123 25 additional
1823 1582 38 16 ex-

1280 1622 77 24 pence,
1377 1614 100 23 whereas
1490 1616 41 20 6ne
1548 1612 105 24 hundred
1664 1610 88 32 pounds
1763 1609 45 24 will
1825 1613 36 18 nol

1282 1656 68 23 repay
1364 1647 37 23 the
1416 1654 111 24 expences
1545 1645 111 28 incurred,
1678 1649 21 18 to
1716 1652 39 22 say
1770 1642 97 30 nothing

1283 1682 24 22 of
1324 1682 38 22 the
1382 1680 50 23 risk
1444 1680 24 23 of
1485 1680 46 27 life,
1552 1679 44 23 and
1616 1678 37 23 the
1673 1676 150 31 interruption
1843 1680 23 18 to

1282 1713 75 33 public
1368 1714 114 23 business.
1519 1712 50 23 The
1580 1711 69 24 Chief
1658 1711 87 23 Justice
1756 1710 42 22 has
1809 1709 58 23 been

1284 1747 92 30 delayed
1392 1746 54 24 here
1458 1754 49 16 now
1519 1753 42 16 one
1573 1744 76 28 week,'
1663 1744 38 23 the
1714 1744 56 29 Brig
1782 1742 44 23 and
1839 1742 28 23 all

1284 1781 37 23 the
1334 1780 200 23 communications
1546 1778 55 23 with
1619 1778 38 22 the
1669 1782 48 18 seat
1729 1777 25 23 of
1764 1775 103 24 Govern-

1285 1818 61 19 ment
1364 1813 134 31 suspended,
1519 1812 43 23 and
1574 1812 31 22 all
1624 1811 97 23 because
1740 1809 128 31 gentlemen

1285 1847 93 30 holding
1406 1847 123 29 important
1555 1845 77 31 public
1653 1844 102 27 stations,
1780 1842 28 23 do
1832 1846 36 18 not

1287 1880 42 22 feel
1342 1879 135 23 themselves
1489 1883 23 19 at
1528 1878 82 30 liberty
1623 1882 22 18 to
1657 1877 100 24 exercise
1767 1883 43 23 any
1823 1875 45 23 dis-

1287 1913 84 23 cretion
1390 1918 22 17 to
1425 1916 93 26 prevent
1536 1911 37 23 the
1594 1917 133 17 occurrence
1739 1909 25 22 of
1779 1908 89 28 resultSj

1288 1946 71 23 which
1370 1945 63 23 leave
1445 1945 69 27 them,
1534 1944 64 23 when
1617 1951 25 15 as
1655 1944 24 21 in
1699 1942 44 23 this
1756 1949 51 15 case
1819 1941 52 29 they

1289 1979 26 23 do
1328 1986 74 21 occur,
1413 1986 29 14 no
1452 1977 130 24 alternative
1589 1977 43 22 but
1639 1976 24 22 of
1670 1974 131 31 remedying
1811 1974 61 29 them

1289 2016 21 18 at
1322 2019 44 22 any
1378 2017 99 23 expence
1489 2010 103 21 however
1603 2012 72 26 great.

1323 2044 29 22 In
1364 2043 61 22 what
1438 2050 29 14 we
1481 2042 57 22 have
1549 2042 57 27 said,
1620 2048 31 15 we
1664 2040 44 30 beg
1720 2038 116 30 distinctly
1848 2042 23 19 to

1291 2076 125 31 exculpate,
1430 2075 37 23 the
1479 2075 129 29 gentleman
1627 2073 50 23 who
1698 2080 49 16 now
1759 2071 65 23 holds
1837 2071 38 23 the

1291 2110 107 23 situation
1420 2108 25 23 of
1467 2108 78 23 Police
1568 2107 144 30 Magistrate.
1737 2104 82 24 .From
1839 2104 36 23 the

1293 2148 62 18 tenor
1369 2143 25 22 of
1408 2142 36 22 his
1457 2141 83 23 former
1559 2141 142 30 occupation,
1715 2146 23 15 as
1751 2146 28 15 an
1792 2138 83 27 officer,

1293 2177 27 23 he
1331 2176 57 22 feels
1409 2183 29 14 no
1457 2174 77 28 doubt,
1554 2181 62 15 more
1637 2172 104 29 forcibly,
1755 2172 53 22 than
1825 2178 52 15 men

1293 2207 175 26 unaccustomed
1481 2212 22 18 to
1520 2207 38 23 the
1576 2210 144 28 peremptory
1732 2204 146 24 instructions

1295 2243 24 23 of
1334 2243 39 23 the
1387 2241 74 24 Order
1481 2240 74 29 Book,
1569 2240 37 23 the
1626 2240 114 29 necessity
1753 2237 23 24 of
1790 2237 88 24 follow-

1298 2278 36 28 ing
1347 2280 38 19 out
1397 2275 38 22 the
1447 2274 77 23 orders
1537 2274 25 23 of
1576 2273 35 23 his
1625 2273 114 30 superiors
1748 2280 6 20 ;
1774 2271 44 23 and
1829 2271 19 22 it
1860 2271 20 22 is

1298 2310 31 22 for
1341 2309 50 22 that
1402 2315 90 21 reason,
1505 2306 49 24 that
1569 2315 33 14 we
1614 2306 58 23 have
1684 2305 82 30 always
1778 2303 103 32 objected

1298 2348 21 17 to
1331 2342 38 23 the
1381 2340 152 24 introduction
1554 2340 24 23 of
1594 2339 49 23 that
1665 2338 98 30 military
1775 2337 106 23 exaction

1298 2376 23 23 of
1338 2374 121 24 obedience
1471 2378 22 19 to
1514 2373 38 24 the
1573 2373 65 22 strict
1653 2372 68 23 letter
1734 2371 25 23 of
1775 2370 58 23 their
1844 2370 37 22 in-

1298 2409 130 26 structions,
1447 2407 58 23 from
1526 2406 39 23 the
1585 2405 70 23 heads
1677 2405 25 23 of
1717 2412 68 23 many
1805 2403 25 23 of
1844 2403 38 23 the

1299 2442 116 23 executive
1439 2440 44 23 and
1506 2438 134 25 ministerial
1659 2438 110 23 branches
1794 2437 24 22 of
1842 2444 41 15 our

1300 2475 51 23 civil
1359 2473 152 32 jurisdiction,
1523 2480 63 16 more
1604 2471 146 32 particularly
1762 2478 58 14 were
1838 2477 45 22 any

1300 2508 128 23 immediate
1440 2506 79 31 appeal
1531 2511 22 18 to
1565 2505 58 23 head
1643 2510 104 25 quarters
1766 2503 19 23 is
1798 2504 85 29 impos-

1301 2541 64 23 sible.
1401 2541 34 23 At
1447 2540 37 23 the
1498 2547 61 15 same
1580 2539 62 28 time,
1655 2545 33 15 we
1709 2537 66 23 know
1795 2536 50 23 how
1861 2536 24 23 in

1301 2575 30 23 all
1352 2581 63 16 cases
1437 2573 38 23 the
1494 2572 145 23 unfortunate
1668 2570 157 23 subordinates
1848 2577 37 15 are

1301 2607 64 24 made
1383 2607 38 23 the
1442 2611 145 26 scape-goats
1606 2604 45 24 and
1670 2603 115 24 sacrificed
1804 2607 22 19 to
1845 2610 40 23 ap-

1301 2649 67 24 pease
1391 2640 77 30 public
1496 2638 150 32 indignation,
1670 2645 60 23 upon
1759 2636 56 23 such
1843 2635 45 24 and

1302 2674 85 24 similar
1398 2673 124 23 occasions.
1559 2671 25 24 If
1601 2671 52 31 they
1667 2671 26 22 do
1707 2675 38 19 not
1757 2669 53 23 take
1822 2677 63 15 some

1302 2706 168 32 responsibility
1500 2713 62 24 upon
1591 2704 145 28 themselves,
1766 2703 54 30 they
1850 2710 38 15 are

1304 2739 88 25 blamed
1404 2739 43 24 and
1456 2738 164 32 reprimanded,
1631 2736 142 33 (sometimes
1781 2735 107 24 removed

1305 2779 21 18 to
1337 2772 129 31 something
1474 2772 74 23 better
1560 2772 18 23 it
1589 2772 20 22 is
1622 2769 71 32 true,)
1707 2778 24 15 or
1752 2769 17 23 if
1786 2769 55 31 they
1853 2769 36 28 do,

1305 2807 52 30 they
1370 2814 37 15 are
1420 2805 47 23 told
1479 2805 54 30 they
1543 2805 59 23 have
1614 2803 114 24 exceeded
1738 2803 37 22 the
1787 2802 68 23 letter
1869 2802 20 23 oi

1305 2840 57 23 their
1374 2839 155 28 instructions,
1540 2838 48 23 and
1608 2842 64 19 must
1689 2836 53 23 take
1757 2835 38 24 the
1808 2843 81 15 conse-

1305 2880 106 24 quences,
1432 2872 49 23 that
1500 2873 28 27 is,
1548 2879 46 24 pay
1611 2870 39 24 the
1674 2876 111 25 expences
1808 2872 38 19 out
1870 2868 19 23 ol

1305 2907 58 23 their
1374 2913 50 16 own
1436 2905 100 23 salaries.
1573 2904 35 23 To
1621 2907 82 27 expect
1714 2903 48 22 that
1773 2909 45 22 any
1830 2901 59 23 indi-

1305 2939 83 29 vidual,
1400 2939 85 30 having
1498 2946 27 15 no
1538 2938 94 22 interest
1649 2938 25 21 in
1696 2936 37 23 the
1753 2934 139 29 community

1307 2973 46 23 into
1366 2972 73 23 which
1449 2972 29 23 he
1491 2979 51 22 may
1562 2970 101 30 casually
1684 2968 43 24 and
1747 2966 145 31 temporarily

1307 3006 27 24 be
1345 3005 133 24 introduced
1487 3004 80 23 should
1574 3004 67 22 incur
1648 3002 57 23 such
1713 3000 179 32 responsibility,

1307 3039 73 23 would
1401 3039 29 22 be
1454 3037 54 24 both
1538 3034 165 25 unreasonable
1732 3033 43 23 and
1805 3033 87 30 unjust.

1308 3072 94 28 Indeed,
1416 3071 38 23 the
1474 3069 110 32 principle
1604 3076 63 23 upon
1686 3066 73 24 which
1780 3066 31 23 all
1828 3066 65 23 these

1310 3106 156 23 Government
1477 3103 169 31 appointments
1659 3108 83 23 appear
1760 3103 23 19 to
1794 3099 29 23 be
1834 3098 61 24 filled

1309 3147 39 22 a\;
1367 3139 27 27 is,
1415 3137 52 23 that
1477 3136 38 23 the
1536 3134 139 25 individuals
1696 3133 126 31 occupying
1834 3132 61 23 them

1310 3171 59 25 shall
1390 3171 57 22 have
1467 3178 29 15 no
1514 3169 59 23 local
1592 3169 96 22 interest
1707 3174 24 16 or
1752 3166 143 23 connection.

1310 3205 62 30 Why
1383 3213 13 14 a
1408 3203 55 23 total
1475 3205 169 28 estrangement
1658 3200 60 23 from
1732 3199 30 23 all
1773 3199 40 24 the
1824 3199 71 22 inter-

1312 3246 77 16 course
1402 3237 25 23 of
1442 3236 71 23 social
1531 3235 138 31 enjoyment,
1682 3239 106 24 amongst
1808 3232 38 23 the
1859 3232 36 27 in-

1311 3272 116 23 habitants
1439 3270 24 23 of
1479 3277 44 22 any
1534 3268 72 31 place,
1619 3266 83 24 should
1719 3266 28 23 be
1766 3265 96 24 exacted
1874 3272 25 15 or

1312 3303 97 31 thought
1421 3301 162 33 indispensible
1602 3305 23 18 to
1646 3301 78 22 insure
1743 3298 38 23 the
1802 3298 43 23 due
1858 3297 40 23 ad-

1312 3337 152 25 ministration
1476 3335 25 24 of
1515 3334 39 24 the
1576 3333 106 24 different
1693 3331 112 24 branches
1818 3331 24 23 of
1859 3338 41 16 our

1314 3370 52 25 civil
1374 3369 183 32 jurisprudence,
1569 3366 75 24 would
1654 3365 83 32 puzzle
1749 3373 44 22 any
1804 3364 61 30 body
1877 3368 23 18 to

1314 3404 100 31 explain,
1427 3402 49 23 who
1492 3409 46 16 was
1558 3404 42 19 not
1616 3403 79 27 pretty
1713 3398 51 23 well
1780 3397 80 24 versed
1877 3397 23 23 in

1314 3437 38 24 the
1368 3435 123 32 principles
1512 3441 62 24 upon
1592 3432 76 24 which
1688 3430 140 24 monarchial
1851 3430 49 23 Go-

1315 3473 130 21 vernmsnts
1456 3475 38 16 are
1505 3467 71 23 based
1587 3465 45 24 and
1643 3464 147 24 maintained.

1349 3502 55 24 And
1423 3501 53 23 here
1494 3508 34 16 we
1548 3503 83 19 cannot
1651 3498 52 31 help
1723 3498 95 30 quoting
1840 3503 62 17 some

1316 3544 54 23 very
1381 3534 103 32 apposite
1493 3532 111 28 remarks,
1615 3532 32 30 by
1659 3539 15 15 a
1690 3531 75 22 writer
1780 3537 62 24 upon
1865 3529 38 23 the

1317 3575 86 25 system
1423 3567 25 24 of
1468 3567 39 23 the
1526 3564 146 32 Magisterial
1690 3564 168 31 appointments
1879 3562 24 23 in

1317 3604 58 23 New
1387 3600 75 25 South
1476 3599 87 28 Wales,
1581 3605 63 24 upon
1662 3596 38 24 the
1712 3597 99 31 practice
1823 3595 81 24 almost

1317 3634 139 31 universally
1475 3632 140 28 introduced,
1641 3630 25 24 of
1696 3630 150 30 constituting
1866 3627 38 24 the

1318 3668 53 33 paid
1381 3668 74 32 police
1467 3665 142 31 Magistracy
1618 3663 25 24 of
1650 3663 38 24 the
1698 3663 94 24 Mother
1802 3665 102 26 country,

1319 3711 26 15 as
1358 3701 51 24 well
1420 3708 26 16 as
1458 3707 40 16 our
1511 3698 106 24 Colonies
1628 3697 83 23 almost
1729 3694 140 31 exclusively
1884 3693 25 24 of

1320 3735 112 29 Millitary
1452 3732 45 24 and
1510 3732 70 30 Navy
1598 3738 62 16 men.
1740 3728 66 31 They
1827 3735 38 16 are
1877 3726 30 24 all

1318 3766 124 35 appointed
1452 3766 28 31 by
1496 3765 38 23 the
1554 3764 128 28 Governor,
1700 3762 45 23 and
1763 3761 38 24 the
1821 3760 86 27 emolu-

1322 3806 73 21 ments
1407 3800 26 24 of
1447 3799 60 24 their
1517 3802 63 28 posts
1599 3804 40 16 are
1659 3795 28 23 of
1701 3799 66 27 great
1785 3794 124 31 pecuniary

1320 3837 140 30 importance
1472 3837 23 19 to
1511 3832 70 28 them,
1602 3830 25 23 of
1642 3828 73 24 which
1733 3828 38 23 the
1790 3827 119 24 Governor

1322 3877 51 21 can,
1395 3872 25 19 at
1435 3867 36 22 his
1489 3865 113 32 pleasure,
1621 3862 93 31 deprive
1732 3861 69 28 them,
1815 3860 94 23 without

1322 3901 119 32 assigning
1452 3907 45 23 any
1515 3905 82 17 reason
1606 3905 5 21 ;
1632 3894 46 25 and
1695 3894 55 31 they
1768 3894 93 23 become
1873 3892 36 23 the

1322 3936 54 30 paid
1387 3934 47 23 and
1445 3931 70 32 ready
1534 3931 59 23 tools
1611 3929 26 24 of
1652 3936 43 23 any
1717 3931 95 27 system,
1829 3925 80 29 which,

708 670 171 25 SHIPPING
898 666 272 26 INTELLIGENCE.

871 723 142 23 ARRIVED.
1265 723 14 23 t]

683 761 58 26 April
751 761 34 25 28,
796 759 103 21 schooner
915 758 62 22 Kate,
989 756 34 24 62,
1033 754 136 24 Macfarlane,
1183 753 55 20 from
1267 763 11 16 c

656 789 96 20 Hawke's
762 788 52 26 Bay.
1037 811 3 1 .
1267 789 12 23 d

892 827 116 23 SAILED.
1266 822 13 23 il

684 865 57 26 April
752 865 33 23 24,
797 864 103 19 schooner
915 861 52 20 New
976 859 123 26 Zealander,
1110 858 36 24 27,
1160 857 79 24 Guard,
1268 855 11 23 I

656 893 33 20 for
698 892 81 25 Cloudy
789 890 51 26 Bay.
1268 895 11 15 o

684 920 59 26 April
759 918 34 24 26,
810 918 103 19 schooner
929 916 67 19 Three
1013 913 109 20 Brother*.
1144 913 26 19 50
1183 914 56 23 tons,
1268 929 11 15 Q

657 947 82 24 Thorns,
751 946 34 20 for
795 944 82 26 Cloudy
887 944 52 24 Bay.
1053 952 3 4 •
1268 954 11 8 v

685 973 58 27 April
760 974 34 22 27,
804 973 137 25 government
957 969 47 25 brig
1016 967 101 24 Victoria,
1134 966 40 20 200
1185 968 55 23 tons,

661 1000 107 24 Richards,
779 1000 34 20 for
823 999 91 23 Nelson,
924 997 50 20 with
984 996 69 25 Judge
1063 994 87 20 Martin.
1270 995 9 23 F

687 1029 58 19 Same
756 1028 46 25 day,
813 1027 79 25 barque
910 1024 112 26 Clydeside,
1033 1022 41 21 236
1087 1024 56 22 tons,
1157 1020 84 24 Adams,
1270 1028 9 15 c

659 1057 33 20 for
701 1055 96 21 London.
1270 1053 9 23 t

655 1083 4 3 '
687 1083 58 20 Same
755 1083 47 24 day,
814 1081 103 20 schooner
933 1080 73 23 Ocean,
1018 1078 26 20 30
1056 1079 55 23 tons,
1129 1076 113 25 Ferguson,
1272 1094 7 15 £

659 1112 34 19 for
700 1109 111 24 Taranaki,
822 1109 50 19 with
882 1107 92 25 whaling
983 1108 68 18 stores
1060 1104 41 20 and
1110 1105 68 25 party.
1274 1120 5 7 ,

883 1156 34 21 IN
932 1155 85 20 PORT.
1272 1160 7 15 I

687 1193 82 26 Barque
776 1191 121 24 Indemnity
903 1189 55 23 ,450
975 1191 51 17 tons
1033 1201 5 10 ,
1046 1186 88 24 Adams,
1147 1184 95 26 refitting
1274 1193 5 15 (

661 1222 89 25 Agents,
760 1219 70 20 Waitt
840 1217 43 20 and
893 1217 78 25 Tyser.
1274 1227 5 14 <

689 1248 107 21 Schooner
817 1247 58 23 Ann,
900 1245 28 19 22
947 1247 59 20 tons,
1017 1242 3 3 '
1033 1243 85 23 Brown,
1142 1240 45 21 laid
1209 1246 37 20 up.
1274 1260 5 14 ]

663 1277 73 25 Agent,
748 1274 70 20 Waitt
828 1274 41 19 and
880 1273 77 26 Tyser.

691 1304 104 20 Schooner
818 1301 63 26 Erin,
907 1301 26 19 25
958 1303 55 22 tons,
1040 1297 75 26 Relph.
1158 1295 88 25 Master,

691 1358 106 21 Schooner
814 1356 72 20 Maori
901 1355 73 24 Davis,
995 1354 25 20 15
1038 1355 56 22 tons,
1115 1350 82 27 Wylde.
1226 1349 21 21 J.
1276 1359 3 11 i

664 1387 69 23 Wade,
745 1386 78 24 Agent.
1277 1391 2 16 :

692 1414 80 24 Barque
783 1411 82 23 Phoebe,
875 1410 42 20 560
928 1412 56 21 tons,
994 1408 60 20 Dale.

692 1441 106 20 Schooner
814 1439 53 25 Imp,
880 1438 26 19 20
923 1440 55 22 tons,
988 1436 80 20 Tulett.
1096 1434 97 20 Johnson
1209 1432 41 20 and
1277 1434 2 5 '

667 1469 78 24 Moore,
758 1468 88 24 Agents.

692 1495 49 26 Brig
757 1495 81 22 Lu:iar,
853 1493 39 19 165
904 1494 56 21 tons,
975 1490 35 20 W.
1021 1489 60 21 Ellis.
1110 1488 85 20 Rhodes
1209 1487 42 20 and

667 1523 44 21 Co..
721 1523 89 25 Agents.

693 1549 121 26 Brigantine
837 1547 51 20 Will
915 1546 82 23 Watch,
1016 1545 26 20 63
1067 1547 55 23 tons,
1148 1542 101 25 Harding.

668 1577 94 27 Captain,
772 1576 78 26 Agent.

695 1605 105 20 Schooner
816 1602 110 21 Susannah
941 1602 57 24 Aim,
1012 1600 28 21 79
1051 1602 56 21 tons,
1122 1598 126 25 Dougherty

668 1633 21 21 J.
699 1632 72 23 Wade,
783 1631 76 25 Agent.

696 1661 62 24 Sloop
768 1659 67 25 Royal
848 1657 99 23 William,
957 1657 28 19 43
995 1657 58 22 tons,
1063 1654 83 20 Lovett.
1173 1653 78 25 Agent,

668 1688 22 21 J.
699 1687 72 20 Wade.

696 1715 73 20 Cutter
786 1713 116 23 Elizabeth,
919 1711 26 20 20
956 1713 55 23 tons,
1029 1709 96 20 Morton.
1154 1708 99 26 Captain,

670 1744 73 25 Agent.

698 1770 106 19 Schooner
820 1769 62 26 Kate,
900 1768 26 19 62
943 1768 56 21 tons,
1014 1763 135 22 Macfarlane.
1178 1763 76 25 Agent,

670 1797 123 19 Machattie.

683 2668 94 66 New
808 2668 218 66 Zealand
1057 2668 218 66 Gazette

726 2738 69 23 AND
810 2736 216 23 WELLINGTON
1046 2734 187 23 SPECTATOR.

814 2793 131 23 Saturday,
961 2791 76 21 April
1052 2790 33 26 29,
1101 2789 61 22 1843.

723 2845 96 30 Having
828 2848 40 27 got
879 2843 99 30 through
990 2842 38 23 the
1040 2840 53 24 task
1112 2840 25 23 of
1153 2840 123 30 reviewing

692 2879 35 24 the
746 2878 150 32 proceedings
916 2877 25 22 of
957 2875 38 24 the
1013 2875 45 23 late
1078 2873 157 23 Government
1254 2877 23 18 at

693 2911 130 29 Auckland,
835 2918 25 16 as
873 2909 118 24 exhibited
1002 2909 24 22 in
1038 2907 97 31 the'prin
1139 2906 35 23 ted
1181 2910 95 28 reports,

694 2954 29 15 we
734 2953 52 16 now
796 2945 53 23 take
869 2952 31 22 up
920 2943 37 23 the
973 2941 106 24 financial
1096 2939 141 31 department
1256 2939 24 23 of

694 2979 35 24 the
741 2979 101 30 existing
854 2977 157 23 Government
1021 2984 7 20 ;
1049 2974 43 24 and
1105 2977 58 19 trust
1175 2980 33 15 we
1221 2972 57 23 shall

695 3012 66 24 make
773 3016 39 19 out
824 3010 56 24 such
892 3018 14 15 a
917 3017 51 16 case
980 3009 26 23 of
1146 3005 44 24 and
1201 3005 79 32 unjust

695 3045 144 24 distribution
849 3044 24 22 of
889 3043 40 23 the
940 3049 98 17 revenue
1051 3041 25 23 of
1090 3040 39 23 the
1148 3039 95 31 Colony,
1255 3046 25 15 as

697 3079 44 24 will
752 3082 95 28 prevent
859 3084 40 15 our
910 3076 70 30 being
992 3073 99 33 exposed
1103 3078 21 18 to
1137 3080 14 16 a
1161 3072 120 31 repetition

697 3112 23 23 of
734 3112 40 22 the
786 3109 138 32 disgraceful
935 3115 168 24 consequences
1121 3106 86 30 arising
1225 3105 56 24 from

698 3145 36 23 the
746 3144 60 31 rigid
816 3144 132 30 parsimony
960 3141 117 23 exercised
1084 3141 32 30 by
1127 3139 38 23 the
1178 3139 104 23 Govern-

699 3182 61 20 ment
779 3176 96 24 towards
895 3176 46 22 this
957 3174 144 28 settlement;
1120 3172 44 24 and
1187 3171 38 24 the
1247 3172 35 23 in-

699 3211 90 24 flexible
800 3209 141 31 injunctions
953 3207 81 29 which,
1052 3207 18 23 it
1081 3214 102 24 appears,
1197 3206 21 22 is
1235 3204 46 24 laid

698 3252 62 23 upon
772 3243 37 23 the
821 3240 136 26 ministerial
967 3240 111 24 branches
1090 3240 25 23 of
1129 3240 26 28 it,
1167 3240 25 22 in
1203 3237 81 33 regard

699 3282 21 19 to
733 3277 39 23 the
785 3276 100 23 exercise
891 3275 36 23 -of
942 3282 44 23 any
999 3273 161 30 discretionary
1175 3279 76 24 power
1261 3271 23 22 in

700 3309 173 32 strengthening
885 3308 40 23 the
936 3315 48 16 arm
997 3306 24 23 of
1037 3306 86 23 Justice
1136 3313 62 24 upon
1210 3309 75 19 extra-

701 3344 105 29 ordinary
818 3342 126 23 occasions.

734 3377 25 23 It
771 3385 24 15 so
807 3374 127 32 happened,
947 3373 49 24 that
1007 3373 25 23 in
1043 3372 37 23 the
1100 3372 96 23 interval
1213 3369 74 25 which

701 3409 92 32 elapsed
801 3409 102 23 between
925 3407 37 23 the
980 3406 140 31 resignation
1137 3405 24 23 of
1183 3412 42 16 our
1242 3404 45 23 late

702 3443 100 24 resident
822 3441 79 24 Police
920 3440 146 30 Magistrate,
1087 3439 44 22 and
1150 3438 38 23 the
1207 3436 79 25 arrival

703 3477 24 23 of
741 3477 38 23 his
790 3482 126 21 successor,
929 3481 40 15 our
980 3472 62 32 gaol,
1056 3471 30 25 if.
1096 3471 57 23 such
1170 3472 18 22 it
1206 3468 83 26 should

702 3510 27 23 be
752 3508 81 29 called,
855 3508 93 23 became
970 3504 123 31 unusually
1113 3503 111 30 crowded,
1235 3498 54 29 with

703 3550 63 16 some
778 3549 25 16 as
815 3541 118 30 desparate
945 3540 128 22 characters
1085 3545 25 15 as
1122 3536 66 24 could
1201 3536 52 24 well
1262 3536 27 23 be

704 3574 101 25 selected
826 3574 60 23 from
908 3580 84 23 among
1013 3571 39 24 the
1075 3574 100 20 outcasts
1200 3570 27 24 of
1252 3569 38 23 the

704 3607 168 32 neighbouring
893 3606 69 31 penal
986 3604 151 28 settlements,
1166 3603 45 24 and
1233 3603 58 24 from

705 3640 74 25 which
790 3644 61 19 most
866 3640 27 23 of
907 3638 62 23 them
984 3645 60 16 were
1062 3644 125 23 runaways.
1241 3635 50 25 The

679 3677 3 5 '
706 3680 155 24 consequence
884 3679 54 21 was,
962 3671 38 23 the
1019 3670 101 24 absolute
1140 3670 112 30 necessity
1269 3667 25 24 of

679 3706 3 32 [
706 3707 131 30 increasing
849 3705 38 24 the
898 3705 73 31 police
983 3704 70 28 force,
1065 3703 28 31 by
1107 3703 39 23 the
1164 3707 128 27 temporary

679 3731 5 36 \
708 3740 153 32 employment
876 3738 27 23 of
918 3745 62 16 some
999 3736 52 24 half
1065 3736 71 23 dozen
1154 3740 65 19 extra
1239 3742 54 16 con-

679 3784 5 8 >
708 3773 94 28 stables,
814 3771 69 24 untill
894 3771 39 23 the
943 3769 54 35 gaol
1009 3769 108 30 delivery,
1135 3768 73 24 which
1220 3767 73 25 would

679 3818 5 21 ;
708 3806 89 31 shortly
808 3804 54 24 take
873 3804 73 31 place.

745 3839 38 25 On
804 3839 40 23 the
862 3836 83 25 arrival
963 3836 26 24 of
1007 3835 37 25 his
1067 3835 83 24 Honor
1167 3834 39 24 the
1229 3833 67 25 Chief

710 3873 96 28 Justice,
818 3872 29 23 he
858 3879 47 15 was
916 3869 159 32 accompanied
1085 3869 31 30 by
1127 3868 38 24 the
1177 3868 119 23 Assistant

711 3907 83 24 Police-
809 3905 136 31 Magistrate
964 3902 122 32 appointed
1097 3906 23 19 to
1133 3901 52 24 this-
1198 3901 96 27 district,

712 3939 54 25 who
776 3940 20 22 it
807 3945 95 25 appeals
913 3936 51 25 had-
969 3935 104 25 received
1084 3934 56 25 such
1148 3934 148 25 instructions

541 58 98 46 «Ci)s
663 55 116 42 Wrtß
806 51 210 43 ggatonft
1041 43 190 50 WWttt
1256 44 91 40 attft
1371 37 304 47 imtllinQton

643 141 173 52 WANTED
828 144 21 17 to
859 142 52 19 rent
921 145 23 15 or
953 137 116 27 purchase,
1079 135 24 21 in
1113 135 37 21 the
1159 133 69 22 Town
1239 132 1 22 I

736 168 27 21 of
771 167 144 26 Wellington,
929 172 12 14 a
957 161 195 28 Dwelling-house
1165 160 35 22 for
1215 166 14 14 a

644 196 60 22 small
713 194 87 26 family.
830 194 87 21 Letters
933 189 118 24 addressed
1063 188 64 25 A.8.,
1143 194 48 14 care
1206 187 26 19 of

645 224 28 21 D.
684 223 19 21 S.
713 221 78 25 Durie,
812 219 187 26 Lambton-quay,
1016 215 44 22 will
1079 215 26 21 be
1124 214 105 20 immedi-

645 249 56 27 ately
711 247 86 27 replied
807 249 31 18 to.

672 279 61 29 April
743 279 35 25 27,
790 279 61 21 1843.

744 328 108 24 SEEAR,
867 326 140 21 Carpenter
1021 322 44 22 and
1079 322 111 25 Builder,
1195 327 37 15 re-

659 356 16 23 V
681 347 18 31 V
715 366 11 11 •
759 353 117 27 spectfully
885 358 128 16 announces
1020 353 23 17 to
1049 349 38 21 the
1096 347 136 22 inhabitants

648 384 25 21 of
689 383 50 22 Port
758 380 129 26 Nicholson,
905 378 49 23 that
964 377 33 22 .he
1006 376 41 22 has
1057 374 124 27 completed
1197 373 35 22 his

648 417 48 15 new
712 408 134 26 workshops,
858 405 45 22 and
914 406 17 26 is,
950 410 49 15 now
1018 402 68 27 ready
1103 405 22 17 to
1142 408 50 19 give
1207 407 25 14 m

648 436 96 23 Tenders
754 435 34 21 for
799 433 38 22 the
847 432 98 23 erection
955 430 25 22 of
987 429 124 26 Buildings.

676 467 189 24 Manners-street,
875 464 33 21 Te
918 463 53 26 Aro,
983 462 59 21 Nov.
1051 462 22 20 9.

717 512 3 11 '
755 526 5 5 -
870 516 54 21 Fox
938 514 69 21 Sale.

652 551 91 50 THE
765 549 105 24 CARGO
887 549 40 21 OF
941 546 104 24 MAIZE
1059 552 40 20 per
1111 545 67 20 Ariel.

1023 573 76 22 Levin
1114 572 44 21 and
1169 572 38 20 Co.

680 610 101 26 January
790 608 35 26 27,
837 608 61 21 1843.

766 1847 115 21 AGENTS
897 1845 58 20 FOR
975 1844 69 20 THIS
1060 1842 99 21 PAPER.

692 1883 35 17 Mr.
738 1879 128 19 BUBCHAM
960 1876 78 18 Petoni.

692 1904 28 17 Mr
739 1902 23 18 C.
773 1900 113 20 ELLIOTT,
897 1899 104 17 Examiner
1007 1897 67 20 Office,
1080 1897 73 16 Nelson
1162 1896 75 17 Haven.

692 1924 29 18 Mr
739 1925 12 16 J
766 1923 23 18 B.
798 1922 91 17 BAINE3
965 1920 46 17 New
1018 1918 111 21 Plymouth,
1135 1916 104 18 Taranaki.

692 1946 36 17 Mr.
740 1945 27 17 H.
777 1942 123 20 CHURTON
967 1940 116 22 Wan^anui.

694 1968 34 16 Mr.
783 1963 100 18 WILSON
966 1962 41 21 Bay
1014 1962 22 16 of
1045 1960 86 20 Islands.

788 2019 99 21 Notice
903 2020 29 18 to
949 2016 183 21 Subscribers.

675 2055 78 25 Papers
767 2052 47 20 will
825 2052 36 19 not
873 2050 24 20 be
910 2051 47 18 sent
975 2050 21 19 to
1009 2053 91 20 persons
1112 2047 66 24 living
1195 2047 35 18 out
1240 2044 24 25 oj

701 2082 53 21 Port
764 2080 122 23 Nicholson,
905 2078 69 20 unless
990 2076 158 24 arrangements
1157 2079 37 15 are
1204 2073 59 19 made

698 2109 35 23 for
743 2108 36 20 the
785 2108 102 24 payment
897 2106 29 24 of
931 2106 36 19 the
976 2110 63 19 same,
1053 2103 92 24 through
1155 2108 28 13 an
1192 2101 69 24 Agent

702 2137 22 19 at
737 2136 136 23 Wellington.

891 2191 153 21 FREIGHTS.

682 2229 94 21 London
1173 2223 14 35 j>
1213 2219 31 23 <T
1253 2222 14 20 0

680 2255 53 22 New
750 2256 78 20 South
843 2253 86 21 Wales
943 2250 86 23 asd'V.
1042 2250 29 21 D.
1082 2250 26 21 L.
1136 2249 49 21 ..2
1213 2249 14 19 0
1253 2252 14 19 0

680 2282 94 21 Nelson
1173 2277 14 19 2
1214 2276 14 20 0
1254 2276 13 19 0

680 2309 122 21 Taranaki
813 2315 45 14 and
866 2308 74 20 Coast
1173 2304 13 19 2
1214 2304 14 18 0
1255 2304 13 18 0

682 2337 127 20 Auckland

719 2395 95 20 Latest
828 2394 83 20 Dates
928 2391 29 21 of
973 2391 101 26 Papers
1089 2389 132 21 received.

684 2428 94 22 London
1093 2423 130 22 November
1244 2423 26 21 16

685 2455 83 22 Nelson
1094 2450 65 27 April
1246 2450 24 20 15

685 2481 119 23 Auckland
1097 2477 81 22 March
1245 2478 26 19 18

685 2510 44 26 Bay
741 2509 24 21 of
776 2508 87 22 Islands
1096 2504 97 21 October
1258 2505 14 19 6

686 2537 88 26 Sydney
1098 2531 80 22 March
1246 2532 24 19 21

688 2564 48 21 Van
748 2562 117 22 Dieman's
875 2561 64 22 Land
1097 2558 80 22 March
1247 2558 25 20 18

687 2591 50 21 Port
746 2589 83 27 Phillip
1095 2586 101 26 January
1247 2584 24 21 15

687 2617 109 22 Adelaide
1094 2612 80 23 March
1255 2612 13 20 3

217 152 100 23 THIS
345 149 91 24 DAY.

39 191 89 50 MR.
149 187 84 23 JOHN
256 184 96 22 WADE
372 184 19 21 is
404 180 121 24 instructed
539 182 22 19 to
576 178 44 23 sell

127 217 30 24 by
176 213 106 25 Auction,
304 216 23 16 at
343 210 35 22 his
401 210 79 22 Stores,
499 207 44 21 this
564 207 52 25 day,

37 243 115 26 Saturday,
164 239 64 29 April
237 241 33 23 29,
281 239 60 25 1843,
355 239 23 19 at
387 238 11 19 1
408 234 85 22 o'clock
501 232 115 28 precisely,

36 271 38 22 the
85 269 70 22 entire
165 274 66 19 cargo
239 266 25 21 of
271 265 39 22 the
319 265 79 23 Lunar,
409 263 120 23 consisting
539 262 21 18 ol
568 266 37 14 :—

64 302 56 22 New
130 299 100 24 Zealand
239 298 53 25 flax,

64 328 144 24 Whalebone,

66 355 81 26 Sherry
157 354 22 21 in
193 351 75 27 bottle,
405 362 2 10 i

65 382 54 21 Port
127 381 24 21 in
160 379 77 26 bottle,

66 408 53 22 Port
127 408 24 21 in
162 406 68 25 wood,

67 434 90 26 Brandy
165 433 21 21 in
197 431 72 26 hhds.,

67 462 59 21 Rum
135 461 24 20 in
169 459 72 26 hhds.,

66 490 14 20 2
94 494 61 15 cases
165 485 66 27 pipes,

68 513 69 23 Black
148 516 41 21 tea,
201 511 70 26 hyson
282 509 49 21 skin
341 511 42 23 tea,

66 542 14 20 3
94 540 108 25 four-post
211 535 124 26 bedsteads,

68 568 76 25 10,000
158 565 45 22 feet
213 563 82 22 cowdie
306 561 85 26 timber,

67 595 55 20 3000
136 592 44 21 feet
189 589 117 27 scantling,

69 619 95 23 Manilla
174 618 77 26 cigars,

70 646 102 27 Superior
183 643 101 23 Colonial
292 641 53 23 beef
351 641 23 22 in
385 643 83 23 tierces,

71 673 79 26 Hams,
158 669 143 28 Westphalia,

71 700 77 21 Butter
158 699 22 20 in
189 697 86 25 firkins,

37 732 2 3 •
71 728 14 19 4
99 730 51 17 tons
158 725 106 21 first-rate
273 722 65 25 flour,

72 753 45 27 Dip
127 751 96 26 candles,

72 779 107 22 Blankets
191 779 58 24 11-4,

73 807 25 21 15
112 806 56 26 bags
178 803 75 26 coffee,

73 831 110 25 Oatmeal,

73 861 54 20 1000
140 858 69 22 ladies
219 857 73 24 slates,

73 885 110 27 Together
193 883 52 22 with
255 890 14 14 a
279 881 84 28 variety
374 880 25 22 of
405 879 63 23 other
487 879 94 24 articles,
592 879 37 18 too

47 919 120 16 numerous
177 914 22 18 to
208 909 159 29 particularise.

310 947 61 19 ALSO,

77 980 8 20 1
103 977 97 28 superior
219 975 89 22 bullock
327 973 61 27 dray,
404 971 53 23 with
472 970 66 26 bows,
552 968 77 29 yokes,

49 1005 84 26 chains,
144 1004 47 27 &c,
202 1001 116 29 complete.

252 1041 73 16 AFTER
343 1039 84 18 WHICH,

77 1073 12 20 2
103 1070 134 22 Allotments
259 1067 21 27 (J
301 1066 58 26 acre)
381 1065 24 22 of
421 1063 60 27 land,
501 1062 79 23 situate
600 1067 30 15 on

49 1097 120 23 Thomdon
176 1096 56 25 Flat,
240 1095 69 26 being
319 1096 48 24 part
374 1092 24 22 of
405 1092 36 21 the
453 1097 51 15 acre
514 1094 22 16 at
545 1090 88 26 present

49 1125 22 21 in
84 1124 37 21 the
131 1122 131 27 occupation
272 1122 26 20 of
311 1120 77 22 James
401 1118 104 24 Kelham,
517 1118 59 25 Esq.,
588 1118 44 19 and

52 1151 80 22 known
143 1157 24 15 as
177 1147 146 24 M'Donald's
334 1153 56 15 acre.

312 1186 61 19 ALSO,

77 1215 59 22 That
145 1213 101 23 valuable
260 1212 71 22 beach
346 1210 99 23 freehold
463 1211 109 25 property,
584 1214 50 15 now

50 1243 23 22 in
85 1243 37 21 the
133 1240 130 28 occupation
275 1240 25 21 of
308 1238 43 22 Mr.
362 1238 69 22 Jabez
443 1236 73 26 Allen,
528 1235 84 27 having
623 1241 12 14 a

51 1270 100 25 frontage
163 1273 20 17 to
195 1267 109 22 Lambton
321 1266 64 25 Quay
397 1264 22 21 of
431 1265 27 20 43
476 1263 50 25 feet,
538 1261 42 22 and
597 1268 38 15 ex-

51 1295 95 27 tending
155 1294 57 22 back
223 1297 22 18 to
252 1293 136 25 Wellington
394 1291 100 25 Terrace,
503 1288 43 22 and
552 1288 84 26 having

54 1330 13 14 a
81 1321 83 23 second
176 1321 103 26 frontage
294 1323 23 18 to
331 1320 36 21 the
383 1318 93 21 Terrace
491 1316 26 21 of
528 1315 73 22 about
610 1316 25 20 38

52 1349 54 22 feet.

81 1382 55 23 This
145 1384 104 25 property
259 1381 19 21 is
287 1379 95 23 situated
397 1378 23 22 in
433 1377 37 22 the
479 1377 50 21 best
537 1375 99 23 business

53 1414 51 23 part
120 1409 24 21 of
157 1408 37 22 the
208 1412 65 21 town,
289 1407 45 22 and
346 1407 42 21 has
403 1404 84 22 several
507 1402 131 22 substantial

54 1436 93 22 wooden
162 1434 113 27 buildings
293 1441 59 20 upon
369 1433 24 26 it,
408 1438 80 19 among
502 1429 71 22 which
588 1436 20 14 is
622 1435 13 14 a

54 1463 45 22 fine
110 1466 114 25 two-story
233 1461 78 22 house.
340 1459 60 23 That
408 1458 86 27 portion
505 1457 24 21 of
536 1457 36 20 the
582 1457 54 19 land

55 1490 99 26 fronting
169 1488 135 26 Wellington
321 1487 100 24 Terrace,
437 1485 19 21 is
470 1491 49 14 now
533 1483 105 26 occupied

56 1524 24 14 as
90 1524 13 14 a
122 1515 89 27 garden,
223 1515 45 20 and
285 1514 19 21 is
315 1520 40 15 one
365 1513 25 21 of
406 1509 37 24 the
459 1511 48 21 best
525 1509 114 22 situations

56 1544 33 22 for
104 1550 14 14 a
134 1546 87 22 cottage
230 1541 113 21 residence
353 1546 29 14 on
397 1538 36 22 the
449 1537 70 22 whole
533 1536 103 25 Terrace,

52 1568 161 27 •commanding
230 1575 13 14 a
252 1568 56 21 view
318 1567 25 21 of
353 1565 54 23 both
418 1564 54 22 ends
482 1564 26 22 of
519 1564 36 20 the
570 1563 69 21 Town

59 1596 44 23 and
114 1596 37 21 the
158 1595 71 22 whole
238 1595 105 20 harbour.

87 1630 105 22 Terms—
193 1629 44 21 For
246 1628 37 21 the
300 1626 76 22 Goods
385 1625 44 22 and
440 1624 37 21 the
496 1624 52 21 Two
568 1621 73 22 Allot-

60 1661 81 22 ments,
153 1659 22 18 at
190 1655 50 22 Sale
249 1662 5 19 ;
270 1655 36 21 for
320 1653 37 22 the
368 1652 108 23 Premises
486 1657 29 15 on
530 1649 110 22 Lambton

59 1685 72 26 Quay,
143 1683 26 21 25
184 1689 41 20 per
238 1684 58 18 cent,
308 1680 90 28 deposit,
409 1678 42 22 and
461 1678 38 21 the
511 1676 93 22 balance
620 1679 22 17 at

59 1713 21 24 3,
90 1713 20 24 6,
122 1712 19 25 9,
153 1710 44 21 and
207 1711 27 19 12
244 1707 95 27 months,
350 1706 53 22 with
412 1706 97 21 interest.

87 1744 64 27 April
160 1744 33 26 25,
203 1744 61 20 1843.
271 1758 7 4 -
414 1735 4 3 '

141 1791 118 23 Behold!
280 1791 77 27 great
380 1786 180 24 Reduction!!

61 1827 51 50 IN
141 1823 224 26 CONSEQUENCE
388 1822 26 22 of
431 1821 37 22 the
492 1818 152 28 undersigned

117 1854 82 25 having
215 1857 22 16 to
252 1854 101 23 compete
364 1849 52 22 with
430 1856 23 13 so
468 1854 68 19 many
548 1845 96 23 General

64 1880 155 27 Storekeepers
233 1878 74 22 which
317 1885 35 14 are
365 1876 59 26 daily
433 1875 126 27 presenting
573 1873 72 21 them-

61 1908 71 22 selves
143 1907 73 21 before
226 1906 37 21 the
274 1904 80 28 public,
362 1902 54 23 feels
425 1902 18 21 it
452 1901 35 21 his
495 1901 54 26 duty
559 1903 22 17 to
592 1900 53 20 offer

62 1939 22 21 tp
101 1934 36 21 the
154 1933 75 27 public
244 1939 14 14 a
273 1931 77 22 choice
367 1929 103 22 selection
485 1928 27 21 of
528 1927 116 21 Groceries

63 1961 45 22 and
125 1960 62 22 other
202 1958 88 23 articles
303 1958 24 21 of
339 1956 90 28 general
445 1962 39 14 use
503 1955 24 21 in
542 1953 102 25 families,

63 1988 43 21 and
119 1990 23 19 at
150 1986 54 22 such
214 1986 42 21 low
266 1984 70 28 prices
346 1983 48 21 that
401 1984 82 19 cannot
489 1981 28 21 he
524 1980 122 26 attempted

63 2018 24 18 at
96 2014 29 27 by
136 2021 43 19 any
189 2012 25 21 of
221 2012 33 21 his
266 2013 128 25 opponents,
405 2009 42 21 viz.
449 2019 31 5 —
537 2033 33 16 Per
577 2031 15 17 p
592 2031 48 16 ound
642 2042 4 5 .

91 2068 47 22 The
148 2074 54 20 very
211 2066 50 21 best
269 2064 67 22 black
345 2066 37 19 tea
565 2061 15 20 4
609 2061 13 19 0

91 2094 48 22 The
150 2101 52 19 very
211 2093 50 21 best
270 2098 68 20 green
349 2093 36 18 tea
566 2087 15 21 4
609 2087 14 21 0

92 2120 105 28 Superior
206 2118 89 23 roasted
305 2118 67 21 coffee
518 2129 6 6 •
531 2128 6 6 •
568 2115 10 19 1
609 2114 14 20 6

96 2148 73 21 White
188 2146 60 23 Siam
266 2151 71 21 sugar,
355 2144 36 21 the
406 2143 50 21 best
467 2142 23 21 in
505 2141 36 22 the

148 2173 84 27 Colony
567 2169 14 20 0
609 2168 13 20 5

94 2200 87 23 Second
209 2200 29 21 do
567 2196 14 20 0
609 2195 15 20 4

94 2228 71 22 Third
174 2227 92 28 quality,
276 2224 88 28 equally
374 2223 56 27 good
569 2223 14 19 0
611 2223 13 19 3

95 2254 79 23 Mould
183 2253 98 25 candles,
293 2249 93 25 London
396 2250 64 21 made
570 2249 10 20 1
611 2249 14 19 0

97 2281 104 29 Superior
210 2280 43 21 salt
263 2280 73 21 butter
572 2275 11 20 1
613 2275 13 20 6

97 2308 92 23 London
201 2314 53 19 soap
572 2303 14 19 0
613 2302 14 20 4

97 2336 74 22 Prime
181 2334 80 22 Stilton
272 2332 79 23 cheese
574 2329 11 21 1
592 2334 3 3 '
614 2329 13 19 4

97 2362 94 26 Pickles,
202 2359 107 27 mustard,
318 2358 45 22 and
372 2364 75 15 sauces
457 2359 24 19 at
491 2357 29 20 Is.
529 2362 38 21 per
576 2356 76 20 bottle.

97 2404 79 22 P.S.—
178 2401 92 23 Besides
286 2400 38 21 the
339 2399 69 22 above
423 2397 94 26 articles,
534 2396 65 21 M.A.
616 2395 39 22 has

72 2438 29 15 on
111 2430 61 21 hand
183 2437 13 13 a
205 2435 122 15 numerous
336 2428 132 19 assortment
476 2424 24 21 of
505 2423 69 22 useful
586 2422 70 27 goods

73 2458 26 22 of
117 2456 80 22 almost
215 2461 68 21 every
301 2452 138 27 description,
462 2455 22 17 at
508 2449 87 28 equally
614 2449 42 21 low

74 2484 79 28 prices.
182 2482 65 22 M.A.
264 2487 87 15 assures
367 2479 37 22 the
414 2478 74 28 public
498 2477 49 21 that
556 2477 37 20 the
604 2475 52 27 only

73 2518 78 14 reason
163 2509 47 22 that
221 2508 28 21 he
259 2515 42 14 can
319 2506 90 22 surmise
425 2504 50 28 why
484 2504 28 21 he
529 2510 42 15 can
585 2503 39 21 sell
634 2509 23 14 so

75 2537 66 22 much
150 2536 67 22 lower
228 2535 52 21 than
291 2541 44 19 any
345 2533 26 21 of
383 2532 32 22 his
432 2534 127 24 opponents,
571 2530 26 26 is,
610 2529 48 21 that

73 2564 29 22 lie
120 2571 51 19 may
186 2563 28 21 be
228 2560 113 30 possessed
358 2560 25 21 of
397 2558 82 23 certain
491 2564 83 19 means,
586 2557 72 21 which

75 2591 89 21 enables
173 2589 47 22 him
237 2593 21 16 to
274 2588 46 26 buy
329 2587 33 21 for
379 2586 51 22 cash
445 2585 60 27 only,
520 2583 44 22 and
578 2583 81 28 import

75 2618 57 22 from
151 2616 92 22 London
259 2614 45 23 and
319 2613 88 29 Sydney
423 2612 54 22 such
494 2611 70 28 goods
583 2617 25 14 as
622 2616 36 15 are

75 2644 82 28 mostly
165 2644 25 21 in
202 2641 106 23 demand.

248 2682 112 16 COASTERS
376 2680 116 16 SUPPLIED.

281 2711 34 23 M.
331 2710 111 26 ASHER,

186 2747 127 23 Wholesale
322 2746 43 22 and
375 2745 73 22 Retail
459 2743 96 22 General
566 2743 72 24 Store,

325 2772 110 23 Lambton
445 2771 71 26 Quay.

82 2814 53 24 And
153 2816 23 19 at
193 2814 34 25 99,
244 2812 87 25 George
348 2811 77 24 Street,
445 2808 98 27 Sydney,
562 2807 46 22 and
626 2808 33 25 22,

258 2837 116 26 Minories,
386 2835 101 23 London.

111 2873 63 29 April
184 2875 34 24 18,
230 2873 61 22 1843.

83 2924 89 52 FOR
186 2922 85 26 SALE,
287 2928 30 15 ex
329 2921 116 25 Margaret,
459 2920 48 25 &c,

155 2951 26 21 25
196 2951 78 21 tierces
284 2948 56 26 beef,

109 2979 15 21 3
137 2981 49 18 tans
196 2976 95 23 colonial
303 2976 51 27 hay,

110 3007 14 21 3
139 3008 49 18 tons
200 3005 59 21 Siam
270 3010 73 20 sugar,

110 3034 28 20 30
151 3031 84 21 barrels
245 3030 86 22 bottled
341 3028 42 27 ale,

111 3061 28 19 50
153 3058 75 22 boxes.
230 3061 43 18 tea.

111 3086 30 21 50
155 3084 38 22 ash
207 3091 56 19 oars,

113 3114 29 20 30
155 3114 49 18 tons
214 3111 56 26 coal,

115 3139 59 25 Port,
184 3138 84 26 sherry,
281 3136 43 22 and
339 3135 103 23 Madiera
450 3134 24 22 in
489 3133 75 26 bottle,
576 3133 94 21 Ruther-

87 3165 51 22 ford
148 3164 43 22 and
201 3164 94 26 Drury's
305 3163 85 26 bi-and,-

116 3192 100 27 Liquers,
227 3191 23 21 in
261 3191 70 21 dozen
343 3196 67 19 cases,

118 3219 149 26 Champagne,

117 3244 97 27 Brandy,
224 3251 57 19 rum,
293 3244 43 21 and
345 3242 38 28 gin
392 3242 23 21 in
426 3241 72 25 hhds.,

115 3273 29 21 30
158 3266 47 27 ton's
215 3271 50 22 best
276 3270 91 27 Sydney
378 3269 63 25 flour,

116 3300 28 21 50
157 3301 50 19 tons
217 3297 93 22 Chilian
319 3297 64 25 flour,
395 3303 27 15 ex
433 3294 105 25 Cheerful.

405 3332 82 22 Waitt
502 3331 44 21 and
559 3330 85 23 Tyser.

331 3384 108 20 Cheese.

94 3419 52 50 A
155 3417 117 23 SUPPLY
282 3416 101 23 received
390 3416 84 26 weekly
482 3415 25 22 of
514 3415 55 22 New
576 3413 100 23 Zealand

173 3444 65 22 made
249 3444 91 26 Cheese,
347 3443 57 22 from
414 3442 36 22 the
459 3443 140 25 Cowpasture
606 3440 68 27 dairy,

94 3473 46 22 and
150 3472 33 21 for
191 3471 46 22 sale
246 3473 25 19 at
285 3470 38 22 the
331 3469 106 28 premises
446 3469 25 21 of
485 3468 37 22 the
538 3468 64 22 Meat
612 3468 65 21 Com-

94 3507 68 22 pany.

374 3529 35 22 W.
421 3529 100 26 Flyoek,
534 3527 116 27 Manager.

124 3566 158 24 Willis-street,
294 3563 124 22 December
426 3564 35 25 20,
472 3562 60 22 1842.

256 3614 123 24 .Hdifers
393 3614 28 20 in
437 3613 68 21 Calf.

99 3650 88 50 FIOR
201 3647 86 26 SALE,
298 3645 68 22 about
380 3646 27 21 50
415 3645 100 32 superior
524 3644 55 22 bred
591 3643 88 27 heifers,

138 3692 7 2 -
157 3679 59 20 roost
233 3675 25 21 of
269 3674 62 20 them
345 3672 72 26 heavy
430 3672 23 21 in
471 3671 49 27 calf,
539 3670 45 22 and
598 3670 84 26 having

98 3705 59 21 been
176 3709 60 16 some
251 3700 54 22 time
320 3700 23 21 in
357 3698 37 23 the
413 3698 92 27 Colony,
522 3700 39 19 not
575 3697 67 22 liable
659 3700 23 18 to

99 3731 68 22 suffer
175 3730 56 22 from
241 3727 38 23 the
289 3726 75 22 effects
374 3725 26 22 of
410 3724 37 22 the
463 3725 62 21 Toot.
552 3724 49 21 The
614 3723 68 22 above

101 3757 67 23 cattle
183 3762 45 16 can
240 3755 28 21 be
285 3752 100 28 strongly
397 3750 178 28 recommended,
593 3757 25 15 as
631 3750 53 27 they

100 3784 58 22 have
174 3783 57 22 been
247 3780 97 22 selected
358 3780 58 21 from
431 3778 37 22 the
485 3784 119 16 numerous
619 3777 65 22 cattle

102 3810 60 27 drips
171 3807 72 25 which
252 3807 57 22 have
326 3805 86 23 arrived
425 3804 60 23 here.
513 3803 75 29 Apply
603 3807 23 18 to
639 3804 44 21 Mr.

102 3837 97 26 Revans,
212 3836 87 20 Oazette
308 3833 70 27 office,
390 3839 24 15 or
422 3835 23 19 to
456 3831 43 22 Mr.
511 3831 86 26 Hulke,
604 3830 80 22 Evans'

104 3864 54 27 Bay.

131 3895 62 27 Also,
198 3894 67 23 three
275 3893 115 23 well-bred
400 3899 70 16 mares
476 3891 23 23 in
509 3891 52 28 foal,
574 3894 23 19 to
607 3891 79 27 impor-

104 3923 39 23 ted
151 3923 82 23 horses.

131 3956 119 29 February,
261 3955 62 22 1843.
