2540 4020
2016 1317 358 27 MISCELLANEOUS.

1301 127 67 24 about
1378 128 51 24 here
1441 129 47 24 like
1498 138 14 15 a
1521 131 108 23 lobworm
1641 132 52 23 with
1706 132 38 23 the
1766 133 78 24 cholic.
1846 146 33 5 —

1300 159 89 23 Punch.

1333 192 175 27 Destructive
1521 195 88 24 Flood
1621 204 32 15 at
1662 197 181 24 Aberyswith.
1846 211 33 5 —

1300 225 24 22 A
1332 225 43 24 few
1382 226 52 31 days
1447 236 42 22 ago
1509 228 46 23 this
1574 233 60 19 town
1652 237 43 15 was
1715 231 80 22 visited
1818 231 30 30 by
1867 240 12 14 a

1301 259 81 22 terrific
1392 259 66 25 flood.
1495 261 33 23 At
1540 264 11 20 1
1557 263 12 21 1
1578 262 87 23 o'clock
1677 263 23 22 in
1716 263 38 23 the
1765 264 112 29 forenoon,

1300 298 13 14 a
1322 291 62 23 noise
1401 299 44 16 was
1461 293 70 24 heard
1547 295 138 31 resembling
1697 296 48 23 that
1755 296 25 23 of
1796 296 82 24 distant

1300 323 101 30 thunder,
1409 326 44 22 and
1462 326 38 23 the
1509 326 141 24 inhabitants
1658 335 44 15 was
1711 336 55 15 soon
1775 329 103 30 apprized

1299 355 25 23 of
1340 357 36 23 the
1388 365 65 16 cause
1465 359 30 30 by
1507 367 14 15 a
1532 360 143 23 tremendous
1694 360 60 32 body
1771 362 25 22 of
1812 367 66 19 water

1298 387 83 33 rolling
1398 391 86 23 several
1500 392 47 23 feet
1563 392 70 24 above
1651 393 37 23 the
1710 399 80 18 waters
1799 395 25 22 of
1839 395 38 23 the

1300 421 59 23 river
1371 422 98 31 Rhydol,
1483 426 104 29 carrying
1606 425 52 23 with
1675 426 17 23 it
1710 432 67 23 carts,
1797 426 80 24 wheel-

1298 453 103 31 barrows,
1415 456 71 30 forks,
1498 457 77 29 rakes,
1584 458 45 23 and
1637 460 86 22 various
1735 460 142 29 implements

1298 487 25 23 of
1338 487 134 33 husbandry.
1514 490 38 23 On
1564 491 30 23 its
1605 491 106 31 reaching
1723 491 37 24 the
1771 492 105 30 harbour,

1298 519 38 24 the
1347 520 59 24 force
1415 529 45 16 was
1470 531 25 15 so
1505 524 110 29 powerful
1627 532 24 15 as
1660 529 23 18 to
1695 525 59 23 raise
1766 526 38 22 the
1815 526 62 31 ship-

1298 553 54 30 ping
1361 553 69 25 which
1444 563 56 16 were
1509 557 63 30 lying
1578 557 109 31 aground,
1698 558 44 23 and
1749 557 57 24 dash
1817 559 60 23 them

1298 592 29 16 on
1337 587 54 22 each
1401 588 64 23 other
1476 589 54 22 with
1539 590 55 23 such
1605 590 50 31 fury
1665 599 24 14 as
1702 595 21 18 to
1744 591 76 23 smash
1839 592 37 22 the

1297 623 77 24 masts,
1400 621 74 29 yards,
1497 622 45 23 and
1561 623 118 31 bowsprits
1704 624 25 22 of
1751 624 85 23 several
1855 625 25 22 of

1298 651 58 24 them
1366 656 22 19 to
1398 653 114 30 splinters;
1527 654 76 25 others
1611 656 60 23 sunk
1679 662 21 17 to
1710 656 57 23 their
1775 657 101 29 anchors,

1297 684 43 23 and
1350 693 57 15 were
1419 686 78 31 nearly
1509 688 95 23 covered
1614 697 6 19 ;
1641 689 83 23 several
1741 690 65 23 boats
1819 698 56 15 were

1297 717 108 32 instantly
1417 719 83 23 dashed
1513 724 22 19 to
1548 720 38 23 the
1598 721 84 23 bottom
1695 722 44 23 and
1758 722 78 24 buried
1853 724 23 22 in

1297 750 37 23 the
1347 758 74 17 ocean.
1458 752 49 23 The
1520 758 80 18 waters
1613 755 117 22 continued
1743 760 22 18 to
1778 756 99 23 increase

1297 782 34 23 for
1342 785 102 29 upwards
1457 785 26 23 of
1491 790 43 18 two
1547 785 77 31 hours,
1638 788 112 30 stripping
1761 787 38 24 the
1814 788 63 23 fields

1297 815 114 33 adjoining
1423 818 37 23 the
1472 818 43 23 bed
1525 819 25 23 of
1565 819 38 23 the
1615 821 64 28 river,
1693 821 25 22 of
1732 821 52 30 hay,
1797 821 79 29 wheat,

1297 854 55 23 oats,
1373 851 43 22 and
1434 851 76 31 barley
1520 860 6 20 ;
1549 852 45 23 and
1611 853 108 31 although
1742 853 39 24 the
1799 858 77 19 waters

1296 889 56 16 were
1365 883 126 32 increasing
1498 884 43 24 and
1549 886 91 30 coming
1648 886 71 29 down,
1729 886 96 31 dashing
1832 888 43 22 and

1295 914 100 32 foaming
1405 915 118 33 headlong,
1538 922 39 26 yet
1589 919 38 22 the
1638 919 98 23 children
1756 921 23 21 in
1798 920 78 23 Trefe-

1296 947 55 23 chau
1364 956 55 16 were
1430 954 23 19 to
1463 950 28 23 be
1503 959 54 15 seen
1568 959 31 23 up
1618 957 22 18 to
1658 952 57 23 their
1736 953 94 23 middles
1853 955 23 21 in

1296 980 38 23 the
1345 981 66 23 midst
1421 983 25 22 of
1457 983 35 23 the
1500 989 91 24 stream,
1601 985 165 31 endeavouring
1779 992 21 17 to
1813 987 63 22 catch

1295 1013 37 22 the
1345 1015 56 29 spoil
1412 1015 70 24 borne
1490 1025 26 15 on
1528 1017 37 24 the
1574 1018 77 23 bosom
1660 1018 24 23 of
1693 1019 37 23 the
1742 1020 130 30 apparently

1295 1046 119 24 infuriated
1426 1048 105 24 element.
1584 1051 50 23 The
1647 1056 58 18 most
1717 1053 100 29 singular
1829 1053 45 22 cir-

1295 1085 127 18 cumstance
1443 1082 123 24 connected
1584 1084 55 23 with
1657 1084 44 23 this
1719 1085 157 30 phenomenon

1295 1119 53 23 was,
1372 1113 46 23 that
1439 1114 109 31 although
1571 1116 39 23 the
1631 1117 57 23 wind
1709 1126 45 14 was
1777 1118 98 30 blowing

1294 1150 62 25 west,
1370 1147 52 23 with
1434 1155 14 15 a
1466 1148 145 23 tremendous
1629 1149 71 31 heavy
1714 1158 47 20 sea,
1778 1156 39 25 yet
1837 1152 37 22 the

1293 1183 69 18 water
1375 1180 24 22 of
1414 1180 37 22 the
1460 1181 59 23 river
1538 1182 77 22 forced
1635 1182 36 23 the
1690 1191 70 15 ocean
1778 1183 57 24 back
1853 1188 22 18 to

1294 1211 38 23 the
1344 1218 118 25 apprarent
1480 1214 99 23 distance
1598 1215 26 23 of
1638 1224 13 13 a
1669 1216 59 28 mile,
1748 1216 73 32 filling
1839 1217 36 23 the

1293 1244 44 31 boy
1348 1246 122 31 extending
1481 1247 56 23 from
1549 1248 36 22 the
1599 1248 105 30 Graiglas
1723 1250 65 29 point
1798 1255 20 17 to
1834 1250 37 23 the

1292 1279 49 29 pier
1364 1279 51 23 with
1434 1279 63 24 fresh
1516 1286 76 23 water,
1617 1282 42 22 and
1681 1282 34 22 for
1730 1282 102 31 upwards
1852 1283 24 23 of

1293 1311 62 30 eight
1366 1311 67 24 hours
1446 1321 29 14 no
1488 1314 173 31 amalgamation
1671 1315 24 22 of
1709 1315 38 23 the
1759 1315 61 23 fresh
1832 1315 44 24 and

1292 1343 65 32 briny
1370 1345 107 23 elements
1490 1346 53 23 took
1556 1347 70 30 place,
1640 1347 36 23 the
1688 1348 42 30 bay
1751 1349 125 30 remaining

1292 1385 25 15 as
1335 1377 45 24 free
1392 1378 57 23 from
1462 1379 43 22 salt
1516 1387 25 15 as
1554 1380 20 22 if
1589 1380 18 23 it
1618 1380 44 23 had
1671 1381 55 23 been
1737 1389 14 15 a
1758 1383 118 22 mountain

1291 1409 7 23 1
1301 1410 42 23 ake
1346 1427 4 6 .
1354 1423 31 4 —
1387 1409 121 32 Hereford
1514 1420 17 22 p
1536 1420 27 22 ap
1566 1420 33 16 er.

1357 1482 70 25 THE
1448 1484 120 24 GRAND
1594 1485 211 25 EXPLOSION.

1930 1371 66 21 Since
2015 1371 37 22 the
2071 1373 68 21 world
2158 1373 79 27 began,
2257 1374 83 28 history
2358 1375 21 22 is
2393 1375 41 23 but
2447 1376 38 23 the

1904 1398 111 21 narrative
2024 1399 26 21 of
2061 1398 130 28 Kingdoms,
2203 1401 44 21 and
2257 1402 71 21 States
2344 1403 140 27 progressing

1904 1427 22 18 to
1935 1425 104 26 maturity
2050 1425 45 22 and
2104 1425 74 29 decay.
2208 1427 56 22 Man
2281 1427 92 23 himself
2379 1429 19 22 is
2407 1429 41 22 but
2456 1437 28 14 an

1904 1451 95 26 epitome
2010 1452 24 20 of
2046 1451 37 22 the
2096 1453 86 21 nations
2193 1453 26 22 of
2232 1461 55 15 men.
2328 1455 28 21 In
2366 1456 78 27 youth,
2456 1456 30 23 all

1904 1484 81 20 energy
1993 1486 6 19 ;
2010 1478 23 22 in
2043 1478 36 22 the
2090 1479 69 27 prime
2170 1480 24 21 of
2206 1480 45 27 life,
2262 1481 30 22 all
2301 1483 122 26 enterprize
2438 1483 45 22 and

1905 1504 91 27 vigour;
2012 1505 22 21 in
2053 1506 100 27 senibity,
2172 1507 31 21 all
2219 1507 111 22 weakness
2345 1509 46 21 and
2406 1509 83 23 second

1904 1530 126 23 childhood.
2062 1532 64 22 Then
2142 1533 112 27 England,
2265 1534 39 28 thy
2314 1535 52 27 fate,
2378 1536 57 21 from
2446 1536 41 22 the

1905 1558 105 26 unerring
2020 1566 66 19 pages
2097 1559 26 21 of
2133 1559 60 22 time,
2205 1568 77 14 sooner
2292 1568 24 14 or
2326 1561 58 22 later
2400 1563 17 20 it
2430 1563 58 22 shall

1904 1584 77 26 arrive,
2001 1585 47 21 that
2067 1585 54 22 thou
2137 1586 55 22 shall
2212 1587 29 21 be
2259 1587 108 27 tributary
2383 1591 23 19 to
2423 1597 62 14 some

1903 1611 83 26 nation,
1999 1611 105 26 (hitherto
2116 1612 19 22 it
2144 1613 18 21 is
2172 1616 22 18 to
2205 1614 27 21 be
2242 1613 72 28 hoped
2323 1615 106 26 unborn,)
2440 1616 45 21 and

1903 1636 39 28 thy
1952 1637 131 27 degenerate
2093 1646 52 14 sons
2154 1639 57 22 shall
2220 1641 53 21 read
2289 1641 47 21 that
2351 1641 79 28 liberty
2441 1650 44 14 was

1903 1671 58 15 once
1981 1665 37 21 the
2032 1665 133 22 watchword
2175 1666 24 22 of
2213 1667 37 21 the
2266 1667 52 27 Isle,
2335 1668 45 22 and
2389 1672 40 24 yet
2446 1672 40 19 not

1902 1698 56 14 even
1968 1691 44 22 feel
2023 1698 13 14 a
2046 1691 91 28 longing
2144 1695 22 19 to
2175 1693 27 21 be
2212 1693 46 22 free
2266 1694 6 21 !

1891 1724 2 20 !
1952 1724 46 22 Did
2017 1732 43 24 you
2071 1733 50 14 ever
2131 1733 35 14 see
2177 1733 12 14 a
2203 1727 91 22 wooden
2306 1728 73 27 image
2391 1729 71 22 walk?

1902 1750 49 23 said
1961 1758 42 15 one
2020 1752 65 26 joker
2103 1756 23 17 to
2145 1753 100 23 another.
2384 1763 44 15 was
2447 1756 37 22 the

1902 1785 93 19 answer,
2031 1779 38 20 but
2081 1778 9 21 I
2100 1778 57 23 have
2167 1787 52 14 seen
2231 1789 14 13 a
2253 1787 47 20 rope

1932 1804 20 21 It
1963 1805 19 20 is
1992 1804 35 22 the
2038 1805 107 22 intention
2153 1808 27 20 t>f
2189 1807 37 22 the
2236 1808 152 22 Government
2398 1812 22 18 to
2431 1810 52 21 Ma-

1903 1831 114 22 cadamize
2027 1832 95 22 Rhodes.

2116 1866 24 15 as
2154 1860 37 21 the
2206 1860 68 23 kettle
2284 1862 48 22 said
2341 1865 22 19 to
2375 1862 37 22 the
2423 1863 62 25 dog's

1903 1884 46 22 tail.

1979 1911 43 22 feel
2038 1912 85 26 greatly
2262 1923 24 14 as
2296 1915 37 22 the
2342 1916 87 27 patient
2438 1916 47 22 said

1902 1940 23 19 to
1934 1938 36 21 the
1981 1938 76 22 doctor
2067 1939 63 22 when
2139 1940 27 21 he
2177 1941 52 26 paid
2239 1941 43 22 him
2294 1942 35 22 his
2340 1943 45 21 bill.

1930 1964 71 22 There
2010 1965 18 21 is
2039 1972 13 14 .t
2062 1973 51 14 man
2123 1966 22 21 in
2156 1966 43 21 this
2210 1968 43 26 city
2263 1969 53 21 with
2325 1969 61 22 such.
2389 1977 12 14 a
2408 1970 78 22 crook-

1902 1991 27 21 ed
1939 1992 64 26 neck,
2013 1991 48 22 that
2071 1992 27 21 be
2108 1992 39 22 has
2159 1996 21 19 to
2191 1997 40 23 put
2241 1995 32 20 his
2284 1999 75 18 cravat
2370 2003 29 15 on
2409 1996 53 22 with
2472 2004 14 14 a

1904 2025 11 14 c
1920 2018 114 21 orkscrew.

1953 2044 36 21 Go
2062 2052 24 14 as
2095 2045 38 22 the
2150 2046 97 23 thunder
2262 2048 48 21 said
2324 2051 23 18 to
2366 2048 38 22 the
2419 2049 66 27 light-

1904 2070 60 25 ning.

1928 2097 68 22 Very
2011 2097 187 24 A-gnaw-ino.—
2198 2100 33 21 To
2240 2104 37 23 get
2286 2108 30 21 up
2325 2102 23 21 in
2360 2102 38 21 the
2408 2109 75 14 morn-

1902 2124 36 27 ing
1952 2124 46 21 and
2014 2124 45 21 find
2073 2124 48 21 that
2137 2125 36 22 the
2189 2130 45 18 rats
2251 2127 55 22 have
2323 2132 65 18 eaten
2400 2136 12 14 a
2420 2132 65 24 great

1900 2151 85 26 portion
1998 2151 24 20 of
2034 2151 36 20 the
2081 2151 56 22 soles
2147 2153 26 21 of
2184 2161 60 19 your
2253 2154 67 22 boots.

1953 2177 71 22 Your
2039 2179 84 20 beneath
2135 2187 36 14 me
2179 2180 5 21 !
2226 2187 24 14 as
2264 2181 37 22 the
2311 2182 44 26 hog
2363 2181 49 22 said
2422 2182 64 22 when

1901 2203 28 22 he
1940 2204 91 27 stepped
2042 2212 53 15 over
2105 2206 36 21 the
2152 2206 120 23 drunkard.

2046 2231 63 23 haste
2110 2243 28 5 —
2138 2241 66 19 yours
2222 2234 51 21 with
2413 2243 25 14 as
2448 2235 36 22 the

1900 2257 121 27 exploding
2031 2258 69 22 boiler
2109 2260 48 21 said
2168 2264 21 17 to
2200 2260 38 21 the
2248 2269 135 20 passengers.

1928 2284 62 27 They
2000 2281 57 26 have
2067 2285 127 24 discovered
2203 2295 12 14 a
2223 2294 48 15 new
2279 2289 89 22 method
2377 2289 24 22 of
2410 2289 76 27 taking

1901 2311 37 20 the
1958 2311 70 22 scales
2045 2312 33 22 off
2094 2313 41 21 fish
2152 2313 64 22 clown
2234 2318 59 24 east;
2308 2315 52 28 they
2375 2316 51 27 give
2440 2316 20 21 it
2473 2324 14 14 a

1901 2337 66 28 pinch
1979 2338 26 21 of
2011 2338 63 26 snuff,
2085 2340 45 21 and
2139 2340 64 22 when
2213 2340 18 22 it
2241 2349 89 14 sneezes
2336 2345 52 25 they
2400 2342 38 22 fall
2448 2343 36 21 off.

2014 2365 18 21 is
2048 2366 37 21 the
2096 2366 43 22 last
2154 2367 81 26 charge
2243 2369 68 27 you'll
2321 2370 66 26 bring
2397 2370 88 26 against

1971 2398 24 15 as
2005 2391 36 22 the
2052 2392 81 22 soldier
2142 2394 117 23 remarked
2274 2395 63 22 when
2355 2396 53 28 they
2428 2403 57 15 were

1902 2417 104 28 shooting
2014 2418 46 22 him
2070 2419 35 22 for
2116 2420 117 23 desertion.

1930 2452 21 20 A
1961 2452 83 21 Poser.
2046 2464 27 3 —
2074 2453 22 21 A
2105 2453 54 22 knot
2170 2454 25 21 of
2207 2455 88 22 rustical
2313 2456 103 22 worthies
2427 2464 56 14 were

1901 2479 117 21 convened
2027 2479 73 22 round
2109 2480 37 21 the
2161 2481 38 21 fire
2215 2481 23 22 in
2254 2483 38 20 the
2308 2483 41 21 bar
2363 2490 61 15 room
2434 2483 26 21 of
2471 2491 14 13 a

1901 2505 81 27 village
1994 2509 84 19 tavern.
2105 2507 47 21 The
2168 2508 141 28 blacksmith,
2321 2509 45 22 and
2382 2510 37 21 the
2435 2510 51 22 bar-

1901 2532 46 26 ber,
1958 2532 45 21 and
2020 2532 36 22 the
2072 2534 119 26 constable,
2205 2535 43 21 and
2263 2535 37 22 the
2318 2536 163 27 schoolmaster,

1901 2558 30 21 all
1947 2566 56 14 were
2020 2559 68 22 there.
2118 2561 65 21 After
2201 2561 52 27 they
2270 2562 44 22 had
2331 2563 94 26 guzzled
2440 2564 45 21 and

1901 2585 93 21 smoked
2005 2588 20 18 to
2036 2586 57 21 their
2108 2586 81 23 hearts'
2200 2592 97 23 content,
2315 2590 45 21 and
2377 2590 62 22 when
2456 2590 30 22 all

1902 2612 36 21 the
1949 2615 88 18 current
2046 2613 69 27 topics
2126 2614 26 21 of
2160 2614 36 21 the
2208 2615 43 27 day
2260 2616 44 22 had
2314 2616 56 22 been
2380 2617 106 21 exhaust-

1901 2638 34 26 ed,
1953 2639 37 21 the
2006 2639 156 23 schoolmaster
2177 2642 109 26 proposed
2300 2650 14 14 a
2327 2650 50 14 new
2394 2643 54 22 kind
2463 2644 26 21 of

1900 2672 65 19 game
1975 2668 23 18 to
2008 2666 81 22 relieve
2107 2666 35 22 the
2157 2672 123 23 monotony
2290 2669 25 21 of
2327 2670 37 21 the
2382 2670 103 27 evening.

1900 2692 64 21 Each
1974 2700 42 14 one
2027 2700 43 14 was
2078 2697 21 17 to
2109 2695 113 26 propound
2229 2702 14 14 a
2250 2696 76 26 puzzle
2335 2700 23 17 to
2365 2696 35 22 his
2407 2696 78 27 neigh-

1900 2718 73 28 bours,
1986 2719 43 21 and
2041 2719 100 23 whoever
2157 2721 79 22 should
2247 2722 38 21 ask
2300 2730 14 14 a
2323 2723 103 27 question
2437 2723 48 21 that

1901 2744 28 22 lie
1949 2746 65 22 could
2033 2749 39 18 not
2090 2747 60 21 solve
2170 2747 94 26 himself,
2285 2756 43 14 was
2349 2754 21 17 to
2386 2757 41 20 pay
2445 2749 37 22 the

1900 2772 122 27 reckoning
2038 2773 34 21 for
2088 2773 37 21 the
2140 2773 78 23 whole.
2252 2775 47 22 The
2318 2776 51 22 idea
2387 2777 98 27 pleased,

1901 2799 44 21 and
1954 2799 38 21 the
2003 2799 162 28 schoolmaster,
2176 2801 31 27 by
2224 2802 70 22 virtue
2313 2803 24 21 of
2350 2803 34 21 his
2394 2803 89 24 station,

1901 2826 71 21 called
1982 2833 29 14 on
2021 2826 58 22 Dick
2091 2827 58 26 Dolt,
2162 2828 72 22 whom
2253 2833 56 17 most
2318 2829 59 22 folks
2387 2830 96 27 thought

1901 2860 13 13 a
1925 2852 50 27 fool,
1987 2853 44 21 and
2041 2860 14 14 a
2065 2853 41 21 few
2116 2853 64 22 knew
2190 2855 35 21 for
2241 2862 13 14 a
2269 2855 72 23 knave
2358 2859 22 19 to
2446 2857 38 21 the

1900 2879 48 21 first
1975 2880 106 27 question.
2346 2883 47 21 said
2417 2883 66 26 Dick,

1900 2906 110 26 drawling
2020 2906 43 21 and
2070 2907 89 27 looking
2169 2907 104 28 ineffably
2282 2909 74 27 stupid
2365 2917 6 13 :
2384 2910 99 26 "you've

1900 2939 52 15 seen
1964 2932 73 22 where
2049 2933 101 27 squirrels
2167 2933 38 28 dig
2285 2935 68 21 holes.
2384 2937 45 20 Can
2439 2943 46 20 any

1900 2960 26 19 of
1932 2967 43 19 you
1985 2959 38 21 tell
2032 2966 36 14 me
2078 2960 36 20 the
2126 2967 77 14 reason
2216 2961 50 27 why
2275 2961 52 27 they
2337 2969 68 15 never
2414 2963 70 21 throw

1900 2989 38 18 out
1953 2993 44 19 any
2121 2986 54 22 This
2192 2994 45 14 was
2252 2994 14 14 a
2279 2995 71 20 poser,
2368 2988 44 22 and
2428 2989 57 21 after

1898 3012 54 27 long
1962 3012 127 26 cogitation,
2102 3019 54 15 even
2166 3013 38 21 the
2233 3018 81 17 master
2344 3022 44 14 was
2395 3015 88 27 obliged

1900 3043 22 17 to
1932 3040 50 25 give
1991 3039 19 21 it
2019 3045 36 20 up.
2085 3039 21 21 It
2115 3047 49 13 now
2175 3039 110 23 devolved
2295 3048 27 14 on
2339 3041 61 22 Dick
2410 3045 23 18 to
2442 3049 39 15 ex-

1898 3066 70 26 plain.
2015 3064 46 23 The
2071 3073 78 14 reason
2213 3066 48 22 said
2271 3067 66 27 Dick,
2372 3068 48 21 that
2431 3068 54 28 they

1898 3094 49 20 first
1956 3092 65 27 begin
2031 3095 22 18 at
2062 3092 38 21 the
2109 3092 82 22 bottom
2208 3094 25 20 of
2246 3094 35 21 the
2418 3096 61 26 Stop,

1899 3123 55 24 stop,
1966 3118 59 22 cried
2035 3118 36 22 the
2081 3119 137 28 pedagogue,
2229 3121 91 21 startled
2330 3125 38 18 out
2378 3121 26 22 of
2410 3121 29 22 all
2448 3121 35 23 his

1897 3147 114 27 prudence
2029 3146 44 21 and
2091 3146 109 28 propriety
2219 3147 31 27 by
2268 3154 24 15 so
2311 3152 123 18 monstrous
2453 3156 28 14 an

1899 3174 115 24 assertion,
2060 3173 57 21 How
2134 3172 36 22 the
2184 3173 71 23 deuce
2271 3174 52 22 does
2338 3175 37 21 the
2391 3175 92 27 squirrel

1898 3204 37 22 get
1946 3200 77 21 there?
2097 3200 86 31 Bygosh
2192 3200 6 22 !
2325 3201 85 28 replied
2424 3201 57 22 Dick

1898 3227 39 21 the
1949 3226 125 27 Delighted,
2092 3226 111 28 grinning,
2237 3227 66 22 that's
2318 3235 14 15 a
2347 3228 103 27 question
2460 3228 25 22 of

1898 3261 56 25 your
1973 3261 48 13 own
2039 3253 51 21 wise
2112 3253 86 27 asking.
2238 3254 81 23 You're
2337 3255 24 21 in
2385 3255 36 21 for
2443 3254 37 22 the

1898 3280 78 27 liquor.
1977 3292 28 4 —
2005 3280 111 21 American
2121 3287 75 19 paper.

2017 3339 172 26 ORIGINAL
2213 3341 147 24 POETRY.

87 118 53 21 with
148 118 53 26 long
215 118 85 27 lappets
315 118 78 27 falling
407 126 29 14 on
452 119 36 22 the
504 120 79 22 throat.
611 120 56 21 Tur-

86 145 55 21 bans
161 151 36 15 are
216 144 107 22 made*in
343 145 61 21 three
423 145 80 23 shades
522 147 26 21 of
566 153 99 20 ponceau

86 170 80 25 velvet,
186 171 133 21 intermixed
338 171 52 21 with
472 172 70 23 bands
561 174 12 19 S.
589 172 75 27 jours:

87 196 37 22 the
142 197 62 26 gipsy
223 204 41 19 cap
283 198 17 20 is
319 204 13 14 a
350 202 73 23 pretty
442 199 99 27 novelty.
569 200 94 26 Toques,

85 222 59 22 dress
155 223 47 21 hats
212 230 13 14 a
242 223 23 21 la
279 223 159 28 Montpensier,
450 226 53 21 Ann
518 226 21 21 d'
554 225 109 22 Autriche

85 249 112 26 Phryiens,
209 249 44 21 and
269 249 114 28 chapeaux
397 251 106 28 cardinal,
519 259 36 14 are
571 253 30 21 all
614 259 50 21 pre-

85 275 79 27 paring
173 275 33 22 for
215 275 126 23 thewinter
351 284 84 15 season.

112 301 104 23 Coiifures
227 302 26 21 of
265 302 49 22 hair
327 310 37 15 are
381 311 54 21 very
449 305 93 27 various,
557 301 51 26 but*
613 305 19 22 is
646 306 18 21 is

84 327 113 28 generally
214 328 79 27 higher
311 330 46 21 and
374 331 68 27 wide;
459 332 38 21 the
515 332 48 21 hair
581 332 18 21 is
618 332 45 21 also

83 354 77 27 parted
177 355 42 21 less
237 355 120 23 backward
372 364 29 14 on
416 358 37 22 the
470 358 65 27 head,
547 358 44 22 and
606 359 58 21 curls

84 387 36 15 are
130 388 54 20 very
192 381 52 27 long
250 390 4 13 :
268 382 36 22 the
314 383 130 23 beandeaux
454 392 38 14 are
503 392 52 20 very
564 385 98 22 bombes.

109 411 48 22 The
171 416 83 19 newest
268 414 58 21 form
341 415 27 21 of
381 415 85 22 bonnet
481 416 18 21 is
508 416 27 21 of
550 416 113 22 moderate

81 438 52 26 size,
148 439 73 22 rather
240 440 66 27 close,
319 440 38 23 the
371 449 73 14 crown
458 442 110 26 inclining
580 450 14 13 a
606 442 57 23 little

82 465 105 28 forward;
206 473 53 20 very
274 467 43 22 few
336 475 24 14 or
378 475 29 14 no
425 468 86 22 flowers
529 469 79 26 inside,
623 470 40 21 but

80 499 83 20 cogues
179 500 24 14 or
218 493 80 22 riband
311 494 89 27 prettily
409 495 107 27 arranged
522 512 5 10 ,
538 494 124 23 marabouts

80 519 46 21 and
135 519 63 22 small
212 519 103 23 feathers.
344 520 60 28 Very
414 521 91 27 elegant
519 526 90 23 capotes
623 530 38 15 are

80 545 65 21 made
157 546 24 21 of
192 547 56 21 satin
263 547 90 26 pelisses
363 548 26 21 of
402 551 43 18 two
460 548 93 27 colours,
566 548 36 22 the
613 553 49 18 out-

80 571 47 22 side
138 572 26 21 of
168 580 67 20 green
246 573 62 27 glace
324 573 52 22 with
392 574 73 26 white,
484 574 44 23 and
545 575 37 22 the
592 575 70 22 inside

80 597 30 22 all
128 599 75 22 white;
230 599 47 22 The
296 600 94 21 chateau
408 601 121 27 marquisse
548 602 25 21 of
588 602 74 28 apple-

78 631 68 20 green
158 626 72 21 velvet
239 627 19 20 is
268 626 61 22 lined
338 627 53 21 with
401 627 72 27 white,
481 628 45 21 and
535 632 127 18 ornament-

79 651 28 21 ed
117 652 52 21 with
178 653 97 21 bunches
285 653 25 21 of
318 653 80 22 Indian
413 659 110 23 currants;
538 662 69 20 green
618 656 44 21 and

78 677 66 23 white
164 679 125 22 marabouts
307 680 80 22 inside.
426 681 93 27 Capotes
538 682 26 21 of
580 682 80 28 velvet,

77 704 53 22 with
140 705 102 27 aigrettes
253 706 27 21 of
291 706 37 21 the
343 714 60 14 same
423 707 82 27 colour,
523 715 37 14 are
576 712 71 24 pretty
655 717 5 14 :

77 730 37 22 the
131 731 68 23 heron
216 733 26 21 de
261 733 118 27 Dalmatic,
397 733 95 27 piumets
508 734 28 22 de
552 742 48 20 cog.
617 736 45 22 and

76 757 88 27 plumes
173 758 61 22 irises
241 766 36 14 are
287 759 146 23 fashionable.
441 769 3 5 -

105 788 86 28 Velvet,
208 790 87 21 velours
310 791 94 27 epingle,
423 792 46 22 and
484 793 64 27 satin,
566 801 38 15 arc
623 794 37 22 the

76 816 112 21 materials
202 823 50 15 now
271 817 22 21 in
314 825 38 14 use
371 818 35 21 for
548 820 54 22 veils
616 821 45 21 and

76 842 103 22 voilettes
194 850 36 15 are
246 843 75 22 rather
336 847 66 19 worn'
410 852 24 15 as
449 851 129 17 ornaments
590 851 22 17 to
623 848 37 21 the

77 869 60 22 front
152 870 26 21 of
190 870 92 21 bonnets
298 870 54 22 than
371 872 79 27 falling
470 880 29 14 on
519 874 38 21 the
576 874 55 22 face.
634 886 26 4 —

77 896 86 21 London
172 898 41 19 and
221 898 65 20 Paris
292 898 117 26 Magazine.

103 928 51 22 The
168 929 103 22 English
286 930 104 22 Abroad.
392 942 29 4 —
421 931 47 22 The
484 932 113 29 following
615 934 45 22 feat

76 954 27 22 of
108 957 165 24 gourmandism
285 956 19 22 is
313 957 65 26 given
390 958 30 27 by
430 958 37 22 the
476 960 107 21 Monilure
599 962 61 19 Pari-

73 982 46 19 aien
134 989 23 14 as
173 990 14 14 a
197 983 55 26 fact;
272 991 31 14 we
319 991 37 14 are
366 992 54 20 very
430 985 42 27 far,
483 986 109 28 however,
603 989 57 22 from

75 1008 115 26 attaching
199 1009 70 22 credit
282 1013 23 18 to
316 1010 38 22 the
368 1015 160 20 statement:—
553 1015 35 21 On
604 1016 56 21 Sun-

75 1034 44 26 day
133 1036 103 26 morning
251 1044 43 13 was
310 1038 87 21 carried
411 1039 72 26 home,
500 1040 22 21 in
538 1048 28 15 an
582 1042 79 21 almost

76 1061 68 27 dying
162 1064 61 22 state,
244 1069 30 15 an
294 1063 152 27 Englishman,
467 1067 49 21 who
536 1068 44 21 had
603 1069 55 22 been

75 1088 150 27 breakfasting
234 1092 22 17 at
266 1096 13 14 a
290 1089 77 25 Ca/An
379 1091 37 21 the
427 1092 73 22 Palais
510 1094 77 27 Royal.
619 1096 41 21 His

76 1114 39 21 bill
126 1114 26 21 of
158 1114 46 22 fare
214 1116 123 26 comprised
353 1118 39 20 150
402 1117 71 23 dozen
484 1124 90 23 oysters,
590 1129 13 14 a
613 1122 47 21 lob-

76 1144 51 23 ster,
139 1148 13 14 a
161 1141 73 21 boiled
242 1142 59 27 fowl,
310 1150 13 14 a
329 1143 69 21 bottle
406 1145 26 21 of
439 1152 54 17 rum,
503 1146 68 27 three,
581 1148 79 22 bottles

75 1168 27 20 of
110 1168 94 26 Chablis,
215 1168 44 22 and
267 1173 43 17 two
316 1170 24 20 of
348 1170 115 22 Sauterne.
492 1172 53 22 This
554 1175 57 20 meal
621 1180 39 16 not

75 1194 118 28 unworthy
203 1195 55 21 Milo
270 1196 24 20 of
304 1196 103 28 Crotona,
421 1205 42 15 was
473 1199 22 21 in
508 1200 152 26 performance

76 1221 26 21 of
117 1229 14 13 a
148 1229 78 19 wager.
255 1223 90 21 Several
364 1223 64 23 other
442 1225 145 27 Englishmen
604 1235 55 15 were

74 1252 95 23 present,
181 1249 38 21 but
228 1253 41 17 not
278 1256 43 15 one
332 1250 25 20 of
367 1250 62 22 them
440 1252 95 22 touched
551 1261 28 14 an
588 1259 72 23 oyster

75 1282 42 13 nor
123 1275 76 27 sipped
206 1282 13 14 a
225 1275 55 28 drop
286 1276 26 21 of
318 1277 63 26 wine,
389 1279 130 28 contenting
527 1281 132 22 themselves

75 1302 53 20 with
138 1302 66 27 being
213 1307 120 22 spectators
343 1303 24 21 of
373 1304 37 22 the

102 1333 139 23 Profitless
255 1335 132 22 Customer.
390 1347 26 5 —
419 1337 25 21 In
456 1338 37 21 the
503 1340 57 25 good
571 1343 56 19 town
637 1342 25 21 of

74 1359 142 28 Shrewsbury
227 1361 60 22 there
298 1369 63 20 were,
379 1364 43 21 and
432 1364 45 22 still
491 1373 44 17 are,
547 1374 53 20 very
609 1375 49 19 pro-

75 1386 73 27 bably,
164 1387 60 22 three
234 1388 57 26 inns,
310 1389 70 22 called
390 1391 37 21 the
439 1391 64 27 Lion,
518 1393 37 21 the
571 1394 86 27 Talbot,

74 1413 46 21 and
130 1413 37 22 the
177 1414 84 27 Raven,
271 1415 97 22 whereat
376 1425 55 14 were
439 1418 80 22 holden
528 1420 36 21 the
572 1421 87 22 market

75 1440 127 27 ordinaries,
218 1441 36 21 the
265 1441 80 28 charge
356 1443 31 22 foi
401 1444 78 22 dinner
495 1446 66 27 being
576 1448 47 26 ]Bd,
635 1456 23 13 a-

74 1467 64 26 head,
147 1467 52 22 beer
206 1467 112 23 included.
338 1470 21 21 A
367 1471 128 27 frequenter
501 1473 24 21 of
528 1473 37 22 the
573 1475 85 21 market

73 1494 45 21 and
129 1494 27 21 its
162 1495 63 20 tables
232 1495 69 21 d'hote
308 1503 42 14 was
358 1504 41 15 one
408 1498 43 21 Mr.
460 1498 75 23 David
543 1500 113 29 Williams,

73 1527 14 14 a
94 1521 75 21 dealer
175 1522 22 21 in
205 1521 79 22 Welch
289 1522 82 23 flannel
378 1524 30 27 by
414 1525 130 28 profession,
554 1528 25 21 of
585 1528 73 22 whom

73 1547 35 21 his
119 1548 83 21 friends
212 1556 57 14 were
276 1554 60 16 wont
344 1553 22 18 to
377 1559 39 19 say
423 1552 26 21 he
456 1560 45 13 was
510 1553 85 22 blessed
605 1556 52 20 with

74 1581 28 14 an
114 1575 108 22 excellent
233 1576 102 26 appetite,
347 1577 37 22 the
396 1578 92 27 English
495 1580 25 21 of
527 1580 72 23 which
605 1589 50 20 was,

75 1601 48 21 that
134 1602 61 21 when
206 1601 28 22 he
244 1601 67 23 dined
322 1606 22 19 at
357 1604 66 22 home
435 1606 27 21 he
473 1610 35 17 ate
519 1613 23 15 as
556 1608 67 21 much
633 1616 25 14 as

75 1627 34 21 six
124 1628 142 27 ploughmen,
284 1630 47 21 and
340 1630 64 23 when
415 1632 28 21 be
453 1632 67 23 dined
536 1634 82 22 abroad
634 1643 24 14 as

73 1655 93 21 sixteen.
170 1667 14 10 »
194 1655 47 22 The
253 1656 78 22 Raven
340 1665 43 14 was
394 1658 75 22 David
479 1667 9 14 s
499 1660 109 23 favourite
623 1670 35 13 or-

73 1681 86 28 dinary,
176 1682 42 21 and
228 1683 33 20 for
272 1690 67 20 many
350 1692 12 13 a
370 1684 55 28 long
441 1692 54 20 year
509 1686 37 23 the
554 1688 104 22 landlord

72 1711 42 24 put
122 1716 30 24 up
162 1709 51 21 with
222 1709 38 22 the
271 1709 83 23 flannel
362 1712 137 23 merchant's
509 1717 85 19 custom
604 1716 52 21 with

74 1743 13 13 a
103 1736 136 26 resignation
254 1737 86 28 worthy
355 1739 25 20 of
394 1746 12 14 a
421 1747 61 14 more
499 1740 158 28 distinguished

73 1762 143 27 martyrdom.
244 1764 33 21 At
289 1764 49 27 last,
356 1765 64 22 when
436 1766 140 30 bankruptcy
585 1769 71 27 began

74 1792 22 18 to
107 1793 56 17 stare
173 1789 45 22 him
228 1790 23 21 in
262 1790 36 22 the
305 1791 55 27 face,
372 1799 29 14 on
409 1794 114 26 receiving
535 1794 36 23 the
581 1803 77 14 accus-

73 1816 74 21 tomed
172 1816 46 22 lSd.
242 1817 35 22 for
300 1818 62 22 three
380 1819 57 22 fried
460 1820 64 28 soles,
550 1829 12 14 a
584 1823 74 22 rabbit

74 1842 123 22 smothered
207 1843 52 22 with
275 1844 83 28 onions,
374 1853 13 14 a
397 1847 47 27 pair
454 1847 25 21 of
491 1851 59 18 roast
560 1848 67 27 fowls,
644 1857 14 13 a

72 1870 74 47 Eound
153 1870 25 21 of
186 1870 176 29 plum-pudding,
373 1873 45 21 and
426 1874 50 21 half
481 1881 12 14 a
500 1874 75 27 gallon
583 1876 25 21 of
615 1876 40 26 ale,

89 1897 18 20 is
117 1897 85 21 natural
213 1897 118 27 politeness
336 1900 89 21 forsook
434 1900 54 26 him,
500 1902 44 21 and
554 1902 27 21 he
589 1903 68 27 spoke

73 1923 91 21 thus:—
249 1924 115 27 Williams,
381 1926 12 21 I
408 1926 57 22 have
480 1934 30 15 no
527 1928 70 22 desire
612 1937 44 19 any

73 1949 77 28 longer
166 1954 21 17 to
204 1952 136 25 monopolize
356 1953 29 21 all
402 1961 56 18 your
474 1954 94 23 favours.
599 1955 57 22 lam

73 1977 60 23 quite
142 1977 97 21 satisfied
249 1978 25 21 of
286 1986 55 18 your
352 1979 52 22 wish
421 1984 21 17 to
451 1987 64 15 serve
526 1989 42 14 me.
597 1982 60 28 Why

72 2003 63 20 don't
143 2009 45 19 you
196 2003 49 25 give
256 2004 37 21 the
304 2004 55 22 Lion
369 2013 14 14 a
505 2008 68 27 Globe,

77 2060 5 6 y
106 2034 81 24 Debt.
190 2048 32 4 —
223 2036 63 23 Debt
298 2038 19 22 is
330 2039 25 22 of
371 2039 38 23 the
421 2048 54 22 very
488 2041 90 31 highest
596 2043 59 23 anti-

72 2067 72 30 quity.
181 2067 49 25 The
241 2069 50 24 first
303 2071 53 23 debt
372 2072 23 23 in
408 2072 38 23 the
457 2073 88 32 history
556 2075 25 23 of
594 2083 60 22 man,

73 2100 18 23 is
105 2100 37 23 the
155 2101 52 23 debt
218 2103 26 22 of
258 2109 87 23 nature,
359 2105 43 23 and
416 2106 36 23 the
470 2107 50 23 first
531 2109 93 22 instinct
636 2110 19 22 is

72 2138 22 18 to
106 2138 41 25 put
160 2135 32 22 off
207 2135 35 23 the
254 2143 107 23 payment
373 2138 25 23 of
414 2140 17 21 it
444 2139 33 23 till
495 2140 38 23 the
545 2141 43 23 last
605 2150 50 15 mo-

72 2171 69 19 ment.
178 2168 72 31 Many
267 2177 101 22 persons,
390 2172 18 22 it
426 2173 45 22 will
491 2174 28 23 be
538 2174 115 30 observed,

70 2199 115 32 following
196 2201 37 24 the
243 2204 88 23 natural
343 2204 130 31 procedure,
487 2207 73 23 would
569 2208 36 23 die
615 2208 39 23 be-

71 2232 46 23 fore
130 2234 52 30 they
194 2236 73 22 would
278 2244 43 23 pay
334 2237 58 23 their
403 2238 73 24 debts.

71 2278 8 4 -
105 2266 90 31 Society
206 2268 19 23 is
238 2271 120 29 composed
369 2271 25 23 of
410 2276 43 19 two
465 2272 92 30 classes,
576 2274 78 23 debtor

72 2299 43 23 and
134 2301 101 24 creditor.
274 2303 49 23 The
343 2304 96 24 creditor
458 2306 59 23 class
535 2307 41 23 has
596 2307 57 23 been

70 2335 143 30 erroneously
218 2337 113 29 supposed
338 2337 36 24 the
380 2346 61 15 more
448 2340 110 23 enviable.
578 2340 75 24 Never

70 2373 45 16 was
128 2366 60 25 there
200 2376 13 15 a
223 2373 90 25 greater
324 2371 184 31 misconception.

103 2399 51 25 The
165 2401 77 24 debtor
254 2402 41 23 has
308 2403 37 24 the
354 2405 138 30 sympathies
501 2406 24 23 of
534 2406 117 25 mankind.

71 2432 39 25 He
119 2434 19 22 is
153 2434 82 24 seldom
249 2436 88 31 spoken
349 2438 25 22 of
388 2438 42 24 but
441 2439 54 23 with
510 2441 143 30 expressions

70 2466 25 23 of
114 2467 130 25 tenderness
268 2469 44 24 and
336 2472 141 30 compassion
478 2485 34 5 —
538 2473 38 24 the
598 2481 55 23 poor

272 2503 144 25 unfortunate

103 2533 37 23 On
154 2533 38 24 the
209 2535 64 24 other
284 2536 68 29 hand,
397 2537 68 24 harsh
500 2540 43 23 and
584 2540 68 23 hard-

202 2576 38 16 are
263 2570 37 23 the
324 2570 97 31 epithets
449 2572 93 24 allotted
569 2578 22 18 to
614 2574 38 23 the

70 2600 103 29 creditor,

102 2632 24 25 A
138 2634 76 23 debtor
234 2636 19 23 is
267 2644 14 15 a
297 2645 60 15 man.
362 2638 26 22 of
402 2638 76 24 mark.
515 2639 72 31 Many
599 2648 53 22 eyes

70 2674 37 15 are
119 2667 60 23 fixed
192 2676 58 23 upon
262 2669 47 24 him
319 2679 6 14 :
338 2678 68 23 many
418 2671 57 24 have
487 2680 28 15 an
527 2673 95 23 interest
628 2674 23 23 in

67 2699 35 23 his
111 2700 50 23 well
169 2701 78 31 being!;
262 2702 36 24 his
310 2710 139 18 movements
458 2713 38 15 are
505 2706 25 22 of
540 2714 94 16 concern
643 2716 6 19 ;

68 2732 29 24 he
109 2738 81 19 cannot
202 2734 119 33 disappear
331 2737 117 24 unheaded
458 2747 6 19 ;
479 2739 35 22 his
522 2747 66 15 name
599 2740 20 22 is
628 2740 23 23 in

68 2773 69 24 many
145 2767 91 24 mouths
243 2777 6 20 ;
264 2769 36 23 his
310 2777 65 16 name
387 2771 19 22 is
419 2779 60 22 upon
489 2780 68 23 many
564 2773 73 23 books
644 2782 5 20 ;

68 2798 28 24 he
108 2799 20 23 is
140 2808 14 14 a
165 2807 51 16 man
228 2801 26 23 of
262 2806 52 20 note
316 2815 32 4 —
350 2803 26 23 of
390 2805 139 31 promissory
541 2810 51 19 note
601 2815 7 19 ;
620 2805 31 24 he

65 2832 46 23 fills
123 2833 39 22 the
173 2834 138 29 speculation
321 2836 25 23 of
355 2844 68 23 many
430 2838 75 22 minds
512 2847 6 20 ;
531 2846 52 16 men
597 2847 54 15 con-

64 2865 88 31 jecture
176 2866 66 24 about
265 2867 55 30 him,
343 2870 91 23 wonder
456 2871 45 23 and
524 2873 127 30 conjecture

66 2898 100 24 whether
178 2899 28 24 he
217 2901 44 22 will
274 2910 52 23 pay.
362 2903 40 23 He
413 2904 21 22 is
446 2912 13 14 a
470 2912 53 16 man
536 2906 25 22 of
571 2914 79 15 conse-

67 2939 93 23 quence,
174 2933 32 23 for
218 2942 67 23 many
292 2943 37 16 are
341 2937 100 31 running
449 2938 59 23 after
517 2938 56 24 him.
604 2939 46 24 His

67 2965 53 23 door
132 2967 20 21 is
164 2967 108 31 thronged
285 2969 53 23 with
356 2970 67 24 duns.
460 2971 40 25 He
510 2972 19 23 is
549 2972 102 31 inquired

67 2998 57 23 after
136 3007 65 23 every
213 3000 58 24 hour
283 3002 25 23 of
318 3003 37 23 the
367 3003 52 31 day.

100 3031 73 31 Bring
185 3033 29 22 all
225 3033 77 32 things
314 3040 23 19 to
354 3036 95 25 theUest
460 3036 26 24 of
501 3039 147 30 experiment.

67 3063 71 31 Many
151 3073 14 14 a
177 3073 50 16 man
236 3067 43 23 has
289 3067 36 24 for
341 3076 65 23 years
425 3070 98 30 rejoiced
542 3072 25 23 in
580 3073 69 22 credit

65 3095 43 25 has
117 3097 74 24 fallen,
202 3099 47 22 into
261 3099 61 29 debt,
341 3102 44 23 and
396 3109 69 17 never
477 3105 104 30 emerged
592 3106 58 22 from

65 3129 20 22 it
95 3137 6 20 ;
123 3129 42 23 but
175 3130 42 23 few
228 3132 80 23 indeed
329 3133 48 23 that
388 3134 57 24 have
456 3144 54 15 ever
528 3137 59 24 tried
598 3138 53 23 debt

65 3161 59 24 have
135 3164 104 23 returned
252 3168 22 19 to
286 3165 78 24 credit.
401 3167 50 23 The
468 3170 98 29 practice
579 3171 18 22 is
609 3179 41 15 ex-

65 3195 102 31 tending,
180 3196 85 32 though
279 3197 37 25 the
328 3200 91 29 opinion
430 3201 20 22 is
460 3207 40 17 not
516 3207 39 25 yet
566 3203 85 31 shaped

66 3232 23 19 to
107 3229 26 23 it.
169 3229 85 25 Indeed
274 3231 40 24 the
330 3233 104 31 example
452 3234 27 23 of
493 3234 38 23 the
551 3237 100 23 national

68 3261 59 30 debt,
140 3270 26 16 or
178 3263 36 24 the
226 3264 72 24 whole
308 3266 79 23 nation
396 3267 152 32 inextricebly
555 3269 23 23 in
589 3269 59 30 debt,

66 3302 118 23 expresses
196 3296 38 24 the
246 3303 121 26 aggregate
380 3304 99 19 custom.

343 3340 52 23 says
424 3334 38 22 Sir
481 3334 38 24 W.
544 3334 104 33 Ingleby,

159 3363 22 23 in
193 3372 13 14 a
216 3364 95 32 lodging
321 3365 55 24 with
387 3366 36 23 his
444 3367 38 23 old
494 3375 96 22 woman,
602 3369 47 23 and

65 3393 36 24 his
207 3396 61 25 Who
288 3398 46 24 will
354 3398 95 25 hesitate
468 3405 23 19 to
512 3405 94 19 consent
626 3407 23 18 to

67 3426 36 24 the
115 3428 98 32 robbery
223 3430 26 23 of
264 3439 14 15 a
287 3439 54 16 man
352 3432 50 23 who
421 3433 57 24 lives
500 3434 54 24 with
569 3442 32 15 an
613 3435 36 24 old

66 3466 87 18 woman
171 3462 44 23 and
233 3471 13 15 a
265 3465 54 23 cat?
361 3466 65 23 Turn
445 3466 39 24 the
503 3467 38 24 old
560 3475 88 17 woman

65 3492 47 24 into
133 3502 13 15 a
166 3495 56 29 wife,
244 3495 39 25 the
303 3502 37 19 cat
358 3499 47 22 into
427 3508 13 15 a
460 3500 68 28 child,
550 3500 45 24 and
610 3501 38 24 the

65 3524 93 33 lodging
168 3528 46 23 into
226 3536 29 15 an
267 3530 92 24 humble
376 3537 115 19 tenement
502 3534 54 24 with
568 3534 30 22 all
609 3534 39 24 the

67 3557 116 27 decorums
194 3561 24 24 of
234 3561 39 25 the
289 3563 51 23 love
359 3565 25 23 of
399 3565 73 30 order,
486 3566 38 24 the
543 3567 65 31 pride
624 3568 24 23 in

66 3596 104 20 neatness
181 3603 6 19 ;
207 3595 44 23 and
261 3596 100 31 imagine
373 3599 146 23 confiscation
531 3600 117 31 sweeping

67 3624 32 23 off
113 3625 28 24 all
154 3626 37 24 the
202 3627 58 24 little
276 3629 105 31 gracings
401 3631 25 23 of
441 3632 89 24 slender
551 3633 96 23 circum-

67 3661 95 26 stances,
181 3661 42 22 and
251 3661 38 23 the
309 3663 101 24 national
430 3664 80 24 debtor
528 3666 74 31 might
619 3666 29 23 be

67 3693 189 29 compassionated
266 3703 7 20 ;
293 3694 41 24 but
352 3695 64 25 these
434 3698 78 31 things
524 3703 83 19 cannot
618 3699 28 23 be

67 3722 109 33 imagined
188 3726 25 23 of
227 3727 38 23 the
276 3735 80 23 genus,
369 3730 105 25 creditor.
511 3732 51 24 The
575 3732 72 23 credi-

67 3758 47 24 tor,
121 3757 81 32 always
219 3760 85 31 figures
322 3762 24 22 in
367 3762 37 24 the
427 3763 68 33 fancy
513 3773 25 15 as
561 3773 14 15 a
594 3767 62 21 sour'

67 3788 70 31 single
155 3798 51 17 man
223 3793 56 23 with
297 3795 102 29 grizzled
418 3795 58 31 hair,
504 3806 14 16 a
539 3797 108 31 scowling

67 3826 156 29 countenance,
236 3826 46 24 and
292 3835 15 15 a
318 3833 144 27 peremptory
474 3831 41 28 air,
528 3831 51 23 who
589 3831 59 23 lives

67 3852 22 23 in
100 3862 14 14 a
124 3855 56 25 dark
192 3863 127 25 apartment
329 3861 54 22 with
402 3867 78 27 musty
491 3863 68 24 deeds
579 3864 70 23 about

66 3883 53 32 him,
131 3889 43 22 and
186 3897 27 16 an
224 3892 50 23 iron
286 3893 48 23 safe
354 3901 24 15 as
398 3894 164 32 impenetrable
574 3904 25 16 as
611 3897 36 23 his

67 3920 69 28 heart,
152 3923 112 32 grubbing
286 3925 102 31 together
407 3928 67 23 what-
485 3929 39 24 he-
535 3929 54 24 does
609 3934 39 21 not

694 121 74 31 enjoy.
813 122 51 23 The
883 122 79 24 debtor
978 132 29 15 on
1025 125 38 23 the
1083 126 63 23 other
1166 127 67 28 hand,
1253 127 19 23 is

693 154 82 30 always
798 155 103 30 pictured
923 156 53 23 with
1001 166 12 13 a
1031 159 50 22 wife
1101 159 44 23 and
1164 160 36 23 six
1218 160 54 23 fair-

693 186 76 24 haired
781 187 130 31 daughters,
924 188 76 25 bound
1012 191 102 29 together
1131 192 25 22 in
1168 192 104 24 affection

692 219 147 31 and-misery,
853 220 41 23 full
914 221 26 22 of
954 224 134 30 sensibility,
1102 224 45 23 and
1164 225 112 30 suffering-

692 252 92 23 without
797 261 13 14 a
821 253 65 24 fault.
888 265 33 5 —
922 253 74 24 Tait's
1006 254 132 32 Magazine.

724 290 51 23 The
793 290 114 32 following
924 296 64 26 story
1001 300 45 16 was
1065 294 70 31 lately
1146 295 46 23 told
1212 296 31 30 by
1260 303 12 16 a

690 323 112 23 reformed
821 324 117 29 inebriate,
957 333 24 15 as
999 333 29 15 an
1045 327 97 31 apology
1152 328 34 23 for
1204 328 67 23 much

691 355 24 23 of
723 355 37 23 the
771 356 54 30 folly
838 357 25 23 of
874 357 126 24 drunkards
1011 367 5 15 :
1019 371 32 4 —
1051 360 24 22 A
1086 367 78 16 mouse
1175 361 97 30 ranging

691 388 67 23 about
776 397 14 14 a
811 390 106 30 biewery,
930 390 130 32 happaning
1072 397 23 18 to
1114 393 38 23 fall
1168 395 48 22 into
1229 401 41 19 one

691 420 24 24 of
725 421 37 23 the
774 426 49 18 vats
835 423 25 22 of
870 423 60 28 beer,
944 431 48 16 was
1005 425 23 22 in
1045 425 128 24 immediate
1186 426 84 31 danger

690 453 25 23 of
724 453 124 32 drowning,
862 456 43 22 and
921 456 106 31 appealed
1047 461 23 19 to
1091 465 14 15 a
1125 463 35 19 cat
1177 463 23 19 to
1218 459 51 30 help

690 486 46 24 him
748 492 47 18 out.
832 487 51 24 The
903 493 36 18 cat
959 489 86 31 replied
1127 492 19 22 is
1166 500 12 15 a
1189 491 80 24 foolish

689 524 97 26 request,
799 520 35 23 for
846 529 25 14 as
881 528 55 16 soon
949 529 23 16 as
992 521 13 24 I
1023 527 37 25 get
1071 531 45 22 you
1129 529 39 19 out
1180 525 12 23 I
1212 524 57 24 shall

690 557 36 18 eat
736 560 53 23 you.
825 553 51 23 The
893 562 78 15 mouse
989 555 111 31 piteously
1118 557 91 31 replied,
1222 557 48 24 that

690 585 48 23 that
748 585 47 24 fate
807 587 73 22 would
891 587 28 22 be
938 587 71 23 better
1022 588 54 23 than
1088 594 22 18 to
1123 590 27 23 be
1166 590 103 23 drowned

689 618 23 22 in
734 618 61 24 beer.
832 619 50 23 The
904 625 37 17 cat
961 620 63 24 lifted
1043 621 46 24 him
1109 627 45 24 out,
1175 624 41 23 but
1233 623 36 23 the

689 650 72 24 fumes
773 651 26 23 of
808 651 37 24 the
856 653 53 22 beer
921 653 82 23 caused
1014 661 55 23 puss
1081 659 22 19 to
1116 663 79 16 sneeze
1205 665 6 20 ;
1231 656 38 23 the

689 691 77 16 mouse
792 684 54 23 took
867 685 78 31 refuge
965 686 24 23 in
1007 686 36 24 his
1065 687 60 25 hole.
1161 689 50 23 The
1234 694 35 18 cat

688 717 71 23 called
774 725 61 22 upon
855 718 38 23 the
910 726 79 15 mouse
1007 724 22 18 to
1043 727 62 16 come
1117 726 39 19 out
1156 734 33 4 —
1215 722 52 23 You

688 750 80 28 rascal,
780 750 38 23 did
831 758 45 23 you
888 755 38 19 not
938 752 98 30 promise
1046 753 50 23 that
1117 754 12 23 I
1141 755 81 23 should
1234 759 35 19 eat

923 785 86 30 replied
1032 786 38 23 the
1092 795 86 21 mouse,

689 823 44 22 you
752 815 68 24 know
841 816 12 23 I
872 824 45 16 was
936 818 24 23 in
976 818 73 31 liquor
1071 824 23 18 at
1115 821 37 22 the
1171 822 63 22 time.
1236 833 33 4 —

693 848 89 31 Weekly
795 848 124 31 Dispatch.

722 881 37 23 On
780 882 130 31 Thursday,
931 892 14 15 a
969 885 121 23 somewhat
1109 887 65 23 novel
1194 886 74 32 parcel

687 922 46 15 was
752 915 103 23 received
878 917 45 23 into
945 917 38 23 the
1003 917 107 31 Glasgow
1131 920 136 30 post-office,

687 948 53 28 viz.,
760 955 13 16 a
790 948 49 31 pair
858 950 26 23 of
905 950 73 29 boots,
999 951 73 24 whose
1094 952 133 24 destination
1248 953 19 22 is

688 980 111 31 Bombay,
811 982 44 24 and
872 983 39 23 for'
924 983 38 23 the
981 985 157 23 transmission
1156 987 26 22 of
1195 985 72 24 which

688 1015 37 22 £6
745 1015 94 30 sterling
859 1023 46 16 was
917 1016 52 31 pajd
980 1025 24 14 as
1023 1023 102 26 postage.
1161 1019 50 23 The
1231 1026 36 15 re-

688 1047 90 23 duction
791 1048 24 23 of
831 1048 38 24 the
881 1055 59 17 rates
961 1050 40 23 has
1003 1053 3 7 1
1019 1051 57 23 been
1098 1052 37 23 the
1155 1060 77 15 means
1245 1051 25 23 of

688 1080 95 31 sending
795 1089 62 16 some
875 1089 52 23 very
948 1088 91 26 strange
1056 1084 94 31 packets
1169 1084 97 31 through

687 1112 36 24 the
736 1119 57 24 post,
806 1114 45 23 and
863 1114 36 23 the
912 1117 157 23 transmission
1082 1117 25 23 of
1121 1117 76 23 ladies'
1211 1117 54 31 slip-

687 1153 52 22 pers
750 1146 59 23 from
820 1154 43 16 one
881 1148 64 30 place
964 1153 22 18 to
1006 1147 94 26 another
1117 1150 40 23 has
1176 1151 89 22 become

687 1179 60 29 quite
761 1187 104 15 common
874 1188 5 20 ;
899 1181 41 22 but
958 1188 32 16 we
1009 1182 56 23 have
1084 1190 68 16 never
1163 1183 69 23 heard
1244 1183 24 23 of

686 1211 149 30 gentlemen's
856 1213 63 22 boots
940 1214 153 32 undertaking
1114 1216 54 23 such
1189 1225 12 14 a
1213 1217 53 30 long

683 1244 97 30 journey
793 1245 70 24 under
883 1246 36 23 the
942 1255 50 15 care
1011 1248 25 22 of
1050 1256 14 15 a
1077 1254 49 25 post
1138 1250 71 28 office,
1222 1249 43 23 and

686 1282 82 18 cannot
783 1277 54 32 help
857 1278 107 32 thinking
982 1280 52 30 they
1053 1282 45 23 will
1117 1282 26 23 be
1165 1283 74 22 rather
1253 1290 12 15 a

686 1310 71 30 costly
768 1311 48 31 pair
830 1316 21 18 to
865 1312 37 23 the
914 1313 101 23 destined
1026 1321 89 22 wearer,
1126 1315 27 30 by
1163 1316 36 23 the
1213 1316 52 22 time

685 1343 52 30 they
749 1352 37 14 are
800 1345 98 23 tumbled
912 1351 38 17 out
965 1350 24 19 at
997 1347 103 31 Bombay
1113 1354 102 25 amongst
1227 1349 38 22 the

685 1376 98 30 English
796 1378 104 23 overland
911 1378 140 31 despatches.
1053 1393 34 4 —
1090 1380 103 33 Glasgow
1207 1381 56 23 Con-

684 1408 135 26 stitutional.

717 1442 25 23 A
759 1442 142 26 Bulletin.
904 1458 32 3 —
938 1445 24 24 A
980 1446 42 23 fire
1040 1446 72 24 broke
1131 1453 39 17 out
1190 1449 24 21 in
1226 1448 37 22 the

685 1481 105 26 property
802 1483 127 24 apartment
942 1483 23 19 at
974 1479 99 24 Sadler's
1086 1481 71 23 Wells
1169 1481 93 29 theatre,

684 1509 51 28 and,
755 1509 87 31 though
862 1516 39 18 not
919 1512 68 23 much
1005 1513 107 23 mischief
1133 1522 44 14 was
1199 1514 63 28 done,

684 1541 37 23 the
740 1543 39 22 fire
802 1548 60 19 must
882 1544 56 24 have
959 1545 56 24 been
1035 1554 53 23 very
1107 1547 45 23 bad
1170 1547 65 23 while
1246 1547 18 23 it

683 1575 79 28 lasted,
775 1575 34 24 for
822 1576 38 23 the
872 1585 80 23 papers
964 1587 40 22 say
1016 1579 47 24 that
1074 1580 19 23 it
1109 1588 44 15 was
1166 1580 99 30 confined

684 1610 22 20 to
717 1608 37 22 the
765 1616 69 17 room.
872 1610 23 23 It
907 1612 19 22 is
938 1616 23 18 to
973 1612 28 22 be
1012 1613 120 30 presumed
1143 1613 49 23 that
1203 1621 60 23 upon

684 1641 86 31 finding
788 1643 63 22 itself
867 1643 72 24 better
957 1645 18 22 it
992 1648 56 21 went
1067 1650 45 25 out,
1126 1646 72 23 which
1220 1653 43 16 was

684 1676 122 29 extremely
820 1676 120 24 fortunate.
943 1690 32 4 —
976 1677 89 25 Punch.

717 1707 63 24 Loss
808 1716 31 16 of
869 1717 50 16 the
1127 1724 33 4 —
1167 1712 97 24 Extract

683 1740 57 23 from
752 1750 14 14 a
785 1742 66 23 letter
870 1743 25 23 of
910 1751 12 15 a
943 1752 122 23 passenger
1082 1747 24 21 in
1124 1745 39 24 the
1182 1745 81 23 Ellen-

684 1772 105 32 horcugh,
804 1775 94 31 Captain
913 1777 75 29 Close,
1001 1778 88 24 arrived
1109 1783 22 18 at
1143 1778 104 23 Calcutta
1257 1787 5 15 :

683 1819 32 4 —
742 1808 41 22 We
796 1808 43 24 had
852 1814 22 18 to
888 1810 90 24 witness
997 1811 38 23 the
1054 1811 48 24 loss
1123 1811 24 23 of
1162 1812 37 23 the
1211 1811 51 32 ship

683 1839 107 31 Ricardo,
804 1842 73 23 which
889 1851 44 15 was
946 1844 23 23 in
989 1852 109 24 company
1110 1844 53 24 with
1182 1853 26 14 us
1226 1846 37 22 the

684 1873 42 31 day
738 1874 83 30 before,
835 1876 44 22 and
898 1881 55 19 next
971 1877 42 30 day
1025 1879 79 23 struck
1126 1886 27 15 on
1173 1886 14 14 a
1206 1878 56 23 sand

684 1906 60 24 bank
763 1908 44 22 and
823 1910 122 30 swamped.
996 1910 49 23 Out
1065 1912 24 21 of
1114 1913 31 22 30
1164 1919 51 15 men
1235 1912 37 22 on'

683 1940 66 22 board
763 1940 48 29 her,
820 1949 41 15 our
873 1942 63 23 boats
949 1950 57 15 were
1019 1944 94 22 enabled
1126 1949 20 17 to
1159 1952 52 14 save
1224 1945 39 22 but

683 1974 39 27 20,
736 1973 36 23 the
784 1974 64 23 other
859 1982 55 23 poor
932 1975 84 24 fellows
1036 1977 69 31 being
1123 1977 103 23 drowned
1239 1975 31 31 oj.

682 2006 74 21 seized
769 2006 30 30 by
811 2006 115 31 alligators
937 2008 76 23 before
1032 2009 52 30 they
1097 2009 66 23 could
1173 2010 28 22 be
1215 2008 52 24 res-

763 2050 36 5 —
801 2038 80 25 Times.

715 2070 106 24 Ladies'
839 2072 122 25 Bustles.
964 2086 33 4 —
997 2074 44 23 We
1058 2074 66 23 could
1140 2080 45 24 not,
1202 2082 65 24 upon-

682 2103 78 29 honor,
773 2104 78 29 ladies,
870 2105 55 24 have
938 2107 49 23 said
1004 2115 42 15 one
1057 2109 61 21 word
1137 2109 67 22 about
1225 2109 37 22 the

682 2137 84 28 article,
778 2137 35 24 for
822 2138 18 23 it
851 2140 20 21 is
884 2140 111 30 cowardly
1006 2146 22 17 to
1041 2141 48 23 talk
1102 2141 66 23 about
1186 2142 83 29 things,

681 2170 83 22 behind
785 2171 101 31 people's
909 2173 78 28 backs,
1008 2174 52 30 only
1084 2174 47 24 that
1150 2175 37 23 the
1204 2174 58 23 New

684 2201 95 25 Orleans
797 2203 153 31 Jeffersoniun
968 2206 41 23 has
1027 2207 66 23 made
1112 2216 13 14 a
1145 2215 116 16 recomen-

681 2236 74 23 dation
782 2237 48 23 that
857 2238 80 23 should
959 2239 26 23 be
1008 2241 139 30 extensively
1170 2241 90 23 known.

681 2269 50 23 The
743 2270 71 23 editor
826 2278 74 16 comes
913 2277 22 18 to
949 2272 36 23 the
998 2273 136 29 conclusion,
1143 2274 48 23 that
1200 2274 61 23 these

681 2310 60 16 same
752 2303 86 23 bustles
851 2311 57 17 were
920 2305 50 23 first
980 2306 108 23 invented
1098 2307 34 23 for
1151 2307 36 23 the
1206 2315 54 23 pur-

681 2343 52 23 pose
745 2337 24 22 of
779 2337 67 30 being
858 2338 81 23 stuffed
952 2339 52 22 with
1012 2340 66 28 laces,
1089 2340 44 23 and
1143 2340 118 31 smuggled

679 2369 23 22 in
713 2369 44 23 this
769 2377 95 16 manner
876 2371 57 23 from
947 2372 87 24 France
1046 2377 22 19 to
1082 2373 106 30 England
1197 2383 6 19 ;
1218 2373 42 23 and

681 2401 26 23 he
731 2403 154 23 recommends
907 2405 47 23 that
972 2413 41 16 our
1025 2414 47 15 own
1090 2407 171 22 custom-house

680 2436 86 22 officers
778 2436 46 23 will
833 2437 81 30 rigidly
929 2439 102 23 examine
1043 2447 67 23 every
1126 2439 75 23 bustle
1213 2439 47 24 that

680 2476 73 16 comes
764 2470 47 22 into
825 2469 44 24 this
882 2476 94 26 country
978 2485 31 3 —
1011 2472 33 23 for
1055 2473 50 22 who
1116 2472 77 24 knows
1203 2473 58 23 what

680 2502 115 24 valuables
813 2511 54 22 may
886 2510 37 24 get
933 2505 99 31 tlirough
1044 2506 23 22 in
1079 2505 46 24 this
1137 2514 56 22 way,
1206 2507 54 30 duty

679 2535 45 23 free
734 2536 9 23 ?
777 2535 79 24 Won't
869 2537 48 23 that
929 2538 28 23 be
969 2546 13 15 a
994 2539 93 23 delicate
1100 2540 114 30 operation
1225 2539 34 23 for

680 2568 74 24 Uncle
767 2569 75 23 Sam's
855 2577 50 16 men
914 2572 9 22 ?
971 2572 24 23 It
1007 2572 72 23 would
1093 2577 73 19 create
1175 2573 61 30 quite
1248 2580 12 16 a

679 2601 74 23 bustle
763 2610 30 15 on
806 2603 68 23 board
883 2603 59 32 ship.

712 2634 130 25 Fashions
872 2644 49 16 for
950 2638 130 24 October.
1091 2652 33 3 —
1133 2639 50 23 The
1209 2641 49 21 14s.

679 2668 95 31 zephyrs
795 2676 37 16 are
851 2677 49 15 now
919 2670 31 23 all
969 2672 38 23 the
1026 2679 60 23 rage,
1099 2672 44 23 and
1154 2672 38 23 the
1203 2672 57 30 light

680 2700 107 25 Clarence
811 2702 54 23 boot
886 2704 19 22 is
928 2705 78 30 giving
1028 2713 48 22 way
1100 2710 22 18 to
1145 2706 37 22 the
1200 2710 60 18 stout

679 2733 115 25 Oxonion.
847 2735 51 24 The
917 2737 130 24 Macintosh
1070 2739 20 22 is
1107 2747 14 14 a
1135 2739 58 30 good
1211 2739 49 22 deal

679 2767 94 31 adopted
796 2776 24 15 as
839 2777 14 14 a
876 2770 93 31 drapery
989 2771 35 23 for
1044 2772 38 22 the
1103 2780 21 15 a.
1129 2780 30 21 in,
1178 2772 44 22 and
1240 2773 19 21 is

679 2800 85 24 thrown
783 2809 52 16 over
852 2802 38 24 the
902 2803 106 24 shoulder
1019 2806 23 21 in
1060 2813 63 15 cases
1135 2805 24 23 of
1175 2805 85 23 sudden

678 2833 105 24 showers.
829 2835 102 25 Pockets
947 2838 56 22 have
1020 2838 96 31 entirely
1125 2838 135 32 superceded

678 2866 83 31 gloves,
773 2867 41 24 but
823 2876 29 15 an
863 2869 41 23 odd
918 2870 107 26 Berlin.is
1036 2873 129 22 sometimes
1175 2871 84 23 carried

678 2900 24 23 in
714 2908 41 15 one
768 2900 61 24 hand
839 2901 31 31 by
883 2902 64 24 those
959 2904 49 23 who
1018 2905 57 23 wish
1093 2910 23 18 to
1138 2905 66 30 adopt
1221 2904 37 23 the

678 2942 55 23 very
752 2939 101 19 extreme
871 2936 25 22 of
910 2937 113 30 gentility.
1068 2938 39 23 On
1127 2938 46 23 find
1196 2938 62 30 days,

677 2967 64 23 when
752 2967 38 24 the
803 2968 43 31 day
856 2968 76 25 before
942 2970 41 23 has
994 2971 57 23 been
1063 2976 51 24 wet,
1128 2971 37 23 the
1174 2972 85 22 bottom

678 3001 24 22 of
717 3000 37 24 the
768 3005 104 19 trowsers
884 3003 19 23 is
917 3003 52 23 shot
980 3004 68 23 about
1057 3012 27 15 as
1103 3004 55 32 high
1176 3012 25 15 as
1220 3003 38 24 the

678 3033 46 23 calf
738 3034 53 23 with
804 3034 41 32 dry
853 3036 61 28 mud,
928 3036 73 24 which
1013 3038 40 22 has
1066 3046 13 14 a
1086 3045 52 24 very
1147 3037 112 30 distingue

677 3074 146 23 appearance.
872 3069 90 23 Ladies'
975 3070 101 24 fashions
1092 3079 38 15 are
1142 3071 66 23 much
1222 3069 36 24 the

678 3107 61 16 same
750 3108 25 15 as
785 3100 45 24 last
842 3102 87 30 month,
942 3103 40 23 but
994 3103 38 23 the
1042 3103 117 24 Imitation
1168 3104 90 23 Chusan

677 3134 19 21 is
707 3133 81 31 looped
799 3142 31 23 up
841 3135 24 23 in
879 3140 42 19 wet
932 3136 97 24 weather
1040 3137 53 23 with
1106 3137 37 23 the
1153 3136 66 29 hand,
1234 3144 24 15 so

677 3173 25 15 as
719 3171 23 18 to
762 3167 63 23 show
842 3175 14 16 a
874 3168 104 31 sousjupe
992 3178 26 15 or
1035 3171 107 30 petticoat
1154 3170 24 23 of
1193 3170 65 23 white

677 3198 85 29 callico,
775 3200 43 23 and
831 3201 24 23 in
874 3209 62 16 some
950 3203 113 24 instances
1074 3203 84 24 flannel
1169 3210 51 23 may
1231 3202 27 24 be

677 3239 54 15 seen
739 3241 6 19 ;
758 3232 42 23 but
810 3233 45 23 this
867 3234 20 23 is
897 3235 53 31 only
959 3236 100 24 the-case
1072 3237 64 23 when
1145 3236 37 24 the
1196 3236 62 23 dress

676 3265 20 22 is
708 3265 113 31 scalloped
834 3271 22 18 to
868 3275 13 15 a
893 3267 78 32 height
982 3269 48 24 that
1043 3270 18 23 is
1071 3270 36 24 far
1117 3270 58 23 from
1185 3269 72 23 usual.

677 3297 50 24 The
747 3297 94 32 jointed-
851 3300 50 30 clog
916 3301 20 23 is
948 3302 53 23 'also
1020 3311 14 14 a
1050 3303 60 31 good
1121 3303 49 24 deal
1188 3309 69 21 worn,

676 3330 45 24 and
738 3332 19 21 is
777 3334 130 22 sometimes
929 3334 70 24 found
1018 3336 54 23 with
1082 3344 13 16 a
1106 3335 70 25 break
1187 3336 24 22 in
1220 3334 38 24 the

675 3363 90 30 middle,
778 3365 64 23 when
853 3367 19 22 it
884 3374 74 16 comes
970 3368 34 23 off
1018 3374 23 17 at
1051 3369 39 24 the
1102 3374 43 24 toe,
1160 3368 43 24 and
1216 3367 42 24 has

675 3404 30 15 an
715 3397 65 23 effect
792 3403 40 18 not
842 3399 126 32 altogether
980 3402 125 30 agreeable.
1110 3414 31 5 —
1142 3400 87 25 Punch,

709 3429 50 24 The
771 3431 168 33 Geograppical
951 3434 92 32 Society
1055 3435 43 24 has
1109 3436 57 23 been
1177 3434 81 31 chiefly

675 3463 107 31 occupied
793 3465 23 23 in
834 3467 122 30 arranging
973 3475 30 16 an
1022 3468 130 32 expedition
1169 3472 23 19 to
1211 3467 47 23 dis-

675 3503 65 16 cover
748 3497 39 23 the
798 3497 125 33 beginning
935 3501 43 23 and
996 3501 43 24 end
1057 3502 26 23 of
1099 3501 159 31 Marylebone-

674 3528 50 25 lane
726 3542 31 4 —
758 3538 14 15 a
782 3531 72 30 point,
874 3540 33 16 we
927 3533 94 30 believe,
1045 3542 70 16 never
1134 3538 39 27 yet
1192 3532 66 24 made

674 3561 90 25 known.
808 3564 71 24 Their
898 3567 131 24 researches
1047 3572 23 19 at
1088 3572 92 26 present
1190 3573 68 24 prove

675 3595 47 24 that
738 3595 38 24 the
788 3596 160 33 thoroughfare
964 3601 25 21 in
1004 3601 104 30 question
1120 3608 53 16 runs
1184 3600 24 22 in
1220 3598 37 24 the

674 3628 108 24 direction
801 3630 25 23 of
841 3638 67 24 every
924 3633 65 30 point
1000 3634 25 22 of
1040 3633 38 24 the
1090 3639 110 25 compass,
1213 3631 45 24 and

674 3661 48 23 that
734 3662 17 22 it
762 3662 20 23 is
794 3664 122 29 presumed
927 3670 23 18 to
962 3674 28 22 go
999 3666 57 24 from
1069 3666 38 24 the
1119 3666 138 31 neighbour-

674 3693 59 24 hood
745 3694 25 24 of
785 3695 38 23 the
835 3696 126 26 New-road
973 3704 24 18 to
1013 3707 63 16 some
1093 3699 64 31 point
1176 3699 25 23 in
1218 3697 39 24 the

674 3727 45 31 city
738 3732 38 19 not
795 3734 39 24 yet
853 3732 148 24 ascertained.
1048 3732 68 31 They
1132 3731 57 24 have
1209 3730 48 23 also

674 3760 136 30 discovered,
823 3762 50 24 that
889 3763 37 25 the
939 3765 102 30 singular
1052 3765 83 31 optical
1152 3763 104 25 delusion

673 3793 23 22 in
715 3794 69 30 going
804 3795 65 24 down
890 3796 39 24 the
947 3798 59 23 river
1024 3798 72 23 below
1114 3796 142 28 Greenwich,

671 3825 74 24 which
761 3827 64 30 gives
842 3829 40 23 the
898 3829 64 31 large
982 3830 64 31 ships
1062 3829 40 24 the
1119 3836 139 25 appearance

674 3858 24 23 of
713 3859 82 31 sailing
805 3861 25 22 in
841 3861 39 24 the
889 3862 66 23 fields
967 3862 149 31 and_gardens
1124 3862 84 24 behind
1219 3861 38 24 the

672 3892 85 23 uariius
769 3892 70 24 house
849 3901 30 16 on
888 3894 38 23 the
945 3894 82 29 banks,
1046 3895 21 23 is
1086 3895 82 30 owing,
1174 3899 24 19 to
1219 3894 39 24 the

674 3924 155 25 convolutions
851 3925 26 24 of
900 3926 38 23 the
957 3926 114 30 Thames,,
1088 3927 73 28 which
1185 3928 75 26 twists

1898 3393 63 27 They
1972 3393 48 22 said
2029 3393 49 22 that
2086 3394 140 23 childhood's
2235 3396 72 28 happy
2316 3395 74 28 hours,

1928 3420 66 22 Were
2004 3421 67 21 safest
2079 3421 56 22 from
2146 3421 59 23 life's
2214 3422 67 22 bitter
2290 3427 85 22 storms,

1898 3447 67 22 Were
1976 3454 52 15 ever
2037 3448 95 21 strewed
2140 3448 52 22 with
2202 3452 101 19 sweetest
2312 3448 92 25 flowers.

1926 3473 55 23 And
1990 3473 84 28 lighted
2084 3482 30 20 up
2124 3475 52 22 with
2185 3475 75 22 smiles
2269 3476 44 21 and
2323 3475 75 22 calms.

1899 3510 10 22 I
1919 3517 47 16 was
1976 3517 14 15 a
1999 3510 60 22 child
2064 3511 6 21 !
2085 3509 41 23 but
2136 3510 36 22 Oh
2180 3511 35 21 for
2224 3518 42 19 me,

1925 3537 55 22 Fate
1990 3537 101 23 destined
2100 3537 75 23 thorns
2185 3537 41 23 but
2233 3537 40 22 left
2281 3544 29 15 no
2323 3536 85 22 flowers
2415 3544 6 19 ;

1897 3563 55 23 And
1961 3563 94 23 doomed
2065 3567 23 19 to
2099 3571 45 15 woe
2153 3563 57 23 from
2220 3563 96 27 infancy.

1926 3591 41 26 My
1977 3590 120 22 childhood
2105 3590 79 27 passed
2192 3590 68 22 midst
2269 3589 97 22 tear-full
2373 3588 104 24 showers.

1897 3626 97 23 Youth's
2003 3627 95 27 opening
2107 3633 63 15 morn
2179 3633 44 14 was
2232 3625 51 22 then
2292 3624 122 28 displayed,

1928 3654 28 22 In
1967 3654 90 27 smiling
2065 3653 86 22 colours
2161 3656 22 17 to
2192 3659 38 20 my
2240 3659 38 19 eye
2285 3659 7 19 ;
2349 3661 16 10 --
2390 3671 3 4 .

1897 3680 62 28 They
1970 3680 47 22 said
2027 3680 54 22 each
2091 3679 55 22 hour
2154 3685 43 15 was
2206 3678 72 27 happy
2288 3676 73 28 made,

1926 3708 33 26 By
1970 3713 40 16 our
2019 3714 48 15 own
2075 3704 96 24 bosom's
2180 3707 87 24 extacy.

1898 3743 35 22 Oh
1942 3743 5 22 !
1958 3742 55 23 false
2023 3742 53 22 false
2086 3741 66 22 world
2159 3740 7 22 1
2180 3739 56 23 thou
2246 3739 58 23 dost
2313 3744 41 19 not
2363 3741 74 28 know,

1901 3789 4 4 .
1926 3770 28 22 In
1970 3769 125 26 childhood,
2105 3766 77 29 youth,
2192 3774 26 14 or
2231 3767 132 24 manhood's
2373 3769 79 28 prime,

1897 3796 51 23 One
1957 3796 58 22 horn*
2024 3795 69 22 which
2102 3801 19 14 is
2130 3796 40 19 not
2179 3793 90 28 fraught
2278 3794 54 22 with
2341 3802 55 21 woe,

1924 3823 44 22 For
1979 3829 45 15 woe
2034 3822 61 21 alone
2105 3819 89 28 belongs
2205 3822 23 20 to
2237 3820 61 23 time.

1895 3858 49 23 The
1954 3862 79 18 storms
2043 3856 26 22 of
2078 3854 69 29 youth
2147 3866 27 6 —
2174 3855 39 23 the
2222 3856 70 24 blasts
2301 3854 27 26 of
2338 3865 50 22 age,

1924 3885 45 22 But
1978 3883 79 23 darker
2065 3889 60 20 grew
2134 3889 25 16 as
2169 3882 53 29 they
2232 3890 51 21 pass
2293 3891 28 16 on
2329 3892 6 21 ;

1897 3911 45 22 Tis
1952 3913 22 19 to
1984 3909 123 27 Eternity's
2114 3909 80 28 bright-
2199 3916 65 26 page)

1923 3937 58 23 That
1990 3943 32 15 we
2032 3939 59 19 must
2101 3935 52 23 look
2163 3936 36 24 for
2208 3936 52 24 Dim
2269 3937 73 24 alone.

1326 1550 42 22 We
1380 1550 54 23 have
1446 1551 75 31 rarely
1530 1560 52 15 seen
1596 1561 13 14 a
1618 1561 61 15 more
1686 1554 115 31 imposing
1809 1563 65 23 spec-

1291 1583 56 22 tacle
1360 1583 51 23 than
1424 1583 48 24 that
1493 1585 24 23 of
1532 1585 129 31 yesterday,
1674 1591 23 18 at
1715 1587 38 23 the
1771 1587 102 32 Battery.

1292 1616 50 23 The
1354 1616 58 24 third
1425 1618 141 30 experiment
1587 1619 25 22 of
1629 1619 45 23 Mr.
1696 1620 53 23 Colt
1768 1622 53 22 with
1838 1622 36 22 his

1291 1649 127 23 submarine
1429 1650 90 31 battery
1531 1659 45 15 was
1595 1651 126 25 advertised
1733 1658 23 18 to
1774 1653 29 24 be
1820 1662 52 23 per-

1291 1681 87 24 formed
1390 1683 20 22 in
1424 1684 132 23 connection
1575 1685 54 23 with
1648 1685 36 23 the
1702 1686 125 24 exhibition
1850 1688 25 22 of

1292 1714 38 24 the
1341 1716 119 23 American
1476 1716 115 30 Institute,
1606 1724 22 17 at
1643 1721 15 21 4
1669 1719 96 28 o'clock,
1778 1721 44 22 and
1834 1721 38 23 be-

1291 1746 48 25 fore
1351 1749 68 28 three,
1432 1750 125 23 thousands
1570 1759 58 15 were
1641 1752 103 31 wending
1756 1753 57 24 their
1825 1762 48 22 way

1293 1781 94 23 towards
1401 1782 76 24 Castle
1497 1783 101 24 Garden.
1634 1785 33 23 At
1686 1785 112 32 half-past
1810 1789 14 22 3
1836 1787 38 23 the

1292 1815 70 22 whole
1373 1815 92 31 vicinity
1478 1817 118 30 presented
1611 1825 12 15 a
1634 1822 58 19 most
1705 1820 112 23 animated
1829 1821 42 22 and

1290 1848 133 31 interesting
1451 1857 75 15 scene.
1582 1850 76 24 Castle
1695 1851 92 24 Garden
1825 1862 45 14 was

1291 1881 101 23 crowded
1403 1886 22 18 to
1438 1883 29 22 its
1480 1887 86 18 utmost
1582 1883 69 24 limits
1653 1897 32 3 —
1686 1885 124 24 admission
1822 1887 50 30 fifty

1291 1918 62 19 cents
1363 1923 5 19 ;
1388 1914 36 24 the
1436 1916 60 29 piers
1518 1916 75 23 North
1615 1917 25 22 of
1654 1917 37 23 the
1709 1918 95 31 Battery
1815 1927 56 15 were

1291 1947 86 31 thickly
1389 1947 59 24 filled
1458 1957 5 20 ;
1487 1948 36 23 the
1535 1949 85 23 vessels
1642 1949 34 24 for
1688 1958 13 15 a
1719 1950 55 32 long
1785 1959 46 23 way
1843 1961 30 22 up

1291 1980 39 23 the
1350 1988 59 15 river
1431 1981 55 23 with
1509 1981 59 23 theip
1587 1984 91 29 rigging
1697 1991 58 16 were
1774 1985 100 23 crowded

1292 2013 51 21 with
1356 2013 93 23 clusters
1462 2014 25 22 of
1504 2015 85 22 human
1612 2015 78 31 beings
1700 2025 6 19 ;
1730 2017 38 22 the
1780 2018 92 30 Battery

1290 2052 26 15 so
1327 2045 34 23 far
1372 2053 24 15 as
1408 2046 37 23 the
1458 2054 39 23 eye
1514 2047 65 23 could
1592 2056 37 15 see
1642 2049 83 23 around
1738 2050 26 27 it,
1785 2050 42 23 and
1838 2051 34 22 far

1290 2077 58 23 back
1360 2078 55 23 from
1427 2080 30 22 its
1469 2084 64 18 outer
1545 2080 65 31 edge,
1629 2089 43 15 was
1690 2082 68 23 black
1770 2083 52 23 with
1835 2084 37 22 the

1290 2111 67 22 dense
1370 2112 117 23 multitude
1496 2121 5 15 :
1521 2112 37 24 the
1580 2118 46 19 tree
1648 2119 49 26 tops
1714 2123 57 15 were
1792 2116 60 24 filled
1865 2126 4 19 ;

1290 2144 38 22 the
1348 2145 58 22 roofs
1424 2146 26 22 of
1465 2145 82 24 houses
1570 2147 45 23 and
1634 2147 30 23 all
1684 2148 37 23 the
1742 2151 130 27 prominent

1290 2177 74 30 places
1378 2185 51 16 near
1443 2186 55 15 were
1520 2180 94 23 covered
1624 2189 7 19 ;
1651 2180 37 23 the
1707 2180 80 24 North
1800 2182 69 24 Caro-

1289 2210 47 22 lina
1354 2210 70 23 which
1444 2211 37 31 lay
1500 2213 54 22 with
1577 2213 40 23 her
1638 2213 117 24 broadside
1783 2220 22 18 to
1833 2217 37 22 the

1288 2243 74 28 shore,
1375 2251 14 15 a
1399 2244 56 23 little
1476 2249 22 18 to
1512 2245 37 23 the
1570 2246 74 24 North
1663 2246 23 23 of
1711 2248 38 23 the
1769 2248 100 30 Garden,

1290 2284 44 15 was
1357 2278 133 30 completely
1519 2279 101 23 crowded
1651 2279 44 23 and
1718 2280 42 24 her
1782 2282 89 30 rigging

1288 2309 69 29 filled,
1371 2311 49 27 and,
1434 2316 23 18 at
1469 2319 13 15 a
1500 2311 101 24 distance
1617 2312 25 23 of
1657 2313 66 23 about
1741 2322 43 15 one
1796 2315 75 30 eighth

1288 2343 25 23 of
1330 2351 12 14 a
1354 2343 52 23 mile
1418 2345 62 22 from
1495 2345 36 23 the
1552 2345 97 32 Battery
1667 2347 43 22 and
1728 2347 24 23 in
1773 2356 13 14 a
1804 2348 68 24 direct

1287 2376 46 23 line
1346 2376 98 24 between
1458 2378 37 23 the
1517 2378 94 23 Garden
1631 2379 42 24 and
1692 2380 37 23 the
1742 2380 75 23 North
1829 2381 43 24 end

1288 2410 25 22 of
1329 2409 111 24 Bedlow's
1453 2410 87 29 Island,
1554 2420 80 23 swung
1653 2420 14 15 a
1686 2413 63 30 large
1761 2415 111 30 unrigged

1288 2443 74 22 vessel
1374 2443 24 23 of
1413 2444 77 30 nearly
1503 2446 49 22 300
1573 2450 59 24 tons,
1645 2445 52 24 with
1717 2454 12 15 a
1740 2446 72 32 heavy
1825 2448 47 23 hull

1290 2476 45 23 and
1354 2481 43 18 two
1420 2481 71 19 masts
1514 2478 87 31 capped
1624 2479 29 30 by
1675 2479 86 31 effigies
1771 2489 6 20 ;
1810 2481 62 23 while

1289 2509 86 23 around
1387 2510 38 23 her
1438 2518 57 15 were
1513 2511 95 31 playing
1627 2511 112 24 hundreds
1761 2514 26 22 of
1801 2514 70 29 boats,

1288 2547 114 25 steamers,
1416 2544 82 30 sloops,
1512 2544 75 29 skiffs,
1602 2545 51 28 &c,
1666 2545 61 23 filled
1749 2551 22 18 to
1785 2547 37 23 the
1833 2552 38 18 ut-

1287 2580 60 18 most
1358 2576 52 23 with
1423 2584 60 21 men,
1504 2585 95 21 women,
1613 2579 42 22 and
1676 2578 109 30 children,
1804 2581 23 22 of
1843 2581 29 22 all

1287 2617 54 22 ages
1353 2610 43 22 and
1408 2610 135 24 conditions.

1321 2643 33 23 At
1368 2651 12 14 a
1393 2648 91 26 quartet
1493 2644 77 23 before
1577 2646 17 21 4
1606 2652 13 15 a
1627 2652 46 23 gun
1681 2645 57 24 from
1749 2646 38 23 the
1796 2645 76 24 North

1288 2674 107 25 Carolina
1405 2685 58 22 gave
1476 2681 52 19 note
1538 2678 25 22 of
1572 2679 150 29 preparation.
1759 2679 51 23 The
1821 2688 50 15 sur-

1286 2709 112 31 rounding
1409 2710 56 22 craft
1476 2709 74 31 began
1561 2715 23 18 to
1596 2719 88 15 remove
1697 2716 22 18 to
1731 2720 14 15 a
1755 2713 58 23 little
1825 2713 46 22 dis-

1288 2746 64 19 tance
1363 2742 55 23 from
1435 2743 38 23 the
1486 2744 80 28 vessel,
1589 2752 14 14 a
1616 2744 63 23 small
1691 2745 56 23 boat
1759 2752 58 16 went
1834 2751 38 18 out

1288 2779 21 18 to
1323 2775 65 23 make
1399 2784 117 22 necessary
1528 2783 177 25 arrangements,
1718 2779 45 22 and
1773 2779 52 23 both
1834 2779 38 23 the

1286 2806 78 25 North
1380 2808 104 25 Carolina
1497 2810 44 23 and
1554 2810 38 24 the
1610 2812 109 29 unrigged
1731 2812 52 31 ship
1795 2820 77 22 swung

1286 2842 71 22 round
1371 2841 56 24 their
1439 2843 131 23 broadsides
1581 2845 95 22 towards
1687 2845 37 22 the
1733 2845 103 23 Garden.
1839 2858 33 4 —

1286 2873 77 32 Every
1377 2875 64 31 thing
1450 2883 46 16 was
1508 2884 51 15 now
1568 2878 56 29 quit,
1638 2877 42 23 and
1693 2878 36 22 the
1737 2883 65 25 great
1813 2878 58 23 mul-

1287 2907 70 24 titude
1370 2916 55 15 were
1437 2909 88 23 hushed
1537 2910 24 22 in
1580 2911 150 29 expectation.
1768 2911 49 22 The
1829 2919 42 15 sun

1286 2940 70 23 shone
1368 2947 38 17 not
1415 2942 99 30 brightly
1525 2943 100 30 enought
1636 2948 21 18 to
1666 2943 77 24 dazzle
1754 2944 37 23 the
1801 2944 69 31 sight,

1286 2973 44 23 and
1342 2974 29 23 all
1382 2975 70 30 gazed
1463 2975 54 23 with
1528 2975 61 24 fixed
1607 2976 141 23 intenseness
1762 2984 60 24 upon
1834 2977 37 23 the

1286 3007 59 31 ship.
1381 3008 31 22 At
1420 3016 12 14 a
1444 3008 58 23 little
1514 3008 57 23 after
1581 3010 16 21 4
1606 3017 13 14 a
1631 3009 72 30 signal
1712 3017 47 23 gun
1771 3010 100 23 sounded

1286 3040 58 24 from
1356 3041 38 23 the
1407 3040 107 24 Carolina
1524 3050 6 19 ;
1550 3041 94 23 another
1657 3042 92 31 quickly
1761 3043 108 29 followed,

1286 3073 44 24 and
1342 3074 52 23 with
1405 3074 37 23 the
1455 3074 118 31 explosion
1585 3075 25 22 of
1620 3075 37 23 the
1670 3075 66 29 third,
1756 3076 38 23 the
1805 3081 65 26 great

1285 3106 57 23 bulk
1353 3107 89 23 seemed
1452 3107 65 23 lifted
1529 3107 29 31 by
1569 3108 29 22 its
1612 3109 62 22 waist
1683 3109 59 23 from
1755 3109 37 23 the
1803 3114 68 18 water

1286 3139 29 31 by
1333 3147 61 16 some
1415 3148 87 15 unseen
1520 3148 84 24 power,
1624 3141 37 23 the
1679 3141 49 24 bow
1745 3142 45 23 and
1808 3147 61 18 stern

1286 3173 61 23 sunk
1358 3173 95 30 heavily,
1473 3174 44 22 and
1537 3173 37 23 the
1592 3174 72 24 whole
1682 3182 44 16 was
1748 3175 122 32 enveloped

1285 3205 29 31 by
1327 3215 13 14 a
1350 3207 58 31 huge
1419 3207 46 31 pile
1477 3207 25 23 of
1512 3207 68 23 dense
1592 3207 61 29 mist,
1669 3215 62 16 some
1744 3212 43 19 two
1798 3208 72 23 hund-

1285 3239 41 23 red
1338 3240 45 23 feet
1400 3241 23 22 in
1435 3240 109 24 diametre
1564 3241 45 23 and
1627 3241 68 23 about
1715 3241 77 32 eighty
1808 3241 61 32 high,

1286 3271 98 33 through
1397 3273 73 24 which
1481 3281 50 15 now
1540 3273 45 24 and
1596 3273 55 24 then
1663 3281 56 16 were
1731 3282 54 15 seen
1796 3275 75 30 pieces

1286 3306 25 22 of
1321 3306 87 29 timber,
1420 3307 26 23 of
1464 3306 74 24 which
1549 3314 57 16 even
1618 3306 38 24 the
1667 3307 70 31 shape
1750 3307 65 24 could
1831 3312 40 19 not

1285 3338 28 23 be
1324 3340 91 30 gussed.
1451 3339 31 24 In
1491 3340 68 23 about
1571 3348 13 15 a
1596 3341 85 22 minute
1692 3340 39 23 the
1741 3341 71 23 whole
1824 3346 46 18 set-

1287 3371 46 23 tled
1349 3372 71 29 down,
1440 3372 44 24 and
1500 3381 14 15 a
1534 3373 61 30 large
1617 3372 73 29 circle,
1709 3374 107 30 covering
1832 3374 38 23 the

1285 3410 55 25 spot,
1347 3405 71 24 where
1438 3406 39 23 the
1494 3406 51 30 ship
1557 3406 46 23 had
1620 3406 71 28 stood,
1710 3414 47 15 was
1775 3407 95 23 strewed

1286 3438 87 31 thickly
1394 3446 51 16 over
1464 3438 55 24 with
1536 3439 125 30 fragments
1678 3439 24 23 of
1716 3438 39 24 the
1776 3440 94 23 doomed

1285 3472 73 23 vessel
1358 3484 34 4 —
1393 3471 35 24 the
1440 3472 86 30 largest
1544 3472 64 30 piece
1625 3472 68 30 being
1704 3480 14 15 a
1734 3472 72 30 slight
1816 3480 54 24 por-

1285 3504 47 23 tion
1350 3505 25 23 of
1392 3505 36 23 the
1446 3504 50 24 hull
1515 3504 105 24 attached
1640 3509 22 19 to
1681 3505 39 23 the
1740 3506 129 24 mainmast.

1285 3536 76 25 Never
1378 3537 55 24 have
1446 3545 32 16 we
1498 3545 56 16 seen,
1565 3546 13 14 a
1596 3546 62 15 more
1670 3538 135 32 completely
1817 3547 52 15 suc-

1285 3571 84 23 cessful
1385 3572 148 30 experiment.
1570 3570 51 24 The
1642 3571 117 31 explosion
1770 3579 46 16 was
1834 3577 35 18 at-

1284 3604 82 24 tended
1383 3604 53 23 with
1456 3612 14 16 a
1488 3611 59 23 very,
1554 3603 71 32 slight
1639 3605 63 23 noise
1703 3617 32 4 —
1737 3605 133 31 completely

1285 3636 100 24 silenced
1394 3637 29 31 by
1432 3636 40 24 the
1484 3638 102 30 superior
1598 3637 72 24 sound
1679 3638 25 23 of
1712 3638 38 23 the
1761 3646 47 23 gun
1815 3638 55 23 fired

1284 3673 23 19 at
1325 3669 37 24 the
1380 3678 61 16 same
1455 3672 94 22 instant.
1587 3670 51 24 The
1653 3671 65 23 boats
1735 3671 74 23 which
1826 3671 44 23 had

1284 3702 137 24 surrounded
1441 3703 38 24 the
1491 3703 75 24 vessel
1585 3711 49 16 now
1653 3704 84 23 rushed
1757 3705 24 22 in
1793 3709 22 19 to
1832 3704 37 23 in-

1284 3739 63 26 spect
1357 3735 41 24 her
1408 3736 76 24 wreck
1491 3745 6 20 ;
1511 3736 45 24 and
1565 3744 77 16 scores
1651 3737 25 23 of
1683 3737 40 23 life
1730 3744 139 24 preservers,

1282 3766 41 25 life
1340 3773 89 24 settees,
1447 3769 40 24 life
1504 3769 81 31 buoys,
1604 3769 39 24 life
1660 3770 71 28 boats,
1754 3770 43 24 &c.
1815 3770 53 29 &c,

1283 3800 73 24 which
1368 3802 44 22 had
1420 3802 59 23 been
1489 3806 42 27 put
1543 3810 30 15 on
1580 3802 78 28 board,
1672 3810 58 16 were
1737 3803 83 31 picked
1829 3811 38 24 up.

1283 3833 24 23 A
1317 3834 46 23 fine
1382 3835 66 22 brass
1460 3835 57 22 band
1530 3835 31 22 in-
1574 3835 39 23 the
1625 3835 94 24 Garden
1737 3836 80 24 struck
1837 3844 31 23 up

1309 3866 56 24 Hail
1540 3867 44 23 and
1596 3867 39 23 the
1646 3872 63 26 great
1721 3868 84 31 throng
1814 3869 54 23 with

1283 3906 14 16 a
1309 3899 143 24 tremendous
1471 3899 69 23 shout
1549 3900 75 30 began
1641 3904 22 19 to
1680 3899 110 33 disperse.
1825 3901 44 23 We

1284 3931 57 24 have
1359 3939 28 16 no
1399 3931 71 24 doubt
1481 3936 49 19 tnat
1547 3936 24 19 at
1587 3932 59 25 least
1662 3934 95 27 40,000
1774 3941 95 24 persons
1877 3923 2 35 I

1274 3957 39 42 %

586 32 97 47 gf)g
706 33 119 42 TSfetP
850 33 210 44 gcatattft
1076 36 198 48 mamit
1298 40 91 47 *n&
1410 40 301 49 miOtngtott
1735 41 254 50 &ptttator»

1905 134 154 33 lookecTupon
2068 137 45 23 this
2125 141 146 28 experiment.
2306 141 50 23 The
2366 142 120 32 Secretary

1907 167 25 23 of
1940 167 64 30 War,
2019 169 50 23 with
2081 170 56 30 Adj.
2151 171 59 25 Gen.
2221 173 76 29 Jones,
2307 174 85 23 viewed
2400 176 19 22 it
2427 175 59 24 from

1907 200 37 23 the
1955 200 79 24 North
2052 202 112 25 Carolina.
2199 205 38 23 No
2255 214 59 21 man,
2333 206 59 24 after
2408 209 79 30 seeing

1906 233 57 23 such
1980 242 30 14 an
2026 236 139 29 experiment
2185 245 25 15 as
2229 239 50 29 this,
2300 247 43 16 can
2361 240 70 23 doubt
2448 240 38 24 the

1906 265 79 31 ability
1998 266 24 23 of
2039 267 44 23 this
2095 268 87 31 battery
2193 275 23 18 to
2228 275 81 20 scatter
2325 273 24 22 in
2359 273 127 30 fragments

1906 305 53 16 over
1971 299 37 23 the
2020 305 67 18 water
2099 309 12 15 a
2123 303 71 23 vessel
2207 303 25 23 of
2248 312 42 22 any
2301 306 47 22 size
2357 314 5 20 ;
2383 306 37 23 the
2433 306 53 31 only

1906 332 104 28 question
2022 333 52 22 with
2090 341 44 23 any
2145 342 41 16 one
2198 336 20 23 is
2230 335 48 24 how
2291 337 36 23 the
2344 339 81 29 engine
2444 346 42 16 can

1905 363 29 23 be
1952 364 77 30 placed
2042 366 70 23 under
2129 367 37 23 the
2184 368 52 31 ship
2247 369 93 23 without
2351 370 38 23 the
2406 371 80 23 know-

1905 395 71 31 ledge
1993 398 26 22 of
2034 397 63 24 those
2114 407 28 15 on
2158 400 78 24 board.
2271 402 75 23 There
2363 411 38 15 are
2419 412 69 22 many

1906 436 60 24 ways
1978 430 23 23 in
2012 430 71 24 which
2102 432 43 23 this
2157 433 72 30 might
2248 435 26 23 be
2285 435 65 29 done,
2361 435 43 24 but
2414 437 74 23 which

1906 461 26 23 of
1941 462 60 24 them
2015 463 47 24 Mr.
2076 465 52 23 Colt
2139 467 101 30 employs
2252 467 26 24 he
2289 467 94 24 chooses
2395 473 22 18 to
2429 468 58 32 keep

1906 499 23 18 to
1940 494 98 25 himself.
2041 509 33 4 —
2074 496 58 24 New
2145 498 61 24 York
2218 499 101 30 Tribune,
2335 500 54 24 Oct.
2403 501 39 24 19.

1939 549 44 24 We
1996 558 56 23 copy
2060 552 37 23 the
2108 553 116 32 following
2235 556 62 31 pithy
2306 563 179 18 announcement

1905 582 59 23 from
1976 583 38 23 the
2025 583 126 32 Singapore
2162 586 60 23 Free
2232 588 72 23 Press
2313 598 6 13 :—:
2321 601 34 5 —

2072 635 32 4 —
2106 622 58 24 Last
2191 625 64 23 week
2283 630 42 19 two
2354 635 52 16 men
2422 635 65 16 -were

1907 653 87 24 carried
2007 654 33 24 off
2053 655 30 30 by
2095 664 13 15 a
2120 657 57 30 tiger
2196 665 29 15 on
2244 667 27 14 an
2290 664 71 18 estate
2382 661 78 23 within
2474 669 14 15 a

1907 685 53 23 mile
1973 687 45 23 and
2029 696 13 14 a
2053 687 50 24 half
2118 689 22 23 of
2158 689 36 24 the

1940 723 69 24 From
2022 725 37 23 the
2072 734 51 21 easy
2137 727 164 25 non-chalance
2319 730 24 23 in
2361 730 76 24 which
2449 731 37 24 the

1907 755 82 25 Editor
2000 766 96 22 conveys
2109 759 38 24 the
2166 761 143 31 intelligence
2327 762 26 23 of
2367 763 38 23 the
2417 764 70 23 above

1905 788 53 30 fact,
1972 797 33 16 we
2017 799 36 15 are
2065 792 35 22 led
2113 797 22 18 to
2154 794 109 23 conclude
2276 795 47 22 that
2344 796 17 22 it
2373 797 20 21 is
2412 804 42 16 one
2466 797 24 23 o£

1906 822 106 31 ordinary
2034 832 141 22 occurrence,
2199 827 44 23 and
2265 828 48 23 that
2336 828 46 23 this
2402 829 86 31 trifling

1905 854 49 24 risk
1965 861 61 18 must
2039 858 26 22 be
2078 858 112 24 reckoned
2202 867 82 24 among
2295 861 37 23 the
2371 861 116 32 pleasures

1905 888 26 22 of
1945 888 38 23 the
1996 895 94 26 country
2128 892 94 30 enjoyed
2238 894 28 29 by
2278 901 41 16 our
2330 895 59 29 good
2401 895 85 23 friends

1905 926 23 17 at
1940 921 136 33 Singapore.

1938 954 43 23 We
1994 964 37 14 are
2043 956 46 23 told
2102 957 29 30 by
2143 966 13 14 a
2175 958 75 23 friend
2267 959 49 23 who
2334 959 42 24 has
2394 960 56 23 been
2462 961 26 22 in

1905 987 75 29 India,
1994 988 47 23 that
2053 990 70 30 tigers
2141 990 55 23 have
2210 999 12 15 a
2236 992 121 29 particular
2370 993 70 23 relish
2452 994 35 23 for

1905 1021 82 22 retired
2001 1022 134 29 merchants,
2147 1023 44 23 and
2205 1024 63 23 other
2286 1032 102 23 persons,
2401 1027 51 22 well
2464 1032 22 17 to

1905 1052 36 29 do,
1963 1053 49 24 who
2032 1055 89 31 usually
2139 1056 43 23 live
2204 1057 23 22 in
2247 1057 37 23 the
2303 1058 110 24 outskirts
2434 1059 25 23 of
2474 1067 14 15 a

1904 1086 64 30 large
1992 1093 66 17 town.
2105 1088 43 23 \Ve
2168 1091 143 23 recommend
2331 1091 30 23 all
2385 1092 56 23 such
2464 1097 22 18 at

1905 1119 126 31 Singapore
2052 1125 22 18 to
2095 1121 85 31 change
2202 1122 57 24 their
2279 1123 145 31 habitations,
2444 1125 43 23 and

1905 1160 63 15 come
1980 1153 44 23 and
2043 1161 54 23 pass
2116 1155 38 23 the
2173 1156 96 30 evening
2286 1157 26 23 of
2326 1157 59 23 their
2398 1157 54 31 days
2464 1159 24 23 in

1904 1185 47 23 this
1963 1186 86 30 colony,
2064 1187 72 23 where
2157 1188 53 31 they
2222 1196 40 16 can
2283 1190 59 23 walk
2362 1191 84 23 abroad
2464 1195 24 19 at

1904 1218 59 23 their
1974 1219 111 30 pleasure,
2099 1220 93 24 without
2205 1222 38 23 the
2261 1222 48 24 fear
2328 1223 25 23 of
2367 1223 121 32 becoming

1904 1251 52 23 food
1968 1252 35 22 for
2015 1253 77 29 tigers.
2094 1265 34 4 —
2132 1253 102 24 Western
2246 1255 135 23 Australian
2387 1263 82 25 paper.
