2540 4020
1897 3872 74 17 Printed
1981 3872 34 17 and
2027 3873 97 20 published
2140 3880 56 17 every
2211 3877 113 22 Wednesday
2339 3879 36 16 and
2386 3877 80 19 Saturday

1919 3893 82 27 morning,
2014 3894 24 19 by
2056 3895 84 18 Samuel
2153 3897 88 20 Retaks,
2258 3901 19 14 at
2292 3899 32 17 the
2340 3899 53 17 Office
2408 3899 19 16 of
2437 3899 29 18 fn«

1919 3917 47 14 ftsw
1978 3915 93 16 Zealand
2082 3916 93 18 Gazette
2186 3922 40 12 ahd
2239 3916 135 21 Wellington
2390 3920 69 15 Smcta

1918 3939 44 14 tok,
1971 3934 150 23 Mutgeri-itript,
2130 3938 114 21 Wellington,
2257 3939 43 18 Port
2311 3940 105 20 Nicholson,
2428 3938 38 17 New

578 43 97 45 Wty
700 43 71 41 Wt
772 42 44 40 to
842 42 207 41 *S*alantr
1073 42 184 46 <3to?ttt*
1283 43 90 38 aim
1394 41 300 47 W^tUinqtoix
1716 40 256 48 &pect*tor*

180 132 76 20 Land
265 131 42 21 for
322 131 59 21 Sale
397 133 28 19 at
438 129 105 23 Karori.

75 163 89 49 TEN
177 162 96 22 ACRES
287 162 26 21 of
326 162 86 21 Yule's
431 161 108 22 favourite
558 161 91 26 section,

148 189 99 27 together
261 196 25 14 or
300 192 107 23 separate,
424 188 84 27 having
522 194 13 14 a
553 187 98 26 frontage

71 219 56 19 next
140 216 38 21 the
192 215 61 27 road,
269 215 71 22 which
355 215 19 21 is
389 215 92 27 already
488 213 66 23 made
569 217 49 24 past
627 214 22 21 it.

74 243 73 27 Apply
157 246 22 17 to

445 267 44 22 Mr.
505 267 118 21 Brandon.

100 295 97 26 January
207 296 34 25 13,
253 296 60 21 1843.

73 340 84 24 Land,
169 340 53 20 and
236 339 158 21 unselected
406 338 78 20 Land
499 338 96 19 Orders
610 336 41 21 for

194 366 68 24 Sale,
279 370 36 16 <m
328 365 96 20 liberal
439 366 90 19 terms.

73 399 67 48 TO
156 399 37 21 BE
209 399 85 24 SOLD,
312 399 28 26 by
354 398 85 27 private
457 404 41 15 con
501 399 60 24 tract,
583 396 69 26 single

134 426 93 21 sections
237 432 26 14 on
275 425 36 21 the
322 424 105 27 principal
434 423 55 22 lines
498 423 22 21 in
530 423 36 21 the
577 423 75 21 vallies

72 452 26 20 of
109 452 37 22 the
158 452 57 21 Hutt
225 451 42 21 and
277 451 37 21 the
333 450 120 26 Horokiwi,
465 450 43 21 and
526 457 27 14 on
562 450 37 21 the
609 449 43 21 Po-

71 479 60 20 rirna
140 478 62 21 Road
211 486 5 18 ;
232 478 45 20 also
293 477 76 21 blocks
387 477 24 21 of
422 477 60 26 land,
502 476 24 21 of
538 480 42 18 two
595 476 56 21 hun-

72 505 54 21 dred
145 504 43 21 and
207 504 61 21 three
287 504 103 21 hundred
409 510 63 14 acres
489 503 61 25 each,
570 504 23 20 in
615 502 37 21 the

70 531 124 21 immediate
204 531 92 26 vicinity
307 531 24 20 of
343 530 38 22 the
392 530 66 20 Town
472 530 24 20 of
507 530 144 26 Wellington.

70 557 61 27 Also,
143 557 74 21 orders
232 557 33 21 for
282 561 96 23 country
387 556 52 22 land
456 556 43 21 still
515 555 135 26 unselected,

70 584 69 20 either
149 584 71 26 singly
231 591 23 13 or
264 584 23 20 in
298 584 49 26 lots,
359 583 45 21 and
414 582 52 22 with
477 590 24 14 or
512 582 93 22 without
615 582 36 21 the

69 610 66 22 Town
147 610 76 25 Acres,
234 613 21 18 to
265 610 45 21 suit
319 610 137 26 purchasers.

98 637 72 27 Apply
180 640 22 17 to
213 637 38 21 Dr.
263 636 84 27 Evans,
361 636 109 21 Lambton
482 636 70 27 Quay.

71 667 21 21 A
102 667 76 22 liberal
190 667 70 21 credit
268 667 66 27 given
347 671 22 17 to
378 667 136 26 respectable
525 667 128 27 purchasers

159 694 115 26 intending
284 697 21 18 to
317 694 63 21 settle
392 701 57 20 upon
461 693 37 22 the
508 694 58 21 land.

281 739 163 27 Wanganui.

70 774 67 30 npo
152 774 65 25 LET,
234 781 12 13 a
261 773 152 22 commodious
432 772 113 22 residence
561 773 25 21 of
601 772 48 21 four

77 794 28 29 JL
144 807 77 18 rooms,
234 800 74 25 facing
319 800 36 20 the
366 799 57 21 river
430 807 5 17 ;
451 799 128 27 plate-glass
588 799 63 21 doors

71 825 44 22 and
126 826 108 25 windows,
246 826 51 21 with
314 825 73 26 cellar,
398 825 43 21 and
457 832 13 14 a
484 825 99 27 spacious
599 825 54 21 floor

72 853 76 21 above.
187 852 89 22 Garden
296 853 21 21 in
338 851 40 23 full
395 851 137 22 cultivation.
567 852 84 26 Terms,

71 879 46 21 £30
127 886 39 19 per
175 886 92 14 annum.

98 905 54 21 Also
162 912 12 14 a
185 905 89 26 similar,
284 905 40 21 but
333 904 72 27 larger
414 904 122 22 residence.
568 904 83 24 Terms,

71 932 46 23 £40
126 939 38 20 per
174 938 89 15 annum.
294 931 73 28 Apply
377 935 22 22 Jo

497 958 44 22 Dr.
557 958 68 22 Rees.

75 985 87 33 _April
175 987 32 25 18,
221 986 60 20 1843.

70 1030 38 19 To
126 1030 160 20 Gentlemen
301 1029 146 27 intending
461 1031 27 19 to
505 1032 74 18 enter
593 1031 58 20 into

96 1057 45 19 the
168 1057 142 24 profitable
340 1057 108 24 pursuit
477 1057 29 20 of
533 1057 120 26 Grazing

97 1082 54 20 and
171 1083 136 26 Breeding
325 1083 91 24 Stock,
439 1083 42 21 for
500 1084 87 20 which
609 1085 42 19 the

96 1109 87 20 fertile
204 1109 109 20 Islands
335 1110 30 20 of
382 1109 69 21 New
468 1111 120 21 Zealand
608 1116 43 15 are

95 1141 31 14 so
141 1135 150 26 peculiarly
306 1137 125 25 adapted.

70 1169 91 48 THE
172 1169 150 26 undersigned
333 1170 43 26 beg
385 1173 22 18 to
414 1170 81 22 inform
506 1171 146 21 theirfriends

140 1196 44 21 and
201 1195 36 22 the
252 1196 74 26 public
343 1197 120 26 generally,
481 1197 47 22 that
545 1198 52 27 they
608 1198 44 22 will

70 1225 97 18 contract
192 1223 34 21 for
244 1222 38 21 the
307 1223 98 27 delivery
432 1224 25 21 of
478 1224 36 21 the
540 1224 113 28 following

70 1249 132 26 description
216 1249 25 21 of
248 1248 73 28 Stock,
329 1250 25 21 in
362 1257 44 19 any
416 1250 53 21 Port
479 1250 25 21 of
517 1250 37 22 the
564 1252 89 21 Islands

72 1276 24 20 of
103 1276 54 21 New
168 1275 99 22 Zealand
275 1283 4 14 :
281 1287 29 4 —

98 1301 94 22 Horned
207 1302 66 22 cattle
291 1303 125 27 (improved
428 1304 89 26 breeds)
533 1304 26 22 of
571 1304 29 22 all
615 1304 38 22 de-

71 1328 123 27 scriptions,

98 1354 90 27 Horses,
210 1356 57 21 from
289 1356 37 21 the
349 1356 50 21 best
418 1356 92 28 English
530 1358 45 21 and
591 1358 62 21 Arab

70 1381 69 26 studs,
156 1382 93 21 suitable
265 1382 35 21 for
317 1384 85 26 racing,
418 1384 82 27 saddle,
512 1392 24 13 or
548 1384 90 22 harness
646 1393 5 19 ;

70 1408 44 21 and
123 1408 105 27 breeding
239 1417 79 19 mares,

98 1435 56 21 Pure
164 1436 73 20 Saxon
249 1436 44 21 and
303 1436 85 21 merino
400 1444 63 20 ewes,

97 1461 118 22 Half-bred
232 1462 113 21 Leicester
359 1463 45 21 and
420 1464 85 21 merino
524 1471 63 19 ewes,
604 1473 50 19 par-

71 1488 101 26 ticularly
181 1488 94 28 adapted
289 1488 35 22 for
334 1489 42 21 this
387 1493 100 24 country,
498 1498 24 14 as
532 1491 53 27 they
591 1492 62 21 unite

72 1514 79 26 weight
160 1515 27 20 of
192 1523 85 14 carcass
289 1516 51 21 with
350 1516 96 21 fineness
457 1517 25 20 of
489 1518 63 21 wool.

96 1541 47 21 The
166 1542 149 26 undersigned
339 1549 41 14 can
408 1544 165 22 accommodate
601 1552 52 20 pur-

71 1567 87 22 chasers
173 1569 26 20 of
212 1568 56 22 their
279 1569 66 21 Stock
363 1569 53 21 with
433 1571 113 21 extensive
561 1572 92 26 grazing

69 1601 60 16 runs,
141 1594 75 22 within
227 1597 40 20 100
277 1596 63 21 miles
351 1596 24 21 of
382 1596 43 21 this
437 1596 58 22 Port.

329 1629 33 21 W.
379 1629 25 21 B.
420 1630 95 22 Rhodes
529 1631 42 21 and
587 1632 37 21 Co.

204 1679 86 20 Town
307 1679 31 20 of
350 1680 166 21 Manewatu.

71 1711 89 48 THE
183 1711 212 23 PROPRIETORS
421 1713 25 21 of
470 1713 37 22 the
529 1714 60 22 three
604 1715 49 22 first

156 1737 88 22 choices
260 1742 22 18 at
292 1740 37 21 the
347 1739 43 21 last
405 1740 104 22 selection
521 1742 24 20 of
560 1746 92 23 country

68 1764 69 26 lands,
150 1764 84 27 having
253 1765 137 22 determined
405 1774 59 18 upon
482 1767 37 22 the
536 1768 40 21 site
590 1768 34 22 for
639 1776 13 14 a

81 1798 93 21 TOWN
190 1798 42 22 ON
246 1799 65 22 TPIE
327 1800 188 22 MANEWATU
529 1802 106 27 RIVER,

68 1829 56 21 after
129 1831 78 19 several
214 1831 60 20 visits
283 1834 21 18 to
314 1831 38 21 the
361 1831 184 29 neighbouroood,
557 1834 45 21 and
613 1835 38 21 the

69 1860 57 18 most
143 1857 85 21 careful
246 1857 45 21 and
309 1858 83 22 minute
412 1860 148 21 examination
576 1861 25 21 of
614 1862 37 21 the

68 1888 71 16 tfutire
155 1885 91 26 district,
261 1884 66 22 aided
343 1885 30 26 by
382 1885 36 22 the
436 1886 142 27 professional
592 1888 57 27 skill,

66 1920 22 12 <.
100 1910 104 27 owledge,
223 1911 45 21 and
282 1912 130 27 experience
428 1913 25 21 of
463 1913 38 21 the
517 1918 59 17 most
590 1921 61 14 com-

67 1941 76 22 petent
150 1937 88 27 judges,
254 1944 94 21 propose
362 1941 23 19 to
402 1939 52 21 offer
466 1940 32 21 for
515 1940 102 28 disposal,
629 1946 23 17 at

216 1963 37 22 the
268 1968 88 23 present
365 1965 60 26 time,
437 1965 67 22 about

68 1994 216 23 TWENTY-FIVE
320 1996 105 26 ACRES,
465 1997 34 22 IN
536 1998 115 23 ALLOT-

68 2021 112 26 MENTS,
195 2022 85 21 EACH
301 2022 40 21 OF
365 2022 63 21 ONE
449 2023 147 24 QUARTER
611 2026 39 21 OF

283 2048 43 21 AN
343 2048 90 22 ACRE.

92 2083 48 21 The
149 2086 49 25 spot
207 2083 50 21 thus
267 2082 95 22 selected
374 2090 110 20 possesses
494 2083 36 22 the
540 2088 57 18 most
613 2093 38 15 ex-

67 2110 84 21 tensive
166 2110 99 27 frontage
281 2113 21 17 to
320 2110 55 26 deep
388 2114 67 18 water
470 2111 26 21 of
507 2118 43 21 any
566 2120 27 13 on
613 2113 37 21 the

67 2137 64 21 river.
160 2137 21 21 It
199 2136 18 22 is
236 2137 96 21 situated
347 2136 47 26 just
407 2140 22 18 at
445 2137 48 21 that
512 2139 62 25 point
592 2139 58 22 from

129 2163 71 21 which
211 2170 12 14 a
233 2163 53 21 road
297 2163 72 21 would
380 2163 82 22 branch
474 2164 33 22 off
513 2168 22 18 to
545 2165 37 21 the

67 2197 93 14 WOODED
185 2197 44 14 AND
251 2197 97 14 FERTILE
369 2197 115 15 DISTRICTS
506 2198 75 16 ALONG
605 2200 45 14 THE

236 2224 55 14 BASH
307 2224 26 14 Or
347 2224 45 13 THE
408 2224 73 19 HILLS,

67 2243 43 21 and
124 2243 69 21 above
204 2242 71 22 which
286 2243 36 21 the
337 2243 127 26 navigation
478 2246 34 19 tor
522 2245 80 21 vessels
611 2245 40 22 be-

67 2276 73 16 comes
150 2270 85 25 tedious,
246 2270 24 25 if
275 2272 37 18 not
321 2271 86 25 difficult
445 2270 21 21 Tt
474 2271 16 21 is
498 2271 106 23 therefore
612 2273 38 21 the

264 2297 62 26 point
336 2297 71 21 whoro
419 2296 35 22 lite

58 2349 2 5 ,
68 2330 87 22 LAND
171 2331 66 21 AND
253 2330 113 22 WATER
380 2330 161 23 CARRIAGE
556 2332 93 22 MEET,

67 2362 44 21 and
122 2362 71 22 where
203 2370 13 14 a
226 2363 68 21 Town
312 2370 59 14 must
387 2370 27 14 be
430 2370 89 14 tormkd
536 2363 63 22 when
611 2365 38 21 the

68 2388 84 22 district
166 2389 19 21 is
195 2389 86 21 settled.
312 2389 21 21 It
343 2396 43 14 was
396 2389 95 22 selected
507 2391 30 26 by
547 2391 36 21 the
597 2391 52 21 Sur-

67 2415 80 27 veying
157 2415 57 21 Staff
227 2423 23 14 as
261 2416 36 21 the
307 2415 136 22 rendezvous
452 2416 36 22 for
503 2417 56 21 their
573 2417 59 28 body
642 2426 6 19 ;

68 2442 42 20 and
120 2442 40 20 has
169 2442 56 21 been
236 2449 49 15 now
300 2442 75 27 found,
387 2443 56 21 after
453 2443 85 22 several
554 2445 95 21 months'

67 2468 102 26 location,
181 2473 21 16 to
217 2469 27 21 be
254 2468 36 22 the
301 2472 57 18 most
373 2469 163 28 advantageous
546 2471 102 27 position,

68 2495 56 21 from
140 2496 27 20 its
182 2495 96 27 peculiar
300 2496 83 27 facility
400 2496 25 22 of
436 2497 111 27 approach
558 2497 51 22 both
620 2499 29 26 by

68 2522 52 20 land
129 2522 45 20 and
184 2525 72 18 water.

96 2548 26 21 In
133 2549 149 21 confirmation
295 2549 27 21 of
326 2549 37 21 the
374 2549 130 27 superiority
514 2550 26 22 of
548 2550 42 22 this
600 2555 49 23 spot

67 2582 52 14 over
127 2582 45 20 any
182 2575 62 21 other
252 2579 37 23 yet
300 2576 87 26 known,
399 2576 37 21 the
448 2577 88 21 Messrs.
546 2577 102 28 Kebbell,

68 2602 56 21 after
141 2601 37 22 the
198 2602 148 22 examination
364 2603 26 21 of
406 2603 36 21 the
461 2604 58 22 river
535 2604 56 22 from
611 2605 37 21 the

68 2628 88 21 Paneiri
166 2628 45 22 Pah
222 2633 23 17 to
254 2629 28 21 its
292 2628 84 27 mouth,
388 2629 138 23 determined
540 2638 28 14 on
579 2636 70 17 erect-

304 2656 37 26 ing
354 2656 59 22 their

68 2688 65 22 SAW
147 2689 80 21 MILL
249 2689 228 22 IMMEDIATELY
491 2690 157 23 OPPOSITE.

67 2719 48 22 The
132 2720 70 21 works
221 2720 25 21 of
261 2720 49 21 that
318 2724 3 6 '
328 2720 167 23 establishment
513 2729 36 14 are
568 2725 23 19 at
607 2723 42 21 this

69 2750 98 18 moment
185 2746 22 21 in
223 2746 63 28 rapid
301 2753 107 20 progress,
425 2747 43 21 and
488 2748 36 22 the
541 2750 107 26 proposed

68 2773 68 21 Town
146 2773 43 21 will
199 2774 132 25 necessarily
337 2774 91 23 partake
435 2774 25 21 of
466 2774 42 22 this
518 2774 130 29 advantage.

95 2799 48 22 The
162 2799 91 22 nucleus
268 2800 26 21 of
310 2807 12 13 a
343 2799 66 22 Town
424 2801 25 25 is,
460 2800 22 22 in
497 2802 51 26 fact,
560 2802 89 28 already

68 2825 96 25 created,
174 2826 28 26 by
213 2826 36 21 the
261 2826 162 21 concentration
440 2827 25 21 of
479 2827 37 22 the
527 2829 122 27 Surveying

69 2852 57 21 Staff
133 2859 29 14 on
172 2852 48 22 that
229 2857 55 23 spot,
295 2859 24 15 as
329 2853 35 21 the
376 2857 73 18 centre
465 2854 25 21 of
501 2856 148 22 communica-

68 2880 46 20 tion
125 2882 23 18 to
159 2879 35 22 the
204 2878 147 28 surrounding
361 2878 96 29 district;
474 2880 36 22 the
521 2883 97 21 erection
628 2884 25 20 of

68 2906 91 21 Messrs.
171 2906 113 21 Kebbell's
300 2906 48 21 Saw
364 2906 63 23 Mills
444 2908 109 27 opposite;
569 2910 30 26 by
613 2910 36 22 the

68 2936 162 23 arrangements
245 2932 34 21 for
293 2940 29 14 an
338 2934 113 21 extensive
463 2935 96 22 General
572 2937 62 21 Store
642 2944 6 19 ;

68 2960 44 20 and
122 2959 28 27 by
159 2959 36 22 the
205 2959 43 22 late
258 2959 132 27 application
397 2960 33 21 for
439 2968 13 14 a
458 2961 108 22 Licensed
572 2963 76 21 House

67 2993 28 14 on
105 2985 36 22 the
148 2990 51 27 part
209 2986 25 21 of
246 2993 27 14 an
284 2986 122 21 individual
420 2987 48 22 who
484 2988 46 27 has,
541 2989 60 22 since
613 2990 36 21 the

67 3012 117 22 formation
201 3013 26 21 of
242 3012 36 22 the
295 3012 90 28 Colony,
402 3015 95 25 pursued
513 3023 13 14 a
544 3016 105 22 lucrative

68 3039 62 21 trade
141 3039 51 21 with
202 3039 37 21 the
249 3039 92 27 natives,
354 3040 45 21 and
409 3040 72 22 whose
491 3042 130 28 knowledge
629 3044 24 20 of

69 3066 37 21 the
115 3065 136 27 advantages
260 3066 25 21 of
291 3066 38 21 the
339 3066 100 27 position,
447 3069 115 27 prompted
570 3069 48 22 him
628 3073 23 18 at

68 3099 56 14 once
135 3096 22 17 to
166 3092 73 26 prefer
247 3092 48 21 that
308 3092 140 26 application.

94 3118 48 21 The
152 3118 92 21 Natives
259 3118 30 27 by
298 3122 71 18 whom
386 3120 43 21 this
439 3120 52 22 land
503 3129 43 14 was
556 3122 93 23 claimed

68 3151 37 14 are
115 3145 60 27 quite
185 3145 108 27 prepared
302 3149 21 18 to
332 3146 49 26 give
389 3153 29 21 up
425 3149 129 26 possession,
562 3150 46 21 and
613 3158 36 14 are

68 3172 144 26 exceedingly
222 3172 93 21 anxious
327 3177 22 16 to
366 3172 55 22 have
432 3181 12 13 a
454 3174 117 28 European
580 3183 69 21 popu-

67 3197 67 22 lation
146 3205 80 19 among
237 3198 66 26 them,
315 3198 82 28 having
413 3200 56 22 been
478 3209 59 19 upon
547 3202 36 21 the
594 3207 57 18 most

67 3224 95 27 friendly
169 3224 85 28 footing
264 3225 53 21 with
326 3225 37 21 the
374 3227 124 28 Surveying
508 3229 56 22 Staff
570 3229 80 28 during

64 3251 39 21 the
112 3251 50 22 four
171 3258 24 14 or
204 3251 43 22 five
256 3251 88 22 months
353 3252 53 27 they
426 3252 56 23 have
498 3255 55 22 been
562 3256 88 22 located

64 3278 70 21 there.

94 3304 32 21 As
137 3304 36 21 the
180 3304 137 27 Proprietors
326 3312 93 20 purpose
428 3310 21 18 to
460 3307 85 28 dispose
556 3309 25 22 of
588 3310 40 22 but
636 3318 13 14 a

67 3331 83 20 limited
164 3331 88 27 portion
269 3331 26 21 of
305 3331 37 21 the
357 3332 68 22 Town
442 3338 23 17 at
481 3339 95 23 present,
597 3338 51 26 they

65 3357 78 27 pledge
154 3357 131 22 themselves
293 3358 54 26 that,
358 3362 23 17 at
390 3365 28 15 no
438 3360 71 23 future
519 3362 62 27 sales,
594 3364 54 22 shall

67 3384 36 21 the
115 3384 126 21 allotments
250 3383 27 22 be
287 3387 39 24 put
333 3391 29 20 up
372 3388 23 18 at
404 3393 14 14 a
427 3383 44 26 less
481 3395 48 14 sum
538 3389 54 22 than
601 3398 48 15 now

67 3410 89 22 offered.

94 3438 21 21 A
136 3437 129 26 Prospectus
285 3437 44 21 and
348 3437 55 23 Flan
423 3440 26 21 of
463 3440 37 22 the
517 3442 68 21 Town
605 3444 44 21 will

67 3463 84 28 shortly
160 3464 27 21 be
197 3463 68 26 ready
275 3463 35 22 for
317 3463 122 28 inspection
454 3470 22 17 at
489 3468 36 21 the
536 3468 82 23 Offices
627 3472 25 20 of

68 3491 95 22 Messrs.-
169 3490 68 21 Waitt
246 3490 45 21 and
300 3490 75 27 Tyser,
387 3491 29 22 Te
427 3492 53 22 Aro.

93 3524 146 26 Wellington,
249 3523 65 22 Auril
324 3524 34 23 22,
369 3525 60 21 1842.

237 3573 64 20 Just
322 3574 155 26 Published,

68 3607 91 29 rpHE
181 3605 213 23 WELLINGTON
417 3608 180 25 ALMANACK
614 3612 35 23 for

74 3625 29 30 X
141 3635 67 21 1843:

298 3667 122 15 CONTENTS.

93 3686 106 22 Weather
222 3686 77 27 Table,
321 3687 77 26 Cyclea
418 3687 44 21 and
486 3689 163 25 Astronomical

67 3713 116 26 Numbers,
198 3713 116 27 Calendar,
332 3713 135 23 Gardener's
483 3716 43 22 and
540 3717 108 24 Farmer's

67 3740 113 26 Calendar,
192 3740 183 27 Meteorological
388 3741 68 21 Table
466 3741 33 22 for
516 3745 59 26 1840,
588 3746 59 26 1841,

67 3766 43 20 and
120 3768 59 25 1842,
192 3766 98 28 Eclipses
301 3768 24 20 of
333 3767 37 21 the
381 3767 46 22 Sun
437 3767 46 22 and
499 3769 77 29 Moon,
594 3772 55 22 New

66 3792 98 22 Zealand
181 3793 121 28 Company,
314 3793 53 23 Post
383 3794 68 22 Office
463 3795 144 27 Regulations
616 3799 33 21 for

65 3818 59 22 New
133 3819 106 28 Zealand,
251 3820 57 22 Civil
324 3820 183 29 Establishment,
521 3823 55 23 Fees
587 3825 61 22 Land

68 3845 89 22 Claims'
181 3846 77 27 Office,
285 3847 52 21 Post
361 3848 97 22 Office—
460 3849 97 22 Colonial
588 3851 59 28 Law,

67 3872 74 21 Police
167 3872 98 22 Office—
267 3873 65 28 Petty
356 3874 106 29 Sessions,
493 3875 110 30 Holidays
625 3882 24 19 at

67 3898 78 24 Public
155 3898 87 29 Offices,
254 3899 110 25 Discount
374 3901 68 27 Days.

268 3931 68 25 pKior
348 3933 7 12 *
376 3940 18 16 a.
407 3933 37 25 6d.

1286 128 191 21 HOLLOW
1488 128 97 21 AYS
1613 129 254 21 OINTMENT.

1392 161 232 25 HOLLOWAY'S
1646 161 113 26 PILLS.
1874 154 2 43 j

1286 216 312 22 EXTRAORDINARY
1610 218 90 21 CURE
1716 217 31 21 of
1755 223 16 15 a
1781 218 92 21 CASE.

1460 243 227 26 ABANDONED,

1287 275 32 21 By
1330 275 98 27 GUY'S,
1438 283 46 14 the
1495 276 254 26 METROPOLITAN,
1761 277 106 22 KING'S

1335 302 150 28 COLLEGE,
1502 310 44 14 and
1562 303 145 22 CHARING
1723 303 92 22 CROSS

1448 324 3 8 '
1488 329 178 22 HOSPITALS.

1287 359 52 23 This
1354 361 54 22 Fact
1424 369 44 14 was
1483 362 111 22 SWORN
1613 363 40 21 TO
1669 362 42 21 this
1730 362 38 21 Bth
1788 362 43 28 day
1845 363 26 20 of

1314 387 85 26 March,
1408 389 60 24 1842,
1477 389 77 21 before
1566 389 37 21 the
1613 389 68 27 Right
1690 389 132 22 Honorable
1831 389 36 22 the

1314 413 61 22 Lord
1385 414 87 28 Mayor,
1483 418 22 18 at
1514 415 37 21 the
1566 415 193 22 Mansion-house.
1776 432 3 5 .

1403 448 141 25 Summary
1566 448 30 20 of
1613 448 137 21 Affidavit.
1874 451 2 16 I

1287 478 100 48 WM.
1403 478 134 28 BROOKE,
1554 479 137 27 Messenger,
1711 479 27 21 of
1748 481 20 25 2,
1784 479 84 22 Union-

1382 508 73 23 street,
1464 506 136 25 Southwark,
1607 506 99 24 London,
1719 505 91 22 maketh
1816 506 51 22 oath

1288 530 42 22 and
1342 530 63 27 saith,
1424 531 46 22 that
1484 532 28 22 he
1525 533 52 26 (this
1587 533 118 26 deponent)
1719 539 45 15 was
1773 532 96 22 afflicted

1289 557 49 21 with
1343 558 77 26 fifteen
1429 561 90 24 running
1528 561 68 19 ulcers
1610 567 28 13 on
1655 559 33 21 his
1703 559 42 21 left
1759 566 54 20 arm,
1825 559 43 21 and

1288 584 111 22 ulcerated
1414 592 59 15 sores
1488 586 45 22 and
1549 586 90 22 wounds
1658 593 28 14 on
1701 585 55 21 both
1770 585 54 27 legs,
1834 585 35 22 for

1290 610 69 22 which
1381 611 110 27 deponent
1514 620 43 14 was
1580 612 107 22 admitted
1711 619 29 15 an
1765 612 104 22 out-door

1288 637 84 26 patient
1382 641 22 17 at
1414 637 37 22 the
1467 639 157 27 Metropolitan
1640 639 110 27 Hospital,
1762 639 22 21 in
1795 639 71 26 April,

1290 665 57 23 1841,
1359 664 71 22 which
1441 665 27 21 he
1478 666 118 22 continued
1603 667 33 20 for
1644 666 76 25 nearly
1731 665 49 22 four
1788 665 79 21 weeks.

1289 687 86 25 Unable
1392 695 21 17 to
1428 692 87 22 receive
1531 700 13 14 a
1559 700 50 14 cure
1624 692 68 27 there,
1704 692 38 21 the
1758 692 111 27 deponent

1288 716 78 27 sought
1376 718 65 21 relief
1448 723 22 17 at
1480 719 37 21 the
1527 719 63 22 three
1599 719 112 25 following
1721 719 104 26 hospitals
1834 726 4 14 :
1841 730 28 4 —

1290 743 78 27 King's
1378 744 88 27 College
1476 745 105 27 Hospital
1591 746 22 21 in
1621 746 60 26 May,
1692 746 36 20 fox
1728 747 45 24 five
1784 745 70 22 weeks
1860 754 6 18 ;

1290 770 70 26 Guy's
1370 770 102 28 Hospital
1488 773 23 20 in
1523 772 61 27 July,
1595 773 34 21 for
1643 774 34 18 six
1691 773 85 26 weeks;
1792 772 44 21 and
1846 776 23 18 at

1290 796 95 28 Charing
1395 798 63 21 Cross
1474 798 102 28 Hospital
1592 802 22 18 at
1628 799 37 21 the
1675 798 44 22 end
1735 799 25 21 of
1773 799 94 26 August,

1288 822 32 22 for
1337 830 60 15 some
1414 824 72 22 weeks
1501 832 75 20 more;
1599 825 71 22 which
1688 825 114 27 deponent
1820 825 47 26 left,

1290 849 64 27 being
1363 850 22 21 in
1396 857 13 14 a
1418 851 33 21 far
1460 858 67 15 worse
1535 851 111 22 condition
1653 851 52 23 than
1714 852 64 21 when
1788 852 27 21 he
1824 851 45 22 had

1289 876 84 27 quitted
1384 877 77 27 Guy's,
1472 878 74 22 where
1563 878 33 22 Sir
1611 878 100 26 Bransby
1722 878 91 27 Cooper,
1825 879 44 21 and

1289 902 61 21 other
1359 904 95 21 medical
1469 904 86 22 officers
1566 905 25 21 of
1600 904 38 22 the
1648 905 167 21 establishment
1825 905 44 21 had

1288 929 45 21 told
1344 929 111 27 deponent
1464 930 48 22 that
1522 931 36 21 the
1570 931 52 27 only
1631 931 84 22 chance
1728 932 25 21 of
1758 933 70 24 saving
1838 933 32 19 his

1288 956 38 24 life
1338 963 42 14 was
1395 959 21 18 to
1425 958 40 20 lose
1480 959 34 19 his
1521 960 63 18 arm!
1611 958 47 21 The
1675 958 112 27 deponent
1797 959 72 21 there-

1288 990 57 20 upon
1356 983 70 22 called
1437 991 58 20 upon
1507 985 40 21 Dr.
1558 984 84 28 Bright,
1654 984 61 22 chief
1721 985 115 27 physician
1846 985 26 22 of

1290 1010 76 26 Guy's,
1383 1010 56 27 who,
1451 1018 29 14 on
1496 1012 96 26 viswing
1608 1011 127 26 deponent's
1749 1012 118 26 condition,

1288 1036 78 27 kindly
1375 1038 43 20 and
1429 1037 101 27 liberally
1539 1038 54 26 said,
1688 1039 80 25 utterly
1778 1041 22 17 at
1811 1046 11 13 a
1829 1042 41 18 toss

1288 1064 55 19 what
1353 1065 20 18 to
1384 1064 25 20 do
1414 1064 43 25 for
1465 1071 41 19 you
1513 1067 8 18 I
1535 1065 36 20 but
1582 1066 47 19 here
1640 1066 19 19 is
1670 1066 184 26 half-a-sovereign
1862 1075 7 11 :

1286 1097 25 19 go
1322 1092 21 18 to
1352 1092 44 19 Mr.
1406 1093 115 25 Holloway,
1535 1093 42 19 and
1584 1094 33 24 try
1627 1093 54 19 what
1698 1093 61 25 effect
1773 1095 33 19 his
1815 1094 55 20 Pills

1288 1118 41 19 and
1340 1119 104 20 Ointment
1460 1121 44 18 will
1512 1120 56 25 have,
1581 1126 22 14 as
1611 1121 16 19 I
1633 1120 50 20 have
1684 1121 126 26 frequently
1822 1123 47 19 wit-

1287 1146 70 19 nessed
1366 1147 34 18 the
1408 1147 116 25 wonderful
1532 1148 71 24 effects
1615 1148 47 25 they
1671 1149 52 19 have
1731 1150 23 18 in
1763 1149 106 25 desperate

1288 1179 61 13 cases.
1379 1174 44 20 You
1434 1180 38 14 can
1482 1175 29 19 let
1519 1181 32 13 me
1560 1181 32 14 see
1600 1181 40 20 you
1765 1175 53 22 This
1827 1183 42 14 un-

1288 1199 127 27 prejudiced
1423 1201 77 21 advice
1509 1208 43 15 was
1559 1201 103 23 followed
1670 1203 28 26 by
1707 1202 38 22 the
1752 1203 115 26 deponent,

1288 1227 43 20 and
1342 1234 14 13 a
1364 1227 85 26 perfect
1465 1234 51 15 cure
1527 1228 91 22 effected
1632 1228 24 22 in
1672 1228 62 22 three
1745 1229 79 24 weeks,
1839 1229 29 27 by

1289 1252 35 22 the
1334 1259 38 15 use
1380 1253 64 22 alone
1455 1255 25 20 of
1487 1255 137 27 Holloway's
1630 1255 52 21 Pills
1693 1256 44 21 and
1745 1255 123 26 Ointment,

1288 1279 55 21 after
1353 1279 50 22 four
1419 1280 111 27 Hospitals
1545 1282 44 21 had
1605 1281 66 22 failed
1682 1283 4 21 !
1697 1283 4 21 !
1711 1283 6 21 !
1747 1283 71 21 When
1828 1283 40 21 Dr.

1288 1306 78 26 Bright
1377 1314 43 14 was
1435 1307 74 22 shown
1524 1308 30 27 by
1565 1309 36 21 the
1618 1309 119 27 deponent,
1749 1309 37 21 the
1801 1309 69 21 result

1289 1332 25 22 of
1320 1332 34 22 his
1364 1333 78 22 advice
1456 1334 46 22 and
1511 1335 91 27 charity,
1614 1335 27 23 he
1656 1335 55 27 said,
1820 1337 48 19 both

1288 1361 111 19 astounded
1413 1361 42 20 and
1469 1362 103 25 delighted
1580 1364 8 18 !
1596 1363 41 25 for
1646 1363 14 19 I
1672 1364 88 24 thought
1771 1365 45 18 that
1825 1364 24 24 if
1855 1364 16 19 I

1288 1394 45 13 ever
1342 1394 41 14 saw
1391 1394 41 19 you
1441 1391 67 24 again,
1516 1391 60 23 alive,
1584 1391 19 19 it
1611 1391 68 19 would
1688 1391 24 19 be
1720 1391 88 20 without
1815 1397 54 19 your

1288 1421 51 14 arm.
1359 1416 15 20 I
1380 1422 38 14 can
1427 1417 47 25 only
1481 1423 95 20 compare
1582 1418 42 20 this
1631 1424 48 14 cure
1688 1419 22 19 to
1719 1424 13 14 a
1742 1419 72 19 charm
1824 1419 45 20 "!!.'

1316 1450 73 21 Sworn
1401 1453 23 18 at
1429 1450 36 21 the
1475 1451 192 22 Mansion-housed

1342 1476 25 21 of
1374 1476 37 21 the
1419 1478 45 26 city
1472 1478 25 21 of
1504 1478 101 26 London,
1613 1478 42 21 this
1663 1472 8 34 J.
1679 1479 54 21 Wm.
1744 1480 125 22 BROOKE.

1342 1503 36 21 Bth
1390 1503 42 27 day
1443 1504 25 21 of
1475 1504 46 21 Mai
1527 1506 34 25 eh,
1573 1506 59 20 1842.
1657 1499 11 38 J

1342 1540 76 25 Before
1424 1547 38 20 me,
1520 1541 84 22 JOHN
1620 1542 92 28 PIRIE,
1730 1544 92 22 Mayor.

1288 1574 35 21 IN
1337 1573 62 22 ALL
1413 1574 103 22 Diseases
1526 1576 26 20 of
1564 1575 37 23 the
1616 1576 60 27 Skin,
1689 1577 48 21 Bad
1750 1577 63 27 Legs,
1826 1578 43 22 Old

1288 1600 107 27 Wounds,
1404 1601 44 21 and
1458 1601 83 27 Ulcers,
1551 1602 46 22 Bad
1604 1603 94 27 Breasts,
1709 1605 52 21 Sore
1770 1605 98 27 Nipples,

1288 1628 82 26 Stoney
1377 1627 45 22 and
1432 1628 120 22 Ulcerated
1558 1630 100 26 Cancers,
1667 1631 117 26 Tumours,
1794 1631 74 22 Swell-

1287 1653 56 28 ings,
1362 1654 67 27 Gout,
1444 1655 160 26 Rheumatism,
1621 1657 43 21 and
1679 1657 122 28 Lumbago,
1813 1658 55 22 like-

1288 1688 50 14 wise
1348 1680 22 22 in
1382 1688 60 14 cases
1454 1683 23 20 of
1486 1682 70 27 Piles;
1568 1683 36 21 the
1615 1683 58 26 Pills,
1682 1684 25 21 in
1718 1685 29 20 all
1756 1685 36 21 the
1799 1685 70 22 above

1289 1714 66 20 cases,
1366 1708 70 27 ought
1450 1713 22 16 to
1488 1709 26 21 be
1526 1710 54 20 used
1595 1710 51 21 with
1661 1710 38 22 the
1713 1711 121 27 Ointment,
1847 1719 24 14 as

1288 1734 27 26 by
1336 1734 42 22 this
1398 1742 77 15 means
1495 1743 62 15 cures
1577 1736 43 22 will
1639 1737 26 21 be
1681 1737 94 22 effected
1791 1739 52 21 with
1857 1746 14 14 a

1289 1761 65 21 much
1368 1765 87 22 greater
1470 1763 116 27 certainty,
1603 1763 43 21 and
1662 1764 23 21 in
1702 1764 50 22 half
1765 1763 36 23 the
1817 1765 53 22 time

1288 1787 47 21 that
1351 1788 17 21 it
1386 1789 71 21 would
1474 1789 87 27 require
1577 1790 27 27 by
1618 1790 64 27 using
1698 1791 37 22 the
1753 1791 117 23 Ointment

1288 1814 69 22 alone.
1387 1815 47 21 The
1444 1816 118 22 Ointment
1570 1817 17 21 is
1599 1817 79 26 proved
1691 1821 21 18 to
1724 1819 27 21 be
1761 1825 13 15 a
1785 1819 83 21 certain

1287 1841 91 27 remedy
1387 1842 35 20 for
1431 1841 37 23 the
1479 1843 44 21 bite
1534 1844 26 20 of
1567 1843 152 23 moschettoes.

1315 1874 77 28 Burns,
1414 1876 83 26 Scalds,
1516 1876 127 28 Chilblains,
1663 1878 106 28 Chapped
1789 1879 80 22 Hands

1288 1901 44 22 and
1343 1902 58 26 Lips,
1414 1903 46 21 also
1470 1904 99 21 Bunions
1585 1904 44 21 and
1643 1904 47 22 Soft
1702 1906 74 24 Corns,
1789 1906 42 21 will
1843 1906 26 21 be

1287 1928 150 28 immediately
1448 1930 67 21 cured
1527 1930 27 27 by
1564 1930 37 21 the
1611 1938 39 14 use
1660 1932 26 20 of
1697 1932 37 21 the
1745 1932 124 22 Ointment.

1315 1963 70 20 THE
1398 1964 98 20 PILLS
1506 1972 38 14 are
1555 1969 37 17 not
1603 1965 51 26 only
1662 1965 36 21 the
1705 1965 66 22 finest
1777 1967 94 27 remedy

1287 1989 80 21 known
1378 1989 63 21 when
1451 1991 54 20 used
1517 1991 51 21 with
1582 1991 36 21 the
1636 1992 122 25 Ointment,
1770 1993 38 21 but
1818 2001 23 13 as
1857 2001 14 13 a

1288 2015 97 21 General
1406 2015 113 23 Medicine
1537 2017 62 21 there
1615 2017 18 21 is
1651 2017 94 26 nothing
1765 2019 64 27 equal
1846 2023 22 17 to

1288 2041 66 21 them.
1385 2042 27 21 In
1424 2049 93 16 nervous
1524 2044 114 21 affections
1648 2044 52 26 they
1709 2044 42 22 will
1763 2045 27 21 be
1800 2045 71 22 found

1288 2069 25 19 of
1321 2068 36 21 the
1367 2073 95 21 greatest
1472 2070 89 22 service.
1590 2070 71 22 These
1679 2071 53 21 Pills
1746 2078 43 20 are,
1807 2072 64 22 with-

1288 2101 38 14 out
1337 2095 122 28 exception,
1471 2097 37 21 the
1526 2097 65 21 finest
1601 2097 92 21 Purifier
1708 2097 25 21 of
1745 2098 37 21 the
1798 2098 73 22 Blood

1287 2128 53 14 ever
1349 2122 135 27 discovered,
1496 2125 43 20 and
1558 2124 109 22 OUGHT
1680 2124 41 21 TO
1736 2125 39 21 JiE
1789 2125 81 22 USED

1288 2148 39 21 BY
1342 2149 62 22 ALL
1420 2149 151 24 FEMALES.

1307 2182 78 23 Orders
1394 2185 103 21 received
1507 2189 22 17 at
1540 2185 35 21 the
1611 2186 108 22 Gazette
1758 2187 92 21 Office.

1537 2236 88 21 Seeds.

1289 2269 70 48 ON
1371 2270 84 27 SALE,
1467 2274 22 18 at
1498 2271 37 21 the
1547 2272 83 20 Gazette
1636 2271 78 28 Office,
1722 2273 21 20 in
1751 2273 120 27 quantities

1365 2300 22 17 to
1394 2297 44 21 suit
1448 2297 136 28 purchasers,
1596 2298 35 22 the
1641 2299 113 26 following
1764 2299 62 22 seeds
1836 2307 4 14 :—:
1843 2311 28 4 —

1314 2330 73 21 Sword
1399 2330 106 28 long-pod
1516 2331 63 27 bean,

1314 2363 118 26 Long-pod
1444 2363 63 26 bean,

1314 2396 108 27 Speckled
1434 2396 71 22 dwarf
1512 2396 83 29 kidney
1604 2398 65 27 bean,

1314 2423 72 22 Broad
1397 2423 65 27 bean,

1314 2449 73 22 Horse
1397 2450 65 26 bean,

1314 2476 83 22 Scarlet
1406 2483 90 19 runner,

1314 2504 66 27 Early
1392 2503 108 22 Warwick
1509 2511 48 20 pea,

1313 2530 67 27 Early
1393 2530 113 22 Mazarine
1516 2538 48 20 pea,

1314 2557 103 21 Prussian
1429 2558 49 21 blue
1489 2565 49 19 pea,

1313 2584 106 21 Nonsuch
1431 2591 47 20 pea,

1314 2610 54 21 Blue
1378 2611 99 27 imperial
1488 2618 50 20 pea,

1305 2645 2 4 ■
1314 2637 92 27 Spanish
1415 2637 72 22 dwarf
1493 2645 49 19 p°a,

1314 2664 70 26 Large
1395 2664 96 27 cabbage
1502 2666 89 26 lettuce,

1313 2690 131 22 Drumhead
1455 2691 96 27 cabbage
1561 2692 89 28 lettuce,

1314 2717 101 27 Cabbage
1427 2717 88 27 lettuce,

1313 2744 74 21 White
1398 2744 77 22 selesia
1484 2745 88 28 lettuce,

1314 2770 79 22 Brown
1402 2771 44 22 and
1457 2772 64 21 white
1531 2780 49 19 goss
1591 2773 87 28 lettuce,

1314 2797 113 22 Battersea
1437 2798 106 28 cabbage,

1314 2824 129 21 Drumhead
1453 2826 106 28 cabbage,

1314 2850 49 21 Red
1373 2850 73 23 Dutch
1458 2852 105 28 cabbage,

1314 2877 92 22 Puller's
1414 2878 60 28 early
1484 2880 103 27 cabbage,

1314 2903 71 22 Vanal
1396 2905 104 27 cabbage,

1314 2930 104 23 Prussian
1427 2932 66 22 white
1504 2934 80 28 turnip,

1314 2957 84 22 Yellow
1407 2958 76 23 Swede
1495 2961 80 27 turnip,

1314 2984 79 26 Purple
1401 2988 37 24 top
1450 2987 76 21 Swede
1537 2988 78 28 turnip,

1314 3010 73 22 White
1397 3016 63 17 stone
1470 3014 81 27 turnip,

1314 3037 73 22 White
1396 3038 56 22 horn
1463 3040 81 26 turnip,

1315 3064 69 22 Silver
1393 3064 77 23 leaved
1481 3066 57 27 beet,

1314 3091 47 22 Red
1371 3091 58 27 beet,

1314 3117 73 22 White
1397 3118 58 28 beet,

1314 3144 107 27 Mangold
1430 3146 98 27 wurtzel,

1314 3171 140 27 Altringham
1464 3176 78 24 carrot,

1313 3198 67 27 Early
1389 3198 56 21 horn
1455 3203 78 23 carrot,

1314 3225 63 26 Long
1386 3231 80 20 orange
1477 3230 78 24 carrot,

1313 3251 74 22 White
1397 3252 105 28 mustard,

1314 3278 80 22 Curled
1403 3286 64 19 cress,

1314 3306 63 26 Long
1386 3305 79 22 scarlet
1473 3306 81 28 radish,

1311 3332 74 21 White
1395 3332 74 28 turnip
1478 3332 81 28 radish,

1312 3358 48 23 Red
1370 3358 74 27 turnip
1453 3359 81 28 radish,

1312 3385 132 27 Strasburgh
1453 3386 75 27 onion,

1312 3413 79 22 Brown
1402 3410 96 30 Spanish
1509 3414 71 26 onion,

1313 3439 97 27 Parsnip,

1312 3466 82 22 Curled
1403 3466 94 27 parsley,

1314 3493 72 25 Grften
1397 3492 77 22 curled
1487 3493 78 24 endive

1312 3520 107 22 Batavian
1429 3518 88 28 endive,

1312 3546 67 26 Leek,

1312 3574 134 26 Asparagus,

1312 3601 42 21 Sea
1364 3600 52 26 kail,

1313 3626 78 23 Globe,
1394 3633 87 21 savoys,

1314 3653 80 22 Curled
1403 3653 92 27 brocoli,

1312 3680 50 22 Red
1370 3679 56 23 solid
1436 3680 75 28 celery
1520 3681 44 23 and
1573 3682 66 23 white
1651 3684 80 28 celery,

1313 3708 102 21 Summer
1424 3713 87 22 savory,

1312 3733 87 22 Winter
1407 3741 86 20 savory,

1312 3761 64 26 Sage,

1311 3787 94 27 Thyme,

1312 3814 101 22 Brussels
1422 3817 93 25 sprouts,

1312 3840 93 28 Borage,

1312 3866 117 29 Angelica,

1312 3893 92 29 Salsafy,

1312 3920 78 28 Sorell,

1314 3947 121 28 Lavender,
