4220 5890
116 202 184 53 Roxburgh
322 201 142 52 Cycling
488 198 92 45 Club.

112 292 59 29 The
184 291 98 29 annua!
295 290 123 37 meeting
430 289 30 28 of
479 289 48 27 the
540 289 87 27 above

75 333 66 29 Hub
163 343 57 18 was
240 330 66 30 held
327 330 28 28 in
383 330 47 28 the
461 329 166 29 Athenaeum

75 373 55 30 hist
150 372 137 38 Saturday
308 370 129 36 evening.
476 370 153 28 Present—

73 414 106 29 Messrs
191 414 29 29 J.
240 415 32 27 A.
291 411 78 31 IWd
392 410 234 40 (vice-president,

72 456 30 27 in
125 456 49 29 the
193 455 98 34 chair),
317 453 47 28 Vv~.
392 453 184 32 Winchester,
597 450 31 28 T.

75 495 124 37 Michell,
213 495 34 29 D.
263 494 92 37 Eider,
371 492 45 31 W.
440 492 119 39 George,
582 490 45 30 W.

78 537 124 35 Clifford,
228 536 54 28 and
306 536 32 28 B.
358 535 36 28 V.
416 532 89 39 Keilly
528 536 85 34 (secie-

73 579 85 38 tary).

291 624 125 21 MINUTFS.

110 658 61 29 The
190 658 118 28 minntes
333 656 29 28 of
384 655 46 27 the
453 654 53 26 last
526 651 99 27 annual

72 700 125 35 meeting
211 708 69 17 were
291 696 61 29 read
365 694 53 28 and
429 691 158 30 confirmed.

149 754 98 22 REPORT
261 753 53 20 AND
327 749 117 22 BALANCE
458 747 92 19 SHEET.

111 786 59 30 The
181 793 137 28 secretary
338 781 63 29 read
414 780 46 27 the
482 778 143 36 following

72 832 111 33 report:
185 842 36 5 —

103 879 57 21 Your
179 876 122 22 committee,
321 873 20 20 in
360 871 115 27 presently
493 869 36 20 the
550 868 76 21 annual

80 911 70 21 report
169 905 38 20 and
223 903 81 20 halance
320 900 64 21 sheet,
402 899 67 24 regret
485 896 47 21 that
541 896 60 21 there
611 903 15 12 is

80 942 7 13 1
95 938 23 17 nt
126 934 49 21 such
186 940 11 13 a
207 932 53 25 large
270 928 82 22 balance
361 933 21 13 as
391 927 58 19 tftere
465 931 41 13 was
520 924 41 21 last
569 930 56 20 year,

79 969 14 11 *
100 963 39 20 lien
150 962 35 19 tbe
194 958 81 27 surplus
284 962 40 14 was
333 954 39 22 £l3
381 953 22 20 9s
412 953 32 20 4d.
472 951 49 21 This
528 953 44 24 past
579 958 47 19 year

79 990 37 20 the
138 986 133 27 expenditure
283 984 36 20 has
341 983 49 19 been
408 981 70 24 pretty
498 979 73 25 heavy,
590 978 36 20 the

77 1016 75 26 largest
162 1014 38 21 and
213 1014 51 18 most
274 1011 111 23 important
394 1007 49 20 item
457 1006 59 24 terns?
526 1006 35 20 the
571 1012 54 19 prize

77 1049 80 19 money,
166 1040 57 21 made
233 1045 28 17 up
270 1045 21 13 as
300 1036 77 21 follow?
387 1034 103 24 :-Sports
500 1033 89 25 meeting
599 1038 26 14 on

80 1070 68 21 March
157 1070 14 20 4
189 1067 41 22 £34
243 1066 22 21 4s
280 1065 40 24 6d;
332 1062 48 22 toad
398 1068 44 14 race
458 1060 117 22 November
592 1059 32 26 26,

79 1098 70 21 £212.i
162 1096 40 24 Gd;
216 1094 34 22 the
265 1090 111 27 Roxburgh
387 1089 77 21 Millers
484 1087 45 21 Flat
547 1087 76 26 record,

60 1124 45 26 A£2
119 1126 47 23 10s;
181 1123 58 23 total,
250 1120 41 21 £39
304 1120 22 19 6k
335 1118 33 20 o<l.
394 1116 28 20 Of
433 1115 42 21 this
488 1117 86 19 amount
588 1115 37 20 the

132 1153 21 19 of
166 1151 40 21 £3©
217 1150 33 21 17*
259 1155 41 12 '«s
309 1153 38 19 pa''
347 1146 7 19 l
365 1146 36 19 out
410 1143 21 21 of
437 1143 36 20 the
482 1143 47 20 c,ub
529 1143 5 9 '
536 1150 9 13 s
554 1141 69 26 hinds,

75 1188 12 12 a
89 1188 11 12 D
101 1181 14 20 d
133 1180 35 20 the
187 1175 120 25 remainder,
317 1172 26 23 £7
354 1172 33 21 19s
396 1170 33 26 6d,
443 1169 131 27 represented
589 1169 36 21 the

79 1207 89 24 trophies
183 1205 58 25 given
259 1204 22 19 to
299 1202 34 20 the
350 1199 54 21 club.
432 1197 49 21 Last
499 1204 70 13 season
588 1196 36 20 the

77 1234 56 23 prize
143 1238 74 17 money
227 1228 85 22 totalled
322 1227 47 25 £27,
376 1226 21 19 of
406 1224 64 20 which
478 1223 36 21 the
520 1224 48 20 club
577 1226 47 22 paid

77 1261 42 21 £ls
127 1261 22 21 5s
167 1259 39 21 and
216 1258 40 21 £ll
310 1261 40 14 was
358 1253 36 20 the
407 1251 60 21 value
475 1252 39 23 put
522 1256 56 19 upoi.
587 1250 36 19 the

76 1288 98 27 ttophies.
202 1287 44 21 One
255 1281 111 25 noticeable
374 1280 79 22 feature
462 1277 22 22 of
491 1278 36 21 the
536 1277 87 25 receipts

76 1324 41 14 was
130 1317 35 20 the
181 1314 100 22 excellent
296 1313 95 20 entrance
404 1314 73 17 money
486 1305 67 27 (£11),
564 1305 59 22 made

75 1350 28 18 up
111 1344 22 19 of
148 1343 28 20 £7
187 1343 33 18 lis
229 1340 79 24 cycling
316 1338 40 20 and
366 1337 29 20 £3
411 1336 22 19 9s
442 1334 88 25 running
538 1335 76 18 entnex

75 1369 49 22 Last
133 1368 65 25 year's
207 1366 74 22 entries
291 1370 52 15 were
355 1362 59 22 made
432 1367 28 21 up
478 1360 22 21 of
512 1360 30 19 £4
552 1360 34 19 l<Js
596 1360 26 18 (xl

72 1397 32 21 for
120 1397 78 24 cycling
215 1394 39 20 and
274 1392 28 21 £2
320 1392 31 19 for
366 1389 88 25 running
472 1388 83 21 entries,

72 1424 66 20 would
152 1421 91 25 strongly
256 1419 75 25 advise,
347 1418 16 19 if
376 1424 12 12 a
402 1416 79 25 cycling
494 1416 91 22 meeting
595 1414 25 18 be

69 1451 48 21 held
126 1450 41 22 this
176 1454 76 16 season,
264 1446 46 21 that
319 1442 135 28 subscription
464 1441 44 21 lists
519 1447 24 15 06
553 1439 65 21 taken

69 1478 65 22 round
145 1477 35 21 the
188 1475 89 24 district,
290 1480 22 14 as
322 1473 39 20 Ust
378 1477 49 21 year
445 1470 28 21 £7
496 1469 21 21 Is
535 1468 27 21 6d
581 1474 41 13 was

68 1505 97 24 collected
185 1504 28 26 by
228 1503 41 21 this
291 1506 76 16 means.
395 1499 22 21 It
439 1497 68 22 would
528 1496 43 21 also
595 1496 26 19 be

70 1533 102 22 advisable
190 1532 46 20 that
254 1530 36 20 the
306 1528 55 27 prize
378 1533 73 19 money
469 1525 32 21 for
514 1524 36 21 the
571 1525 52 19 next

69 1561 88 25 meeting
166 1558 73 22 should
249 1559 36 18 not
294 1556 26 20 be
334 1562 23 14 so
373 1555 55 25 large
443 1560 22 13 as
481 1553 22 21 in
520 1552 37 21 the
577 1552 46 26 past

69 1589 97 25 meeting,
175 1593 43 20 say,
229 1585 46 21 £25.

97 1616 36 21 We
148 1615 35 22 did
200 1616 37 19 not
256 1613 54 20 meet
330 1609 52 23 with
395 1609 23 21 at
439 1609 28 21 all
488 1609 132 24 satisfactory

68 1646 87 25 support
164 1644 52 19 from
226 1640 147 26 neighbouring
388 1637 65 24 clubs,
464 1643 23 14 as
496 1636 58 21 there
566 1641 57 14 were

69 1673 47 23 only
138 1671 58 19 three
218 1669 82 21 visiting
322 1665 131 24 competitors
497 1667 41 16 two
561 1663 55 19 from

69 1699 107 20 Lawrence
185 1695 40 20 and
234 1701 38 14 one
286 1693 52 20 from
348 1691 72 26 Clyde.
447 1690 44 20 The
500 1689 69 26 public
580 1688 43 20 also

68 1722 143 31 disappointed
220 1729 24 15 us
253 1721 22 22 in
290 1722 37 20 not
340 1718 107 27 attending
465 1717 36 21 the
514 1718 69 25 sporta
602 1715 22 22 in

66 1761 23 13 as
99 1753 54 25 large
162 1753 97 19 numbers
268 1756 21 13 as
300 1755 30 13 we
341 1747 67 20 would
418 1747 52 20 have
479 1745 62 21 liked.

93 1781 61 21 From
164 1786 12 14 ft
185 1778 68 26 racing
270 1776 59 26 point
345 1774 21 21 of
381 1775 52 20 view
451 1773 36 21 the
503 1778 70 15 season
585 1771 36 21 has

67 1808 52 20 been
131 1805 118 25 successful,
259 1803 41 22 and
308 1810 12 13 -\
329 1802 87 21 number
431 1800 22 22 of
462 1807 38 15 our
510 1800 71 25 riders,
598 1799 23 21 of

68 1836 67 19 whom
145 1840 38 14 one
192 1840 23 13 or
224 1837 41 15 two
275 1828 129 23 commenced
420 1828 40 20 last
472 1834 78 17 seaaon,
568 1833 53 13 were

68 1861 110 23 successful
189 1861 20 21 in
219 1858 96 22 Dunedm
333 1856 40 22 and
392 1855 59 22 other
468 1854 67 28 places
552 1853 69 22 where

66 1893 70 22 jiportß
152 1895 52 14 were
219 1886 55 22 held.
301 1886 44 20 The
353 1884 49 21 road
411 1890 45 15 race
465 1889 26 15 on
501 1882 119 21 November

69 1917 50 21 26th
140 1917 22 20 to
180 1914 50 22 Coal
252 1913 66 22 Creek
338 1912 40 21 and
398 1910 49 21 back
466 1917 40 14 was
527 1916 45 13 won
598 1908 25 25 by

69 1945 87 21 Grover.
182 1943 43 20 The
234 1941 46 21 best
289 1941 49 20 time
355 1939 33 21 for
402 1938 37 21 the
455 1937 91 22 distance
563 1936 22 21 of
600 1936 25 21 22

69 1972 59 22 miles
141 1971 52 21 from
208 1967 113 24 Roxburgh
338 1967 48 21 P.O.
399 1967 22 20 to
430 1965 77 22 Millers
526 1964 48 22 Flat
582 1963 41 21 and

66 2001 54 23 nack
131 2006 41 14 was
182 1998 59 22 made
249 1997 28 27 by
291 1996 34 22 W.
344 1995 86 26 George,
448 1993 33 22 his
494 1993 50 21 time
562 1992 61 26 being

70 2028 38 21 lhr
118 2027 65 21 llmin
194 2027 64 19 403ec.
284 2025 24 21 T.
317 2023 82 22 Michell
410 2028 39 14 was
459 2020 111 26 neit.with
583 2020 36 21 Ihr

70 2054 74 22 13min.
172 2053 40 22 For
221 2053 42 21 this
270 2057 71 15 season
350 2050 31 21 Mr
388 2049 23 21 -T.
421 2049 26 23 A.
459 2049 56 26 Boyd
525 2048 37 20 has
573 2053 50 17 very

70 2082 73 27 kindly
152 2080 101 28 promised
262 2087 12 14 a
286 2079 83 27 trophy,
380 2077 21 21 of
411 2077 36 22 the
457 2076 58 22 value
523 2075 22 21 of
555 2074 28 22 £2
593 2074 31 22 2s.

70 2110 44 21 The
120 2116 39 20 cup
166 2109 32 20 for
204 2108 36 20 the
246 2107 78 21 Millers
334 2106 47 20 Flat
387 2104 68 22 record
464 2111 41 13 was
512 2110 69 18 preseu
586 2102 36 20 ted

71 2140 23 19 at
100 2138 35 19 the
140 2136 69 21 school
214 2136 82 19 concert
303 2134 27 26 by
340 2133 31 21 Mr
379 2129 246 28 Reilly,vice-president.

97 2164 44 22 The
153 2166 82 19 concert
243 2169 27 14 on
285 2168 46 14 race
347 2160 66 26 night,
432 2159 37 21 4th
489 2157 77 26 March,
582 2163 40 14 was

65 2191 120 26 .eminently
193 2188 108 23 successful
312 2188 20 21 in
342 2194 61 19 every
422 2193 52 20 way,
489 2185 41 22 and
543 2185 80 21 reflects

71 2222 58 24 great
134 2219 65 21 credit
208 2225 26 13 on
244 2217 36 20 the
287 2215 121 27 performers
414 2214 40 21 and
461 2214 36 21 the
503 2213 119 21 committee

72 2248 75 20 Messrs
156 2245 75 26 Reilly,
242 2245 99 20 Bennetts
350 2242 40 21 and
402 2242 78 20 Dunne.

96 2274 43 22 The
148 2272 137 25 membership
294 2277 41 14 was
348 2270 33 25 29,
391 2269 27 20 all
428 2268 39 22 but
477 2269 41 20 two
524 2267 22 22 of
557 2267 66 21 whom

71 2308 53 14 were
133 2301 66 24 riding
206 2306 24 15 or
238 2300 66 20 active
314 2296 107 23 members.

96 2329 44 22 Our
150 2327 79 27 worthy
238 2326 88 28 captain,
337 2324 34 22 Mr
380 2324 25 21 R.
420 2324 64 24 Scott,
495 2322 38 22 has
549 2321 39 21 left
598 2328 25 14 us

69 2357 23 20 in
101 2356 59 21 order
169 2357 22 19 to
199 2362 26 19 go
234 2357 22 18 to
265 2354 35 21 the
313 2353 59 20 West
380 2352 69 21 Coast.
502 2349 44 22 Bob
579 2355 42 14 was

68 2390 40 16 one
122 2382 23 20 of
161 2389 38 13 our
215 2381 85 20 hardest
317 2379 96 24 workers,
428 2378 40 21 and
486 2377 26 20 he
527 2383 41 14 was
578 2376 43 20 also

68 2408 111 24 successful
187 2415 26 14 on
223 2408 36 21 the
267 2406 58 22 track
333 2406 74 25 during
420 2405 36 20 the
464 2411 78 14 season.

95 2437 46 26 We,
151 2444 23 14 as
185 2442 13 16 a
207 2435 61 27 body,
277 2434 40 21 feel
326 2433 52 27 deep
385 2434 69 25 regret
470 2431 47 22 that
531 2437 38 14 our
578 2429 42 22 late

68 2467 110 24 secretary,
200 2463 67 27 genial
392 2460 104 25 Falconer,
516 2458 37 22 has
567 2464 53 20 gone

69 2493 53 21 from
131 2498 73 18 among
212 2497 30 15 us.

95 2520 36 21 Six
140 2518 99 26 meetings
248 2523 53 14 were
315 2514 49 22 held
379 2514 74 26 during
468 2513 38 22 the
514 2518 56 21 year,
580 2513 41 20 and

70 2554 52 14 were
130 2545 29 23 all
170 2545 44 21 well
223 2543 105 22 attended.

94 2574 43 21 The
146 2572 76 22 annual
232 2571 88 24 meeting
335 2571 17 19 is
367 2569 49 21 held
430 2568 42 21 this
486 2574 51 20 year
556 2566 66 21 about

69 2608 62 15 seven
141 2600 66 21 weeks
216 2599 73 21 earlier
297 2597 50 22 than
356 2596 41 21 last
405 2602 56 20 year.

107 2640 58 30 The
187 2641 93 38 report
305 2636 54 31 and
372 2633 208 32 balance-sheet
593 2642 29 20 as

70 2681 65 29 read
160 2691 56 18 was
240 2678 148 30 unanimou
390 2688 11 11 ß
403 2677 26 37 ly
453 2674 121 39 adopted
587 2684 34 18 on

70 2723 47 26 the
129 2721 102 28 motion
244 2719 30 28 of
284 2718 102 29 Messrs
397 2715 225 30 W.Winchester

70 2760 55 30 and
140 2760 45 30 W.
200 2759 117 38 George.

189 2807 126 23 ELECTION
327 2808 34 19 OP
368 2805 133 23 OFFICERS.

107 2842 59 28 The
215 2840 142 37 following
406 2838 107 29 officers
551 2844 71 19 were

68 2881 106 34 fleeted
193 2881 44 29 for
258 2880 47 29 the
328 2877 118 40 ensuing
470 2886 151 21 season:—

71 2923 154 34 President,
245 2921 41 28 Dr
308 2919 98 30 Mullin
430 2916 191 38 (re-elected);

69 2961 239 39 vice-presidents,
348 2959 102 28 Messrs
493 2956 128 35 Mackay,

69 3003 115 33 Haines,
194 3001 90 38 Boyd,
293 3000 116 37 Cooper,
418 2997 45 30 W.
478 2997 33 29 A.
522 2995 98 37 Reilly,

68 3043 33 29 F.
123 3030 123 50 Jeffery.'
261 3041 111 34 Dunne,
394 3041 132 36 Spooner,
541 3035 60 29 Win-

65 3084 120 34 chester,
225 3081 115 35 Mercer,
379 3079 149 33 Kinaston,
564 3075 56 29 and

68 3124 91 34 Bain;
178 3121 120 40 captain,
336 3119 46 30 Mr
421 3117 44 30 W.
493 3117 125 37 George;

65 3161 240 41 deputy-captain,
320 3160 46 28 Mr
378 3159 31 29 T.
433 3158 31 29 P.
488 3155 130 34 Michell;

66 3210 138 31 secretary
223 3201 54 29 and
291 3206 144 28 treasurer,
452 3197 44 30 Mr
524 3197 32 28 B.
581 3195 37 29 V.

66 3244 91 38 Reilly
167 3255 8 23 ;
196 3241 157 30 committee
373 3240 29 29 of
415 3240 203 36 management,

66 3284 104 30 Messrs
185 3283 28 29 J.
225 3284 34 28 A.
281 3280 88 36 Boyd,
385 3279 42 30 W.
439 3279 118 38 George,
574 3276 43 29 W.

68 3325 123 33 Clifford,
231 3323 34 28 D.
305 3321 93 35 Elder,
426 3320 32 29 T.
500 3318 120 34 Michell,

68 3364 109 36 Dunne,
193 3361 181 35 Winchester,
389 3361 34 28 R.
442 3358 121 34 Michell,
587 3359 31 27 B.

68 3406 36 29 V.
117 3398 99 45 l&illy,
230 3404 31 29 T.
282 3403 168 37 Thompson,
472 3400 71 29 Hart
566 3396 55 32 and

69 3446 126 34 Malone;
214 3444 189 37 Timekeeper,
419 3441 44 28 Mr
475 3439 88 37 Boyd.

171 3502 54 21 THE
244 3491 128 32 CYCLISTS'
385 3497 141 23 ALLIANCE.

106 3537 40 29 As
177 3540 29 23 to
230 3533 49 29 the
303 3531 141 30 affiliation
472 3528 68 31 with
567 3537 54 28 any

69 3577 111 36 cvcling
193 3574 122 33 alliauce,
324 3572 23 27 it
357 3581 56 18 was
423 3568 125 30 resolved
561 3568 61 28 that

68 3620 48 27 the
129 3620 103 25 matter
239 3614 35 27 be
292 3611 114 30 allowed
420 3614 27 25 to
463 3608 81 30 stand
557 3618 66 20 over

68 3665 30 23 to
110 3669 17 17 a
138 3656 95 29 future
247 3653 131 37 meeting.

247 3707 200 25 SUBSCKIPTIOsT.

107 3747 58 28 The
181 3742 186 38 subscription
380 3750 54 18 was
456 3737 73 29 fixed
550 3742 28 24 at
593 3737 30 29 5s

71 3787 44 30 for
129 3787 47 28 the
195 3794 73 29 year,
289 3780 68 30 with
382 3780 47 30 the
442 3777 131 41 privilege
594 3777 29 29 of

73 3831 129 26 eutrance
215 3829 28 24 at
256 3824 47 28 the
314 3825 73 34 gate.

192 3874 53 19 THE
265 3871 95 21 SPORTS
379 3868 128 21 MEETING.

109 3906 28 29 It
157 3915 54 18 was
224 3902 126 31 resolved
364 3905 29 25 to
402 3899 66 29 hold
479 3900 47 27 the
535 3902 91 35 sports

73 3958 35 20 on
134 3957 31 18 or
187 3946 83 28 about
290 3944 48 29 the
362 3942 62 30 first
436 3939 144 38 Thursday
590 3939 32 27 in

72 3987 99 29 March

271 4033 52 19 THE
341 4031 93 20 TRACK.

113 4067 40 30 On
171 4066 46 28 the
230 4064 104 29 motion
348 4062 28 30 of
390 4062 40 28 Mr
444 4059 181 34 Winchester,

74 4109 23 30 it
119 4118 55 18 was
200 4104 115 31 decided
328 4108 28 25 to
367 4102 172 38 experiment
561 4100 66 28 with

75 4155 105 30 twenty
206 4156 31 19 or
249 4146 87 36 thirty
350 4144 82 37 yards
446 4143 29 28 of
488 4142 46 28 the
548 4140 79 30 track

73 4189 68 28 with
162 4178 122 39 'cinders
319 4184 52 28 and
395 4193 68 27 cay,
493 4181 87 29 which
607 4180 21 28 if

75 4229 87 29 found
174 4227 185 34 satisfactory,
374 4224 53 28 will
443 4224 33 27 be
490 4221 137 31 extended

77 4280 66 21 over
157 4269 46 28 the
218 4266 87 29 whole
319 4264 87 29 track.

220 4315 81 22 VOTKS
321 4314 35 21 OP
372 4311 114 23 THANKS.

116 4351 88 28 Votes
229 4349 30 28 of
284 4346 102 29 thanks
402 4355 68 17 were
481 4344 98 38 passed
599 4346 31 26 to

80 4390 48 29 the
150 4389 137 37 outgoing
312 4386 157 31 committee
487 4384 53 28 and
554 4384 78 28 other

79 4429 117 35 retiring
221 4429 116 33 officers,
356 4426 54 29 and
437 4436 16 18 a
479 4434 65 28 very
564 4424 68 37 high

80 4469 180 37 compliment
298 4477 56 18 was
380 4466 62 36 paid
465 4469 28 24 to
507 4462 47 31 the
575 4474 43 18 sec-

80 4515 91 31 retary
193 4509 36 37 by
243 4506 104 29 several
369 4505 136 29 members
532 4506 42 28 for
587 4504 46 30 the

81 4549 109 28 zealous
214 4547 54 27 and
296 4546 138 36 energetic
465 4556 113 16 manner
603 4545 30 27 in

84 4588 86 29 which
199 4588 33 28 hft
254 4586 105 28 carried
376 4591 46 23 out
437 4584 42 28 his
497 4584 98 29 duties.

121 4629 66 27 This
198 4626 151 29 concluded
365 4626 45 27 the
424 4625 135 28 business.

732 188 183 48 Roxburgh
942 188 69 42 Gun
1039 187 93 42 Club.

693 270 24 29 A
741 269 118 39 practice
872 269 92 29 match
975 280 55 17 was
1042 269 63 28 shot
1115 272 28 25 at
1157 267 46 29 the

641 309 1 38 .
656 310 119 28 Reserve
808 320 34 17 on
887 309 138 38 Saturday
1051 309 152 28 afternoon.

641 348 1 35 |
656 350 57 29 The
726 350 130 33 shooting
865 349 37 29 all
912 348 122 35 through
1044 359 54 18 was
1111 351 46 25 not
1168 358 36 18 ud

641 388 2 46 j
656 395 28 24 to
698 391 46 29 the
767 401 126 29 average,
919 391 108 37 though
1052 390 77 28 there
1150 398 53 18 was

641 429 2 42 ;
656 442 73 19 some
743 431 73 40 good
838 431 151 29 individual
1003 431 118 35 scoring.
1159 429 47 28 Mr

641 471 2 40 !
657 471 142 40 Campbell
811 482 52 18 was
877 471 46 30 the
931 471 111 38 highest
1056 479 89 19 scorer
1169 479 36 18 on

641 510 2 42 I
658 513 131 38 Biggans'
811 512 68 35 side,
893 511 110 39 getting
1017 511 16 28 9
1054 510 92 38 points
1157 513 47 26 out

641 546 44 35 iof
705 564 16 17 a
747 552 120 38 possible
909 553 31 28 1G
966 551 101 38 points,
1089 549 54 28 and
1168 558 36 19 ou

641 588 3 40 I
661 592 117 29 hlliott's
799 593 59 28 side
884 592 35 29 N.
933 589 149 31 M'Donald
1107 593 49 34 got
1173 588 32 29 13

641 629 2 40 !
655 637 48 22 out
724 633 31 27 of
776 644 16 16 a
813 633 120 36 possible
950 634 30 26 1(5
999 631 90 37 points
1105 629 54 27 and
1171 630 33 26 A.

641 667 1 43 i
656 671 84 39 Craig
752 672 28 27 11
800 678 48 21 out
861 672 29 28 of
902 682 16 17 a
931 670 119 40 possible
1062 670 31 26 10
1104 667 100 38 points.

693 711 57 28 The
772 717 52 22 two
839 711 122 29 matches
973 708 118 31 resulted
1104 717 29 18 as
1153 707 39 28 fol-

641 751 1 29 '
655 751 64 29 lows
733 762 44 17 :

641 788 1 64 j
691 803 65 28 Jno.
773 802 123 28 KUiott's
910 802 66 28 Side
1067 824 28 4 ...
1136 798 35 28 40

691 843 59 28 Jos.
767 842 135 29 Bifrfrans'
923 842 65 28 Side
1066 864 28 5 ...
1136 839 34 27 20

693 906 34 28 A.
743 905 106 38 Craig's
865 904 64 29 Side
955 927 29 6 ...
1066 926 29 5 ...
1136 900 33 29 22

691 945 37 31 N.
742 945 153 31 M'Donald
911 944 65 31 Side
1067 967 28 5 ...
1140 941 30 29 13

693 1026 26 28 A
742 1025 121 37 meeting
879 1026 30 27 of
921 1025 47 27 the
986 1024 63 28 cluh
1064 1031 53 19 was
1143 1019 63 30 held

641 1063 1 37 !
654 1072 28 23 at
697 1067 46 28 the
759 1066 164 28 Athenaeum
935 1075 33 18 on
980 1063 134 37 Saturday
1124 1071 82 19 even-

641 1099 1 46 I
655 1108 57 37 ing.
754 1106 153 29 Present—
907 1105 103 29 Messrs
1034 1105 28 27 J.
1076 1105 27 27 A
1127 1099 78 39 Boyd

641 1140 1 41 i
655 1148 39 33 (in
710 1147 46 28 the
783 1146 99 34 chair),
894 1145 35 29 D.
943 1145 164 33 Kobertson,
1131 1141 28 29 J.
1178 1144 27 25 K.

641 1182 1 38 I
656 1188 103 32 hlliott,
786 1186 47 28 W.
861 1185 92 33 Gunn,
979 1184 27 28 J.
1026 1183 32 28 L.
1086 1183 119 33 Kooney,

652 1226 37 28 N.
722 1224 160 34 M'Donald,
919 1224 37 27 M.
985 1221 152 38 Campbell,
1172 1219 34 29 R.

653 1264 158 35 Cockburn,
826 1263 54 29 and
897 1261 44 31 W.
961 1261 229 37 Wiuchester(sec-

652 1307 111 36 retary).

689 1346 57 26 The
775 1344 143 35 following
942 1343 160 27 alterations
1112 1343 28 26 in
1158 1341 47 28 the

652 1385 72 29 rules
745 1394 71 19 were
839 1381 163 31 considered
1016 1381 55 29 and
1092 1379 114 31 decided

652 1435 83 29 upon.

689 1465 34 29 Iu
752 1465 55 29 live
838 1463 62 30 bird
933 1462 130 39 shooting
1091 1461 23 30 it
1151 1472 55 19 was

653 1506 115 30 decided
809 1506 61 30 that
912 1504 68 29 both
1019 1503 104 30 barrels
1172 1503 34 30 be

641 1547 1 29 !
653 1547 125 29 allowed.

692 1588 34 28 In
745 1588 130 37 shooting
890 1586 64 28 with
980 1585 59 38 clay
1055 1584 116 40 pigeons
1185 1584 22 29 it

655 1640 55 18 was
724 1629 116 29 decided
863 1628 61 28 that
938 1628 60 28 first
1012 1626 88 29 barrel
1124 1629 84 25 count

656 1672 14 24 2
697 1670 102 36 points,
825 1668 100 29 seeond
949 1667 89 28 barrel
1055 1668 11 26 I
1089 1667 79 38 point
1180 1676 28 17 as

655 1708 103 30 before.

693 1750 32 28 In
832 1750 64 27 miss
990 1747 218 38 sweepstakes,it

656 1802 55 18 was
725 1790 124 30 resolved
865 1790 60 28 that
934 1788 47 29 the
992 1799 47 17 use
1048 1788 29 28 of
1084 1787 65 38 only
1157 1797 51 19 one

658 1831 88 28 barrel
759 1830 98 29 should
874 1831 33 27 be
917 1828 122 28 allowed.

693 1875 22 25 A
754 1882 60 18 new
851 1870 131 34 member,
1019 1868 45 29 Mr
1088 1868 121 29 Andrew

656 1912 83 32 Craijj
753 1922 55 18 was
823 1911 115 28 elected.

720 1938 17 12 o

854 1993 160 44 Football.

689 2075 53 28 The
766 2074 68 29 third
849 2073 82 28 match
954 2073 36 27 for
1004 2073 41 27 the
1067 2081 85 19 season
1167 2070 28 28 be-

657 2120 78 20 tween
755 2113 61 26 Moa
844 2112 56 27 Flat
921 2111 52 27 -and
996 2110 140 35 Roxburgh
1158 2108 50 28 2nd

656 2160 49 18 wus
728 2149 88 38 played
842 2159 32 17 on
900 2148 42 27 tbe
967 2148 62 27 local
1053 2146 98 37 ground
1175 2155 33 18 on

655 2188 132 36 Saturday.
824 2187 53 28 The
898 2186 110 27 weather
1021 2194 49 18 was
1089 2184 58 33 fine,
1159 2184 49 27 and

656 2226 97 35 though
777 2226 42 27 the
841 2225 99 27 visitors
960 2223 42 28 did
1015 2229 45 21 not
1073 2223 79 26 arrive
1171 2221 37 27 till

655 2263 50 28 late
717 2265 20 26 it
748 2271 52 20 was
814 2272 58 24 very
884 2261 113 37 pleasant
1010 2260 104 36 playing
1126 2260 26 27 in
1167 2259 41 27 tbe

655 2302 55 27 cool
729 2300 26 28 of
779 2301 42 27 the
844 2300 112 29 evening.
994 2298 43 27 Mr
1050 2298 158 27 Winchester

656 2338 72 28 acted
742 2348 26 18 as
780 2338 97 28 referee.

691 2376 73 27 After
775 2376 41 26 tbe
830 2375 56 27 kick
900 2374 38 27 off
947 2374 59 26 Moa
1020 2373 57 27 Flat
1086 2382 50 17 was
1149 2371 59 37 kept

653 2423 33 18 on
708 2413 43 27 tbe
775 2413 125 26 defensive
912 2411 38 27 for
973 2410 155 33 sometime;
1148 2409 60 27 then

655 2451 74 37 Eady
743 2450 72 28 made
833 2460 15 18 a
869 2448 111 38 splendid
994 2457 47 18 run
1054 2447 49 28 and
1115 2446 93 29 shifted

653 2489 57 35 play
745 2495 24 19 to
802 2488 42 26 the
874 2486 139 34 Roxburgh
1042 2484 165 35 twenty-five,

654 2525 82 27 wh«re
764 2526 30 26 he
814 2534 49 18 was
885 2523 107 29 collared
1004 2522 33 37 by
1049 2522 98 28 Grover
1154 2522 53 36 just

653 2564 25 25 in
693 2564 63 25 time
770 2569 24 20 to
808 2568 103 29 prevent
922 2571 15 17 a
956 2568 44 28 try.
1038 2559 53 27 The
1110 2560 98 25 visitors

654 2599 71 28 made
750 2599 104 28 another
866 2598 81 31 effort,
966 2596 47 29 and
1027 2596 62 28 from
1104 2596 41 27 the
1159 2596 49 27 line

652 2643 46 23 out
718 2637 77 28 Kitto
820 2636 94 29 beaded
938 2645 14 18 a
972 2634 59 29 rush
1055 2634 80 29 which
1157 2642 50 19 was

653 2676 75 34 again
761 2675 104 37 stopped
891 2674 31 36 by
947 2674 104 31 Grover,
1079 2673 57 27 who
1160 2672 48 27 lost

653 2713 140 35 possession
818 2712 30 28 of
869 2712 41 26 tbe
935 2711 57 31 ball,
1005 2710 50 28 and
1081 2710 125 26 Robinson

653 2750 104 35 picking
782 2759 34 26 up
841 2748 88 28 kinked
956 2754 44 22 out
1024 2754 26 21 at
1074 2745 130 30 mid-field.

654 2787 74 28 From
757 2797 14 18 a
795 2788 50 27 line
870 2793 45 21 out
940 2785 99 28 Wilson
1063 2784 87 37 passed
1181 2790 25 21 to

655 2825 85 31 Liiloli,
768 2825 57 26 who
846 2823 85 28 scored
951 2824 63 27 after
1037 2833 14 17 a
1076 2822 50 28 fine
1149 2831 57 19 run.

654 2863 96 27 Grover
764 2862 73 28 failed
853 2862 60 26 with
929 2861 40 27 the
983 2860 64 28 kick.
1085 2860 64 28 Give
1159 2858 47 28 and

651 2902 59 26 take
742 2900 57 37 play
831 2900 123 31 followed,
980 2899 59 27 then
1064 2898 60 27 Moa
1149 2896 58 28 Flat

652 2938 91 26 rushed
764 2945 24 19 to
813 2937 143 33 Roxburgh
980 2935 162 36 twenty-five,
1163 2934 44 27 but

653 2975 58 27 Feat
715 2975 117 27 her?tone
881 2974 132 34 obtaining
1059 2973 147 35 possession,

651 3011 87 38 passed
764 3011 59 28 both
848 3011 120 27 forwards
992 3009 49 28 and
1064 3009 74 27 backs
1157 3008 48 26 and

649 3050 86 27 scored
753 3057 58 19 near
837 3048 42 28 tbe
902 3057 89 18 corner
1013 3045 57 37 flag.
1108 3046 97 28 Grover

649 3088 51 35 just
714 3086 71 27 failed
800 3085 62 28 with
885 3094 31 18 an
939 3083 123 28 excellent
1083 3083 66 31 kick,
1164 3083 42 26 tbe

650 3123 48 29 ball
708 3123 60 36 only
780 3123 75 36 being
866 3123 76 27 about
953 3131 15 19 u
978 3121 51 28 foot
1041 3126 53 23 out.
1133 3119 56 30 Half-

649 3163 59 26 time
721 3170 52 18 was
787 3161 58 26 then
859 3159 87 28 called.

683 3199 38 26 On
736 3199 137 33 resuming,
888 3197 101 34 George
1008 3196 59 28 took
1082 3196 42 27 the
1145 3194 58 30 kick

648 3236 48 28 and
711 3236 73 28 Kitto
796 3234 135 35 returned;
953 3235 58 27 then
1032 3243 81 18 scrum
1136 3232 67 28 work

648 3274 48 28 and
727 3274 87 27 rushes
844 3274 77 26 about
960 3271 132 33 mid-field,
1133 3271 71 27 when

652 3312 137 34 Haugbton
805 3310 98 33 kicked,
917 3309 113 28 followed
1042 3309 54 28 well
1108 3319 34 25 up
1154 3308 49 28 and

648 3351 75 33 again
746 3354 45 30 got
815 3348 149 36 possession,
989 3348 102 34 scoring
1114 3345 90 27 behind

650 3387 41 29 the
711 3393 74 29 posts.
824 3385 98 29 Grover
931 3384 75 38 again
1021 3384 73 29 failed
1117 3390 25 21 to
1160 3392 29 19 en-

651 3427 77 25 hance
741 3426 42 25 the
795 3434 76 17 score.
910 3423 49 28 For
983 3432 14 18 a
1022 3425 60 25 time
1107 3423 98 26 neither

651 3463 51 27 side
721 3462 47 26 had
787 3470 50 27 any
862 3460 149 36 advantage,
1032 3460 59 27 then
1105 3460 100 33 George

652 3500 30 37 by
696 3510 13 17 a
728 3500 64 36 good
808 3508 45 18 run
867 3497 94 34 scored,
982 3497 81 29 which
1089 3506 50 19 was
1161 3502 44 21 not

651 3547 77 21 conve
743 3537 47 28 ted.
827 3537 55 29 The
905 3536 115 36 repeated
1038 3536 100 34 scoring
1160 3540 45 28 put

653 3576 58 27 Moa
729 3575 56 27 Fl«t
797 3584 31 17 on
843 3574 64 26 their
928 3572 82 34 metal,
1025 3582 26 17 as
1065 3573 58 35 they
1149 3580 55 19 now

651 3612 97 38 pressed
771 3612 138 34 Roxburgh
931 3610 70 31 hard,
1027 3610 45 28 but
1087 3610 55 36 just
1159 3608 30 29 ob-

652 3651 83 27 tained
748 3660 13 18 a
785 3651 64 25 force
863 3649 80 26 down.
983 3647 73 27 From
1072 3648 59 26 Moa
1146 3646 57 28 Flat

653 3689 113 34 territory
783 3686 106 35 Hughes
903 3685 71 29 made
992 3695 14 16 a
1029 3684 113 35 splendid
1156 3693 46 17 run

653 3733 24 20 to
691 3725 87 27 within
788 3734 14 17 a
813 3724 45 27 few
869 3723 74 36 yards
954 3722 27 27 of
987 3722 140 36 Roxburgh
1138 3721 66 35 goal,

653 3764 45 25 but
728 3762 95 26 Grover
853 3760 74 27 saved
952 3761 39 24 bis
1024 3760 57 25 side..
1121 3759 82 33 Again

658 3799 102 35 Hughes
772 3798 109 34 charged
903 3798 72 26 down
999 3796 59 28 with
1083 3797 41 27 the
1147 3796 57 32 ball,

654 3837 57 35 only
727 3843 24 20 to
766 3836 28 27 be
813 3836 94 35 pushed
928 3841 44 20 out
993 3834 27 27 of
1039 3835 73 25 touch
1132 3833 72 27 when

655 3884 31 16 on
701 3874 41 26 tbe
759 3874 69 32 point
853 3872 26 27 of
895 3873 107 31 scoring.
1039 3872 54 28 The
1107 3871 97 26 visitors

656 3919 58 20 next
735 3909 136 37 attempted
891 3915 24 21 to
928 3909 60 26 rush
1003 3908 41 27 the
1063 3908 49 28 ball
1136 3916 67 22 over,

656 3949 43 26 but
712 3949 129 26 Robinson
856 3947 118 27 returned
994 3947 59 26 with
1067 3955 14 18 a
1095 3954 45 18 run
1155 3945 48 27 and

656 3986 65 27 kick.
757 3987 25 25 A
794 3985 60 27 final
868 3990 106 29 attempt
985 3990 24 20 to
1022 3993 67 18 score
1100 3983 30 36 by
1145 3983 59 27 Moa

657 4024 56 26 Flat
736 4023 79 27 ended
834 4024 24 25 in
878 4022 41 27 the
945 4022 71 26 home
1041 4026 66 22 team
1132 4020 73 34 being

655 4062 74 35 again
749 4060 81 28 forced
844 4060 82 32 down,
942 4059 41 26 the
996 4067 73 26 game
1082 4057 122 34 resulting

656 4099 183 34 —Roxburgh,
852 4098 31 28 12
897 4099 97 34 points;
1016 4097 60 27 Moa
1087 4096 63 31 Flat,
1163 4095 41 28 nil.

689 4138 54 25 The
762 4137 97 26 visitors
879 4146 62 15 were
955 4135 94 26 treated
1063 4140 25 21 to
1102 4134 91 26 refresh-

656 4181 80 20 ments
749 4180 25 20 at
787 4174 42 26 Mr
842 4173 117 27 Mercer's
980 4172 26 27 in
1029 4172 41 26 the
1089 4172 116 33 evening,

658 4213 69 26 when
741 4222 13 17 a
765 4212 105 27 number
884 4212 24 26 of
920 4220 76 23 songs
1008 4219 61 17 were
1080 4218 67 27 sung
1157 4208 48 28 and

657 4259 13 17 a
684 4259 58 27 very
755 4250 111 35 pleasant
875 4249 108 33 evening
996 4257 49 16 was
1058 4253 79 30 spent.

682 4325 318 53 Roxburgh-Heriot
1027 4324 155 51 Railway.

698 4410 33 28 In
745 4420 17 18 a
775 4412 92 26 rpcent
888 4409 72 28 issue
983 4410 46 29 the
1087 4409 123 28 Matanra

663 4450 134 36 Ensign/'
814 4450 124 37 noticing
957 4449 46 29 the
1016 4451 57 27 fact
1092 4450 60 28 that
1163 4448 46 30 the

661 4492 130 38 petitions
804 4490 44 28 for
860 4490 46 28 the
920 4491 185 27 construction
1119 4489 28 28 of
1161 4490 48 27 the

667 4530 262 33 Koxbursrh-Heriot
950 4532 143 28 extension
1113 4540 46 18 are
1180 4530 27 28 in

662 4571 183 33 circulations,
891 4570 111 28 devotes
1046 4581 17 17 a
1099 4570 111 37 leading

662 4611 95 29 article
771 4619 28 19 to
812 4611 46 27 the
877 4610 115 37 subject,
1007 4611 53 27 and
1074 4611 134 37 earnestly

663 4652 144 36 impresses
844 4661 34 18 ou
918 4650 46 28 the
1009 4651 135 30 residents
1182 4651 29 29 of

665 4692 152 29 Southland
874 4691 46 28 the
982 4695 134 33 necessity
1183 4692 28 28 of

663 4732 113 37 signing
808 4732 45 27 the
890 4732 114 36 petition
1037 4742 29 17 as
1102 4741 90 19 numer-

663 4772 78 38 ously
754 4781 29 20 as
806 4771 129 39 possible.
974 4771 59 30 The

663 4812 55 28 also
741 4813 48 27 has
810 4821 75 19 some
910 4812 145 27 trenchant
1079 4812 54 28 and
1152 4812 59 37 jnst

664 4852 120 29 remarks
794 4862 35 19 on
844 4852 47 28 the
905 4852 128 28 criticism
1046 4852 30 28 of
1088 4852 45 27 the
1147 4862 47 27 pro-

658 4894 58 37 ject
736 4894 68 28 from
830 4892 127 28 Dunedin
977 4892 55 28 and
1055 4892 154 35 elsewhere,

661 4934 28 27 of
708 4934 79 28 tho«e
808 4932 150 28 interested
981 4933 28 27 in
1030 4933 47 27 t!ie
1100 4932 109 28 Central

661 4974 88 36 Otngo
763 4974 120 36 railway,
898 4982 30 19 as
942 4972 56 29 also
1019 4972 29 29 of
1070 4972 77 29 those
1161 4983 32 28 op-

661 5015 81 37 posed
777 5021 28 22 to
831 5025 50 17 our
921 5013 108 38 railway
1066 5024 34 16 on
1133 5015 78 27 other

660 5055 131 35 grounds.
831 5054 58 28 The
940 5053 104 34 Ensign
1096 5064 60 25 says
1168 5066 43 9 •

686 5108 19 19 If
714 5108 40 20 this
760 5108 83 20 railway
853 5109 104 18 extension
970 5113 29 11 we
1008 5105 62 24 speak
1081 5105 20 19 of
1117 5106 16 19 U
1149 5108 21 17 to
1183 5106 25 20 he

658 5142 24 14 an
693 5134 146 29 accomplished
855 5134 41 21 fact
912 5136 21 17 at
951 5139 55 14 som*
1022 5132 70 21 future
1103 5132 54 26 date,
1178 5139 30 14 we,

658 5171 35 14 ean
705 5164 86 24 promise
807 5163 26 21 its
848 5162 107 21 advocates
966 5160 45 22 that
1023 5160 48 21 they
1085 5160 39 21 will
1136 5161 51 20 have
1196 5168 12 14 a

658 5194 55 18 stern
735 5191 50 21 fi-ht
804 5194 21 16 to
844 5191 38 19 win
906 5189 69 21 before
993 5189 78 23 victory
1088 5188 118 26 eventually

658 5225 77 13 crowns
751 5219 53 19 their
821 5217 78 23 efforts.
930 5217 27 19 As
975 5223 28 13 we
1018 5216 52 19 hav.;
1091 5215 117 26 frequently

660 5245 82 23 pointed
759 5247 43 20 out.
819 5245 36 19 the
870 5245 75 19 matter
962 5243 87 21 resolves
1066 5242 57 20 its*>lf
1137 5244 43 18 into
1196 5250 12 13 a

659 5275 79 18 contest
747 5272 13 20 h
768 5276 69 17 'tween
849 5273 35 19 the
893 5271 142 21 communities
1053 5269 21 21 of
1088 5269 65 25 Otago
1168 5270 39 20 and

660 5300 120 22 Southland.
808 5300 44 20 Our
867 5300 67 22 Otago
949 5297 76 23 friends
1041 5304 48 16 very
1105 5297 103 25 naturally

659 5328 40 20 and
718 5335 49 17 very
787 5326 93 27 properly
896 5332 34 14 are
946 5325 86 25 striving
1048 5327 21 18 to
1087 5325 121 25 aecunp'ish

660 5356 53 20 their
721 5362 47 15 own
780 5355 68 21 selfish
864 5353 57 26 end-',
933 5353 39 20 and
983 5360 28 14 we
1021 5359 34 13 are
1065 5354 36 18 not
1110 5352 98 25 prepared

659 5386 22 16 to
694 5390 36 16 say
740 5383 45 19 that
795 5390 11 10 a
822 5381 54 21 little
885 5381 22 19 of
921 5380 36 20 the
966 5387 55 13 same
1037 5380 59 20 snirit
1106 5381 48 18 doe*
1171 5382 37 17 not

660 5412 57 18 enter
740 5410 43 19 into
801 5410 36 19 the
853 5407 95 29 question
969 5407 53 20 from
1039 5406 35 20 the
1093 5405 115 21 Southland

661 5436 127 27 standpoint,
812 5436 37 22 hit
871 5437 22 18 at
917 5435 35 20 the
971 5441 55 15 same
1051 5434 49 20 time
1123 5440 29 14 we
1175 5440 34 14 are

661 5464 124 26 thoroughly
794 5464 22 20 of
825 5463 82 25 opinion
919 5462 47 20 that
977 5462 35 19 the
1023 5465 52 17 most
1085 5461 123 26 reasonaVe,

661 5492 94 23 effective
764 5491 40 22 and
815 5489 121 22 economical
947 5489 66 21 outlet
1023 5489 32 21 for
1063 5489 36 20 the
1113 5489 96 26 products

660 5520 22 19 of
695 5521 37 19 the
749 5518 105 28 goldflelds
870 5518 41 22 and
927 5517 140 25 fruitgrowing
1081 5517 90 20 districts
1189 5517 21 20 of

662 5547 63 20 lower
738 5546 78 22 central
826 5546 65 24 Otago
898 5545 16 21 is
924 5544 64 26 Bluff,
999 5544 32 21 via
1040 5544 36 20 the
1090 5544 121 25 Roxburgh-

667 5574 73 21 Heriot
757 5574 115 24 extension,
899 5571 66 24 There
979 5579 36 14 can
1030 5572 25 21 be
1073 5578 27 15 no
1114 5571 64 22 doubt
1187 5579 24 14 on

662 5602 42 20 this
718 5602 66 24 point.
811 5616 140 9 .....
978 5600 64 20 These
1055 5599 77 22 central
1147 5600 66 25 Otago

663 5628 106 25 goldnelds
794 5628 81 19 settlers
898 5627 48 22 lock
968 5628 36 19 not
1021 5633 21 14 so
1056 5627 63 21 much
1136 5628 22 20 at
1176 5627 37 20 the

663 5663 23 14 re
687 5655 63 22 lative
759 5657 72 20 merits
839 5655 23 22 of
868 5654 35 21 the
913 5656 65 19 towns
985 5654 89 25 through
1085 5654 64 21 which
1159 5654 54 21 their

661 5683 91 26 produce
762 5690 74 20 passes,
846 5689 23 14 as
877 5684 21 20 to
913 5682 37 21 the
968 5689 94 14 nearness
1077 5681 50 23 with
1146 5682 66 22 which

660 5711 52 27 they
724 5718 35 14 are
767 5710 88 26 brought
865 5714 20 15 to
893 5709 36 22 the
935 5709 104 26 seaboard,
1049 5710 40 21 and
1098 5717 23 14 as
1129 5710 82 24 railway

1821 74 198 42 MOUNT
2105 74 226 42 BEHGEB.
2418 72 141 41 MAIL

336 91 240 51 September
606 90 35 44 3,
679 89 105 40 1897

771 5767 125 29 (Continued
910 5774 26 17 ©n
950 5768 78 23 Fourth
1044 5767 68 30 Pajp.)

80 4725 57 21 THE
153 4724 62 20 TWO

204 4757 133 22 GENUINE
350 4755 147 27 ARTICLES,

155 4791 147 22 CLEMENTS
312 4791 87 20 TONIC

230 4824 168 22 FLETCHER'S
407 4823 87 27 PILLS,

82 4858 154 25 IMITATED!

142 4894 56 22 BUT
207 4892 170 22 UNRIVALED

230 4927 62 21 AND
302 4925 201 29 UNEQUALLED.

79 4967 146 23 CLEMENTS
234 4965 86 22 TONIC
326 4966 17 20 is
348 4972 12 13 a
368 4965 99 20 scientiSc
474 4965 96 20 chemical
578 4964 53 21 food

81 5004 40 22 and
136 5007 87 18 restores
232 5003 36 21 the
282 5003 63 21 tissue
355 5002 74 20 wasted
441 5001 26 26 by
481 5001 34 20 the
527 5002 104 20 vocations

78 5040 23 22 of
117 5047 61 18 every
193 5040 41 25 day
242 5039 44 27 life,
304 5039 16 21 ii
329 5047 12 12 a
350 5042 84 23 prompt
442 5040 40 19 and
489 5040 42 19 safe
540 5038 87 25 remedy

78 5075 32 20 for
127 5073 112 26 neuralgia,
256 5079 139 20 nervousness,
407 5073 108 23 weakness,
527 5071 98 25 debility,

77 5109 51 20 liver
134 5108 117 24 eomplaint,
261 5108 82 25 dropsy,
354 5108 39 19 and
402 5106 83 21 chronic
493 5105 128 26 iudiges'ion.

101 5142 167 23 FLETCHER'S
278 5141 77 22 PILLS
373 5148 47 15 cure
433 5140 119 29 baa.rtburo,
564 5140 49 21 baek-

76 5179 57 26 aehn,
141 5179 108 24 headachy
259 5178 51 22 liver
319 5178 106 27 torpidity,
436 5177 108 26 dyspepsia
550 5177 38 20 and
599 5177 28 20 ail

78 5212 121 27 complaints
207 5212 21 19 of
239 5213 36 18 the
284 5212 90 19 stomach
381 5211 40 20 nod
431 5210 83 23 bcwels.

102 5245 66 21 These
186 5247 41 18 two
246 5245 98 21 remedies
362 5244 52 20 have
433 5245 48 19 been
501 5243 124 25 thoroughly

77 5280 73 24 tested,
159 5280 20 19 fn
197 5280 28 19 ail
243 5280 35 20 tsi3
296 5280 37 20 hot
346 5279 103 22 countries
467 5278 22 20 of
505 5279 35 20 the
555 5278 70 23 woild.

76 5315 57 25 Tlmy
143 5322 33 14 are
185 5314 43 20 sold
244 5317 22 19 at
275 5322 11 13 a
294 5316 54 25 price
360 5315 71 21 within
447 5314 35 20 the
497 5314 60 20 reach
568 5313 21 21 of
599 5314 26 19 all

76 5350 79 27 popple.
187 5350 99 21 Evidence
303 5351 17 20 i*
329 5349 115 24 forwarded
458 5350 43 20 free
512 5356 26 15 on
549 5350 78 22 recifit

77 5384 22 21 of
185 5385 41 19 and
235 5385 80 22 address
331 5386 46 19 that
388 5386 40 19 will
444 5386 73 23 satisfy
528 5386 35 19 the
574 5388 52 17 most

77 5418 96 27 sceptical
188 5425 22 14 as
228 5421 23 18 to
274 5419 53 21 their
345 5421 83 22 virtues.
456 5419 58 27 They
533 5426 35 14 are
587 5419 43 21 t«>kl

78 5454 136 28 uverywhere,
235 5455 36 20 but
287 5462 45 14 care
350 5458 56 19 must
416 5456 25 21 be
460 5456 62 21 taken
533 5456 47 20 that
597 5455 34 20 the

79 5491 81 29 gt.-r.uint
160 5497 7 11 l
176 5497 34 17 are
218 5491 96 24 obtainad
323 5499 21 16 ot
355 5494 35 23 the
399 5500 75 20 money
482 5493 41 22 mid
534 5493 50 22 tim*
594 5499 36 16 are

184 5526 42 23 g'.id
243 5527 36 22 the
301 5527 77 24 disease
395 5536 23 14 so
437 5529 61 22 much
512 5528 35 23 the
574 5534 57 16 more

76 5563 86 22 wrion?.

104 5640 44 23 The
309 5639 37 22 hit
354 5640 84 23 decided
448 5643 21 19 to
479 5643 47 22 take
537 5643 92 21 M&'nma

79 5668 81 27 Ztet*,
183 5668 88 22 H*wke«
291 5668 49 25 B*y.
359 5668 66 23 uadar
442 5670 36 22 the
497 5670 130 26 compulsory

78 5694 78 28 pJauswi
175 5695 23 24 of
216 5696 36 22 ib<»
267 5696 56 23 Laod
340 5696 33 22 for
531 5699 49 22 Act,
607 5698 22 22 It

79 5726 109 29 jqmprisw
195 5724 70 24 £7,127
274 5729 56 16 acre*
342 5724 22 20 of
374 5724 65 21 which
449 5725 72 23 22.770
529 5732 55 14 acr«>*
595 5731 34 16 an*

79 5752 37 23 ibe
131 5755 99 24 property
247 5750 22 22 of
279 5751 32 20 Mr
323 5749 25 23 T.
359 5750 22 21 P.
399 5751 89 24 Kussell.
498 5753 37 20 the
545 5752 84 22 balance

80 5779 58 32 Vgiog
148 5778 48 24 held
206 5779 22 23 in
238 5781 52 20 trust
301 5778 32 22 for
342 5776 100 25 members
452 5778 22 23 of
482 5779 32 23 his
524 5780 78 27 family.

1616 192 152 52 gEEDS.

1293 321 46 35 JYa
1353 320 49 26 will
1416 319 30 26 be
1458 317 99 36 pleased
1576 322 24 19 to
1613 314 94 27 submit
1724 321 49 17 sam-

1352 358 51 37 ples
1416 356 49 28 aud
1479 355 57 36 give
1549 353 146 38 quotations
1716 348 27 29 of
1761 348 31 28 all

1237 395 169 36 Agricultural
1427 394 76 27 Seeds
1517 402 36 17 we
1566 391 80 33 stock,
1668 388 28 28 of
1711 387 80 27 which

1235 437 41 25 the
1289 436 96 35 quality
1399 435 19 25 is
1434 433 40 26 the
1487 431 81 28 finest.

1512 518 88 41 Bone
1637 515 148 42 Manure.

1270 593 61 26 This
1345 590 137 29 celebrated
1496 589 107 27 Manure
1618 586 42 26 has
1672 593 33 18 no
1718 581 71 39 equal

1238 631 35 25 (or
1286 630 104 36 qualify.
1430 630 22 24 It
1471 629 20 25 is
1514 625 51 27 rich
1586 625 25 26 in
1636 623 154 33 Phosphates

1237 668 47 24 and
1302 664 191 33 Ammonia.and
1505 664 20 25 is
1535 659 138 33 admirably
1683 657 105 33 adapted

1239 704 34 25 for
1286 710 53 19 root
1359 713 78 25 crops,
1457 710 70 28 grass
1547 698 78 33 lands,
1640 696 48 26 and
1709 694 80 26 wheat

1237 750 79 26 crops.

1272 788 255 28 Caution—Other
1557 784 84 28 makes
1672 781 23 26 of
1723 780 68 26 Bone

1240 826 119 26 Manures
1373 836 40 16 are
1425 826 74 33 being
1509 823 90 27 offered
1613 828 25 19 to
1653 820 101 26 farmers
1766 826 25 17 as

1239 865 40 22 the
1467 861 84 26 brand.
1592 859 81 25 When
1686 856 105 34 buying,

1238 899 70 26 insist
1324 909 30 16 on
1369 910 13 15 a
1405 905 137 28 guarantee
1567 896 75 34 being
1667 894 83 35 given,
1764 901 26 19 as

1240 938 102 25 without
1357 938 49 26 this
1421 936 77 28 brand
1517 945 63 17 none
1593 936 20 26 is
1627 933 117 37 genuine.

1416 1012 200 31 LAWE'S

1237 1064 359 32 SUPERPHOSPHATE
1617 1063 46 30 OF
1685 1061 106 31 LIME.

1423 1127 183 30 CROSS'

1241 1178 355 31 SUPERPHOSPHATE
1616 1176 48 30 OF
1686 1174 106 30 LIME.

1275 1232 65 25 Both
1352 1232 67 24 these
1431 1230 120 25 Manures
1560 1237 40 17 are
1611 1228 28 25 of
1644 1226 61 34 high
1715 1225 77 32 grade

1237 1268 157 38 quality,«nd
1405 1276 40 18 are
1456 1265 53 28 well
1521 1264 80 29 suited
1613 1266 36 25 for
1659 1272 120 26 encourag-

1237 1310 43 33 ing
1294 1307 40 27 the
1348 1305 98 36 growth
1460 1304 25 29 of
1496 1303 33 29 all
1542 1308 55 23 root
1609 1312 80 27 crops.

1303 1369 31 24 fe7
1350 1363 106 25 Pkices
1474 1368 35 19 on
1529 1362 202 25 Application-.

1406 1430 151 30 PLANET
1581 1430 46 29 Jr.

1312 1484 108 30 FARM
1455 1480 263 32 IMPLEMENTS.

1275 1539 79 26 Write
1374 1547 28 17 or
1424 1536 46 28 call
1489 1536 38 26 for
1538 1534 45 28 full
1597 1533 150 37 particulars
1768 1532 27 27 of

1329 1574 112 28 valuable
1465 1574 167 35 implements,
1651 1572 79 26 which
1750 1580 41 17 are

1239 1616 24 26 in
1275 1625 42 16 use
1328 1613 31 36 by
1373 1614 40 27 the
1425 1610 235 29 thousandsinNew
1672 1607 117 31 Zealand.

1306 1690 117 29 FRUIT
1444 1689 131 35 TREES,
1594 1687 130 35 ROSES,

1240 1743 266 31 STRAWBERRY
1539 1740 159 35 PLANTS,
1730 1738 61 36 &c,

1386 1792 37 29 Of
1442 1792 68 29 Best
1529 1790 121 38 Quality.

1241 1877 245 57 NIMMO
1506 1881 16 50 %
1548 1873 242 66 BLAIR,

1333 1951 95 30 SEED
1453 1947 247 32 MERCHANTS.

1441 1997 149 28 Dunedin.

1241 2073 207 53 yiCTORIA
1466 2069 145 33 LIVERY
1625 2067 167 33 STABLES

1326 2140 71 22 PEEL
1410 2139 112 26 STREET,
1537 2136 168 23 LAWRENCE.

1239 2210 35 43 T.
1303 2210 120 52 Dwyer
1468 2219 8 30 :
1524 2218 7 31 :
1587 2204 203 54 Proprietor.

1274 2297 59 29 The
1345 2307 68 27 very
1425 2296 63 29 best
1501 2294 130 37 Stabling
1648 2291 142 40 provided,

1238 2338 66 30 with
1317 2349 16 17 a
1347 2336 100 30 Groom
1461 2335 101 39 always
1575 2335 29 28 in
1616 2332 174 30 attendance.

1239 2430 25 29 A
1286 2429 162 30 Handsome
1470 2427 57 30 and
1552 2422 239 43 Well-appointed

1334 2488 155 35 Hearse
1512 2496 54 26 on
1594 2484 103 36 Hire.

1274 2580 158 29 First-class
1465 2578 95 38 Single
1592 2576 56 30 and
1681 2575 109 29 Doable

1237 2620 140 40 Buggies;
1398 2620 67 35 also,
1479 2616 109 32 Ladies'
1601 2616 56 30 and
1677 2615 97 30 Gentle-

1236 2661 88 30 men's
1338 2660 103 30 Saddle
1454 2659 114 30 Horses.

1298 2765 21 25 0
1336 2764 21 25 0
1376 2763 22 26 K

1588 2761 172 25 THIS!

1299 2843 102 24 BOOTS
1418 2846 37 21 for
1468 2844 42 23 the
1526 2842 83 27 Gr*a»,

1326 2886 74 26 Boots
1419 2888 37 24 for
1477 2886 42 26 the
1533 2886 90 31 Small;

1297 2930 71 23 Boots
1384 2930 36 23 for
1439 2930 42 23 the
1498 2929 80 29 Short,

1329 2975 70 20 Bnoti
1416 2974 39 22 for
1470 2974 41 22 the
1529 2973 54 24 Tall
1599 2981 6 21 ;

1299 3018 70 23 B«ota
1383 3017 37 23 for
1438 3018 41 23 the
1498 3016 97 32 Young,

1326 3057 73 22 J'.duu
1416 3057 37 23 for
1468 3057 40 23 the
1527 3057 47 22 Old
1586 3064 7 20 ;

1329 3120 52 24 -And
1400 3118 101 25 BOOTS
1518 3118 46 25 an*
1583 3118 105 25 SHOW*

1336 3239 44 37 H.
1431 3238 120 36 Bail
1564 3236 125 45 lie's,

1243 3315 116 30 Opposite
1374 3311 161 26 Commercial
1555 3312 83 30 Hotel,
1658 3311 132 32 Roxburgh

1266 3428 132 26 fSTCorr.e
1415 3429 47 23 and
1481 3429 90 26 inspect
1584 3427 41 25 the
1641 3429 80 25 Stock.

1235 3538 35 57 J
1350 3539 48 38 H.
1463 3538 326 44 PEARSON,

1336 3604 68 21 ROSS
1417 3603 98 27 PLACE,
1529 3603 167 27 LAWRENCE,

1278 3649 266 34 CONTRACTOR,
1564 3648 182 36 BUILDER,

1487 3698 54 20 AND

1374 3728 276 31 UNDERTAKER.

1236 3803 144 31 Contracts
1394 3802 85 31 taken
1489 3803 44 29 for
1546 3803 138 30 Builders'
1704 3803 83 31 Work

1354 3843 29 30 of
1396 3853 82 28 every
1492 3843 177 40 description.

1297 3916 199 23 ESTIMATES
1527 3916 194 23 PREPARED.

1270 3977 26 28 A
1310 3975 195 30 well-assorted
1533 3974 85 31 Stock
1639 3975 30 30 of
1689 3975 83 31 Furni-

1235 4020 60 25 ture
1308 4017 101 30 always
1423 4026 35 17 on
1472 4016 82 29 hand.

1272 4056 132 29 Funerals
1416 4055 155 30 conducted
1583 4055 28 28 in
1622 4055 36 29 all
1671 4059 76 35 parts
1762 4056 28 29 of

1235 4097 46 30 the
1308 4097 124 30 District.
1473 4096 105 30 Hearse
1604 4097 135 38 provided
1768 4098 22 29 if

1236 4138 136 38 required.

1243 4212 193 56 COBB
1506 4214 52 54 &
1622 4212 167 62 CO.'S

1351 4293 170 21 TELEGRAPH
1547 4293 69 21 LINE
1641 4292 36 22 OF

1287 4333 128 30 ROYAL
1445 4334 88 29 uAIL
1554 4333 186 32 COACHES.

1441 4385 147 30 Lawrence

1275 4427 154 28 Beaumont
1554 4426 64 29 Moa
1632 4426 62 29 Flat

1275 4467 97 29 Teviot
1552 4467 160 30 Alexandra

1274 4507 87 35 Clyde
1555 4507 146 30 Cromwell

1275 4550 172 27 Arrowtown
1556 4549 183 35 Queenstown

1491 4589 63 30 And

1312 4638 56 28 Alll
1390 4638 196 30 Intermediate
1611 4637 105 31 Places.

1277 4718 77 29 Cobb
1368 4719 53 28 and
1447 4719 74 29 Co.'s
1543 4719 155 38 Telegraph
1722 4719 70 29 Line

1239 4760 28 29 of
1280 4760 86 38 Royal
1380 4759 66 29 Mail
1470 4759 121 29 Coaches
1614 4760 76 29 leave
1713 4760 60 28 Law-

1239 4810 78 19 rence
1337 4800 43 28 for
1402 4801 47 27 the
1470 4800 152 29 Beaumont
1642 4800 55 28 and
1718 4800 56 28 Rox-

1239 4840 90 38 burgh
1347 4850 82 28 every
1452 4840 70 36 dayj
1542 4840 54 29 and
1618 4840 76 29 leave
1717 4840 57 29 Rox-

1239 4881 90 37 burgh
1361 4881 44 28 for
1438 4880 166 35 Alexandra,
1638 4880 154 37 Cromwell,

1242 4925 177 30 Arrowtown,
1434 4921 54 27 and
1511 4920 182 36 Queenstown
1710 4931 81 28 every

1239 4962 134 37 Tuesdtiy,
1401 4962 142 37 Thursday
1566 4961 56 28 and
1646 4960 146 38 Saturday,

1239 5003 130 39 reaching
1380 5002 182 38 Queenstown
1573 5002 47 28 the
1629 5012 74 18 same
1711 5012 66 19 even-

1239 5044 57 35 ing.
1341 5049 163 31 Passengers
1519 5043 75 27 leave
1613 5042 129 28 Dunedin
1757 5043 36 35 by

1241 5084 45 28 the
1301 5083 61 28 8.15
1378 5094 63 17 a.m.
1465 5083 69 28 train
1548 5094 7 23 ;
1576 5082 76 28 leave
1672 5080 104 36 Queens-

1240 5128 71 24 town
1328 5134 33 17 on
1376 5134 74 17 same
1465 5123 66 37 days
1545 5126 28 24 at
1587 5123 16 27 5
1613 5132 74 24 a.m.,
1701 5122 77 28 reach-

1239 5165 49 38 ing
1301 5164 155 39 Roxburgh
1477 5169 27 24 at
1519 5164 16 29 8
1550 5174 77 28 p.m.,
1641 5162 54 29 and
1709 5162 71 29 arriv-

1240 5207 49 33 ing
1308 5209 28 22 at
1359 5205 147 29 Lawrence
1529 5209 28 22 at
1587 5205 61 27 1.45
1670 5214 66 26 p.m.
1759 5214 35 17 on

1241 5245 141 34 following
1397 5245 31 28 da
1435 5255 38 18 vs.

1276 5285 130 28 Dunedin
1428 5285 130 37 Booking
1574 5283 84 28 Office
1672 5283 43 28 for
1729 5283 50 28 Pas-

1241 5336 112 26 sengers
1367 5326 53 27 and
1435 5325 109 28 Parcels
1556 5336 6 17 :
1590 5324 69 28 N.Z.
1674 5323 121 38 Express

1241 5365 74 30 Co.'s
1330 5366 84 28 Office
1439 5367 202 31 Manse-street,
1657 5364 138 28 Dunedin.

1277 5406 80 28 Head
1384 5405 100 29 Office:
1520 5404 173 34 Peel-street,
1717 5403 59 28 Law-

1241 5457 88 20 rence.

1373 5486 38 30 H.
1433 5484 119 31 CRAJG
1571 5491 24 22 &
1617 5483 67 37 CO.,

1578 5529 181 39 Proprietors.

1272 5616 10 17 /
1298 5605 106 29 UUNG
1417 5604 94 34 MEN,
1533 5603 77 28 write
1635 5606 29 25 to
1688 5612 43 19 me
1752 5602 43 29 for

1333 5644 127 30 valuable
1470 5644 58 27 free
1538 5642 78 31 Book
1627 5642 168 39 concerning

1241 5685 167 39 yourselves.
1463 5684 142 29 Professor
1643 5682 152 38 Hermann,

1244 5726 155 39 Specialist,
1426 5725 35 30 40
1496 5724 204 40 Collinsiplace,
1726 5723 52 31 Mel-

1242 5767 113 29 bourne.
1399 5781 5 6 '

1921 174 174 35 PECORD
2137 170 150 41 pKIGN.

1962 212 133 32 'ECOIiD
2135 199 47 25 Xi
2185 209 102 30 EJGN.

1924 296 97 28 enable
2046 296 47 26 the
2120 293 93 38 public
2238 296 29 23 to
2293 291 84 27 Dress

1911 335 116 30 suitable
2038 338 27 25 to
2076 334 48 28 the
2135 332 134 33 occasion,
2282 331 15 27 I
2309 332 67 26 have

1936 385 183 31 REDUCED
2138 383 135 29 PRICES

1824 431 31 28 of
1868 440 46 28 my
1928 429 76 36 large
2022 426 56 30 and
2090 424 94 30 varied
2198 423 95 36 fatock,
2305 425 70 27 viz.:

1900 480 85 36 Suits,
1999 480 37 30 £3
2055 479 31 28 3s
2097 489 7 24 ;
2126 476 140 34 Trousers,
2283 476 55 29 15s.

1899 522 119 37 Factory
2032 538 11 5 -
2058 517 80 31 mado
2179 517 85 35 Suits,
2305 517 70 35 21s;

1973 565 139 30 Trousers,
2126 557 32 29 6s
2172 556 45 29 6d.

1851 614 72 35 Ties,
1939 613 81 38 Caps,
2035 612 110 32 Braces,
2159 609 59 36 &c,
2232 609 34 29 6d
2281 609 74 30 each.

1824 654 77 28 Hard
1917 653 56 27 and
1988 652 63 28 Soft
2065 651 61 28 Felt
2145 654 80 29 liats,
2252 652 27 25 Is
2299 650 75 27 each.

1843 732 127 21 REDUCT
1983 731 43 21 \NS
2042 731 32 21 IN
2089 730 54 21 ALL
2156 729 96 20 OTHER
2264 728 90 22 LINES.

1920 796 39 42 E.
2007 775 273 69 A,~~HART,

1821 855 106 22 TAILOR
1951 854 17 21 &
1991 851 196 24 GENTLEMEN'S
2212 851 164 21 OUTFITTER.

1879 894 260 31 ScOTI«AXP-STKEET,
2160 889 162 29 ROXBURGH.

1907 1040 159 24 barrister
2080 1038 61 23 and
2155 1037 155 26 solicitor,

2019 1086 163 34 Lawrence,

1823 1156 67 30 Will
1916 1154 96 29 attend
2038 1153 47 28 the
2104 1150 152 37 Roxburgh
2279 1150 96 29 Court.

1825 1310 99 38 Money
1935 1312 28 25 to
1972 1304 77 32 Lend
2059 1317 34 19 on
2104 1303 134 33 Freehold
2252 1303 124 39 Security

1855 1407 215 32 IHRISTMAS
2098 1407 23 27 &
2144 1402 94 32 iffcW
2271 1404 106 28 YEAR

1854 1439 14 24 J
1994 1444 226 33 NOVELTIES.

1865 1491 137 38 (Suitable
2017 1489 45 30 for
2078 1488 103 36 Young
2194 1486 54 29 and
2263 1486 76 37 Old).

1937 1573 26 28 A
1977 1571 135 38 complete
2126 1568 104 39 display
2244 1568 30 28 of

1825 1613 130 31 FANCY
1987 1611 135 36 GOODS,
2158 1607 218 32 CHRISTMAS

1875 1653 136 35 CARDS,
2051 1651 108 33 TOYS,
2198 1649 135 35 BOOKS,

1949 1690 235 32 MAGAZINES,
2205 1689 49 28 Ac.

1824 1771 149 23 BARGAINS
1992 1771 39 21 ON
2049 1770 58 21 THE
2124 1767 136 22 SHILLING
2278 1766 98 21 TABLE.

1949 1837 161 28 Inspection
2130 1834 122 28 Invited.

1884 1924 54 57 F.
1986 1917 340 61 .VEFFKHY.

1830 2001 194 25 BOOKSELLER
2039 1998 131 27 CHEMIST,
2183 1997 82 22 NEWS
2281 1996 96 24 AGENT

1992 2027 166 26 STATIONER,
2172 2027 36 21 &C

1891 2064 142 31 TEVIOT
2062 2060 250 32 DISPENSARY.

1911 2171 186 33 ILLIAM
2140 2166 235 62 \jALONE,

1908 2326 173 41 General
2116 2324 171 44 Grocer,

1845 2470 500 37 SCOTLAND-STREET,

1986 2617 222 33 ROXBURGH.

1823 2731 214 54 HUGH
2111 2725 259 42 BRUCE,

1913 2796 198 32 80-YKDENG
2144 2794 135 36 IiOUSE,

1850 2850 54 27 WH
1912 2858 75 20 ITKIU
1994 2856 171 25 V(i\*-<Ti.KK'f,
2190 2846 150 29 L.iWfiK.VCB

1884 2896 143 39 (Opposite
2173 2892 130 37 Ohurcli.)

1831 2985 81 22 FIRST
1930 2985 84 22 CLAX-5
2307 2980 53 22 FOli

1906 3012 58 22 THK
1979 3010 181 24 riiAV«iLl.|-.vU
2178 3008 108 24 PITKLIO.

1866 3094 76 29 Good
1968 3093 130 37 Stablifiif
2123 3093 51 28 and
2198 3092 55 29 V*A
2265 3092 60 29 lock

1971 3134 252 30 Acc(»jtiiu<»<l.iiioM.

1907 3215 165 30 —CIIAIUfES
2095 3214 164 29 MoDKHATK.-

1883 3379 137 33 ILLEUS
2084 3377 99 33 FUT
2236 3375 137 37 HOTEL,

1984 3534 121 23 MILLERS
2131 3533 78 23 FLAT.

1857 3800 31 32 P.
1911 3800 107 30 Lapfey
2076 3824 31 8 ...
2166 3799 167 40 Proprietor.

1820 3956 254 31 DISSOLUTION
2103 3956 41 30 Ob
2144 3956 6 12 1
2179 3953 168 33 PARTNER-

2049 4012 100 28 SHIP.

1819 4105 166 41 JOHNS
2038 4105 32 39 &
2116 4102 250 43 M'COMBE,

1960 4163 157 28 MILLERS
2136 4165 99 27 FLAT.

1873 4249 132 29 'AVINGr
2017 4250 154 29 Purchased
2184 4250 45 30 the
2243 4250 127 28 Business

1916 4290 30 28 of
1970 4290 47 28 the
2042 4290 58 30 firm
2132 4292 29 27 of
2191 4290 92 30 Jotitf.s
2316 4297 31 19 an
2348 4290 2 30 t
2356 4297 14 18 d

1824 4330 146 37 M'Combk,
1984 4330 21 30 it
2018 4331 56 29 will
2097 4332 33 28 be
2152 4332 81 29 taken
2256 4341 65 18 over
2341 4339 29 18 as

1822 4372 69 28 from
1906 4372 46 27 the
1970 4372 63 27 loth
2046 4372 65 33 iust,
2126 4373 54 28 and
2206 4372 51 28 wiil
2274 4372 80 26 hence-

1822 4411 116 29 forward
1966 4412 33 28 be
2025 4411 105 31 carried
2149 4422 33 20 on
2211 4412 88 28 under
2325 4412 45 26 the

1822 4462 79 18 name
1914 4451 30 29 of
1991 4452 31 29 E.

1857 4492 47 30 All
1938 4497 133 28 accounts,
2105 4494 92 38 owing
2229 4497 73 25 must
2338 4490 35 29 be

1820 4533 101 29 settled
1940 4537 29 25 at
1988 4544 76 19 once.

1972 4590 32 30 E.
2044 4590 183 36 JOHNS,

1834 4642 116 24 GROCER
1963 4643 61 23 AND
2041 4643 136 23 GENERAL
2192 4642 167 22 MERCHANT.

2020 4710 40 21 AG
2064 4710 34 20 EN
2102 4710 28 22 CI
2134 4710 40 22 E*:

1822 4748 175 29 Manchester
2010 4748 62 29 Fire
2086 4748 148 29 Insurance
2250 4747 48 30 Co.

1823 4789 157 28 Australian
1989 4789 108 28 Mutual
2105 4789 148 28 Provident
2263 4788 110 37 Society

1829 4893 124 57 WM.
1982 4893 390 66 KINASTON,

1886 4980 240 48 Hermitage
2163 4979 147 44 Street,

1995 5041 222 34 Roxburgh,

1825 5101 237 38 Carpenter,
2091 5102 173 29 builder

1827 5176 5 7 .
1855 5177 5 7 .
1883 5178 6 7 .
1912 5178 6 7 .
1940 5153 165 32 PICTURE
2131 5153 169 39 FRAMER,
2323 5162 54 22 and

1970 5218 264 41 Undertaker,

1825 5311 110 30 Picture
1949 5313 169 38 Mouldings,
2132 5313 118 33 Glasses,
2271 5313 103 34 Paints,

1891 5353 55 28 and
1972 5353 226 40 Paperhangings
2224 5355 29 28 of
2272 5354 36 29 all

1935 5393 183 38 descriptions
2130 5395 28 26 in
2177 5395 87 28 stock.

1826 5443 101 31 Orders
1941 5444 85 31 taken
2048 5445 43 28 for
2112 5445 98 40 supply
2223 5446 30 29 of
2265 5445 112 30 Timber

1967 5486 29 28 in
2007 5495 57 29 any
2078 5486 156 39 quantities.

1826 5568 88 32 W.K.
1928 5568 104 40 having
2052 5569 114 31 secured
2184 5581 16 19 a
2220 5569 157 32 First-class

1969 5632 268 50 'HEARSE,.

1826 5710 31 33 ist
1862 5708 137 42 prepared
2012 5710 29 26 to
2060 5707 119 29 conduct
2199 5709 133 32 Funerals
2350 5710 27 29 in

1926 5748 37 31 all
1976 5752 75 34 parts
2062 5747 32 29 of
2107 5747 47 29 the
2168 5748 121 33 district..

2592 202 117 41 MARK
2741 200 93 43 THIS
2867 200 84 42 AND
2986 198 82 43 DOT
3102 197 35 41 IT
3171 194 176 44 HEAVILY

2421 365 19 28 A
2458 363 157 31 NOTHER
2634 363 95 30 Parcel
2749 363 29 30 of
2801 363 47 30 the
2868 363 108 29 famous
3217 358 83 30 Dress
3318 355 131 35 Tweeds;
3466 353 60 40 just

2411 400 44 21 **•
2495 405 123 30 received
2628 416 7 26 j
2649 405 47 29 the
2738 405 40 38 tip
2791 405 28 29 of
2832 405 47 28 the
2999 402 99 38 stylish
3111 401 55 29 and
3180 410 65 28 very
3258 399 94 37 cheap.

2477 446 58 29 The
2550 446 193 34 Cant-bekort,
2756 445 171 38 Unrippable
2947 441 243 39 Shirting—Good
3204 441 42 28 for
3258 440 112 34 Youth;
3392 436 91 30 suited
3495 438 29 27 to

2405 485 156 36 Manhood;
2577 486 145 38 becoming
2729 485 44 30 for
2782 485 52 30 Old
2846 488 68 35 Age.
2940 483 69 30 Pick
3018 494 70 26 your
3100 482 113 29 Pattern
3221 479 54 30 and
3284 480 63 38 give
3357 488 68 27 your
3435 476 89 30 order.

2477 528 27 27 A
2514 537 60 18 new
2587 527 177 37 importation
2778 526 28 29 of
2820 525 136 29 Bleached
2970 523 137 30 Hollands
3119 522 58 39 just
3190 522 28 27 in
3231 533 6 22 ;
3258 518 128 40 splendid
3399 518 87 29 value.

2477 566 101 30 Velvet
2593 566 81 35 Lord,
2688 567 105 28 Beaver
2807 565 72 30 Cord
2893 565 54 28 and
2960 565 88 37 heavy
3063 562 122 30 Colonial
3199 560 99 29 Tweed
3311 560 43 28 for
3403 567 123 28 rompers

2404 606 28 30 of
2445 607 36 29 all
2702 607 64 38 they
2779 606 91 30 didn't
2883 606 48 29 fell
2943 606 80 29 down
3036 604 55 29 and
3105 607 59 26 tore
3178 603 30 28 it.

2479 648 85 36 Boy's
2578 648 99 27 Tweed
2691 647 120 36 'Varsity
2825 657 30 18 or
2870 647 98 28 School
2983 645 71 35 Caps
3070 644 108 36 (lined),
3194 643 36 28 6d
3243 642 76 28 each.

2479 687 183 36 Preparatory
2675 689 30 27 to
2718 686 98 29 arrival
2830 686 30 29 of
2874 685 103 39 Spring
2991 684 55 29 and
3069 683 127 30 Summer
3209 680 92 31 Goods
3315 682 73 36 (now
3401 680 29 28 in
3444 679 85 39 port),

2406 737 73 18 some
2498 726 221 30 WONDROUS
2740 725 197 30 BARGAINS
2960 725 76 30 AttE
3055 722 217 30 DECLARED.

2639 870 97 71 b.
2799 863 514 90 -Dxiujrr,

2551 976 102 29 CASH
2674 974 163 35 DRAPER,
2860 971 202 38 CLOTHIER,
3184 969 207 30 IMPORTER.

2785 1024 70 29 Rosa
2877 1024 96 34 Plack,
2994 1023 162 28 Lawrence.

2922 1217 143 28 TAILOR
3093 1216 83 28 AND
3204 1214 164 30 HATTER.

2796 1298 41 20 Ail
2851 1294 158 26 acknowledged
3025 1298 21 17 to
3059 1294 26 21 be
3098 1293 73 21 second
3185 1296 21 17 to
3220 1299 52 15 none
3286 1292 32 21 fur

2794 1357 138 28 STYLE!

2940 1393 191 39 QUALITY!

3109 1433 315 30 WORKMANSHIP!

2928 1558 157 23 KE3IDENTS
3111 1557 36 21 OF
3173 1555 188 23 ROXBURGH-

2753 1588 80 26 Kindly
2843 1594 69 14 reman
2921 1587 35 20 her
2970 1586 46 21 that
3025 1586 66 25 owing
3104 1586 22 19 to
3136 1591 34 20 my
3180 1585 97 20 immense
3286 1585 131 24 Hssoitmenr,
3428 1583 36 21 the
3472 1583 61 21 Show

2803 1616 19 21 iu
2834 1616 35 20 the
2881 1614 103 21 Windows
2994 1614 16 21 id
3020 1614 49 26 only
3078 1620 12 13 a
3099 1619 48 20 very
3157 1612 59 21 small
3227 1615 45 23 part
3278 1611 22 21 of
3310 1618 33 21 my
3354 1611 128 22 Exhibition.

2804 1684 112 24 Intending
2925 1683 117 20 Customers
3053 1682 40 19 will
3103 1682 42 19 find
3153 1682 46 18 that
3208 1681 10 19 I
3229 1681 51 19 have
3291 1679 59 21 made
3358 1680 35 19 the
3399 1679 65 21 insida
3470 1679 21 20 of
3497 1686 35 18 my

2752 1709 162 23 Establishment
2931 1709 107 27 especially
3056 1711 67 17 attrac
3133 1707 41 26 ive,
3190 1707 41 20 and
3248 1706 104 21 earnestly
3367 1706 64 20 invite
3448 1712 42 19 you
3511 1708 21 17 to

2752 1743 84 17 saunter
2851 1737 88 27 through
2957 1738 35 20 the
3011 1736 80 21 various
3109 1736 146 26 Departments
3269 1734 40 23 and
3324 1733 83 28 Inspeet
3417 1732 36 23 the
3462 1732 71 23 Litest

2753 1766 105 22 Fashions.

2790 1833 185 30 OPPOSITE
2997 1831 108 30 BANK
3128 1831 48 28 OP
3197 1830 89 28 NEW
3305 1829 192 36 ZEALAND,

3076 1872 162 28 Lawrence.

2579 2147 76 29 BEG
2681 2146 48 29 TO
2754 2143 217 31 ANNOUNCE
2994 2143 104 30 THAT
3123 2142 104 29 THEY
3253 2140 110 30 HAVE

2434 2223 450 60 PURCHASED
2921 2222 152 57 THE
3105 2220 401 57 GOODWILL

2701 2333 71 21 —OP
2795 2331 53 22 THE
2874 2319 193 34 BUSINESS
3091 2329 34 21 OF
3148 2327 91 22 TBE—

2524 2401 261 53 Mutual
2819 2401 260 64 Age»ej
3116 2399 106 57 Co.
3224 2429 17 32 s
3272 2397 157 63 EM.,

2440 2507 140 39 Together
2593 2506 67 29 with
2673 2505 73 30 their
2769 2502 225 36 BUILDINGS,
3013 2501 90 29 which
3116 2501 55 28 will
3183 2500 162 30 henceforth
3357 2510 37 29 go
3407 2500 90 29 under

2879 2544 48 29 the
2940 2552 80 19 name
3033 2541 30 30 of

2406 2623 658 94 DALGETY'S
3102 2621 424 89 STORE.

2480 2834 84 29 i'heso
2588 2832 95 28 Stores
2704 2841 47 19 are
2774 2833 130 34 amongst
2924 2829 49 29 the
2996 2828 118 38 Largest
3133 2827 55 29 and
3209 2827 221 40 Best-equipped
3442 2827 29 29 in
3485 2827 48 29 the

2403 2875 114 37 Culony,
2531 2873 54 29 and
2608 2882 51 20 our
2681 2870 106 30 friends
2809 2880 63 29 may
2895 2869 139 29 therefore
3056 2867 58 38 rely
3136 2877 73 25 upon
3232 2867 73 29 their
3324 2868 208 39 congignm»nts

2403 2916 84 39 being
2499 2916 94 29 shown
2609 2918 28 24 to
2653 2912 46 29 the
2715 2912 61 28 best
2790 2910 157 39 advantage
2959 2909 80 30 when
3052 2907 121 36 exposed
3186 2907 44 30 for
3243 2906 65 32 sale.

2421 3063 118 31 Auction
2555 3060 77 31 Sales
2645 3060 29 29 of
2688 3057 180 41 Sheepskins,
2883 3056 191 36 Rabbitskins,
3088 3056 98 37 Hides,
3199 3055 114 36 Tallow,
3323 3055 61 37 &c,
3395 3056 117 40 weekly.

2631 3207 76 30 Send
2733 3206 44 29 for
2801 3216 51 18 our
2877 3203 106 31 Advice
3003 3203 89 30 Notes
3117 3203 54 29 and
3196 3202 111 30 Labels.

2596 3342 95 49 To
3023 3338 273 49 Qwaea
3317 3349 16 38 i

2667 3820 37 31 IS
2730 3817 217 32 ANNUALLY
2973 3815 103 32 USED
3102 3811 107 33 UPON
3237 3810 23 30 A.

2402 3900 350 66 QUARTER
2768 3914 36 23 oF
2817 3914 58 21 THE
2889 3892 239 60 SHEEP
3143 3908 85 24 »™
3230 3907 17 21 E
3269 3883 255 60 WORLD

2437 4018 59 28 ITS
2517 4015 235 30 BENEFICIAL
2773 4012 169 31 EFFECTS
2961 4010 80 28 AND
3060 4007 167 31 LASTING
3250 3996 234 38 PROPERTIES

2803 4063 128 32 ALONE
2957 4060 112 30 MAKE
3095 4059 38 30 IT

2402 4130 152 56 TflE
2594 4125 395 59 CHEAPEST
3023 4121 96 54 OF
3156 4118 146 57 ALL
3340 4111 185 59 DIPS.

2402 4233 244 32 SSgfPIiOCIJRABLE
2673 4238 72 20 FROM

2889 4264 102 31 JOHN
3018 4260 219 37 THOMPSON,
3262 4260 156 31 Lawrence,

2815 4319 61 30 And
2897 4319 71 28 from
2990 4316 37 29 all
3050 4315 88 30 Stock
3159 4314 55 30 and
3239 4313 110 30 Station
3370 4310 120 37 Agents.

2448 4403 175 44 Murray,
2650 4399 175 37 Roberts
2858 4396 79 37 and
2969 4394 89 42 Co.,
3091 4399 82 30 Chief
3199 4399 108 35 Agents
3328 4396 44 28 for
3394 4393 99 33 Qtago.

2521 5051 128 27 ••>^^:-

2547 5109 128 57 sEW

2874 5110 16 27 >
2907 5110 43 47 II
2969 5114 11 41 i

3036 5108 381 57 BICYCLES.

2411 5216 57 55 ST.
2484 5212 113 23 GEORGE
2613 5208 204 23 ENGINEERING
2830 5208 51 25 CO.,
2896 5209 101 26 Limited,
3012 5217 34 13 are
3056 5210 34 19 the
3102 5209 78 20 Makers
3190 5208 22 21 of
3222 5208 35 21 thi
3267 5209 47 24 only
3328 5208 78 25 Bicyc'e
3417 5208 113 26 possessing

2470 5242 21 20 iu
2501 5240 68 26 happy
2578 5237 137 22 combination
2728 5238 34 19 the
2773 5236 113 25 perfection
2896 5235 24 21 of
2924 5237 58 20 those
2987 5237 95 26 qmlitiea
3090 5242 52 14 in<wt
3148 5236 84 20 coveted
3241 5236 24 26 by
3274 5235 134 27 experienced
3418 5235 111 27 Cyclists—

2577 5268 223 48 STABILITY!
2879 5268 142 31 SPEED!
3100 5269 264 29 DURABILITY!

2454 5314 48 20 This
2512 5313 41 20 fact
2562 5312 37 20 has
2608 5311 81 21 bectfme
2698 5309 102 26 g<in«rally
2811 5308 115 26 recognised
2937 5310 19 19 in
2967 5310 103 25 Tuap-dci,
3082 5309 39 20 arid
3132 5316 19 13 in
3163 5315 139 20 consequence
3317 5309 10 20 I
3343 5316 32 14 am
3390 5309 55 26 daily
3455 5308 73 26 selling

2404 5344 57 20 thes-
2472 5340 103 22 .Machines
2586 5343 21 15 to
2618 5335 86 29 Cyjejfets
2715 5337 44 20 who
2768 5337 51 19 hav;
2830 5335 48 21 been
2889 5336 142 27 disappointed
3043 5338 24 20 by
3077 5337 60 19 other
3148 5336 75 23 makes,
3236 5336 40 21 and
3288 5336 44 20 who
3342 5344 34 14 are
3382 5337 54 25 glad,
3447 5336 83 26 indeed,

2405 5371 30 21 for
2446 5376 31 14 me
2488 5371 20 17 to
2518 5367 58 21 make
2586 5366 56 20 them
2651 5372 24 14 an
2685 5365 109 20 allowance
2804 5363 30 21 for
2846 5364 54 20 their
2910 5363 104 22 discarded
3026 5367 83 17 mounts

2406 5401 857 46 AsPartPaymentforaMachinetheycan
3280 5402 168 44 Depend
3462 5412 67 26 on.

2459 5493 65 22 Those
2535 5491 43 20 whe
2588 5496 34 14 are
2632 5492 35 17 not
2681 5489 5 20 i
2696 5497 5 12 i
2710 5496 12 12 a
2732 5489 87 26 positioa
2830 5490 21 18 to
2861 5489 99 25 purchase
2970 5495 38 13 one
3017 5488 21 19 of
3048 5488 57 20 these
3114 5487 52 21 ideal
3176 5488 69 21 steeds
3255 5495 36 13 can
3302 5487 69 21 obtair
3383 5488 53 21 from
3449 5496 31 13 n.e

2524 5520 70 29 New
2616 5527 54 19 and
2696 5518 198 28 Second-hand
2923 5516 130 29 Bicycles
3076 5516 28 28 of
3128 5526 82 24 every
3232 5515 179 39 description.

2621 5571 687 90 CHARLESTSTOKES,

2561 5675 216 36 MERCHANT
2809 5675 152 36 TAILOR,
2987 5674 70 29 Ross
3089 5673 98 37 Place,
3211 5672 162 31 Lawrence.

2811 5728 95 38 Agent
2931 5728 45 28 for
3000 5727 140 37 Tuapeka.

2458 5774 125 29 Catalog**
2600 5778 26 17 oh
2639 5768 158 30 Application.-
3139 5765 100 27 Ordering
3253 5765 92 22 Mention
3361 5765 42 23 thijj
3416 5765 74 24 Paper.

3560 196 257 44 Speargrass
3851 193 91 39 Flat
3979 185 135 44 Hotel,

3660 256 102 30 BALD
3785 256 93 30 HILL
3903 253 109 32 FLAT.

3558 338 91 21 JAJIE3
3661 338 152 19 FALCONER
3838 348 26 4 ~

3964 335 144 20 Peopribtor

3558 415 6 10 '
3576 415 10 20 I
3596 406 61 29 'HE
3671 406 85 29 above
3771 405 86 29 Hotel
3869 404 57 29 will
3939 404 35 29 be
3988 400 88 32 found
4095 410 17 19 a

3641 450 73 25 most
3739 446 181 29 comfortable
3949 444 56 29 aud
4036 441 60 30 well-

3558 486 150 41 appointed
3721 486 95 29 House
3830 486 38 37 by
3890 484 153 30 Travellers
4057 480 55 31 and

3559 529 47 29 the
3617 527 94 39 public
3725 527 151 38 generally.
3916 526 119 28 Patrons
4049 532 64 28 may

3559 569 58 38 rely
3630 578 35 19 on
3678 577 83 29 every
3779 566 136 30 attention
3930 566 84 37 being
4028 563 83 39 given

3560 614 28 26 to
3598 609 72 30 their
3682 607 128 31 comfort.

3560 682 45 30 An
3618 681 158 29 Excellent
3789 680 89 29 Table
3892 680 118 29 Always
4024 677 88 29 Kept.

3623 753 72 39 Only
3711 753 46 30 the
3771 753 67 29 Best
3850 752 119 39 Liquors
3983 750 77 39 Kept

3767 794 28 28 in
3810 793 96 29 Stock.

3563 848 158 29 First-class
3736 847 139 37 Stabling,
3889 846 67 29 with
3973 845 101 29 Groom
4089 843 29 28 in

3755 887 175 29 attendance.

3584 978 260 53 RAILWAY
3921 975 198 36 HOTEL,

3656 1045 67 21 ROSS
3741 1044 99 26 PLACE,
3861 1042 169 22 LAWRENCE.

3565 1113 108 37 John
3701 1111 151 44 Laffey,
3882 1108 236 46 Proprietor

3640 1170 80 37 (Late
3734 1169 29 29 of
3776 1168 146 29 Havelock
3935 1167 107 38 Hotel.)

3602 1248 62 29 J.L.
3678 1248 69 37 begs
3767 1250 29 25 to
3809 1247 127 27 intimate
3949 1246 61 28 that
4022 1245 35 28 he
4070 1245 52 28 has

3565 1287 153 41 purchased
3749 1286 48 30 the
3829 1286 88 29 above
3942 1284 178 30 well-known

3565 1329 141 37 Hostelry,
3715 1328 54 29 and
3785 1328 93 38 hopes,
3888 1328 37 36 by
3934 1326 80 29 strict
4026 1329 77 26 atten
4107 1343 11 16 T

3565 1369 58 28 tion
3636 1372 28 24 to
3677 1368 47 27 the
3733 1367 118 28 comfort
3859 1367 30 28 of
3901 1366 153 28 Travellers
4062 1365 55 28 and

3564 1409 48 28 the
3624 1408 92 39 public
3730 1407 150 38 generally,
3892 1409 30 26 to
3936 1409 73 26 meet
4022 1405 67 30 with
4101 1416 11 18 a-

3563 1449 52 30 fair
3629 1448 79 31 share
3721 1448 28 29 of
3762 1451 161 36 patronage.

3601 1489 57 30 The
3682 1489 123 38 Railway
3826 1488 24 29 is
3872 1498 52 20 one
3937 1486 30 30 of
3979 1486 47 30 the
4039 1486 61 30 best-

3562 1530 149 40 appointed
3722 1529 99 30 Hotels
3829 1528 108 30 outside
3946 1526 30 31 of
3986 1527 130 30 Dunedin

3563 1571 97 30 Under
3671 1570 87 29 J.L.'s
3773 1571 202 37 management,
3985 1568 47 29 the
4042 1578 55 19 com-

3562 1612 55 30 fort
3631 1611 28 30 of
3667 1616 113 35 patrons
3789 1609 54 30 will
3855 1611 34 28 be
3900 1609 79 29 made
3989 1618 16 19 a
4014 1608 102 40 special

3561 1653 115 35 feature,
3689 1651 55 30 and
3757 1662 36 18 no
3806 1651 82 30 effort
3898 1649 55 31 will
3968 1649 35 29 be
4016 1648 100 40 spared

3562 1696 28 25 to
3603 1693 64 37 give
3680 1700 84 28 every
3777 1690 181 29 satisfaction.

3562 1765 58 29 The
3632 1765 63 29 best
3708 1764 103 29 brands
3824 1763 30 29 of
3874 1763 107 35 Wines,
4005 1761 112 39 Spirits,

3598 1805 55 29 and
3668 1805 66 29 Ales
3746 1804 103 39 always
3867 1803 69 39 kept
3948 1803 29 28 in
3990 1801 90 31 stock.

3562 1878 129 39 Simpson
3703 1877 56 30 and
3774 1876 96 30 Hart's
3883 1875 68 30 Ales
3963 1875 102 39 always
4078 1885 44 20 on.

3809 1917 68 39 Tap.

3562 1990 158 32 First-class
3731 1990 130 40 Stabling
3874 1987 244 33 Accommodation

3569 2056 281 56 jyjASOMC
3893 2052 226 42 HOTEL'

3657 2116 67 22 ROSS
3737 2116 99 25 PLACE,
3849 2114 169 23 LAWRENCE.

3561 2184 34 30 R.
3615 2184 112 29 WEBB
3934 2182 181 30 Proprietor.

3597 2265 59 30 The
3708 2265 125 30 Masonic
3843 2263 20 20 v
3888 2264 102 29 affords
4010 2263 39 30 all
4066 2262 50 30 the

3560 2305 132 30 comforts
3704 2305 29 30 of
3744 2316 18 18 a
3774 2305 90 36 home,
3874 2304 55 30 and
3943 2304 24 29 is
3979 2302 139 41 provided

3560 2346 66 29 with
3640 2345 47 30 the
3707 2355 69 29 very
3794 2345 62 30 best
3869 2344 246 31 Accommodation

3559 2385 44 29 for
3628 2385 161 30 Travellers.
3828 2385 160 29 First-class
4019 2384 96 29 Table.

3560 2425 68 29 Best
3647 2424 97 31 Wines
3765 2425 56 30 and
3842 2424 101 41 Spirits
3965 2423 103 39 always
4086 2423 31 29 in

3560 2465 89 31 stock.

3681 2532 133 22 CHARGES
3832 2530 161 24 MODERATE.

3595 2586 59 30 The
3678 2587 160 38 Proprietor
3861 2586 101 30 wishes
3986 2588 30 27 to
4038 2586 78 29 draw

3560 2625 109 41 Special
3693 2627 136 29 attention
3854 2629 29 27 to
3910 2626 48 29 the
3983 2624 132 41 Stabling

3560 2667 247 30 Accommodation
3824 2667 143 40 provided,
3981 2666 92 31 which
4089 2667 26 30 is

3560 2709 153 33 unlimited,
3727 2709 55 28 and
3794 2709 29 28 of
3835 2709 48 28 the
3896 2708 62 29 best
3970 2707 80 30 kind.

3626 2770 15 31 I
3655 2771 22 30 C
3691 2770 23 30 T
3728 2770 23 31 0
3764 2770 25 29 R
3803 2770 14 30 I
3831 2770 28 31 A
3933 2770 29 30 H
3973 2770 24 30 0
4009 2769 23 30 T
4045 2772 25 27 Ifi
4082 2769 33 33 L,

3649 2838 70 23 PEEL
3731 2838 112 27 STREET,
3859 2837 169 23 LAWRENCE.

3583 2930 170 37 Ronald
3782 2928 314 44 Montgomery,

3750 2985 180 29 Proprietor.

3560 3078 59 29 One
3641 3078 30 28 of
3691 3077 48 29 the
3758 3079 72 26 most
3854 3074 184 30 comfortable
4057 3075 61 30 and

3585 3116 229 32 best-conducted
3826 3114 156 30 Hostelries
3993 3125 36 19 on
4040 3114 47 32 the

3706 3157 90 36 Otago
3810 3154 161 31 Goldtields.

3659 3248 57 23 hot
3737 3246 63 23 and
3819 3246 75 22 cold
3911 3245 101 23 baths.

3584 3316 110 31 Sample
3713 3314 96 30 Rooms
3829 3323 51 21 for
3899 3313 185 33 Travellers.

3555 3396 167 40 Passengers
3730 3393 86 32 called
3826 3393 44 32 for
3878 3393 46 33 the
3932 3393 77 43 early
4016 3393 96 39 Train,

3563 3543 58 60 D.
3669 3542 61 61 M

3763 3541 169 25 ITCH
3967 3541 18 24 E
4018 3541 20 26 L
4068 3541 21 26 L

3615 3687 70 24 THE
3730 3685 160 26 POPULAR
3926 3684 125 31 HGU3K,

3736 3748 200 27 LAWRENCE.

3568 3832 11 16 s
3592 3831 51 16 now
3661 3821 104 32 opening
3784 3829 31 23 up
3835 3818 38 26 his
3897 3817 63 27 First
3983 3818 129 32 Shipment

3570 3868 25 23 of
3612 3866 143 25 SUMMER.
3772 3863 170 30 DIUPERY,
3958 3862 133 27 conaistine'

3569 3911 25 24 of
3602 3911 28 24 all
3643 3912 39 23 the
3692 3912 68 22 latest
3772 3908 118 26 novelties
3899 3910 35 22 for
3946 3908 39 24 the
3994 3908 95 30 coming

3637 3958 91 16 season,
3747 3949 48 24 and
3810 3956 77 23 pr'ces
3899 3953 23 18 to
3942 3948 87 23 roatchi

3676 3989 92 25 Milline
3783 3995 13 24 y
3812 3996 14 16 a
3850 3986 137 33 Speciality.

3589 4131 109 30 @-N.B.
3752 4129 77 26 Visits
3865 4129 90 24 Millers
3984 4127 43 26 Fla
4077 4127 32 25 ni

3561 4169 126 31 Roxburgh
3701 4175 71 23 ev«ry
3789 4169 35 22 six
3843 4169 86 22 weaka.

3697 4337 323 67 SEEDSMEN

3589 4509 131 22 royal
3983 4504 45 23 H£R
4035 4499 113 28 Majesty

3575 4546 159 20 WARRANT
3993 4537 153 30 THEQUEEN.

3575 4583 39 28 AMD
3619 4583 26 28 BY
3655 4583 88 28 SPECIAL
3749 4582 96 29 WARRANT
3849 4582 23 28 TO
3876 4579 89 31 HRKTHE
3969 4577 95 33 PRINCEfIF
4069 4576 85 32 WALES.

3648 4880 27 19 3ft

3853 4939 40 26 m

4117 5057 31 21 m

3608 5066 27 16 **s

4110 5094 30 19 *:,

4096 5116 35 25 \K

3646 5136 33 21 £•>

3702 5175 52 29 m

3782 5190 34 15 v,v

3587 5621 173 37 10THILL,
3780 5623 174 38 WATSON,
3974 5624 24 29 &
4020 5623 66 37 CO.,

3589 5742 54 25 See
3658 5744 87 29 Agents
3762 5743 35 24 for
3811 5745 77 30 Ouga
3904 5745 47 24 and
3974 5746 139 26 Soa:hlau4
