2550 3989
631 527 132 33 PORT
784 527 288 36 NICHOLSON,
1093 523 261 35 SATURDAY
1374 524 240 39 MORNING,
1637 526 123 31 JULY
1781 530 32 32 3,
1837 528 93 29 1841.

55 260 2406 32 THE

55 292 380 48 NEW
562 292 886 48 ZEALAND
1575 292 886 48 GAZETTE

55 340 2406 48 AND

55 388 963 48 WELLINGTON
1114 388 289 48 AND
1499 388 962 48 SPECTATOR.

57 536 64 32 No.
143 536 65 38 64.]

2295 526 98 39 [Vol.
2415 527 49 30 11.

180 627 171 27 Wellington
365 625 137 27 Hospital.

50 662 91 22 nnHE
154 660 168 24 establishment
336 660 27 22 of
378 666 14 15 a
405 658 97 28 hospital
517 658 25 21 in
551 664 14 15 a
574 659 64 22 town,

57 682 30 29 JL
109 689 47 22 like
165 688 50 22 that
224 687 25 23 of
254 686 139 28 Wellington
402 685 73 23 which
480 685 19 22 is
506 682 128 28 constantly-

47 715 114 27 receiving
169 714 61 22 fresh
240 714 125 22 accessions
374 712 26 22 of
409 711 132 34 population
549 710 60 22 from
619 716 12 15 a

49 743 85 21 distant
152 744 99 24 country,
276 740 45 22 and
336 740 20 22 is
374 739 81 22 visited
472 738 31 28 by
523 745 24 15 so
565 743 69 20 many

48 769 91 26 vessels,
146 768 19 22 is
175 775 14 15 a
197 769 61 21 work
269 764 73 24 which
358 766 83 22 should
455 765 30 22 be
501 765 134 21 concurrent

48 795 56 23 with
113 795 39 22 the
160 802 55 20 very
228 793 120 23 formation
358 793 26 22 of
395 792 39 22 the
443 791 136 23 settlement.

77 821 48 23 The
139 821 120 28 emigrants
273 827 29 15 on
316 820 59 22 their
391 818 82 23 arrival
491 825 38 15 are
549 818 36 21 for
596 815 38 24 the

48 852 60 19 most
114 852 49 23 part
173 848 103 22 destitute
295 847 26 21 of
338 846 39 22 the
392 853 79 15 means
480 846 28 21 of
516 849 120 23 procuring

49 875 98 23 medical
156 875 37 22 aid
207 874 34 22 for
255 881 46 19 any
314 873 97 22 diseases
426 870 74 24 which
514 872 54 26 they
584 877 52 19 may

48 902 59 22 have
118 901 129 23 contracted
255 900 82 26 during
345 900 38 21 the
390 905 93 21 voyage,
499 898 45 21 and
554 899 83 20 cannot

48 928 37 22 for
91 936 62 14 some
161 928 54 22 time
222 928 28 21 he
259 926 109 26 expected
373 928 23 19 to
402 924 67 23 make
475 931 47 20 any
527 924 109 27 adequate

48 955 115 28 provision
173 954 87 27 against
274 953 40 21 the
328 952 115 22 accidents
457 950 47 23 and
520 948 116 24 casualties

49 985 24 19 to
83 981 73 22 which
165 980 54 28 they
229 987 37 15 are
275 979 135 22 necessarily
421 976 105 28 exposed.

77 1008 48 22 The
135 1015 61 15 same
205 1006 89 22 remark
308 1005 83 27 applies
399 1005 25 22 in
434 1008 23 19 at
464 1004 58 21 least
528 1009 29 16 an
572 1002 65 28 equal

50 1034 81 28 degree
141 1038 23 18 to
174 1034 83 26 sailors,
271 1032 49 23 who
330 1032 59 22 from
398 1032 46 21 the.
450 1033 81 20 nature
541 1030 26 21 of
579 1028 57 23 their

49 1061 133 28 profession,
193 1067 36 15 are
246 1059 98 27 exposed
360 1061 22 19 to
397 1058 101 32 injuries,
513 1056 74 23 which
603 1062 33 14 re-

50 1088 64 27 quire
137 1089 120 20 treatment
279 1086 45 22 and
347 1088 111 19 attention
478 1081 50 24 that
546 1089 43 16 can
608 1088 29 15 no

50 1114 75 22 where
141 1115 28 21 be
187 1121 25 15 so
231 1112 127 28 effectually
377 1110 92 24 secured
488 1117 31 15 as-
531 1109 78 23 within
624 1115 14 15 a

50 1140 105 28 hospital.

80 1167 104 22 Hithert'B
193 1166 61 23 these
264 1166 85 27 objects
358 1164 58 23 have
424 1164 59 23 been
492 1167 24 18 to
527 1169 13 16 a
553 1165 85 20 certain

53 1197 78 20 extent
139 1193 108 27 provided
255 1193 36 22 for
296 1194 31 26 by
337 1192 38 22 the
384 1192 59 22 New
456 1189 102 24 Zealand
574 1190 65 21 Com-

52 1229 61 23 pany
121 1229 5 19 ;
141 1222 41 20 but
191 1220 37 22 the
235 1222 168 24 arrangements
415 1218 27 21 of
458 1217 50 22 that
523 1217 119 26 Company

54 1255 37 15 are
98 1247 134 27 inadequate
241 1249 24 20 to
274 1246 40 22 the
322 1245 128 26 increasing
456 1243 107 23 numbers
573 1243 26 21 of
603 1242 36 21 the

54 1274 146 26 comiminity,
212 1274 44 21 and
264 1273 40 22 the
311 1273 54 21 time
378 1278 93 21 appears
485 1274 22 19 to
517 1270 58 21 have
589 1275 51 16 now

54 1301 89 22 arrived
155 1302 66 20 when
232 1300 18 21 it
266 1299 42 22 has
321 1300 94 21 become
433 1297 134 22 incumbent
579 1302 61 21 upon

54 1328 38 21 the
112 1327 86 27 Colony
214 1329 22 19 to
255 1326 125 22 undertake
392 1325 42 22 'for
450 1323 134 24 themselves
603 1321 37 22 the

52 1354 123 23 fulfilment
183 1354 27 21 of
220 1353 43 22 this
272 1359 120 20 necessary
401 1352 62 26 duty.

82 1381 22 22 It
113 1382 19 20 is
142 1380 108 22 therefore
261 1378 109 29 proposed
379 1381 23 19 to
413 1376 105 24 establish
526 1383 13 16 a
544 1375 96 29 hospital

54 1410 24 20 to
86 1408 29 21 be
123 1406 119 28 supported
253 1407 32 26 by
297 1406 120 26 voluntary
427 1404 170 26 contributions,
607 1402 35 21 for

54 1434 39 22 the
102 1434 69 21 relief
182 1434 26 21 of
218 1433 37 22 the
264 1432 48 23 sick
321 1432 46 22 and
374 1430 108 28 diseased,
494 1430 47 22 arid
547 1433 23 19 to
577 1426 63 31 place

54 1461 19 22 it
82 1467 62 21 upon
158 1460 56 22 such
228 1467 12 15 a
248 1459 140 26 foundation,
406 1465 25 15 as
445 1460 23 19 to
486 1457 70 22 admit
572 1456 27 22 of
613 1456 28 21 its

55 1487 160 27 enlargement,
228 1494 22 15 as
261 1486 37 22 the
309 1486 172 22 circumstances
489 1484 26 21 of
522 1483 37 22 the
567 1482 74 23 settle-

55 1517 65 19 ment
134 1521 52 20 may
205 1513 94 28 require,
320 1512 45 22 and
383 1512 38 22 the
438 1512 101 21 increase
558 1510 26 22 of
603 1509 37 22 the

54 1541 68 22 funds
130 1548 54 19 may
193 1540 88 27 permit.

82 1568 48 21 The
149 1568 56 21 New
228 1566 100 23 Zealand
349 1566 117 27 Company
480 1564 42 21 has
539 1562 102 28 liberally

57 1594 83 22 offered
155 1597 24 18 to
201 1594 65 22 assist
281 1593 43 22 this
344 1592 74 28 object
435 1592 31 27 by
487 1590 120 28 providing
628 1597 18 18 a,

55 1621 77 27 house,
149 1620 45 23 and
208 1627 28 15 an
255 1620 110 27 adequate
382 1618 80 28 supply
478 1618 26 21 of
523 1617 55 22 beds
597 1616 45 23 and

55 1648 99 26 bedding
163 1648 35 21 for
207 1647 37 22 the
254 1647 104 27 patients.
388 1645 62 22 With
458 1644 44 23 this
513 1644 127 26 assistance,

56 1682 29 14 no
95 1674 130 22 immediate
234 1674 77 26 outlay
318 1672 75 23 would
401 1672 29 22 be
443 1670 110 29 required,
567 1669 46 23 and
618 1676 23 15 as

57 1702 85 21 several
153 1701 24 22 of
188 1701 38 22 the
239 1700 96 23 medical
343 1698 130 28 gentlemen
488 1698 26 21 of
525 1697 37 22 the
579 1698 63 27 place

55 1728 58 21 have
130 1728 125 26 honorably
271 1727 85 22 offered
371 1726 59 21 their
445 1725 96 22 services
557 1723 84 28 gratui-

58 1754 79 28 tously,
149 1762 28 14 an
190 1754 83 22 annual
285 1752 149 28 subscription
449 1751 25 22 of
485 1752 68 26 300,
568 1749 74 24 which

57 1785 84 18 cannot
150 1782 27 21 be
187 1780 130 23 considered
327 1780 92 26 beyond
428 1779 38 21 the
479 1785 79 15 means
568 1778 27 21 of
606 1777 36 22 the

57 1808 95 26 Colony,
162 1808 74 21 would
245 1807 76 22 suffice
332 1807 35 21 for
379 1806 37 22 the
433 1808 105 19 constant
552 1806 91 26 support

58 1834 27 21 of
95 1834 80 21 twelve
184 1834 103 26 patients,
297 1833 38 21 the
345 1835 86 19 utmost
440 1832 95 21 number
544 1831 99 24 that,can

57 1860 28 22 be
95 1860 133 26 reasonably
242 1858 109 29 expected
365 1861 21 19 to
396 1858 67 21 claim
473 1858 38 21 the
519 1857 38 22 aid
568 1858 26 21 of
606 1856 37 21 the

58 1886 140 23 Institution.

87 1914 22 20 It
115 1914 19 20 is
141 1912 109 23 therefore
259 1911 110 28 proposed
378 1911 50 21 that
438 1917 13 14 a
459 1910 148 27 subscription
616 1909 27 21 be

59 1939 93 22 entered
156 1940 55 26 into,
219 1938 43 22 and
270 1946 24 13 as
304 1945 55 14 soon
367 1945 24 14 as
398 1944 30 14 an
436 1937 108 26 adequate
551 1937 93 20 amount

58 1966 41 21 has
108 1966 57 21 been
176 1965 98 26 secured,
292 1964 47 21 that
348 1963 63 22 there
422 1963 56 22 shall
488 1963 28 21 be
525 1970 12 13 a
546 1961 99 26 meeting

59 1992 26 21 of
104 1992 135 21 subscribers
257 1994 24 17 to
299 1991 93 26 appoint
411 1996 14 14 a
443 1989 134 26 committee,
594 1987 49 22 who

59 2025 53 19 may
121 2018 53 21 with
183 2018 38 21 the
229 2017 119 22 assistance
359 2015 25 22 of
398 2015 39 22 the
451 2014 95 22 medical
559 2013 86 28 gentle-

60 2052 59 19 men,
130 2044 60 22 draw
203 2051 30 20 up
244 2051 13 14 a
265 2043 60 27 body
340 2043 27 22 of
377 2042 60 22 rules
450 2042 35 22 for
499 2041 38 21 the
550 2046 95 21 govern-

59 2074 63 19 ment
132 2071 26 22 of
168 2071 38 21 the
220 2071 136 25 Institution,
374 2076 62 20 upon
447 2069 37 21 the
493 2067 121 28 principles
624 2066 25 22 of

59 2098 83 21 similar
153 2097 178 22 establishments
340 2097 25 21 in
375 2096 96 27 Europe.

82 2141 178 22 Commercial
274 2140 141 21 Wharf.
417 2139 108 27 Capital
540 2135 83 26 250.

90 2177 19 12 '"
199 2182 150 15 PROVISIONAL
364 2180 140 15 COMMITTEE.

78 2209 82 27 ,Major
169 2208 79 28 Baker,
378 2207 76 26 Major
464 2206 144 25 Hornbrook,

69 2234 7 5 '
87 2237 44 20 Mr.
143 2236 92 26 Couper,
379 2234 44 21 Mr.
434 2234 28 21 U.
473 2233 72 26 Hunt,

88 2263 61 22 John
159 2262 87 27 Dorset,
257 2262 54 28 Esq.
381 2260 62 23 John
452 2260 79 26 Wade,
542 2259 53 27 Esq.

88 2289 93 28 Captain
193 2289 59 27 Hay,

62 2323 87 21 PTIHE
159 2322 81 22 Wharf
251 2322 24 22 in
288 2328 78 16 course
377 2321 26 21 of
410 2319 98 23 erection
522 2319 24 22 in
556 2319 61 21 front
626 2318 26 21 of

68 2343 29 29 X
121 2349 98 22 Medical
224 2349 54 21 Hall
283 2348 85 27 having
372 2349 69 25 given
448 2347 42 21 rise
498 2349 23 19 to
529 2352 120 16 numerous

60 2377 123 28 objections
193 2383 29 15 on
238 2376 38 21 the
292 2378 50 25 part
352 2375 25 21 of
388 2374 38 22 the
439 2373 86 27 Public,
535 2373 24 21 in
570 2379 78 15 conse-

61 2411 85 20 quence
158 2403 24 22 of
194 2403 28 21 its
237 2402 69 27 being
322 2401 99 23 hitherto
430 2401 38 21 the
483 2399 47 23 sole
544 2401 106 30 property

62 2431 45 21 and
123 2431 71 21 under
207 2429 36 22 the
259 2431 162 24 management
436 2428 26 21 of
476 2434 15 14 a
504 2426 44 22 few
563 2427 86 27 private

62 2457 142 24 individuals,
214 2456 19 22 it
243 2455 19 23 is
272 2455 141 22 determined
421 2455 31 26 by
460 2453 63 23 them
533 2456 22 19 to
566 2459 56 22 open
632 2452 19 21 it

63 2486 23 19 to
95 2483 38 22 the
149 2483 79 22 Public
238 2483 24 21 in
272 2482 39 22 the
320 2482 68 27 shape
399 2481 26 22 of
438 2488 14 14 a
466 2488 63 14 more
539 2478 111 24 extended

64 2510 65 22 Joint
138 2510 67 22 Stock
220 2509 121 32 Company,
353 2509 54 21 with
417 2507 75 23 shares
503 2507 26 21 of
540 2507 38 21 the
588 2505 64 23 small

64 2544 50 15 sum
130 2537 27 21 of
172 2537 34 22 2
222 2536 61 27 each,
300 2535 74 23 which
389 2535 47 21 will
452 2534 50 27 give
522 2533 37 22 the
578 2533 73 22 future

64 2563 136 28 Proprietors
210 2563 37 21 the
260 2562 86 22 benefit
362 2561 26 23 of
398 2562 40 22 the
452 2560 87 22 monies
554 2559 97 23 hitherto

65 2590 117 28 expended
193 2590 30 27 by
232 2589 63 23 those
304 2589 87 28 private
399 2587 144 23 individuals.

90 2624 48 22 The
154 2624 70 21 above
240 2624 158 26 arrangement
412 2622 85 26 having
511 2621 59 22 been
587 2619 64 24 made

62 2650 26 22 in
106 2657 153 21 consequence
273 2650 26 21 of
314 2649 38 22 the
368 2648 112 28 supposed
494 2648 122 27 monopoly
629 2646 25 22 of

65 2676 39 23 the
121 2680 91 24 present
225 2676 138 27 Proprietors
381 2675 26 22 of
429 2682 28 15 an
471 2675 141 22 investment
628 2680 24 15 so

64 2704 110 27 valuable,
186 2704 17 21 it
212 2703 74 22 would
294 2703 27 22 be
333 2701 95 24 deemed
436 2701 77 27 unjust
522 2704 23 19 to
558 2700 63 23 them
629 2702 23 19 to

64 2730 57 28 keep
132 2730 38 23 the
184 2730 67 22 SRare
262 2730 49 21 List
319 2736 65 21 open,
395 2729 26 21 in
429 2728 29 22 its
471 2730 92 23 present
575 2726 79 23 liberal

64 2756 75 28 shape,
150 2758 34 21 for
194 2764 44 19 any
247 2756 78 27 length
334 2756 26 21 of
365 2756 61 25 time,
436 2756 44 21 and
487 2754 18 22 it
513 2754 20 22 is
542 2753 110 23 therefore

65 2783 140 22 determined
218 2783 49 22 that
274 2782 40 22 the
322 2782 50 22 List
381 2782 26 21 of
414 2781 80 22 Shares
504 2780 57 23 shall
568 2780 85 23 remain

65 2817 59 20 open
139 2813 22 19 to
170 2810 38 21 the
222 2809 78 22 Public
316 2809 35 22 for
363 2809 98 24 fourteen
473 2808 52 26 days
537 2808 59 21 from
610 2806 43 21 this

66 2836 58 27 date,
142 2840 23 19 at
180 2836 37 22 the
232 2836 82 21 houses
334 2835 26 22 of
374 2834 39 23 the
432 2834 140 22 Provisional
590 2833 64 22 Com-

64 2864 85 26 mittee,
157 2862 73 23 where
240 2869 45 20 any
293 2861 147 23 information
450 2868 42 15 can
501 2861 29 22 be
542 2859 110 23 obtained.

92 2895 144 28 Wellington,
247 2895 54 22 26th
312 2895 66 26 June,
389 2895 63 22 1841.

97 2941 56 20 The
167 2939 172 28 Wellington
353 2939 110 26 Baking
476 2939 150 26 Company.

67 2974 87 28 Capital
268 2973 24 21 in
309 2974 40 20 600
366 2972 76 22 shares
455 2972 25 21 of
491 2971 35 23 2
539 2970 62 29 each,
612 2969 43 23 and

187 3000 87 22 limited
283 3003 23 19 to
317 2999 53 23 calls
381 2998 26 23 of
417 3000 45 20 10s.
473 2998 64 22 each.

67 3034 145 50 NOTICE
240 3034 28 22 IS
296 3033 129 23 HEREBY
454 3032 102 23 GIVEN
575 3034 23 20 to
617 3030 37 22 the

149 3060 159 23 Shareholders
316 3061 23 22 in
349 3060 39 22 the
398 3060 70 21 above
476 3060 124 27 Company,
609 3057 47 22 that

69 3088 37 21 the
116 3088 47 22 first
173 3088 42 22 call
226 3088 24 21 of
261 3089 45 20 10s.
316 3095 40 20 per
366 3087 64 22 share
440 3087 18 21 is
470 3086 105 28 required
589 3088 24 19 to
627 3084 28 22 be

69 3115 51 27 paid
129 3118 23 19 to
161 3115 44 22 Mr.
217 3114 61 22 John
285 3114 79 27 Wade,
375 3121 30 15 on
415 3120 26 15 or
450 3113 77 22 before
537 3111 116 28 Saturday,

71 3141 36 22 the
117 3141 52 22 10th
178 3142 90 21 instant.

255 3167 36 23 W.
302 3167 32 22 H.
344 3168 149 26 Bottomley,
505 3166 123 26 Secretary.

96 3194 74 23 Dated
180 3196 34 21 Ist
222 3194 60 28 July,
294 3196 61 21 1841->
574 3220 80 6 _____

72 3239 89 49 THE
174 3240 69 21 REV.
258 3239 29 22 R.
301 3238 97 26 DAVY,
414 3238 65 27 8.A.,
495 3238 46 22 will
551 3235 82 30 preach
643 3243 14 14 a

144 3266 127 22 SERMON
290 3273 29 15 on
338 3265 99 27 Sunday,
452 3265 38 22 the
505 3264 41 22 4th
563 3264 91 26 instant,

71 3292 56 22 from
138 3293 55 22 Acts
201 3300 31 14 xx
259 3293 34 26 35,
304 3292 66 22 when
390 3292 163 22 contributions
568 3289 46 24 will
628 3289 27 22 be

73 3318 97 23 solicited
178 3320 24 22 in
212 3320 36 22 aid
257 3320 26 22 of
294 3319 37 22 the
341 3318 113 29 Hospital.

74 3369 157 48 PERSONS
255 3370 100 23 desirous
379 3370 26 22 of
426 3369 125 28 obtaininig
574 3367 81 28 Bibles,

137 3396 144 28 Testaments,
299 3405 25 14 or
340 3398 112 21 Common
473 3396 84 28 Prayer
574 3394 80 28 Books,

73 3428 36 17 are
118 3424 115 27 requested
242 3426 23 20 to
274 3424 68 27 apply
351 3427 23 19 to
384 3424 38 22 the

285 3457 55 23 Rev.
351 3457 28 23 R.
391 3457 75 28 Davy,
477 3457 79 23 Kumu
565 3455 62 24 Toto.

99 3482 54 27 July
161 3484 20 26 3,
193 3484 61 22 1841.

240 3534 40 21 To
291 3535 194 21 Landowners.

74 3565 50 49 A
135 3566 110 22 YOUNG
260 3567 129 22 unmarried
402 3574 53 15 man
470 3567 19 22 is
498 3567 25 22 in
537 3570 62 19 want
609 3565 24 23 of
644 3573 14 15 a

150 3593 104 22 situation
276 3600 24 15 as
314 3593 68 22 Farm
404 3594 110 21 Overseer
532 3601 24 14 or
576 3592 80 23 Bailiff.

75 3617 36 23 He
120 3618 40 23 has
168 3619 58 23 been
239 3619 101 28 engaged
348 3620 24 21 in
382 3620 135 26 agriculture
533 3621 35 21 for
580 3619 78 27 nearly

74 3646 82 26 twenty
164 3653 70 20 years,
252 3646 44 22 and
305 3647 19 21 is
339 3646 132 28 practically
487 3648 134 20 conversant
633 3646 24 22 in

74 3669 103 30 bringing
184 3673 54 22 land
246 3673 48 22 into
304 3672 138 22 cultivation.
478 3673 38 21 He
530 3672 41 22 has
581 3679 29 15 no
620 3673 37 21 ob-

74 3696 83 27 jection
175 3702 23 19 to
214 3706 27 20 go
262 3702 23 19 to
301 3706 45 19 any
362 3702 50 24 part
428 3699 26 21 of
470 3699 58 22 New
550 3698 106 22 Zealand.

104 3724 74 30 Apply
186 3729 24 18 to
219 3725 75 28 X.W.,
305 3729 23 18 at
337 3725 38 22 the
417 3725 94 22 Gazette
544 3725 77 23 Office.

76 3748 141 31 Wellington,
227 3752 53 27 July
290 3754 19 25 1,
320 3753 61 21 1841.

165 3796 117 21 Thomas
296 3796 55 21 and
366 3796 108 21 Samuel
489 3796 79 20 Cook

75 3827 89 48 BEG
174 3831 22 19 to
204 3829 82 22 inform
295 3829 39 22 the
341 3829 84 28 public,
437 3828 48 22 that
499 3828 85 27 having
598 3834 59 15 com-

149 3855 75 27 pleted
239 3856 58 22 their
320 3856 115 22 extensive
453 3854 205 22 weather-boarded

76 3880 68 27 Store,
155 3882 52 27 they
215 3882 56 22 have
289 3889 67 20 every
372 3882 151 21 convenience
539 3881 36 22 for
591 3887 66 16 ware-

76 3905 93 31 housing
177 3909 73 28 goods,
263 3912 23 20 at
295 3916 14 16 a
317 3916 53 20 very
380 3908 114 22 moderate
504 3908 89 27 charge.

1400 615 23 22 R
1423 615 85 26 EAMS
1527 614 26 22 of
1573 614 108 27 PAPER,
1701 613 121 28 consisting
1841 613 25 22 of

1282 636 103 31 iIIBII
1400 642 99 27 printing
1510 641 71 27 demy,
1593 641 65 21 letter
1671 641 44 21 and
1729 642 53 19 note
1795 647 69 24 paper

1281 663 31 14 **
1317 663 31 15 XJ
1353 663 74 27 vof
1438 668 88 22 various
1536 668 56 21 sizes
1598 667 46 22 and
1651 667 108 27 qualities,
1767 666 97 27 blotting

1279 702 75 22 paper,
1365 695 67 23 white
1443 694 45 22 and
1496 693 109 27 coloured,
1619 693 53 22 blue
1681 693 120 28 wrapping,
1811 693 51 26 bag,

1280 716 68 32 fcent,
1359 722 67 26 band,
1439 721 45 22 and
1492 720 102 28 imperial
1602 721 76 20 brown
1688 726 75 21 paper.

1329 749 95 21 Gazette
1460 747 77 27 Office,
1549 747 54 26 July
1612 746 48 22 3rd.

1353 793 64 20 Van
1429 791 137 22 Dieman's
1579 790 79 22 Land
1673 790 115 21 Timber.

1280 818 89 48 FOR
1384 818 87 27 SALE,
1487 817 89 26 Boards,
1595 816 120 27 Scantling,
1734 815 44 22 and
1795 814 69 23 Joists

1353 846 26 21 of
1391 845 31 22 all
1437 845 55 21 sizes
1508 844 44 21 and
1566 842 97 28 lengths,
1674 845 24 20 at
1711 843 45 21 245.
1771 849 40 20 per
1824 843 40 20 100

1280 872 50 22 feet.
1360 872 77 27 Apply
1447 875 22 18 to
1480 871 37 22 the
1526 869 156 27 undersigned,

1637 896 85 21 Harry
1736 895 100 21 Robson.

1389 941 96 21 Shoes!
1503 940 108 22 Shoes!!
1633 938 122 23 Shoes!!!

1289 969 85 21 TUST
1387 968 109 27 received,
1508 975 27 14 ex
1549 968 115 20 Katharine
1678 967 91 20 Stewart
1778 966 84 26 JSfepJes,

1281 988 26 29 if
1346 995 155 22 Gentlemen's
1519 994 144 28 Wellington,
1685 993 113 27 Clarence,
1821 988 45 26 and

1282 1022 96 22 Cossack
1388 1022 71 26 boots,

1308 1049 73 21 Men's
1391 1051 77 23 strong
1476 1048 64 21 boots
1550 1047 44 21 and
1604 1047 71 27 shoes,

1309 1075 67 27 Boys'
1431 1075 56 21 ditto
1567 1074 63 26 ditto.

1310 1102 154 22 Gentlemen's
1473 1100 108 23 buckskin
1591 1100 46 21 and
1646 1102 75 25 carpet
1731 1099 97 27 slippers.

1577 1127 28 22 D.
1622 1127 22 22 S.
1659 1127 77 21 Durie
1747 1125 45 22 and
1800 1126 38 21 Co.

1310 1154 144 28 Wellington,
1465 1154 60 22 June
1533 1155 34 25 24,
1578 1154 61 21 1841.

1285 1199 92 49 JUST
1400 1198 164 25 RECEIVED,
1589 1200 23 18 at
1634 1197 39 21 the
1691 1197 74 21 Stores
1785 1196 26 21 of
1830 1195 38 21 the

1333 1225 159 27 undersigned,
1503 1225 71 21 men's
1584 1227 77 24 strong
1670 1223 64 22 boots
1743 1222 45 22 and
1794 1222 73 27 shoes,

1286 1252 99 27 superior
1394 1255 24 18 to
1434 1259 45 19 any
1495 1251 63 26 thing
1575 1258 52 14 ever
1640 1253 38 24 yet
1694 1249 82 22 offered
1793 1249 24 21 in
1831 1248 38 22 the

1287 1280 95 26 Colony;
1393 1278 108 22 women's
1510 1277 45 22 and
1560 1277 120 21 children's
1687 1276 63 27 ditto,
1757 1276 61 26 plain
1825 1275 45 21 and

1285 1305 88 28 figured
1388 1305 104 26 merinos,
1503 1304 59 26 silks,
1581 1303 44 22 and
1642 1303 75 26 satins,
1732 1310 14 14 a
1758 1299 64 30 large
1835 1309 35 14 as-

1286 1335 109 19 sortment
1405 1332 25 21 of
1437 1329 262 26 niousseline-de-laines,
1711 1329 44 21 and
1764 1329 78 27 prints.

1644 1356 29 22 A.
1689 1356 153 22 Hornbrook.

1313 1385 204 27 Mulgrave-street,
1529 1383 59 22 June
1598 1385 33 24 19,
1642 1384 61 20 1841.

1287 1429 177 50 LANDING-
1491 1429 58 21 from
1576 1428 38 21 the
1635 1428 115 20 Katherine
1776 1427 97 20 Stewart

1362 1458 84 23 Forbes,
1456 1456 47 21 and
1510 1456 34 21 for
1554 1455 45 22 sale

1313 1492 14 20 2
1344 1490 74 28 hhds.,
1437 1489 128 28 containing
1582 1496 13 15 a
1612 1490 64 26 great
1692 1487 86 27 variety
1797 1486 26 22 of
1837 1486 34 22 tin

1288 1524 65 20 ware,

1315 1544 82 22 Brown
1406 1545 65 25 stout,
1607 1543 12 32 ]
1665 1540 89 23 Packed
1779 1540 25 21 in
1832 1539 40 22 red

1316 1570 54 22 Pale
1380 1570 42 27 ale,
1615 1576 11 16 >
1632 1568 75 26 boxes,
1739 1566 72 23 suited
1838 1566 35 22 for

1316 1597 74 21 Men's
1399 1597 64 21 boots
1475 1596 46 22 and
1532 1595 70 28 shoes,
1608 1590 11 32 J
1633 1594 81 23 Native
1721 1594 69 22 trade.

1317 1624 64 27 Soap,

1316 1650 108 22 Blankets
1451 1650 67 22 white
1528 1648 44 23 and
1581 1649 47 28 red,

1317 1677 111 27 Clothing,

1317 1704 81 22 Cotton
1407 1703 78 32 prints,

1317 1731 81 26 Sherry
1406 1731 23 21 in
1440 1731 89 26 quarter
1539 1729 68 27 casks,

1317 1756 210 23 Double-barrelled
1536 1756 127 28 percussion
1673 1761 63 21 guns,

1319 1784 135 27 Negrohead
1463 1782 97 23 tobacco.

1668 1808 92 22 Samuel
1772 1807 101 22 Revans.

1321 1837 60 22 June
1392 1837 32 27 16,
1437 1837 60 21 1841.

1293 1881 71 47 ON
1380 1881 83 26 SALE,
1480 1888 29 14 ex
1523 1881 103 24 Arackne,
1638 1879 60 21 Lord
1713 1877 152 23 Willidm'Ben

1371 1909 64 22 tinch,
1447 1907 44 21 and
1499 1909 132 24 Harrington
1638 1916 6 10 :

1318 1935 39 19 9-4
1366 1934 45 21 and
1421 1935 50 20 10-4
1478 1933 110 26 blankets,

1319 1961 41 21 100
1369 1961 48 24 pair
1425 1959 98 26 flushing
1532 1962 108 22 trowsers,

1320 1985 40 21 100
1369 1992 43 19 pea
1417 1984 94 27 jackets,

1320 2011 22 21 A
1350 2011 61 27 large
1421 2013 133 20 assortment
1563 2010 26 22 of
1595 2010 96 27 ribbons,
1700 2008 85 28 shawls,
1794 2008 81 27 cloaks,

1293 2036 96 29 hosiery,
1400 2038 49 26 &c,

1320 2064 88 22 Elliot's
1419 2067 66 24 stout,

1320 2091 45 21 Do.
1376 2090 92 22 Pimlico
1478 2091 42 27 ale,

1320 2118 115 27 Barclay's
1445 2118 85 21 bottled
1539 2120 80 25 porter,

1322 2144 95 22 London
1426 2144 42 27 ale,

1322 2171 92 27 Brandy
1423 2171 22 21 in
1455 2171 69 28 pipes,
1534 2170 71 28 hhds.,
1616 2170 45 22 and
1670 2172 88 26 quarter
1766 2168 70 27 casks,

1322 2198 95 26 Pickles,
1428 2205 85 19 sauces,

1323 2224 59 22 First
1391 2224 46 22 and
1446 2224 83 22 second
1535 2224 63 26 flour,

1324 2251 130 21 Vermicelli
1463 2251 47 22 and
1517 2250 133 27 maccaroni,

1323 2278 72 22 Patna
1404 2278 52 22 rice.

1619 2303 84 22 Waitt
1713 2302 45 23 and
1768 2302 84 23 Tyser.

1325 2330 145 28 Wellington,
1482 2331 59 21 June
1551 2332 33 26 16,
1596 2332 60 20 1841.

1325 2375 30 20 T.
1366 2375 38 21 JVL
1416 2375 141 27 Partridge
1567 2375 21 20 &
1598 2375 46 20 Co.
1657 2374 65 21 offer
1733 2373 41 21 for
1785 2373 69 25 Sale,

1297 2409 171 48 BOTTLED
1491 2412 75 23 porter
1589 2408 46 22 and
1651 2408 51 28 pale
1721 2406 34 23 ale
1772 2406 26 22 in
1821 2406 62 21 three

1375 2436 72 21 dozen
1461 2434 70 28 casks,

1327 2462 66 23 Good
1402 2463 78 27 sherry
1489 2462 24 21 in
1524 2464 87 26 quarter
1623 2460 71 28 casks,

1325 2489 82 22 Mould
1417 2489 96 27 candles,

1325 2516 112 27 Windsor,
1449 2516 91 26 toilette,
1551 2514 46 23 and
1605 2514 80 28 yellow
1694 2521 60 20 soap,

1325 2542 103 23 Window
1437 2542 59 28 glass
1505 2544 26 21 13
1539 2542 30 27 by
1578 2544 21 24 9,

1326 2570 160 21 Earthenware
1494 2569 25 22 in
1529 2571 76 24 crates,

1327 2596 106 28 Cooper's
1443 2603 65 19 ware,

1327 2623 85 26 Paints,
1422 2622 100 26 brushes,
1532 2622 48 27 &c,

1328 2650 52 26 Slop
1390 2649 108 27 clothing,

1327 2676 96 27 Pickles,
1433 2682 85 21 sauces,
1529 2674 87 23 French
1625 2681 83 21 capers,
1724 2680 100 20 cayenne
1832 2679 53 21 pep-

1301 2709 47 21 per,
1359 2702 108 28 mustard,

1328 2729 67 22 India
1405 2730 82 21 rubber
1494 2728 111 27 blacking,
1618 2728 40 22 &c.
1669 2727 40 22 &c.

1328 2756 55 22 And
1392 2763 51 16 now
1451 2755 100 28 landing,
1561 2756 57 21 from
1626 2754 37 23 the
1671 2754 115 21 Katherine
1795 2754 90 20 Stewart

1301 2784 83 26 Fories,

1328 2809 117 29 Superfine
1454 2808 97 24 Dantzic
1558 2808 49 22 kiln
1618 2808 62 22 dried
1689 2808 64 27 flour,

1328 2838 13 20 5
1351 2840 52 19 tons
1412 2837 58 27 zinc,
1480 2836 35 22 for
1524 2835 92 27 roofing.

1379 2881 63 21 Van
1454 2880 137 21 Dieman's
1604 2880 78 20 Land
1696 2879 115 21 Timber.

1303 2914 52 49 A
1364 2914 107 22 LARGE
1485 2913 102 28 quantity
1597 2909 26 25 of
1637 2912 49 21 Van
1698 2912 115 22 Dieman's
1823 2911 64 22 Land

1382 2941 81 22 timber
1482 2940 26 22 of
1524 2940 88 21 various
1629 2939 135 22 dimensions
1773 2946 5 20 ;
1788 2965 5 5 __
1804 2938 53 27 also,
1875 2945 12 14 a

1302 2968 62 27 large
1374 2968 103 28 quantity
1487 2967 25 22 of
1523 2966 100 22 Colonial
1631 2966 87 27 timber,
1734 2965 120 26 consisting
1864 2963 24 23 of

1303 2994 105 28 weather,
1419 2994 79 27 lining,
1513 2993 45 22 and
1567 2993 95 26 flooring
1670 2992 80 22 boards
1758 2991 46 23 and
1814 2994 72 19 scant-

1302 3021 49 27 ling
1360 3021 26 22 of
1397 3020 31 23 all
1437 3020 56 22 sizes
1503 3020 45 22 and
1555 3019 90 27 lengths
1652 3027 6 14 :
1678 3026 51 15 now
1742 3026 29 14 on
1786 3017 62 23 hand
1864 3020 23 19 at

1303 3048 38 21 the
1351 3050 70 20 stores
1431 3048 25 21 of
1463 3048 38 21 the
1510 3043 158 30 undersigned.

1330 3074 64 28 They
1404 3074 46 22 will
1458 3074 48 21 also
1513 3074 29 21 be
1557 3073 76 28 happy
1643 3075 23 19 to
1676 3071 79 28 supply
1764 3071 63 22 those
1837 3070 48 22 who

1303 3101 80 22 intend
1392 3101 100 27 erecting
1499 3100 112 27 buildings
1620 3099 54 22 with
1683 3099 37 21 the
1726 3099 69 21 above
1802 3097 83 26 article,

1304 3130 39 19 cut
1361 3131 23 19 to
1404 3128 71 27 order,
1497 3127 27 21 of
1546 3134 45 19 any
1609 3125 137 22 dimensions
1765 3124 54 27 they
1835 3131 51 20 may

1303 3154 94 28 require,
1418 3154 45 22 and
1485 3152 133 23 deliverable
1638 3155 23 19 at
1678 3158 46 21 any
1741 3154 50 25 part
1809 3151 25 21 of
1849 3150 37 22 the

1303 3181 73 22 beach
1384 3189 32 14 on
1424 3181 38 22 the
1471 3181 94 22 shortest
1572 3179 84 22 notice.

1564 3214 64 21 John
1642 3220 46 14 and
1705 3212 58 22 Geo.
1777 3210 82 23 Wade.

1303 3260 41 21 To
1365 3260 46 21 the
1431 3259 167 23 Merchants,
1619 3257 196 26 Ship-owners,
1833 3255 54 22 and

1400 3287 93 21 others
1513 3285 30 21 of
1555 3285 65 20 Port
1633 3283 159 22 Nicholson.

1306 3320 158 48 MESSRS.
1488 3318 99 23 PRATT
1605 3316 46 23 and
1670 3316 106 23 BEVAN
1797 3316 44 26 beg
1854 3322 35 15 re-

1397 3346 118 28 spectfully
1541 3348 23 18 to
1585 3344 84 22 inform
1691 3343 38 22 the
1752 3342 135 26 merchants,

1305 3372 154 28 ship-owners,
1478 3372 46 22 and
1539 3371 80 27 others,
1636 3370 49 22 that
1697 3370 53 26 they
1766 3369 57 22 have
1838 3375 51 15 now

1306 3399 146 22 commenced
1468 3398 39 23 the
1526 3397 154 22 manufacture
1704 3396 26 22 of
1744 3403 60 21 rope,
1824 3395 64 25 lines,

1306 3426 68 22 twine
1385 3426 30 21 of
1422 3426 29 22 all
1464 3424 152 28 descriptions,
1630 3426 57 19 mats
1702 3423 26 22 of
1740 3422 30 22 all
1786 3422 62 26 sizes,
1861 3421 30 22 oil

1306 3452 78 28 cloths,
1405 3453 39 22 &c.
1453 3460 4 18 ;
1474 3451 82 27 fishing
1571 3453 50 19 nets
1637 3450 65 22 made
1718 3449 46 22 and
1780 3448 109 28 repaired,

1306 3479 45 22 and
1369 3487 68 19 every
1447 3478 132 27 description
1599 3476 26 23 of
1642 3476 75 22 article
1732 3476 23 21 in
1772 3475 37 21 the
1821 3475 69 21 above

1306 3506 54 26 line,
1377 3506 31 22 all
1423 3506 58 21 from
1497 3505 55 22 New
1565 3503 101 23 Zealand
1681 3502 53 27 flax,
1750 3502 45 21 and
1809 3509 29 14 on
1852 3501 38 22 the

1306 3535 60 20 most
1373 3531 131 24 reasonable
1514 3530 98 28 charges.
1641 3529 76 27 Apply
1726 3532 22 18 to

1525 3565 89 21 Messrs.
1630 3563 78 22 Pratt
1722 3562 45 22 and
1782 3562 86 26 Bevan,

1307 3599 44 22 No.
1369 3600 19 26 1,
1413 3597 229 25 Molesworth-street,
1669 3595 145 27 Wellington,
1838 3595 54 22 Port

1535 3622 130 23 Nicholson.

1308 3671 40 21 To
1364 3670 161 21 Gentlemen
1544 3668 86 26 going
1643 3668 29 19 to
1687 3665 155 28 Wanganui
1862 3671 30 16 or

1531 3695 43 20 the
1588 3694 82 20 Bush.

1311 3730 7 49 I
1318 3730 14 49 7I
1332 3730 21 29 7
1357 3730 41 21 OR
1412 3729 85 26 SALE,
1513 3731 23 18 at
1554 3727 37 21 the
1610 3727 74 21 Stores
1703 3725 26 22 of
1749 3724 37 22 the
1805 3725 88 21 Under.-

1332 3774 7 3 .
1383 3755 83 27 signed,
1479 3762 13 14 a
1501 3755 60 25 large
1576 3753 102 28 quantity
1695 3752 26 21 of
1731 3751 54 27 first,
1802 3751 89 28 second,

1310 3782 45 22 and
1378 3782 59 21 third
1460 3781 86 27 quality
1563 3779 87 26 biscuit,
1670 3778 123 22 warranted
1818 3778 74 27 newly

1308 3808 80 27 baked,
1401 3807 46 22 and
1455 3811 23 18 at
1487 3807 113 21 moderate
1610 3806 78 27 prices.

1336 3842 54 26 Any
1399 3840 128 28 gentleman
1538 3846 40 15 can
1588 3839 57 22 have
1655 3838 34 22 his
1700 3845 48 15 own
1757 3838 56 22 flour
1819 3838 73 22 baked

1308 3868 48 22 into
1365 3868 87 26 biscuit,
1462 3867 21 22 if
1493 3866 109 28 required.

1576 3899 143 23 Akchabald
1731 3899 133 22 Anderson.

727 621 43 21 Ex
784 621 45 21 the
993 618 30 23 of
1035 618 153 27 Liverpool.'

665 654 117 49 FIFTY
796 657 50 19 tons
861 654 26 21 of
893 653 44 22 fine
948 653 49 26 salt,
1007 660 30 14 on
1047 653 45 22 sale
1108 654 22 20 at
1139 651 37 23 tlie
1186 651 62 21 Store

738 681 27 22 of
821 681 123 26 Wallace,
955 680 92 27 White,
1059 679 44 22 and
1112 679 121 21 Wallace.

728 727 42 20 Ex
783 726 46 21 the
991 724 30 21 of
1032 722 152 28 Liverpool.
1220 730 7 4 -

665 762 101 49 FIVE
774 764 51 20 tons
836 761 25 22 of
866 761 38 22 the
909 761 72 24 .finest
990 758 153 29 Philadelphia
1150 758 64 25 flour,

738 790 27 21 88
770 788 60 28 pairs
840 788 25 22 of
870 795 59 14 men-
934 788 21 21 &
963 787 62 27 hoys'
1031 789 79 23 strong
1117 782 130 25 hoh-nailed

664 816 72 27 hoots,

661 851 11 12 -*
693 844 11 20 1
725 849 49 16 case
790 842 27 21 of
826 841 99 26 -wearing
943 839 96 29 apparel,
1058 841 121 24 consisting
1197 838 24 21 of
1235 843 14 15 a

770 868 26 22 of
815 868 118 22 children's
953 869 91 24 dresses,
1064 865 72 23 round
1155 863 92 29 jackets,

779 898 104 23 trousers,
898 893 123 22 roll-collar
1037 892 132 26 waistcoats,
1183 891 66 26 fancy

666 924 67 24 vests,
753 921 26 22 of
795 921 99 27 superior
911 919 164 27 workmanship
1085 926 6 19 ;
1116 917 133 23 Lancashire

667 948 60 27 clogs
733 955 6 20 ;
754 947 126 27 watertight
889 946 45 22 and
943 945 95 23 collier's
1047 948 77 23 strong
1132 945 71 26 hoots,
1210 943 39 22 &c.

811 974 123 25 Wallace,
944 973 91 25 White,
1046 971 46 22 and
1101 971 121 22 Wallace.

730 1019 43 20 Ex
787 1019 46 20 the
994 1016 30 21 of
1035 1016 152 26 Liverpool.

669 1051 74 50 SIX
758 1051 71 22 dozen
838 1050 42 22 roll
891 1050 69 22 collar
968 1049 130 27 waistcoats,

732 1079 28 21 33
769 1077 49 28 pair
827 1077 27 22 of
859 1080 76 24 strong
944 1077 83 21 fustian
1036 1079 108 24 trowsers,

693 1105 29 22 27
730 1104 72 22 dozen
813 1107 96 19 cantoon
918 1107 108 23 trowsers,

694 1131 29 23 57
733 1131 70 22 dozen
814 1131 38 21 red
862 1131 133 25 waistcoats,

695 1159 27 21 28
731 1158 58 27 pairs
801 1157 26 23 of
835 1157 81 23 corded
925 1156 120 23 children's
1056 1155 92 28 dresses,

694 1185 28 21 25
731 1185 64 21 frock
805 1187 66 24 coats,

697 1213 26 20 12
732 1211 48 27 pair
789 1211 27 22 of
822 1210 94 23 woollen
925 1213 109 24 trowsers,

697 1240 27 20 10
732 1236 95 24 woollen
837 1238 131 25 waistcoats,

697 1266 28 20 20
733 1265 59 26 pairs
803 1264 25 22 of
835 1264 93 22 woollen
937 1263 108 28 leggings,

698 1293 26 20 16
733 1291 69 22 ladies
813 1291 92 27 dresses,

697 1319 26 21 21
734 1317 83 23 fustian
823 1317 95 28 jackets,

697 1347 14 19 9
717 1345 88 26 jackets
814 1344 45 22 and
867 1347 109 24 trowsers,

697 1373 28 20 20
734 1371 59 28 pairs
803 1371 26 21 of
836 1371 126 27 watertight
969 1371 70 26 boots,

697 1399 28 21 20
734 1398 59 27 pairs
803 1398 26 21 of
836 1400 77 24 strong
921 1397 76 23 nailed
1005 1397 70 21 hoots.

802 1424 123 27 Wallace,
941 1423 92 27 White,
1049 1422 45 22 and
1107 1422 121 22 Wallace.

736 1470 43 21 Ex
793 1470 45 21 the
1000 1468 30 21 of
1041 1467 152 27 Liverpool.

675 1504 73 50 SIX
762 1504 36 22 7-8
808 1503 45 22 fine
862 1503 140 22 lambs-wool
1011 1502 59 27 dyed
1079 1502 91 27 dresses,

737 1533 14 20 9
765 1531 37 22 7-8
811 1533 74 19 tartan
895 1530 70 22 check
974 1529 59 28 dyed
1042 1529 91 27 dresses,

699 1559 41 20 100
749 1557 66 28 yards
869 1557 37 21 do.
989 1558 35 20 do.

698 1584 41 22 270
749 1584 66 27 yards
824 1583 26 22 of
857 1583 62 22 drills
927 1583 36 21 for
971 1586 107 24 trowsers,

699 1613 13 20 6
722 1611 71 21 dozen
802 1612 39 20 4-4
850 1611 90 26 Saxony
948 1610 53 27 furs,

699 1639 12 21 1
723 1637 72 23 dozen
803 1639 39 20 5-4
850 1637 91 27 Saxony
949 1637 54 26 furs,

701 1666 10 20 1
723 1665 72 21 dozen
804 1664 37 22 7-8
849 1664 51 21 best
910 1663 93 22 Orleans
1013 1662 93 28 dresses,

699 1693 28 20 20
736 1691 74 28 pieces
819 1691 37 21 7-8
865 1690 79 28 prints.

803 1717 123 27 Wallace,
942 1716 91 27 White,
1050 1716 46 21 and
1108 1715 122 22 Wallace.

737 1763 42 21 Ex
794 1763 45 21 the
999 1761 30 21 of
1040 1760 153 27 Liverpool.

674 1796 221 35 rpWENTY-SIX
904 1796 54 27 kegs
969 1795 25 22 of
1000 1794 101 28 wrought
1110 1794 48 22 iron
1168 1792 63 24 nails.

683 1834 25 14 *
804 1837 123 26 Wallace,
944 1836 91 26 Whiie,
1050 1835 46 22 and
1109 1834 122 22 Wallace.

738 1883 42 19 Ex
794 1882 45 20 the
999 1881 29 20 of
1041 1879 153 26 Liverpool.

675 1914 186 34 rpHIRTEEN
870 1914 59 27 pairs
940 1914 26 21 of
971 1913 71 22 men's
1050 1912 45 21 and
1104 1913 54 25 boys
1168 1911 92 23 wooden

685 1935 23 30 1
774 1941 67 26 clogs,

746 1968 13 20 5
770 1967 58 26 pairs
839 1966 26 21 of
870 1973 88 14 women
968 1972 8 14 s
986 1966 93 21 wooden
1090 1968 67 21 clogs,

702 1995 13 20 5
730 1993 58 27 pairs
798 1992 26 21 of
830 1991 53 27 girls
992 1989 34 22 do.
1083 1989 36 21 do.

703 2022 26 19 13
744 2019 58 28 pairs
812 2018 26 22 of
850 2017 119 22 children's
993 2016 35 22 do.
1085 2015 35 23 do.

662 2050 1 24 j
704 2048 26 21 13
745 2046 58 28 pairs
813 2044 25 23 of
843 2045 56 26 boys
909 2043 46 22 and
963 2043 60 26 girls'
1033 2043 94 21 wooden
1136 2041 67 28 clogs,

662 2076 2 23 [
821 2071 123 26 Wallace,
955 2070 90 27 White,
1059 2069 45 22 and
1112 2069 124 21 Wallace.

678 2118 43 21 Ex
734 2118 45 20 the
814 2115 146 22 Katherine
971 2115 114 20 Stewart
1237 2112 29 22 of

912 2142 123 21 London.

678 2176 159 53 TWENTY
849 2176 60 27 pairs
920 2175 25 22 of
951 2175 39 22 7-4
997 2173 111 28 blankets,

751 2206 27 19 30
806 2203 36 21 do.
870 2203 39 21 8-4
936 2202 35 21 do.

750 2232 27 21 20
806 2230 35 22 do.
869 2230 39 20 9-4
934 2229 36 21 do.

708 2260 27 19 10
762 2257 36 22 do.
826 2257 52 21 10-4
906 2255 35 22 do.

720 2286 14 19 6
762 2284 36 21 do.
839 2285 38 19 9-4
904 2282 36 22 do.
969 2281 104 27 medium,

721 2314 14 19 6
763 2311 35 21 do.
827 2311 50 21 10-4
904 2309 36 21 do.
970 2309 35 21 do.

720 2340 14 19 6
762 2338 35 21 do.
827 2337 51 21 11-4
906 2336 35 22 do.
970 2335 35 22 do.

706 2366 30 21 24
763 2365 35 20 do.
840 2365 38 20 8-4
905 2365 168 24 counterpanes.

708 2393 28 20 36
763 2391 35 21 do.
841 2391 38 21 9-4
907 2389 36 22 do.

708 2420 28 20 20
763 2418 35 21 do.
828 2417 50 22 10-4
906 2416 36 22 do.

812 2443 123 27 Wallace,
951 2442 92 26 White,
1060 2440 46 23 and
1118 2440 122 23 Wallace.

682 2490 43 20 Ex
735 2490 44 20 the
815 2487 147 22 Katherine
977 2487 117 20 Stewart
1240 2483 30 22 of

915 2514 123 21 London.

683 2550 93 49 ONE
790 2549 71 22 dozen
869 2548 74 22 men's
953 2547 81 23 Italian
1043 2550 67 24 vests,

760 2578 11 20 1
801 2576 36 22 do.
865 2574 59 23 Bath
934 2574 54 22 cord
999 2577 109 24 trowsers,

722 2605 14 21 3
765 2603 35 22 do.
828 2601 107 23 rail-road
944 2600 95 23 worsted
1048 2608 60 19 caps,

722 2632 14 20 3
764 2630 35 22 do.
828 2628 84 27 striped
967 2628 35 22 do.
1059 2627 35 21 do.

725 2659 11 20 1
766 2657 35 21 do.
830 2655 120 23 children's
959 2653 81 23 scarlet
1048 2653 72 27 socks,

717 2686 20 20 ,8
766 2683 35 23 do.
831 2683 35 21 do.
894 2689 55 20 grey
958 2680 94 23 worsted
1065 2679 70 28 socks,

723 2713 14 20 3
765 2711 36 21 do.
829 2709 61 27 girls'
901 2708 67 22 white
978 2710 76 20 cotton
1064 2707 61 26 hose,

723 2739 14 20 2
766 2737 35 21 do.
830 2737 35 21 do.
923 2735 35 21 do.
1014 2734 36 22 do.

724 2766 12 20 1
767 2763 34 22 do.
830 2763 36 21 do.
922 2762 36 21 do.
1014 2761 36 21 do.

724 2793 14 19 3
767 2790 34 22 do.
831 2789 35 22 do.
922 2788 36 22 do.
1012 2787 69 28 fancy
1089 2787 61 27 hose,

724 2819 16 20 4
767 2817 35 21 do.
831 2815 106 23 women's
967 2815 34 21 do.
1030 2814 36 22 do.
1096 2814 34 22 do.

725 2844 14 21 5
768 2843 35 21 do.
832 2842 36 22 do.
924 2841 55 22 drab
1031 2841 35 21 do.
1096 2841 36 21 do.

726 2872 14 20 8
768 2869 35 22 do.
832 2868 67 23 white
908 2867 102 27 imperial
1018 2867 50 23 lisle
1076 2867 58 27 knit,

713 2898 27 21 12
768 2896 35 22 do.
831 2895 73 22 men's
914 2893 105 23 coloured
1028 2897 76 19 cotton
1113 2894 61 27 hose,

727 2925 12 20 1
769 2923 34 22 do.
832 2922 68 27 fancy
910 2924 76 19 cotton
995 2920 61 28 hose,

726 2952 14 20 3
769 2949 34 23 do.
832 2949 66 22 white
907 2947 79 23 ribbed
1014 2947 36 23 do.

714 2978 27 21 12
769 2976 27 22 do
799 2992 15 13 v
833 2975 76 22 brown
920 2977 76 19 cotton
1005 2974 52 22 half
1062 2974 61 28 hose,

715 3005 26 21 10
769 3003 35 21 do.
833 3001 63 23 habit
905 3001 66 22 white
981 3004 76 19 cotton
1066 3002 84 27 gloves,

727 3032 14 20 3
769 3029 35 23 do.
833 3029 71 21 men's
915 3028 66 22 white
990 3028 78 22 ribbed
1077 3031 76 19 cotton
1162 3027 61 28 hose,

727 3059 15 20 4
770 3057 35 21 do.
834 3055 100 23 assorted
942 3055 95 22 worsted
1045 3055 78 22 ribbed
1132 3055 60 27 hose,

727 3085 15 21 2
769 3083 36 22 do.
832 3081 67 23 black
907 3082 62 27 plain
979 3081 94 23 worsted
1082 3082 61 27 hose,

715 3112 27 21 14
769 3110 36 22 do.
834 3109 77 22 brown
921 3111 75 20 cotton
1004 3108 62 28 hose,

728 3139 14 21 9
770 3137 35 21 do.
834 3135 100 23 marbled
989 3135 35 22 do.

728 3166 14 20 3
770 3163 35 23 do.
835 3162 66 22 white
991 3162 35 22 do.

727 3193 15 20 4
770 3190 35 22 do.
834 3189 67 22 white
908 3189 80 22 ribbed
996 3188 103 28 imperial
1109 3191 74 19 cotton
1191 3187 60 28 hose,

715 3219 26 21 15
770 3217 36 22 do.
834 3215 63 23 habit
906 3215 105 23 coloured
1025 3218 76 19 cotton
1110 3215 81 27 gloves,

715 3247 27 20 10
769 3244 36 22 do.
833 3243 64 22 habit
906 3242 104 22 coloured
1017 3241 153 23 embroidered
1176 3241 83 28 gloves.

714 3272 27 22 25
769 3271 36 21 do.
834 3269 72 23 men's
997 3269 35 21 do.
1125 3268 36 22 do.

714 3299 28 21 22
769 3297 36 23 do.
833 3296 73 22 men's
929 3302 67 22 super
1021 3295 76 23 Berlin
1122 3294 152 24 embroidered

687 3325 83 28 gloves,

716 3353 26 21 18
770 3351 36 23 do.
836 3350 35 22 do.
955 3349 36 21 do.
1073 3348 37 22 do.
1191 3348 37 23 do.

819 3377 125 26 Wallace,
959 3375 91 27 White,
1066 3375 46 22 and
1125 3375 122 22 Wallace.

724 3424 44 21 Ex
781 3424 45 20 the
1076 3419 31 22 of
1118 3421 124 20 London.

690 3457 129 51 FOETY
841 3455 79 28 glazed
936 3454 96 23 window
1050 3454 83 28 sashes,
1153 3456 14 20 3
1184 3454 47 22 feet
1245 3454 31 27 by

762 3486 12 20 2
784 3483 47 23 feet
840 3485 13 19 6
862 3482 86 23 inches.

819 3510 125 25 Wallace,
958 3508 92 27 White,
1068 3508 45 22 and
1126 3508 121 22 Wallace.

725 3557 44 21 Ex
781 3556 46 21 the
1077 3553 31 22 of
1119 3553 123 21 London.

689 3592 53 49 A
755 3590 107 23 LARGE
874 3591 134 21 assortment
1017 3589 26 21 of
1047 3589 165 27 ironmongery,
1223 3587 54 22 suit-

774 3617 50 23 able
833 3617 34 22 for
876 3617 30 22 all
915 3623 106 21 purposes
1030 3615 25 22 in
1064 3615 74 27 fitting
1146 3622 30 20 up
1185 3614 88 22 houses.

716 3645 56 22 Also
781 3652 14 15 a
803 3644 103 28 quantity
917 3643 23 21 of
948 3642 125 22 household
1081 3642 100 26 utensils,

715 3671 73 23 Three
797 3671 128 26 mahogany
935 3669 78 26 tables,

716 3698 105 22 Watches
830 3697 25 22 of
861 3697 88 21 various
958 3693 72 29 kinds,

716 3725 66 22 Brass
790 3723 98 27 foundry
896 3723 26 21 of
927 3730 69 21 every
1005 3721 141 28 description.

824 3750 123 26 Wallace,
963 3751 91 23 White,
1070 3748 45 21 and
1129 3747 121 22 Wallace.

716 3777 179 27 Lambon-quay,
901 3776 55 26 July
965 3777 20 24 1,
996 3776 61 20 1841.
1188 3800 31 7 ____

690 3819 104 49 NOW
808 3818 155 25 LANDING,
977 3824 40 20 per
1025 3818 72 24 Mary,
1113 3819 77 24 30,000
1199 3816 71 22 ladies

770 3845 73 26 slates,
855 3847 25 19 16
894 3845 31 21 in.
934 3844 32 27 by
981 3845 12 20 8
1002 3843 31 22 in.
1059 3843 44 22 For
1111 3843 132 27 particular*
1253 3843 27 21 of

690 3872 66 27 price,
769 3872 47 27 &c,
823 3871 67 28 apply
900 3873 22 19 to

877 3904 130 27 RIDQWAYS,
1025 3903 105 28 GuYTON,
1146 3903 44 22 ail-l
1205 3903 72 22 E.VKP.

1960 615 78 21 Land
2047 616 159 26 Agency.
2208 618 58 20 Sale
2277 617 30 21 of
2315 618 96 23 Cattle.

1896 647 97 48 THE
2018 649 149 27 undersigned
2194 650 83 32 haying
2301 650 87 22 resided
2415 658 62 14 some

1961 675 91 21 months
2066 679 23 18 at
2104 677 131 26 Wanganui,
2253 677 41 22 has
2307 677 58 21 been
2382 677 97 21 enabled

1895 702 22 19 to
1927 700 65 22 make
2000 701 94 22 himself
2105 703 134 26 acquainted
2247 703 53 21 with
2313 703 37 22 the
2366 703 50 22 best
2425 703 54 21 sites

1894 726 33 21 for
1938 726 36 22 the
1983 728 106 22 selection
2100 729 26 21 of
2132 733 93 28 country
2233 729 70 27 lands,
2314 729 45 22 and
2367 729 112 22 therefore

1894 752 53 22 with
1962 754 129 22 confidence
2101 755 88 22 tenders
2198 755 35 22 his
2242 756 93 22 services
2347 759 23 19 to
2379 755 100 28 proprie-

1895 781 51 25 tors,
1964 787 23 14 as
2002 787 30 15 an
2047 781 78 27 Agent
2137 781 35 23 for
2186 781 39 22 the
2240 782 112 26 selection,
2364 782 52 27 sale,
2427 789 53 20 pur-

1896 805 71 27 chase,
1979 807 46 21 and
2033 807 86 28 leasing
2127 811 105 24 property
2240 809 24 21 in
2273 809 49 21 that
2331 809 92 21 district.

1922 832 37 22 He
1968 833 17 21 is
1995 833 47 22 also
2051 834 107 27 prepared
2167 838 23 18 to
2200 835 121 21 undertake
2330 835 38 22 the
2378 835 46 21 sale
2433 834 46 23 and

1895 858 107 28 purchase
2013 860 26 21 of
2045 857 63 25 stock
2119 868 22 14 as
2151 868 14 15 a
2174 861 146 23 Commission
2330 861 83 28 Agent.

2171 888 26 21 E.
2208 888 100 27 Dorset,
2319 887 133 28 Wanganui.

1896 929 143 47 LAND
2063 931 256 23 AGENCIES.
2318 928 40 25 TO
2381 931 100 22 LAND-

1972 956 181 24 HOLDERS.
2152 958 48 22 The
2218 958 156 27 Undersigned
2390 958 45 27 beg
2457 961 23 19 to

1897 982 53 22 offer
1960 982 134 24 themselves
2103 987 23 19 to
2134 984 58 22 their
2200 985 85 21 friends
2294 985 45 21 and
2352 984 38 22 the
2406 984 75 27 public

1897 1016 23 14 as
1929 1008 88 27 Agents
2025 1010 35 22 for
2069 1010 39 22 the
2118 1011 95 31 disposal
2219 1011 26 22 of
2250 1011 70 22 Town
2329 1011 45 22 and
2381 1011 101 26 Country

1897 1035 82 28 Lands,
1990 1036 46 22 and
2045 1039 57 20 trust
2111 1037 56 22 their
2178 1038 95 21 colonial
2282 1038 133 26 experience
2428 1044 54 20 may

1898 1062 77 22 entitle
1983 1063 63 21 them
2056 1066 23 19 to
2089 1071 13 14 a
2114 1063 63 23 share
2187 1065 26 21 of
2223 1064 37 22 the
2268 1062 75 29 public
2352 1067 129 24 patronage.

1924 1089 62 27 They
1995 1089 47 23 will
2050 1090 29 22 be
2087 1090 75 28 happy
2171 1094 22 18 to
2203 1098 93 19 arrange
2308 1091 35 21 for
2352 1090 45 22 and
2407 1098 76 19 super-

1897 1115 80 23 intend
1985 1115 38 23 the
2032 1124 92 19 surveys
2131 1117 45 21 and
2183 1117 157 23 sub-divisions
2347 1117 26 21 of
2378 1117 38 21 the
2421 1117 62 21 land.

1899 1142 88 22 Liberal
1997 1143 111 22 advances
2117 1143 45 22 will
2174 1144 28 22 be
2217 1143 64 22 made
2293 1151 28 15 on
2329 1143 66 22 lands
2403 1143 81 28 placed

1898 1170 24 21 in
1931 1169 57 21 their
1996 1169 73 22 hands
2075 1170 37 22 for
2119 1169 52 23 sale.
2198 1170 63 27 They
2268 1170 45 22 will
2319 1170 46 22 also
2372 1168 112 29 beliappy

1899 1199 23 19 to
1931 1197 65 21 assist
2004 1197 135 27 proprietors
2148 1197 22 21 in
2181 1196 86 27 leasing
2277 1197 57 21 their
2341 1196 73 22 lands.

2179 1223 62 22 John
2251 1223 45 22 and
2306 1223 57 22 Geo.
2374 1222 81 23 Wade.

1901 1268 121 25 Country
2037 1267 123 21 Sections
2179 1267 43 21 for
2241 1267 59 21 Sale
2322 1272 35 16 on
2376 1267 108 21 Liberal

2143 1294 101 21 Terms.

1905 1326 161 35 QEVERAL
2092 1324 109 25 'Sections
2228 1328 26 21 of
2284 1328 100 26 Country
2411 1326 73 27 Land,

1966 1354 90 26 already
2067 1353 82 22 chosen
2157 1354 26 22 in
2192 1354 38 22 the
2242 1355 92 21 Porirua
2349 1354 90 26 district,
2450 1353 37 22 for

1902 1380 58 28 Sale,
1971 1388 74 15 terms
2055 1388 104 15 liberal.
2189 1381 75 27 Apply
2273 1383 23 20 to

1995 1408 26 21 F.
2037 1408 29 21 A.
2081 1408 169 27 Molesworth,
2267 1406 183 28 Murphy-street,
2462 1413 25 14 or

1995 1434 37 21 W.
2047 1434 28 22 V.
2091 1434 106 27 Brewer,
2208 1434 192 22 Manners-street.

2045 1480 86 21 Town
2144 1481 86 20 Acres
2244 1481 28 19 to
2286 1480 57 20 Let.

1903 1513 180 48 NUMBERS
2093 1521 29 14 on
2132 1512 37 23 the
2179 1512 238 28 Surveyor-General'B
2427 1519 59 20 map,

2019 1541 41 21 438
2140 1540 41 21 553
2262 1538 40 23 627
2383 1539 42 22 775

1930 1566 45 22 For
1983 1566 138 28 particulars,
2133 1567 66 27 apply
2208 1569 23 20 to

2059 1601 37 21 W.
2106 1601 27 22 B.
2142 1601 107 26 Brewer,
2258 1598 202 24 barrister-at-law.
2467 1626 16 3 _

1918 1645 82 21 Small
2016 1646 66 21 Lots
2097 1646 41 21 for
2152 1646 108 21 Houses
2275 1646 29 20 to
2315 1645 50 20 Let
2380 1643 94 28 gratis.

1906 1678 120 34 rpOWN
2040 1677 82 24 ACRE
2136 1679 94 22 number
2238 1680 48 25 480,
2305 1685 28 15 on
2349 1677 140 26 WelUngton

1913 1700 30 27 A
1979 1705 103 28 Terrace,
2099 1705 152 27 immediately
2266 1705 25 21 in
2300 1705 38 21 the
2348 1711 49 15 rear
2413 1703 26 22 of
2449 1703 40 21 the

1905 1731 73 23 mauri
1985 1731 71 23 house
2065 1732 69 27 lately
2143 1732 106 27 occupied
2257 1732 31 26 by
2298 1731 44 22 My.
2354 1731 83 26 Minet,
2443 1730 48 22 will

1905 1759 27 22 be
1943 1759 32 21 let
1982 1759 24 21 in
2016 1759 65 21 small
2089 1759 44 21 lots
2141 1759 35 21 for
2190 1758 103 27 building
2301 1757 35 25 for
2344 1757 62 24 three
2416 1756 73 28 year's

1905 1785 47 23 free
1962 1785 25 23 of
1997 1788 58 19 rent.
2084 1785 76 28 Apply
2170 1789 23 18 to

1986 1811 26 22 F.
2027 1812 30 22 A.
2072 1812 170 27 Molesworth,
2258 1810 184 28 Murphy-street,
2455 1816 25 14 or

1985 1839 37 21 W.
2038 1839 28 21 V.
2081 1839 106 26 Brewer,
2203 1839 192 21 Manners-street.

1981 1883 134 27 Building
2128 1883 167 21 Allotments
2309 1884 29 19 to
2353 1883 59 21 Let,

1906 1916 91 47 THE
2016 1916 200 21 ADVERTISER
2230 1916 65 21 offers
2309 1922 62 22 up.on
2385 1913 109 26 Building

1981 1942 89 26 Leases,
2082 1949 14 14 a
2104 1942 95 22 number
2209 1942 25 22 of
2244 1942 69 21 Town
2321 1941 137 22 Allotments
2468 1940 25 21 in

1906 1968 39 21 the
1953 1971 59 18 most
2022 1968 107 21 desirable
2138 1971 61 23 parts
2209 1968 26 21 of
2244 1968 44 21 this
2298 1968 139 21 Settlement.

1933 1993 48 22 The
1999 1994 112 21 attention
2127 1994 25 21 of
2169 1994 38 21 the
2223 1993 75 28 public
2313 1994 20 20 is
2348 1991 146 29 particularly

1906 2020 72 22 called
1997 2024 22 18 to
2040 2020 37 22 the
2096 2020 123 26 advantage
2238 2020 26 22 of
2279 2019 107 27 Building
2402 2019 91 26 Leases,

1906 2046 73 23 which
1988 2047 38 22 the
2036 2047 151 27 undersigned
2195 2048 19 20 is
2225 2046 94 23 enabled
2327 2050 23 17 to
2359 2048 73 24 grant,
2440 2046 54 26 viz.,

1906 2074 58 22 from
1974 2081 69 14 seven
2052 2077 23 18 to
2092 2077 137 23 twenty-one
2245 2080 72 20 years,
2334 2072 120 28 according
2470 2075 24 18 to

1907 2101 38 22 the
1964 2101 66 22 value
2049 2101 25 21 of
2094 2100 38 22 the
2153 2100 113 27 buildings
2287 2099 110 29 proposed
2420 2102 22 19 to
2466 2099 29 22 be

1908 2127 96 24 erected.
2035 2127 76 28 Apply
2120 2130 22 19 to

1990 2154 25 22 F.
2030 2154 29 22 A.
2075 2154 170 26 Molesworth,
2261 2152 107 28 Murphy-
2371 2155 74 25 street,
2456 2159 26 15 or

1988 2181 38 22 W.
2041 2180 28 23 V.
2084 2181 107 26 Brewer,
2206 2181 192 21 Manners-street.

1912 2225 163 50 SEVERAL
2089 2225 69 22 Town
2173 2225 106 26 Sections,
2297 2224 44 22 and
2357 2224 100 28 portions
2474 2224 27 21 of

1976 2253 107 26 Section^
2093 2252 24 22 in
2134 2254 59 20 most
2209 2251 107 22 desirable
2331 2251 125 26 situations,
2473 2253 25 19 to

1910 2280 28 21 be
1948 2279 32 22 let
1988 2286 30 15 on
2027 2279 68 27 lease,
2105 2279 34 22 for
2148 2285 75 20 seven,
2236 2278 107 27 fourteen,
2360 2285 25 14 or
2400 2279 97 26 twenty-

1912 2314 42 14 one
1964 2314 73 19 years.

1939 2333 62 26 Also,
2017 2332 100 32 portions
2133 2331 26 23 of
2176 2332 99 27 Country
2291 2330 100 23 Sections
2407 2330 35 22 for
2458 2330 40 21 the

1912 2367 62 15 same
1983 2359 94 28 periods.

1938 2387 45 22 For
1992 2386 64 28 plans
2066 2385 46 23 and
2121 2385 137 28 particulars,
2268 2385 66 28 apply
2343 2387 24 19 to

2333 2412 27 20 R.
2377 2412 94 21 Stokes.

2162 2458 84 20 Land.

1914 2491 117 49 LAND
2042 2490 33 22 for
2085 2490 45 22 sale
2139 2498 25 14 or
2171 2494 24 18 to
2204 2491 32 21 let
2244 2491 23 21 in
2277 2490 38 22 the
2324 2490 50 22 best
2381 2489 118 22 situations

1989 2518 25 21 in
2030 2518 38 21 the
2086 2518 76 26 Town,
2181 2520 23 19 at
2222 2524 53 20 very
2290 2517 43 22 low
2350 2517 79 27 prices,
2447 2516 54 21 sub-

1915 2545 95 27 divided,
2028 2544 46 22 and
2089 2551 61 21 upon
2159 2547 69 19 terms
2243 2547 23 18 to
2276 2544 44 22 suit
2334 2543 39 22 the
2381 2542 120 28 labouring

1915 2572 87 22 classes.

1942 2598 43 22 For
1993 2598 65 28 plans
2068 2597 45 22 and
2122 2596 136 29 particulars,
2269 2596 67 28 apply
2345 2598 24 20 to

2319 2623 31 22 A.
2364 2623 108 22 Ludlam.

1942 2651 159 27 Willis-street,
2110 2650 59 23 June
2179 2652 35 25 18,
2224 2651 62 21 1841.

1936 2697 86 20 Town
2037 2696 55 21 and
2106 2697 122 24 Country
2241 2695 78 22 Land
2333 2696 27 19 to
2378 2694 108 27 be^Let.

1918 2729 168 50 SECTIONS
2102 2728 45 23 and
2162 2729 99 26 portions
2278 2728 26 22 of
2317 2728 101 22 Sections
2432 2728 25 21 in
2473 2727 31 22 all

1985 2759 62 25 parts
2065 2756 26 21 of
2105 2756 38 21 the
2161 2756 70 21 Town
2249 2755 26 22 of
2290 2755 145 27 Wellington,
2456 2754 48 22 also

1917 2784 99 26 Country
2026 2783 101 22 Sections
2141 2782 25 22 in
2176 2782 38 22 the
2230 2782 95 21 districts
2341 2782 26 21 of
2380 2781 38 22 the
2435 2780 67 28 Hutt,

1917 2810 37 22 the
1967 2809 87 27 Kaiori,
2064 2810 38 21 the
2113 2809 76 27 Ohiro,
2202 2808 44 23 and
2258 2808 38 22 the
2310 2808 99 22 Porirua.
2438 2807 67 27 Long

1916 2837 70 22 leases
1996 2836 27 22 of
2030 2836 37 22 the
2084 2839 94 24 country
2187 2836 55 21 land
2257 2835 46 22 will
2317 2836 28 21 be
2360 2834 95 28 granted
2474 2841 30 15 on

1916 2862 131 24 reasonable
2058 2866 75 19 terms.
2162 2862 44 22 For
2215 2862 129 28 particulars
2354 2862 67 27 apply
2430 2864 23 19 to

2110 2897 97 22 Hanson
2218 2896 46 22 and
2277 2896 116 26 Alzdorf,

2142 2923 123 23 Thorndon
2274 2923 71 26 Quay,
2356 2922 148 27 Wellington.

2059 2969 87 20 Town
2160 2969 85 20 Acres
2260 2969 29 20 to
2304 2968 56 20 Let.

2112 3009 28 15 on
2149 3002 38 22 the
2197 3000 237 29 Surveyor-General's
2444 3008 60 20 map,

1917 3022 44 30 1M
2052 3030 41 20 199
2186 3030 42 20 470
2321 3029 41 20 288

2054 3057 40 20 168
2188 3055 41 21 559
2322 3055 42 21 314

2054 3083 40 21 156
2190 3083 39 20 196
2322 3081 41 21 310

2052 3110 42 20 423
2188 3109 41 21 306
2322 3109 43 20 424

2065 3134 29 23 47
2188 3135 40 21 305
2323 3134 40 22 723

2052 3163 40 21 561
2188 3162 41 21 167
2322 3162 40 20 343

1945 3189 54 22 And
2008 3196 69 20 many
2087 3187 74 23 others
2170 3187 25 22 in
2204 3187 37 22 the
2251 3189 59 20 most
2322 3187 109 23 desirable
2444 3190 64 26 parts

1918 3216 27 22 of
1955 3216 37 22 the
2002 3219 67 19 town.
2098 3215 44 22 For
2150 3214 132 28 particulars
2296 3214 68 29 apply
2373 3217 23 19 to

1915 3268 4 4 .
2315 3248 22 22 J.
2348 3248 35 22 W.
2395 3248 82 22 Child.

1919 3297 118 49 LAND
2052 3296 63 22 IOR
2129 3295 113 23 SALE.
2242 3296 49 22 The
2304 3296 69 22 Town
2383 3295 66 27 Acre,
2466 3297 41 20 884

1995 3330 30 15 on
2035 3323 38 22 the
2084 3322 237 28 Surveyor-General's
2329 3322 54 27 plan
2390 3330 6 19 ;
2412 3322 46 22 and
2467 3321 39 23 the

1919 3351 101 26 Country
2030 3349 76 23 Lands
2120 3349 23 22 in
2159 3349 37 23 the
2213 3349 59 27 right
2287 3349 25 22 of
2326 3349 76 22 choice
2415 3349 27 21 of
2451 3348 56 22 land

1920 3378 75 22 orders
2014 3377 54 21 Nos.
2086 3376 47 27 687,
2150 3375 47 28 726,
2218 3377 59 26 1084,
2298 3375 26 23 of
2338 3375 38 22 the
2394 3375 49 23 first
2460 3375 47 22 and

1919 3403 109 29 principal
2039 3403 134 22 settlement.
2202 3403 44 22 For
2254 3406 68 18 terms
2333 3401 67 28 apply
2409 3405 23 18 to

2171 3436 28 22 R.
2214 3436 28 22 R.
2258 3436 99 27 Strano,
2368 3435 109 22 Solicitor.

1947 3462 145 28 Wellington,
2104 3462 62 23 June
2174 3464 35 26 24,
2221 3464 59 20 1841.

2070 3508 40 20 To
2124 3508 33 20 be
2173 3507 65 21 Sold
2253 3513 29 15 or
2296 3508 58 24 Let,

1922 3541 164 51 SEVERAL
2105 3541 69 22 Town
2190 3541 45 21 and
2251 3540 99 27 Country
2367 3539 101 22 Sections
2484 3539 27 22 of

1986 3568 73 22 Land.
2087 3567 77 28 Apply
2173 3570 24 19 to

2237 3593 92 22 Robert
2339 3592 28 22 R.
2378 3591 101 23 Strano.

2132 3639 39 20 To
2186 3638 33 21 be
2235 3638 57 24 Let,

1924 3672 90 22 ffIHE
2028 3675 61 19 town
2106 3679 49 15 acre
2172 3671 43 21 No.
2232 3671 40 21 680
2286 3676 29 15 on
2329 3668 37 23 the
2383 3669 87 29 Survey
2471 3676 36 14 or-

1930 3692 30 28 JL
1998 3699 118 22 General's
2124 3697 59 28 plan,
2193 3696 121 27 belonging
2322 3698 23 19 to
2360 3695 39 23 the
2416 3695 91 23 Church

1923 3726 26 22 of
1960 3725 112 23 Scotland.
2101 3725 44 22 For
2153 3727 74 24 terms,
2238 3722 66 28 apply
2313 3725 23 19 to

2112 3758 92 22 Robert
2215 3758 28 21 R.
2254 3757 99 25 Strang,
2367 3756 111 22 Solicitor.

2134 3803 39 19 To
2188 3802 33 20 be
2236 3802 58 24 Let,

1924 3836 163 51 SEVERAL
2101 3835 92 22 TOWN
2203 3835 103 31 ACRES,
2316 3834 24 22 in
2349 3833 88 23 various
2446 3835 62 25 parts

1988 3863 26 22 of
2025 3863 144 27 Wellington.
2198 3862 44 21 For
2250 3861 136 28 particulars,
2402 3863 67 25 apply
2483 3863 25 18 to

2098 3896 27 22 E.
2141 3896 140 26 CAjrcnrooL,
2294 3894 107 23 Dicksom
2406 3896 73 20 street.
