2550 3989
1295 145 67 15 name
1373 139 44 21 and
1432 146 73 18 power
1520 140 25 21 of
1556 139 37 22 the
1609 141 114 26 sovereign
1734 149 5 13 :
1754 141 126 22 heretofore

1295 164 63 22 there
1375 165 41 21 has
1430 165 56 22 been
1503 173 28 14 no
1547 166 106 27 principle
1669 170 24 18 to
1703 167 108 23 determin
1815 169 65 25 extra's

1296 195 142 18 momentous
1454 191 74 23 choice
1536 200 5 19 ;
1555 193 39 20 the
1608 193 123 27 friendship
1749 195 26 21 of
1785 202 14 14 a
1808 202 72 15 secre-

1297 221 48 23 tary
1369 217 26 21 of
1420 221 55 19 state
1476 229 27 4 —
1505 219 36 21 the
1563 219 108 26 intrigues
1695 223 25 18 of
1740 221 91 26 faction,
1856 228 24 16 ox-

1296 243 82 21 female
1389 244 81 21 coterie
1470 256 28 4 —
1500 245 54 21 have
1563 245 46 21 had
1615 245 33 21 far
1654 253 61 14 more
1726 247 82 26 weight
1816 249 55 21 than

1297 269 36 21 the
1343 270 103 27 personal
1456 271 161 26 qualifications
1628 271 25 22 of
1663 272 38 22 the
1710 273 126 22 individual
1846 283 33 13 se-

1296 296 80 22 lected.
1397 297 26 21 In
1434 297 84 21 several
1527 297 110 23 instances
1648 298 36 21 the
1695 299 118 22 selections
1823 301 56 22 have

1296 322 57 21 been
1369 324 72 25 good;
1465 324 40 21 but
1523 327 35 17 too
1578 324 60 22 often
1656 324 40 22 the
1714 332 116 21 governor,
1852 329 27 26 by

1296 348 98 28 disputes
1411 349 52 22 with
1478 350 37 21 the
1531 350 110 27 colonists,
1659 351 40 21 has
1715 351 67 27 given
1797 353 44 21 rise
1858 359 21 17 to

1296 374 38 22 the
1352 376 120 21 formation
1491 377 25 21 of
1532 376 90 22 adverse
1641 378 88 26 parties,
1750 386 25 14 or
1794 379 28 21 he
1841 379 38 23 has

1296 401 122 22 weakened
1434 402 56 22 their
1507 402 120 27 allegiance
1646 408 23 17 to
1691 404 58 22 their
1765 407 114 26 sovereign

1297 427 44 22 and
1351 428 58 21 their
1425 429 101 22 affection
1544 430 34 20 for
1594 430 36 21 the
1648 430 193 28 mother-country
1851 435 28 25 by

1296 454 115 27 arbitrary,
1423 456 28 26 by
1461 456 124 26 oppressive
1595 456 44 21 and
1654 457 75 27 illegal
1745 461 54 18 acts.
1827 459 52 23 This

1297 480 43 21 evil
1350 480 47 28 has,
1409 484 21 19 to
1441 489 13 14 a
1469 482 81 21 certain
1568 485 82 25 extent,
1662 484 73 20 arisen
1749 484 58 22 from
1823 486 57 22 mili-

1297 510 48 24 tary
1356 515 25 14 or
1390 508 66 21 naval
1465 515 52 14 men
1535 509 66 26 being
1616 509 23 21 in
1649 510 92 26 general
1750 511 97 22 selected
1856 520 23 14 as

1296 539 127 19 governors.
1468 535 96 27 Military
1589 534 93 28 officers,
1705 537 24 20 in
1752 538 127 27 particular,

1296 560 57 21 have
1369 560 56 21 been
1444 560 81 23 chosen
1540 562 33 21 for
1590 567 61 20 posts
1667 562 71 22 which
1754 564 53 26 they
1823 572 56 15 were

1296 586 84 27 utterly
1392 588 137 25 unqualified
1545 591 22 18 to
1581 588 39 24 fill,
1630 588 58 22 from
1704 589 58 22 their
1777 591 102 25 previous

1296 612 72 22 habits
1386 613 25 21 of
1421 614 45 26 life,
1482 614 45 21 and
1543 614 57 21 from
1615 614 38 22 the
1668 617 29 18 sic
1713 617 45 19 volo
1774 618 30 19 sic
1818 619 61 24 jubeo

1296 642 52 18 tone
1359 639 72 22 which
1445 640 53 27 they
1507 640 55 22 have
1578 641 57 21 been
1646 644 142 21 accustomed
1797 647 22 18 to
1835 652 45 14 em-

1295 665 52 27 ploy
1352 666 23 20 in
1382 666 337 27 theeverydaytransactionsof
1722 676 105 15 common
1833 671 45 22 life.

1322 691 24 21 It
1357 692 72 21 would
1443 693 27 22 be
1488 693 106 22 desirable
1611 697 21 18 to
1649 702 37 14 see
1695 702 13 14 a
1719 695 55 22 class
1791 697 25 20 of
1828 705 51 13 men

1295 718 88 21 trained
1391 726 30 20 up
1431 719 34 22 for
1477 719 42 22 this
1531 720 75 26 highly
1618 720 123 28 important
1757 723 87 27 station,
1856 731 23 15 as

1295 745 19 20 is
1324 745 38 21 the
1373 752 50 15 case
1432 745 23 22 in
1466 746 37 21 the
1520 746 126 27 diplomatic
1661 747 140 27 department
1809 757 5 19 ;
1835 751 44 21 and

1295 771 34 21 for
1340 771 43 21 this
1393 779 95 20 purpose
1498 772 37 22 the
1550 773 99 22 Colonial
1667 774 80 26 Board,
1758 775 72 22 under
1842 776 36 22 the

1296 797 85 28 change
1390 799 110 26 proposed
1505 799 24 21 in
1536 798 43 22 No.
1592 801 9 20 1
1610 800 25 21 of
1646 800 43 21 this
1696 800 101 28 Journal,
1807 803 72 22 would

1295 824 58 21 form
1368 832 29 13 an
1414 825 121 22 admirable
1549 826 83 26 school,
1644 826 56 22 after
1716 827 37 21 the
1771 828 48 21 first
1835 830 44 21 ele-

1295 854 74 18 ments
1384 851 45 21 had
1444 852 57 21 been
1517 852 104 27 acquired
1635 853 25 21 in
1677 853 36 22 the
1731 854 96 22 colonial
1842 856 37 21 de-

1294 881 120 21 partment.

1322 904 34 20 Of
1371 904 28 21 all
1416 905 103 25 sciences,
1539 905 48 21 that
1604 906 26 20 of
1645 910 149 22 government,
1808 908 18 21 is
1842 908 36 22 the

1294 933 60 18 most
1362 930 99 22 difficult.
1492 931 49 21 Few
1552 938 51 15 men
1614 939 35 14 are
1659 932 48 21 abie
1717 937 21 17 to
1749 934 47 21 rule
1807 934 71 23 them-

1294 956 72 22 selves
1374 964 6 19 ;
1395 957 50 21 how
1456 957 100 28 perilous,
1569 958 115 28 therefore,
1696 960 18 21 is
1724 960 18 21 it
1752 964 21 17 to
1785 964 93 24 attempt

1295 986 21 18 to
1334 990 84 20 govern
1442 984 80 27 others,
1538 985 75 21 before
1630 992 33 15 we
1684 986 56 21 have
1764 986 72 23 learnt
1856 992 21 17 to

1295 1009 86 22 control
1398 1017 41 14 our
1454 1018 47 14 own
1518 1012 105 25 passions,
1639 1012 45 21 and
1701 1016 21 17 to
1740 1013 86 26 subject
1842 1014 36 21 the

1295 1037 109 26 wayward
1414 1037 44 21 and
1468 1040 83 23 stormy
1560 1037 105 28 impulses
1676 1038 24 21 of
1712 1046 42 14 our
1767 1044 78 19 nature
1856 1044 22 18 to

1294 1062 37 22 the
1349 1063 134 21 methodical
1503 1071 11 13 n
1519 1064 94 27 'thorny
1630 1066 27 20 of
1673 1072 77 15 reason
1773 1067 46 21 and
1842 1067 36 22 the

1294 1089 48 21 cool
1354 1089 92 22 dictates
1456 1091 26 20 of
1493 1087 59 25 uhim
1557 1091 116 26 passioned
1679 1092 126 27 judgment.

1321 1115 47 22 But
1383 1117 65 21 other
1462 1117 103 21 essential
1583 1118 114 27 requisites
1712 1126 38 14 are
1761 1126 117 22 necessary

1293 1142 35 21 for
1340 1142 36 22 the
1394 1143 43 21 due
1453 1143 119 22 fulfilment
1585 1145 25 20 of
1627 1144 43 22 this
1685 1145 72 22 office.
1793 1146 23 21 A
1834 1148 43 21 Go-

1294 1176 82 14 vernor
1384 1169 79 22 should
1472 1174 38 17 not
1521 1171 51 26 only
1580 1171 28 21 be
1618 1179 12 13 a
1636 1178 52 14 man
1697 1171 71 22 whose
1776 1173 101 26 passions

1294 1202 37 14 are
1352 1196 22 20 in
1394 1196 84 26 perfect
1498 1197 121 27 subjection
1640 1202 23 16 to
1683 1206 86 19 reason,
1791 1200 41 20 but
1849 1200 28 21 lie

1294 1221 80 23 should
1385 1223 47 21 also
1442 1222 56 22 have
1515 1232 13 13 a
1548 1224 56 27 deep
1617 1223 117 28 knowlegr
1752 1225 25 21 of
1794 1225 83 23 human

1294 1253 85 22 nature,
1392 1250 26 20 of
1428 1250 26 20 its
1464 1250 65 27 lights
1545 1251 43 21 and
1607 1250 107 26 shadows,
1732 1252 28 21 its
1775 1253 102 26 perfecti-

1293 1275 72 27 bility,
1374 1276 44 21 and
1428 1276 27 21 its
1464 1277 43 20 evil
1517 1278 151 26 propensities,
1682 1278 98 27 judging
1790 1279 87 22 favour-

1294 1301 52 27 ably
1366 1303 25 20 of
1412 1302 37 22 the
1472 1303 87 26 former,
1586 1304 44 21 and
1651 1304 124 28 charitably
1795 1306 25 20 of
1840 1306 37 21 the

1293 1327 67 22 letter
1368 1336 5 19 ;
1384 1329 79 27 deeply
1474 1329 111 22 reflective
1594 1331 22 20 in
1628 1331 30 21 all
1669 1331 33 21 his
1713 1332 103 26 resolves,
1834 1333 43 21 and

1293 1359 88 22 prompt
1399 1356 44 21 and
1461 1355 51 22 firm
1531 1356 21 22 in
1568 1357 33 21 his
1621 1357 117 22 execution
1756 1358 26 21 of
1802 1359 60 21 them
1870 1368 6 18 ;

1293 1381 88 21 neither
1392 1382 60 21 weak
1462 1383 87 26 enough
1561 1387 22 17 to
1591 1391 124 18 encourage
1731 1385 144 28 favouritism,

1294 1414 41 15 nor
1345 1411 35 18 too
1391 1409 69 26 proud
1479 1413 21 18 to
1517 1410 85 26 despise
1618 1411 38 20 the
1667 1411 114 22 affections
1797 1412 25 21 of
1841 1413 36 20 the

1292 1434 57 26 good
1357 1443 5 18 ;
1373 1435 139 27 stimulating
1521 1437 69 21 virtue
1599 1437 29 26 by
1639 1437 35 21 his
1683 1438 103 25 rewards,
1799 1439 78 21 check-

1293 1461 39 26 ing
1341 1462 47 21 vice
1398 1462 30 27 by
1437 1466 89 23 precept
1536 1463 45 21 and
1595 1463 108 27 example,
1719 1465 44 20 and
1774 1465 103 27 fulfilling

1293 1487 37 22 the
1341 1487 72 23 duties
1423 1489 25 21 of
1463 1489 90 26 religion
1569 1490 52 21 with
1635 1491 131 26 scrupulous
1783 1496 94 18 correct-

1293 1520 50 15 ness
1345 1526 26 3 —
1373 1515 118 27 rendering
1511 1517 81 26 justice
1617 1520 23 18 to
1660 1517 29 21 all
1708 1524 52 15 men
1762 1529 28 4 —
1792 1518 85 27 fearing

1294 1541 56 26 God,
1376 1542 127 27 honouring
1524 1542 34 22 his
1582 1543 62 27 king,
1670 1544 44 21 and
1743 1544 78 27 loving
1843 1545 33 22 his

1293 1572 100 23 country.
1424 1569 58 21 Such
1496 1569 69 26 ought
1579 1573 22 17 to
1615 1571 27 20 be
1658 1570 36 21 the
1709 1571 116 22 character
1833 1573 44 21 and

1293 1594 155 22 Government
1457 1595 26 21 of
1500 1602 14 15 a
1529 1597 99 21 Colonial
1641 1597 129 27 Governor;
1794 1599 44 21 and
1855 1602 22 18 to

1292 1621 69 21 .attain
1372 1622 23 26 it,
1408 1629 60 14 some
1479 1622 71 22 betler
1559 1622 75 22 school
1646 1623 80 21 should
1742 1626 27 20 be
1787 1624 90 22 devised

1292 1647 53 21 flian
1368 1649 38 21 the
1430 1649 127 21 mess-table
1577 1650 25 20 of
1626 1657 14 14 a
1658 1651 117 27 regiment,
1797 1659 25 14 or
1839 1652 38 22 the

1291 1675 157 26 quarter-deck
1458 1675 25 21 of
1494 1683 14 13 a
1517 1676 84 26 frigate.

1321 1701 39 21 We
1369 1702 29 21 do
1408 1705 39 18 not
1458 1702 59 27 deny
1527 1703 48 21 that
1585 1703 61 21 there
1656 1703 57 21 have
1723 1704 58 22 been
1792 1705 84 21 several

1290 1728 112 22 instances
1413 1729 72 21 where
1495 1729 66 21 naval
1577 1729 44 21 and
1637 1730 97 27 military
1749 1738 52 14 men
1821 1731 55 23 have

1291 1754 76 22 shown
1378 1755 132 22 themselves
1519 1755 49 21 well
1577 1756 105 26 qualified
1687 1757 34 21 for
1731 1757 50 22 civil
1790 1758 84 27 offices;

1291 1781 40 21 but
1341 1781 52 27 they
1399 1789 36 15 are
1443 1783 128 26 exceptions
1580 1783 22 20 in
1614 1783 67 27 proof
1688 1784 25 20 of
1720 1784 37 21 the
1766 1785 55 26 rule,
1832 1786 44 20 and

1291 1808 57 21 their
1359 1816 53 19 very
1420 1808 151 27 employment
1576 1809 24 21 in
1609 1816 12 14 a
1630 1809 91 27 Colony,
1728 1811 22 20 in
1757 1812 119 21 command

1291 1834 26 21 cf
1327 1834 28 22 its
1374 1839 80 23 troops,
1474 1836 104 21 militates
1592 1836 88 27 against
1698 1837 38 21 the
1752 1838 62 26 quiet
1832 1839 44 21 and

1291 1861 137 28 philosophic
1439 1861 71 23 duties
1515 1862 71 22 which
1594 1870 13 13 a
1616 1863 155 22 Government
1778 1865 98 26 requires

1290 1888 22 20 in
1338 1889 83 20 distant
1444 1889 140 21 commercial
1608 1889 144 23 settlements.
1802 1891 74 21 While

1290 1914 119 27 admitting
1428 1915 48 21 that
1494 1916 84 21 several
1602 1916 113 22 excellent
1731 1917 71 21 rulers
1819 1917 55 22 have

1291 1948 56 14 '<ecu
1358 1942 81 20 chosen
1450 1942 55 20 from
1514 1942 54 20 both
1582 1943 37 20 the
1634 1950 63 19 army
1708 1944 44 20 and
1762 1951 67 18 navy,
1842 1952 14 13 v.
1856 1952 4 7 p
1863 1952 12 14 c

1290 1974 38 14 rre
1345 1968 116 20 reminded
1482 1968 25 20 of
1526 1968 38 21 thp
1677 1970 25 20 of
1714 1969 130 22 Alrx.uidcr
1854 1971 24 21 of

1389 2002 23 11 io
1433 1994 102 21 i,.(iilr'iiio
1557 2004 33 11 xjic
1611 1995 66 25 S'tiil,
1698 1995 63 21 Vi'lien
1775 1996 40 20 i)hts
1831 2004 45 14 Wtia

1290 2018 97 28 praising
1402 2019 36 22 the
1456 2020 105 31 mildness
1576 2021 25 20 of
1615 2021 35 21 liis
1660 2021 99 27 despotic
1776 2022 47 22 rule
1825 2034 27 3 —
1853 2023 21 21 A

1288 2045 60 26 jj-ood
1375 2046 58 21 ,-ui»r
1458 2046 139 28 beneficially
1618 2048 125 26 exercising
1768 2049 107 27 arbitrary

1290 2079 73 19 power
1372 2072 20 21 is
1401 2081 13 12 a
1424 2073 74 27 happy
1511 2074 103 21 accident
1623 2082 6 18 ;
1651 2074 44 21 and
1705 2074 37 22 the
1751 2076 123 27 possibility

1289 2098 26 21 of
1335 2099 38 20 the
1392 2107 87 14 reverse
1496 2100 16 21 it
1531 2100 19 21 is
1569 2101 83 27 always
1670 2102 72 21 better
1762 2105 23 17 to
1802 2103 73 26 guard

1288 2125 95 25 against.

1317 2152 23 21 It
1349 2159 52 19 may
1410 2152 28 22 he
1448 2153 48 21 said
1505 2153 48 21 that
1559 2154 17 21 it
1585 2154 19 21 is
1613 2161 14 14 a
1637 2157 82 19 matter
1729 2155 25 21 of
1766 2162 107 21 economy

1289 2182 22 17 to
1322 2180 103 21 combine
1435 2179 37 22 the
1478 2183 42 18 two
1528 2180 74 22 offices
1612 2181 26 21 of
1642 2181 231 24 Governorrandcom-

1288 2206 93 21 niandcr
1392 2206 26 21 of
1428 2206 38 21 the
1475 2206 70 22 forces
1556 2208 22 20 in
1594 2215 42 14 one
1654 2215 79 20 person
1741 2216 4 14 :
1761 2208 41 22 but
1813 2209 60 21 there

1287 2232 20 21 is
1315 2239 42 25 _no_
1368 2233 146 26 justification
1534 2234 25 21 in
1577 2234 126 28 sacrificing
1720 2242 28 14 an

1287 2260 108 26 principle
1409 2260 33 21 for
1457 2260 37 21 the
1509 2267 95 20 purpose
1622 2261 26 21 of
1663 2262 97 26 gaining,
1774 2269 13 13 a
1801 2263 72 21 minor

1287 2285 138 28 advantage;
1441 2286 55 22 such
1506 2295 13 13 a
1529 2287 50 27 plea
1588 2288 18 21 is
1616 2288 116 27 unworthy
1745 2288 26 21 of
1790 2296 12 14 a
1811 2294 62 22 great

1287 2316 76 18 nation
1376 2321 5 14 :
1396 2313 94 27 besides,
1504 2314 37 21 the
1552 2314 122 26 legislative
1684 2322 74 20 power
1768 2316 44 20 and
1822 2324 51 14 exe-

1287 2340 74 21 cutive
1391 2340 154 22 Government
1568 2341 80 22 should
1663 2342 30 21 be
1719 2342 55 31 kept
1793 2343 74 21 wideh

1287 2366 92 22 distinct
1387 2374 5 13 :
1401 2367 57 22 their
1467 2368 124 25 separation
1602 2368 19 21 is
1635 2368 159 27 indispensible
1802 2373 22 17 to
1835 2369 37 22 the

1287 2392 42 22 due
1338 2393 121 22 fulfilment
1468 2394 27 21 of
1505 2394 36 21 the
1553 2395 94 27 majesty
1657 2395 26 21 of
1696 2394 37 22 the
1740 2396 50 20 law.

1314 2420 36 21 No
1360 2420 116 23 Governor
1493 2420 80 22 should
1588 2422 27 21 be
1635 2421 93 22 allowed
1743 2426 23 17 to
1787 2423 83 21 remain

1285 2446 80 27 longer
1376 2448 51 20 than
1439 2455 64 14 seven
1513 2455 64 19 years
1587 2448 22 21 in
1625 2455 43 19 any
1688 2448 85 28 Colony
1782 2457 5 13 :
1804 2449 40 21 but
1858 2457 14 14 a

1285 2474 115 26 gradation
1413 2474 24 21 of
1449 2474 176 28 Governorships
1639 2475 71 27 might
1723 2476 27 20 be
1768 2483 23 13 so
1808 2483 63 15 man-

1285 2500 63 26 aged,
1362 2500 48 22 that
1420 2508 27 14 an
1459 2501 47 22 able
1517 2502 45 21 and
1571 2502 92 26 upright
1674 2509 51 14 man
1743 2502 70 27 might
1827 2503 42 22 rise

1284 2527 57 21 from
1348 2526 37 22 the
1396 2528 155 27 chieftainship
1562 2528 24 21 of
1590 2528 37 21 the
1638 2528 98 22 smallest
1743 2529 127 22 settlement

1285 2557 23 18 to
1333 2554 36 21 the
1390 2554 266 28 Governor-generalship
1677 2555 24 22 rtf
1723 2555 72 22 India.
1836 2557 33 26 By

1285 2580 43 22 this
1336 2588 77 14 means
1423 2581 63 22 there
1495 2580 72 23 would
1577 2583 24 20 be
1618 2589 14 14 a
1647 2585 104 18 constant
1769 2583 100 21 stimulus

1284 2611 24 17 to
1320 2615 14 14 a
1341 2607 104 22 laudable
1455 2608 106 21 ambition
1570 2608 54 28 kept
1632 2615 30 20 up
1670 2609 25 21 in
1706 2608 37 22 the
1752 2609 85 21 breasts
1848 2610 24 21 of

1284 2634 63 21 those
1357 2634 50 22 who
1418 2635 54 21 have
1483 2635 17 21 it
1508 2642 25 14 so
1543 2635 67 21 much
1627 2635 22 21 in
1667 2635 58 21 their
1738 2643 80 19 power,
1839 2636 30 27 by

1284 2660 58 23 their
1350 2661 98 22 conduct
1457 2662 24 21 in
1491 2669 28 14 an
1538 2661 88 22 exalted
1642 2662 82 21 station
1740 2662 88 27 abroad,
1846 2667 23 17 to

1284 2688 85 27 uphold
1379 2688 37 21 the
1426 2688 113 22 character
1550 2688 24 21 of
1585 2688 38 21 the
1634 2688 199 27 mother-country.
1841 2696 7 8 •

1275 2720 2 12 1
1312 2721 22 21 It
1352 2721 73 22 would
1444 2722 27 20 be
1491 2729 11 14 a
1527 2724 62 24 great
1606 2722 76 27 public
1700 2723 66 26 good,
1787 2724 19 20 if
1833 2723 36 22 the

1283 2747 90 27 highest
1382 2749 43 21 and
1435 2749 87 21 noblest
1530 2749 24 21 in
1565 2749 36 21 the
1618 2749 54 21 laird
1688 2756 59 15 were
1762 2750 76 26 taught
1848 2755 21 16 to

1282 2774 54 21 look
1347 2782 29 14 on
1386 2782 13 14 a
1409 2775 94 22 colonial
1517 2780 154 23 government,
1682 2776 105 22 however
1797 2778 68 25 small,

1284 2808 24 14 as
1318 2808 28 14 an
1359 2801 73 28 object
1442 2802 25 21 of
1479 2803 137 21 meritorious
1627 2803 115 27 ambition,
1754 2804 44 21 and
1806 2811 12 14 a
1827 2803 42 22 dis-

1284 2828 127 26 tinguished
1426 2829 63 21 mark
1507 2829 26 21 of
1550 2829 36 22 the
1601 2830 137 26 sovereign's
1762 2831 107 27 approba-

1284 2854 61 26 tion;
1368 2862 32 14 we
1423 2855 80 22 should
1526 2855 53 22 then
1601 2856 58 21 have
1681 2864 13 13 a
1711 2857 57 21 class
1790 2857 25 22 of
1833 2858 36 21 the

1283 2881 96 27 nobility
1395 2882 119 27 educating
1529 2882 133 22 themselves
1679 2884 35 20 for
1788 2884 81 27 impor-

1284 2911 49 18 tant
1343 2911 61 23 trust,
1416 2909 45 21 and
1467 2909 80 27 giving
1557 2912 21 19 to
1589 2909 39 22 *he
1640 2909 98 22 colonies
1749 2910 37 21 the
1796 2911 73 26 bright

1284 2935 101 26 example
1396 2935 25 21 of
1432 2936 68 21 moral
1515 2936 69 21 worth
1594 2937 37 26 in^,
1635 2937 127 21 connexion
1775 2938 50 20 with
1835 2938 34 21 in-

1283 2961 112 22 tellectual
1411 2963 157 26 endowments,
1579 2963 54 26 high
1646 2963 96 27 lineage,
1754 2964 43 21 and
1806 2964 63 22 here-

1283 2987 72 28 ditary
1365 2989 93 21 honour.
1487 2989 22 22 It
1523 2990 19 20 is
1559 2997 152 20 unnecessary
1721 2993 22 18 to
1758 2990 64 22 dwell
1839 2998 28 14 on

1283 3014 37 22 the
1337 3020 84 22 powers
1441 3016 74 22 vested
1531 3016 23 22 in
1573 3024 12 14 a
1601 3024 123 19 governor;
1742 3017 52 26 they
1809 3021 60 18 must

1282 3041 89 27 depend
1390 3050 28 14 on
1439 3043 36 21 the
1500 3045 76 19 extent
1602 3043 26 21 of
1646 3043 99 27 political
1770 3043 97 22 freedom

1283 3068 97 27 enjoyed
1388 3069 30 26 by
1428 3076 14 14 a
1456 3069 87 27 colony,
1555 3069 45 22 and
1617 3069 34 21 his
1670 3069 115 30 exeoutiy^e
1795 3078 73 19 power

1282 3095 45 21 and
1336 3095 103 27 personal
1449 3096 111 27 authority
1571 3096 44 22 will
1626 3096 109 22 therefore
1745 3097 28 20 be
1781 3101 88 22 greater

1282 3128 25 14 or
1315 3121 44 22 less
1369 3123 119 26 according
1499 3126 22 18 to
1532 3122 36 22 the
1579 3123 135 26 controlling
1722 3123 112 27 authority
1846 3125 25 20 of

1281 3155 14 14 a
1310 3150 173 25 representative
1499 3149 116 27 assembly,
1634 3156 24 15 or
1674 3150 26 21 of
1717 3156 13 14 a
1745 3149 122 27 legislative

1281 3175 96 26 council,
1389 3178 22 19 to
1421 3175 72 23 which
1501 3175 30 23 he
1540 3184 51 19 may
1602 3177 28 21 be
1646 3175 120 28 subjected.
1795 3177 34 21 To
1838 3184 29 14 no

1281 3201 57 23 class
1354 3202 26 22 of
1397 3210 51 14 men
1466 3203 56 21 have
1539 3206 88 24 greater
1641 3202 69 22 limits
1723 3202 58 22 been
1797 3203 68 27 freely

1281 3229 93 21 allowed
1390 3229 54 21 than
1462 3232 22 18 to
1500 3229 39 21 the
1554 3236 121 20 governors
1693 3229 25 21 of
1731 3229 38 22 the
1786 3230 79 22 British

1281 3255 109 27 colonies;
1406 3256 50 26 and,
1470 3255 106 28 speaking
1589 3255 123 27 generally,
1723 3262 30 14 no
1769 3256 58 27 body
1844 3257 26 21 of

1281 3289 51 15 nien
1343 3282 24 22 in
1378 3290 43 20 any
1433 3283 82 26 society
1525 3290 25 14 or
1565 3283 23 20 in
1599 3289 46 20 any,
1653 3289 48 19 age,
1712 3282 58 22 have
1785 3283 81 21 abused

1280 3309 18 21 it
1307 3309 43 21 less
1358 3318 5 18 ;
1379 3309 21 21 if
1410 3309 58 21 their
1477 3309 93 21 abilities
1581 3308 44 22 had
1634 3310 56 20 been
1703 3309 65 27 equal
1778 3313 21 17 to
1810 3309 57 22 their

1279 3335 78 27 highly
1367 3335 121 22 honorable
1503 3335 123 22 intentions
1642 3335 63 22 there
1721 3335 72 22 would
1809 3336 57 22 have

1279 3362 56 22 been
1357 3362 55 22 little
1430 3369 61 15 room
1515 3362 35 21 for
1567 3362 112 22 criticism.
1728 3362 76 22 Under
1829 3363 36 21 the

1279 3389 110 26 guidance
1406 3389 26 21 of
1449 3396 14 14 a
1477 3388 94 22 colonial
1590 3389 77 26 board,
1684 3389 71 21 lalent
1776 3397 24 13 as
1817 3389 48 21 well

1279 3422 24 15 as
1314 3415 87 22 honour
1410 3415 51 26 will,
1472 3416 16 20 it
1496 3415 19 21 is
1533 3419 22 17 to
1569 3415 28 21 be
1614 3415 80 27 hoped,
1706 3419 60 18 meet
1780 3417 28 20 its
1823 3417 42 21 due

1279 3443 98 26 reward;
1394 3442 50 27 and,
1461 3444 29 25 by
1501 3449 13 13 a
1527 3441 112 28 judicious
1658 3448 40 15 use
1715 3442 26 21 of
1752 3442 37 22 the
1806 3450 60 14 com-

1279 3469 68 21 bined
1369 3469 71 21 moral
1466 3467 43 23 and
1535 3467 84 23 mental
1644 3476 92 19 powers,
1758 3476 31 14 we
1814 3476 51 19 may

1279 3500 82 22 expect
1369 3503 14 14 a
1392 3495 92 22 decided
1500 3495 163 22 improvement
1676 3495 24 21 in
1715 3495 38 21 the
1769 3495 96 22 internal

1279 3523 115 21 condition
1404 3522 26 22 of
1441 3521 54 22 each
1505 3521 134 22 settlement.
1652 3534 2 6 .
1670 3521 25 22 If
1705 3529 51 14 men
1768 3522 48 21 who
1826 3530 37 13 are

1279 3549 78 27 placed
1377 3549 22 21 in
1418 3548 38 22 the
1475 3548 54 27 high
1551 3548 46 22 and
1620 3547 90 28 awfully
1729 3549 136 26 responsible

1279 3577 81 21 station
1380 3575 26 22 of
1425 3582 121 20 governors
1566 3575 26 21 of
1612 3574 84 22 distant
1719 3576 143 25 possessions,

1280 3603 72 21 would
1371 3601 77 23 reflect
1467 3608 28 16 on
1514 3601 38 21 the
1571 3604 50 18 vast
1639 3601 103 27 quantity
1762 3601 23 21 of
1806 3601 58 27 good

1279 3629 71 22 which
1362 3629 53 26 they
1425 3628 56 22 have
1490 3629 18 21 it
1517 3628 23 21 in
1551 3627 58 22 their
1618 3634 73 20 power
1702 3631 22 17 to
1739 3627 69 27 effect,
1820 3628 44 22 and

1279 3656 102 22 consider
1397 3655 47 21 that
1460 3659 40 17 not
1520 3654 84 27 merely
1621 3653 38 22 the
1677 3655 141 21 commission
1842 3656 25 20 of

1279 3682 49 27 evil,
1347 3683 40 21 but
1401 3681 37 22 the
1453 3681 103 25 negation
1575 3681 26 20 of
1619 3679 59 27 good
1693 3680 45 22 will
1755 3681 57 21 form
1827 3681 37 22 the

1278 3708 91 27 leading
1385 3711 42 18 test
1442 3708 25 20 of
1478 3707 57 21 their
1552 3706 151 27 qualification
1725 3711 23 17 to
1769 3708 66 27 enjoy
1851 3715 13 15 a

1279 3735 92 28 happier
1387 3735 111 21 existence
1516 3735 22 20 in
1556 3733 94 21 another
1665 3733 45 27 life,
1727 3733 53 28 they
1791 3735 73 21 would

1279 3766 38 17 not
1334 3761 52 22 seek
1404 3765 23 17 to
1446 3765 22 17 to
1488 3761 27 21 be
1535 3760 184 26 representatives
1738 3760 25 21 of
1783 3761 80 21 British

1277 3788 142 27 sovereignty
1428 3788 34 20 for
1477 3787 37 21 the
1529 3786 52 22 sake
1599 3786 25 21 of
1636 3786 36 20 the
1690 3786 85 27 dignity
1785 3794 25 14 or
1827 3788 36 21 ths

1277 3815 150 21 emoluments
1436 3813 101 21 attached
1556 3813 85 21 thereto
1650 3820 5 18 ;
1671 3812 41 22 but
1728 3813 47 27 thej
1790 3814 72 22 would

1277 3841 125 21 remember
1420 3840 46 20 that
1504 3840 56 20 from
1575 3839 46 21 him
1640 3844 22 15 to
1680 3839 72 22 whom
1768 3840 66 22 much
1844 3841 18 21 is

1277 3867 74 26 given,
1362 3866 66 22 much
1439 3866 43 21 will
1491 3866 28 21 be
1667 3866 43 21 and
1724 3866 49 21 that
1782 3874 79 19 pwwer,
1870 3862 2 23 !

1277 3893 79 27 riches,
1368 3893 44 21 and
1423 3892 54 21 lank
1487 3899 37 14 are
1533 3895 40 18 not
1583 3892 112 21 bestowed
1700 3893 34 21 for
1741 3893 121 23 individual

1276 3920 133 25 advantage.
1411 3930 26 4 —
1442 3920 90 19 Colonial
1540 3920 118 24 Magazine.

1920 3701 88 20 Minds.
2010 3711 27 5 —
2037 3700 44 21 The
2099 3700 69 20 minds
2191 3699 25 20 of
2233 3699 36 20 the
2286 3704 71 20 young
2377 3697 100 20 resemble

1891 3735 45 13 new
1951 3729 53 19 wine
2018 3729 23 19 in
2057 3734 12 13 a
2086 3730 54 17 state
2156 3726 24 21 of
2197 3725 150 21 fermentation
2359 3725 42 19 and
2417 3725 60 19 effer-

1891 3761 99 15 vescence
1998 3763 5 16 ;
2018 3756 38 19 but
2065 3755 37 20 the
2111 3754 69 19 minds
2191 3754 24 19 of
2228 3753 35 20 the
2279 3754 81 18 mature
2376 3751 101 21 resemble

1891 3783 35 20 old
1936 3783 60 23 wine,
2006 3783 68 20 which
2089 3782 37 19 has
2142 3781 41 19 lost
2200 3780 28 20 its
2244 3780 53 25 fiery
2313 3779 107 26 particles,
2436 3779 41 20 and

1890 3810 78 20 retains
1980 3810 49 26 only
2039 3810 27 19 its
2077 3808 96 25 strength
2182 3808 41 19 and
2233 3807 100 23 raciness,

1919 3837 152 20 Knowledge
2083 3841 27 14 or
2123 3835 64 19 Life.
2188 3845 28 4 —
2217 3834 18 19 A
2243 3833 106 27 profound
2356 3833 121 26 knowledge

1891 3865 23 19 of
1926 3865 36 19 lite
1972 3864 18 19 is
2001 3864 35 19 the
2048 3864 50 19 least
2107 3861 95 20 enviable
2212 3861 23 20 of
2248 3861 28 20 all
2286 3860 79 27 species
2373 3860 24 20 of
2404 3860 72 20 know-

1889 3892 67 25 ledge,
1966 3892 88 19 because;
2063 3890 18 19 it
2098 3895 38 14 can
2152 3889 52 25 only
2220 3888 25 20 be
2261 3888 100 27 acquired
2375 3888 27 25 by
2419 3887 57 20 tiiola

1890 3919 45 20 that
1946 3918 58 21 make
2015 3924 24 13 us
2051 3919 66 23 -egret
2132 3916 36 20 the
2178 3916 43 20 loss
2230 3916 25 19 of
2272 3921 35 15 >ur
2317 3915 120 25 ignorance.

529 50 101 32 THE
650 45 119 37 NEW^
779 51 228 34 ZEALAND
1028 54 226 33 GAZETTE
1274 56 102 31 AND
1395 57 324 34 WELLINGTON
1742 60 288 32 SPECTATOR.

682 134 58 24 New
748 136 101 23 Zealand
861 136 123 29 Colonists,
997 136 58 24 shall
1066 137 29 24 be
1104 138 67 24 made
1182 139 85 30 public.

719 168 34 23 Of
762 168 39 23 the
811 169 71 22 Chart
893 169 53 23 with
957 169 75 24 which
1044 169 76 25 Lieut.
1129 170 139 25 M'Donnell

682 200 109 30 provided
802 201 37 23 the
852 202 131 29 emigrants,
998 209 33 17 we
1046 203 57 23 need
1114 210 41 23 say
1166 211 29 15 no
1208 212 60 16 more

684 240 29 16 on
733 233 38 23 the
790 238 92 26 present
900 235 104 22 occasion
1022 235 55 23 than
1096 235 49 24 that
1162 244 32 15 we
1213 237 55 23 have

682 266 146 30 pronounced
839 267 19 22 it
869 274 13 15 a
893 266 73 30 fraud,
981 267 36 23 for
1033 268 39 23 the
1091 269 139 30 publication
1248 270 23 22 of

684 297 74 24 which
769 307 14 15 a
793 299 56 30 high
868 304 92 18 amount
979 301 25 22 of
1023 301 148 30 punishment
1188 302 81 23 should

683 331 29 22 be
723 331 110 24 awarded.
870 331 36 24 Its
917 332 134 30 production
1061 334 20 22 is
1094 342 12 15 a
1117 334 56 23 deed
1183 335 24 23 in
1214 334 54 24 kind

684 363 86 23 similar
782 369 22 17 to
816 364 38 22 the
866 364 125 24 exhibition
1006 366 26 22 of
1045 366 56 24 false
1120 367 70 30 lights
1210 376 29 15 on
1256 376 13 14 a

684 400 70 24 coast,
766 396 104 30 whereby
883 397 128 31 shipwreck
1028 398 20 23 is
1067 400 140 29 occasioned,
1226 400 43 23 and

684 428 82 23 should
777 430 23 21 in
814 429 85 30 justice
910 430 28 23 be
950 430 61 23 dealt
1020 431 55 23 with
1084 433 151 30 accordingly.

717 461 61 23 Now
788 461 34 23 for
834 461 37 24 the
882 462 80 23 liberal
974 463 66 24 offers
1053 464 26 23 of
1093 464 53 23 land
1162 466 66 23 made
1247 470 21 19 to

683 493 81 24 induce
776 502 93 23 persons
881 499 23 18 to
922 496 96 29 proceed
1035 501 23 19 to
1077 497 37 23 the
1134 498 132 31 Hokianga.

683 527 36 22 As
737 527 39 23 the
794 527 42 23 law
860 528 85 29 stands,
969 528 138 25 Lieutenant
1130 531 139 23 M'Donnell

683 558 79 24 knows
781 560 42 23 full
841 560 51 23 well
912 560 29 24 he
959 565 24 19 at
995 562 45 23 this
1051 568 101 18 moment
1165 564 53 23 does
1231 569 38 18 not

684 599 49 15 own
745 600 14 15 a
769 592 47 23 foot
834 593 25 23 of
877 593 54 23 land
948 594 25 23 in
991 594 57 24 New
1067 595 107 25 Zealand.
1211 597 57 23 This

684 624 28 23 he
723 632 46 16 was
781 625 47 24 told
843 626 29 30 by
891 634 14 15 a
922 626 129 31 gentleman
1070 636 62 23 upon
1148 629 75 23 whom
1240 629 28 24 he

682 658 75 22 would
768 658 56 23 have
837 659 116 23 conferred
966 667 13 15 a
992 660 101 31 splendid
1112 661 60 23 boon
1191 663 25 22 of
1230 662 38 23 the

683 689 65 25 kind.
785 691 61 23 Ever
863 692 70 31 ready
950 693 24 23 in
992 694 127 30 expedient,
1141 694 34 24 his
1194 695 74 31 happy

683 724 65 31 reply
759 732 53 21 was,
830 724 50 24 that
891 725 63 23 there
966 733 46 15 was
1024 734 29 16 no
1069 728 116 29 provision
1197 729 23 22 in
1232 729 36 22 the

682 755 44 24 law
738 758 90 29 against
838 757 89 31 leasing
937 758 38 23 the
986 759 54 23 land
1051 759 57 24 from
1122 759 38 24 the
1171 762 95 23 natives.

684 789 61 24 That
756 790 36 23 his
810 795 64 26 great
893 792 110 23 influence
1021 793 24 22 in
1063 793 38 23 the
1120 793 77 23 North
1215 794 53 22 with

682 823 63 23 them
756 823 74 24 would
841 824 79 23 enable
931 825 47 22 him
990 830 23 17 to
1025 825 59 23 lease
1103 833 45 22 any
1166 827 102 30 quantity

682 856 35 23 for
736 864 45 23 any
799 861 58 19 term
875 857 25 23 of
922 865 65 22 years
1005 858 28 22 he
1053 859 73 29 might
1143 858 68 24 think
1226 860 40 28 fit;

682 889 45 23 and
739 889 48 23 that
797 889 86 31 having
895 891 56 22 done
963 898 34 21 so,
1009 891 30 22 he
1051 891 73 23 would
1136 892 68 23 make
1216 900 52 15 over

682 922 37 23 the
738 922 115 30 promised
870 923 101 30 portions
991 927 22 19 to
1035 924 64 22 those
1118 924 49 23 who
1187 925 81 23 should

681 953 57 23 have
759 955 38 22 the
819 955 96 23 wisdom
936 960 22 18 to
976 956 93 23 become
1087 957 37 22 his
1147 957 118 24 followers.

681 986 139 24 Lieutenant
846 988 136 23 M'Donnell
1002 990 107 29 pretends
1128 993 24 19 to
1169 991 98 30 imagine

680 1019 51 23 that
743 1028 13 14 a
769 1019 155 25 Government
933 1021 74 23 which
1020 1021 41 23 has
1074 1022 100 30 quashed
1188 1024 30 23 all
1230 1024 37 23 the

680 1052 69 23 mock
766 1053 130 31 purchases,
916 1054 73 23 would
1008 1054 65 23 allow
1091 1055 136 25 themselves
1245 1061 22 19 to

680 1084 28 24 be
727 1085 101 23 defeated
847 1086 28 30 by
895 1086 56 24 such
969 1095 14 15 a
1000 1087 76 32 paltry
1093 1089 132 31 subterfuge
1243 1098 24 15 as

680 1117 54 24 this.
773 1118 75 24 Lieut.
862 1119 139 24 M'Donnell
1018 1126 61 17 must
1091 1121 67 24 know
1169 1122 51 23 that
1231 1122 36 24 the

679 1156 97 25 purport
787 1152 25 22 of
827 1152 38 23 the
876 1152 43 24 law
929 1153 21 22 is
962 1157 23 19 to
996 1153 75 23 forbid
1078 1162 42 22 any
1130 1156 137 22 transaction

679 1184 36 23 for
727 1185 53 22 land
792 1185 54 22 with
859 1185 37 23 the
909 1187 88 22 natives
1006 1195 5 19 ;
1032 1187 43 22 and
1088 1192 22 18 to
1130 1189 90 29 require
1237 1188 29 23 all

681 1217 61 23 titles
755 1222 22 18 to
788 1218 61 29 land,
863 1219 94 23 without
969 1220 81 29 regard
1061 1225 21 17 to
1096 1220 59 24 their
1166 1221 99 32 descrip-

680 1251 56 26 tion,
749 1255 23 18 to
783 1251 28 23 be
824 1251 91 24 derived
924 1252 59 23 from
995 1253 37 22 the
1041 1253 90 23 Crown.

713 1283 89 23 Should
824 1284 38 23 the
882 1284 163 30 Government,
1063 1286 111 29 however,
1194 1287 72 23 award

679 1315 81 25 Lieut.
775 1317 139 23 M'Donnell
931 1325 45 23 any
988 1319 87 29 portion
1089 1319 25 23 of
1128 1319 54 23 land
1195 1324 23 19 at
1230 1320 36 23 the

680 1349 133 31 Hokianga,
814 1362 33 4 —
849 1359 14 14 a
872 1350 64 31 place
948 1351 103 23 declared
1068 1356 21 18 to
1107 1352 29 22 be
1156 1353 59 23 unfit
1231 1353 35 23 for

679 1381 65 24 those
757 1383 49 23 who
818 1383 56 23 have
894 1391 61 15 come
976 1388 21 18 to
1017 1384 56 23 New
1093 1385 101 24 Zealand
1213 1386 52 23 with

679 1415 146 31 agricultural
838 1416 75 28 views,
932 1416 31 31 by
981 1425 69 22 many
1068 1423 129 26 competent
1214 1427 51 23 per-

679 1456 54 15 sons
752 1449 101 31 residing
870 1449 61 29 here,
950 1449 50 24 who
1018 1451 125 29 proceeded
1160 1451 63 24 there
1242 1453 23 22 in

679 1480 38 24 the
734 1482 59 29 Tory
800 1491 10 18 ;
830 1482 43 23 and
891 1482 78 31 barely
987 1483 26 23 fit
1026 1489 22 16 to
1066 1483 51 32 ship
1136 1484 37 23 the
1186 1485 79 23 timber

679 1514 122 31 belonging
813 1519 22 19 to
847 1515 39 23 the
898 1515 95 29 district,
1012 1517 74 30 owing
1106 1522 23 18 to
1149 1517 37 23 the
1206 1517 58 24 diffi-

679 1547 81 24 culties
771 1548 115 31 attaching
898 1553 21 18 to
932 1548 38 23 the
987 1550 127 30 prevailing
1131 1550 73 23 winds
1222 1551 43 22 and

677 1580 42 22 bar
731 1585 23 18 at
766 1581 37 23 the
817 1586 104 18 entrance
934 1581 24 23 of
973 1581 38 24 the
1023 1583 65 28 river,
1091 1595 33 4 —
1125 1583 55 23 then
1191 1585 18 21 it
1221 1583 44 23 will

677 1613 28 22 be
717 1621 14 15 a
743 1615 103 29 question
860 1619 22 18 to
894 1614 73 23 whom
987 1614 44 24 this
1051 1616 66 23 small
1134 1618 90 29 portion
1243 1616 23 23 of

677 1646 54 23 land
742 1647 45 23 will
799 1647 90 31 belong.
926 1647 50 24 The
990 1647 64 25 Hon.
1067 1648 104 24 Richard
1187 1649 76 28 Jones,

677 1687 29 15 on
718 1680 78 23 behalf
812 1680 25 23 of
852 1681 37 22 the
903 1681 91 30 Sydney
1006 1681 116 29 creditors,
1136 1687 22 18 to
1167 1682 72 23 whom
1251 1691 14 14 a

677 1714 120 22 surrender
809 1721 45 15 was
866 1714 65 22 made
942 1715 25 21 in
988 1716 72 27 1836,
1082 1715 47 23 will
1148 1715 115 23 doxibtlcss

676 1750 43 26 put
730 1747 25 22 in
766 1746 59 23 their
836 1747 67 22 claim
912 1755 5 20 ;
938 1747 66 23 while
1015 1747 39 24 the
1068 1747 127 32 Company,
1214 1749 49 23 who

677 1778 56 23 have
745 1780 51 30 paid
810 1784 23 18 at
843 1780 59 22 least
913 1780 63 23 three
988 1780 112 24 thousand
1107 1781 89 30 pounds
1204 1790 59 22 upon

677 1811 79 24 Lieut.
775 1813 159 22 M'Donnell's
955 1813 66 24 claim
1039 1818 22 19 to
1083 1814 54 23 land
1158 1816 25 21 in
1206 1814 57 24 New

678 1845 107 29 Zealand,
809 1853 42 15 can
869 1846 79 30 haidly
967 1846 28 23 be
1016 1847 110 30 expected
1143 1852 23 18 to
1188 1849 27 22 be
1238 1856 24 15 so

676 1885 112 23 generous
798 1882 23 19 to
833 1886 43 15 one
887 1884 23 17 to
928 1879 72 23 whom
1020 1880 53 30 they
1093 1888 46 15 owe
1158 1881 103 31 nothing,

676 1918 25 15 as
714 1915 22 19 to
750 1912 85 22 abstain
848 1912 59 22 from
919 1913 105 28 pressing
1036 1913 58 22 their
1106 1914 105 22 demand.

712 1943 41 23 We
764 1944 48 22 fear
823 1952 33 14 we
868 1945 56 22 have
937 1945 117 30 expended
1066 1950 36 18 too
1114 1946 69 22 much
1195 1954 68 22 space

675 1983 30 15 on
713 1976 56 22 -this
788 1976 96 30 subject,
906 1976 42 23 Imf.
971 1985 33 15 we
1025 1985 36 14 are
1085 1978 114 23 confidant
1222 1987 36 12 oim

675 2007 91 23 readers
777 2008 47 23 will
835 2008 103 24 consider
956 2016 33 16 we
1009 2008 56 24 have
1084 2009 96 30 thereby
1198 2010 63 23 made

674 2048 59 22 goon
746 2049 40 15 o\ic
806 2041 81 31 charge
908 2042 25 23 of
955 2042 138 30 ingra^ituda
1102 2051 6 19 ;
1135 2043 45 22 and
1199 2044 62 23 those

674 2074 50 22 who
738 2082 50 22 may
799 2075 35 22 for
846 2074 38 23 the
896 2079 100 19 moment
1007 2074 56 24 have
1075 2075 97 23 listened
1190 2082 21 16 to
1223 2077 38 22 tic

675 2108 133 30 temptation
821 2109 25 21 of
861 2107 37 24 the
910 2108 101 28 stducer,
1023 2108 44 23 will
1079 2109 97 22 hesitate
1185 2109 76 23 before

674 2140 54 30 they
740 2140 104 23 abandon
854 2142 85 22 certain
953 2141 59 30 good
1030 2142 35 22 for
1082 2143 143 30 prospective
1243 2142 20 24 if

674 2178 41 17 not
726 2173 82 23 almost
820 2175 83 21 certain
917 2174 52 22 evil.

2084 149 224 18 EXTRACTS.

1908 179 61 18 From
1979 179 34 18 the
2022 179 59 18 New
2091 179 112 19 Zealand
2214 179 118 25 Journal,
2342 180 113 24 publishtd
2465 181 19 19 in

2147 204 94 16 London.

1957 259 143 15 STEAMER.-JU
2110 259 82 16 It-^ING
2209 260 26 14 IN
2250 260 56 15 >*EW
2320 261 119 16 ZEALAND,

1933 287 46 19 The
1988 289 84 23 general
2080 289 55 19 form
2144 288 41 19 and
2195 288 107 20 character
2317 289 24 19 of
2359 289 34 19 the
2409 290 78 20 islands

1907 313 24 19 of
1943 313 53 20 New
2005 314 97 23 Zealand,
2114 315 42 20 and
2164 315 112 25 especially
2284 315 58 20 .their
2359 322 128 15 narrowness

1907 340 40 19 and
1957 341 60 25 equal
2028 342 88 20 division
2133 341 26 26 by
2176 341 79 21 Cook's
2272 342 71 24 Strait,
2363 343 73 20 render
2451 344 36 20 the

1907 369 75 18 extent
1992 369 22 18 of
2027 372 106 16 sea-coast
2142 369 114 26 singularly
2265 369 57 26 large
2332 370 23 19 in
2364 371 123 24 proportion

1907 395 21 18 to
1939 395 36 19 the
1985 398 42 16 rest
2043 396 25 19 of
2086 396 35 19 the
2135 398 96 22 country.
2260 396 104 20 Facilities
2385 397 23 19 of
2426 400 61 17 water

1907 423 174 19 communication
2092 430 34 12 are
2135 423 47 19 thus
2190 423 93 19 afforded
2289 425 22 17 to
2318 424 36 19 the
2359 424 128 20 inhabitants

1907 449 23 18 of
1942 454 14 13 a
1964 448 50 26 long
2023 449 42 19 and
2074 455 80 14 narrow
2163 450 72 25 region
2246 450 24 19 of
2282 451 62 22 land;
2356 450 33 20 for
2396 451 51 26 they
2453 458 34 13 are

1907 480 73 14 nearer
1990 478 21 17 to
2022 477 54 19 their
2086 478 40 18 two
2136 482 53 17 seas,
2204 478 51 18 than
2264 483 63 19 many
2337 478 106 20 countries
2453 484 34 14 are

1907 504 21 16 to
1948 503 108 25 navigable
2075 504 72 19 rivers.
2197 503 63 20 From
2284 504 36 19 the
2338 504 149 21 mountainous

1907 531 75 18 nature
2001 529 24 20 of
2042 531 58 19 these
2117 529 84 26 islands,
2220 531 59 19 there
2296 531 49 19 does
2359 534 37 17 not
2412 538 75 19 appear

1907 557 62 18 much
1977 557 125 26 probability
2113 558 44 18 that
2170 557 61 19 roads
2243 560 21 16 to
2276 564 40 19 any
2328 560 70 17 extent
2410 559 43 19 will
2462 559 25 19 be

1907 583 93 24 formed;
2023 585 41 19 and
2081 590 61 18 niany
2157 583 116 26 important
2288 585 101 19 harbours
2408 592 34 13 are
2455 591 32 14 se-

1907 611 85 24 parated
2001 611 28 25 by
2035 611 121 25 impassible
2166 612 129 19 mountains.
2326 611 117 26 Moreover,
2452 613 35 20 the

1908 637 35 19 the
1951 637 83 25 density
2042 638 23 20 of
2074 639 35 19 the
2119 638 65 20 forest
2194 638 41 19 will
2245 638 34 20 for
2289 638 69 26 along
2375 638 49 20 time
2441 645 46 20 pre-

1908 664 59 20 clude
1978 665 35 19 the
2023 665 110 20 formation
2143 665 24 19 of
2182 665 69 24 roads,
2269 668 74 23 except
2362 668 21 17 at
2400 672 12 13 a
2430 669 57 22 great

1907 696 96 20 expense.
2037 692 73 20 Hence
2121 691 34 21 the
2170 692 60 20 value
2240 692 24 20 of
2276 695 63 17 water
2349 698 137 20 conveyance,

1907 718 66 19 which
1983 718 18 19 is
2016 719 105 19 exhibited
2135 720 21 18 in
2168 719 35 19 the
2213 725 112 14 numerous
2333 720 62 19 small
2405 720 82 26 trading

1907 745 76 19 vessels
1997 746 92 25 regulaly
2100 746 106 25 employed
2218 746 65 19 there.

1933 771 43 20 But
1994 773 34 19 the
2044 776 67 16 coasts
2126 772 22 20 of
2166 773 58 19 these
2239 773 79 20 islands
2337 780 35 13 are
2386 776 39 17 not
2438 780 49 20 very

1907 798 118 20 favourable
2044 802 23 17 to
2086 799 118 26 navigation
2224 800 27 25 by
2270 800 77 25 sailing
2362 800 84 25 vessels,
2464 802 23 19 in

1907 831 142 20 consequence
2072 827 24 19 of
2121 826 78 25 squalls
2214 826 79 26 arising
2314 827 54 20 from
2387 828 35 19 the
2437 828 50 26 long

1907 853 61 19 chain
1978 852 23 21 of
2015 854 118 19 mountains
2143 853 67 20 which
2220 859 50 14 runs
2277 854 91 25 through
2378 854 35 20 the
2420 855 67 20 whole

1907 880 79 25 region.
2014 880 44 20 The
2067 884 78 17 eastern
2157 882 65 22 coast,
2229 881 68 19 winch
2303 881 18 19 is
2329 884 55 16 most
2391 882 96 25 peopled,

1906 906 41 20 and
1956 913 57 19 upon
2027 908 67 19 which
2112 907 34 20 the
2161 908 47 19 best
2223 908 101 19 harbours
2342 908 59 23 exist,
2417 908 19 20 is
2450 912 37 17 not

1907 934 49 25 only
1962 934 80 25 subject
2051 937 22 16 to
2084 934 83 26 squalls,
2185 930 37 24 tmt
2234 938 21 16 to
2273 935 128 25 subsequent
2414 936 71 23 calms,

1907 960 35 20 the
1951 961 62 20 latter
2022 962 74 19 render
2106 963 27 18 its
2148 962 121 24 navigation
2286 962 90 24 tedious,
2394 964 41 18 and
2450 964 35 19 the

1906 988 77 19 former
1990 988 117 26 frequently
2114 988 121 24 disastrous,
2246 990 23 18 in
2278 989 36 20 the
2323 995 45 19 way
2376 989 24 20 of
2413 990 43 19 loss
2467 996 12 13 o

1906 1014 48 20 sails
1962 1016 41 19 aud
2011 1022 65 19 spars.

1932 1042 46 20 The
1987 1046 85 16 amount
2086 1044 24 19 of
2124 1042 120 21 settlement
2261 1043 68 20 which
2348 1044 37 19 has
2404 1043 83 27 already

1907 1069 62 20 taken
1989 1071 57 24 place
2065 1070 23 19 in
2105 1070 52 19 New
2175 1070 101 24 Zcafand,
2295 1070 42 20 and
2353 1071 36 19 the
2409 1071 78 20 certain

1906 1100 97 22 prospect
2014 1098 25 18 of
2050 1104 12 13 a
2077 1097 138 20 continuance
2230 1098 85 19 thereof
2335 1100 22 17 to
2373 1104 27 13 an
2416 1100 71 19 extent

1906 1124 76 19 almost
2004 1125 89 19 without
2114 1124 92 25 parallel,
2225 1125 75 20 render
2319 1131 42 19 any
2379 1125 61 19 mode
2459 1126 28 25 by

1906 1151 67 19 which
1992 1154 63 17 water
2071 1151 176 20 communication
2271 1158 39 13 can
2333 1152 26 19 be
2374 1152 112 24 faciliated,

1906 1178 72 26 nearly
1987 1178 79 20 certain
2077 1181 21 17 to
2116 1178 24 20 be
2156 1179 100 20 attended
2270 1179 51 20 with
2340 1179 63 26 profit
2420 1181 23 18 to
2460 1179 27 20 its

1906 1207 124 23 promoters.
2058 1206 69 19 Steam
2137 1206 102 25 naturally
2256 1208 94 23 suggests
2366 1206 63 22 itself,
2446 1207 41 19 and

1906 1233 35 18 the
1950 1239 58 13 more
2018 1233 110 25 especially
2137 1238 22 14 as
2170 1232 35 19 the
2215 1235 91 23 country
2316 1233 93 20 abounds
2420 1234 20 19 in
2451 1233 36 20 the

1906 1260 135 25 productions
2053 1266 107 18 necessary
2170 1260 33 19 for
2218 1260 96 26 carrying
2331 1266 28 13 on
2377 1260 35 19 the
2429 1260 58 20 navi-

1906 1287 70 24 gation
1986 1287 28 25 by
2029 1287 45 19 that
2091 1293 77 13 means.
2204 1287 44 19 The
2265 1287 102 25 principal
2383 1287 65 20 check
2465 1290 22 17 to

1906 1316 65 17 steam
1977 1314 118 26 navigation
2105 1315 110 25 generally,
2227 1317 22 16 at
2263 1315 42 19 thij
2315 1317 100 21 moment,
2426 1315 17 18 is
2452 1315 35 19 the

1906 1341 103 26 necessity
2018 1342 24 19 of
2055 1348 10 13 a
2075 1345 58 22 great
2142 1342 47 18 first
2202 1341 85 26 outlay;
2305 1341 42 20 and
2355 1341 42 20 this
2408 1342 78 25 applies

1906 1374 56 13 more
1984 1369 128 26 particulary
2134 1371 22 16 to
2175 1369 80 19 distant
2274 1368 83 25 regions
2359 1369 63 19 —the
2436 1369 51 25 long

1906 1401 84 20 passage
2000 1396 41 19 and
2051 1395 137 21 variableness
2196 1395 24 19 of
2232 1396 35 19 the
2274 1396 90 19 weather
2373 1395 113 26 rendering

1906 1423 34 20 the
1964 1429 77 19 voyage
2058 1424 25 19 of
2110 1423 60 19 small
2190 1423 75 19 vessels
2283 1427 43 19 out,
2345 1422 67 20 which
2430 1425 57 17 must

1906 1451 123 24 necessarily
2039 1457 25 18 go
2081 1447 35 23 the
2133 1450 67 20 whole
2215 1456 47 19 way
2281 1451 66 18 under
2365 1449 121 26 dispropor-

1906 1477 70 19 tioned
1985 1484 93 13 canvass,
2089 1483 49 14 very
2148 1477 89 20 tedious,
2250 1477 39 20 and
2300 1483 51 13 even
2358 1477 126 20 precarious.

1931 1503 45 21 The
1992 1505 76 19 known
2077 1504 80 25 facility
2168 1504 33 19 for
2210 1503 97 26 building
2316 1505 76 19 vessels
2403 1505 23 19 in
2434 1504 52 20 New

1905 1530 85 24 Zelaud,
2003 1532 41 19 and
2053 1533 35 19 the
2098 1532 107 24 discovery
2215 1532 25 19 of
2252 1533 52 22 coal,
2316 1531 45 20 well
2371 1531 114 20 ascertain-

1904 1558 26 19 ed
1940 1562 22 16 to
1973 1559 24 19 be
2011 1559 25 19 of
2047 1560 55 25 good
2116 1559 87 26 quality,
2223 1565 56 13 seem
2296 1561 21 17 to
2336 1559 51 19 offer
2406 1565 13 13 a
2436 1565 51 19 very

1905 1585 82 26 eligible
1997 1587 126 19 investment
2131 1586 25 19 of
2168 1592 75 19 money
2254 1587 22 18 in
2284 1587 37 19 the
2329 1585 158 21 establishment

1904 1613 25 19 of
1940 1620 12 12 a
1961 1613 82 26 factory
2051 1614 34 20 for
2095 1613 35 21 the
2143 1619 91 20 purpose
2251 1614 25 19 of
2297 1613 85 25 making
2401 1613 84 24 boilers,

1904 1640 78 25 setting
1995 1647 28 20 up
2034 1642 119 23 machinery
2163 1643 47 17 sent
2215 1640 56 20 from
2281 1641 42 19 this
2340 1642 90 24 country
2445 1641 41 19 and

1904 1667 64 26 doing
1977 1668 29 19 all
2015 1669 34 19 the
2060 1674 108 19 necessary
2178 1668 79 25 repairs
2266 1668 115 19 incidental
2387 1670 23 16 to
2420 1673 66 14 steam

1903 1695 128 25 navigation,
2055 1696 49 19 .The
2114 1695 101 25 salubrity
2227 1694 24 20 of
2263 1695 35 19 the
2312 1694 82 20 climate
2408 1695 56 25 gives
2476 1701 11 14 a

1904 1722 92 25 security
2000 1722 81 26 against
2085 1724 35 19 the
2126 1722 65 19 losses
2196 1722 66 19 which
2267 1722 52 19 have
2326 1722 94 19 arisenin
2426 1722 61 19 other

1904 1750 105 19 countries
2029 1750 54 19 from
2093 1750 34 20 the
2138 1749 107 25 mortality
2258 1751 97 23 amongst
2370 1749 116 25 engineers,

1903 1777 68 19 where
1980 1777 36 19 the
2026 1777 81 20 climate
2118 1776 17 20 is
2150 1778 40 17 not
2203 1776 89 25 adapted
2308 1779 22 17 to
2349 1782 48 13 men
2416 1777 70 19 whose

1904 1804 140 25 employment
2058 1805 19 20 is
2093 1804 24 21 of
2136 1810 12 13 a
2167 1806 75 17 nature
2261 1806 22 17 to
2303 1806 68 23 tempt
2387 1804 57 19 them
2464 1806 22 17 to

1902 1830 164 21 intemnerance.

1931 1858 61 19 From
2003 1860 36 18 the
2048 1860 57 24 great
2115 1858 97 19 facilities
2223 1858 32 19 for
2266 1857 102 25 building,
2378 1858 18 19 it
2407 1858 17 19 is
2435 1863 49 20 pro-

1903 1884 60 21 bable
1980 1886 45 19 that
2045 1887 35 20 the
2096 1888 65 17 steam
2177 1885 121 25 navigation
2314 1884 24 20 of
2356 1885 36 20 the
2409 1885 77 20 islands

1904 1912 122 21 (.Jaemselves
2034 1914 41 19 will
2085 1915 38 18 not
2131 1913 84 19 furnish
2231 1912 37 19 the
2283 1912 50 23 only
2350 1912 88 19 demand
2453 1912 34 20 for

1904 1940 34 19 the
1949 1941 118 24 operations
2084 1940 22 20 of
2125 1940 36 19 the
2181 1940 81 19 builder
2279 1939 42 19 and
2331 1939 105 25 engineer,
2448 1940 38 19 but

1903 1967 46 19 that
1958 1967 50 20 New
2020 1967 90 20 Zealand
2117 1967 42 18 will
2169 1966 86 20 become
2270 1966 34 19 the
2324 1966 53 19 head
2392 1971 95 20 quarters

1903 1993 24 19 yf
1938 1999 64 14 sti^iß
2013 1994 119 19 r.'r.uratior..
2142 1994 34 18 for
2185 1993 26 19 nil
2222 1993 191 24 ♦bTtbemi-i>h«r«;.
2450 1993 34 18 No

1902 2023 47 23 part
1959 2021 24 19 of
1994 2021 35 20 the
2039 2020 63 21 world
2117 2020 19 20 is
2147 2020 74 23 better,
2237 2025 32 16 or,
2285 2019 98 26 perhaps,
2403 2020 83 26 equally

1902 2047 115 20 calculated
2027 2048 32 20 for
2068 2049 46 18 that
2127 2047 62 20 mode
2205 2046 24 19 of
2247 2048 106 24 transport
2373 2047 41 19 and
2430 2053 57 14 com-

1902 2075 128 20 munciation
2040 2083 5 16 ;
2058 2075 40 20 and
2108 2081 63 16 none,
2187 2074 103 25 asurcdly,
2305 2075 62 24 equal
2375 2080 23 13 aa
2409 2081 11 12 a
2430 2077 57 22 great

1902 2102 59 24 depot
1971 2103 33 19 for
2015 2105 64 18 steam
2090 2102 126 24 navigation.

1929 2129 39 20 We
1978 2130 59 19 make
2055 2131 57 19 these
2129 2129 93 20 remarks
2239 2128 79 26 merely
2335 2128 50 20 with
2404 2135 12 14 a
2432 2129 52 20 view

1901 2159 23 17 to
1931 2157 85 26 putting
2027 2157 34 19 the
2071 2156 98 27 question
2178 2156 97 22 forward,
2287 2156 22 19 in
2321 2155 35 20 the
2371 2155 56 27 hope
2442 2156 45 20 that

1901 2184 77 25 parties
1999 2190 57 14 more
2075 2183 141 25 immediately
2235 2183 112 19 interesteJ
2368 2189 49 19 may
2438 2187 49 16 turn

1901 2211 56 20 their
1968 2213 102 18 attention
2081 2214 21 17 to
2114 2211 35 19 the
2160 2210 87 25 subject,
2268 2210 42 20 and
2325 2216 45 20 may
2389 2211 97 19 discover

1900 2239 22 19 in
1934 2239 42 19 this
1990 2240 119 25 suggestion
2125 2244 12 13 a
2152 2244 79 16 means,
2247 2237 74 26 highly
2337 2238 109 25 profitable
2464 2241 22 17 to

1900 2266 132 23 themselves,
2048 2267 24 19 of
2086 2265 118 25 conferring
2220 2265 132 19 inestimable
2367 2265 78 19 benefit
2459 2271 28 14 on

1900 2294 36 19 the
1952 2293 127 20 inhabitants
2096 2292 24 20 of
2136 2293 37 19 the
2188 2295 60 22 great
2267 2291 76 20 Indian
2363 2292 41 20 and
2425 2291 61 28 Poly-

1900 2321 73 19 nesian
1985 2324 24 17 Ai
2015 2321 123 25 chipelagos.

702 2235 44 21 Mr.
762 2235 83 27 Kettle,
858 2243 42 14 one
918 2236 26 20 of
956 2236 36 22 fhe
1003 2236 114 22 Assistant
1131 2237 128 27 Surveyors,

673 2270 23 13 re
701 2263 78 21 tinned
792 2262 42 22 la-U
844 2263 61 22 week
915 2263 58 21 from
983 2270 28 14 an
1023 2263 116 31 exploring
1150 2264 49 27 trip.
1225 2265 35 21 He

673 2290 123 26 proceeded
813 2293 67 17 snout
895 2289 32 22 six
948 2289 63 22 miles
1034 2289 65 23 down
1117 2291 37 21 tiie
1171 2291 89 23 Porirua

674 2317 73 31 I^oad,
758 2316 44 22 and
819 2316 53 21 then
887 2317 53 21 took
959 2324 14 14 a
987 2317 111 26 Westerly
1115 2318 106 22 direction
1237 2322 23 17 to

673 2343 37 21 tiis
727 2344 72 21 Coast.
829 2343 36 21 He
882 2347 85 24 reports
983 2350 54 20 very
1052 2344 117 27 favorably
1186 2345 25 21 of
1223 2345 36 21 the

672 2369 53 22 land
743 2370 27 22 he
786 2370 80 27 parsed
884 2377 57 15 over.
978 2370 44 22 Mr.
1040 2370 115 27 Harrison,
1167 2371 93 22 another

672 2397 128 26 gentleman
813 2397 25 21 of
844 2396 37 22 the
889 2397 124 26 Surveying
1087 2397 40 21 has
1134 2399 124 25 proceeded

672 2423 65 21 down
748 2424 36 21 the
794 2423 55 21 road
859 2427 22 17 to
891 2423 68 22 about
970 2424 36 21 the
1017 2431 60 14 same
1086 2425 95 26 starting
1190 2427 67 25 point,

672 2450 44 21 and
730 2449 124 28 proceeded
863 2449 79 23 thence
958 2450 21 22 in
991 2458 29 14 aa
1030 2451 102 26 Easterly
1143 2451 113 23 direction.

672 2476 47 22 The
736 2477 219 26 Surveyor-General
971 2477 40 22 has
1026 2484 57 19 prone
1101 2485 28 14 on
1147 2478 38 22 the
1200 2486 59 15 same

671 2503 62 27 road,
745 2504 43 21 and
804 2504 40 21 has
863 2503 40 22 left
920 2504 16 20 it
952 2503 24 22 in
992 2511 13 14 a
1022 2504 110 27 Westerly
1143 2505 114 28 direction,

671 2530 40 21 but
729 2538 77 14 nearer
822 2531 38 21 the
876 2533 58 19 town
953 2531 53 21 than
1024 2531 37 21 the
1078 2535 63 17 route
1153 2533 65 21 taken
1229 2533 29 27 by

672 2557 44 21 Air.
733 2557 83 21 Kettle.
854 2557 47 21 The
919 2557 97 21 weather
1030 2557 85 28 having
1129 2558 59 22 been
1204 2567 54 20 ver)'

671 2587 42 17 wet
724 2584 39 21 has
778 2585 57 20 been
853 2591 53 19 very
916 2583 144 23 unfavorable
1077 2584 35 22 for
1124 2585 58 22 bush
1192 2593 66 20 expe-

670 2610 89 27 ditions,
767 2611 41 21 but
817 2611 38 21 the
865 2610 130 27 knowledge
1003 2611 107 27 acquired
1116 2611 22 22 in
1152 2612 42 22 this
1202 2620 54 20 way,

670 2637 44 21 will
726 2637 85 27 gre?.tly
820 2637 107 21 facilitate
939 2637 37 21 the
987 2638 50 21 task
1042 2638 26 21 of
1075 2638 136 29 completing
1221 2640 37 22 tlie

670 2671 80 20 survey
764 2664 26 21 of
800 2663 38 23 the
856 2663 52 22 land
925 2664 101 22 between
1043 2664 37 22 the
1088 2682 8 4 ,
1099 2665 111 27 Harbour,
1220 2667 36 21 the

670 2690 75 27 valley
754 2691 27 21 of
792 2694 37 18 the
840 2690 64 27 Hutt,
913 2690 44 22 and
969 2691 92 21 Porirua
1069 2692 45 27 bay
1122 2692 45 21 and
1178 2693 77 27 valley,

670 2717 45 21 aud
734 2717 37 21 the
788 2724 38 14 sea
841 2721 67 18 coast.
911 2728 27 4 —
940 2717 64 23 Since
1025 2717 36 22 the
1082 2717 117 29 foregoing
1214 2727 44 15 was

669 2744 95 27 written,
785 2744 38 21 the
843 2744 220 27 Surveyor-General
1085 2744 39 22 has
1144 2747 111 26 returned,

670 2770 45 22 and
726 2771 103 21 confirms
840 2771 43 21 Mr.
894 2771 96 21 Kettle's
1006 2771 144 23 information
1162 2777 96 23 respect-

668 2797 40 27 ing
725 2797 37 21 the
779 2797 115 27 discovery
910 2797 25 21 of
953 2797 94 22 another
1063 2798 46 22 fine
1126 2799 79 28 valley.
1236 2800 22 22 It

669 2823 47 21 also
727 2824 49 21 falls
787 2827 39 17 out
834 2824 46 21 and
889 2824 84 22 widens
981 2824 93 22 towards
1082 2825 99 22 Porirua.
1209 2826 47 22 The

668 2850 56 21 land
733 2850 18 22 is
761 2857 53 20 very
825 2850 51 26 fine,
891 2850 45 22 and
952 2851 17 21 it
983 2851 18 21 is
1016 2851 110 27 supposed
1144 2852 60 23 there
1220 2860 36 15 are

669 2876 69 22 about
753 2884 43 14 one
811 2876 102 23 hundred
929 2877 103 27 sections,
1049 2885 26 14 or
1092 2881 37 19 ten
1147 2879 111 23 thousand

668 2910 71 14 acres.

1928 2375 21 19 It
1958 2382 40 13 was
2009 2375 96 26 reported
2114 2375 22 19 in
2154 2375 53 19 New
2223 2374 93 20 Zealand
2332 2374 46 20 that
2394 2374 33 20 his
2443 2374 43 20 Ex-

1900 2403 92 25 cellency
2011 2403 88 26 Captain
2124 2401 89 21 Hobson
2237 2401 42 20 had
2302 2402 116 25 purchased
2441 2402 45 20 Mr.

1902 2429 113 20 Clendon's
2034 2432 99 24 property
2153 2431 22 17 at
2193 2429 37 19 the
2250 2429 44 25 Bay
2315 2429 23 19 of
2356 2429 82 19 Islands
2459 2435 27 14 on

1900 2456 141 21 Government
2049 2458 90 19 account
2148 2456 34 20 for
2189 2455 107 22 .£22,000.
2327 2456 20 20 It
2356 2462 40 13 was
2405 2456 81 20 further

1898 2485 75 24 stated,
1985 2485 44 19 that
2040 2485 42 19 this
2096 2486 100 23 property
2208 2487 45 16 cost
2268 2483 44 19 Mr.
2325 2483 95 20 Clendon
2436 2484 50 25 only

1960 2519 13 12 a
1989 2512 39 19 few
2044 2517 59 20 years
2120 2510 65 20 since.
2215 2510 24 20 If
2246 2510 42 20 this
2300 2512 24 18 be
2336 2512 53 22 true,
2400 2510 32 20 his
2443 2510 33 20 Ex

1897 2538 93 26 ccllency
2000 2539 18 20 is
2034 2538 120 26 dispensing
2170 2537 33 20 his
2217 2537 85 20 favours
2319 2538 51 18 with
2387 2545 12 12 a
2412 2537 74 20 liberal

1896 2566 63 20 hand.
1990 2566 91 26 Perhaps
2098 2565 26 19 lie
2140 2564 42 20 bad
2197 2564 64 20 fallen
2272 2565 23 18 in
2312 2564 47 21 love
2371 2565 51 19 with
2438 2565 46 20 Col.

1898 2593 99 20 Gawler's
2007 2594 70 25 policy
2086 2592 21 19 in
2119 2592 66 20 South
2196 2592 114 19 Australia.

1923 2648 79 19 Whilst
2011 2655 29 13 -we
2046 2648 52 19 have
2106 2646 54 21 been
2170 2646 107 26 shivering
2286 2646 50 20 with
2344 2647 36 19 the
2392 2646 91 21 thermo-

1896 2677 66 18 meter
1972 2677 21 18 at
2005 2676 37 19 10°
2053 2676 19 19 7'
2124 2674 42 19 and
2176 2679 50 14 even
2237 2676 22 17 at
2269 2680 55 18 zero,
2335 2674 36 19 the
2382 2674 40 26 day
2432 2677 52 16 tem-

1896 2706 97 22 perature
2009 2703 25 19 of
2048 2703 51 20 Port
2112 2701 117 20 Nicholson
2244 2702 39 19 has
2300 2704 37 17 not
2351 2702 52 19 been
2418 2702 66 19 below

1896 2730 48 20 41°.
1974 2730 122 20 Sometimes
2112 2735 12 13 a
2138 2728 55 20 little
2208 2734 58 13 !*now
2280 2729 38 19 has
2332 2728 53 20 been
2399 2734 49 14 seen
2462 2729 22 18 in

1896 2757 37 20 the
1943 2758 102 25 morning,
2056 2757 41 20 and
2107 2762 52 14 once
2170 2762 22 13 or
2203 2759 59 16 twice
2273 2763 11 12 a
2302 2756 55 19 little
2371 2756 32 19 ice
2415 2756 22 19 in
2449 2756 35 19 the

1896 2784 81 20 bottom
1988 2785 25 19 of
2020 2791 11 13 a
2041 2790 63 14 canoe
2114 2790 5 17 ;
2135 2783 38 20 but
2183 2784 37 19 fie
2230 2783 108 25 noon-day
2344 2784 140 24 temperature

1896 2812 83 25 usually
1996 2811 99 26 dispelled
2110 2810 29 21 all
2159 2810 108 21 evidences
2283 2810 25 20 of
2326 2810 54 20 what
2396 2816 30 13 we
2444 2810 40 20 call

1896 2839 80 23 winter,
1990 2839 40 20 and
2044 2839 35 20 the
2094 2837 60 21 usual
2168 2844 64 19 range
2249 2837 23 20 of
2286 2840 148 23 temperature,
2450 2844 34 13 ac-

1897 2867 86 25 cording
2003 2870 20 16 to
2037 2867 37 19 the
2088 2866 52 19 New
2155 2864 93 20 Zealand
2263 2865 92 23 Gazette,
2373 2865 38 19 has
2430 2865 53 19 been

1896 2893 54 21 from
1966 2895 39 19 48°
2020 2897 23 17 to
2060 2894 47 19 54°.
2135 2893 30 19 At
2184 2893 36 19 the
2239 2892 135 20 termination
2392 2893 24 18 of
2430 2892 54 20 their

1896 2921 74 20 winter
1979 2924 91 23 quarter,
2080 2926 30 13 we
2121 2920 54 19 shall
2184 2919 76 20 collect
2271 2919 29 20 all
2317 2919 35 19 the
2362 2921 121 18 statements

1896 2954 31 14 we
1937 2954 38 14 can
1983 2951 56 17 meet
2048 2948 57 23 with,
2117 2947 66 19 under
2194 2953 40 13 one
2244 2947 60 23 head,
2316 2952 22 14 so
2349 2952 22 14 as
2384 2949 20 17 to
2418 2947 65 19 afford

1897 2982 39 14 our
1946 2976 80 20 readers
2036 2982 13 13 a
2063 2974 104 25 tolerably
2180 2974 56 20 clear
2252 2973 126 26 conception
2393 2973 24 20 of
2430 2974 53 19 what

1896 3003 36 20 the
1946 3003 57 19 word
2018 3003 75 19 winter
2107 3002 67 25 really
2188 3008 70 13 means
2276 3001 23 19 in
2314 3001 51 19 New
2384 3001 97 19 Zealand.

1898 3030 45 20 Our
1957 3031 85 19 notions
2055 3029 23 21 of
2091 3035 12 13 a
2120 3028 53 20 New
2187 3029 92 19 Zealand
2293 3034 93 14 summer
2398 3034 36 14 are
2449 3031 34 22 yet

1896 3059 23 18 to
1938 3057 25 20 be
1979 3056 98 27 acquired
2088 3063 5 17 ;
2114 3056 40 20 but
2169 3062 30 13 we
2216 3056 114 25 anticipate
2349 3062 13 12 a
2378 3055 105 20 moderate

1896 3086 145 24 temperature,
2053 3089 26 15 on
2089 3085 90 18 account
2190 3083 24 19 of
2222 3083 35 19 the
2268 3083 79 19 insular
2357 3082 93 26 position
2461 3083 23 19 of

1896 3111 51 20 New
1957 3112 98 19 Zealand.
2058 3121 26 5 —
2085 3111 95 23 January
2194 3110 32 20 16.
2469 3124 8 7 ,

696 2947 47 21 The
754 2947 67 28 phoep
830 2947 97 27 brought
938 2948 29 27 by
977 2947 39 23 the
1025 2949 95 21 Minerva
1131 2949 57 22 from
1203 2951 54 22 Port

668 2973 82 27 Phillip
762 2981 56 14 wore
832 2974 48 22 sold
896 2978 23 18 at
936 2975 89 21 auction
1041 2976 31 27 by
1089 2977 45 21 Mr.
1153 2977 60 22 Hort
1227 2985 29 14 on

668 3000 111 27 Saturday
788 3001 69 22 week.
885 3001 63 28 They
956 3001 97 23 realized
1060 3003 58 21 from
1126 3004 45 21 265.
1180 3007 22 18 to
1209 3006 46 20 80s.

668 3027 56 21 each
731 3034 5 19 ;
751 3027 54 27 they
814 3028 111 27 averaged
933 3028 67 22 about
1007 3031 44 20 28s.
1053 3041 28 3 —
1081 3030 48 21 The
1137 3029 68 29 sheep
1212 3032 43 21 and

668 3054 67 21 cattle
744 3054 58 22 from
812 3055 143 21 Launceston
968 3055 30 27 by
1014 3055 37 23 the
1071 3057 112 21 VllswAer
1199 3065 57 14 wen-

667 3080 50 22 sold
741 3088 28 14 on
794 3081 142 27 Wednesday
959 3083 120 27 sennight,
1108 3085 32 26 by
1164 3085 90 22 Messrs.

666 3107 105 21 Bethune
788 3109 44 20 and
849 3108 96 22 Hunter.
973 3108 48 23 The
1035 3110 117 28 following
1166 3118 36 15 are
1218 3112 37 22 the

666 3134 133 26 particulars
814 3135 26 21 of
857 3135 36 21 the
908 3135 58 21 sale:
968 3146 28 4 —
999 3137 37 21 100
1053 3137 101 28 wethers,
1172 3140 43 19 255.
1232 3142 23 19 to

665 3161 47 21 275.
720 3169 5 17 ;
739 3163 42 19 300
792 3168 62 19 ewes,
867 3163 43 20 21s.
922 3165 23 18 to
955 3163 44 21 225.
1008 3171 6 18 ;
1030 3165 12 19 6
1153 3165 45 22 £15
1209 3166 45 21 10s.

666 3190 24 18 to
706 3188 47 22 £16
769 3189 56 26 10s.;
846 3190 14 19 2
875 3189 69 21 milch
959 3196 65 19 cows,
1039 3190 45 22 £21
1101 3191 46 22 and
1160 3192 58 26 £27;
1241 3194 13 21 8

666 3214 100 27 working
773 3214 109 27 bullocks,
893 3215 47 22 jg2l
951 3216 45 21 and
1005 3216 56 28 £29;
1077 3218 14 21 2
1101 3221 76 24 steers,
1186 3218 53 23 £20.

694 3266 42 21 Mr.
748 3265 99 23 Churton
865 3267 86 21 arrived
966 3267 58 21 from
1041 3268 78 27 Kapiti
1135 3277 30 14 on
1180 3270 73 22 Satur-

666 3292 44 28 day
720 3293 42 21 last
769 3301 5 17 ;
790 3292 28 22 he
828 3297 67 18 states
905 3293 48 21 that
961 3294 44 21 Mr.
1014 3294 105 23 Lavien's
1129 3297 70 21 vessel
1210 3297 43 21 had

665 3319 88 22 arrived
762 3319 62 22 there
841 3319 57 23 from
916 3320 72 26 Kafia,
1007 3321 45 22 and
1067 3329 44 14 was
1128 3323 77 22 bound
1219 3324 34 21 for

665 3346 87 27 Cloudy
762 3346 56 27 Bay.
846 3347 47 21 The
904 3348 60 20 Sand
970 3349 48 25 Fly,
1028 3349 70 26 going
1106 3349 48 22 into
1168 3350 83 27 Kapiti,

663 3373 47 21 had
720 3372 75 22 struck
802 3380 30 14 on
843 3381 13 14 a
863 3374 53 22 rock
926 3375 45 21 and
978 3375 45 21 had
1032 3375 65 22 sunk.
1128 3376 23 22 It
1160 3384 44 14 was
1214 3384 39 15 ex-

664 3400 80 27 pected
761 3399 49 22 that
826 3400 39 22 she
881 3401 74 22 would
968 3402 29 21 be
1013 3405 39 23 got
1061 3409 31 20 up
1102 3403 74 26 again.
1204 3403 47 22 The

665 3427 109 21 schooner
782 3427 55 20 Jane
846 3434 43 15 was
904 3431 23 18 at
943 3428 92 22 Porirua
1041 3436 5 19 ;
1058 3428 39 23 she
1107 3430 45 21 had
1162 3430 56 22 been
1230 3434 23 18 at

665 3453 37 22 the
712 3453 73 22 wreck
795 3454 24 21 of
831 3453 37 22 the
877 3455 110 21 schooner
995 3456 82 20 Jewess.
1098 3457 45 21 Mr.
1152 3457 99 21 Churton

663 3485 85 22 reports
759 3481 48 21 that
822 3481 102 22 fourteen
940 3481 82 23 whales
1039 3482 45 22 and
1099 3483 51 21 four
1166 3483 86 22 hunch-

664 3507 67 22 backs
742 3507 57 22 have
810 3507 88 27 already
907 3508 58 22 been
974 3509 66 21 taken
1051 3512 24 19 at
1086 3509 89 28 Kapiti;
1187 3511 64 26 equal

664 3539 22 17 to
696 3535 69 21 about
775 3542 41 14 one
826 3534 103 22 hundred
940 3535 43 21 and
995 3536 57 26 sixty
1063 3539 52 19 tuns
1126 3537 26 20 of
1159 3536 36 25 oil,
1206 3537 45 21 and

663 3561 35 21 six
715 3565 49 17 tons
780 3561 26 21 of
824 3561 137 23 whalebone.
1004 3562 53 22 This
1076 3570 32 14 we
1128 3563 86 21 believe
1232 3564 19 21 is

661 3591 65 24 great
734 3596 86 14 success
830 3588 35 22 for
873 3596 24 14 so
908 3589 61 26 early
978 3596 13 14 a
997 3589 78 26 period
1086 3589 25 21 of
1118 3589 38 22 the
1164 3596 85 16 season.

1922 3166 44 20 The
1975 3166 108 24 following
2091 3171 89 20 appears
2192 3171 22 13 as
2223 3170 25 14 an
2257 3164 162 20 advertisement
2424 3172 5 13 :
2431 3175 29 4 —

1990 3198 152 15 EMIfinATION
2157 3198 27 14 TO
2199 3197 56 14 NEW
2270 3198 119 14 ZEALAND.

1922 3220 20 20 A
1951 3220 92 21 member
2052 3220 24 20 of
2085 3220 34 19 tL^
2131 3218 112 21 Keformed
2259 3218 122 21 Protestant
2397 3218 85 21 Church

1895 3248 24 19 of
1931 3248 102 25 England,
2048 3247 64 27 going
2125 3246 50 20 with
2190 3246 33 20 his
2238 3246 74 26 family
2323 3249 23 17 to
2363 3246 52 20 New
2429 3246 52 20 Zea-

1893 3275 56 24 land,
1970 3275 75 20 invites
2065 3274 35 19 the
2119 3274 104 19 attention
2244 3274 25 19 of
2290 3274 60 19 other
2375 3274 64 20 heads
2460 3274 24 19 of

1894 3303 88 19 families
1991 3301 126 27 proceeding
2131 3301 80 20 thither
2222 3303 21 18 to
2258 3307 12 14 a
2288 3302 50 25 plan
2351 3301 60 20 made
2422 3307 28 19 up
2460 3300 24 21 of

1894 3330 35 19 the
1939 3330 107 25 following
2056 3328 49 27 plan
2114 3336 5 11 :—:
2121 3339 28 4 —

1922 3357 18 20 I.
1956 3357 44 20 The
2016 3356 126 25 occupation
2161 3354 24 21 of
2203 3361 12 14 a
2226 3358 55 17 tract
2298 3356 24 19 of
2335 3356 50 19 land
2397 3356 23 19 in
2430 3355 50 20 New

1894 3384 92 20 Zealand
1996 3384 26 26 by
2033 3384 106 19 Christian
2149 3382 97 21 families.

1922 3411 30 20 11.
1967 3412 44 19 The
2030 3416 100 21 presence
2150 3410 41 19 and
2214 3412 89 19 services
2327 3410 25 20 of
2370 3416 26 14 an
2415 3410 66 19 active

1894 3438 131 26 Evangelical
2036 3439 123 24 Clergyman
2168 3437 24 20 of
2200 3438 37 19 the
2244 3438 134 19 Established
2387 3436 92 21 Church.

1922 3466 42 19 111.
1978 3466 45 19 The
2037 3468 175 22 encouragement
2225 3465 23 20 of
2267 3466 35 19 the
2319 3464 124 26 emigration
2458 3464 25 19 of

1893 3493 60 26 pious
1964 3495 99 19 servants)
2075 3492 102 20 domestic
2187 3492 42 19 aud
2239 3492 141 25 agricultural.

1922 3520 87 20 Persons
2028 3521 46 19 who
2091 3519 62 20 value
2168 3519 37 20 the
2220 3519 104 26 preached
2342 3518 80 26 gospel,
2439 3518 41 19 and

1892 3548 58 22 wish,
1962 3554 22 13 as
1995 3554 11 12 a
2016 3549 75 18 matter
2102 3547 24 19 of
2134 3547 35 19 the
2178 3547 49 19 first
2236 3547 137 25 importance,
2384 3548 22 17 to
2417 3545 62 25 enjoy

1892 3575 28 19 its
1929 3575 87 19 benefits
2026 3575 23 19 in
2059 3574 35 20 the
2103 3574 51 19 land
2164 3574 23 20 of
2196 3574 55 20 their
2260 3573 108 26 adoption,
2379 3579 48 18 may
2436 3572 43 20 for-

1891 3603 58 19 ward
1957 3603 54 19 their
2022 3608 44 14 own
2077 3601 42 19 and
2128 3601 36 20 the
2171 3601 134 20 advertiser's
2314 3600 63 20 views
2386 3599 27 25 by
2422 3605 56 14 com-

1891 3629 129 26 municating
2029 3630 29 25 by
2063 3629 69 24 letter,
2140 3628 104 27 pre-paid,
2253 3628 51 19 with

1893 3657 23 19 P.
1926 3657 26 19 0.
1964 3656 142 20 Portsmouth.

746 3782 178 23 COLONIAL
943 3782 223 28 GOVERNORS,

660 3819 99 22 THEIR
769 3819 270 24 QUALIFICATIONS
1044 3820 68 20 AND
1129 3819 117 22 DUTIES.

689 3639 41 21 We
753 3639 99 22 inserted
869 3640 30 31 by
919 3639 95 28 mistake
1031 3640 44 21 last
1093 3639 69 27 week,
1178 3647 24 14 as
1219 3647 28 14 an

663 3666 178 27 advertisement,
854 3674 12 13 a
874 3667 38 21 list
920 3667 26 21 of
960 3666 119 22 wht/.osale
1096 3667 72 26 prices
1183 3667 65 26 given

661 3700 26 14 us
697 3693 28 27 by
736 3693 90 21 Messrs.
845 3693 29 21 H.
891 3693 83 27 Taylor
991 3693 44 22 and
1051 3694 47 27 Co.,
1110 3692 73 22 which
1194 3693 55 22 have

661 3720 58 21 been
729 3720 110 27 supposed
849 3724 21 17 to
878 3720 27 21 be
918 3720 37 21 the
964 3720 65 21 retail
1039 3720 82 27 prices;

687 3873 49 20 One
746 3872 27 21 of
779 3872 36 21 the
826 3875 58 18 most
889 3872 124 31 important
1017 3872 98 27 subjects
1124 3874 121 21 connected

659 3898 54 22 with
727 3898 37 21 the
781 3898 177 22 administration
975 3898 27 22 of
1016 3898 98 22 colonial
1131 3899 78 27 affairs,
1227 3901 18 21 is

658 3925 38 21 the
708 3925 152 27 appointment
870 3925 26 21 of
906 3932 129 19 governors,
1047 3929 21 18 to
1084 3930 113 22 represent
1207 3927 38 22 tho

71 141 49 15 own
130 135 89 20 hands:
238 135 38 20 the
286 135 73 20 result
369 136 62 19 must
447 135 29 21 be
494 141 14 15 a
525 135 59 29 fight
600 135 55 23 with

70 165 38 23 the
127 165 146 30 Aborigines,
293 164 45 24 and
355 164 58 24 their
431 166 175 24 extermination
624 167 31 31 by

70 198 61 23 force
143 198 26 22 of
184 205 68 16 arms.

103 230 44 23 We
164 230 105 30 perceive
280 230 51 23 that
347 230 46 23 this
405 230 77 24 article
500 231 20 23 is
532 232 123 31 extending

70 268 22 19 to
103 270 30 15 an
144 263 164 22 unreasonable
318 263 67 28 limit,
397 263 41 23 but
453 271 33 16 we
499 269 82 18 cannot
591 266 64 22 avoid

69 296 112 29 referring
199 300 23 18 to
242 295 38 23 the
297 303 56 22 very
371 296 122 31 important
510 297 145 31 intelligence

70 329 25 22 of
103 329 39 22 the
154 332 193 19 commencement
359 328 25 23 of
393 336 13 15 a
418 329 60 22 third
491 329 88 31 Colony
593 334 21 19 to
626 331 28 23 be

68 360 89 24 located
167 361 24 22 in
202 360 40 23 the
254 360 116 23 Southern
387 360 86 30 Island,
493 370 25 14 as
536 369 42 16 one
593 371 62 15 more

68 393 66 31 proof
146 393 25 23 of
186 393 39 23 the
236 397 60 19 utter
313 393 56 31 folly
386 394 25 22 of
425 395 74 30 fixing
510 394 38 23 the
565 400 48 18 seat
634 396 21 23 of

70 427 157 23 Government
237 427 24 22 in
273 426 39 23 the
325 426 58 23 Gulf
398 426 24 24 of
437 427 124 24 Shouraki.
597 428 58 24 This

68 463 128 19 movement
204 463 24 19 at
238 459 58 23 head
308 463 101 26 quarters
417 459 77 24 settles
503 460 38 23 the
552 462 102 29 question

68 500 25 15 as
112 495 24 20 to
153 491 39 24 the
209 496 53 26 part
278 492 27 22 of
318 492 56 23 New
392 492 100 24 Zealand
510 493 73 23 which
595 499 60 18 must

67 524 133 24 henceforth
212 524 56 24 have
281 524 38 23 the
329 525 190 30 preponderance.
556 526 30 23 In
598 527 56 30 spite

69 558 25 23 of
103 565 69 22 every
183 557 65 22 effort
260 562 23 17 to
294 557 74 31 injure
379 557 39 23 the
429 558 90 23 settlers
530 560 25 21 in
570 559 84 23 Cook's

69 590 91 28 Straits,
180 590 44 22 and
240 589 68 23 malce
326 598 13 14 a
362 591 45 30 city
425 590 26 23 of
468 591 38 23 the
529 592 126 31 straggling

68 627 158 26 encampment
254 626 23 19 at
305 623 38 22 the
366 623 107 28 Thames,
508 624 38 23 the
570 625 84 23 central

68 656 113 30 authority
197 659 69 25 must,
280 663 37 15 ere
334 655 62 31 long,
414 656 74 23 reside
506 661 24 19 at
541 657 113 32 Welling-

68 692 47 20 ton.

101 721 25 24 It
138 728 95 24 appears
244 721 59 23 from
323 722 86 30 private
426 722 87 30 letters,
528 724 126 23 communi-

67 755 87 23 cations
172 754 59 23 from
243 753 37 24 the
301 754 58 23 New
376 754 101 24 Zealand
496 756 118 32 Company
632 762 22 18 to

69 787 96 24 Colonel
176 786 136 29 Wakefield,
326 787 44 24 and
380 787 59 24 from
454 788 38 23 the
512 793 47 19 acts
572 790 26 22 of
616 790 38 23 the

68 821 157 23 Government
235 820 70 27 itself,
315 820 47 24 that
372 821 24 23 in
405 820 110 32 England
526 823 19 22 it
554 823 19 22 is
585 823 70 23 taken

67 854 33 23 for
117 853 98 31 granted
232 853 50 23 that
301 853 95 31 Captain
417 854 99 23 Hobson
532 856 42 23 has
594 860 60 19 esta-

67 885 88 24 blished
172 885 36 23 his
221 886 82 31 capital
315 891 23 18 at
349 887 56 23 Port
417 887 135 24 Nicholson.

98 919 44 22 We
155 927 38 15 are
209 927 14 14 a
225 919 118 22 ware'that
360 919 63 24 these
440 920 154 24 observations
606 922 46 23 will

67 952 25 24 be
103 952 81 30 highly
196 951 140 32 displeasing
347 955 27 19 to-
380 952 38 22 the
431 952 118 24 Governor
558 962 6 19 ;
584 954 41 22 but
635 955 19 22 it

67 986 18 22 is
107 993 42 14 our
170 985 62 30 duty,
252 992 25 15 as
295 985 77 29 public
388 985 143 31 journalists,
545 990 22 19 to
585 986 68 23 make

67 1018 76 28 them;
173 1018 55 29 they
250 1017 46 23 will
318 1018 28 22 be
367 1018 127 30 responded
517 1023 22 19 to
562 1019 30 30 by
615 1019 38 23 the

67 1051 88 22 settlers
173 1050 62 29 here,
254 1050 45 23 and
321 1050 36 23 his
377 1050 147 32 Excellency,
543 1052 21 23 if
579 1052 29 23 he
625 1052 27 23 be

67 1084 59 28 wise,
138 1083 47 23 will
204 1084 74 30 digest
289 1083 36 23 his
336 1084 78 29 wrath,
428 1083 44 24 and
488 1085 69 30 profit
571 1085 31 30 by
614 1085 38 23 the

67 1117 116 22 infliction.

654 1159 2 2 I

654 1159 2 2 |

654 1159 2 2 •

654 1159 2 2 i

654 1159 2 2 ]

654 1159 2 2 \

654 1159 2 2 i

654 1159 2 2 s

654 1159 2 2 I

654 1159 2 2 t

654 1159 2 2 i

654 1159 2 2 '

654 1159 2 2 ■

97 1181 44 23 We
164 1180 58 24 have
245 1185 23 19 to
291 1182 43 22 add
357 1182 76 22 Lieut.
459 1182 145 29 M'Donnell,
629 1184 27 22 of

66 1214 133 30 Hokianga,
212 1214 49 24 who
275 1215 87 23 arrived
375 1215 53 23 here
444 1217 22 21 in
487 1216 37 22 the
543 1215 66 29 Jane,
630 1221 22 18 to

65 1255 40 16 our
117 1247 40 23 list
169 1248 24 22 of
209 1248 116 31 crimpers.
362 1248 30 23 In
403 1248 68 30 doing
480 1257 32 19 so,
521 1250 18 21 it
550 1249 102 23 becomes

66 1288 39 16 our
118 1280 54 30 duty
185 1284 23 19 to
220 1281 62 23 show
294 1280 37 24 the
343 1281 106 31 injustice
461 1281 25 23 of
501 1282 35 22 his
545 1283 107 29 proceed-

64 1314 51 30 ings
128 1313 97 23 towards
238 1321 12 15 a
262 1314 129 23 settlement
407 1315 59 22 from
477 1314 36 23 his
526 1316 125 22 connexion

63 1346 55 23 with
130 1346 81 29 which,
225 1347 98 30 through
334 1347 38 23 the
385 1347 57 23 New
460 1347 100 23 Zealand
581 1348 70 23 Com-

63 1387 68 23 pany,
144 1378 28 23 he
185 1379 41 23 has
239 1379 91 23 derived
341 1387 25 16 so
384 1380 70 23 much
472 1381 66 30 good,
557 1381 95 23 without

64 1413 119 30 returning
206 1412 38 23 the
267 1412 65 24 value
360 1413 25 23 of
412 1422 13 14 a
455 1413 101 31 farthing
565 1423 6 18 ;
607 1415 44 22 and

64 1450 22 18 to
98 1453 62 15 warn
172 1446 125 30 emigrants
313 1446 88 30 against
418 1446 69 30 heing
505 1446 98 24 seduced
621 1448 31 30 by

64 1478 36 23 the
114 1478 65 23 offers
191 1478 30 23 he
233 1479 41 23 has
286 1479 58 23 been
355 1479 96 31 making
462 1479 69 24 them.

96 1511 65 23 First
171 1512 24 22 in
206 1511 97 24 relation
313 1516 23 18 to
348 1512 37 23 the
399 1512 55 23 New
468 1512 101 23 Zcafand
581 1513 69 23 Com-

63 1552 67 23 pany,
143 1545 19 22 it
171 1545 20 22 is
205 1552 40 16 our
259 1545 54 30 duty
325 1549 22 19 to
367 1549 57 19 state
445 1545 49 23 that
513 1545 138 24 Lieutenant

63 1577 138 23 M'Donnell
219 1578 42 23 has
278 1578 101 23 received
397 1578 57 23 from
474 1578 62 23 them
555 1584 23 17 at
593 1579 58 23 least

63 1617 87 16 three
169 1618 138 16 thousand
327 1619 106 20 pounds,
453 1611 36 23 for
506 1612 75 22 which
597 1612 54 31 they

63 1644 55 22 have
134 1648 40 19 not
191 1644 105 23 received
314 1652 43 22 any
374 1649 86 23 return,
479 1652 42 15 nor
540 1653 38 15 are
597 1645 53 31 they

62 1676 71 31 likely
146 1681 21 18 to
181 1678 88 22 receive
287 1685 52 22 any.
376 1677 46 23 But
442 1678 33 22 for
493 1678 59 25 their
570 1678 81 23 liberal

63 1709 43 28 aid,
132 1709 28 24 he
177 1710 67 23 could
265 1714 40 19 not
324 1711 57 22 have
400 1718 51 15 now
470 1711 58 23 been
546 1712 23 21 in
593 1711 58 24 Port

63 1742 134 24 Nicholson.
234 1743 46 23 His
303 1751 95 23 passage
421 1748 23 19 to
467 1744 58 23 New
548 1744 100 23 Zealand

61 1783 46 16 was
118 1776 52 31 paid
181 1776 31 30 by
223 1776 39 23 the
275 1777 125 30 Company,
413 1777 52 28 and,
477 1777 131 31 viper-like,
620 1777 29 23 he

62 1809 67 23 seeks
142 1814 21 18 to
176 1810 75 30 injure
262 1810 37 22 his
315 1810 149 22 benefactors.
501 1810 40 23 He
557 1810 42 23 has
610 1815 37 19 not

63 1842 141 23 contributed
216 1850 42 16 one
271 1843 93 30 shilling
374 1843 96 23 towards
484 1843 37 23 the
533 1843 116 23 introduc-

61 1876 47 22 tion
120 1876 26 22 of
160 1876 38 23 the
215 1875 104 31 working
332 1875 63 29 class,
409 1881 38 25 yet
458 1876 48 23 like
518 1876 38 23 the
567 1876 81 31 highly

61 1907 138 25 honourable
212 1908 60 23 folks
285 1909 25 23 of
324 1909 53 23 Van
389 1908 120 24 Dieman's
523 1909 67 23 Land
602 1910 45 22 and

60 1940 132 29 Auckland,
201 1941 29 23 he
242 1940 78 23 thinks
333 1942 17 21 it
362 1942 42 21 fair
416 1946 23 18 to
451 1942 55 22 seek
519 1946 22 18 to
549 1942 100 23 abstract

61 1980 10 14 r.
85 1973 139 29 population,
237 1974 50 22 who
304 1973 74 23 vovM
388 1979 40 17 not
446 1973 57 23 have
515 1974 57 23 been
585 1973 61 28 here,

62 2005 39 22 but
112 2005 88 22 for'our
211 2005 68 22 funds
291 2005 139 23 contributed
440 2013 59 23 upon
513 2006 37 23 the
560 2005 87 24 Wake-

60 2037 52 23 field
124 2038 109 31 principle
252 2038 25 23 of
293 2038 156 28 colonization,
465 2039 44 22 and
529 2039 118 30 expanded

59 2070 72 23 under
150 2071 38 22 the
207 2071 182 23 statesmen-like
409 2071 45 24 and
468 2071 114 31 judicious
597 2080 49 15 ma-

58 2109 121 25 nagement
197 2104 25 23 of
236 2104 39 23 the
287 2104 56 23 New
357 2104 101 23 Zealand
470 2104 127 31 Company.

92 2137 100 23 Further
216 2144 32 16 we
271 2144 61 17 must
358 2137 49 29 add,
439 2138 45 22 this
507 2137 140 24 Lieutenant

60 2169 138 24 M'Donnell
210 2170 20 23 is
240 2178 59 23 upon
318 2170 37 23 his
375 2170 52 24 trial
444 2170 36 24 for
493 2171 85 31 having
597 2172 50 22 sold

59 2202 37 24 the
109 2203 117 31 Company
238 2203 54 24 land
303 2208 23 18 to
338 2203 73 23 which
429 2203 29 23 he
477 2203 44 24 had
539 2212 28 15 no
588 2205 56 28 title,

59 2236 44 22 and
129 2236 36 23 the
191 2245 154 22 consequence
367 2238 28 27 is,
421 2236 45 24 had
487 2241 41 19 not
552 2237 93 23 Colonel

58 2268 128 24 Wakefield
197 2269 93 31 happily
304 2270 123 23 succeeded
440 2271 23 21 in
477 2271 118 29 obtaining
607 2271 37 22 the

59 2302 101 30 splendid
172 2302 99 24 harbour
284 2303 24 23 of
324 2303 55 23 Port
392 2303 134 29 Nicholson,
546 2304 44 22 and
606 2304 38 23 the

58 2334 108 24 beautiful
179 2337 106 30 territory
294 2336 31 30 by
337 2335 72 24 which
423 2337 17 22 it
456 2337 19 22 is
494 2337 148 28 surrounded,

58 2375 13 15 a
83 2368 112 23 thousand
208 2368 25 23 of
248 2370 37 22 his
302 2369 74 23 fellow
396 2375 147 25 countrymen
561 2370 81 28 would,

57 2408 60 23 upon
140 2401 36 23 his
199 2403 186 30 representation,
404 2403 57 23 have
479 2403 72 23 found
568 2403 74 23 them-

58 2434 71 23 selves
148 2434 172 32 disembarking
338 2443 28 16 on
386 2435 38 24 the
440 2435 79 24 shores
538 2435 25 24 of
586 2436 56 23 New

58 2466 97 24 Zealand
175 2468 93 23 without
287 2469 37 22 the
343 2468 90 24 shadow
453 2469 26 23 of
494 2476 12 16 a
519 2469 66 23 claim
597 2474 22 18 to
630 2478 14 14 a

57 2500 46 22 foot
116 2501 25 22 of
154 2501 55 23 land
219 2502 24 22 in
255 2501 63 24 these
330 2502 100 23 Islands.
467 2502 26 23 If
505 2502 45 23 this
560 2502 83 31 charge

56 2532 29 23 be
96 2534 64 22 made
171 2534 66 30 good,
250 2535 18 22 it
280 2534 45 24 will
344 2535 28 23 be
390 2542 153 23 unnecessary
561 2535 35 23 for
615 2544 28 14 us

57 2570 21 18 to
92 2566 148 24 characterize
256 2568 37 23 the
310 2567 150 24 heinousness
472 2568 26 23 of
513 2568 38 23 the
564 2569 77 23 crime.

57 2598 76 31 Every
144 2604 50 19 true
206 2600 153 31 Englishman
370 2601 46 23 will
433 2601 45 23 feel
496 2601 38 23 the
546 2602 96 30 punish-

56 2637 62 18 ment
129 2633 73 23 which
219 2634 81 23 should
319 2634 76 23 attend
414 2642 30 15 an
462 2638 36 19 act
515 2635 35 22 for
569 2635 73 23 which

56 2672 40 15 our
122 2666 54 23 laws
204 2666 57 24 have
291 2672 40 18 not
360 2668 133 30 adequately
522 2668 118 30 provided.

56 2697 42 24 We
110 2706 37 15 are
155 2707 83 23 among
245 2700 65 23 those
318 2700 49 23 who
375 2701 57 23 have
439 2701 58 22 been
506 2701 136 24 constituted

55 2730 35 24 his
104 2732 84 31 judges
196 2742 6 18 ;
221 2733 42 23 but
275 2733 28 23 he
315 2733 40 23 has
369 2734 63 22 erred
446 2734 20 22 if
480 2734 30 22 he
522 2735 119 22 conceives

54 2763 49 24 that
114 2764 94 32 thereby
218 2766 29 23 he
259 2766 40 23 has
312 2767 122 30 prevented
449 2774 28 15 us
496 2767 58 22 from
573 2767 69 31 doing

55 2804 27 15 an
101 2803 36 18 act
155 2798 25 23 of
199 2798 85 31 justice
303 2803 22 19 to
345 2800 44 22 this
409 2800 137 22 settlement.
589 2800 51 22 The

55 2829 80 32 charge
146 2831 72 23 under
237 2833 152 22 examination
406 2836 60 19 rests
477 2840 61 22 upon
550 2840 14 15 a
574 2832 67 23 letter
649 2850 4 3 .

52 2862 58 25 from
122 2864 38 23 the
173 2864 133 24 Honorable
314 2864 103 24 Richard
423 2864 70 24 Jones
503 2864 25 23 of
538 2865 101 30 Sydney,

54 2895 119 25 addressed
185 2902 22 18 to
221 2897 51 24 Col.
285 2897 136 29 Wakefield,
442 2897 38 23 the
501 2897 138 32 Company's

56 2928 114 32 Principal
181 2930 87 32 Agent.
305 2930 27 23 In
350 2930 49 24 that
417 2930 67 23 letter
503 2930 48 24 Mr.
571 2930 69 25 Jones

54 2967 81 19 asserts
156 2963 51 23 that
229 2964 138 23 Lieutenant
390 2963 139 24 M'Donnell
555 2964 86 31 having

54 2994 56 25 been
132 2996 81 24 unable
237 3002 22 18 to
282 3001 61 19 meet
364 2997 38 23 the
426 2996 109 24 demands
556 2996 25 24 of
603 2996 37 25 his

56 3027 89 33 Sydney
157 3029 117 29 creditors,
287 3030 52 29 had,
353 3031 23 23 in
398 3031 72 28 1836,
490 3029 150 25 surrendered

55 3061 29 22 all
94 3061 35 24 his
145 3068 107 26 property
270 3064 35 23 for
322 3063 59 24 their
400 3063 86 24 benefit
494 3072 5 20 ;
526 3063 45 24 and
589 3064 48 23 Mr.

56 3093 66 25 Jones
131 3096 80 24 makes
223 3096 122 31 particular
356 3097 114 23 reference
482 3100 23 19 to
517 3097 40 22 the
574 3096 65 24 lands

56 3126 22 23 in
100 3128 56 23 New
179 3129 108 24 Zealand.
335 3129 138 24 Lieutenant
498 3129 141 24 M'Donnell

56 3158 73 26 denies
139 3162 86 31 having
235 3163 66 23 made
312 3163 46 23 this
378 3162 129 30 surrender,
527 3163 45 23 and
588 3163 48 23 fur-

56 3191 47 25 ther
114 3193 98 26 declares
224 3196 49 23 that
284 3196 38 23 the
336 3196 63 24 Hon.
414 3195 102 24 Richard
536 3196 70 23 Jones
618 3196 21 23 is

55 3228 135 31 notoriously
203 3237 24 15 so
246 3229 112 23 infamous
376 3229 25 23 in
420 3228 101 31 Sydney,
541 3229 49 23 that
607 3237 30 15 no

55 3264 51 18 man
117 3261 73 24 would
205 3262 63 23 there
286 3270 79 24 repose
384 3262 39 23 the
441 3261 107 31 slightest
567 3263 70 22 confi-

54 3290 67 25 dence
131 3294 23 22 in
167 3303 44 22 any
229 3299 121 20 statement
367 3295 138 32 proceeding
522 3295 57 23 from
600 3294 37 24 his

54 3325 74 24 mouth
140 3334 24 16 or
176 3336 52 22 pen.
265 3329 86 31 Nearly
362 3329 31 23 all
404 3328 38 23 the
454 3336 96 23 persons
557 3329 24 22 in
590 3328 47 23 this

54 3358 124 25 settlement
190 3369 37 15 are
240 3365 115 28 strangers
365 3366 22 19 to
397 3362 92 30 Sydney
498 3370 7 20 ;
524 3361 42 23 but
573 3361 64 24 there

54 3397 35 16 are
101 3400 80 24 among
193 3402 26 15 us
232 3402 13 15 a
256 3395 42 23 few
305 3395 129 31 gentlemen
441 3395 51 23 well
503 3395 134 30 acquainted

52 3423 52 24 with
116 3425 35 23 the
163 3427 107 32 standing
281 3428 25 23 of
321 3428 38 23 the
369 3428 92 31 leading
478 3435 53 16 men
542 3428 24 22 in
578 3428 59 23 New

53 3454 70 26 South
133 3458 86 31 Wales,
232 3461 44 22 and
287 3461 54 31 they
355 3461 89 23 declare
455 3461 46 23 this
513 3466 123 18 statement

51 3491 22 20 to
83 3489 27 24 be
121 3491 55 24 false
189 3494 44 23 and
244 3494 95 23 without
349 3494 140 24 foundation.
526 3494 107 30 Further,
647 3501 2 26 |

52 3520 47 26 that
110 3529 38 18 not
160 3526 50 31 only
223 3527 19 23 is
256 3527 38 23 the
306 3527 64 24 Hon.
384 3527 103 24 Richard
505 3527 69 24 Jones
595 3532 40 19 not
647 3527 2 26 I

52 3561 55 24 open
129 3561 24 20 to
170 3558 86 32 having
272 3560 55 23 with
343 3560 85 31 justice
447 3560 56 24 such
524 3568 29 16 an
578 3560 57 24 abo-

51 3588 94 25 minaWe
157 3592 85 31 epithet
261 3593 104 23 attached
383 3597 22 19 to
417 3593 36 23 his
472 3601 74 20 name,
560 3593 41 23 but
614 3595 19 22 is

53 3621 90 25 entitled
160 3629 23 18 to
200 3626 29 22 be
248 3626 86 30 spoken
347 3626 25 22 of
385 3626 24 23 in
422 3630 70 19 terms
511 3627 26 22 of
552 3634 81 23 appro-

53 3652 74 26 bation
150 3657 35 23 for
207 3658 39 24 the
270 3666 94 15 manner
388 3659 24 23 in
433 3658 73 24 which
533 3659 29 23 he
592 3659 41 24 has

53 3685 109 27 advanced
178 3691 95 24 himself
292 3692 23 23 in
339 3691 47 23 life.
429 3690 30 24 In
479 3699 154 23 consequence

53 3717 36 24 the
111 3720 149 27 Commission
286 3724 24 23 of
329 3724 96 31 Inquiry
445 3724 43 23 has
511 3724 122 24 addressed

53 3758 13 14 a
81 3751 63 26 letter
169 3760 22 19 to
216 3757 47 23 Mr.
289 3757 76 28 Jones,
389 3757 132 30 requesting
540 3757 48 23 him
610 3762 22 19 to
644 3756 2 32 j

52 3789 39 24 put
108 3786 60 25 them
192 3790 24 22 in
233 3798 14 14 a
265 3790 98 31 position
390 3793 23 19 to
440 3790 51 29 give
514 3797 29 15 an
567 3791 65 29 equi-

53 3817 57 24 table
136 3820 99 25 decision
263 3830 61 23 upon
346 3822 46 23 this
418 3823 87 22 serious
531 3822 82 30 charge
624 3831 6 20 ;

53 3850 42 23 and
112 3852 51 24 thus
181 3854 34 24 for
234 3855 38 23 the
290 3859 100 19 moment
407 3855 38 23 the
464 3855 95 30 enquiry
576 3856 20 21 is
608 3856 24 22 in

51 3882 115 31 abeyance.
202 3888 48 23 But
260 3888 38 23 the
317 3887 78 29 result,
414 3887 65 23 when
497 3887 91 28 known,
607 3888 25 22 in

48 3913 79 32 justice
139 3919 59 24 alike
210 3925 23 19 to
242 3920 136 25 Lieutenant
387 3920 139 24 M'Donnell
537 3920 44 24 and
593 3920 38 24 the
