3471 4570
1114 41 175 35 OXFORD
1333 39 224 35 OBSERVER
1572 39 240 37 SATURDAY,
1850 36 234 34 DECEMBER
2127 36 51 34 19,
2218 33 88 31 1891.

2916 4275 101 27 Printed
3050 4272 49 26 and
3125 4269 142 38 published^
3298 4267 33 35 by
3379 4268 69 30 Axel^

2917 4340 6 9 ,
2935 4322 5 23 \
2948 4311 135 34 EitmJNDii
3091 4316 38 24 for
3149 4312 100 40 tj-hya^:
3258 4305 72 49 £^§?
3338 4312 110 38 £*$$!$

2949 4364 27 23 at
2991 4361 45 25 her
3340 4356 3 7 :
3344 4351 104 33 ;'''.'.(?Mee;

3035 4404 89 27 Street,
3142 4401 64 25 East
3227 4399 101 32 Oxford,
3342 4399 102 28 Canter-

2951 4450 69 32 bury.

2956 4495 136 29 Saturday
3116 4490 141 26 Decembek
3285 4488 43 28 19.
3354 4488 64 26 1896

2930 178 116 43 HELP
3062 177 82 42 FOR
3161 177 86 42 THE
3271 177 148 40 WEAK.

3106 287 70 24 AXi)
3196 285 243 28 DEBILITATED,

2909 310 31 36 ll
2966 320 63 28 who,
3041 320 109 31 through
3161 320 59 31 folly
3239 319 49 24 and
3298 319 140 32 ignorance,

2907 354 64 25 have
2982 353 80 26 trifled
3073 361 67 23 away
3153 354 61 24 their
3224 353 87 32 vigour
3330 352 27 25 of
3365 351 73 33 body,

2908 388 82 27 mind,,
2998 387 50 25 and
3059 387 133 28 manhood,
3204 386 101 31 causing
3322 386 117 24 exhaust-

2907 420 52 32 ing,
2966 420 84 26 drains
3061 428 67 23 upon
3138 421 43 23 the
3203 419 128 26 fountains
3351 419 26 24 of
3386 418 50 30 life,

2909 453 62 25 Loss
2978 453 26 24 of
3013 452 101 32 Energy
3122 453 48 24 and
3180 454 126 29 .Strength,
3319 452 120 31 Timidity

2907 485 162 26 Bashfulness
3103 485 28 25 in
3166 486 105 30 Society,
3294 485 142 29 Headache,

2908 518 133 30 Backache,
3060 518 177 28 Nervousness,
3261 518 133 24 Weakness
3413 517 28 25 of

2909 552 118 31 Memory,
3039 552 110 25 Restless
3159 552 81 30 Bleep,
3250 551 113 28 Dreams,
3373 551 65 24 Loss

2908 584 74 25 Flesh
2994 584 50 25 and
3055 584 68 25 Vital
3142 585 92 27 Poww,
3257 584 135 31 Eruptions
3404 591 34 18 on

2908 617 42 25 the
2959 617 63 25 Face
3032 617 50 25 acd
3093 617 78 30 Borly,
3184 617 76 24 Want
3283 615 27 26 of
3318 617 120 31 Develop-

2907 654 77 25 ment,
3004 650 116 25 Varicose
3138 650 80 27 Veins,
3240 650 142 32 Incapacity
3399 649 39 26 for

2907 682 110 26 business
3029 691 28 17 or
3066 683 120 31 pleasure,
3199 683 105 30 Urinary
3312 683 124 28 Diseases,

2907 716 50 23 and
2975 716 35 24 all
3031 716 43 24 the
3097 715 83 25 effects
3202 715 99 31 leading
3322 719 26 20 to
3370 716 66 30 earjy

2907 748 83 33 decay,
3014 749 105 32 perhaps
3140 749 181 31 Consumption
3344 756 28 18 or
3394 748 42 25 In-

2907 784 90 28 sanity,
3010 790 47 17 can
3081 782 29 24 be
3121 789 14 17 o
3145 782 90 24 >fcained
3246 782 31 30 by
3297 781 141 32 consulting

2907 815 137 32 personally
3062 823 28 17 or
3098 815 30 25 bv
3141 822 62 18 dosi,
3238 814 92 26 FREE
3340 814 96 26 PROK«
3444 838 5 7 „

2907 848 177 28 NOTMANN,
3113 848 201 28 ALE.,E.M.G.,
3365 848 71 25 Cam-

2908 880 84 32 bridge
3003 880 109 30 Terrace,
3137 880 113 32 opposite
3269 880 116 26 Colombo
3398 880 39 26 St.

2908 913 98 33 Bridge,
3036 913 187 25 Christeliiirdu
3284 913 53 25 The
3378 914 60 30 only

2907 945 226 28 Electrobotanical
3162 947 94 32 Expert
3289 947 149 32 advertising

2907 981 54 25 who
2973 981 50 24 will
3035 984 135 27 guarantee
3187 990 15 13 u,
3218 980 124 32 thorough
3370 988 67 17 cure.

2909 1013 57 25 Sole
2982 1014 134 31 proprietor
3144 1013 49 23 and
3209 1016 113 28 patentee
3350 1014 27 24 of
3394 1013 44 24 the

2907 1047 59 31 only
2988 1047 148 31 guaranteed
3154 1046 113 25 'Electric
3288 1045 70 26 Belts
3388 1045 51 25 and

2908 1080 71 24 other
2990 1079 89 32 special
3102 1079 123 25 electrical
3247 1078 141 33 appliances
3410 1079 29 24 in

2909 1113 40 24 the
2958 1113 114 24 colonies.
3107 1112 97 25 Ladies'
3216 1113 95 24 French
3323 1113 115 24 herbace-

2909 1154 42 16 ous
2963 1146 57 31 pills
3040 1146 39 24 for
3106 1145 173 31 irregularities
3302 1146 64 24 from
3389 1153 49 23 any

2908 1186 81 21 cause,
3015 1180 42 23 10s
3079 1178 92 29 posted.
3206 1178 145 32 Pamphlets
3377 1179 62 23 free.

2909 1211 168 25 Testimonial:
3079 1226 33 4 —
3112 1210 98 32 Napier,
3220 1212 96 31 August
3323 1211 45 26 7th
3374 1213 12 22 1
3391 1212 46 23 895

2909 1244 64 25 Prof.
2985 1245 165 24 Notmann.—
3150 1245 67 24 J)ear
3226 1245 81 29 Sir,—
3309 1244 14 25 l
3331 1244 108 25 received

2909 1287 59 23 your
2973 1277 75 26 letter
3056 1278 49 25 jast
3116 1278 75 28 week,
3209 1278 49 25 and
3269 1278 14 25 I
3299 1285 41 18 am
3349 1277 89 26 thank-

2908 1311 37 25 ful
2968 1313 33 23 to'
3015 1311 59 25 find-
3090 1320 48 23 you
3150 1320 41 16 are
3203 1311 102 25 anxious
3322 1313 27 23 to
3368 1310 70 26 know

2909 1344 43 25 the
2963 1344 106 25 benefits
3086 1344 13 24 1
3110 1344 63 24 have
3184 1344 98 25 derived
3300 1344 61 24 from
3378 1351 61 24 your

2909 1378 141 24 treatment,
3086 1376 48 30 bir,
3161 1377 21 23 ifc
3209 1377 67 30 gives
3303 1384 40 17 me
3371 1378 68 30 great

2908 1410 114 32 pleasure
3033 1412 25 22 to
3070 1410 89 25 inform
3171 1418 47 23 you
3227 1409 56 26 that
3292 1417 15 17 a
3318 1410 121 31 complete

2909 1443 50 24 and
2969 1443 93 31 perfect
3072 1451 58 17 cure
3140 1444 46 24 has
3206 1443 60 25 been
3288 1442 102 25 effected
3412 1442 26 24 of

2909 1476 43 25 the
2963 1475 116 26 maladies
3090 1476 13 24 I
3121 1476 155 30 complained
3295 1476 26 25 of
3331 1477 26 24 to
3379 1483 59 24 you.

2909 1510 14 23 I
2934 1517 41 16 am
2987 1510 113 31 enjoying
3110 1509 62 31 good
3190 1509 90 28 health,
3292 1509 49 24 and
3351 1517 42 16 am
3401 1517 37 16 re-

2909 1542 82 24 stored
3010 1544 26 21 to
3056 1542 84 32 manly
3162 1543 93 30 vigour.
3290 1541 57 25 P.S.
3350 1556 31 4 —
3382 1541 56 31 Any

2909 1574 101 25 sufferer
3018 1575 110 25 desirous
3135 1575 27 23 of
3166 1574 272 32 communicatiDgwith

2909 1616 40 17 me
2957 1616 48 23 you
3017 1616 41 17 are
3070 1610 27 23 at
3112 1607 87 32 liberty
3222 1609 26 24 to
3267 1608 54 31 give
3342 1615 41 24 my
3395 1607 41 24 ad-

2909 1642 75 28 dress,
2996 1641 36 25 for
3043 1641 14 25 I
3074 1642 47 24 like
3131 1649 60 24 your
3207 1642 116 30 practical
3337 1641 101 25 method

2909 1675 25 24 of
2940 1677 146 22 treatment.
3088 1689 31 4 —
3121 1674 29 25 T.
3165 1675 27 24 G.
3207 1675 114 24 Simpson.

3000 1795 118 40 FRED
3160 1795 187 39 FULLER.

3057 1852 3 6 '
3097 1854 61 21 SOU
3163 1854 26 19 CJ
3194 1853 64 20 TOR.

2948 1895 13 19 9
2971 1892 123 22 Cathedral
3104 1892 93 26 Square.,
3211 1892 188 20 Chkistchuech.

2910 1928 115 28 (Between
3034 1927 109 21 Morten's
3155 1926 114 26 buildings
3279 1925 17 20 &
3305 1925 56 21 Post
3368 1925 74 20 Office.

2947 2004 187 54 Money
3162 2005 54 41 to
3253 2002 139 44 Lend

2908 2079 30 13 on
2947 2072 32 20 all
2986 2070 58 21 kind
3053 2070 24 21 of
3087 2070 112 24 Security,
3208 2070 24 19 at
3252 2068 57 21 Low
3323 2068 76 21 Rates
3418 2067 24 22 of

2935 2115 106 21 Interest.
3071 2113 87 27 Special
3171 2113 78 20 Terms
3259 2113 34 20 for
3302 2113 109 20 Tanners.

2957 2238 51 53 S,
3034 2238 50 43 B.
3108 2235 302 51 SEYMOUR,

3105 2304 136 27 DENTIST,

2949 2351 40 21 215
3003 2348 105 22 Colombo
3123 2348 81 23 Street,
3227 2346 167 21 Christchurch.

3076 2420 177 23 CHARGES:—
3370 2427 6 15 t

2975 2466 94 25 Filling,
3083 2465 23 19 5h
3114 2472 7 16 ;
3157 2462 132 21 Extraction
3298 2463 24 19 2s
3336 2461 36 21 6d.

2935 2531 94 20 Nitrous
3039 2528 60 22 Oxid
3109 2528 45 20 Gas
3166 2527 167 21 Administered
3337 2527 36 20 for
3380 2527 59 21 Pain

2907 2575 46 22 less
2963 2572 132 22 Extraction
3105 2571 23 21 of
3137 2571 80 20 Teeth.
3250 2570 45 20 Fee
3304 2569 36 21 for
3349 2569 92 21 Admin-

2908 2613 108 21 istration
3027 2613 31 19 ss.

2936 2687 6 12 '
2996 2721 54 45 F.
3081 2719 50 45 B.
3154 2715 202 56 LANE,.

3013 2795 92 42 (Late.
3117 2795 39 30 E.
3176 2793 159 39 Butcher.)

2909 2856 249 35 Watchmakek,
3189 2853 181 34 Jeweller,
3387 2850 52 30 &c.

2908 2908 122 30 Importer
3063 2907 28 23 of
3130 2903 107 26 Musical
3271 2901 168 27 Instruments

3006 2944 111 25 Victoria
3138 2943 38 25 St.
3206 2941 134 31 Rangiora.

2910 3023 98 32 Special
3018 3023 71 24 value
3111 3021 28 25 in
3161 3020 80 24 Extra
3264 3019 86 30 strong
3362 3013 78 28 Cased

2907 3067 88 32 highly
3003 3064 108 27 finished
3124 3063 110 32 English
3251 3062 79 25 Lever
3338 3059 102 26 Watch-

2909 3119 33 17 es.
2989 3108 189 27 Manufactured
3196 3109 26 23 to
3244 3114 43 23 my
3314 3104 71 26 order
3406 3103 34 31 by

2908 3152 55 25 best
2974 3150 103 27 London
3097 3149 106 25 makers.
3238 3144 156 34 Unequalled
3401 3143 38 25 for

2909 3195 121 26 excellent
3043 3194 177 29 Timekeeping
3236 3190 50 25 and
3297 3188 141 32 durability.

2942 3239 29 24 F.
2989 3238 31 25 B.
3032 3237 96 25 LANE
3140 3234 139 33 personally
3300 3234 71 23 visits
3391 3232 48 24 Ox-

2909 3282 55 25 ford
2983 3281 124 31 monthly,
3131 3279 113 31 carrying
3264 3286 15 16 a
3301 3277 67 30 large
3391 3276 49 24 and

2910 3326 84 26 choice
3028 3325 70 26 stock
3125 3324 28 25 of
3184 3321 124 28 Watches,
3337 3319 101 28 Chains,

2910 3369 133 28 Brooches,
3053 3369 87 30 Rings,
3151 3366 84 27 Studs,
3253 3364 126 25 Pendants
3391 3365 47 26 etc,

2912 3413 140 32 Spectacles
3074 3409 121 34 (Pebbles,
3211 3408 166 29 Pantoscopsc
3389 3405 49 24 and

2910 3457 108 33 Crystal)
3031 3454 95 29 Clocks,
3145 3451 106 35 (Marble
3271 3449 50 25 and
3338 3448 100 32 Wood,)

3008 3498 155 26 Accordeons
3174 3496 50 25 and

2943 3565 80 24 Exact
3035 3563 56 24 date
3104 3561 27 25 of
3140 3561 61 24 each
3213 3559 58 24 visit
3293 3559 22 23 is
3326 3557 105 25 notified

3057 3608 28 23 in

2911 3653 114 24 Repairs.
3027 3665 31 4 —
3060 3650 42 25 All
3112 3650 93 30 repairs
3222 3655 42 17 are
3281 3646 117 25 executed
3408 3645 31 31 by

2911 3695 91 33 myself
3023 3702 27 17 or
3066 3693 79 24 under
3161 3699 42 24 my
3224 3689 219 33 superintendence

2912 3749 27 17 so
2960 3740 57 25 that
3035 3740 102 30 patrons
3149 3744 47 17 can
3218 3736 52 30 rely
3291 3742 33 17 on
3346 3731 98 34 getting

2913 3782 153 28 satisfaction
3074 3783 27 23 at
3112 3780 44 25 the
3166 3787 59 24 very
3236 3778 85 25 lowest
3330 3777 111 31 charges.

2945 3827 104 32 Repairs
3060 3833 28 18 or
3097 3824 83 26 orders
3188 3830 58 25 may
3257 3822 31 24 be
3295 3821 45 25 left
3351 3823 60 22 at—

2913 3877 26 24 J.
2957 3875 134 29 Weeber's,
3124 3872 75 27 East;.
3212 3870 99 27 Oxford.

2914 3922 25 23 at
2962 3919 39 25 W.
3025 3917 36 25 M.
3085 3916 38 28 C,
3146 3916 64 23 East
3234 3914 100 24 Oxford,

2914 3956 24 33 j.
2954 3963 100 28 Brown,
3066 3957 159 31 Bootmaker,
3250 3956 69 26 West
3344 3955 100 27 Oxford.

2914 4007 39 27 W.
2966 4006 25 26 J.
3004 4004 117 27 Crothers
3131 4004 18 23 &
3162 4002 44 25 Co.
3215 4020 5 6 .
3241 4001 71 25 Oust.

2947 4051 49 25 and
3012 4050 51 25 will
3069 4048 31 26 be
3111 4046 125 33 promptly
3247 4044 118 26 attended
3376 4046 35 23 to.

2915 4095 54 31 All
2979 4093 99 32 Work
3089 4093 77 29 done
3177 4101 40 20 on
3230 4090 54 29 the
3296 4088 150 31 Premises

3037 4144 62 31 and
3114 4141 197 42 guaranteed.

2392 193 466 61 HOLBROOK

2327 290 5 24 V
2351 306 31 19 „,.
2472 297 54 27 .!,,.
2576 292 101 24 AND',
2746 291 24 20 '.-

2366 339 466 57 VALLANCE

2446 452 121 23 TIMBEE
2592 450 193 25 MERCHANTS

2413 501 200 33 COOPER'S
2665 501 153 32 CREEK.

2452 560 142 33 VIEW
2636 558 139 40 HILL,

2348 629 85 58 BEG
2456 633 26 23 to
2501 631 112 26 intimate
2633 633 25 24 to
2686 631 43 25 the
2751 629 83 33 public
2855 629 28 25 of

2400 662 91 26 Oxford
2507 664 48 24 and
2573 664 164 31 surrounding
2754 664 124 27 Districts,

2349 695 54 25 that
2415 703 36 17 we
2470 696 63 25 have
2557 696 155 26 commenced
2722 695 117 25 Business
2853 703 25 16 as

2349 729 165 29 saw-millers,
2538 730 50 25 and
2608 730 63 32 hope
2693 729 31 33 by
2750 729 71 25 strict
2839 730 36 22 at-

2348 762 96 25 tention
2453 765 26 22 to
2491 763 115 26 Business
2620 767 26 22 to
2658 763 29 26 be
2697 762 114 27 favoured
2820 762 59 24 with

2348 796 63 25 their
2439 800 108 28 support.
2593 797 82 25 White
2698 797 65 31 pine,
2794 795 83 29 Rimu,

2349 829 73 24 Birch
2432 830 50 23 and
2495 831 57 23 Coal
2574 831 37 31 pit
2623 839 72 22 props
2706 831 27 23 in
2742 837 49 23 any
2803 836 75 23 quan-

2349 862 55 31 tity*

2452 1120 210 30 Established
2687 1119 77 29 1862

2398 1185 123 29 FLOUR,
2533 1185 55 25 best
2598 1184 80 25 brand
2688 1184 59 32 only
2758 1184 67 32 kept.
2866 1187 3 7 '

2351 1228 143 29 SHARPS,
2529 1227 204 29 OATMEAL,
2767 1226 112 26 BRAN

2440 1271 288 30 CHICKENWHEAT,
2747 1272 41 25 &o.

2376 1317 41 19 AT
2448 1316 123 20 LOWEST
2601 1315 142 21 CURRENT
2782 1315 99 20 EATES

2350 1769 250 47 JOSEPH
2642 1769 239 46 LOUGH.

2493 1847 243 25 UNDERTAKER.

2460 1891 109 31 EAST
2593 1891 185 31 OXFORD.

2352 1961 3 4 .
2382 1943 102 31 Having
2490 1943 52 31 just
2550 1942 123 32 imported
2681 1942 64 25 from
2752 1942 127 32 England,

2348 1993 55 17 new
2425 1985 115 31 Designs,
2575 1993 54 16 new
2658 1985 150 31 Trimmings
2830 1985 49 24 and

2350 2028 87 30 Robes,
2449 2028 22 24 is
2479 2028 118 31 prepared
2608 2029 26 23 to
2643 2028 106 24 conduct
2758 2028 122 24 Funerals

2350 2068 96 30 Adults,
2465 2070 26 22 at
2503 2068 46 25 £5.
2564 2068 48 24 and
2623 2068 123 31 upwards,
2769 2067 112 32 polished

2349 2113 80 28 coffin,
2453 2112 49 25 and
2532 2111 192 25 silvermounted
2747 2111 134 24 Furniture

2349 2157 76 24 From
2437 2155 46 25 £8.
2502 2155 130 31 according
2643 2157 27 23 to
2691 2154 115 32 Designs.
2841 2154 40 25 No

2348 2202 70 23 extra
2429 2200 87 32 charge
2528 2200 38 25 for
2578 2200 95 24 Hearse
2696 2208 28 16 or
2743 2207 64 23 open
2822 2199 57 25 Car-

2347 2243 74 31 riage.

2380 2286 32 25 N.
2441 2286 30 24 B.
2502 2285 91 26 Coffins
2616 2284 58 33 kept
2695 2286 27 24 in
2752 2284 68 26 stock
2841 2284 38 25 for

2348 2347 87 29 urgent
2455 2353 75 16 cases.

2350 2493 29 73 g
2404 2489 474 77 MANKINB||IOMPAKY

2543 2578 138 22 LIMITED.

2378 2639 266 28 CHRISTCHURCH
2663 2639 185 26 BREWERY.

2574 2700 62 21 THE

2465 2806 3 2 .
2477 2785 130 22 BREWED
2617 2786 40 20 BY
2670 2785 72 21 THIS

2435 2823 368 38 COMPANY

2535 2881 84 21 FROM
2628 2881 61 20 THE

2348 2924 220 41 CftOICSST
2584 2924 293 41 MjttT&ttQfS

2461 2975 45 20 Are
2515 2975 174 26 acknowledged
2697 2975 25 20 to
2731 2975 28 20 be

2347 3015 146 21 SUPERIOR
2502 3015 36 21 IN
2548 3014 136 24 QUALITY
2694 3014 37 21 TO
2739 3014 65 21 ANY
2809 3008 72 26 PRO-

2413 3056 101 21 DUCED
2528 3056 34 21 IN
2576 3055 73 22 NEW
2664 3055 148 22 ZEALAND.

2374 3094 108 27 Supplied
2486 3095 26 20 to
2515 3094 81 21 Hotels
2602 3093 46 21 and
2655 3094 92 21 Private
2753 3094 128 20 Customers

2346 3122 25 20 in
2380 3122 141 27 Hogsheads,
2532 3122 98 25 Barrels,
2641 3121 139 25 Kilderkins,
2790 3121 44 21 and
2844 3122 36 20 10-

2347 3150 87 27 --gallons
2444 3150 62 27 Kegs
2515 3150 61 26 only.

2348 3202 117 42 PALE
2488 3203 89 41 ALE
2601 3203 93 41 MB
2724 3202 157 42 EXTRA

2539 3254 137 47 STOUT.

2432 3307 92 22 Bottled
2546 3307 24 21 in
2580 3307 84 25 Quarts
2674 3306 46 22 and
2728 3307 72 21 Pints.
2822 3323 3 5 .

2407 3488 457 50 EUCALYPTUS.:
2878 3476 9 55 '.

2612 3564 12 13 *

2406 3592 59 21 THE
2481 3592 73 21 BEST
2568 3592 87 20 HOME
2671 3590 138 21 REMED-IE

2464 3632 36 13 are
2515 3624 35 20 the
2559 3624 136 26 preparation
2704 3623 25 22 of
2736 3623 36 20 the

2351 3662 169 21 TASMANIAN
2538 3660 185 24 EUCALYPTUS
2738 3660 47 21 OIL
2799 3659 81 21 COMP.

2380 3698 135 26 Universally
2524 3698 103 21 admitted
2636 3697 36 20 the
2681 3697 78 25 BEST,
2771 3696 113 21 PUREST

2352 3738 43 21 and
2404 3738 57 19 most
2470 3736 93 21 effective
2574 3735 133 25 Eucalyptus
2729 3734 105 21 Globulus

2350 3770 33 20 for
2403 3768 170 24 INFLUENZA,
2595 3766 91 26 Coughs,
2706 3766 63 21 Colds
2794 3766 43 21 and
2854 3766 30 21 all

2352 3802 64 20 Chest
2432 3799 43 21 and
2483 3800 64 24 Lung
2562 3798 112 21 affections
2688 3798 77 26 speedy
2773 3799 61 19 relief
2843 3797 42 21 and

2352 3833 55 20 Cure
2424 3833 34 20 for
2473 3831 157 24 Rheumatism,
2649 3830 123 26 Neuralgia,
2787 3830 98 27 Sprains-

2351 3860 72 21 Burns
2443 3860 33 21 &o.

2379 3893 131 24 Eucalyptus
2528 3891 104 20 Globulus
2651 3892 91 19 Extract
2751 3891 90 26 sprayed
2853 3891 33 20 in-

2353 3924 63 22 haled
2431 3923 43 22 and
2487 3924 66 20 taken
2562 3923 116 26 internally
2695 3923 33 20 for
2743 3923 36 20 the
2796 3922 87 27 Throat,

2353 3962 96 26 Catarrh,
2466 3961 58 26 Hay,
2548 3960 98 26 Typhoid
2662 3961 43 20 and
2719 3961 81 21 Scarlet
2809 3961 77 20 Fevers

2354 3994 128 21 MEASLES
2493 3994 36 20 the
2534 3995 56 18 most
2600 3992 135 26 satisfactory
2743 3994 143 25 preventative

2354 4027 43 21 and
2410 4027 60 21 Cure.
2498 4026 56 20 Send
2568 4025 50 21 Post
2634 4025 55 21 Card
2699 4027 22 19 to
2731 4025 37 21 the
2777 4025 64 21 Office
2853 4027 33 19 for

2354 4059 95 20 Circular
2462 4058 119 25 describing
2599 4059 122 20 treatment.
2747 4058 139 26 Eucalyptus,

2353 4092 111 20 Ointment
2473 4091 36 21 the
2519 4091 70 26 Magic
2597 4091 80 21 Healer
2689 4091 23 20 of
2726 4091 70 23 Sores,
2809 4092 77 24 Burns,
2893 4093 2 25 |

2353 4123 102 25 Wounds,
2471 4124 60 20 Boils
2549 4125 44 21 &c,
2616 4123 135 26 Eucalyptus
2770 4123 114 26 SoapFra

2353 4156 62 25 grant
2425 4155 43 21 and
2476 4155 124 25 refreshing,
2605 4175 3 2 .
2624 4155 132 25 Eucalyptus
2765 4155 89 26 Jujubes
2863 4162 25 15 or

2333 4198 3 7 >
2353 4187 102 21 Pastilles
2464 4186 34 21 for
2507 4187 36 20 the
2568 4186 80 20 Throat
2658 4185 43 21 and
2710 4185 63 21 Voice
2789 4192 29 15 an
2832 4187 55 21 anti-

2355 4218 67 27 septic
2430 4217 43 22 and
2483 4218 119 21 stimulant.
2665 4238 6 4 .
2698 4241 4 4 .
2717 4231 2 13 :
2738 4242 3 3 .
2821 4228 3 3 '
2854 4240 2 5 ,
2876 4239 3 3 .

2354 4252 125 25 Veterinary
2495 4250 35 23 Oil
2540 4252 43 22 and
2593 4252 111 20 Ointment
2712 4252 34 20 for
2756 4251 37 22 the
2801 4252 87 22 stables.

2381 4288 30 19 Be
2420 4292 48 15 axae
2477 4293 44 19 you
2529 4286 109 21 Purchase
2651 4285 40 22 the
2700 4285 117 28 Platypusf
2820 4286 74 23 brand'

2327 4320 1 8 '
2354 4318 51 25 only
2414 4318 22 20 of
2443 4316 31 22 all
2481 4318 113 24 Chemists,
2599 4318 89 20 Grocers
2693 4318 44 19 and
2743 4317 146 30 Storekeepers

2355 4349 43 22 and
2411 4350 23 20 at
2446 4348 38 22 the
2494 4349 63 21 Office
2566 4350 13 20 9
2588 4348 115 22 Cathedral
2712 4354 76 20 square

2354 4381 100 22 Morten's
2467 4381 113 27 Buildings
2587 4381 43 22 and
2634 4381 43 22 'the
2685 4381 52 22 Post
2747 4381 70 24 Office.

2517 4415 89 22 Oxford
2616 4416 84 29 Agent'
2777 4413 4 6 '
2823 4413 28 31 ■■'"',
2866 4415 28 14 ■'''■'

2408 4453 27 22 R.
2445 4453 30 21 H.
2489 4453 119 26 PARISH,
2630 4454 77 22 EAST
2720 4455 120 23 OXFORD

2435 4492 141 28 Eucalyptus
2585 4492 38 22 Oil
2637 4492 31 29 1/-
2681 4500 41 21 per
2729 4494 79 22 bottle.
2841 4494 3 3 '

1266 182 122 94 Ei
1452 177 145 101 m.
1652 177 519 94 parish
2173 197 147 89 v.t

1696 334 322 64 oxford

1485 450 40 32 IS
1560 450 101 32 NOW
1681 451 48 31 IN
1750 452 186 33 EECEIPT
1957 454 54 30 OF

1384 531 41 24 Ex
1442 528 114 27 AOTEA
1574 528 71 26 AND
1657 529 119 27 OTHER
1786 531 130 25 DIRECT
1929 531 183 26 STEAMEBS

1407 596 268 51 SUMMER
1697 598 237 49 SEASON
1966 601 125 46 1896.
2207 640 3 3 .

1527 689 4 7 '
1585 695 99 32 THIS
1707 695 202 33 SEASON'S

1180 794 516 89 PRINTS!
1782 796 538 89 PRINTS!!

1538 984 50 29 4rL
1611 993 55 30 per
1687 985 78 39 yard
1788 986 100 29 worth
1909 986 48 30 Bd.

1255 1061 580 116 Ginghams,
1905 1064 335 102 Drills,

1180 1214 347 92 Ladies
1560 1217 311 90 Black
1917 1221 403 91 Jackets

1216 1330 149 87 for
1406 1335 112 84 5s
1560 1334 128 87 9d
1762 1343 236 80 wort
2037 1335 235 90 h2os

1180 1485 607 114 Trimmings
1852 1492 82 86 &
1978 1492 342 88 Braids

1421 1623 220 87 half
1678 1627 260 111 price

1354 1851 335 47 ENORMOUS
1749 1854 386 47 REDUCTIONS

1180 1945 429 91 MAIDS
1736 1947 584 97 ULSTERS

1294 2082 452 89 Reduced
1790 2089 101 84 to
1939 2087 102 86 Is
2087 2089 160 89 6d.

1532 2220 39 29 36
1592 2222 33 27 to
1647 2221 39 28 45
1699 2219 103 32 inches
1823 2222 85 40 deep.

1213 2304 425 86 Buttons
1663 2306 119 86 Id
1834 2336 172 82 per
2046 2314 233 85 card

1403 2470 430 17 »♦♦♦♦♦♦♦♦♦»♦»♦♦♦♦♦♦♦♦♦♦♦♦♦♦♦♦♦♦
1837 2473 139 16 ♦♦♦♦♦♦♦»«♦

1170 2543 81 40 rpHE
1270 2543 114 33 question
1395 2543 21 25 is
1428 2543 99 25 natural
1527 2558 33 4 —
1586 2543 66 32 Why
1663 2544 60 25 send
1737 2546 27 23 to
1776 2544 175 27 Christchurch
1971 2547 37 26 for
2025 2555 62 24 your
2104 2548 109 33 Drapery
2220 2551 12 23 ?
2267 2550 51 26 The

1174 2569 24 33 JL
1234 2578 110 31 drapery.
1348 2577 54 25 sold
1410 2578 26 23 in
1444 2576 57 25 that
1512 2577 50 32 city
1574 2585 71 23 every
1657 2586 46 16 one
1714 2578 93 30 knows,
1820 2578 22 25 is
1853 2581 45 23 not
1908 2580 71 25 made
1991 2581 75 29 there,
2086 2580 45 27 but
2141 2583 129 31 imported.
2304 2585 15 25 I

1170 2612 93 30 import
1273 2611 65 24 from
1350 2610 43 24 the
1405 2610 53 25 best
1470 2609 105 32 English
1586 2611 51 24 and
1654 2611 87 25 Scotch
1753 2611 99 25 houses.
1898 2613 70 25 lam
1979 2614 104 25 enabled
2094 2616 26 24 to
2131 2618 122 29 purchase
2270 2618 48 25 low

1171 2646 50 23 and
1230 2644 46 25 sell
1287 2646 26 22 at
1322 2652 16 16 a
1348 2646 53 22 rate
1413 2644 27 23 of
1447 2643 75 31 profit
1534 2644 52 32 (my
1598 2652 119 23 expenses
1728 2644 71 32 being
1811 2645 81 32 small)
1905 2646 55 25 that
1972 2648 81 24 would
2064 2648 30 26 be
2112 2650 143 25 considered
2275 2652 41 25 ab-

1172 2678 58 25 surd
1242 2677 31 33 by
1289 2685 48 24 any
1357 2677 179 25 Christchurch
1557 2677 198 25 establishment.
1807 2678 44 32 My
1872 2679 76 25 Stock
1966 2680 20 24 is
2005 2681 43 24 the
2068 2681 92 33 largest
2179 2684 50 24 and
2250 2689 67 22 most

1169 2712 85 26 varied
1273 2711 56 26 that
1339 2711 45 24 has
1396 2718 56 17 ever
1462 2711 63 23 been
1536 2710 87 25 shown
1633 2710 28 25 in
1672 2711 43 24 the
1725 2711 103 30 district,
1842 2712 49 25 and
1901 2713 38 24 for
1950 2714 92 31 quality
2061 2716 48 24 and
2127 2716 72 26 value
2216 2721 58 29 puts
2290 2721 27 24 in

1170 2746 32 25 he
1214 2746 78 25 shade
1309 2744 75 33 goods
1396 2744 91 27 offered
1498 2743 33 33 by
1543 2744 102 32 visiting
1656 2745 114 25 hawkers
1785 2747 60 23 Sl-oqi
1856 2746 43 25 the
1917 2747 179 27 Christchurch
2106 2757 46 26 rag
2163 2754 86 24 marts.

1203 2799 93 24 Dress
1308 2798 163 30 Materials,
1484 2797 87 25 Plain
1583 2799 59 24 and
1652 2799 103 30 Fancy
1766 2799 80 24 from

1203 2856 27 25 A
1246 2855 109 30 Strong
1372 2855 87 26 Stout
1475 2855 131 26 Durable
1624 2855 125 32 Kaiapoi
1765 2856 113 26 Tweed
1894 2857 50 32 2/6
1956 2864 54 25 per
2021 2860 75 30 yard

1796 2901 107 25 Makes
1915 2903 153 26 first-class
2085 2904 89 32 Boys'
2193 2905 89 27 Suits.

1203 2947 57 25 Art
1277 2947 138 31 Muslins,
1435 2947 153 33 Cretones,
1608 2949 78 25 Lace
1705 2950 137 25 Curtains
1861 2950 53 24 &c.

1203 3049 26 30 A
1247 3048 108 26 Choice
1374 3046 165 26 Collection
1557 3046 31 24 of
1603 3045 121 31 Gloves,
1750 3045 77 30 Ties,
1857 3044 128 33 Aprons,
2015 3046 164 28 Insertions
2197 3049 53 26 &c.
2265 3060 6 8 *

1204 3110 102 26 Prints
1318 3110 79 25 from
1409 3109 52 24 4d.
1472 3113 55 27 per
1538 3107 83 31 yard.
1634 3106 138 32 Muslins,
1786 3105 138 33 Selesias,
1937 3106 124 34 Calicos,
2075 3109 54 26 &c.

1730 3152 4 33 [
1785 3150 87 26 With
1889 3152 86 24 other
1992 3152 191 28 Manchester
2199 3157 85 30 lines.

1204 3206 88 30 Hats,
1310 3205 102 30 Fancy
1430 3204 69 26 and.
1506 3202 105 32 Sailor,
1629 3204 32 23 in
1677 3202 103 25 White
1797 3203 60 23 and
1874 3202 114 26 Colors.

1744 3246 125 25 Newest
1885 3246 122 31 Shapes.
2042 3246 95 32 Large
2155 3250 129 34 Variety,

1204 3302 148 29 Flowers,
1370 3299 154 30 Feathers,
1542 3296 147 33 Ribbons,
1708 3296 104 32 Laces,
1831 3296 74 32 Jets,
1924 3296 54 25 &c.

1673 3338 86 25 With
1776 3339 41 23 all
1833 3338 182 24 necessaries
2032 3338 48 25 for
2096 3339 189 32 Trimmings.

1204 3389 102 30 Fancy
1323 3388 139 29 Frillings
1481 3387 76 31 3yds
1569 3387 45 24 for
1623 3385 37 33 1/-
1677 3385 102 25 worth
1790 3385 50 30 9d,
1858 3389 54 26 per
1923 3385 83 30 yard,

1737 3427 181 33 Umbrellas,
1936 3428 150 33 Parasols,
2104 3429 182 35 Sunshades,

1490 3491 240 46 DOUBLE
1791 3490 212 45 WIDTH

1177 3579 294 88 Dress
1546 3575 393 87 Tweeds
2009 3576 112 86 Is
2190 3578 127 85 4d

1475 3728 326 91 worth
1873 3729 134 86 2s.

1256 3864 456 87 Costume
1774 3855 287 86 Cloth
2140 3862 123 84 Is.

1410 3982 316 90 worth
1777 3984 103 84 Is
1938 3982 153 87 4d.

1179 4265 133 42 English
1321 4264 132 43 Witney
1461 4260 148 33 ßlankets
1623 4264 49 33 to.
1672 4256 120 46 behold
1805 4260 33 28 at
1848 4257 58 31 less
1914 4257 79 31 than
2006 4255 179 33 Melbourne
2199 4250 121 39 Whole-

1180 4319 64 31 sale
1264 4317 128 42 price—
1391 4313 120 32 Double
1527 4312 68 32 Bed
1612 4311 68 33 Size
1703 4309 65 31 12s.
1793 4308 50 30 6d.
1894 4308 103 30 worth
2011 4308 67 30 16s.
2116 4308 51 29 6d.
2187 4317 57 32 per
2257 4309 63 40 pair

1345 4358 130 39 cheaper
1487 4354 79 31 than
1580 4350 224 34 Christchurch
1816 4350 115 32 houses
1943 4349 66 33 will
2022 4350 58 30 sell
2093 4347 95 32 them.

1339 4459 79 43 Kt.
1865 4449 181 46 Bait*-
2065 4449 198 44 bacfc»

732 184 55 34 TO
806 183 212 33 FARMERS.
1148 195 2 8 ■

607 266 47 60 IF
671 274 49 25 you
735 269 68 23 want
820 269 27 23 to
875 267 47 25 sell
948 274 63 23 your
1027 266 115 31 produce,

649 300 121 27 advertise
781 301 28 24 in
820 300 43 27 the
1128 307 16 17 a

610 341 57 18 sure
690 334 51 26 sdle
757 334 49 25 will
821 334 31 24 be
868 334 44 24 the
928 334 85 25 result.
1023 354 3 2 .

629 400 175 26 'TEEMS.—
805 400 37 24 2s.
864 407 43 20 per
935 399 60 24 inch
1023 400 39 24 for
1077 399 68 27 .first

611 433 131 26 insertion.

645 473 42 25 All
703 473 75 26 small
793 471 204 26 advertisements
1013 473 27 23 to
1053 472 26 24 be
1087 470 58 32 paid

611 522 19 16 u
654 513 119 26 advance.
1096 522 7 10 r

750 672 116 30 Copies
888 679 39 22 of
947 678 62 22 the

666 733 173 33 OXFORD
872 731 221 33 OBSERVER

719 782 48 19 can
789 774 32 26 be
843 773 118 26 obtained
983 774 27 24 at

614 819 176 26 CABGILL'S
802 826 86 17 corner
910 818 28 25 of
950 815 138 28 CASHEL
1099 816 50 25 and

714 858 161 26 COLOMBO
895 856 153 27 STBEETS

788 897 186 28 Christchurch.

646 1042 239 48 CANCER
917 1040 203 47 CURED

795 1108 149 22 WITHOUT

616 1154 28 30 A
666 1151 209 32 SURGICAL
905 1148 242 33 OPERATION

648 1207 50 23 For
708 1204 100 32 further
821 1205 152 30 particulars
987 1203 73 31 apply
1077 1207 23 19 to
1112 1202 37 24 the

678 1255 124 27 OFFICE
823 1254 44 25 OF
891 1253 83 25 THIS
992 1252 123 25 PAPEB.

724 1383 312 47 WANTED.

614 1487 53 57 TO
682 1485 122 32 purchase
821 1493 15 16 a
860 1484 64 24 farm
932 1483 45 33 _in
994 1482 43 26 the
1055 1482 94 26 Oxford

661 1518 112 25 District.
808 1517 114 25 Forward
938 1516 66 32 price
1025 1516 50 24 and
1093 1524 54 23 par-

615 1557 100 26 ticulars
731 1558 26 23 to
785 1555 43 26 the

625 1612 157 33 OFFICE
799 1612 52 31 OF
865 1611 102 31 THIS
982 1609 144 31 PAPER

700 1753 126 44 FOE
875 1751 181 44 SALE.

612 1844 33 80 4
662 1842 134 31 ACRES
821 1842 62 29 and
903 1843 38 28 12
970 1839 129 42 perches
1114 1840 33 29 of

668 1885 74 31 land
769 1884 77 31 with
874 1884 21 29 4
908 1882 127 31 roomed
1053 1881 92 30 dwel-

610 1928 67 38 ling
690 1927 95 29 house
799 1926 61 29 and
871 1925 81 39 good
962 1924 70 29 well
1042 1924 102 29 there-

726 1966 89 29 Land
845 1965 135 30 transfer
1008 1964 67 29 title
1095 1967 50 26 act

609 2013 94 25 terms
717 2007 26 30 if
757 2007 153 38 required.

690 2089 64 31 For
769 2089 186 41 particulars

772 2172 95 39 apply
889 2174 32 26 to

816 2236 141 32 JAMES
985 2235 160 31 FISHER

902 2316 90 30 West
1015 2315 125 30 Oxford.

633 2464 79 43 W.
741 2463 67 43 H.
837 2459 275 46 ALFOUD

616 2559 247 41 WATCHMAKER.
898 2557 175 40 JEWELLER
1098 2557 44 31 &c

682 2632 87 26 MAIN
785 2630 135 27 STEEET
938 2629 137 25 OXFOED

606 2770 50 39 TO
667 2767 181 43 TRAVEL
864 2766 100 41 THIS
976 2765 166 41 SEASOI

609 2838 101 31 Oxford,
725 2838 132 29 Courtenay
869 2835 50 24 and
932 2834 130 25 Greendale
1077 2834 65 23 JDist-

636 2912 72 23 THE
727 2908 248 26 WELL-KNOWN
983 2907 131 24 HOUSE.

741 2973 266 40 MAJOR,

639 3044 116 26 MAJOR
772 3045 21 22 is
805 3052 15 15 a
843 3043 114 31 beautiful
986 3042 16 23 d
1010 3041 45 24 arh
1081 3041 59 22 hest-

606 3095 42 19 nut
660 3108 5 11 ,
707 3089 111 32 standing
876 3087 34 23 16
964 3086 77 24 hands
1080 3084 61 30 high,

607 3135 54 23 ivith
671 3141 55 23 very
736 3135 106 29 superior
853 3133 85 24 action,
951 3139 15 16 a
980 3131 61 30 good
1058 3133 86 27 temper

608 3180 49 22 and
666 3180 21 22 is
697 3186 15 15 a
719 3177 111 31 splendid
839 3176 96 23 worker
937 3193 5 5 .

816 3236 94 24 Terms.

641 3282 56 26 Full
716 3282 177 32 guarantee.—
896 3280 46 23 £3.
966 3277 104 33 payable
1084 3277 59 31 Sep-

608 3328 95 24 tember
733 3326 72 24 1-597.
867 3323 240 31 Half-guarantee—
1109 3322 33 23 £l

607 3369 102 33 payablp
722 3368 60 24 Pec.
797 3369 73 23 1890.

642 3410 37 25 £1
710 3410 52 24 10s.
784 3406 105 34 payable
914 3406 72 24 when
1011 3404 49 25 the.
1075 3411 68 17 niare

609 3466 85 25 proves
705 3465 27 16 m
743 3456 58 25 foal.
839 3455 126 26 Season—
967 3453 45 24 £2.
1037 3451 108 33 Payable

607 3503 137 25 December
756 3502 72 22 189G.
950 3504 4 6 '
969 3500 2 3 '

677 3545 80 28 W.J;
763 3542 156 27 JENKINS
926 3542 64 27 Jitnr

810 3604 169 30 Waddinyton,

612 3787 173 33 OXFORD
828 3783 188 33 LIBRARY
1058 3782 88 31 AND

703 3826 196 32 READING
921 3825 130 31 ROOM.

611 3912 54 25 The
693 3908 93 28 Oxford
812 3907 105 31 Library
944 3905 23 25 is
994 3912 62 25 open
1078 3911 69 24 every

612 3954 112 31 Tuesday,
735 3952 50 25 and
807 3950 122 31 Saturday
959 3948 95 32 nights,
1082 3947 66 25 from

613 4000 57 24 630
683 4006 69 24 p.m.,
773 3997 26 24 to
820 3996 15 24 8
846 4002 71 25 p.m.,
941 3992 50 26 and
1022 4000 33 17 on
1078 3997 71 26 every

613 4042 119 24 alternate
743 4039 131 31 Thursday
898 4037 139 26 afternoon,
1068 4035 80 32 (Sale-

614 4084 69 33 days)
705 4083 66 25 from
783 4083 59 23 230
853 4088 66 25 p.m..
935 4081 26 24 to
974 4081 13 23 5
1000 4086 58 24 p.m.
1097 4077 52 25 The

802 4121 26 20 L.
845 4117 126 32 REEVES,

901 4146 61 24 Hon
982 4144 134 24 Librarian

665 4189 235 33 SITBSCKIPTION..2/-
912 4196 50 17 PER
980 4187 140 30 QUARTEBV

634 4368 260 48 WALTER
954 4361 177 50 RYBR

721 4458 116 24 TIMBER
847 4475 2 6 ,
862 4457 184 28 MERGHANT^,

695 4503 119 34 WEST
885 4500 184 33 OXFORD.

57 194 91 25 Tha.sk
164 194 136 25 Goodnbss.
302 206 33 5 —
337 191 66 26 SuGh
479 191 44 26 the
535 200 43 18 ex-

38 235 132 24 clamation
181 232 126 25 Velaeard
329 233 99 24 uttered
439 241 34 17 on
482 233 96 33 -Friday

39 274 66 23 week
122 271 49 25 last
183 272 31 31 by
229 277 19 18 a
260 270 161 26 well-known-
437 271 95 27 farmer
553 273 28 25 in

40 311 43 25 the
94 309 123 32 Rangier*
236 309 104 26 district.
387 310 38 25 To
444 319 44 17 our
500 319 80 25 query

40 357 28 17 as
82 350 26 23 to
119 348 57 32 why
190 346 35 26 !ke
237 348 54 25 said
310 348 62 26 s«ch
384 349 88 29 words,
491 349 33 26 he
543 358 37 17 re-

41 384 65 34 plied
115 394 6 16 :
218 394 35 18 we
265 387 59 25 have
335 389 43 30 got
390 387 28 25 in
428 395 16 17 a
456 387 124 34 thorough

39 430 89 27 strong
139 426 51 24 and
200 426 101 32 capable
309 427 146 32 opposition
467 428 50 26 and
538 429 44 25 the

38 468 106 29 country
159 466 54 25 Tfill
223 466 92 26 benefit
327 466 32 33 by
420 482 33 4 —
454 469 130 31 Rangiora

49 508 137 24 Standaird.

77 676 62 24 Corn
154 678 50 21 and
214 677 101 24 oafmeal
325 677 66 24 cake.
393 690 32 5 —
427 676 55 25 One
494 685 46 23 cup
554 685 15 16 o
576 676 12 25 f

46 714 113 26 oatmeal
169 714 84 30 musk,
266 715 54 24 well
334 715 91 25 cooked
440 715 86 33 (cold),
538 723 48 18 one

42 760 51 24 cup
105 753 31 25 <otf
145 761 79 17 cream
334 762 59 16 raw.
434 762 49 17 one
495 762 55 24 egg,
569 762 16 17 a

44 791 76 30 pinch
132 791 27 24 of
167 793 54 26 salt,
236 799 51 16 -one
296 793 155 29 teaspoonful
463 793 28 24 of
498 800 74 24 sugar

44 829 45 25 the
105 836 71 18 same
196 829 24 24 of
242 831 69 29 yuast
329 829 104 32 powder,
462 830 124 25 sufficient

46 869 76 23 water
134 869 26 22 to
171 866 75 26 make
257 875 15 17 a
288 867 106 25 suitable
413 868 84 25 batter
509 871 25 21 to
547 869 38 30 fry

39 906 29 24 in
92 906 82 29 small,
187 906 57 25 thin
256 906 73 25 cakes
336 907 26 23 in
374 907 45 25 hot
430 907 63 25 lard.
521 906 67 33 Very

38 945 55 24 nice
105 962 6 7 .

77 1074 51 25 She
139 1082 6 16 :
226 1073 102 25 wonder
347 1073 57 31 why
427 1074 60 31 they
515 1075 73 30 hung

45 1118 58 24 that
433 1117 58 32 they
507 1116 81 26 could-

40 1163 32 23 nt
80 1160 73 25 catch
166 1159 41 25 file

259 1215 14 13 #
310 1214 14 14 #
360 1214 14 14 #

79 1257 75 26 Cable
174 1257 142 26 head-lines
329 1257 63 25 from
401 1266 15 16 a
433 1257 62 25 New
508 1257 80 26 South

47 1301 87 24 Wales
154 1308 140 23 newspaper
305 1308 5 16 :
313 1315 32 3 —
496 1301 26 24 of
544 1301 44 23 Ar-

316 1343 109 25 Fenians
435 1343 146 31 Slaughter-

46 1388 45 31 ing
102 1386 44 26 the
400 1386 27 24 of
437 1386 98 31 Tynan,
542 1386 46 24 the

391 1443 3 4 ■

159 1475 118 20 a'#
362 1481 15 13 *
473 1480 14 14 #

77 1520 42 25 Mr
129 1520 40 25 W.
186 1520 40 24 W.
240 1520 99 24 Tanner
351 1520 26 23 at
390 1518 174 32 Phillipstown

44 1575 34 5 —
150 1560 108 25 believed
269 1559 55 26 that
343 1558 70 26 there
425 1567 48 17 was
494 1566 14 17 a
520 1565 59 25 gen-

43 1602 52 24 eral
113 1609 42 23 cry
166 1601 76 32 going
257 1609 33 22 up
310 1600 38 25 for
359 1600 41 24 the
413 1598 120 26 abolition
559 1598 26 25 of

47 1642 44 24 the
102 1641 84 32 Upper
196 1640 93 25 House,
324 1640 54 24 The
389 1640 121 24 members
522 1640 27 23 of
557 1640 21 23 it

44 1682 92 32 during
159 1681 43 26 the
240 1682 56 31 past
330 1680 63 31 forty
423 1687 71 25 years
531 1679 50 25 bad

47 1720 171 33 appropriated
262 1724 25 19 to
333 1718 147 26 themselves
543 1718 40 25 the

44 1758 54 26 best
117 1758 70 26 lands
209 1759 28 23 of
253 1758 43 24 the
308 1758 93 31 colony,
437 1758 49 23 and
533 1757 50 24 had

46 1799 39 23 set
97 1805 32 23 up
136 1796 54 25 that
202 1797 66 23 bank
286 1795 80 25 which
379 1795 42 24 the
434 1796 88 30 colony
532 1794 49 24 had

46 1842 71 17 come
128 1837 25 22 to
165 1833 42 25 the
220 1841 83 17 rescue

141 1892 14 14 #
224 1892 14 14 ■:;•
306 1891 14 13 *
352 1888 3 3 ■
387 1890 14 14 *
470 1890 15 13 #

82 1933 40 24 Mr
134 1932 25 25 J.
173 1932 31 25 G.
228 1932 106 28 Wilson,
354 1939 55 16 now
430 1931 54 24 that
506 1931 32 24 he
560 1930 21 24 is

47 1976 103 30 retiring
160 1976 66 23 from
238 1974 43 24 the
292 1976 93 24 House,
403 1973 81 25 where
494 1973 31 24 he
537 1974 44 23 has

46 2019 64 25 been
122 2026 14 16 a
145 2019 136 24 consistent
294 2017 185 32 Oppositionist,
490 2016 91 24 admits

46 2061 55 25 that
113 2062 32 23 he
169 2061 22 24 is
211 2070 31 15 an
263 2061 107 24 admirer
387 2060 26 24 of
429 2060 41 24 Mr
482 2060 98 24 Seddon

44 2105 66 24 after
121 2105 41 24 all.
215 2105 32 23 At
261 2104 23 23 M
289 2112 46 16 ana
338 2105 62 23 wntu
413 2103 69 25 show
494 2103 86 24 dinner

45 2149 32 25 he
101 2149 73 31 sp:)ke
187 2148 27 26 of
235 2148 39 25 Mr
287 2148 96 26 Seddon
407 2155 26 17 as
498 2147 82 25 leader

44 2192 83 24 whose
151 2191 113 31 strength
287 2192 26 24 of
329 2191 46 23 will
397 2191 49 23 and
466 2190 112 24 achieve-

44 2239 82 21 ments
139 2244 57 15 were
380 2248 34 4 —

79 2376 61 31 Says
164 2383 15 16 a
200 2375 123 25 Southern
347 2374 125 31 exchange
482 2381 5 16 :

42 2417 120 30 principle
190 2416 26 24 of
243 2416 86 31 taxing
352 2416 41 23 the
417 2413 161 32 unimproved

42 2456 73 23 value
126 2456 27 23 of
163 2454 60 25 land
232 2455 21 24 is
262 2454 100 32 gaining
369 2453 92 32 ground
472 2452 103 31 rapidly.

42 2496 24 23 It
77 2496 22 23 is
112 2495 130 31 spreading
254 2495 26 23 in
292 2503 13 14 a
326 2502 52 23 way
390 2493 56 24 that
458 2493 45 24 few
521 2500 55 23 peo-

42 2535 40 31 ple
105 2535 96 25 realise.
260 2534 78 25 These
362 2533 106 25 colonies
489 2533 27 24 of
535 2533 42 23 the

40 2574 103 24 Austral
160 2581 52 17 seas
225 2581 36 16 we
272 2573 64 23 have
353 2580 28 16 a,s
393 2578 42 25 yet
454 2573 63 22 been
534 2579 42 23 ap-

40 2612 122 32 proached
174 2611 32 31 by
218 2611 43 25 the
273 2620 53 15 new
338 2611 54 24 idea
403 2610 55 25 that
476 2612 26 22 at
510 2618 65 23 pres-

42 2657 42 18 ent
96 2650 49 24 fills
157 2650 43 24 the
213 2651 43 23 air.
292 2649 51 24 But
355 2649 68 24 there
435 2648 20 24 it
467 2648 31 24 is.
524 2647 53 25 The

40 2699 71 23 germ
123 2691 45 24 lias
181 2692 59 23 been
263 2697 75 20 sown,
369 2689 49 24 and
440 2689 44 24 the
506 2688 72 32 plant

42 2732 49 25 will
103 2731 80 26 thrive
197 2731 47 24 and

74 2882 22 23 A
108 2882 92 23 lertain
213 2888 67 21 man,
305 2887 54 23 says
378 2879 43 25 the
434 2903 3 2 .
447 2880 131 29 Spectator

44 2924 96 24 arrived
152 2925 26 22 at
201 2923 194 29 Johannesburg
406 2922 27 23 in
455 2921 44 23 the
512 2921 67 26 early

43 2969 60 30 day.-?
115 2968 28 24 of
153 2969 39 23 the
213 2965 177 32 mining-boom
404 2963 62 25 with
489 2971 33 17 no
541 2971 37 16 as-

41 3016 49 20 set?
103 3020 56 16 save
171 3020 15 15 a
199 3012 37 23 tin
255 3010 27 25 of
293 3008 139 26 condensed
454 3008 63 24 milk
530 3007 49 23 and

40 3057 49 24 and
101 3065 14 16 a
127 3056 96 25 needle.
249 3054 38 25 He
300 3053 88 33 spread
400 3061 14 16 a
426 3054 84 29 report
522 3051 58 24 than

41 3101 132 31 small-pox
185 3108 48 16 was
246 3107 31 17 on
300 3098 34 25 its
346 3105 51 24 way
409 3096 113 32 through
535 3095 43 25 the

42 3147 112 29 country,
173 3152 59 24 gave
256 3147 44 21 out
322 3143 32 24 he
367 3150 48 16 was
440 3150 13 14 a
467 3140 111 31 snrgfeoia,

44 3190 50 23 and
104 3188 142 25 vaccinated
260 3187 40 24 the
324 3186 78 24 whole
414 3184 163 31 community,
587 3187 2 36 j

44 3232 61 24 with
115 3232 38 24 his
167 3231 83 25 needle
263 3230 49 25 and
324 3228 140 27 condensed
477 3227 66 29 milk,
555 3231 24 20 at

46 3277 44 25 five
113 3276 113 32 shillings
248 3283 43 24 per
317 3273 134 32 operation.
499 3270 79 25 When

43 3321 49 24 last
103 3321 73 22 hoard
186 3321 26 22 of
221 3320 32 23 he
264 3327 49 16 was
326 3327 14 16 a
353 3317 109 31 wealthy
475 3317 103 30 capital-

45 3364 42 24 ist.
139 3390 3 2 .
322 3389 14 6 .^
382 3381 2 2 ■

80 3565 53 24 The
156 3564 84 32 people
253 3562 24 26 of
287 3562 49 27 this
355 3562 92 32 Colony
467 3563 45 31 put
526 3562 53 23 into

47 3609 42 25 the
117 3609 59 25 Post
200 3608 75 24 Office
294 3608 109 30 'Savings
433 3606 72 24 Bank
529 3606 48 23 last
587 3605 2 34 j

47 3653 99 31 quarter
159 3651 109 26 £90,029
290 3658 68 16 more
369 3651 63 23 than
443 3649 59 32 they
515 3649 65 24 drew
587 3655 2 12 '

47 3698 52 23 out.
135 3695 60 24 This
213 3695 21 23 is
254 3694 112 29 £10,000
386 3695 49 23 less
455 3693 62 24 than
537 3692 43 24 the

49 3740 99 31 savings
160 3739 26 24 of
196 3738 43 25 the
251 3745 68 17 same
340 3738 98 30 quarter
453 3738 50 23 last
514 3744 64 24 year.

49 3785 64 23 8279
134 3790 55 16 new
200 3782 117 24 accounts
338 3788 62 16 wei'e
412 3780 101 30 opened,
533 3779 48 24 and

49 3828 64 23 5595
126 3825 81 26 closed
209 3839 32 4 —
242 3832 33 16 an
286 3823 107 24 increase
407 3822 26 25 of
449 3823 65 24 2684
527 3830 54 17 cus-

49 3872 102 25 tomers,
169 3867 67 26 what
247 3867 59 24 does
328 3865 41 24 Mr
390 3865 81 23 Moore
494 3872 43 24 say
555 3867 26 22 to

49 3914 79 26 that?

86 4143 53 25 The
148 4142 121 24 initiative
277 4140 49 25 and
333 4138 161 29 referendum,
503 4137 83 25 which

52 4192 41 17 are
102 4182 34 26 all
146 4182 68 31 parts
226 4181 25 25 of
268 4180 42 26 the
322 4173 132 32 socialistic
472 4177 115 32 platform

51 4224 50 26 and
110 4231 58 24 very
179 4230 60 17 near
249 4218 229 35 accomplishment,
494 4216 52 26 will
556 4217 31 25 be

51 4264 80 30 ample
141 4260 143 32 safeguards
303 4259 97 32 against
416 4264 50 24 any
484 4264 103 23 govern-

52 4300 96 26 mental
159 4298 107 32 tyranny
288 4305 28 17 or
326 4296 95 25 misuse
432 4294 28 25 of
468 4300 81 26 power
559 4293 28 25 in

52 4340 42 25 the
110 4338 90 25 future.
201 4351 34 5 —
235 4336 124 26 Forward.

86 4394 22 26 A
119 4393 50 26 Bill
179 4392 98 32 dealing
287 4391 78 33 solely
376 4389 60 27 with
447 4388 44 25 the
502 4386 84 27 Befer-

53 4436 90 24 endum
155 4434 21 24 is
195 4432 120 33 promised
326 4431 88 32 during
433 4429 44 26 the
487 4428 100 32 present

52 4476 95 26 session
158 4474 33 33 by
202 4473 108 25 Premier
316 4471 72 29 Beid,
397 4470 28 26 of
431 4469 62 28 New
505 4466 82 29 South

51 4513 83 27 Wales
138 4534 5 6 .
144 4529 33 5 —
177 4513 125 27 Forward.
