2559 4010
540 49 104 32 THE
666 49 112 32 NEW
799 49 230 33 ZEALAND
1052 47 237 34 GAZETTE-
1302 49 105 33 AND
1434 49 274 34 BRITANNIA
1732 51 292 33 SPECTATOR.

685 130 132 27 Aboriginal
826 130 128 23 inhabitant
964 130 150 23 whomsoever
1131 131 28 22 of
1173 130 38 23 the
1226 131 47 22 said

687 157 94 26 Islands,
792 164 14 14 a
815 157 64 21 strict
892 157 90 27 inquiry
997 157 27 22 be
1040 157 117 23 instituted
1172 157 56 26 into,
1235 158 38 21 the

685 183 66 23 mode
760 184 23 21 in
795 183 72 23 which
876 183 55 22 such
941 183 76 22 Lands
1024 183 58 22 have
1092 183 56 22 Been
1159 184 112 27 acquired,

686 210 45 21 and
742 210 46 21 also
800 210 55 24 into,
865 209 38 22 the
919 213 79 19 extent
1010 209 46 22 and
1072 210 104 21 situation
1192 211 27 20 of
1235 211 45 23 the.

686 244 67 19 same,
764 235 47 23 and
821 236 47 22 also
875 240 23 18 to
905 237 109 21 ascertain
1023 236 29 22 all
1058 235 37 23 the
1101 237 172 22 circumstances

686 270 60 19 upon
758 262 72 22 which
840 262 54 22 such
903 263 78 21 claims
990 270 52 19 may
1052 263 27 21 be
1088 263 98 21 founded
1194 271 5 13 :
1215 263 31 22 Be
1255 264 18 21 it

687 289 110 21 therefore
816 289 101 21 enacted.
933 289 60 21 That
1007 289 18 21 it
1043 289 57 21 shall
1118 289 46 21 and
1178 296 52 21 may
1244 291 28 20 be

686 315 75 21 lawful
779 315 33 21 for
831 315 38 21 the
887 315 47 21 said
952 315 22 21 G
983 322 87 15 >vernor
1088 315 26 21 of
1131 315 55 22 New
1204 316 68 22 South

687 341 73 22 Wales
769 346 21 17 to
799 342 59 21 issue
868 348 43 15 one
920 348 25 14 or
956 348 60 15 more
1023 341 145 23 Commission
1176 350 26 14 or
1208 343 65 22 Com-

687 368 107 27 missions,
806 367 45 23 and
861 367 93 34 thereby
961 372 23 17 to
992 368 90 27 appoint
1090 369 183 23 Commissioners

687 393 49 23 who
755 394 56 22 shall
830 394 56 22 have
904 393 41 23 full
961 401 75 21 power
1052 395 44 21 and
1113 395 120 28 authority,
1249 400 23 18 to

687 420 60 27 hear,
765 421 112 24 examine,
896 420 45 22 and
960 425 75 23 report
1050 428 36 19 on,
1103 420 30 22 all
1152 421 82 23 Claims
1249 427 23 17 to

687 447 83 21 Grants
781 447 26 21 of
818 442 64 26 Land
891 447 23 21 in
925 447 56 21 New
992 447 109 27 Zealand;
1119 447 45 22 and
1170 446 63 24 'each
1249 449 27 21 of

686 473 53 22 such
750 473 184 22 Commissioners
943 473 64 26 shall,
1020 474 76 22 before
1106 475 134 28 proceeding
1249 480 23 17 to

685 503 37 18 act
732 507 25 14 as
767 499 62 28 such,
841 499 51 22 take
908 499 46 22 and
969 501 114 21 subscribe
1099 501 75 21 before
1192 508 43 16 one
1249 502 27 22 of

686 526 36 22 the
732 526 87 27 Judges
828 526 26 22 of
866 526 37 22 the
912 526 106 26 Supreme
1026 527 68 21 Court
1102 527 27 21 of
1140 527 55 21 New
1203 529 68 22 South

686 552 81 27 Wales,
771 560 33 14 -or
812 550 77 24 before
898 553 55 21 such
970 560 79 20 person
1066 553 98 22 resident
1176 553 24 23 in
1217 555 55 22 New

685 579 100 22 Zealand
795 586 24 15 as
830 579 36 22 the
877 579 68 21 Chief
956 579 92 27 Justice,
1056 579 35 23 for
1096 579 38 22 the
1143 580 54 22 time
1206 581 66 26 being

685 606 27 21 of
721 606 38 21 the
769 606 49 22 said
828 606 68 22 Court
904 606 57 21 shall
976 607 72 21 under
1058 607 34 21 his
1101 606 61 22 hand
1171 607 45 22 and
1227 602 43 28 seal

685 633 113 21 nominate
808 632 46 22 and
863 633 93 26 appoint
964 632 36 22 for
1009 633 48 21 that
1065 640 101 24 purpose,
1174 633 39 23 the
1220 635 51 21 oath

685 663 34 17 set
727 659 60 21 forth
796 659 24 21 in
832 659 37 21 the
879 659 111 22 Schedule
1002 663 23 18 to
1040 659 44 21 this
1100 659 45 23 Act
1152 661 118 26 -annexed,

685 686 93 21 marked
786 686 21 21 A
814 694 5 17 ;
835 686 45 20 and
891 686 37 21 the
937 686 102 21 Colonial
1055 687 114 26 Secretary
1179 687 28 21 of
1216 687 54 23 New

685 712 70 21 South
761 712 76 21 Wales
844 712 55 21 shall
906 719 67 15 cause
982 712 38 22 the
1029 712 47 22 said
1086 712 78 27 Oaths,
1172 713 45 22 and
1227 715 44 21 also

685 738 37 22 the
731 738 60 24 Q.tth
801 742 24 18 to
833 738 29 22 be
877 738 68 22 taken
962 738 31 34 by
1009 739 38 21 the
1064 739 115 28 Secretary
1195 745 24 17 to
1235 741 35 21 the

685 765 46 21 said
741 765 193 26 Commissioners,
946 772 25 14 as
979 765 137 22 hereinafter
1126 766 112 28 provided,
1248 772 22 17 to

685 791 27 22 be
720 792 146 27 respectively
875 792 110 21 recorded
994 793 22 20 in
1027 792 35 22 his
1071 792 79 22 Office.

715 827 101 20 (Governor
822 832 42 17 may
870 828 73 21 appoint
956 829 91 20 Secretary
1054 831 19 14 to
1080 829 160 22 Commissioners.)

713 854 45 26 111.
774 854 54 26 And
842 855 28 22 be
884 856 19 21 it
917 856 102 26 enacted,
1035 856 59 22 That
1109 863 62 15 some
1186 856 26 22 fit
1228 858 42 22 and

684 889 80 26 proper
773 889 80 19 person
864 889 25 14 or
898 889 94 17 persons
1002 890 51 20 may
1063 882 56 23 from
1126 884 53 21 time
1187 889 24 16 to
1218 885 52 21 time

684 904 28 25 be
721 908 121 34 appointed
852 908 29 28 by
892 911 37 20 the
938 909 49 22 said
1003 910 117 21 Governor
1136 913 23 18 to
1174 911 95 27 perform

684 934 37 22 the
729 935 72 21 duties
809 936 26 21 of
841 936 116 33 Secretary
966 943 26 14 or
1002 936 132 22 Secretaries
1143 940 23 18 to
1176 936 38 23 the
1223 938 47 22 said

684 961 189 27 Commissioners,
884 962 82 21 should
975 962 38 22 the
1023 962 47 22 said
1080 963 118 22 Governor
1207 964 61 24 deem

684 987 37 22 the
727 988 156 27 appointment
890 988 26 21 of
922 988 55 22 such
985 990 115 32 Secretary
1107 997 26 14 or
1138 990 130 23 Secretaries

684 1018 23 17 to
723 1014 29 24 he
768 1021 119 28 necessary
898 1023 5 19 ;
928 1015 46 22 and
993 1015 38 23 the
1047 1016 47 21 said
1112 1016 116 33 Secretary
1245 1025 25 15 or

684 1041 133 22 Secretaries
832 1041 63 26 shall,
912 1041 78 22 before
1006 1042 125 28 exercising
1143 1051 44 20 any
1197 1045 26 21 of
1233 1044 35 22 the

684 1067 71 22 duties
765 1068 25 21 of
800 1068 37 22 his
846 1076 24 14 or
880 1064 57 26 their
946 1068 72 28 office,
1033 1069 51 22 take
1098 1069 45 22 and
1159 1070 109 23 subscribe

684 1094 75 22 before
768 1102 43 15 one
821 1095 28 21 of
859 1094 37 23 the
906 1094 86 28 Judges
1006 1096 26 21 of
1047 1096 37 21 the
1099 1096 49 21 aaid
1164 1097 104 27 Supreme

684 1120 74 28 Court,
774 1129 25 14 or
814 1122 77 21 before
908 1122 54 22 such
975 1129 81 20 person
1070 1122 97 23 resident
1180 1124 22 21 in
1216 1124 52 23 New

684 1147 104 22 Zealand,
796 1155 26 14 as
832 1148 36 22 the
879 1148 67 22 Chief
957 1149 84 22 Justice
1051 1150 35 21 for
1094 1150 38 21 the
1141 1150 54 21 time
1205 1150 65 28 being

684 1174 26 21 of
720 1174 39 21 the
768 1174 48 23 said
826 1175 75 27 Court,
910 1175 56 22 shall
976 1176 71 22 under
1057 1176 33 21 his
1099 1176 62 21 hand
1171 1178 44 21 and
1225 1179 43 21 seal

684 1201 113 22 nominate
808 1202 46 21 and
863 1202 92 27 appoint
964 1203 35 21 for
1007 1202 48 22 that
1063 1210 102 25 purpose,
1173 1204 38 21 the
1218 1205 50 21 oath

683 1231 32 18 set
725 1228 60 21 forth
793 1228 25 23 in
830 1228 36 22 the
876 1228 110 23 Schedule
1000 1233 23 18 to
1039 1229 43 22 this
1098 1230 45 21 Act
1159 1232 108 26 annexed,

684 1254 91 22 marked
785 1255 26 25 B,

703 1287 98 21 (Governor
807 1292 21 12 as
835 1288 49 17 often
892 1293 20 12 as
922 1289 23 16 he
958 1289 46 17 shall
1016 1289 54 18 think
1082 1290 19 18 fit
1112 1294 43 16 may
1166 1291 47 17 refer
1225 1291 23 17 all

755 1308 67 17 Claims
830 1312 19 14 to
859 1310 65 16 Grants
932 1310 21 16 of
961 1310 50 16 Land
1018 1312 19 15 to
1044 1311 153 17 Commissioners.
1227 1326 5 3 .

711 1336 41 22 IV.
768 1337 53 22 And
832 1337 27 22 be
868 1338 18 21 it
896 1338 101 27 enacted,
1007 1338 59 22 That
1075 1339 18 22 it
1106 1339 57 25 shall
1177 1340 28 22 be
1218 1339 50 23 law-

682 1362 32 23 ful
724 1363 35 21 for
768 1363 37 22 ihe
814 1364 118 25 Governor
940 1364 27 22 of
978 1364 37 23 the
1023 1365 47 24 said
1077 1366 92 28 Colony,
1178 1374 25 14 as
1209 1367 58 22 often

683 1397 23 14 as
716 1394 22 17 to
748 1390 35 22 his
792 1391 137 31 Excellency
939 1391 57 25 shall
1009 1399 59 14 seem
1082 1392 32 27 fit,
1132 1396 23 18 to
1164 1394 59 20 refer
1232 1394 36 22 the

683 1416 77 23 claims
779 1417 26 22 of
822 1418 29 22 all
873 1425 91 20 persons
984 1418 91 28 making
1096 1420 134 27 application
1247 1425 21 17 to

682 1442 56 23 have
749 1444 84 22 Grants
844 1444 26 22 of
880 1445 64 22 Land
955 1445 76 22 within
1042 1445 38 22 the
1094 1446 47 21 said
1152 1446 87 23 Islands
1247 1448 25 21 of

683 1469 55 22 New
748 1470 101 22 Zealand
859 1472 108 21 executed
978 1475 22 18 to
1011 1472 59 22 them
1081 1472 23 22 in
1114 1472 44 23 due
1174 1473 57 22 form
1246 1475 26 21 of

683 1496 81 26 law,in
774 1498 121 22 fulfilment
904 1498 27 22 of
940 1498 41 22 her
992 1499 115 27 Majesty's
1117 1500 103 26 gracious
1236 1501 32 22 in-

682 1524 93 26 tention,
786 1528 23 18 to
820 1524 37 23 the
867 1525 47 22 said
924 1525 189 27 Commissioners,
1124 1530 24 17 to
1164 1526 38 25 the
1218 1528 49 26 end,

683 1549 48 22 that
739 1550 32 22 all
780 1551 53 22 such
844 1552 76 22 claims
931 1559 52 20 may
991 1552 27 21 be
1027 1552 53 28 duly
1093 1553 119 24 examined
1226 1555 42 21 and

682 1578 103 26 reported
793 1585 61 20 upon
865 1578 33 21 for
908 1578 37 22 the
954 1578 144 23 information
1108 1580 45 21 and
1160 1580 108 26 guidance

682 1604 27 21 of
719 1603 38 23 the
767 1604 47 22 said
825 1605 116 22 Governor
948 1613 7 13 :
976 1605 54 22 And
1044 1605 38 22 the
1096 1606 49 22 said
1161 1608 107 22 Commis-

682 1631 92 25 sioners,
785 1639 25 14 or
820 1639 45 21 any
875 1635 44 18 two
936 1632 26 21 of
975 1632 69 27 them,
1061 1632 54 23 shall
1135 1634 133 27 proceeofto

681 1657 60 27 hear,
753 1659 112 27 examine,
879 1658 45 23 and
938 1663 76 23 report
1029 1667 29 14 on
1073 1660 53 23 such
1144 1660 84 28 claims,
1245 1662 22 22 in

682 1692 95 15 manner
795 1686 137 22 hereinafter
948 1686 129 22 mentioned
1086 1695 5 13 :
1112 1687 109 23 Provided
1237 1689 31 23 al-

682 1718 66 20 ways,
759 1712 48 22 that
820 1712 95 28 nothing
931 1712 77 23 herein
1026 1714 119 22 contained
1160 1714 56 22 shall
1231 1722 37 16 au-

682 1738 82 22 thorise
779 1739 37 22 the
834 1740 47 21 said
899 1740 184 22 Commissioners
1101 1744 23 18 to
1140 1742 86 22 receive
1244 1750 25 16 or

681 1768 76 24 report
765 1773 60 20 upon
836 1773 44 21 any
891 1766 77 22 claims
978 1766 40 23 but
1028 1767 54 22 such
1091 1775 24 14 as
1125 1768 56 22 shall
1192 1769 27 21 be
1235 1776 33 15 re-

682 1791 72 22 ferred
764 1795 22 18 to
797 1793 61 22 them
871 1793 29 27 by
917 1793 38 22 the
973 1793 117 23 Governor
1105 1802 24 14 as
1145 1795 109 23 aforesaid
1261 1804 5 19 ;

682 1818 43 22 and
747 1818 110 23 Provided
872 1820 94 26 further,
987 1820 47 22 that
1053 1821 29 21 all
1101 1821 77 22 claims
1198 1823 70 23 which

682 1845 55 22 shall
746 1849 40 18 not
794 1846 29 22 be
833 1846 112 27 preferred
959 1847 22 21 in
993 1847 87 28 writing
1089 1851 22 18 to
1120 1848 39 22 the
1168 1849 100 23 Colonial

682 1872 114 28 Secretary
816 1874 28 21 of
862 1873 55 22 New
939 1874 70 21 South
1033 1874 80 26 Wales,
1135 1876 76 22 within
1236 1877 32 21 six

682 1899 89 22 months
781 1900 57 21 after
847 1900 37 21 the
894 1900 91 27 passing
1002 1900 26 22 of
1042 1901 44 22 this
1100 1902 52 25 Act,
1169 1902 58 23 shall
1241 1903 27 23 be

681 1925 124 29 absolutely
814 1926 49 23 null
871 1927 45 21 and
926 1922 60 30 void,
996 1928 74 22 unless
1080 1928 17 22 it
1105 1928 58 22 shall
1168 1929 28 23 he
1206 1930 62 22 made

682 1956 23 17 to
720 1959 82 21 appear
816 1957 24 17 to
856 1953 37 22 the
910 1954 136 22 satisfaction
1063 1956 27 20 of
1105 1955 38 21 the
1160 1956 47 22 said
1224 1957 45 20 Go-

683 1985 86 19 vernor,
788 1978 50 22 that
856 1986 52 25 any.
916 1979 108 22 claimant
1039 1987 26 13 or
1080 1980 117 21 claimants
1213 1978 55 25 shall

682 2007 45 23 not,
738 2004 30 26 by
778 2011 78 14 reason
867 2007 27 18 of
904 2004 96 21 absence
1009 2005 57 21 from
1082 2005 37 22 the
1134 2006 94 28 Colony,
1232 2009 3 11 ;-r;
1240 2015 30 14 -r

682 2030 63 21 other
754 2030 112 22 sufficient
873 2037 75 20 cause,
964 2030 58 22 have
1032 2031 56 22 been
1098 2031 50 22 able
1159 2035 21 18 to
1195 2032 75 28 prefer

683 2056 33 22 his
726 2064 26 14 or
761 2056 58 23 their
834 2057 78 22 claims
928 2057 78 22 within
1023 2058 36 21 the
1069 2058 46 21 said
1126 2063 55 17 term
1192 2060 26 21 of
1229 2066 41 15 -$x

681 2084 97 26 months,
787 2084 24 22 in
822 2083 70 22 which
904 2091 51 15 case
964 2085 19 20 it
992 2084 55 22 shall
1057 2085 27 22 be
1094 2084 75 23 lawful
1182 2088 34 19 lor
1232 2086 36 22 the

682 2110 47 21 said
738 2111 118 21 Governor
866 2115 23 17 at
898 2117 43 21 any
953 2111 53 22 time
1017 2111 75 22 within
1098 2119 14 14 a
1119 2111 87 23 further
1212 2116 56 19 term

682 2136 26 22 of
717 2137 35 22 six
761 2137 98 27 months,
870 2141 22 18 to
902 2138 59 21 refer
971 2138 55 21 such
1035 2138 65 22 claim
1110 2146 26 13 or
1152 2138 78 23 claims
1245 2143 23 18 to

681 2163 38 22 the
727 2164 48 21 said
785 2164 192 27 Commissioners,
988 2164 49 22 who
1051 2165 54 22 shall
1122 2165 56 22 have
1195 2173 74 20 power

681 2190 44 22 and
735 2190 114 28 authority
861 2194 23 18 to
899 2191 89 22 receive
1004 2192 44 21 and
1063 2196 76 23 report
1154 2199 60 21 upon
1231 2193 36 22 the

680 2221 70 23 same,'
760 2225 24 14 as
793 2218 24 21 in
828 2217 63 22 other
899 2225 71 14 cases.

701 2253 154 21 (Commissioners
866 2256 18 14 to
895 2255 22 15 be
928 2254 67 21 guided
1006 2255 24 21 by
1040 2255 32 17 the
1083 2255 36 17 real
1133 2256 66 20 justice
1211 2257 35 17 and

833 2276 45 19 good
884 2275 106 17 conscience
997 2276 20 16 of
1026 2276 31 16 the
1063 2276 54 20 case.)

708 2302 27 22 V.
752 2302 53 22 And
814 2302 29 22 be
853 2303 17 21 it
884 2303 102 26 enacted,
1002 2303 59 22 That
1073 2303 24 22 in
1113 2303 94 28 hearing
1223 2305 44 23 and

680 2330 130 26 examining
819 2330 30 21 all
858 2329 77 22 claims
945 2333 22 18 to
976 2325 84 27 Grants
1067 2338 24 14 as
1097 2331 117 26 aforesaid,
1223 2331 45 23 arid

679 2356 113 28 reporting
802 2364 29 14 on
843 2356 36 22 the
887 2364 69 20 same,
967 2356 38 22 the
1021 2357 47 21 said
1085 2357 183 23 Commissioners

679 2383 55 21 shall
749 2384 27 20 be
790 2383 82 27 guided
887 2384 30 26 by
933 2383 38 22 the
988 2383 45 22 real
1051 2384 82 27 justice
1148 2385 44 21 and
1209 2385 58 27 good

680 2410 132 23 conscience
821 2410 28 27 pf
859 2410 37 21 the
907 2417 57 20 case,
976 2410 94 22 without
1079 2411 78 26 regard
1171 2415 22 17 to
1208 2411 58 28 legal

679 2437 69 21 forms
759 2436 44 22 and
815 2436 144 26 solemnities,
977 2437 45 22 and
1038 2437 55 22 shall
1110 2437 71 23 direct
1195 2438 72 22 them-

680 2464 71 21 selves
759 2464 29 26 by
799 2463 38 21 the
847 2464 48 21 best
913 2464 108 22 evidence
1037 2464 52 27 they
1106 2472 42 14 can
1165 2472 99 20 procure,

680 2497 25 14 or
714 2490 48 22 that
771 2491 18 21 is
799 2490 47 22 laid
858 2490 76 22 before
950 2491 70 26 them,
1037 2491 99 21 whether
1152 2491 37 22 the
1207 2500 59 14 same

679 2517 28 21 be
717 2517 54 22 such
781 2517 106 21 evidence
897 2524 25 14 as
940 2517 39 21 the
995 2517 42 21 law
1054 2517 72 23 would
1141 2519 87 27 require
1243 2519 22 22 in

679 2543 64 22 other
752 2551 62 15 cases
824 2551 25 14 or
858 2547 39 18 not
905 2552 5 18 ;
926 2544 45 21 and
981 2544 49 21 that
1042 2544 38 22 the
1094 2544 47 22 said
1159 2545 106 23 Commis-

679 2570 85 22 sioners
773 2570 57 22 shall
839 2571 24 21 in
873 2577 67 25 every
950 2578 51 14 case
1009 2570 87 29 inquire
1105 2571 55 27 into,
1176 2572 45 22 and
1234 2577 33 17 set

679 2598 60 21 forth
749 2604 24 14 so
783 2598 35 20 far
828 2604 24 15 as
861 2597 18 21 it
887 2592 57 27 shall
961 2598 29 20 be
1006 2598 94 31 possible
1116 2601 25 19 to
1157 2600 109 22 ascertain

678 2624 39 21 the
726 2631 67 20 same,
806 2624 38 22 the
859 2624 60 27 price
936 2631 25 13 or
977 2623 102 23 valuable
1095 2625 170 28 consideration,

680 2651 51 21 with
748 2650 37 22 the
802 2650 92 28 sterling
913 2650 65 22 value
996 2650 90 24 thereof,
1108 2652 52 31 paid
1178 2652 35 22 for
1230 2653 38 22 the

679 2677 65 22 lands
762 2677 101 27 claimed,
881 2681 23 17 to
922 2684 45 20 any
987 2678 26 21 of
1032 2678 37 22 the
1087 2678 48 22 said
1151 2678 76 23 Chiefs
1242 2688 26 14 or

679 2704 84 26 Tribes,
779 2711 26 15 or
818 2711 45 20 any
880 2704 132 27 Aboriginal
1028 2704 127 23 inhabitant
1170 2706 27 21 of
1213 2706 54 22 New

679 2730 107 27 Zealand,
804 2738 25 14 as
844 2730 48 22 well
911 2738 24 14 as
951 2731 39 21 the
1006 2731 53 22 time
1075 2731 44 23 and
1136 2740 95 15 manner
1246 2734 26 21 of

679 2761 113 24 payment,
807 2758 51 21 and.
868 2757 37 22 the
921 2758 172 22 circumstances
1110 2759 71 22 under
1195 2759 72 24 wliidi

679 2784 54 22 such
750 2788 108 23 payment
873 2791 45 15 was
932 2784 74 26 made,
1023 2785 92 23 without
1129 2786 78 27 taking
1221 2788 46 21 into

679 2811 164 22 consideration
854 2810 38 22 the
908 2811 60 27 price
984 2818 25 15 or
1024 2811 103 23 valuable
1141 2813 126 23 considera-

679 2838 46 22 tion
737 2837 73 22 which
820 2845 52 22 may
888 2838 57 21 have
962 2838 57 22 been
1035 2839 66 26 given
1117 2839 35 24 for
1168 2839 38 23 the
1220 2841 47 22 said

680 2864 75 22 Lands
765 2865 29 28 by
804 2872 48 21 any-
859 2864 136 28 subsequent
1004 2865 125 27 purchaser,
1143 2874 24 14 or
1183 2871 25 17 to
1223 2874 44 21 any

678 2891 64 21 other
758 2898 81 20 person
856 2898 26 14 or
896 2898 101 20 persons,
1013 2898 52 16 save
1080 2893 54 21 such
1150 2893 76 23 Chiefs
1242 2901 24 15 or

678 2918 78 21 Tribes
770 2925 25 14 or
812 2918 133 27 Aboriginal
960 2918 127 22 inhabitant
1102 2926 24 15 as
1143 2919 122 28 aforesaid';

678 2944 45 22 and
739 2944 56 22 shall
812 2945 47 21 also
875 2945 89 30 inquire
983 2945 48 21 into
1046 2945 45 23 and
1106 2949 34 19 set
1155 2947 66 22 forth-
1231 2947 36 23 the

678 2971 96 23 number
790 2971 29 22 ot
837 2979 61 15 acres
913 2971 73 22 which
1002 2972 54 22 such
1071 2979 107 22 payment
1195 2975 71 21 would

678 2998 58 22 have
745 2998 58 22 been
814 2998 128 27 equivalent
957 3003 29 22 to,
1002 2999 119 28 according
1130 3003 22 18 to
1163 2999 37 24 the
1211 2999 56 24 rate's

678 3025 60 22 fixed
748 3025 23 22 in
781 3032 13 14 a
800 3024 106 23 schedule
917 3025 94 22 marked
1019 3026 30 26 D,
1065 3027 103 21 annexed
1184 3031 24 18 to
1225 3027 42 23 this

678 3052 56 26 Act;
750 3052 44 22 and
804 3052 22 22 if
836 3052 36 22 the
881 3052 49 22 said
939 3052 192 28 Commissioners,
1139 3061 25 14 or
1169 3061 45 21 any
1225 3059 42 17 two

678 3079 27 21 of
719 3074 69 31 them,
804 3078 57 22 shall
876 3079 29 21 be
919 3079 99 22 satisfied
1034 3079 48 23 that
1096 3080 39 22 the
1149 3088 80 20 person
1244 3088 24 15 or

678 3112 93 25 persons
777 3106 107 26 claiming
888 3105 55 23 such
950 3106 76 22 Lands
1032 3114 26 14 or
1066 3114 44 20 any
1118 3111 49 24 part
1173 3107 92 28 thereof,

678 3139 19 15 is
706 3139 25 15 or
741 3139 38 15 are
794 3132 95 22 entitled
903 3132 122 27 according
1039 3137 23 17 to
1078 3133 36 23 the
1132 3134 135 22 declaration

678 3159 28 21 of
721 3158 41 22 her
777 3158 103 28 gracious
895 3159 98 27 Majesty
1009 3166 24 14 as
1049 3159 115 28 aforesaid,
1178 3165 23 18 to
1214 3161 54 23 hold

678 3185 38 22 the
725 3185 49 22 said
785 3185 81 27 Lands,
877 3192 26 15 or
911 3192 46 21 any
965 3189 51 24 part
1022 3186 92 28 thereof,
1124 3187 44 22 and
1178 3191 23 19 to
1210 3187 57 23 have

679 3219 14 14 a
710 3212 74 22 Grant
797 3212 89 22 thereof
904 3212 65 22 made
986 3212 44 22 and
1046 3213 113 23 delivered
1174 3218 23 18 to
1214 3215 53 23 such

680 3245 79 21 person
771 3246 24 14 or
805 3246 98 20 persons,
920 3238 73 22 under
1007 3239 37 22 the
1055 3239 69 23 Great
1133 3241 50 21 Seal
1193 3242 27 21 of
1230 3242 37 22 the

679 3265 48 22 said
733 3266 95 27 Colony,
839 3265 59 28 they,
911 3265 37 22 the
957 3266 48 21 said
1011 3266 189 29 Commissioners,
1211 3269 55 21 shall

678 3297 76 26 report
762 3292 38 22 the
810 3300 69 19 same,
890 3292 45 22 and
945 3292 38 22 the
993 3293 97 26 grounds
1098 3293 92 28 thereof,
1200 3299 25 17 to
1231 3295 36 22 the

679 3318 48 22 said
738 3319 119 22 Governor
865 3318 145 28 accordingly
1016 3326 6 20 ;
1044 3319 45 22 and
1098 3319 57 23 shall
1166 3325 33 18 set
1209 3321 58 23 forth

679 3345 38 22 the
727 3346 115 26 situation,
851 3349 171 23 measurement,
1040 3346 45 22 and
1093 3347 135 24 boundaries
1238 3349 28 30 by

681 3372 71 22 which
762 3372 38 22 the
810 3372 49 22 said
870 3372 80 26 Lands,
962 3380 26 14 or
995 3373 98 27 portions
1100 3373 26 22 of
1130 3374 70 26 Land,
1211 3374 56 24 shall

680 3399 45 21 and
734 3406 52 20 may
795 3399 30 22 be
834 3399 114 22 described
959 3399 24 21 in
993 3406 68 21 every
1070 3400 53 22 such
1142 3401 79 28 Grant,
1242 3410 23 15 so

680 3426 33 21 far
722 3433 25 13 as
757 3425 17 22 it
783 3426 56 21 shall
850 3426 26 20 be
886 3425 97 27 possible
993 3429 23 17 to
1025 3427 108 21 ascertain
1145 3427 36 22 the
1191 3436 61 15 same
1260 3432 5 21 {

682 3452 115 27 Provided,
808 3452 110 27 however,
928 3452 48 22 that
987 3459 28 14 no
1026 3452 72 22 Grant
1108 3453 26 22 of
1141 3454 64 23 Land
1211 3455 55 23 shall

680 3479 28 21 be
727 3478 174 22 recommended
919 3479 30 27 by
966 3478 38 22 the
1019 3479 48 22 said
1076 3480 189 29 Commissioners,

681 3504 72 23 which
762 3505 57 22 shall
827 3505 84 22 exceed
919 3506 23 21 in
953 3509 77 18 extent
1044 3509 43 18 two
1098 3507 111 23 thousand
1224 3509 43 22 five

681 3532 102 22 hundred
788 3532 46 21 and
840 3532 59 34 sixty
906 3538 70 20 acres,
985 3532 76 22 unless
1066 3534 104 27 specially
1178 3535 89 23 author-

680 3559 47 21 ised
736 3559 87 21 thereto
833 3558 30 32 by
878 3554 37 26 the
932 3558 124 28 Governor,
1076 3560 52 22 with
1143 3561 37 22 the
1190 3562 77 22 advice

681 3586 26 21 of
713 3585 37 22 the
769 3585 123 23 Executive
907 3585 101 27 Council,
1027 3593 26 14 or
1062 3586 70 24 which
1141 3588 57 22 shall
1208 3596 59 15 com-

681 3612 101 26 prehend
791 3619 46 20 any
848 3612 65 21 Head
923 3612 72 27 Land,
1007 3612 152 30 Promontory,
1174 3616 56 27 Bay,
1242 3623 23 15 or

682 3638 83 27 Island,
777 3638 49 22 that
835 3646 52 20 may
902 3638 113 22 hereafter
1030 3639 28 22 be
1067 3641 102 27 required
1178 3642 36 22 for
1223 3649 44 21 any

679 3672 97 20 purpose
786 3665 26 22 of
819 3664 100 28 defence,
931 3673 26 14 or
965 3666 35 21 for
1009 3666 37 22 the
1057 3667 39 21 site
1103 3667 26 21 of
1136 3676 44 19 any
1189 3669 78 24 Town,'

681 3699 25 14 or
714 3692 36 21 for
759 3699 45 27 any
814 3691 63 22 other
886 3699 95 20 purpose
992 3692 26 22 of
1023 3693 75 27 public
1106 3694 79 32 utilily,
1194 3703 43 14 nor
1246 3697 25 21 of

680 3725 44 21 any
735 3718 64 23 Land
810 3718 81 23 situate
901 3726 29 15 on
941 3719 38 22 the
990 3720 42 21 Sea
1048 3720 64 22 shore
1129 3721 77 23 within
1224 3730 43 14 one

681 3744 104 26 hundred
800 3745 49 22 feet
866 3745 26 22 of
902 3746 55 26 high
973 3749 66 19 water
1058 3747 63 21 mark
1127 3756 8 13 .*
1159 3741 109 35 Provide^

680 3772 53 26 also,
754 3772 55 26 that,
830 3772 95 27 nothing
941 3772 78 22 herein
1036 3774 121 22 contained
1172 3774 58 23 shall
1242 3775 25 23 be

680 3798 52 22 held
752 3802 22 18 to
792 3798 74 27 oblige
881 3798 37 22 the
932 3798 49 22 said
990 3799 116 22 Governor
1115 3804 23 18 to
1148 3801 66 22 make
1224 3802 43 21 and

681 3824 83 23 deliver
773 3831 45 21 any
828 3824 55 22 such
894 3825 72 21 Grant
976 3832 24 15 as
1009 3826 115 26 aforesaid,
1142 3827 76 22 unless
1234 3827 33 23 his

681 3851 137 27 Excellency
828 3850 57 23 shall
895 3851 65 22 deem
969 3851 19 22 it
994 3859 81 22 spmper
1085 3861 24 13 so
1119 3856 23 18 to
1153 3854 35 21 do.
1265 3853 2 5 '

700 3885 79 21 (Certain
793 3885 61 16 Lands
868 3887 31 14 not
913 3885 19 16 to
942 3885 23 17 be
976 3881 142 24 reiomrnended,
1130 3887 23 20 by
1160 3887 87 17 Cojnmit-

877 3904 71 17 tionen.
957 3905 28 17 for
996 3904 79 21 GFarits.)

709 3930 32 21 VI
745 3946 7 10 >
761 3929 117 26 Provided,
889 3930 158 23 neverrt*Us,
1058 3932 43 21 ond
1107 3933 29 20 ho
1140 3933 19 21 it
1166 3932 99 26 enacted,

1301 132 116 28 Secretary
1435 132 56 22 shall
1511 132 55 28 duly
1585 136 95 19 account
1696 132 49 25 for,
1750 132 30 23 all
1799 132 55 23 Fees
1863 140 26 15 so

1300 158 59 22 That
1376 158 37 22 the
1423 158 47 23 said
1487 159 183 22 Commissioners
1680 158 58 23 shall
1747 164 40 17 not
1795 167 93 19 propose

1292 186 30 20 'to
1332 189 67 23 grant
1408 189 23 17 to
1441 192 45 20 any
1495 185 107 22 claimant
1611 186 154 21 whomsoever
1769 193 44 20 any
1824 186 64 22 Land

1301 211 72 22 which
1382 219 60 19 may,
1453 212 22 21 in
1488 212 39 21 the
1543 212 91 28 opinion
1650 212 27 21 of
1694 212 39 21 the
1747 212 103 28 majority
1865 213 27 20 of

1302 237 36 22 the
1348 237 49 22 said
1408 238 191 27 Commissioners,
1609 246 25 13 or
1649 238 26 22 of
1691 238 38 22 the
1745 239 104 27 majority
1866 239 27 21 of

1300 264 38 21 the
1348 265 185 21 Commissioners
1542 265 121 27 appointed
1673 269 23 17 to
1705 265 132 27 investigate
1851 265 37 21 the

1301 290 96 22 demand
1407 291 28 20 of
1444 291 54 22 such
1508 291 112 27 claimant,
1637 291 29 22 be
1681 291 104 33 required
1801 292 34 21 for
1851 291 38 22 the

1300 317 41 21 site
1348 317 27 21 of
1381 324 45 20 any
1435 320 58 19 town
1500 325 26 14 or
1533 318 87 27 village,
1631 325 26 14 or
1662 318 34 21 for
1703 317 38 22 the
1751 325 105 24 purposes
1867 319 26 21 of

1300 343 99 26 defence,
1406 351 26 14 or
1437 344 33 21 for
1474 352 47 19 any
1527 344 63 22 other
1595 352 94 19 purpose
1695 345 26 20 of
1723 344 76 28 public
1804 346 73 27 utility
1882 353 6 18 ;

1300 377 41 14 nor
1347 370 57 22 shall
1411 370 53 27 they
1470 378 95 20 propose
1572 374 23 18 to
1602 374 66 23 grant
1674 375 23 17 to
1705 378 45 20 any
1758 371 130 28 individual,

1300 403 43 20 any
1354 396 53 22 land
1417 397 27 21 of
1454 404 13 14 a
1476 397 86 22 similar
1570 397 116 22 character
1694 397 72 22 which
1774 397 53 29 they
1837 406 52 20 may

1300 423 27 21 be
1337 423 100 22 directed
1446 426 22 19 to
1477 431 94 19 reserve,
1587 423 71 22 either
1673 425 30 26 by
1719 424 37 21 the
1772 425 117 22 Governor

1300 449 26 21 of
1340 449 56 22 New
1413 450 69 22 South
1501 450 82 27 Wales,
1602 458 25 14 or
1642 451 38 21 the
1696 451 193 23 Lieutenant-Go-

1300 482 81 24 yernor
1390 476 26 22 of
1427 476 56 22 New
1492 477 108 25 Zealand,
1616 477 41 21 but
1670 477 49 22 that
1729 477 23 22 in
1762 484 66 21 every
1838 486 51 14 case

1300 501 22 22 in
1333 502 73 22 which
1414 503 56 21 land
1479 503 27 21 of
1517 503 54 22 such
1587 499 133 32 description
1733 504 72 21 would
1815 505 74 22 other-

1300 529 52 21 wise
1361 529 57 22 form
1428 536 14 14 a
1451 529 87 28 portion
1550 529 25 22 of
1582 529 37 22 the
1628 530 64 22 Land
1699 530 72 22 which
1778 530 37 22 the
1822 532 66 22 Com-

1298 555 129 22 missioners
1436 555 72 23 would
1519 562 92 27 propose
1621 560 22 18 to
1657 561 65 22 grant
1734 561 22 17 to
1766 557 36 22 the
1811 557 78 23 claim-

1300 585 45 24 ant,
1357 581 52 28 they
1420 582 56 22 shall
1486 583 23 21 in
1521 583 45 22 lieu
1574 583 27 21 of
1611 583 55 22 such
1679 583 69 28 Land,
1762 592 93 19 propose
1866 588 23 19 to

1298 612 67 21 grant
1374 613 23 17 to
1407 609 47 21 him
1468 616 25 15 or
1509 609 46 28 her,
1573 617 13 14 a
1602 611 167 26 compensation
1787 611 21 21 in
1825 611 64 22 other

1301 634 63 22 Land
1374 635 26 21 of
1411 635 42 22 fair
1462 642 95 21 average
1566 635 74 28 value,-
1649 640 25 18 at
1688 636 38 22 the
1743 640 47 19 rate
1808 638 27 21 of
1849 643 40 17 not

1298 661 44 21 less
1356 661 54 22 than
1427 662 50 27 five,
1495 670 42 14 nor
1554 670 60 14 more
1631 663 54 21 than
1701 663 70 28 thirty
1787 672 61 14 acres
1865 665 28 21 of

1300 687 63 23 Land
1378 688 35 22 for
1426 696 68 24 every
1510 696 51 15 acre
1577 690 104 31 required
1698 694 21 18 to
1735 691 28 21 be
1778 692 109 26 reserved,

1298 714 72 22 either
1379 715 35 21 for
1423 715 38 21 the
1469 720 43 17 site
1526 716 27 21 of
1566 723 14 15 a
1595 716 80 27 village
1690 724 26 14 or
1732 717 115 28 township,
1863 726 26 14 or

1298 741 35 21 for
1346 741 39 21 the
1397 748 108 21 purposes
1520 743 27 21 of
1562 743 98 26 defence,
1679 750 24 14 or
1719 743 35 23 for
1766 751 44 21 any
1823 745 66 22 other

1298 774 96 21 purpose
1403 769 27 21 of
1440 768 75 27 public
1526 769 73 28 utility
1609 777 23 14 as
1641 769 118 23 aforesaid.

1425 801 99 22 (Meetings
1530 802 20 16 of
1559 802 31 17 the
1601 803 162 20 Commissioners.)

1325 827 55 23 VII.
1396 828 55 22 And
1461 828 26 23 be
1496 829 19 21 it
1524 830 101 26 enacted,
1635 830 59 21 That
1704 830 38 23 the
1750 832 108 27 meetings
1865 832 28 21 of

1298 854 37 22 the
1345 855 49 21 said
1403 856 184 21 Commissioners
1597 856 55 22 shall
1668 857 27 21 be
1706 857 83 22 holden
1799 858 23 22 in
1834 860 54 20 such

1298 888 94 15 manner
1401 889 24 14 as
1435 882 37 21 the
1482 882 48 21 said
1540 882 118 23 Governor
1667 883 56 22 shall
1735 884 57 22 from
1802 886 53 20 time
1866 889 22 18 to

1298 908 53 21 time
1360 908 99 28 appoint,
1474 908 47 23 and
1534 908 37 25 the
1581 910 47 23 said
1638 910 183 23 Commissioners
1832 911 56 23 shall

1299 939 94 22 proceed
1402 935 53 22 with
1465 934 28 23 all
1504 936 43 21 due
1558 936 100 27 dispatch
1669 941 22 17 to
1700 937 133 28 investigate
1843 939 45 21 and

1297 966 76 22 report
1381 969 61 20 upon
1453 962 36 22 the
1500 962 77 23 claims
1587 963 97 22 referred
1694 969 24 16 to
1728 964 67 22 them.

1345 998 69 20 (Power
1421 999 21 15 of
1451 998 148 18 Commissioners
1607 1001 18 15 to
1633 1004 85 14 summon
1729 1000 111 21 Witnesses.)

1324 1024 70 23 VIII.
1409 1025 54 22 And
1472 1026 28 21 be
1510 1027 19 20 it
1543 1027 101 26 enacted,
1662 1027 59 22 That
1736 1028 18 21 it
1769 1028 57 22 shall
1842 1030 46 21 and

1296 1058 53 21 may
1360 1052 26 21 be
1396 1052 75 22 lawful
1481 1053 36 21 for
1526 1053 38 22 the
1571 1053 47 22 said
1626 1054 191 28 Commissioners,
1826 1063 60 20 upon

1298 1079 112 27 receiving
1419 1086 45 20 any
1473 1079 56 22 such
1534 1080 67 21 claim
1609 1087 23 14 as
1639 1080 118 28 aforesaid,
1766 1086 21 17 to
1795 1084 93 24 appoint

1297 1112 13 14 a
1327 1105 52 28 day,
1396 1106 31 27 by
1442 1107 73 20 notice
1532 1107 23 20 in
1571 1107 37 21 the
1727 1108 69 21 South
1812 1110 76 21 Wali-s

1298 1131 156 23 Government
1610 1141 24 14 or
1649 1136 25 18 in
1691 1140 45 26 any
1753 1134 93 23 Gazette
1862 1143 26 14 or

1297 1158 137 28 Newspaper
1444 1159 117 28 published
1571 1160 23 21 in
1604 1160 55 21 New
1677 1159 107 29 Zealand,
1802 1161 34 22 for
1851 1162 36 21 in-

1296 1185 89 28 quiring
1395 1187 47 20 into
1453 1185 54 22 such
1517 1186 73 28 claim,
1600 1186 43 22 and
1650 1191 24 16 to
1681 1187 59 22 issue
1747 1195 141 16 summonses

1296 1212 114 27 requiring
1420 1212 29 22 all
1466 1212 55 22 such
1536 1220 92 20 persons
1643 1221 25 14 as
1684 1213 56 22 shall
1757 1214 85 23 therein
1859 1216 27 21 be

1296 1239 83 21 named
1389 1244 22 16 to
1420 1246 82 20 appear
1512 1239 76 22 before
1598 1240 36 21 the
1644 1241 48 20 said
1702 1241 185 24 Commissioners

1296 1268 23 19 at
1327 1265 39 22 the
1376 1265 44 28 day
1430 1266 45 21 and
1484 1266 54 21 time
1554 1266 84 22 therein
1652 1267 128 27 appointed,
1796 1272 22 18 to
1835 1270 51 26 give

1296 1292 108 22 evidence
1414 1300 24 14 as
1448 1296 22 18 to
1480 1293 30 21 all
1521 1296 91 19 matters
1622 1293 45 22 and
1677 1294 75 27 things
1766 1294 81 23 known
1863 1301 23 17 to

1296 1326 45 20 any
1350 1319 56 22 such
1416 1326 78 21 person
1506 1320 125 27 respecting
1640 1321 54 21 such
1712 1321 73 27 claim,
1802 1322 44 22 and
1863 1326 23 19 to

1295 1345 98 47 Produce
1402 1347 23 20 in
1437 1345 106 23 evidence
1554 1347 29 21 all
1595 1347 82 27 Deeds,
1691 1348 156 28 Instrument:,
1862 1357 26 14 or

1421 1373 24 21 in
1460 1373 36 21 the
1513 1374 123 27 possession
1654 1381 25 14 or
1694 1375 87 22 control
1799 1376 26 21 of
1841 1383 23 14 ar
1870 1384 16 20 y

1296 1399 55 21 such
1362 1406 98 21 persons,
1471 1399 72 22 which
1554 1400 52 27 they
1616 1399 71 29 might
1702 1402 31 27 by
1749 1402 41 22 law
1807 1402 28 22 be
1851 1411 35 14 re-

1296 1426 80 27 quired
1386 1426 44 22 and
1441 1427 125 27 compelled
1575 1430 23 19 to
1608 1428 50 26 give
1668 1428 108 22 evidence
1787 1429 29 27 of,
1828 1437 25 15 or
1863 1435 23 18 to

1295 1452 99 48 Eroduce
1404 1453 23 21 in
1439 1453 106 22 evidence
1556 1454 22 21 in
1589 1461 43 20 any
1641 1461 66 16 cause
1715 1456 126 28 respecting
1847 1457 39 23 the

1314 1479 27 22 ke
1352 1483 91 18 matters
1458 1480 127 28 depending
1599 1481 23 21 in
1637 1481 38 22 the
1693 1482 107 27 Supreme
1816 1484 70 23 Court

1296 1506 26 22 of
1333 1507 57 21 New
1400 1506 70 22 South
1481 1506 81 28 Wales,
1574 1508 23 21 in
1608 1515 24 14 so
1642 1508 35 21 far
1685 1516 24 14 as
1723 1509 39 22 the
1778 1510 108 23 evidence

1297 1533 26 21 of
1340 1533 54 22 such
1411 1540 99 21 persons,
1528 1534 44 21 and
1590 1535 37 21 the
1644 1535 132 27 production
1794 1537 26 22 of
1830 1538 55 22 such

1296 1559 83 28 Deeds,
1392 1560 155 27 Instruments,
1558 1561 46 22 and
1613 1561 113 29 Writings,
1742 1563 56 22 shall
1808 1564 27 22 be
1846 1572 40 15 ne-

1287 1584 96 30 I'cessary
1394 1587 34 21 for
1439 1587 36 21 the
1486 1587 43 22 due
1544 1588 156 27 investigation
1712 1590 27 21 of
1750 1590 53 23 such
1813 1591 72 22 Claim

1286 1622 2 13 i
1296 1613 128 28 depending
1434 1614 74 21 before
1519 1615 38 21 the
1567 1615 46 22 said
1623 1616 184 23 Commissioners
1814 1626 5 18 ;
1839 1619 47 21 and

1296 1640 49 22 that
1354 1641 29 21 all
1393 1641 54 21 such
1458 1641 107 22 evidence
1581 1642 55 22 shall
1652 1643 28 21 be
1694 1643 69 22 taken
1780 1644 64 23 down
1861 1646 23 21 in

1296 1667 94 28 writing,
1397 1668 23 21 in
1429 1675 105 20 presence
1541 1668 28 21 of
1575 1668 37 23 the
1620 1669 114 22 witnesses
1739 1672 147 27 respectively

1295 1694 78 27 giving
1382 1695 38 20 the
1430 1702 67 20 same,
1509 1695 46 22 and
1565 1695 56 22 shall
1630 1701 24 16 at
1663 1696 37 22 the
1710 1698 55 21 time
1772 1698 28 21 be
1807 1699 79 27 signed

1296 1721 29 27 by
1335 1721 69 26 them,
1415 1728 32 21 or,
1458 1721 23 22 in
1491 1729 51 15 case
1553 1722 26 21 of
1590 1722 56 22 their
1661 1724 101 27 refusing
1777 1732 25 14 or
1818 1725 69 28 being

1295 1747 83 22 unable
1398 1752 23 17 to
1437 1749 56 26 sign,
1508 1749 30 27 by
1556 1749 38 22 the
1611 1750 117 28 Secretary
1744 1755 23 18 to
1783 1751 37 22 the
1837 1753 49 22 said

1296 1775 185 21 Commissioners
1487 1783 5 18 ;
1508 1775 46 22 and
1563 1775 48 22 that
1618 1776 28 22 all
1653 1777 55 22 such
1716 1778 106 22 evidence
1828 1779 58 22 shall

1295 1802 28 21 be
1332 1801 67 28 given
1411 1809 28 14 on
1451 1798 59 31 oath,
1522 1802 72 22 which
1604 1803 52 22 oath
1666 1804 18 21 it
1700 1804 57 22 shall
1773 1805 45 22 and
1832 1813 53 19 may

1296 1829 27 21 be
1343 1829 75 22 lawful
1439 1829 33 21 for
1488 1829 38 22 the
1541 1827 49 24 said
1606 1830 184 23 Commissioners
1806 1837 23 17 to
1846 1840 40 15 aa-

1296 1855 101 22 minister
1407 1859 23 17 to
1440 1862 66 21 every
1517 1863 80 20 person
1607 1858 122 27 appearing
1738 1859 75 22 before
1823 1860 62 22 them

1296 1885 23 18 to
1328 1882 51 27 give
1390 1882 106 23 evidence
1505 1891 5 18 ;
1527 1882 44 22 and
1580 1883 48 22 that
1637 1891 45 25 any
1693 1892 80 20 person
1786 1886 76 28 taking
1872 1895 14 14 a

1296 1909 55 22 false
1361 1909 52 21 oath
1423 1909 23 21 in
1463 1917 45 19 any
1527 1917 50 14 case
1592 1910 96 23 wherein
1705 1919 30 14 an
1751 1912 51 23 oath
1816 1914 19 21 is
1851 1921 35 14 re-

1296 1935 79 28 quired
1384 1940 22 17 to
1417 1935 27 22 be
1456 1936 66 22 taken
1531 1936 31 27 by
1572 1936 42 22 this
1625 1938 52 26 Act,
1688 1938 57 23 shall
1755 1940 26 21 be
1792 1940 94 22 deemed

1296 1962 70 25 guilty
1377 1962 26 20 of
1407 1962 75 21 .wilful
1493 1962 45 21 and
1547 1969 90 20 corrupt
1645 1965 98 25 perjury,
1757 1966 45 21 and
1818 1967 68 25 being

1298 1987 89 21 thereof
1397 1987 54 26 duly
1461 1987 124 26 convicted,
1596 1988 56 21 shall
1665 1989 27 20 be
1708 1989 67 22 liable
1792 1996 28 15 to'
1830 1991 55 22 such

1296 2013 64 26 pains
1370 2012 45 22 and
1425 2013 108 26 penalties
1542 2020 24 15 as
1576 2013 30 27 by
1615 2021 46 18 any
1669 2015 52 21 Law
1732 2022 49 15 now
1792 2016 21 22 in
1824 2018 61 21 force

1296 2045 45 21 any
1350 2046 80 24 person
1440 2039 117 22 convicted
1567 2040 27 21 of
1604 2040 68 22 wilful
1682 2042 46 21 and
1738 2047 89 23 corrupt
1835 2051 51 21 per-

1293 2064 52 28 jury
1356 2065 18 21 is
1383 2066 85 27 subject
1478 2066 46 21 and
1533 2066 67 22 liable
1613 2070 22 19 to
1644 2075 5 13 :
1671 2068 110 23 Provided
1794 2070 90 28 always,

1297 2091 48 23 that
1354 2092 22 22 in
1387 2092 29 22 all
1427 2100 60 14 ca-es
1496 2093 25 21 in
1531 2093 72 22 which
1611 2094 18 21 it
1638 2101 53 20 may
1698 2095 28 22 be
1735 2103 117 21 necessary
1862 2101 24 19 to

1298 2119 49 22 take
1364 2119 37 22 the
1418 2119 108 22 evidence
1543 2120 28 21 of
1585 2128 44 20 any
1646 2121 132 28 Aboriginal
1795 2124 89 28 Native,

1297 2145 48 21 who
1355 2145 57 22 shall
1421 2149 41 18 not
1470 2146 28 21 be
1508 2150 127 30 competent
1644 2151 23 18 to
1678 2149 53 21 take
1740 2156 29 15 an
1785 2150 66 27 Oath,
1868 2152 18 21 it

1296 2172 57 22 shall
1366 2173 28 21 be
1408 2172 74 22 lawful
1500 2173 34 21 for
1550 2169 37 26 the
1602 2174 46 22 said
1666 2176 182 23 Commissioners
1863 2182 23 19 to

1296 2199 85 21 receive
1392 2200 23 20 in
1426 2199 107 22 evidence
1543 2200 37 22 the
1591 2204 121 20 statement
1721 2203 26 21 of
1758 2204 54 21 such
1823 2205 63 22 Abo-

1296 2225 78 28 riginal
1385 2226 89 27 Native,
1486 2227 87 26 subject
1583 2231 23 17 to
1615 2228 55 22 such
1681 2229 71 22 credit
1760 2237 24 14 as
1798 2231 17 21 it
1832 2239 53 21 may

1296 2253 26 21 be
1333 2252 94 22 entitled
1437 2256 29 23 to,
1477 2253 58 22 from
1545 2254 167 29 corroborating
1724 2263 26 16 or
1764 2256 63 23 other
1843 2259 43 22 cir-

1296 2283 148 18 cumstances.

1316 2312 99 17 Witnesses
1429 2314 32 16 not
1467 2314 102 21 appearing,
1577 2319 21 12 or
1604 2315 82 21 refusing
1693 2317 17 16 to
1718 2317 41 20 give
1766 2317 99 22 evidence.)

1322 2340 44 21 IX.
1381 2340 56 22 And
1447 2341 25 21 be
1482 2342 18 24 it
1509 2342 101 27 enacted,
1629 2342 61 22 That
1708 2343 119 25 whenever
1840 2354 46 21 any

1294 2374 88 20 person,
1394 2366 49 23 who
1453 2368 68 26 being
1530 2368 54 28 duly
1594 2371 133 21 summoned
1743 2375 23 18 to
1778 2373 51 26 give
1839 2375 47 21 evi-

1294 2394 72 21 dence
1378 2394 73 21 before
1462 2394 36 23 the
1508 2395 49 22 said
1573 2396 185 24 Commissioners
1772 2406 23 14 as
1811 2400 74 23 afore-

1294 2421 55 26 said,
1362 2420 32 21 his
1402 2427 25 14 or
1434 2420 40 23 her
1481 2422 130 22 reasonable
1617 2430 109 21 expenses
1736 2425 82 28 having
1828 2427 57 23 been

1294 2448 52 31 paid
1364 2455 26 14 or
1407 2448 114 28 tendered,
1541 2449 46 21 and
1605 2454 39 17 not
1660 2451 85 28 having
1754 2460 44 19 any
1808 2453 77 23 lawful

1294 2474 153 28 impediment,
1456 2474 94 23 allowed
1556 2476 30 27 by
1594 2476 36 22 the
1637 2477 49 22 said
1693 2478 191 31 Commissioners,

1294 2501 65 27 shall,
1369 2500 39 22 fail
1418 2505 22 17 to
1451 2509 82 20 appear
1542 2507 24 17 at
1575 2503 36 21 the
1623 2504 53 22 time
1686 2505 47 22 and
1742 2506 62 27 place
1814 2509 72 26 speci-

1294 2528 44 21 fied
1347 2528 24 21 in
1381 2528 55 21 such
1446 2535 121 21 summons,
1588 2537 25 15 or
1622 2531 58 21 after
1688 2533 127 28 appearing,
1827 2535 59 22 shall

1294 2554 74 22 refuse
1387 2557 22 18 to
1429 2554 28 22 be
1475 2562 80 21 sworn,
1576 2564 25 14 or
1616 2560 23 18 to
1656 2564 87 16 answer
1755 2566 44 21 any
1809 2561 77 23 lawful

1294 2582 110 26 question,
1416 2589 26 14 or
1450 2584 22 19 to
1482 2582 98 25 produce
1589 2591 44 20 any
1643 2584 72 27 Deed,
1738 2586 145 30 Instrument,

1294 2615 25 14 or
1334 2608 104 27 Writing,
1460 2607 71 24 which
1550 2610 28 21 he
1597 2618 25 14 or
1636 2611 40 21 she
1686 2619 52 20 may
1747 2613 99 30 lawfully
1856 2615 30 23 be

1294 2634 105 28 required
1414 2639 23 17 to
1454 2636 105 31 produce,
1569 2644 26 14 or
1604 2637 92 23 without
1705 2638 65 23 leave
1780 2641 107 23 obtained

1295 2662 57 21 from
1373 2662 36 21 the
1428 2662 48 21 said
1494 2662 191 29 Commissioners,
1707 2665 57 23 shall
1784 2667 102 29 willfully

1295 2688 114 22 withdraw
1426 2688 57 22 from
1502 2689 88 22 further
1608 2691 152 23 examination
1771 2693 92 23 without
1872 2703 15 14 a

1294 2716 141 27 satisfactory
1444 2723 82 15 excuse
1535 2716 66 28 being
1609 2718 67 26 given
1685 2722 22 18 to
1717 2719 37 21 ihe
1763 2720 47 22 said
1820 2721 67 23 Com-

1295 2742 127 23 missioners
1432 2742 35 22 for
1475 2743 55 22 such
1540 2743 91 28 default,
1648 2752 25 14 or
1682 2746 129 28 appearing,
1828 2748 58 23 shall

1294 2769 73 22 refuse
1387 2776 25 15 or
1430 2769 87 22 decline
1536 2773 23 18 to
1578 2770 28 22 be
1616 2772 120 22 examined
1746 2780 25 14 or
1780 2781 50 20 give
1839 2776 48 21 evi-

1295 2796 70 21 dence
1375 2796 119 27 according
1503 2800 24 18 to
1536 2797 50 27 law,
1604 2798 107 28 touching
1724 2799 38 22 the
1773 2805 79 19 matter
1862 2802 23 22 in

1296 2822 109 28 question,
1426 2823 18 21 it
1463 2823 56 22 shall
1538 2824 46 21 and
1602 2832 51 20 may
1672 2825 27 22 be
1717 2826 74 24 lawful
1802 2827 35 23 for
1848 2829 37 22 the

1294 2849 48 22 said
1348 2850 191 27 Commissioners,
1548 2851 46 21 and
1601 2851 52 28 they
1661 2859 37 15 are
1704 2852 85 29 hereby
1796 2855 87 23 author-

1294 2876 47 21 ised
1358 2876 45 22 and
1418 2877 141 27 empowered
1574 2881 23 18 to
1611 2878 59 23 issue
1680 2879 58 22 their
1747 2886 95 18 warrant
1851 2883 36 22 for

1296 2902 37 23 the
1351 2902 163 30 apprehension
1531 2904 26 22 of
1568 2905 54 23 such
1633 2913 87 20 person,
1733 2907 22 21 in
1765 2908 64 22 order
1837 2909 50 23 that

1295 2929 27 22 he
1333 2937 52 21 may
1394 2930 28 22 be
1432 2930 97 28 brought
1536 2932 77 22 before
1621 2932 62 23 them
1691 2937 23 18 to
1721 2935 50 26 give
1779 2935 107 24 evidence

1294 2956 108 28 touching
1411 2957 54 22 such
1475 2961 82 19 matter
1566 2966 24 14 as
1601 2959 55 22 shall
1665 2960 27 22 be
1700 2961 22 21 in
1732 2963 108 26 question,
1851 2963 36 22 for

1296 2982 71 23 which
1383 2983 28 22 he
1428 2984 57 22 shall
1501 2984 58 23 have
1569 2985 57 23 been
1636 2988 134 22 summoned
1780 2996 24 14 as
1813 2990 74 22 afore-

1294 3010 60 26 said;
1370 3010 45 22 and
1425 3011 17 21 it
1451 3010 56 22 shall
1517 3012 87 22 further
1611 3013 28 22 be
1656 3013 76 23 lawful
1747 3015 35 22 for
1792 3015 36 23 the
1838 3017 49 22 said

1295 3036 191 28 Commissioners,
1505 3038 22 21 if
1541 3039 55 21 such
1614 3046 80 21 person
1712 3041 57 22 shall
1778 3046 40 18 not
1826 3043 60 22 shew

1294 3064 112 24 sufficient
1414 3071 65 15 cause
1490 3068 24 18 to
1524 3064 38 22 the
1571 3065 136 24 satisfaction
1719 3068 26 21 of
1752 3068 52 22 such
1820 3070 67 22 Com-

1295 3090 127 22 missioners
1432 3091 34 21 for
1474 3091 56 22 such
1540 3092 90 28 default,
1642 3097 23 17 to
1675 3095 94 21 commit
1775 3095 54 23 such
1837 3104 40 19 per

1294 3124 40 15 son
1352 3121 23 18 to
1391 3118 82 27 prison,
1490 3118 44 24 thei
1540 3126 13 14 c
1568 3123 22 17 to
1607 3121 84 21 remain
1707 3121 92 23 without
1807 3123 44 21 bail
1861 3131 26 15 or

1295 3144 121 26 mainprize
1425 3144 36 22 for
1469 3152 46 20 any
1525 3146 53 23 time
1595 3151 39 17 not
1650 3147 125 28 exceeding
1792 3153 94 24 twenty-

1294 3178 44 14 one
1354 3168 62 30 days,
1437 3179 25 13 or
1475 3172 23 21 in
1516 3172 44 22 lieu
1578 3173 26 21 of
1609 3173 55 22 such
1674 3174 177 29 imprisonment,
1863 3181 24 18 to

1296 3205 42 20 pay
1357 3198 55 21 such
1431 3198 52 26 fine,
1503 3203 42 17 not
1570 3200 123 28 exceeding
1716 3208 43 16 one
1783 3202 102 23 hundred

1294 3224 94 27 pounds,
1400 3232 24 14 as
1433 3224 37 22 the
1479 3224 50 23 said
1538 3226 183 23 Commissioners
1729 3226 55 24 shall
1792 3229 93 28 impose,

1296 3250 71 23 which
1378 3248 45 25 fine
1433 3251 55 22 shall
1497 3259 30 19 go
1537 3253 94 22 towards
1641 3253 38 23 the
1689 3261 110 20 expenses
1811 3257 76 21 incur-

1295 3278 39 21 red
1343 3278 24 21 in
1378 3279 103 27 carrying
1489 3278 40 22 the
1538 3279 124 28 provisions
1672 3281 26 22 of
1714 3280 45 23 this
1775 3281 46 23 Act
1838 3283 48 23 into

1296 3304 71 22 effect.

1315 3337 84 21 (Salaries
1407 3339 18 15 to
1432 3339 23 16 be
1459 3338 41 21 paid
1505 3340 19 16 to
1529 3339 31 17 the
1566 3339 148 19 Commissioners
1720 3341 36 19 aad
1761 3342 104 22 Secretary.)

1322 3365 31 22 X.
1369 3365 54 22 And
1440 3366 28 21 be
1487 3366 18 22 it
1524 3367 101 27 enacted,
1640 3368 58 22 That
1716 3368 38 23 the
1764 3370 45 22 said
1820 3372 67 22 Com-

1294 3393 129 21 missioners
1441 3393 45 21 and
1505 3393 58 22 their
1578 3394 123 28 Secretary,
1713 3396 58 23 shall
1780 3398 43 22 and
1834 3406 52 21 may

1294 3419 87 22 receive
1393 3419 34 22 for
1436 3419 57 22 their
1503 3427 49 14 own
1562 3427 47 19 use,
1629 3421 55 22 such
1703 3422 91 24 salaries
1812 3433 25 13 as
1848 3426 38 22 the

1296 3446 117 21 Governor
1431 3446 27 21 of
1472 3446 57 22 New
1547 3447 69 22 South
1635 3448 76 23 Wales
1729 3450 35 21 for
1778 3450 37 23 the
1832 3453 54 23 time

1294 3473 68 27 being
1372 3472 57 22 shall
1439 3473 70 22 direct
1519 3474 45 22 and
1579 3475 104 27 appoint;
1700 3476 72 23 which
1789 3479 97 23 Salaries

1294 3499 153 28 respectively,
1458 3499 17 22 it
1484 3500 56 22 shall
1550 3501 46 22 and
1605 3509 53 25 may
1668 3502 26 22 be
1711 3502 77 24 lawful
1804 3506 35 22 for
1847 3507 39 23 the

1294 3527 48 21 said
1352 3527 118 21 Governor
1480 3530 23 19 to
1514 3527 65 22 order
1588 3528 44 23 and
1641 3528 78 28 direct,
1736 3530 30 28 by
1781 3531 107 25 Warrant

1294 3553 72 22 under
1376 3553 34 22 his
1420 3553 67 26 hand,
1499 3558 23 17 to
1532 3554 28 22 be
1569 3554 52 28 paid
1631 3555 58 22 from
1698 3557 47 22 and
1754 3562 39 18 out
1808 3560 27 21 of
1848 3561 38 22 the

1295 3580 119 22 Revenues
1424 3580 27 21 of
1465 3580 57 23 New
1531 3581 108 28 Zealand;
1656 3583 45 24 and
1710 3583 39 24 the
1759 3592 60 16 same
1829 3587 57 23 shall

1294 3607 27 22 be
1341 3607 37 22 the
1398 3606 71 23 whole
1489 3607 26 22 of
1528 3607 37 22 the
1581 3610 166 23 renumeration
1759 3612 27 22 of
1790 3613 36 22 the
1837 3614 50 23 said

1296 3634 183 21 Commissioners
1498 3634 45 23 and
1563 3635 123 29 Secretary,
1708 3638 48 22 and
1778 3647 66 20 every
1863 3642 27 22 of

1296 3660 60 23 them
1375 3660 154 28 respectively,
1548 3661 35 22 for
1601 3662 44 23 and
1661 3671 23 15 in
1700 3669 89 24 respect
1797 3667 26 22 of
1828 3667 59 24 their

1294 3687 49 22 said
1353 3687 89 22 Offices.

1315 3721 52 20 (Fees
1381 3723 19 14 to
1415 3721 22 16 be
1452 3721 55 17 taken
1522 3721 23 21 by
1562 3722 92 22 Secretary
1668 3726 19 15 to
1701 3725 164 23 Commissioners.)

1322 3748 44 22 XI.
1382 3748 55 22 And
1456 3748 26 22 be
1497 3749 18 22 it
1531 3750 100 27 enacted,
1646 3751 59 24 That
1716 3753 62 23 there
1792 3755 56 22 shall
1857 3757 29 22 be

1295 3775 52 27 paid
1357 3779 22 17 to
1390 3775 37 21 the
1437 3775 48 22 said
1494 3776 184 24 Commissioners
1694 3787 26 14 or
1736 3780 58 23 their
1809 3784 77 21 Secre-

1296 3806 47 30 tary
1353 3802 30 27 by
1393 3809 68 20 every
1469 3810 81 20 person
1560 3804 91 28 making
1661 3812 13 15 a
1682 3807 72 22 Claim
1762 3812 22 17 to
1792 3816 12 14 a
1812 3810 74 21 Grant

1295 3829 25 20 of
1327 3829 66 21 Land
1404 3829 71 23 which
1482 3829 58 23 shall
1545 3831 28 21 be
1580 3831 99 25 referred
1685 3833 29 28 by
1722 3833 38 22 the
1769 3835 118 24 Governor

1295 3858 22 18 to
1325 3854 38 22 the
1373 3855 47 23 said
1439 3855 184 25 Commissioners
1641 3859 34 22 for
1694 3861 152 23 examination
1862 3870 24 15 as

1295 3882 165 29 hereinbefore
1468 3883 143 28 isfimrovided,
1622 3885 39 22 the
1670 3887 87 21 several
1768 3887 54 23 Fees
1835 3896 51 18 spe-

1294 3906 66 22 cified
1376 3912 26 16 m
1421 3906 39 22 the
1477 3907 111 23 Schedule
1608 3914 24 17 to
1649 3911 45 21 this
1712 3913 47 21 Act
1772 3915 112 24 annexed,

1294 3932 93 21 niarkert
1397 3932 28 23 C;
1442 3934 42 18 and
1496 3934 37 18 tbr
1544 3933 47 20 toW
1601 3934 184 26 Commugipner
1795 3945 26 14 or
1828 3940 58 21 their

1915 135 53 25 paid
1978 137 22 18 to
2009 135 62 20 them
2081 140 26 15 or
2115 135 47 20 him
2172 141 25 14 as
2206 135 113 27 aforesaid,
2338 137 45 21 and
2394 137 56 23 shall
2460 146 44 21 pay

1916 160 39 21 the
1973 167 61 15 same
2053 160 47 21 into
2114 160 38 22 the
2166 160 72 23 hands
2248 161 26 22 of
2279 162 34 21 the
2323 162 102 24 Colonial
2436 166 69 22 Trea-

1916 193 64 15 surer
1989 186 26 22 of
2020 187 55 22 New
2086 186 69 23 South
2166 186 82 28 Wales,
2260 195 21 14 or
2291 188 37 22 the
2481 194 25 22 of

1916 212 57 22 New
1982 213 107 26 Zealand,
2100 220 29 15 on
2140 213 37 22 the
2185 213 47 22 'last
2241 214 40 32 day
2292 215 27 22 of
2331 221 77 23 every'
2416 219 86 28 month,

1917 246 25 14 or
1950 246 25 15 as
1985 246 54 15 soon
2048 239 119 22 thereafter
2176 247 24 15 as
2207 241 137 28 practicable,
2356 245 22 19 to
2388 243 28 22 be
2425 251 50 20 appj
2481 237 24 31 0^

1916 266 86 26 priated
2022 270 22 17 to
2063 266 37 21 the
2117 266 75 27 public
2208 274 50 15 uses
2276 268 22 21 of
2303 268 39 21 the
2352 269 47 22 said
2410 270 86 29 Colony

1917 291 46 22 and
1971 292 24 21 in
2006 296 92 24 support
2108 292 26 22 of
2141 292 36 22 the
2189 293 150 23 Government
2350 295 61 23 there
2422 298 21 20 ,

1953 325 75 20 (Saving
2035 325 31 16 the
2074 325 57 21 Right
2138 326 35 16 and
2185 326 110 21 Prerogative
2301 329 18 14 ot
2331 328 39 17 Her
2376 329 92 22 Majenty.)

1945 352 57 22 XII.
2021 352 108 22 Provided
2138 353 89 28 always,
2238 354 42 22 and
2287 355 27 21 be
2322 355 17 21 it
2347 355 104 24 declared
2458 359 45 22 and

1918 378 102 27 enacted,
2031 378 60 22 That
2107 379 95 28 nothing
2217 381 22 21 in
2258 381 39 21 this
2313 381 45 22 Act
2375 385 118 22 contained

1917 405 58 21 shall
1985 405 26 21 be
2021 404 95 23 deemed
2125 406 22 21 in
2158 413 46 20 any
2215 414 47 20 way
2273 412 18 16 to
2301 409 67 21 affect
2382 417 47 18 any
2446 411 58 27 right

1917 438 26 14 or
1957 432 139 27 prerogative
2113 432 27 21 of
2156 432 41 22 her
2215 433 99 28 Majesty,
2339 435 40 21 her
2394 436 68 23 Heirs
2479 446 26 14 or

1917 458 137 21 Successors.

1964 484 25 20 /
2125 498 6 3 -
2168 485 125 23 GEORGE

2350 515 127 24 Governor.

1919 541 82 23 Passed
2016 542 37 22 the
2068 542 134 28 Legislative
2218 545 96 27 Council,
2331 545 51 31 the)
2445 561 4 4 .

1953 569 74 21 fourth
2039 569 43 28 day
2091 570 27 20 of
2129 571 96 26 August,
2237 572 46 21 One
2293 572 77 22 thous-
2376 566 9 37 \

1954 595 45 22 and
2008 595 61 28 eight
2079 595 103 23 hundred
2192 597 44 22 and
2246 598 61 28 forty.
2371 593 11 33 J

1968 646 14 18 /
1991 643 3 4 -
2067 629 146 23 WILLIAM
2229 632 220 30 MACPHERSON,

1951 662 22 15 /'
2280 659 64 23 Clerk
2354 661 26 21 of
2391 662 113 23 Councils.

2053 717 130 16 SCHEDULES
2198 719 114 15 REFERRED
2326 720 37 15 TO.

2199 738 22 22 A

2075 765 190 22 commissioner's
2278 774 66 15 oath.

1917 821 12 11 r
1942 821 15 11 ii
1954 795 11 21 1
1967 811 6 11 '
1992 822 36 10 j-,.
2083 823 6 9 ,
2138 797 29 22 do
2176 798 95 23 solemnl
2272 807 11 19 y
2293 807 76 21 sweai,
2380 801 49 23 that
2439 803 66 23 faith-

1917 823 57 26 fully
1990 823 124 28 diligently,
2129 825 46 21 and
2192 825 137 29 impartially,
2341 832 23 17 to
2375 828 37 22 the
2423 830 48 21 best
2481 832 25 20 of

1917 855 38 25 my
1965 849 84 27 ability,
2062 850 10 21 I
2086 850 43 22 will
2140 856 94 17 execute
2244 852 35 22 the
2288 853 73 22 duties
2371 855 25 21 of
2408 863 14 14 a
2438 857 66 22 Com-

1915 876 125 25 missioner,
2058 877 119 26 appointed
2188 878 71 22 under
2272 879 42 22 and
2329 881 30 26 by
2376 882 73 23 virtue
2459 884 27 21 of
2491 891 14 15 a

1917 902 84 22 certain
2024 903 46 21 Act
2089 903 27 21 of
2133 903 36 23 the
2193 905 113 22 Governor
2327 908 27 20 of
2368 907 54 22 New
2433 910 71 23 South

1917 928 82 27 Wales,
2024 929 51 21 with
2100 929 38 23 the
2161 930 79 23 advice
2263 933 23 20 of
2305 932 39 23 the
2369 934 134 28 Legislative

1917 955 94 22 Council
2020 956 27 21 of
2053 955 36 23 the
2098 957 49 21 said
2156 958 95 27 Colony,
2262 959 61 22 made
2333 960 45 23 and
2387 963 80 25 passed
2481 964 22 21 in

1917 982 37 22 the
1973 982 76 22 fourth
2067 983 59 22 Year
2143 984 30 21 of
2183 984 37 22 the
2238 986 67 26 Reiffn
2317 987 26 21 of
2356 987 37 23 he
2406 988 99 29 Majesty

1915 1009 79 24 Queen
2007 1009 105 32 Victoria,
2124 1011 111 26 intituled,
2275 1013 31 21 A.n
2319 1014 46 21 Act
2374 1019 23 18 to
2408 1023 97 19 empow-

1917 1036 14 35 I'
1942 1043 25 13 er
1987 1035 36 22 the
2053 1037 117 22 Governor
2189 1038 26 21 of
2227 1038 54 22 New
2299 1040 70 22 South
2389 1042 76 23 Wales
2482 1048 23 18 to

1942 1062 93 27 appoint
2044 1063 191 28 Commissioners,
2253 1066 49 21 with
2312 1068 85 21 certain
2410 1076 85 20 powers

1941 1092 23 18 to
1975 1090 102 22 examine
2088 1090 45 22 nd
2143 1096 74 21 report
2227 1098 29 14 on
2267 1092 80 22 Claims
2357 1098 21 17 to
2388 1095 84 23 Grants
2483 1098 23 21 of

1948 1115 66 22 Land
2029 1116 23 21 in
2070 1116 56 22 New
2278 1119 43 22 and
2331 1119 48 23 that
2390 1122 10 21 I
2411 1122 45 22 will
2466 1128 40 17 not

1915 1141 84 27 myself
2006 1142 94 27 directly
2112 1150 24 14 or
2150 1144 127 28 indirectly,
2295 1145 50 23 take
2364 1155 26 14 or
2408 1151 89 21 receive

1915 1175 25 13 or
1959 1167 128 28 knowingly
2103 1171 82 25 permit
2202 1178 46 20 any
2257 1171 62 23 other
2327 1181 82 19 person
2420 1180 23 17 to
2452 1176 53 23 take

1915 1201 25 14 or
1949 1201 87 15 receive
2046 1202 45 20 any
2100 1195 36 22 fee
2145 1204 25 14 or
2180 1198 85 21 reward
2274 1198 30 22 for
2314 1207 45 20 any
2370 1200 66 29 thing
2445 1202 59 23 done

1915 1228 25 14 or
1950 1221 125 27 performed
2085 1222 72 22 under
2166 1223 47 23 and
2222 1225 29 26 by
2261 1224 68 23 virtue
2340 1227 28 21 of
2378 1235 45 20 any
2434 1230 27 21 of
2467 1229 38 23 the

1915 1247 128 23 Provisions
2068 1249 26 21 of
2113 1249 37 22 the
2169 1251 49 22 said
2236 1251 48 28 Act,
2304 1253 66 22 other
2389 1255 54 22 than
2460 1257 45 22 and

1915 1279 80 23 except
2003 1275 55 22 such
2069 1283 24 14 as
2102 1276 20 22 is
2131 1277 129 23 authorised
2269 1279 26 27 by
2303 1279 39 22 the
2352 1281 48 22 said
2410 1283 53 22 Act.

2133 1303 29 21 So
2172 1304 52 28 help
2233 1312 37 14 me
2279 1305 56 23 God.

1915 1327 77 23 Sworn
2001 1327 84 28 before,
2097 1336 36 15 me
2143 1329 45 23 this
2200 1337 11 20 \
2297 1333 29 22 A.
2338 1334 19 21 B

1969 1355 44 27 day
2023 1356 27 21 of
2102 1357 39 21 184
2156 1373 5 5 .
2199 1357 12 19 /

1914 1391 75 27 Judge
1999 1392 28 21 of
2032 1392 37 22 the
2080 1394 109 28 Supreme
2199 1395 71 23 Court
2277 1396 24 22 of

1996 1418 57 23 New
2063 1418 70 24 South
2144 1420 82 24 Wales.

2201 1475 20 22 B

2092 1503 152 22 secretary's
2259 1512 65 15 oath.

1954 1564 9 7 _
1982 1533 47 38 ,*.,
2041 1561 10 5 -
2128 1562 31 9 ..,.
2216 1562 7 9 ,
2270 1538 25 22 do
2303 1539 113 32 solemnly
2427 1549 72 16 swear

1914 1561 50 20 that
1982 1561 119 27 faithfully,
2122 1562 124 29 diligently,
2267 1565 40 22 and
2316 1566 144 29 impartially,
2481 1574 23 18 to

1914 1587 38 21 the
1962 1587 49 21 best
2020 1588 28 21 of
2054 1595 36 20 my
2100 1588 86 28 ability,
2198 1590 11 21 I
2220 1590 45 22 will
2275 1598 89 17 execute
2382 1594 38 22 the
2430 1596 74 22 duties

1914 1614 26 20 of
1956 1614 116 28 Secretary
2091 1619 23 18 to
2130 1616 38 21 the
2185 1617 181 25 Commissioners
2382 1623 122 26 appointed

1914 1641 73 21 under
2003 1641 46 21 and
2067 1641 26 27 by
2116 1642 73 23 virtue
2207 1644 26 21 of
2248 1652 14 14 a
2277 1647 80 21 certain
2377 1648 46 22 Act
2434 1649 26 21 of
2467 1650 38 22 the

1914 1667 118 22 Governor
2042 1668 24 21 of
2075 1668 55 22 New
2140 1670 71 22 South
2222 1671 78 27 Wales,
2310 1674 53 22 with
2373 1674 38 22 the
2425 1676 80 24 advice

1914 1695 26 20 of
1947 1695 38 21 the
1995 1695 134 27 Legislative
2146 1696 93 23 Council
2256 1699 23 21 of
2289 1699 38 22 the
2343 1701 49 21 said
2408 1702 87 27 Colony

1914 1721 66 22 made
1998 1722 46 21 and
2062 1722 80 27 passed
2158 1724 24 21 in
2202 1724 37 22 the
2258 1726 81 23 Fourth
2354 1735 55 21 year
2425 1730 27 20 of
2465 1730 38 22 the

1914 1747 73 28 Reign
1995 1749 27 20 of
2029 1749 47 21 Her
2086 1749 95 29 Mjyesty
2190 1752 79 23 Queen
2277 1752 103 30 7ictona,
2391 1755 112 29 intituled,

1923 1776 6 8 '
1940 1775 38 21 An
1994 1775 45 22 Act
2053 1780 22 17 to
2090 1783 112 21 empower
2216 1778 37 22 the
2269 1779 114 23 Governor
2403 1782 27 22 of
2448 1784 55 21 New

1940 1802 71 21 South
2021 1802 74 22 Wales
2105 1808 23 17 to
2138 1804 93 28 appoint
2246 1806 189 30 Commissioners,
2451 1810 52 22 with

1939 1833 84 17 certain
2044 1829 93 28 Powers,
2157 1836 23 16 to
2197 1833 101 22 examine
2316 1834 45 22 and
2379 1840 77 23 report
2474 1844 29 14 on

1940 1855 83 22 Claims
2033 1860 22 17 to
2071 1856 84 23 Grants
2165 1858 27 21 of
2204 1858 66 23 Land
2277 1860 21 21 in
2314 1861 57 22 New

1914 1882 45 21 and
1969 1882 47 22 that
2027 1882 10 22 I
2050 1883 42 22 will
2102 1888 40 17 not
2148 1886 88 26 myself,
2247 1886 97 29 directly,
2356 1896 24 14 or
2386 1889 119 28 indirectly

1914 1909 52 22 take
1976 1917 24 14 or
2009 1910 93 26 receive,
2114 1918 25 14 or
2147 1911 130 30 knowingly
2283 1916 82 25 permit
2378 1922 46 21 any
2441 1917 64 22 other

1914 1943 80 19 person
2004 1940 23 18 to
2038 1936 51 23 take
2098 1945 26 14 or
2133 1938 87 23 receive
2229 1947 46 20 any
2281 1941 35 22 fee
2326 1949 26 13 or
2368 1943 85 22 reward
2470 1945 35 21 for

1914 1969 45 19 any
1978 1962 65 26 thing
2060 1963 59 21 done
2138 1971 24 13 or
2182 1966 120 24 performed
2323 1968 73 20 under
2411 1971 56 18 and-
2475 1971 29 24 by

1914 1987 72 21 virtue
1995 1988 27 20 of
2027 1995 45 20 any
2082 1989 27 20 of
2115 1989 37 21 the
2164 1990 122 22 Provisions
2297 1992 26 21 of
2329 1992 39 21 the
2377 1993 50 22 said
2445 1994 45 21 Act
2497 2003 5 17 ;

1914 2013 45 21 and
1968 2013 49 21 that
2027 2014 11 21 I
2050 2014 43 21 will
2100 2014 54 28 duly
2164 2020 96 17 account
2270 2017 31 21 for
2309 2018 46 22 and
2365 2026 43 20 pay
2417 2027 55 15 over
2482 2025 23 17 to

1914 2039 38 22 the
1962 2040 101 22 Colonial
2072 2041 122 22 Treasurer
2202 2043 27 21 of
2236 2043 51 22 New
2298 2044 70 23 South
2378 2046 83 27 Wales,
2479 2055 26 14 or

1914 2066 38 22 the
1962 2067 120 21 Treasurer
2091 2068 27 21 of
2124 2068 56 22 New
2190 2069 104 28 Zealand,
2311 2079 29 14 on
2352 2071 38 23 the
2399 2072 45 23 last
2460 2074 43 28 day

1914 2093 26 22 of
1947 2101 68 20 every
2023 2093 87 28 month,
2121 2102 24 14 or
2155 2103 25 14 as
2189 2103 55 15 soon
2253 2096 118 24 thereafter
2378 2107 25 14 as
2413 2107 52 21 may
2476 2101 28 21 be

1914 2120 141 27 practicable,
2066 2121 30 21 all
2106 2121 46 22 fees
2161 2123 123 29 previously
2295 2125 102 23 received
2413 2126 30 28 by
2460 2135 43 19 me,

1914 2154 24 14 as
1947 2147 24 21 in
1982 2147 36 22 the
2028 2147 47 22 said
2086 2148 42 22 Act
2140 2148 106 23 directed.

2109 2176 29 20 So
2148 2175 52 28 help
2211 2184 36 15 me
2258 2176 53 24 Gi.d.

1914 2201 77 22 Sworn
2001 2201 78 22 before
2089 2209 37 14 me
2137 2202 43 22 this
2199 2212 8 15 >

1968 2227 45 28 day
2023 2228 27 22 of
2105 2230 40 20 184
2159 2244 7 7 .
2197 2228 12 22 /

1914 2260 75 28 Judge
1999 2261 26 22 of
2030 2261 38 22 the
2077 2263 109 21 Surname
2196 2263 69 23 Court
2274 2264 23 23 of

1969 2288 56 22 New
2035 2288 70 22 South
2115 2288 82 24 Wales.

2203 2345 18 21 C

1963 2375 53 15 FEES
2025 2377 29 14 TO
2064 2377 27 15 BE
2102 2377 111 16 RECEIVED
2223 2378 28 15 BY
2263 2379 40 15 THE
2314 2380 85 16 SECRET
2406 2383 49 15 MIV.

1914 2415 50 33 For_
1968 2416 64 27 filing
2041 2424 44 20 any
2096 2417 119 23 Memorial
2225 2419 51 22 with
2283 2420 38 23 the
2328 2421 65 22 Colo-

1941 2443 48 22 nial
1994 2444 125 28 Secretary,
2128 2451 25 15 or
2158 2446 123 27 opposition
2291 2447 86 23 thereto
2384 2464 6 6 .
2405 2450 14 20 5
2448 2452 13 19 0
2488 2452 15 20 0

1915 2469 44 22 For
1964 2477 67 21 every
2038 2471 120 22 Summons
2163 2472 36 21 for
2206 2472 122 29 Witnesses,
2337 2475 55 22 each

1941 2497 121 22 Summons
2071 2498 133 28 containing
2213 2504 43 17 two
2267 2507 82 20 names,
2364 2502 29 28 by

1942 2523 38 22 the
1991 2524 67 35 Party
2067 2525 114 28 requiring
2192 2526 36 23 the
2238 2535 58 15 same
2406 2532 15 20 0
2447 2531 14 20 5
2489 2532 14 20 0

1915 2551 44 21 For
1968 2558 67 20 every
2046 2552 96 22 Witness
2152 2554 126 26 examined,
2284 2562 25 15 or
2317 2556 75 22 Docu-
2418 2574 4 3 .

1941 2581 63 18 ment
2020 2585 24 14 or
2060 2578 104 23 Voucher
2178 2580 85 27 produc
2277 2581 11 22 d
2302 2582 22 21 in
2342 2582 51 22 Evi-

1941 2604 79 27 dence,
2036 2605 29 34 by
2080 2605 37 22 the
2128 2606 67 28 Party
2204 2606 23 23 in
2239 2608 69 22 whose
2318 2609 79 22 behalf

1941 2632 121 21 examined
2071 2639 25 14 or
2105 2632 113 28 produced
2407 2639 15 19 0
2448 2638 14 20 5
2489 2639 14 19 0

1915 2657 44 22 For
1976 2658 77 27 taking
2069 2658 64 23 down
2150 2659 39 22 the
2205 2661 151 23 examination
2371 2662 27 22 of

1941 2691 46 20 any
1997 2684 97 23 Witness
2408 2692 15 20 0
2448 2691 14 21 5
2490 2693 14 20 0

1915 2710 44 22 For
1968 2718 68 22 every
2047 2719 42 15 one
2096 2712 103 23 hundred
2206 2714 77 23 Words
2289 2716 59 22 after
2355 2716 38 22 the

1942 2737 49 22 first
1999 2738 110 27 hundred,
2123 2740 121 23 additional
2406 2745 16 21 0
2448 2745 14 21 2
2490 2745 13 20 6

1915 2764 44 22 For
1969 2772 68 20 every
2046 2765 126 23 Certificate
2181 2768 95 26 granted
2286 2769 31 27 by
2327 2770 67 22 Com-

1942 2791 134 28 missioners,
2096 2793 27 22 of
2142 2794 98 27 Default,
2262 2796 87 22 Refusal
2371 2801 25 17 to

1942 2825 93 20 answer,
2055 2827 24 14 or
2099 2820 69 23 wilful
2190 2820 158 30 Withdrawing
2371 2824 27 21 of

1942 2852 45 20 any
2001 2845 105 24 Witness.
2409 2852 9 20 \
2448 2852 55 21 0,0

1917 2871 43 22 For
1966 2879 45 21 any
2018 2873 63 22 Final
2088 2874 92 28 Report,
2189 2879 22 17 to
2220 2876 28 21 be
2258 2876 47 26 paid
2316 2877 29 27 by
2356 2876 38 22 the

1943 2898 66 29 Party
2017 2907 25 14 or
2050 2900 83 23 Parties
2139 2901 23 22 in
2171 2901 75 23 whose
2253 2904 60 21 favor
2320 2904 72 26 made,

1943 2926 65 22 when
2018 2926 38 23 the
2065 2931 78 18 extent
2154 2928 27 22 of
2193 2928 36 23 the
2238 2929 61 22 Land
2307 2937 88 15 recom-

1942 2953 98 22 mended
2049 2954 27 21 be
2086 2958 41 17 not
2140 2956 125 26 exceeding
2279 2956 40 22 live
2337 2956 57 23 hun-

1942 2979 55 23 dred
2006 2988 62 15 acres
2230 2993 5 4 -
2406 2984 14 20 5
2448 2985 14 20 0
2490 2986 13 20 0

1915 3006 45 21 For
1964 3013 67 21 every
2035 3007 123 22 additional
2165 3015 44 14 one
2213 3007 99 24 hundred
2319 3017 73 15 acres.
2408 3012 14 19 0
2437 3012 27 21 10
2490 3013 14 20 0

2203 3060 22 23 I>

1938 3097 53 17 Time
1997 3097 54 17 when
2058 3097 31 17 the
2096 3099 99 19 purchases
2202 3103 46 13 were
2256 3100 53 17 made.
2383 3101 35 17 Per
2426 3102 51 17 Acre.

1978 3132 62 14 -Mio*
2211 3135 24 12 to
2354 3137 15 12 s.
2389 3133 19 17 d.

1916 3150 33 20 Ist
1966 3149 61 27 Jan.,
2044 3151 52 21 1815
2151 3152 50 21 31st
2211 3151 65 28 Dec,
2288 3154 54 21 1824
2352 3156 16 19 0
2394 3156 15 20 6

2044 3178 51 20 825
2288 3180 54 21 1829
2353 3182 15 21 0
2394 3183 14 20 6
2418 3183 46 20 toO
2491 3182 13 21 8

2042 3205 53 21 1830
2288 3208 54 21 1834
2352 3209 15 20 0
2393 3209 67 20 Btol
2491 3210 14 19 0

2042 3231 53 21 185
2288 3234 54 21 1836
2354 3236 9 20 1
2392 3236 71 20 Oto2
2490 3236 15 20 0

2043 3258 53 22 183?
2289 3262 53 20 1838
2353 3262 15 21 2
2393 3263 70 20 Oto4
2491 3263 14 20 0

2042 3285 54 22 1839
2208 3286 15 12 v
2291 3287 77 27 }839\4
2393 3290 70 19 OtoS
2490 3290 14 19 0

1943 3321 54 22 And
2008 3322 49 27 fifty
2067 3330 40 20 per
2117 3327 59 19 cent,
2188 3324 70 22 above
2269 3324 58 22 these
2338 3328 65 23 rates,
2411 3325 34 22 for
2455 3332 49 21 per-

1915 3355 52 15 sons
1977 3353 40 18 not
2027 3350 127 28 personally
2169 3351 101 22 resiient
2281 3351 22 22 in
2321 3351 56 24 New
2395 3352 109 25 Zealaud*

1915 3382 25 14 or
1949 3379 41 18 not
1998 3375 107 29 having'a
2114 3377 100 23 resident
2221 3377 74 28 Agent
2303 3384 30 17 an
2342 3378 39 23 the
2390 3382 61 24 spot..

1942 3402 85 27 Goods,
2039 3403 64 23 when
2114 3404 67 27 given
2192 3408 23 18 to
2225 3405 37 21 the
2277 3404 96 23 Natives,
2382 3405 25 22 in
2425 3406 79 21 Barter

1914 3428 35 22 for
1959 3429 71 27 Land,
2042 3434 23 18 to
2074 3431 28 21 be
2113 3431 119 23 estimated
2251 3434 24 19 at
2284 3431 72 24 three-,
2364 3432 67 23 times
2447 3432 58 23 their

1915 3456 80 26 selling
2003 3457 62 25 price
2073 3457 23 22 in
2108 3457 91 25 Sydney
2209 3462 23 18 at
2241 3457 37 23 the
2284 3458 63 22 time.

1917 3511 164 49 HAND
2099 3512 29 22 T
2145 3512 85 23 COOK
2253 3512 40 27 beg
2317 3516 23 17 to
2362 3511 84 25 inform
2464 3513 37 22 the

2009 3539 77 23 Public
2096 3539 49 23 that
2154 3539 54 27 they
2218 3539 57 21 have
2282 3539 88 28 opened
2383 3540 39 22 the
2432 3540 69 22 house

1917 3565 67 28 lately
1994 3565 106 28 occupied
2112 3567 28 28 by
2151 3565 45 24 Mr.
2208 3565 97 22 Heather
2320 3573 25 15 as
2361 3573 14 15 a
2390 3567 73 26 Store,
2477 3567 24 22 in

1917 3592 125 24 connexion
2052 3592 52 23 with
2111 3592 57 22 their
2176 3592 65 23 other
2248 3592 176 28 establishment*
2429 3594 72 23 where

1917 3619 51 28 they
1977 3619 80 22 intend
2067 3622 22 18 to
2098 3626 64 21 carry
2171 3624 30 16 on
2216 3619 105 27 business,
2340 3620 46 22 and
2399 3620 59 28 hope
2468 3620 33 22 for

1917 3654 11 13 a
1947 3646 153 21 continuation
2121 3645 26 22 of
2173 3645 38 22 the
2229 3645 52 24 kind
2299 3650 124 24 patronage
2448 3647 53 28 they

1917 3673 56 21 have
1983 3672 90 28 already
2083 3672 111 22 received.

1917 3726 174 48 WANTED
2115 3725 160 28 immediately,
2300 3734 29 15 an
2353 3727 148 27 experienced

2011 3753 84 21 COOK
2103 3760 6 19 ;
2124 3752 54 27 also,
2197 3760 14 15 a
2227 3753 60 24 BAR
2301 3754 93 23 MAID.
2424 3754 76 28 Apply

1917 3784 20 17 at
1947 3779 38 22 the
1996 3779 100 22 Durham
2107 3779 76 22 Arms.

1941 3807 124 26 Britannia,
2076 3807 51 21 Oct.
2139 3807 32 26 10,
2183 3808 61 21 1840.

1917 3860 174 48 WANTED
2106 3860 161 30 immediately,
2283 3869 29 16 an
2328 3862 73 23 active
2418 3862 80 27 Young

2011 3887 63 27 Man,
2098 3894 26 15 as
2146 3887 134 25 WAITER,
2314 3889 78 29 Apply
2414 3892 26 20 at
2460 3888 37 23 the

1935 3913 107 22 Durham.
2048 3914 75 22 Arms.
2126 3914 5 9 '
2135 3914 5 9 '

1941 3939 123 22 Fritnrmin,
2075 3940 53 21 Oet^
2136 3941 34 20 16.
2181 3941 55 20 !84O
2237 3956 7 5 v

164 132 245 26 GOVERNMENT
427 133 138 25 NOTICE.

34 161 29 33 /
261 164 75 22 Police
347 164 77 26 Office,
438 164 52 22 Port
499 165 130 28 Nicholson,

348 191 50 21 12th
407 191 104 27 October,
523 193 60 21 1840.

86 225 129 20 NOTICE
230 225 45 20 TO
289 225 170 20 SAWYERS
470 226 21 20 &
500 226 144 21 OTHERS.

73 251 75 48 NO
162 251 131 21 SAWYER
303 258 25 14 or
337 251 63 22 other
409 258 79 20 person
507 252 43 21 will
565 254 27 20 be
609 260 49 20 per-

154 277 76 22 mitted
241 281 22 17 to
273 280 39 18 cut
322 277 79 22 timber
414 285 26 14 or
456 282 60 17 erect
532 278 80 23 houses
628 286 30 15 on

73 311 44 19 any
129 310 80 15 native
221 310 94 15 reserve.

101 332 34 20 No
144 331 89 32 Sawyer
243 336 25 15 or
277 330 64 21 other
350 337 80 20 person
442 331 44 21 will
496 331 27 22 be
540 332 118 26 permitted

73 360 23 17 to
105 360 38 18 cut
157 356 78 22 timber
252 363 29 14 on
297 364 44 19 any
357 357 63 21 other
435 357 59 26 land,
513 358 92 21 without
621 358 37 22 the

72 383 86 21 written
169 383 129 26 permission
310 383 57 21 from
375 383 37 21 the
420 390 75 15 owner
502 385 27 20 of
534 385 54 21 such
597 385 59 26 land,

71 408 37 22 the
118 409 129 26 permission
258 412 23 18 to
291 409 28 21 be
329 409 46 21 also
391 409 80 27 signed
485 410 30 27 by
531 411 36 21 the
584 411 77 27 Police,

73 435 129 26 Magistrate
212 435 76 21 before
298 435 18 22 it
326 443 41 14 can
378 436 26 21 be
414 436 64 22 acted
489 444 67 20 upon.

99 462 52 25 Any
161 469 78 20 person
250 461 77 27 found,
344 462 66 25 (after
419 462 44 22 this
473 464 91 25 notice,)
579 463 78 23 break-

70 487 39 27 ing
126 487 36 23 the
179 488 116 27 foregoing
311 488 143 27 regulations,
474 489 43 22 will
538 491 26 21 be
580 498 78 20 appre-

69 513 89 24 hended
168 514 44 22 and
219 514 112 29 punished
339 515 120 27 according
468 519 22 18 to
499 516 50 22 law.

270 548 147 23 MICHAEL
433 550 141 27 MURPHY,

353 576 66 21 Chief
431 575 74 23 Police
517 578 138 26 Magistrate.

162 630 245 24 GOVERNMENT
427 632 138 25 NOTICE.

238 662 101 22 Colonial
350 663 135 28 Secretary's
496 664 78 25 Office,

123 688 93 27 Russell,
230 689 47 26 Bay
288 689 27 21 cf
327 689 93 26 Islands,
435 690 49 22 17th
492 691 68 27 Sept.,
569 692 59 21 1840.

69 721 52 48 IN
132 729 122 19 pursuance
264 722 28 21 of
307 722 37 21 the
353 723 125 32 provisions
489 724 26 21 of
531 731 28 14 an
576 726 45 21 Act
633 726 27 21 of

127 749 36 20 the
181 748 116 22 Governor
317 749 45 22 and
378 750 93 21 Council
482 750 28 21 of
520 751 55 22 New
586 750 69 24 South

71 774 79 26 Wales,
162 775 78 34 passed
248 783 29 14 on
288 775 37 22 the
334 776 73 21 fourth
416 776 43 27 day
470 777 26 21 of
506 778 94 26 August,
611 779 45 22 and

68 797 104 26 intituled
255 803 50 20 Act
315 809 28 14 to
353 810 112 14 empower
475 811 45 15 the
529 804 125 23 Governor

68 835 27 13 of
114 828 56 21 New
188 829 76 20 South
287 828 83 22 Wales
389 836 27 15 to
437 837 97 15 appoint
555 832 101 22 Commis-

68 861 94 15 sioners
173 862 57 14 WITH
242 863 97 13 CERTAIN
353 863 89 14 POWERS
453 864 28 14 TO
492 865 103 15 EXAMINE
611 867 44 13 AND

69 887 87 15 REPORT
166 888 28 14 ON
206 889 83 14 CLAIMS
299 889 28 14 TO
340 890 88 14 GRANTS
442 891 28 13 OF
485 891 60 15 LAND
560 893 22 13 IN
600 886 56 21 NEW

216 908 33 21 his
261 908 136 28 Excellency
404 909 38 22 the
451 910 116 23 Governor
575 912 80 22 directs

66 933 19 21 it
94 938 23 17 to
127 934 26 21 be
165 935 96 24 notified,
273 934 49 22 that
336 935 28 22 all
378 943 93 19 persons
480 936 106 28 claiming
596 943 22 16 to
628 940 27 20 be

68 960 94 22 entitled
175 966 21 16 to
205 965 77 23 grants
292 962 27 21 of
330 961 52 22 land
391 962 23 21 in
428 962 38 22 the
473 963 83 22 islands
562 965 26 20 of
601 965 54 22 New

68 987 106 26 Zealand,
190 987 28 27 by
230 988 108 26 purchase
353 989 56 21 from
426 988 37 22 the
478 990 80 22 Native
572 992 82 27 Chiefs,

68 1020 26 14 or
109 1013 133 22 individuals
258 1014 27 21 of
301 1014 37 22 the
351 1015 132 27 Aboriginal
498 1016 78 23 Tribes
592 1018 63 22 inha-

68 1040 71 27 biting
149 1040 36 22 the
194 1048 67 20 same,
269 1048 39 15 are
316 1042 82 26 hereby
409 1043 103 27 required
522 1047 22 21 t,o
555 1049 31 16 set
597 1045 57 22 forth

66 1066 24 21 in
102 1067 91 27 writing,
205 1067 120 22 addressed
335 1072 23 17 to
372 1068 37 22 the
424 1069 101 23 Colonial
539 1071 115 30 Secretary

68 1093 28 21 of
106 1093 55 22 New
174 1094 70 23 South
259 1094 82 26 Wales,
358 1095 37 23 the
409 1096 132 26 particulars
558 1100 22 19 ot
601 1100 53 20 such

68 1120 77 22 claims
156 1120 50 25 with
216 1128 24 15 as
250 1120 57 23 little
317 1121 64 28 delay
397 1129 22 14 as
435 1124 102 26 possible,
553 1124 23 21 in
590 1126 66 21 order

68 1146 49 21 that
133 1147 37 21 the
183 1154 60 15 same
259 1155 54 20 may
330 1148 27 21 be
372 1148 121 23 submitted
510 1155 22 16 to
550 1151 37 22 the
603 1159 53 15 con-

68 1173 118 22 sideration
197 1174 27 21 of
234 1174 37 21 the
282 1175 184 22 Commissioners
480 1176 50 23 who
544 1185 37 14 are
594 1183 24 17 to
626 1180 28 20 be

68 1200 120 27 appointed
197 1200 72 22 under
278 1201 39 22 the
327 1202 211 23 above-mentioned
548 1205 52 22 Act.

95 1227 48 21 The
153 1227 122 27 applicants
294 1228 80 22 should
393 1234 33 17 set
438 1229 60 22 forth
517 1238 24 14 as
558 1232 57 29 fully
630 1240 24 14 as

67 1253 95 28 possible
177 1254 36 21 the
226 1254 106 22 situation
350 1255 45 22 and
409 1259 79 18 extent
504 1257 27 22 of
545 1258 37 22 the
602 1260 52 21 land

68 1279 102 28 claimed,
190 1281 44 21 and
252 1288 68 20 every
336 1282 64 21 other
417 1283 121 26 particular
556 1284 23 22 in
598 1286 57 21 their

67 1314 75 20 power
151 1307 90 22 relative
251 1311 22 17 to
284 1308 38 21 the
331 1308 99 27 grounds
439 1309 27 21 of
475 1310 59 22 their
543 1311 74 22 claim.

96 1333 54 22 And
163 1334 28 22 all
207 1341 93 20 persons
320 1335 105 27 claiming
441 1340 24 17 to
478 1337 28 21 be
521 1338 95 22 entitled
631 1343 23 18 to

67 1359 55 22 land
142 1365 22 17 at
178 1360 55 21 New
249 1361 107 27 Zealand,
376 1369 36 15 are
432 1362 114 29 distinctly
564 1366 90 21 warned

67 1386 55 27 that,
137 1387 71 22 under
216 1387 38 21 the
263 1388 127 22 conditions
400 1389 26 21 of
436 1389 38 22 the
487 1390 39 21 4th
543 1391 73 22 clause
632 1393 26 21 of

68 1413 38 21 the
125 1414 45 21 Act
188 1414 22 21 in
233 1414 110 27 question,
370 1415 29 22 all
424 1416 77 23 claims
528 1422 79 23 except
630 1427 24 14 as

67 1440 86 22 therein
164 1441 114 27 excepted,
291 1441 71 22 which
376 1449 53 20 may
447 1447 40 18 not
504 1444 28 21 be
542 1446 112 25 preferred

67 1471 23 17 to
101 1467 36 22 the
149 1467 100 21 Colonial
263 1468 116 27 Secretary
388 1469 26 21 of
426 1469 56 22 New
492 1470 68 26 South
572 1472 80 28 Wales,

66 1501 25 13 as
102 1493 74 22 herein
187 1494 105 27 directed,
309 1501 29 15 on
358 1502 25 14 or
401 1496 76 22 before
496 1497 38 21 the
552 1498 38 22 4th
610 1499 43 27 day

68 1520 27 21 of
110 1521 113 27 February
239 1525 62 22 next,
320 1521 44 22 will
379 1522 28 21 be
417 1522 124 29 absolutely
551 1525 49 22 null
609 1526 45 21 and

70 1547 57 22 void.

191 1574 33 28 By
234 1573 35 23 his
281 1575 154 29 Excellency's
445 1578 125 28 command,

243 1602 54 25 (For
308 1602 36 22 the
354 1602 101 23 Colonial
465 1605 133 28 Secretary,)

280 1635 61 22 JAS.
358 1636 120 23 STUART
493 1638 159 24 FREEMAN.

155 1691 247 25 GOVERNMENT
421 1693 137 26 NOTICE.

207 1723 101 22 Colonial
320 1724 134 28 Secretary's
466 1726 77 27 Office,

246 1750 95 27 Russell,
354 1750 50 25 17th
414 1752 138 28 September,
563 1755 62 21 1840.

66 1783 89 49 HIS
170 1783 205 23 EXCELLENCY
385 1783 38 23 the
438 1785 214 25 LIEUTENANT-

154 1809 174 23 GOVERNOR
337 1810 39 22 has
386 1811 57 21 been
455 1813 89 26 pleased
554 1818 22 17 to
583 1815 71 22 direct

65 1836 39 22 the
114 1837 134 26 publication
258 1837 27 21 of
297 1837 37 21 the
344 1837 114 28 following
470 1840 49 26 Act,
535 1842 80 26 passed
624 1842 28 27 by

65 1863 38 21 the
111 1859 116 26 Governor
236 1863 46 22 and
288 1864 93 22 Council
391 1865 27 21 of
430 1865 55 22 New
493 1867 69 22 South
571 1867 80 29 Wales,

64 1897 31 15 on
106 1889 37 23 the
153 1889 73 23 fourth
234 1889 44 28 day
285 1891 28 20 of
319 1891 95 27 August,
423 1899 44 15 one
475 1892 109 24 thousand
592 1895 61 27 eight

65 1916 104 22 hundred
177 1916 45 22 and
231 1917 67 28 forty,
310 1917 34 22 for
352 1918 91 26 general
454 1919 150 24 information.

191 1949 35 28 By
235 1949 34 22 his
280 1950 155 29 Excellency's
444 1954 126 27 command,

242 1976 54 26 (For
306 1977 37 21 the
353 1978 100 21 Colonial
465 1980 133 25 Secretary.)

275 2003 63 20 JAS.
353 2003 121 23 STUART
487 2005 164 25 FREEMAN.

271 2062 62 15 ANNO
348 2063 97 16 QUARTO.

204 2088 158 24 VICTORIA
377 2090 135 24 REGINjE.

320 2116 44 22 No.
374 2117 20 21 7.

64 2151 35 28 By
108 2151 35 22 his
157 2150 135 27 Excellency
307 2150 35 22 Sir
357 2151 87 27 George
461 2152 77 33 Gipps,
555 2154 94 29 Knight*

91 2177 203 28 Captain-General
313 2177 45 22 and
378 2178 231 25 Governor-in-Chief
629 2182 26 22 ot'

90 2205 39 21 the
143 2204 111 27 Territory
271 2204 27 21 of
315 2204 55 21 New
385 2204 70 23 South
473 2206 74 23 Wales
562 2209 45 21 and
624 2210 28 21 its

90 2232 176 33 Dependencies,
275 2230 45 22 and
327 2230 169 25 Vice-Admiral
505 2234 27 21 of
538 2234 38 23 the
582 2243 69 20 same,

90 2254 53 25 with
152 2258 76 21 advice
238 2258 26 21 of
277 2258 37 21 the
325 2257 136 27 Legislative
473 2260 100 23 Council.

63 2292 37 22 An
115 2291 50 22 Act
179 2299 28 14 to
222 2298 111 15 empower
348 2298 45 15 the
409 2291 129 25 Governor
553 2303 27 13 of
595 2296 56 22 New

116 2319 75 21 South
207 2317 85 23 Wales
307 2326 28 14 to
350 2325 97 15 appoint
465 2320 186 25 Commissioners

117 2352 59 14 with
187 2352 97 14 certain
296 2352 97 19 powers,
405 2353 26 14 to
440 2354 105 16 examine
557 2356 45 14 and
612 2357 39 15 re-

117 2380 57 13 PORT
190 2379 29 14 on
237 2372 89 22 Claims
339 2380 29 14 to
385 2373 96 22 Grants
498 2382 27 14 of
544 2375 65 22 Land
626 2384 23 14 in

117 2399 55 21 New
183 2397 118 23 Zealand.

61 2432 194 47 WHEREAS
269 2432 23 22 in
308 2432 88 23 various
407 2437 63 24 parts
478 2435 27 22 of
516 2434 37 23 the
564 2436 87 23 Islands

189 2459 27 23 of
223 2459 55 22 New
286 2459 107 27 Zealand,
401 2462 179 26 comprehended
588 2464 63 22 with-

63 2486 97 17 Preamble.
188 2486 7 21 {
198 2493 13 14 n
231 2485 38 22 the
289 2486 69 23 limits
376 2487 26 20 of
422 2487 38 22 the
478 2488 112 29 Territory
606 2491 45 22 and

63 2514 155 21 Government
233 2512 26 21 of
275 2512 56 22 New
348 2513 70 22 South
436 2513 81 27 Wales,
533 2516 77 22 Tracts
626 2525 26 14 or

63 2540 102 22 Portions
183 2540 26 21 of
226 2538 65 23 Land
306 2547 38 14 are
361 2540 95 22 claimed
473 2547 22 16 to
511 2542 28 22 he
554 2542 51 24 held
622 2544 29 27 by

63 2567 88 21 various
163 2565 141 27 individuals,
320 2566 29 28 by
364 2566 71 23 virtue
451 2568 26 21 of
492 2569 120 27 purchases
626 2579 26 13 or

62 2593 122 28 pretended
200 2592 127 28 purchases,
344 2593 53 27 gifts
412 2601 26 14 or
454 2596 122 25 pretended
589 2598 60 27 gifts,

62 2627 154 20 conveyances
223 2626 26 15 or
256 2620 123 26 pretended
386 2627 164 23 conveyances,
555 2631 25 13 or
586 2624 65 22 other

61 2647 68 26 titles,
138 2646 69 22 either
216 2646 120 27 mediately
348 2654 26 14 or
381 2646 154 30 immediately
545 2650 57 22 from
614 2651 37 21 the

62 2674 76 21 Chiefs
152 2681 24 14 or
190 2672 64 22 other
266 2672 137 23 individuals
419 2674 27 21 of
463 2675 37 22 the
517 2677 134 27 Aboriginal

62 2700 78 22 Tribes
154 2700 125 26 inhabiting
295 2699 37 22 the
350 2707 71 19 same;
444 2702 46 21 and
506 2702 99 23 whereas
621 2712 30 14 no

61 2726 56 23 such
135 2726 122 23 individual
277 2733 26 14 or
319 2726 135 23 individuals
473 2736 41 15 can
532 2730 89 28 acquire
638 2738 13 15 a

64 2754 68 26 Legal
139 2754 57 21 Title
207 2758 22 17 to
238 2760 25 14 or
273 2758 133 22 permanent
412 2754 94 23 interest
512 2756 24 22 in
543 2764 45 20 any
596 2758 55 22 such

63 2780 78 22 Tracts
151 2787 25 14 or
186 2780 101 21 Portions
303 2780 26 21 of
341 2780 71 28 Land,
429 2782 30 27 by
475 2782 71 23 virtue
562 2784 28 22 of
606 2792 45 20 any

61 2807 49 27 gift,
129 2806 106 28 purchase
252 2813 25 15 or
294 2813 143 21 conveyance
453 2809 30 27 by
499 2817 26 14 or
539 2810 58 22 from
612 2811 38 22 the

63 2834 75 21 Chiefs
148 2841 24 14 or
181 2833 63 22 other
254 2832 135 23 individuals
405 2836 28 21 of
448 2836 55 22 such
518 2837 133 27 Aboriginal

61 2860 80 22 Tribes
151 2867 24 14 as
184 2860 111 21 aforesaid
302 2867 5 19 ;
324 2860 43 22 and
382 2861 98 23 whereas
497 2862 41 23 her
555 2864 96 28 Majesty

63 2886 61 27 hath,
141 2887 29 31 by
183 2886 144 22 instructions
337 2887 71 22 under
418 2888 38 23 the
466 2889 61 22 hand
537 2890 25 22 of
574 2898 44 15 one
627 2892 27 22 of

62 2913 41 22 her
124 2913 114 28 Majesty's
257 2912 111 28 Principal
386 2914 134 23 Secretaries
538 2917 26 21 of
581 2918 67 27 State,

62 2940 68 21 dated
141 2940 36 21 the
186 2939 129 22 fourteenth
325 2940 43 27 day
377 2940 27 22 of
417 2942 96 28 August,
528 2951 43 15 one
585 2944 65 22 thou-

61 2967 57 22 sand
134 2966 59 28 eight
209 2966 104 22 hundred
328 2967 44 21 and
390 2967 140 29 thirty-nine,
546 2970 105 24 declared

63 2994 40 24 her
117 2993 71 34 Royal
204 2993 43 21 will
262 2992 46 23 and
324 2994 102 26 pleasure
438 2999 40 19 not
492 3000 23 17 to
531 2998 117 27 recognize

62 3028 45 20 any
117 3020 69 22 Titles
195 3024 24 18 to
230 3020 64 22 Land
307 3020 24 23 in
348 3020 55 23 New
418 3021 100 25 Zealand
534 3023 72 23 which
622 3025 27 22 do

62 3052 42 17 not
112 3046 93 28 proceed
215 3046 65 26 from,
297 3054 25 14 or
338 3055 37 14 are
390 3052 47 23 not,
454 3057 24 14 or
493 3049 57 23 shall
565 3055 41 17 not
622 3052 27 22 be

63 3074 92 21 allowed
170 3074 29 26 by
212 3073 42 22 her
268 3074 110 27 Majesty;
393 3075 45 22 and
449 3075 98 24 whereas
556 3078 17 21 it
581 3078 21 22 is
612 3085 38 15 ex-

61 3100 92 28 pedient
162 3100 43 21 and
214 3107 81 26 proper
305 3104 22 18 to
337 3106 40 22 put
386 3101 89 28 beyond
487 3102 71 23 doubt
566 3104 38 22 the
614 3106 34 20 in-

63 3127 92 27 validity
160 3127 26 21 of
187 3126 29 22 all
221 3126 64 22 Titles
290 3131 23 17 to
316 3127 63 22 Land
384 3128 77 23 within
467 3129 36 22 the
509 3130 47 22 said
562 3131 87 22 Islands

64 3154 27 21 of
95 3154 55 21 New
155 3153 105 24 Zealand,
270 3153 99 23 founded
376 3162 61 20 upon
444 3156 54 21 such
502 3157 120 27 purchases
626 3166 25 14 or

62 3179 124 29 pretended
202 3180 126 26 purchases,
344 3181 60 27 gifts,
420 3189 25 14 or
455 3184 123 26 pretended
588 3186 60 26 gifts,

63 3213 154 26 conveyances
225 3213 26 14 or
257 3207 121 26 pretended
385 3215 162 23 conveyances,
556 3218 25 14 or
587 3212 64 22 other

62 3234 61 21 titles
132 3234 56 21 from
199 3232 37 22 the
246 3233 48 21 said
301 3233 138 24 Uncivilized
445 3236 67 22 Tribe
524 3253 7 9 ,
539 3245 24 14 or
569 3238 82 22 Abori-

61 3260 63 28 ginal
136 3259 139 23 Inhabitants
285 3260 26 21 of
324 3260 54 23 New
383 3261 99 23 Zealand
491 3270 5 15 :
513 3264 31 21 Be
554 3264 17 22 it
579 3264 72 23 there-

63 3300 31 18 All
110 3300 57 17 Titles
184 3301 19 15 to
231 3285 22 36 &
254 3293 24 14 re
289 3286 102 23 declared
400 3288 44 23 and
459 3290 96 22 enacted
569 3291 31 28 by
614 3292 33 21 his

63 3321 51 17 Land
127 3321 21 16 in
161 3321 43 16 New
232 3313 137 28 Excellency
382 3314 38 24 the
431 3316 118 23 Governor
558 3318 27 21 of
595 3318 56 22 New

63 3342 80 17 Zealand
154 3342 50 16 abso-
232 3339 71 22 South
318 3339 80 28 Wales,
414 3342 52 23 with
482 3343 37 22 the
533 3344 79 22 advice
628 3346 26 21 of

63 3363 41 37 low
109 3368 6 16 3
233 3365 37 22 the
266 3392 6 9 ,
282 3366 132 27 Legislative
424 3369 93 23 Council
524 3370 26 22 of
557 3371 37 22 the
603 3372 48 22 said

63 3389 47 32 IZSL
134 3384 71 36 aTaS
233 3392 95 34 Colony,
338 3393 59 24 That
404 3394 31 23 all
444 3395 69 23 Titles
522 3400 24 19 to
555 3398 64 22 Land
626 3400 24 20 in

65 3430 20 11 or
92 3429 41 17 may
146 3425 21 16 be
179 3424 26 17 al-
233 3420 58 21 New
308 3420 98 22 Zealand
424 3422 72 22 which
512 3431 38 14 are
563 3429 48 22 not,
627 3433 25 13 or

63 3446 59 16 lovred
137 3446 23 20 by
173 3445 32 17 her
233 3453 52 20 may
296 3450 48 21 not>
354 3446 111 24 hereafter
472 3449 36 27 he,
518 3450 94 23 allowed
621 3452 30 26 by

64 3468 83 20 Majesty.
292 3473 106 27 Majestyt
419 3481 46 20 are>
480 3476 45 23 and
541 3477 57 22 ghaU

64 3500 125 28 absolutely
198 3500 49 21 null
257 3500 47 21 and
313 3500 58 23 void.

87 3535 98 20 (Governor
191 3538 41 16 may
240 3534 75 20 appoint
322 3534 148 18 Commissioners
476 3537 19 15 to
502 3537 84 17 examine
593 3539 36 17 and

95 3558 59 18 report
160 3560 23 12 on
190 3554 67 17 Claims
263 3556 19 14 to
291 3554 66 17 Grants
365 3554 19 16 of
393 3554 51 18 Land
451 3556 20 17 in
479 3557 43 16 New
531 3558 92 21 Zealand.)

94 3582 31 23 11.
142 3582 52 23 And
211 3582 99 21 whereas
324 3581 43 22 her
382 3582 97 28 Majesty
494 3584 63 26 hath,
574 3586 24 21 in
614 3586 38 22 the

64 3609 49 22 said
124 3608 154 27 Instructions,
293 3608 57 22 been
365 3608 91 28 pleased
472 3613 22 18 to
510 3610 88 23 declare
612 3612 41 22 her

67 3636 115 28 Majesty's
190 3635 103 27 gracious
301 3635 111 22 intention
420 3640 23 17 to
451 3638 114 26 recognise
576 3638 77 23 claims

66 3666 23 17 to
110 3662 62 22 Land
189 3661 73 22 which
282 3669 52 20 may
353 3662 57 22 have
427 3662 57 23 been
501 3664 105 23 obtained
623 3673 29 15 on

66 3688 111 28 equitable
186 3692 69 18 terms
264 3688 59 22 from
333 3688 38 23 the
382 3689 48 22 said
444 3690 75 21 Chiefs
534 3697 24 15 or
572 3692 80 22 Abori-

64 3716 61 25 ginal
141 3715 141 22 Inhabitants
296 3716 28 21 of
334 3715 37 22 the
386 3716 49 22 said
451 3716 88 23 Islands
555 3718 26 21 of
597 3718 55 23 New

66 3742 106 26 Zealand,
182 3742 45 21 and
237 3741 73 22 which
319 3749 52 20 may
384 3747 40 17 not
440 3742 28 23 be
482 3743 131 29 prejudicial
629 3749 23 19 to

66 3768 38 21 the
111 3772 91 22 present
211 3775 24 14 or
245 3768 138 27 prospective
400 3769 103 23 interests
517 3770 26 22 of
560 3771 55 22 such
629 3773 27 21 of

65 3794 41 23 her
113 3795 115 27 Majesty's
237 3794 98 28 subjects
344 3802 25 15 as
377 3803 53 20 may
436 3800 72 19 resort
516 3801 29 23 to,
555 3805 25 14 or
588 3799 64 22 settle

64 3821 25 22 in
99 3821 37 22 the
146 3821 47 22 said
200 3821 89 22 Islands
295 3829 6 19 ;
317 3821 45 22 and
372 3822 99 23 whereas
480 3823 18 22 it
506 3824 18 21 is
534 3824 118 28 expedient

64 3847 46 23 and
120 3855 116 20 necessary
246 3847 55 22 that,
311 3848 24 22 in
345 3848 30 22 all
384 3856 63 15 cases
465 3849 95 24 wherein
578 3852 74 22 Lands

64 3881 39 15 are
112 3874 94 23 claimed
216 3878 22 18 to
252 3873 30 23 be
294 3871 54 26 held
363 3875 30 28 by
409 3876 71 22 virtue
498 3877 26 21 of
540 3885 45 20 any
602 3886 50 22 pur-

64 3900 75 28 chase,
150 3908 24 15 or
183 3907 151 21 conveyance,
345 3908 26 15 or
380 3908 45 21 any
438 3902 65 23 other
518 3903 48 25 title
584 3905 69 22 what-

65 3934 78 15 floever
152 3927 58 29 froni
219 3927 38 22 the
266 3926 50 23 said
325 3927 82 27 Chiefs,
426 3935 24 13 or
466 3928 84 23 Tribe*,
567 3937 26 14 or
609 3937 43 21 any
