3260 6159
847 2381 147 77 The
1043 2381 244 77 Lyell
1336 2381 293 77 Times.

917 2551 247 41 SATURDAY,
1206 2553 119 38 JUNE
1375 2557 48 34 13,
1470 2558 89 34 1885.

904 2686 69 37 The
985 2693 108 31 return
1108 2695 30 29 ol
1151 2702 53 23 am
1228 2690 98 45 lgam,
1338 2691 82 40 from
1434 2691 55 40 the
1496 2693 119 47 .plates,

863 2745 130 45 ripple*,
1029 2747 64 34 and
1131 2749 148 40 Werdans,
1323 2761 36 23 at
1400 2751 56 36 the
1500 2752 117 48 Alpine

864 2801 137 47 buttery,
1018 2804 87 35 since
1121 2804 55 35 the
1189 2806 373 49 generalcle.tuiug.l4l;
1580 2810 40 39 is,

864 2863 117 32 Gsßozg
994 2862 48 33 for
1051 2865 59 32 245
1121 2864 115 38 tyusof
1241 2876 91 24 stone
1342 2867 148 36 crushed,
1540 2869 78 33 This

864 2918 27 32 is
913 2930 19 21 a
955 2918 147 45 splendid
1123 2921 99 44 yield,
1246 2923 63 33 stud
1475 2926 70 33 well
1570 2927 48 32 for

865 2973 55 35 the
936 2973 199 47 Company's
1151 2980 189 42 prosperity.

905 3048 70 35 The
990 3050 153 43 monthly
1159 3052 129 41 sittings
1306 3048 112 40 ofrthe
1443 3054 87 35 R.M.
1554 3057 72 41 and,

864 3104 171 33 Warden's
1062 3109 126 35 Courts,
1216 3109 106 32 which
1352 3119 81 25 were
1462 3111 82 34 fixed
1572 3112 46 32 for

864 3159 151 46 Tuesday
1032 3163 79 40 last;
1129 3163 63 35 had
1210 3171 32 28 to
1258 3164 39 36 be
1308 3167 194 45 postponed,
1510 3168 109 43 owing

864 3224 32 28 to
928 3218 53 34 the
1013 3219 59 34 had
1106 3220 152 41 weather,
1295 3219 65 38 and
1392 3224 139 41 through
1564 3225 65 37 the,

863 3274 127 34 flooded
1002 3278 100 30 rivers
1117 3288 52 31 pie
1175 3289 36 22 re
1216 3279 91 36 tiling
1320 3289 48 23 ira
1373 3281 128 40 veiling.
1528 3283 90 42 They

863 3332 65 34 will
947 3344 35 24 »e
1000 3333 82 40 held,
1109 3334 62 36 tints
1190 3336 181 42 ai'turuoon,
1395 3348 34 25 at
1454 3340 13 33 1
1493 3340 121 35 o'clock

863 3400 79 33 p.m.

903 3458 29 34 A
954 3470 78 22 man
1058 3459 115 36 n*imed
1207 3461 106 45 I'hilip
1340 3463 187 43 Gallagher,
1552 3473 67 27 met

863 3513 78 36 with
965 3526 42 24 an
1030 3518 146 35 accident
1204 3520 107 34 whilst
1338 3521 145 42 working
1507 3525 31 30 in
1564 3523 53 34 the

861 3570 130 38 Croßsm
1008 3573 99 41 mine,
1124 3587 41 23 on
1351 3577 72 40 last,
1446 3579 42 43 by
1514 3580 103 33 which

862 3629 41 34 he
919 3634 56 38 got
990 3643 18 21 a
1024 3631 60 34 few
1106 3641 94 37 nasty
1226 3634 130 38 bruises,
1380 3636 64 33 and
1469 3648 17 21 a
1510 3636 108 35 ruther

862 3697 113 24 severe
996 3688 149 44 shaking.
1190 3692 52 33 He
1263 3702 65 23 was
1351 3692 180 40 de<r.'ttdiug
1554 3706 61 21 o:ie

861 3742 36 37 of
906 3744 55 35 the
978 3756 120 34 passes,
1113 3747 64 34 and
1194 3748 54 35 the
1266 3761 75 32 ropy
1359 3749 96 44 being
1475 3760 60 26 wa
1550 3751 65 35 and

861 3800 154 45 slippery,
1044 3802 41 34 he
1114 3803 62 33 lost
1201 3803 50 35 his
1275 3804 88 41 hold,
1394 3806 135 43 missing
1560 3808 53 35 the

862 3857 123 40 ladder,
1015 3859 65 35 and
1109 3860 55 34 fell
1190 3862 81 33 until
1296 3862 51 34 his
1371 3873 147 34 progress
1550 3875 65 24 was

862 3916 137 45 •topped
1015 3916 42 45 by
1071 3930 62 21 one
1149 3918 34 34 of
1197 3920 49 33 his
1263 3920 65 41 legs
1345 3921 151 45 catching
1514 3924 33 36 in
1565 3924 53 32 the

863 3970 92 37 bi»ht
984 3974 36 33 of
1044 3973 58 35 the
1129 3986 89 33 rope,
1241 3976 119 36 waieh,
1388 3976 131 46 luckily,
1556 3979 60 35 had

863 4029 80 35 been
965 4030 97 36 made
1085 4031 62 35 fast
1163 4032 113 35 below.
1322 4031 51 38 He
1390 4047 66 23 was
1479 4043 33 28 at
1533 4049 80 24 onee

863 4087 115 46 picked
996 4100 42 34 up
1054 4088 42 46 by
1113 4090 49 35 his
1179 4100 114 32 m.ites,
1310 4092 65 36 and
1385 4095 122 35 earned
1520 4095 94 36 down

863 4150 33 29 to
912 4146 56 34 the
983 4147 175 44 township,
1175 4160 89 22 some
1275 4150 35 33 of
1318 4151 55 33 the
1391 4151 101 35 Creek
1505 4156 111 43 people

863 4202 115 46 kindly
999 4205 161 40 assisting
1209 4206 110 37 Under
1335 4208 54 36 the
1412 4221 72 25 care
1507 4212 35 35 of
1564 4212 51 36 Mr

863 4261 66 33 and
946 4261 68 34 Mrs
1029 4262 165 40 Accolino,
1216 4264 41 35 he
1280 4267 26 32 is
1329 4268 124 43 getting
1469 4268 41 34 all
1528 4269 87 45 right

863 4318 107 42 again.
1006 4318 4 42 '

905 4386 70 35 The
997 4387 182 37 celebrated
1201 4389 102 37 Faust
1321 4391 138 47 Family,
1484 4406 53 23 are
1561 4408 36 23 an-

864 4445 150 34 nounced
1030 4451 32 29 to
1078 4457 121 33 appear
1216 4447 86 38 here,
1319 4461 40 22 on
1382 4450 55 35 the
1460 4454 155 41 evenings

864 4501 37 34 of
912 4502 119 43 Friday
1046 4502 64 34 and
1124 4504 160 45 Saturday
1295 4514 87 27 next.
1425 4508 70 34 The
1504 4516 113 39 troupe

865 4560 176 44 comprises
1063 4567 54 28 ten
1142 4562 31 35 in
1197 4564 148 39 number,
1369 4565 63 35 and
1455 4567 83 35 from
1563 4570 54 34 the

865 4616 115 45 highly
997 4617 197 42 favourable,
1218 4620 64 35 and
1305 4621 126 42 indeed,
1451 4623 166 40 flattering

865 4680 101 26 terms
981 4676 33 30 in
1031 4675 107 33 which
1162 4677 84 32 their
1269 4680 169 32 attractive
1461 4683 133 41 perform-

865 4739 95 24 ances
989 4729 83 36 have
1096 4730 80 36 been
1204 4734 128 35 noticed
1353 4733 43 47 by
1426 4736 54 36 the
1511 4738 104 44 Press,

865 4786 165 35 wherever
1044 4788 79 45 they
1138 4788 84 36 have
1244 4792 158 44 appeared
1416 4803 8 32 ;
1449 4795 53 34 the
1520 4796 69 36 Com-

865 4854 87 33 pany
968 4845 26 33 is
1006 4856 71 23 sure
1089 4852 31 28 to
1131 4852 85 28 meet
1225 4848 78 34 with
1316 4861 19 22 a
1347 4851 82 42 good
1440 4859 177 39 patronage

865 4911 43 23 on
923 4900 55 36 the
993 4901 107 35 Coast.
1145 4903 68 34 The
1230 4906 255 38 entertainment
1507 4910 26 34 is
1556 4924 61 22 one

866 4958 34 35 of
920 4959 109 35 varied
1051 4960 206 45 description,
1281 4963 65 35 and
1369 4967 105 34 would
1497 4980 118 33 appear

866 5021 32 28 to
914 5014 39 35 be
969 5028 18 21 a
1002 5023 87 27 most
1105 5019 164 42 tastefully
1283 5023 156 42 arranged
1453 5026 141 34 combina-

866 5072 80 41 tion,
982 5073 36 34 of
1044 5073 54 35 the
1132 5075 132 43 unique,
1302 5078 64 33 and
1398 5082 217 42 marvellous;

866 5128 107 36 whilst
1009 5130 55 36 the
1102 5132 203 46 appropriate
1345 5135 140 46 changes
1523 5140 94 36 allow

866 5188 108 42 ample
1003 5200 92 32 scope
1125 5191 48 32 for
1204 5192 54 32 the
1293 5196 178 41 versatility
1500 5200 31 30 of
1563 5200 54 31 the

866 5243 150 40 different
1031 5248 137 36 artistes.
1213 5248 90 37 With
1328 5264 17 23 a
1364 5257 183 41 reputation
1566 5271 33 23 ex-

866 5303 134 44 tending
1025 5315 77 23 over
1126 5306 54 33 the
1207 5308 119 33 United
1359 5309 180 45 Kingdom,,
1563 5316 53 34 the

866 5360 187 40 Continent,
1070 5364 63 33 and
1150 5364 112 41 India;
1288 5367 53 33 the
1360 5367 116 37 Fausts
1501 5372 113 35 should

866 5418 101 44 easily
993 5419 154 35 establish
1170 5422 196 37 themselves
1396 5437 150 36 amongst
1574 5432 40 34 all

866 5476 138 33 sections
1021 5478 35 32 of
1069 5478 53 32 the
1139 5480 187 42 play-going
1343 5483 116 41 public.

906 5545 69 33 The
998 5546 128 33 Annual
1152 5546 141 43 Meeting
1310 5550 35 33 wf
1362 5551 54 33 the
1441 5552 176 46 Hampden

868 5600 170 45 Licensing
1054 5603 205 42 Committee,
1270 5605 62 35 had
1347 5613 31 29 to
1388 5607 37 36 be
1437 5614 178 41 postponed

867 5659 83 35 until
965 5661 184 42 yesterday,
1159 5663 106 43 owing
1276 5670 33 28 to
1319 5665 54 33 the
1389 5666 59 34 had
1467 5671 148 35 wenther.

866 5715 101 34 There
985 5727 82 23 were
1084 5718 77 41 only
1185 5718 89 34 three
1291 5722 162 35 members
1476 5734 141 36 present,

865 5771 64 36 and
944 5773 25 35 it
985 5785 65 24 was
1067 5774 144 37 resolved
1228 5785 31 26 to
1276 5778 134 43 adjourn
1434 5785 163 35 considera-

865 5831 68 34 tion
948 5831 36 34 of
995 5832 54 34 the
1067 5833 76 44 only
1159 5845 72 23 new
1246 5835 325 45 application,—that
1587 5845 35 34 of

867 5887 51 33 Mr
940 5889 130 33 Trower
1100 5891 38 32 of
1164 5891 101 35 Owen
1296 5893 237 41 River,—until
1563 5900 54 34 tke

865 5945 77 36 24th
971 5945 89 43 inst,,
1090 5946 48 37 for
1167 5960 18 23 a
1214 5949 60 36 full
1303 5951 154 47 meeting'.
1510 5956 106 46 May's

865 6005 281 34 accommodation
1160 6007 118 33 license
1291 6014 33 28 at
1336 6009 205 39 Matakitaki,
1549 6026 66 22 was
1628 6005 1 43 '

1631 216 147 34 renewed
1801 221 33 28 at
1858 218 45 31 tl
1926 230 55 31 per
1996 230 134 29 annum,
2156 232 41 21 en
2220 220 169 35 condition

1632 272 72 33 that
1733 282 19 22 a
1778 272 86 41 ferry
1894 284 76 22 over
1996 275 71 31 that
2100 277 85 30 river
2215 275 38 34 be
2285 277 83 32 main-

1634 327 118 33 tained.
1798 326 127 36 Rowe's
1954 334 33 29 at
2023 329 200 43 Murchison,
2256 336 34 31 at
2388 344 9 31 ;

1633 383 199 35 conditional
1862 395 87 33 upon
1977 385 49 34 his
2058 388 220 44 maintaining
2308 388 64 35 foot-

1634 441 129 42 bridge;
1797 440 65 34 and
1892 442 152 37 Carter's,
2075 450 33 27 at
2133 444 138 35 Newton
2307 445 87 41 Flat,

1634 508 66 23 was
1714 496 136 35 reduced
1868 501 30 29 to
1917 498 45 33 £1
1981 500 37 31 10
2030 509 23 22 s.

1676 567 50 32 An
1756 564 212 35 enthusiastic
1999 567 160 42 professor
2189 569 34 33 of
2252 569 140 44 physics,

1636 620 283 41 whiledittaassin-j
1934 623 52 34 the
1999 623 129 44 organic
2144 636 40 24 au
2197 626 10 33 1
2219 627 169 44 inorganic

1636 681 182 41 kingdoms,
1836 681 45 32 sai
1895 682 8 30 I
1920 691 47 13 —**
1983 682 89 35 Now,
2091 684 26 30 if
2130 684 12 31 I
2159 685 75 31 shut
2252 696 56 25 my
2318 697 75 25 eyes

1637 749 140 24 so—ana
1801 738 78 43 drop
1909 748 55 30 my
1990 738 79 35 head
2101 743 144 33 so—and
2279 744 131 34 should!

1638 802 56 26 not
1716 804 106 28 move,
1845 804 63 33 you
1925 795 106 32 would
2059 808 53 20 >av
2143 797 10 32 [
2179 809 64 23 was
2270 812 17 20 a
2311 800 80 34 clod.
2409 795 1 42 I

1640 852 65 34 But
1721 853 15 32 I
1754 863 103 25 move,
1876 853 15 31 I
1907 853 83 41 leap,
2011 854 13 30 I
2044 865 56 22 run
2115 865 6 28 ;
2147 856 76 32 then
2248 856 86 35 what
2355 858 40 33 do

1638 921 64 32 you
1718 908 60 35 call
1796 919 50 24 me
1940 908 97 35 Voice
2060 909 80 36 from
2159 912 52 34 the
2231 915 165 37 rear—*'A

1681 1029 19 15 44
1716 1025 68 33 For
1813 1034 64 23 tius
1910 1022 112 37 Blx)D
2053 1036 29 22 is
2113 1035 65 25 thx

1641 1070 212 32 CLAKKK'S
1881 1069 337 36 WOULD-f?AM£D
2246 1075 148 35 BLOQ'O

1643 1114 207 39 MIXTURE
1876 1115 25 35 is
1925 1116 181 36 warranted
2135 1129 31 23 to
2190 1120 126 37 cleae.se
2340 1124 54 33 the
2409 1114 1 43 !

1641 1163 94 33 blood
1752 1162 81 33 from
1857 1162 42 33 all
1923 1164 182 41 impurities
2126 1166 80 33 from
2233 1175 161 28 whatever
2409 1162 1 43 ■

1641 1222 94 23 cause
1746 1208 129 41 arising.
1924 1209 61 34 For
1995 1209 155 38 Scrofula,
2165 1215 134 43 Scurvy,
2316 1215 78 36 Skiu

1642 1258 63 32 and
1717 1256 101 33 Blood
1832 1256 159 37 Diseases
2003 1258 63 31 and
2080 1259 93 32 Sores
2187 1262 35 30 of
2232 1261 42 32 all
2288 1262 55 34 kin
2357 1263 36 35 is,

1642 1303 42 35 its
1696 1300 110 38 effects
1820 1313 55 23 are
1892 1302 206 36 marvellout.
2145 1306 192 37 Thousands
2360 1309 38 34 of

1644 1349 224 35 teitimoaials.
1915 1349 75 34 Sold
2015 1350 30 33 in
2065 1350 125 39 bottles,
2210 1357 33 29 2>
2267 1355 39 33 6d
2330 1356 64 34 and

1647 1398 51 31 lis
1714 1396 77 32 each
1808 1394 41 43 by
1860 1396 162 31 Chemists
2034 1397 63 32 and
2110 1398 115 34 Patent
2239 1401 157 34 Medicine

1642 1441 147 35 Vendors
1811 1442 216 42 everywhere.
2083 1445 71 33 Sole
2188 1446 209 44 Proprietory,

1642 1489 74 32 Thb
1745 1489 150 30 Lincoln
1925 1498 66 21 ant>
2032 1490 157 33 Midland
2229 1495 167 34 Coumtiis

1646 1534 97 35 Drimi
1759 1534 67 39 Co.,
1848 1533 134 36 Lincoln
2004 1535 149 41 England

1685 1594 100 31 Skill
1799 1601 35 23 in
1851 1600 66 23 this
1935 1592 290 37 Work*nop.—To
2250 1597 41 34 do
2313 1600 83 39 good

1644 1639 86 34 work
1767 1637 55 36 the
1859 1638 168 35 mechanic
2070 1649 86 27 must
2194 1643 81 35 have
2314 1645 83 42 good

1644 1684 122 35 health.
1811 1683 120 41 Jflong
1954 1686 97 32 hours
2074 1695 31 24 or
2128 1697 219 29 conunenient
2363 1691 33 35 iu

1644 1731 84 33 close
1750 1740 108 24 rooms
1883 1731 81 33 have
1987 1732 165 36 enfeebled
2178 1736 48 32 his
2251 1738 86 33 hand
2362 1750 35 21 or

1644 1776 144 35 dimmed
1813 1776 49 35 his
1885 1777 97 41 sight,
2007 1778 42 35 let
2074 1778 68 38 him
2164 1793 32 22 at
2219 1794 89 28 once,
2332 1784 64 36 and

1644 1824 105 34 before
1764 1836 89 21 some
1869 1827 130 38 organic
2016 1828 124 33 trouble
2163 1841 135 32 appears
2321 1832 74 33 take

1645 1870 111 44 plenty
1778 1869 35 33 of
1837 1870 43 33 l)r
1905 1860 125 44 Joule's
2059 1871 71 45 Hop
2159 1874 130 36 Bittern
2335 1877 61 34 His

1644 1924 120 35 system
1796 1915 63 35 will
1888 1916 36 34 be
1950 1917 218 45 rejuvenate.!,
2204 1921 48 35 his
2283 1936 114 21 nerves

1646 1961 239 45 strengthened,
1903 1962 50 34 his
1970 1964 87 40 sight
2074 1965 130 35 become
2222 1968 95 38 clear,
2334 1970 64 33 and

1646 2008 54 35 the
1723 2008 101 36 whole
1847 2008 213 37 constitution
2083 2011 36 35 be
2152 2013 80 37 built
2257 2026 42 35 up
2324 2024 34 27 to
2385 2029 18 22 a

1646 2055 114 45 higher
1775 2055 144 40 working
1933 2057 178 34 condition.
2158 2060 102 35 Read.

1646 2153 59 29 not
1717 2148 209 43 experienced
1941 2161 19 21 a
1976 2159 65 23 sort
2058 2150 36 35 of
2105 2153 131 45 malady
2252 2155 93 34 when
2360 2156 43 34 all

1646 2192 55 37 tlie
1701 2192 3 47 ;
1717 2193 146 37 faeelties
1879 2206 89 23 seem
1985 2196 30 33 in
2036 2197 163 42 rebellion,
2225 2201 65 33 and
2314 2202 89 35 labor

1646 2240 27 32 is
1682 2240 180 43 absolutely
1876 2241 166 44 iutpo'sibl
2050 2248 37 31 *\>
2126 2246 30 33 1%
2168 2246 27 33 is
2208 2258 19 22 a
2238 2248 164 34 condition

1646 2289 35 32 of
1694 2297 112 24 nerres
1823 2286 70 38 jmd.
1903 2290 147 33 stomach
2070 2291 65 34 and
2152 2292 90 36 brain
2260 2293 72 36 that
2344 2305 60 25 can

1647 2333 77 44 only
1738 2332 37 36 be
1790 2333 97 35 cured
1902 2334 40 44 by
1954 2337 54 33 the
2020 2348 56 23 use
2090 2338 36 34 of
2137 2339 71 36 that
2217 2341 188 35 irresistible

1648 2380 130 44 remedy
1815 2382 174 36 American
2035 2384 76 34 CVs
2149 2387 76 39 Hop
2269 2388 135 36 Bitters.

1649 2426 98 33 Read.

1653 2535 253 52 LATEST
1974 2539 422 58 TELEGRAMS.

1950 2672 240 39 Wkllixotox.
2208 2679 87 34 Jun*
2316 2682 47 35 12.

1693 2728 38 35 In
1767 2730 55 34 the
1857 2731 196 44 Legislative
2090 2736 144 38 Council,
2279 2739 50 34 Mr
2366 2742 38 33 R.

1653 2786 180 45 Pharozyn,
1850 2788 35 34 »f
1902 2788 193 43 Wariganui,
2109 2794 63 33 and
2192 2795 49 34 Mr
2253 2795 31 34 J.
2304 2797 80 46 Sbep-

1653 2844 89 41 hard,
1757 2846 38 33 of
1808 2846 133 39 Nelson,
1959 2848 64 34 will
2043 2860 132 35 propose
2200 2853 64 34 and
2286 2857 118 32 second

1653 2902 54 33 the
1723 2902 311 46 Address-in-Reply
2050 2913 30 29 to
2095 2907 54 35 the
2163 2909 177 37 Governor,
2368 2913 36 34 in

1653 2959 54 35 the
1729 2961 75 33 Low
1828 2974 13 21 r
1867 2963 110 35 House
2006 2965 23 34 it
2055 2966 26 34 is
2112 2967 197 37 undenttod
2334 2971 70 35 that

1733 3018 44 34 W.
1803 3019 35 34 F.
1856 3019 154 41 Pearson,
2030 3024 146 33 member
2198 3026 50 33 for
2270 3027 133 46 Ashley,

1657 3075 59 32 ivril
1731 3087 135 31 propose
1881 3076 65 34 and
1966 3080 51 30 Mr
2036 3080 48 32 W.
2105 3081 132 42 Heslop,
2258 3085 144 31 member

1652 3127 48 34 for
1721 3130 152 40 Oamaru,
1891 3131 65 34 will
1978 3133 116 36 second
2118 3135 56 35 the
2196 3136 203 36 Address-in-

1656 3186 112 43 Reply.

2117 3248 98 40 Rosa,
2231 3250 86 35 June
2334 3255 29 30 5.

1692 3299 67 33 The
1784 3303 20 15 u
1820 3301 78 33 Ross
1917 3301 148 47 Mercury
2123 3306 113 35 ceased
2261 3308 124 45 publica-

1633 3358 4 50 j
1653 3360 66 31 turn
1735 3358 182 43 yesterday.

1891 3457 275 38 LATEST

1694 3514 288 49 CABLE
2077 3520 282 50 NEWS.

1991 3659 3 40 .
2069 3659 146 40 London',
2233 3661 86 35 June
2335 3664 30 32 4.

1693 3712 68 34 The
1785 3712 100 43 Right
1906 3714 86 41 Hpa.
2018 3714 121 48 Joseph
2163 3718 242 42 Chamberlain,

1655 3770 96 40 M.P.,
1778 3770 166 36 President
1970 3774 35 33 of
2024 3774 54 35 the
2233 3777 34 33 of
2287 3777 116 38 Trade,

1654 3827 166 34 addressed
1858 3839 17 22 a
1912 3830 147 34 crowded
2098 3838 144 37 meeting
2284 3835 36 33 of
2358 3833 48 34 his

1653 3883 212 39 eonstitjuenu
1881 3890 33 30 at
1932 3886 231 46 Birmingham
2175 3889 64 36 tins
2252 3890 153 44 evening.

1657 3941 163 43 Referring
1851 3951 31 23 to
1912 3944 55 32 the
2005 3943 161 48 Egyptian
2198 3948 118 38 affairs,
2354 3949 52 32 Mr

1653 3997 226 38 Chamberlain
1904 4007 82 28 state
1998 4000 10 35 I
2025 4001 72 36 that
2125 4002 53 36 the
2202 4003 203 38 obstnction

1653 4066 41 24 on
1711 4056 52 36 the
1779 4064 71 37 part
1866 4060 34 31 of
1912 4059 55 35 the
1987 4060 124 36 French
2130 4063 223 36 Government
2370 4072 32 29 to

1653 4115 54 33 tiie
1723 4115 102 45 policy
1842 4117 36 32 of
1889 4117 100 34 Great
2006 4118 127 36 Britain
2151 4120 31 34 ii
2203 4121 112 46 Egypt
2339 4122 67 35 bad

1653 4172 134 45 delayed
1803 4173 52 35 the
1872 4176 191 34 evacuation
2079 4177 36 34 of
2127 4177 72 37 that
2208 4185 139 40 country
2355 4181 47 46 Ijy

1653 4231 54 34 the
1735 4231 120 35 British
1888 4234 110 37 forces,
2029 4235 64 34 and
2124 4236 106 35 weuld
2262 4239 139 44 perhaps

1653 4289 110 45 iinuliy
1794 4289 113 36 reuder
1935 4290 24 37 it
1989 4302 19 24 a
2041 4299 120 30 matter
2191 4293 35 36 of
2252 4295 130 47 impossi-

1653 4348 101 45 bility.

2226 4412 87 35 June
2335 4415 30 32 6.

1693 4464 27 33 A
1749 4464 143 41 meeting
1920 4465 36 33 of
1982 4465 55 35 the
2066 4467 137 37 Cabinet
2234 4482 69 23 was
2327 4471 76 36 held

1651 4521 180 43 yesterday,
1848 4532 34 23 as
1894 4523 201 39 announced,
2109 4524 57 35 but
2180 4525 54 36 the
2252 4527 152 49 Ministry

1653 4590 80 23 were
1749 4579 116 34 unable
1887 4584 33 30 te
1942 4591 92 23 come
2056 4588 33 28 to
2106 4579 3 45 :
2112 4596 18 21 a
2152 4584 141 36 decision
2314 4598 37 24 as
2373 4594 32 30 to

1652 4637 54 35 the
1721 4637 138 34 renewal
1874 4637 37 34 of
1928 4637 55 34 the
2000 4638 196 39 Prevention
2220 4643 35 34 of
2276 4645 129 35 Crimes

1652 4695 60 32 Act
1726 4694 33 32 in
1777 4693 140 33 Ireland.

1693 4751 39 34 In
1749 4751 54 34 the
1818 4751 114 35 House
1954 4752 35 34 of
2009 4753 178 36 Commons
2209 4757 64 35 last

1654 4805 50 35 Mr
1728 4805 176 35 Gladstone
1928 4807 103 35 stated
2055 4808 70 37 that
2154 4810 153 47 Eagland
2341 4817 62 33 and

1653 4863 115 35 Russia
1784 4864 63 34 had
1863 4875 92 23 come
1972 4871 31 27 to
2020 4873 101 28 terms
2142 4868 79 35 with
2237 4872 115 43 regard
2373 4879 30 29 to

1651 4923 188 34 arbitration
1890 4934 40 22 on
1983 4924 54 33 the
2085 4925 131 44 Afghan
2267 4929 137 36 frontier

1651 4981 158 44 question,
1825 4980 64 35 and
1907 4980 75 36 both
2000 4983 162 35 countries
2179 4997 82 26 were
2286 4991 115 39 agreed

1651 5049 35 22 as
1735 5044 31 28 to
1814 5037 71 35 who
1931 5049 83 23 were
2062 5044 33 29 to
2140 5039 39 38 be
2227 5045 176 44 appointed

1651 5097 197 32 arbitrators.

2231 5157 87 36 June
2333 5161 30 34 7.

1695 5211 63 43 Mnj
1761 5211 190 33 or-General
1975 5211 51 33 Sir
2051 5212 95 34 Peter
2161 5214 170 35 Luuisden
2355 5228 34 23 ar

1652 5270 86 34 rived
1761 5269 75 34 here
1860 5269 112 43 to-day
1994 5271 83 33 from
2102 5271 106 35 India.
2254 5274 52 34 He
2336 5284 66 26 met

1651 5327 76 33 with
1765 5337 39 23 an
1844 5326 211 34 enthusiastic
2092 5329 176 44 reception,
2309 5330 94 44 being

1652 5383 134 43 warmly
1812 5383 133 33 cheered
1972 5383 40 42 by
2038 5394 19 23 a
2081 5384 87 44 large
2196 5388 107 33 crowd
2332 5390 70 32 who

1651 5440 177 36 assembled
1846 5447 32 28 to
1895 5442 152 33 welcome
2066 5442 78 34 him.

2230 5500 86 36 June
2332 5505 29 31 8.

1693 5555 29 34 It
1739 5557 26 30 is
1789 5567 71 21 now
1885 5554 267 45 authoritatively
2175 5557 135 34 notified
2332 5560 72 33 that

1652 5612 52 35 the
1721 5619 84 28 town
1831 5613 34 33 of
1886 5610 143 48 Penjdeh
2046 5611 58 36 has
2128 5612 79 36 been
2231 5614 116 37 ceeded
2371 5623 32 30 to

1653 5672 124 33 Russia.
1842 5672 68 31 The
1949 5672 143 42 military
2135 5672 193 36 authorities
2370 5681 33 28 at

1653 5727 100 35 Herat
1777 5738 52 22 are
1853 5727 147 33 irritatesd
2023 5733 34 27 at
2079 5727 55 34 the
2152 5729 126 34 cession
2294 5732 32 32 of
2349 5731 54 34 the

1650 5791 95 30 town.

2230 5844 86 36 June
2330 5847 30 34 9.

1690 5901 71 33 The
1784 5899 114 34 debate
1921 5910 41 23 on
1987 5900 52 33 the
2056 5900 155 34 financial
2234 5903 167 44 proposals

1649 5960 34 34 of
1694 5959 53 36 the
1765 5958 222 36 Government
2003 5969 65 23 was
2086 5957 140 46 brought
2241 5964 33 30 to
2286 5972 18 23 a
2316 5960 84 37 close

1631 6016 2 43 '
1649 6024 32 27 at
1705 6028 40 22 an
1773 6017 87 41 early
1883 6017 82 31 hour
1985 6016 66 33 this
2074 6018 162 41 morning,
2265 6019 95 32 when
2382 6031 19 21 a

2428 220 140 36 division
2591 232 67 23 was
2681 221 109 40 taken,
2809 221 80 34 with
2914 221 54 34 the
2991 219 102 36 result
3117 220 73 34 that

2429 275 54 33 the
2500 275 120 43 budget
2636 287 66 23 was
2718 277 141 41 rejected
2874 276 44 42 by
2935 288 19 21 a
2977 277 157 41 majority
3156 276 37 32 of

2429 330 126 42 twelve,
2580 331 297 45 notwithstanding
2904 332 73 34 that
3005 331 184 36 Gladswone

2429 390 193 33 announced
2647 390 73 35 that
2741 390 56 34 the
2826 390 228 35 Gorerninent
3078 389 111 34 would

2430 444 93 33 make
2540 445 41 35 its
2597 451 192 40 acceptance
2807 459 18 22 a
2841 447 137 34 Cabinet
2995 447 164 43 question.

2472 500 38 34 la
2527 513 219 35 eonsequence
2765 505 34 33 of
2812 505 53 34 the
2890 505 134 33 adverse
3044 511 71 27 vote
3135 505 53 33 the

2429 558 197 44 resignation
2643 562 35 33 of
2692 561 167 35 Ministers
2874 564 27 32 is
2917 562 166 44 expected.

2471 614 68 36 The
2577 616 140 38 Ruisian
2755 619 210 35 man-of-war
3000 619 122 35 Sbolok
3163 621 26 32 is

2429 675 141 44 cruising
2582 689 42 21 on
2634 679 53 32 the
2700 679 145 34 Atlantic
2861 679 165 38 seaboard,
3040 679 149 33 followed

2430 731 83 35 from
2548 741 70 37 port
2657 743 30 28 to
2727 746 70 34 port
2827 736 42 45 by
2903 736 128 36 11.M.5.
3071 737 115 39 frigate

2432 790 130 33 Ciarnst.
2607 792 68 33 The
2694 792 135 34 Bass.an
2850 795 56 33 has
2924 794 142 43 scarcely
3088 793 42 34 let
3148 804 38 33 go

2430 846 57 33 her
2504 847 121 35 anchor
2641 849 105 34 before
2765 853 52 31 the
2833 852 136 43 English
2983 853 112 41 frigate
3111 864 26 20 is
3158 860 33 24 aO

2431 901 57 36 her
2502 905 176 41 moorings.

2994 967 86 33 June
3099 969 48 30 10.

2471 1020 66 35 The
2555 1024 18 15 •«
2742 1022 36 36 of
2790 1023 54 36 the
2862 1023 56 36 sth
2942 1024 76 44 May
3036 1037 73 31 says
3128 1026 58 32 the

2430 1076 153 35 so-called
2605 1079 200 42 adjustment
2829 1087 30 26 ol
2883 1082 53 32 the
2963 1082 137 33 Rassiau
3126 1082 45 32 dis-

2432 1143 74 33 pute
2532 1135 26 32 is
2582 1148 18 21 a
2626 1148 76 32 poor
2725 1136 87 37 shift.
2859 1138 68 34 The
2989 1139 164 34 Standard

2431 1202 74 34 sayi
2521 1192 25 36 it
2561 1193 146 37 inclndos
2723 1195 54 36 the
2794 1197 173 35 surrender
2990 1197 35 35 of
3038 1197 146 44 Penjdeh

2432 1256 31 27 to
2486 1251 127 34 Russia.
2657 1253 202 44 Despatches
2881 1257 36 32 of
2937 1257 53 32 the
3014 1256 56 33 sth
3099 1256 88 42 May,

2431 1318 73 32 says
2532 1309 53 34 the
2613 1310 136 45 English
2775 1314 113 44 people
2912 1326 53 22 are
2989 1313 141 44 enraged
3158 1320 33 28 at

2433 1365 50 34 Mr
2519 1368 188 39 Gladstone,
2746 1371 94 33 while
2885 1371 85 33 Lord
3008 1371 178 44 Raudolph

2431 1423 167 37 Churchill
2613 1425 27 35 is
2655 1426 55 35 the
2726 1426 135 36 favorite
2881 1429 33 33 of
2928 1428 54 35 the
2998 1428 95 35 hour.

2699 1486 43 32 St
2759 1486 232 39 Petersburg,
3009 1488 91 32 June
3117 1489 29 32 6.

2471 1543 20 16 44
2511 1540 134 37 Novosti
2927 1558 19 22 a
2997 1556 191 34 newspaper

2432 1597 164 42 publishes
2611 1610 20 22 a
2647 1598 155 44 telegram
2820 1602 122 44 to-day,
2968 1604 122 42 stating
3115 1604 74 33 that

2432 1655 250 36 Abdurrahman
2700 1658 107 42 Khan,
2824 1661 119 33 Ameer
2963 1660 35 34 of
3010 1661 176 43 Afghanis-

2433 1719 66 33 UK,
2512 1712 63 35 had
2586 1713 79 36 boon
2682 1716 171 35 murdered
2863 1717 41 44 by
2916 1718 50 34 his
2976 1719 93 33 suite.
3097 1719 92 41 (This

2433 1769 141 46 requires
2589 1771 244 38 confirmation.

2774 1832 224 40 Melbourne,
3014 1834 88 33 Juno
3119 1837 29 30 6.

2474 1884 68 35 The
2566 1888 220 35 examination
2808 1890 37 33 of
2864 1889 54 35 the
2935 1898 198 28 accountant
3156 1891 36 35 of

2435 1944 53 33 the
2526 1945 169 34 Horsham
2732 1947 121 33 branch
2891 1951 31 31 of
2960 1949 54 34 the
3053 1950 136 33 London

2435 1999 178 37 Chartered
2650 2001 96 38 Lank
2789 2004 35 35 of
2865 2005 178 42 Australia,
3090 2005 101 36 Milne

2437 2058 117 38 Smith,
2571 2059 75 35 who
2662 2072 66 23 was
2744 2063 143 34 arrested
2913 2076 41 22 on
2977 2077 19 21 a
3019 2065 118 44 charge
3161 2067 34 31 of

2436 2114 96 42 beinj
2560 2119 179 33 concerned
2765 2120 33 33 in
2822 2121 52 33 the
2898 2121 138 43 robbery
3063 2123 36 32 of
3121 2122 73 35 that

2436 2170 107 43 Rank,
2569 2184 64 24 was
2659 2175 177 36 eoncluded
2861 2177 123 46 to-day,
3014 2177 95 36 when
3136 2178 56 37 the

2438 2229 144 43 prisoner
2598 2243 66 22 was
2681 2234 190 33 committed
2889 2235 49 34 for
2953 2234 86 35 trial.

2426 2286 1 53 I
2478 2286 69 35 The
2564 2288 100 45 police
2680 2289 83 35 have
2780 2291 145 35 leceived
2948 2291 179 46 important
3143 2293 32 34 in-

2438 2344 174 36 formation
2635 2348 137 42 relating
2796 2357 31 26 to
2843 2350 55 34 the
2921 2352 153 43 Simpson
3099 2352 93 33 Road

2438 2402 94 34 Brmk
2558 2403 148 43 robbery,
2732 2406 66 33 and
2822 2407 25 32 it
2870 2408 26 32 is
2918 2409 177 33 rumoured
3121 2408 73 34 that

2438 2460 62 33 fire
2516 2471 75 24 men
2607 2460 84 36 have
2703 2461 81 37 been
2794 2464 145 35 arrested
2951 2464 33 35 in
2998 2465 195 35 connection

2439 2517 77 35 with
2534 2518 55 36 the
2604 2519 102 37 affair.

2859 2582 144 42 Sydney,
3019 2582 87 35 June
3123 2585 29 32 5.

2478 2634 69 35 The
2570 2644 245 37 arrangements
2838 2639 47 33 for
2901 2639 55 35 the
2975 2641 165 43 reception
3163 2641 35 33 of

2438 2690 54 36 tko
2513 2693 78 34 New
2608 2693 103 37 South
2729 2695 109 36 Wales
2855 2697 133 36 Soudan
3005 2699 189 44 contingent

2438 2761 52 21 are
2508 2762 72 22 now
2597 2753 194 43 completed.
2836 2755 69 33 The
2921 2767 208 32 programme
3147 2758 31 31 in-

2438 2806 110 35 cludes
2565 2820 18 22 a
2598 2809 104 43 grand
2716 2811 146 45 military
2878 2812 138 45 display,
3033 2813 35 35 in
3084 2815 109 34 which

2438 2865 83 33 JoOO
2537 2865 183 37 volunteers
2737 2869 64 33 will
2819 2869 36 33 be
2873 2871 155 43 engaged.

2560 2969 95 35 THE
2678 2969 212 40 BONANZA
2912 2972 151 35 KINGS.

2480 3083 104 32 There
2610 3094 99 22 never
2730 3096 67 19 was
2820 3096 20 19 a
2862 3096 89 20 more
2975 3075 222 51 improvident

2438 3144 50 27 sot
2514 3136 35 35 of
2572 3148 77 23 mtu
2678 3137 82 34 than
2784 3137 54 35 the
2862 3136 160 37 Colorada
3049 3138 150 38 bonanza

2438 3195 107 43 kings.
2589 3195 192 46 Inaptitude
2807 3197 49 33 for
2882 3197 148 35 business
3052 3200 54 32 life
3130 3212 67 22 was

2440 3252 68 34 also
2525 3265 19 21 a
2559 3253 139 41 striking
2712 3254 252 35 characteristic.

2480 3308 132 35 Chaffee
2634 3310 146 35 Irittered
2803 3322 93 34 away
2913 3312 54 35 the
2989 3312 79 35 bulk
3090 3314 36 35 of
3145 3314 51 35 his

2440 3366 160 35 immense
2633 3368 132 34 fortune
2794 3381 42 21 on
2863 3371 142 33 railroad
3031 3373 108 33 stocks
3168 3374 36 32 of

2439 3422 108 34 which
2591 3423 41 35 he
2667 3423 96 36 knew
2802 3426 142 45 nothing
3015 3427 182 45 absolutely

2439 3480 150 44 nothing.
2643 3482 66 34 For
2734 3493 95 33 years
2858 3484 51 34 his
2938 3485 54 35 life
3022 3486 66 35 had
3118 3487 82 34 been

2440 3537 124 44 mainly
2579 3545 96 37 spent
2696 3538 35 35 in
2747 3539 54 34 the
2824 3542 247 42 neighborhood
3093 3545 35 33 of
3141 3545 54 33 the

2440 3597 19 15 44

2481 3650 71 36 Bob
2586 3652 118 40 Green,
2737 3664 80 24 once
2849 3665 18 24 a
2897 3656 144 44 wealthy
3075 3660 104 42 placer-

2439 3707 116 40 miner,
2579 3709 27 32 is
2629 3720 19 23 a
2663 3710 171 34 miserable
2856 3723 134 35 pauper,
3007 3716 191 45 wandering

2426 3765 1 39 S
2440 3765 97 33 about
2554 3765 54 34 the
2624 3773 116 30 streets
2756 3768 37 35 of
2804 3769 142 35 Denver.

2481 3822 131 35 Celonel
2657 3822 143 43 Denver,
2852 3825 54 36 the
2954 3839 166 33 possessor
3164 3831 36 33 of

2441 3877 164 36 hundreds
2627 3879 35 35 of
2681 3879 181 38 thousands
2886 3889 58 29 not
2972 3897 103 33 many
3098 3898 97 32 years

2439 3937 97 38 since,
2553 3937 26 33 is
2590 3938 155 43 enjoying
2756 3939 56 33 the
2824 3940 55 33 life
2891 3942 37 31 of
2937 3942 56 33 the
3005 3943 190 39 gentleman

2439 4003 42 23 on
2506 3992 54 35 the
2586 3993 171 37 collection
2775 3996 36 34 of
2829 3999 159 44 suppesed
3013 4000 62 34 bad
3101 4001 93 36 loans

2439 4050 95 35 made
2551 4051 95 35 when
2662 4052 41 36 he
2718 4065 68 24 was
2801 4055 145 36 affluent.

2482 4108 112 42 Kiche,
2610 4110 56 35 the
2683 4111 181 36 discoverer
2879 4114 35 35 ef
2927 4115 55 35 the
3003 4116 83 35 little
3111 4118 64 36 Pits-

2439 4166 90 45 lurg,
2553 4167 27 34 is
2602 4167 34 35 in
2660 4179 20 24 a
2700 4169 63 35 fair
2777 4180 74 33 way
2874 4176 32 30 to
2930 4184 78 24 soon
3031 4179 111 31 return
3158 4185 34 25 to

2439 4225 51 33 his
2505 4225 221 36 shoemaker's
2747 4227 117 36 bench.
2912 4230 51 35 He
2986 4233 26 33 it
3036 4245 64 22 was
3122 4235 73 36 that

2438 4281 75 47 paid
2537 4283 141 42 4*10,000
2699 4284 50 35 for
2765 4297 19 22 a
2805 4286 83 43 wife,
2905 4288 65 36 and
2986 4290 85 41 who,
3095 4292 96 36 when

2438 4340 42 33 lie
2504 4341 75 35 ihot
2603 4342 61 34 Pat
2689 4342 114 35 Dillon
2832 4345 34 33 in
2893 4356 17 24 a
2933 4347 114 35 saloon
3078 4349 111 41 brawl,

2438 4397 88 35 said:
2551 4398 34 35 If
2605 4399 15 33 I
2644 4399 61 35 haf
2715 4401 60 35 kilt
2790 4401 80 42 him,
2894 4404 79 35 send
2996 4414 117 27 arount
3135 4410 56 33 the

2438 4454 57 44 pill
2511 4456 33 34 in
2561 4455 54 35 the
2630 4458 175 35 morninV

2479 4513 125 41 George
2617 4512 87 45 Daly
2718 4525 63 23 was
2793 4514 99 37 killed
2907 4517 42 42 by
2962 4518 55 35 the
3029 4519 160 46 Apaches.

2439 4568 61 35 His
2524 4570 101 38 debts,
2648 4572 105 34 which
2778 4584 83 24 were
2885 4577 163 35 cancelled
3071 4578 43 44 by
3141 4580 52 34 his

2439 4629 100 40 tragic
2551 4627 109 41 death,
2674 4640 53 24 are
2739 4629 71 35 said
2822 4634 33 32 to
2867 4631 39 36 be
2919 4645 184 24 enormous.
3136 4637 54 36 He

2439 4684 49 31 led
2506 4695 17 20 a
2539 4684 53 32 life
2607 4685 73 33 that
2695 4685 49 33 for
2758 4686 139 35 fastness
2911 4699 68 24 was
3003 4701 96 24 never
3122 4704 51 22 sur-

2439 4740 112 44 passed
2568 4741 33 34 in
2618 4748 55 29 the
2688 4742 101 36 West.

2481 4798 98 35 Nclso
2606 4798 151 44 Halleck,
2781 4801 179 38 discoverer
2980 4806 36 35 of
3034 4806 56 36 the
3114 4810 55 34 Car-

2438 4855 117 35 bonate
2571 4857 98 40 mine,
2687 4859 65 34 and
2768 4860 145 35 William
2930 4864 145 42 Yankee,
3091 4868 34 33 of
3137 4869 54 33 the

2438 4913 131 35 Yankee
2593 4916 238 43 Consolidated,
2855 4920 82 35 have
2968 4933 20 22 a
3017 4934 87 25 mere
3127 4927 45 39 pit-

2439 4978 93 27 tance
2549 4972 56 34 left
2622 4972 145 37 between
2779 4975 101 36 them.

2478 5028 67 33 Jim
2565 5029 171 42 Williams,
2753 5043 60 23 one
2830 5033 35 34 of
2877 5034 55 35 the
2947 5035 199 39 discoverers
3158 5041 37 34 of

2438 5087 53 32 the
2521 5087 112 33 Grand
2662 5088 101 41 View,
2787 5090 53 34 did
2865 5098 58 29 not
2948 5095 83 33 have
3061 5100 128 40 enough

2438 5155 117 32 money
2573 5150 32 30 to
2622 5144 65 46 buy
2702 5157 19 23 a
2735 5146 98 36 coffin
2855 5148 94 37 when
2970 5151 39 35 he
3025 5164 67 25 was
3115 5156 74 37 shot

2436 5192 92 30 down
2547 5193 32 29 in
2598 5205 17 19 a
2633 5194 103 31 Silver
2752 5194 74 42 City
2841 5196 102 33 dance
2960 5198 78 34 hall.

2478 5235 62 36 Bill
2566 5236 101 43 West,
2695 5238 51 36 his
2772 5245 141 41 partner,
2944 5244 26 35 is
2994 5257 17 24 a
3034 5245 154 41 destitute

2435 5284 165 34 drunkard
2617 5292 31 26 at
2664 5287 179 40 Leadville,
2863 5290 182 43 dependent
3066 5306 87 32 upon
3170 5309 20 21 a

2434 5328 90 35 chair
2539 5330 33 33 in
2589 5341 89 24 some
2693 5332 140 45 friendly
2848 5334 153 47 drinking
3019 5350 102 26 resort
3139 5344 49 33 for

2434 5388 19 20 a
2469 5376 144 41 sleeping
2630 5377 100 43 place.

2476 5422 124 44 GfO'-ge
2624 5424 163 42 Houston,
2810 5427 36 33 ef
2866 5426 53 36 the
2940 5428 61 46 Big
3025 5432 163 48 Pitsburg,

2435 5469 73 32 died
2527 5471 162 40 penniless
2705 5472 33 32 in
2751 5483 42 22 an
2807 5473 82 34 Ohio
2900 5475 112 36 insane
3026 5464 162 57 asylum?'

2476 5514 139 35 General
2638 5516 105 43 Craig,
2767 5518 31 34 of
2814 5518 55 35 the
2892 5519 99 37 Little
3008 5523 87 44 Giafc,
3113 5527 74 36 died

2434 5561 38 32 of
2492 5561 156 42 paralysis
2671 5563 36 33 of
2720 5565 54 32 the
2793 5565 102 39 heart,
2920 5568 81 33 after
3024 5582 17 20 a
3065 5574 122 41 night's

2434 5605 157 36 debauch.
2638 5607 71 36 And
2740 5621 35 23 so
2804 5611 106 36 ended
2945 5613 56 37 the
3037 5615 82 39 lives
3155 5622 35 35 of

2434 5659 123 38 twenty
2573 5655 119 41 others,
2709 5657 73 34 who
2798 5660 116 34 turned
2932 5672 42 32 up
2990 5663 145 38 fortunes
3153 5675 33 29 at

2434 5699 54 33 the
2505 5701 91 41 point
2612 5701 34 33 of
2659 5713 19 21 a
2692 5704 133 33 miner's
2840 5705 74 37 pick
2928 5706 34 33 in
2976 5709 167 37 Colorado.

2474 5744 69 36 The
2558 5756 72 25 case
2646 5748 35 34 of
2692 5749 125 44 George
2834 5751 104 44 Gryer
2960 5763 66 25 was
3045 5758 139 45 perhaps

2433 5789 56 37 the
2525 5793 140 36 saddest.
2710 5795 41 35 In
2782 5797 79 34 1872
2898 5798 40 35 he
2974 5800 134 39 cleaned
3145 5819 43 31 up

2434 5838 141 38 £40,000
2602 5840 85 36 from
2716 5842 56 35 the
2803 5843 66 36 sale
2902 5845 35 34 of
2965 5847 56 35 the
3051 5850 137 40 Pioneer

2433 5884 229 36 Consolidated
2678 5891 33 31 at
2726 5889 107 33 Alma-.
2879 5891 63 33 His
2960 5894 81 42 aged
3056 5900 132 34 mother

2433 5940 66 23 was
2535 5929 35 36 in
2605 5943 80 34 poor
2720 5934 251 38 circumstances
3007 5944 34 32 at
3078 5942 89 39 Phila-

2433 5976 143 45 delphia,
2608 5981 64 33 and
2701 5981 55 34 the
2793 5982 71 35 first
2899 5988 210 40 expenditure
3128 5994 59 34 'he

2433 6023 95 33 made
2552 6035 65 22 was
2641 6026 72 34 that
2735 6028 36 32 of
2790 6030 107 33 iIGQOO
2918 6031 50 33 for
2990 6043 18 22 a
3031 6034 97 35 home
3152 6038 36 34 in

780 73 137 47 THE
983 71 221 51 LYELL
1265 73 219 56 TIMES,
1551 76 365 56 SATURDAY,
1988 79 164 57 JUNE
2227 95 63 47 13,
2366 84 125 59 1885.

114 356 164 35 NOTICE
304 356 56 34 TO
385 356 371 39 LEASEHOLDERS.

236 448 218 34 DOUBLED
478 450 157 35 RENTS.

249 540 114 34 Cr»wn
383 540 109 36 Lands
508 542 111 34 Offico.

349 587 133 39 Nelson,
499 588 127 38 Junel,
642 592 87 31 1885.

115 643 197 37 POLDERS
342 645 35 35 of
401 646 168 36 LEASES
598 649 35 33 of
656 648 156 35 CROWN

115 699 19 23 ■
179 690 146 35 LANDS
350 703 53 22 are
433 694 166 32 reminded
627 694 71 34 that
729 695 84 32 ALL

64 736 143 34 RUNTS
231 737 94 35 DUE
351 738 121 34 MUST
494 740 55 33 HE
576 741 104 33 PAID
705 749 31 25 to
760 741 54 33 the

68 782 151 32 Receiver
233 782 35 34 of
282 782 91 34 Land
391 784 162 37 Revenue,
571 785 145 39 Nelson,
734 797 34 21 or
781 790 33 29 to

62 829 54 32 the
150 828 95 34 Local
276 829 91 33 Land
396 831 126 38 Offices,
553 837 33 28 at

62 875 153 38 Ahaura,
239 875 63 33 and
327 875 168 38 Reefton,
512 887 41 22 on
572 888 37 22 ©r
633 878 103 33 before
759 878 55 33 the

64 920 76 36 30th
156 921 96 41 June,
270 927 31 29 to
318 933 75 23 save
409 923 108 34 Fines.

216 978 182 34 ALFRED
421 979 309 41 GREENFIELD,

242 1024 254 35 Commissioner
511 1026 36 34 of
558 1028 118 33 Crown
694 1026 118 34 Lands.

64 1278 103 36 NEW
189 1278 209 35 ZEALAND
417 1278 315 35 GOVERNMENT
752 1278 41 35 IN-

173 1337 205 35 SCHANCE
395 1336 304 35 ASSOCIATION.

87 1451 26 33 A
137 1451 28 33 N
183 1448 182 37 AGENCY
377 1449 36 35 of
419 1449 54 36 the
483 1449 100 36 above
596 1451 216 33 Association

178 1507 65 35 will
274 1507 37 36 be
348 1518 83 35 open
468 1518 35 25 as
540 1509 79 32 from
650 1507 54 34 the
734 1506 78 35 20th

67 1567 140 37 APRIL,
239 1567 89 37 1835,
353 1569 33 30 at
409 1565 55 35 the
496 1565 106 33 POST
642 1565 175 37 OFFICE,

67 1622 249 36 LONGFORD.

106 1692 287 33 Policy-holders
415 1691 140 40 wishing
580 1696 32 29 to
643 1701 63 34 pay
729 1689 87 35 their

64 1750 179 43 premiums
259 1756 33 27 at
307 1748 53 35 the
377 1748 99 35 above
494 1748 109 38 Oi!be,
621 1758 61 24 can
700 1748 110 33 obtain

65 1809 55 31 the
144 1818 166 32 necessary
332 1807 100 35 forms
454 1806 36 36 of
506 1805 197 46 application
727 1805 83 35 from

68 1864 55 34 the
140 1865 206 33 Postmaster.

381 1932 41 33 D.
447 1932 44 33 M.
516 1931 181 41 LUCKIE,

324 1988 116 46 Acting
457 1988 138 35 General
613 1988 165 45 Manager.

71 2087 189 34 CAPTAIN
292 2089 115 33 COOK
440 2089 174 42 QUARTZ
652 2089 171 35 MINING

228 2150 224 40 COMPANY,
475 2151 207 36 LIMITED.

93 2275 29 35 A
167 2275 214 37 GENERAL
398 2277 208 35 MEETING
617 2278 35 35 of
661 2278 160 35 SHARE.

186 2339 213 36 HOLDERS
414 2341 34 34 in
459 2341 54 34 the
527 2342 99 34 above
640 2342 182 44 Company,

72 2399 67 33 will
169 2400 39 33 be
238 2402 75 33 held
342 2409 33 28 at
401 2403 56 34 the
487 2404 198 44 Company's
715 2406 111 38 Office,

73 2460 149 43 Reefton,
240 2474 41 24 on
299 2463 179 44 FRIDAY,
496 2465 53 36 the
566 2465 58 36 3rd
645 2465 39 36 of
701 2465 125 43 JULY,

73 2526 90 40 1835,
179 2533 33 27 at
228 2527 19 33 7
262 2527 132 43 o'clock,
412 2540 77 33 p.m.

356 2654 167 36 Business
539 2666 7 25 :

155 2717 46 34 To
224 2717 164 37 authorise
410 2720 55 35 the
488 2721 167 36 Direttors
681 2727 34 30 to
739 2723 43 34 let
805 2734 19 25 a

238 2782 129 44 portion
382 2781 36 36 of
430 2782 55 35 the
501 2783 90 36 mine
607 2795 41 25 on
666 2785 129 37 tribute.

396 2857 186 36 THOMAS
605 2859 101 41 LEE,

620 2922 169 46 Manager.

116 2979 146 42 Reefton,
281 2980 75 36 10th
372 2981 99 42 Jue,
489 2985 89 34 1885.

201 3081 235 33 GKAND
504 3083 203 34 BALL.

76 3190 204 37 PUBLIC
311 3192 157 44 HALL,
499 3195 329 38 MURCIIISON

236 3255 138 41 Friday,
390 3257 59 33 3rd
464 3258 98 39 July,
581 3261 88 32 1885.

96 3368 30 33 A
169 3368 154 34 GRAND
353 3370 127 41 BALL,
508 3373 34 32 in
572 3373 193 35 celebration
798 3376 35 33 of

189 3424 55 35 the
277 3425 323 37 ANNIVERSARY
634 3430 37 33 of
689 3430 54 35 the
776 3432 35 33 de-

73 3481 156 35 claration
240 3483 36 34 of
282 3484 179 36 American
472 3485 276 44 Independence,
762 3488 66 36 will

74 3538 38 35 be
127 3538 76 35 held
219 3552 34 21 as
268 3541 111 39 above,
400 3553 43 27 on

119 3596 224 58 FRIDAY,
370 3599 74 46 3rd
469 3600 154 58 JULY,
651 3603 114 47 1885.

351 3719 181 38 Stewards
547 3732 6 24 :

113 3776 53 32 Mr
188 3777 36 33 0.
250 3777 116 43 Lyach
428 3776 3 44 I
495 3780 52 33 Mr
569 3780 39 35 R.
634 3782 117 35 M'Nee

113 3822 52 33 Mr
188 3824 38 32 G.
251 3834 63 24 von
336 3824 73 35 Bell
494 3826 52 34 Mr
570 3830 32 31 S.
627 3827 143 37 Thomas

113 3867 53 36 Mr
188 3869 158 45 Hodgson
495 3872 51 35 Mr
570 3873 208 39 Huddleston

237 3928 53 33 Mr
304 3929 39 33 B.
363 3929 42 34 H.
424 3930 138 40 Dokno,
577 3931 86 35 M.C.

208 4041 29 36 A
254 4041 60 38 full
328 4042 97 38 Baud
439 4043 35 36 in
490 4041 218 41 attendance.'

125 4158 151 45 Dancing
292 4161 33 33 to
341 4170 190 24 commence
548 4165 33 29 at
597 4163 21 33 8
629 4162 136 36 o'clock.

92 4272 112 37 Ticket
226 4278 35 31 to
283 4272 105 37 admit
403 4273 94 46 Lady
515 4273 64 36 and
597 4274 208 45 Gentleman,

402 4333 35 32 7s
452 4332 52 33 6d.
562 4325 6 12 :

92 4429 395 38 ALHAMBRA
548 4430 265 51 HOTEL,

383 4474 125 33 Lyell.

86 4605 43 31 J-
183 4612 121 43 prietor
319 4612 36 34 of
366 4612 65 34 this
446 4613 210 35 well-kuown
673 4615 64 33 and
753 4617 78 43 long

74 4657 198 33 established
288 4659 112 35 Hotel,
417 4660 108 32 would
545 4661 58 41 beg
619 4668 32 25 to
668 4661 88 32 draw
774 4663 55 32 the

74 4706 162 29 attention
261 4702 35 33 of
321 4702 192 41 Travellers,
539 4704 137 34 Persons
700 4707 131 43 visiting

76 4747 56 33 the
149 4749 123 33 dislrict
278 4775 10 13 r
301 4749 64 33 and
388 4749 54 34 the
466 4751 107 42 public
596 4753 179 43 generally,
799 4759 32 28 to

78 4793 54 34 the
148 4795 108 43 ample
272 4794 64 35 and
353 4796 195 35 convenient
558 4796 166 37 character
736 4800 35 33 of
776 4799 55 35 the

77 4841 248 33 accomodation
354 4842 108 33 which
499 4844 55 34 the
584 4845 248 36 establishment

387 4887 129 37 affords.

75 4978 139 37 Board
229 4979 82 37 and
325 4979 164 48 lodging
515 5010 19 9 ..
557 4982 53 38 £1
626 4993 72 36 per
718 4986 114 36 week

76 5021 223 36 Meals—at
313 5022 53 36 all
381 5022 169 38 hours—
678 5053 19 10 ..
720 5025 40 38 Is
777 5027 55 38 Gd

76 5062 110 38 Beds
793 5070 38 37 Is

76 5139 71 35 The
163 5139 111 36 Tahle
291 5140 65 37 will
371 5140 38 38 be
426 5142 103 36 under
540 5142 53 38 the
605 5144 104 38 direct
720 5158 91 34 super-

77 5187 106 32 vision
200 5191 35 28 of
248 5189 67 31 Mrs
331 5192 37 29 A.

78 5281 85 32 Next
172 5281 78 33 door
263 5287 31 27 to
311 5282 54 33 the
382 5284 97 32 Hotel
492 5285 89 32 there
593 5285 27 31 is
634 5297 16 20 a
666 5287 86 39 large
766 5288 64 32 and

161 5326 225 36 commodious
413 5329 104 34 Room
541 5329 137 35 suitable
701 5332 49 35 for

225 5372 168 47 Meetings,
419 5375 111 35 Dance
556 5384 130 36 part.es,

306 5420 292 43 Entertainments,

426 5469 53 34 &c.

211 5570 65 21 and
294 5560 125 33 Splrits
436 5572 39 22 of
492 5572 64 23 the
574 5572 80 23 best
678 5573 151 27 quality.

75 5652 12 46 [
120 5650 155 38 Marshall
301 5654 63 33 and
388 5655 194 44 Copland's
598 5655 126 36 XXXX.
748 5670 41 22 on

421 5708 64 36 tap.

318 5792 91 36 Good
433 5793 157 46 Stabling.

255 5885 51 31 All
325 5885 132 44 charges
472 5887 177 35 moderate.

291 5953 199 38 ANTONIO
513 5955 234 41 ACCOLINO,

596 6004 193 43 Proprietor.

968 211 147 34 LYELL
1139 211 326 36 SCHOOL-ROOM.

870 319 213 47 FRIDAY
1109 320 118 46 AND
1263 320 312 60 SATURDAY,

1051 386 104 40 Junk,
1173 388 37 32 19
1226 388 63 32 and
1305 386 88 35 UOth.

1012 499 92 34 THE
1122 499 301 36 CELEBRATED

849 555 754 68 FAUSTTjIAMILY

953 588 310 49 AUST-C
1321 605 27 32 A
1387 605 32 33 M
1460 605 14 34 I
1509 605 28 35 L
1576 606 27 34 Y

1015 662 127 32 10-IN
1170 662 278 34 NUMBER—IO

1126 727 142 37 Assisted
1285 729 42 44 by

988 794 77 35 MR,
1089 795 207 37 CHARLES
1323 797 141 42 WARD,

849 863 70 38 .The
935 870 139 35 greatest
1089 865 126 34 Pianist
1230 877 39 21 an
1281 866 10 32 1
1312 865 234 36 Violinsolloist
1563 868 33 33 in

1112 921 54 34 the
1183 922 157 35 Colonies.

855 1033 122 34 Marble
995 1035 154 34 Statuary
1166 1039 6 29 !

978 1080 197 34 Miraculous
1190 1082 170 34 Acrobatic
1375 1082 104 35 Feats.

1060 1126 136 37 Musical
1212 1129 128 34 Clowns
1357 1129 78 34 with
1456 1129 122 35 Violini
1597 1133 7 33 !

873 1209 154 37 GRAND
1052 1211 164 38 RISLEY
1236 1214 347 37 PERFORMANCE.

855 1295 296 48 Mirth-provoking
1173 1298 61 36 Act
1260 1312 42 22 on
1333 1300 53 35 the
1410 1300 194 38 Horizontal

1190 1357 74 35 Bar.

853 1409 177 34 Selections
1046 1411 35 35 of
1094 1412 149 44 Operatic
1262 1413 104 35 Music

1072 1472 181 40 performed
1269 1484 38 21 on
1326 1483 153 24 common
1498 1474 103 34 wood.

854 1523 142 37 Famous
1013 1525 153 37 National
1183 1528 127 35 Dances
1327 1529 35 35 of
1375 1529 164 42 Euglaud,

1209 1586 131 33 Ireland
1356 1587 64 33 aud
1439 1588 167 33 Scotlaud.

1055 1696 210 47 •Concluding
1288 1700 75 35 with
1386 1712 18 22 a

856 1751 277 36 LAUGHABLE
1165 1755 138 35 COMIC
1338 1757 271 37 PANTOMIME

1157 1815 147 33 Entitled

896 1867 94 34 THE
1006 1867 238 38 TROUBLES
1261 1872 55 33 OF
1329 1872 27 33 A
1370 1872 200 38 MUSICAL

1138 1926 185 36 FAMILY.

900 2041 106 35 Prices
1031 2042 36 34 of
1089 2041 199 43 Admission,
1310 2044 103 35 Front
1435 2055 97 31 teats,
1555 2050 56 39 3s;

859 2097 86 35 Back
961 2099 62 37 do.,
1041 2101 45 32 2s.
1131 2099 106 34 Doors
1248 2112 83 33 open
1346 2108 33 28 at
1389 2101 83 37 7.30.
1516 2106 72 33 Com-

858 2166 113 24 menee
987 2161 34 30 at
1035 2159 20 31 8
1070 2156 109 46 sharp.

1126 2227 181 34 ALFRED
1331 2229 160 41 SHORT,

1283 2284 156 37 Business
1455 2288 115 38 Ajjent.
