3520 4570
54 204 36 24 lot
114 200 120 26 rendered
264 197 134 26 endurable
425 196 57 31 only
494 195 33 31 by
546 195 43 24 the

53 240 111 33 prospect
175 238 27 25 of
204 245 23 23 .a
246 236 99 30 coming
368 233 116 26 mansion
496 233 27 25 m
546 233 42 25 the

54 279 72 26 skies.
170 277 36 24 As
227 283 16 17 a
265 273 174 34 hymn-writer
462 278 127 27 expresses

31 310 95 35 -m-
150 314 17 7 -
188 310 22 45 ■■;
272 320 19 35 ;■
319 320 17 33 .-

103 369 107 27 Through
219 368 69 21 much
296 367 94 21 distress
399 366 47 21 and
455 367 61 26 pain,

133 396 108 27 Through
249 402 68 19 many
326 401 15 14 a
350 393 90 22 conflict
448 395 61 24 here,

79 425 106 26 Through
194 423 66 22 blood
269 430 33 14 we
307 423 62 20 must
373 422 41 20 the
420 422 108 21 entrance
534 421 55 26 gain

105 454 52 20 Into
166 451 54 22 that
228 450 112 26 heavenly
349 449 89 27 sphere.

86 503 47 24 Yet
145 501 73 24 when
229 507 36 17 we
285 506 70 18 come
366 499 27 24 to
404 498 44 24 the
460 496 50 25 real
523 496 65 24 facts

53 543 27 22 of
91 541 42 24 the
145 546 56 18 case
212 545 36 18 we
260 537 54 25 find
322 537 70 24 these
402 534 87 33 people
502 535 85 25 seated

52 581 27 24 m
90 581 42 24 the
152 580 63 24 seats
227 578 27 24 cf
275 578 43 24 the
340 576 106 33 mighty,
471 576 117 32 enjoying

52 626 67 23 every
133 617 88 30 luxury
232 616 55 24 that
304 623 87 23 money
402 622 48 18 can
462 614 58 32 buy,
538 614 49 24 and

52 656 38 24 far
102 658 41 22 too
154 654 160 25 comfortable
326 653 26 25 m
364 652 50 26 this
426 652 75 25 world
521 653 24 24 to
557 653 30 24 be

51 694 28 24 m
99 701 47 23 any
166 692 71 25 haste
256 694 26 23 to
304 691 102 33 proceed
418 692 26 24 to
464 691 41 24 the
517 692 68 23 next.

52 734 90 26 When,
161 732 130 29 therefore,
309 739 38 17 we
357 739 42 16 are
411 731 52 25 told
475 731 56 24 that
543 730 44 25 the

51 771 166 31 predecessors
237 770 26 24 of
274 770 69 24 these
360 769 86 32 people
458 777 64 16 were
533 776 54 24 per-

31 811 119 38 secuted
162 811 30 31 by
215 809 43 26 the
281 810 98 25 Roman
391 809 147 26 authorities
560 809 27 24 m

49 840 54 33 i\l£
117 850 55 23 first
195 849 68 24 three
284 849 131 29 centuries,
434 856 36 17 we
481 849 65 24 have
562 850 25 23 to

50 887 97 31 inquire
176 886 108 25 whether
307 887 70 24 there
403 887 22 24 is
449 894 49 24 any
522 894 65 16 more

52 926 69 24 truth
144 924 27 25 m
194 924 56 25 that
279 926 136 23 statement
435 924 63 24 than
517 923 70 26 there

51 966 20 24 is
89 966 25 24 m
138 965 43 25 the
209 965 148 30 complaints
401 964 71 25 made
503 972 84 17 aow-a

51 1006 67 31 days.

84 1046 79 23 When
176 1053 35 16 we
223 1044 44 24 ask
289 1044 39 24 for
339 1044 107 24 detailed
469 1046 118 22 accounts

51 1084 23 23 of
103 1084 69 24 these
194 1082 175 32 persecutions,
399 1087 37 20 we
458 1084 42 28 get
526 1081 60 32 only

50 1121 112 24 fabulous
284 1120 117 29 Martyrs,
420 1119 88 31 chiefly
520 1127 64 16 com-

51 1158 64 30 piled
135 1158 27 23 m
180 1157 43 25 the
235 1157 58 24 fifth
315 1161 110 27 century,
445 1164 68 17 some
525 1156 62 25 time

52 1197 63 24 after
143 1197 43 24 the
214 1197 95 31 alleged
337 1196 170 32 martyrdoms,
537 1195 48 25 and

49 1237 91 33 having
151 1246 33 16 no
201 1237 146 25 foundation
360 1239 86 29 except
458 1236 42 25 the
507 1235 79 26 fervid

51 1277 174 31 imaginations
252 1276 27 24 of
305 1275 159 25 mendacious
491 1274 93 24 monks.

52 1316 80 24 These
155 1316 56 29 silly
248 1315 88 24 stories
359 1322 40 16 are
428 1314 34 23 all
491 1314 26 24 of
538 1321 47 17 one

51 1356 104 29 pattern.
198 1353 51 25 The
272 1352 58 33 holy
354 1354 93 30 martyr
468 1352 21 24 is
512 1352 71 24 haled

51 1395 82 23 before
154 1394 41 24 the
215 1393 144 31 magistrate
381 1401 32 15 on
425 1401 16 15 a
451 1394 89 29 charge
561 1392 27 24 of

31 1432 91 31 •joeing
135 1441 14 14 a
161 1431 133 25 Christian.
341 1430 40 24 He
404 1430 66 25 talks
496 1432 25 22 to
542 1430 42 24 the

53 1472 99 24 officials
164 1472 26 23 m
203 1480 15 15 a
235 1472 68 31 -style
315 1470 81 26 which,
418 1470 83 25 would
512 1478 73 17 cause

53 1521 47 21 any
112 1512 106 31 English
229 1512 76 31 judge
317 1514 26 22 to
366 1511 102 25 commit
491 1511 55 24 him
559 1512 25 23 to

51 1549 130 31 Holloway
199 1550 38 23 for
248 1549 147 31 aggravated
412 1550 126 30 contempt
561 1548 27 25 cf

51 1588 78 26 court,
159 1587 59 23 with
243 1594 15 15 a
280 1585 225 25 recommendation
528 1585 57 23 that

51 1623 43 25 the
107 1625 64 24 state
194 1623 27 25 of
242 1623 42 25 the
309 1623 130 32 prisoner's
466 1622 71 25 mind
554 1622 29 25 be

49 1663 112 31 inquired
173 1663 61 24 into.

84 1702 68 24 After
180 1702 52 24 this
260 1701 128 31 harangue
416 1700 44 25 the
488 1700 95 25 Eoman

49 1742 141 29 magistrate
214 1740 147 24 condemns,
376 1740 52 24 the.
434 1747 102 24 -martyr
559 1741 25 23 to

49 1778 80 28 death,
148 1778 49 24 and
209 1778 59 31 they
281 1780 36 29 try
330 1779 25 22 to
366 1778 99 24 execute
481 1777 53 24 him
556 1777 27 24 m

145 1816 131 30 elaborate,
310 1816 45 23 not
383 1817 26 22 to
432 1823 42 23 say
498 1815 85 25 idiotic

49 1863 114 21 manner,
193 1856 82 25 which
297 1855 124 31 generally
441 1855 56 24 fails
507 1863 5 21 ;
539 1855 45 24 but

49 1896 43 24 the
115 1896 94 31 judges,
241 1895 73 32 being
337 1895 156 31 persevering
515 1903 66 21 men,

49 1935 59 30 they
125 1942 32 24 go
169 1942 41 22 on,
228 1933 50 25 and
296 1933 85 25 endow
391 1933 55 24 him
468 1933 59 25 with
540 1933 43 24 the

49 1980 81 17 crown
142 1972 27 24 of
180 1972 150 31 martyrdom
341 1972 26 23 m
380 1978 68 18 some
459 1971 123 32 ordinary,

50 2012 188 24 matter-of-fact
255 2020 62 23 way.
337 2018 3 2 '
472 2018 3 3 ■
527 2036 2 3 .

179 2052 28 24 m
229 2052 43 24 the
284 2051 153 25 well-known
458 2051 89 32 legend
558 2052 27 24 of

51 2093 35 23 St.
102 2091 134 25 Catherine
246 2098 14 16 o
264 2091 7 18 f
284 2090 155 28 Alexandria,
458 2090 59 31 they
529 2089 55 25 first

50 2133 39 27 try
101 2131 26 22 to
147 2131 54 21 tear
213 2130 43 22 the
277 2131 93 28 martyr
381 2130 27 22 to
425 2128 81 31 pieces
512 2136 73 22 upon

51 2175 14 16 a
94 2166 163 31 complicated
286 2166 66 31 piece
380 2166 27 24 of
439 2165 145 31 machinery

53 2208 95 29 costifeg
151 2210 25 31 jG
176 2210 5 9 1
187 2206 114 24 hundred
320 2206 96 31 pounds
427 2213 6 22 ;
452 2205 43 25 the
517 2206 69 25 £100

51 2245 115 24 machine
176 2244 162 38 i^estroyed
350 2244 31 31 by
392 2253 15 16 a
416 2244 168 28 thunderbolt,

44 2285 55 23 .and
112 2281 157 36 they^aflly
291 2284 145 32 decapitate-
447 2284 51 24 the-
505 2284 79 31 virgin

51 2323 59 24 with
122 2333 12 14 a
147 2326 41 21 7s-
198 2323 40 24 6d.
251 2324 89 27 sword,
357 2324 74 24 when
441 2324 55 31 they
506 2324 79 31 might

50 2363 51 31 jnst
112 2371 27 16 as
148 2363 56 24 well
215 2363 64 24 have
291 2363 73 26 saved
381 2363 148 26 themselves
543 2364 42 25 the

54 2409 100 23 expense
164 2402 48 23 and
224 2402 61 24 used
299 2403 41 24 the
352 2403 80 24 sword
442 2402 26 25 m
479 2403 42 24 the
531 2402 54 25 first

31 2469 176 35 '■^■Eusebius
233 2479 121 30 professes
378 2481 35 23 to-
427 2480 54 31 give
499 2489 30 16 us
552 2489 33 16 an

51 2521 106 22 account
172 2519 27 25 of
209 2519 43 25 the
263 2519 161 32 martyrdom.
430 2520 26 25 of
465 2521 120 31 Polycarp

53 2559 88 31 (about
153 2568 12 14 a
178 2561 104 30 century
302 2559 50 25 and
370 2567 15 17 a
395 2559 56 26 haif
471 2560 62 25 after
544 2560 42 24 the

49 2599 92 32 event).
194 2599 24 25 It
242 2607 103 24 appears
373 2600 55 25 that
451 2601 59 31 they
532 2600 54 25 first

49 2639 120 30 gathered
193 2640 67 23 wood
290 2639 50 24 and
363 2641 75 24 straw
460 2640 64 25 from
543 2641 43 24 the

49 2679 73 30 shops
136 2679 48 23 and
197 2679 73 24 baths
282 2679 23 23 of
319 2679 107 31 Smyrna
436 2688 6 20 ;
455 2679 46 25 but
512 2680 73 25 when

32 2718 58 30 Vtho
110 2718 45 24 fire
167 2726 51 17 was
241 2718 95 31 lighted
348 2718 44 25 the
411 2719 92 26 flames,
510 2727 76 17 never

31 2759 115 30 JJLjeu-ed
169 2759 43 24 the
232 2761 101 29 martyr,
353 2759 44 24 but
409 2759 71 25 stood
498 2761 42 23 out
552 2761 33 23 all

47 2797 93 24 around
153 2797 52 24 him
216 2796 48 26 like
277 2805 14 16 a
303 2797 97 28 baloon,
411 2797 40 24 HI!
462 2801 24 20 at
498 2798 87 31 length

48 2836 43 23 the
121 2836 90 24 wicked
244 2835 153 31 persecutor;?
420 2836 100 24 ordered
543 2837 43 24 the

47 2876 158 24 executioner
230 2879 24 20 to
284 2876 56 24 stab
369 2876 59 29 him,
457 2877 49 23 and
529 2876 55 25 that

47 2914 88 23 official
157 2914 112 31 plunged
291 2914 40 24 his
349 2914 77 24 sword
437 2914 54 24 into
511 2914 74 32 Poly-

47 2956 77 29 carp's
138 2953 82 25 breast
230 2962 5 20 ;
254 2954 51 23 and
317 2953 73 26 when
409 2954 33 25 he
454 2954 63 25 done
535 2954 50 26 this

119 3001 13 16 a.
145 2992 116 30 quantity
271 2991 27 24 of
315 2992 74 24 blood
409 2992 99 30 gushed
517 2992 67 24 forth

46 3029 108 26 thaii'lhc'
167 3031 44 24 fire
225 3038 49 17 was

81 3069 52 23 The
150 3069 94 24 critical
257 3069 85 24 reader
354 3069 50 25 will
415 3069 101 24 observe
528 3069 57 25 that

47 3107 44 24 the
119 3107 102 24 miracle
249 3114 51 17 was
325 3109 45 22 not
388 3109 56 23 that
467 3108 118 31 Polycarp

47 3145 126 24 remained
185 3146 93 22 unhurt
296 3145 66 24 amid
387 3146 43 24 the
441 3146 92 29 flames,
558 3154 27 16 or

31 3183 73 25 _ihat
122 3183 32 22 he
177 3182 50 24 had
251 3183 123 23 sufficient
394 3182 71 26 blood
493 3184 28 23 m
545 3184 40 24 his

48 3219 79 26 bod/sV
138 3224 24 19 to
187 3220 142 30 extinguish
348 3220 62 25 such
428 3229 13 15 a
464 3222 43 23 fire
521 3231 5 20 ;
545 3222 40 24 the

49 3260 101 24 miracle
162 3259 78 32 really
251 3267 50 17 was
314 3260 55 25 that
377 3260 43 25 the
429 3262 157 24 executioner

104 3301 42 23 rot
159 3302 40 29 get
223 3299 75 26 burnt
310 3300 24 24 m
354 3301 101 31 passing
477 3299 109 34 through

45 3338 47 33 tffki
102 3340 93 24 "flames'
204 3342 24 23 to
239 3340 58 25 stab
310 3342 42 23 the
363 3343 95 29 martyr
470 3342 60 24 with
548 3342 39 24 his

48 3378 71 24 short
132 3377 95 26 Roman
248 3390 10 11 a
260 3379 76 24 word.

83 3417 52 23 The
153 3424 86 16 nearer
262 3424 36 17 we
318 3420 41 28 get
381 3418 26 24 to
426 3417 43 25 the
493 3418 94 32 alleged

31 3458 10 20 L
49 3455 70 23 dates
143 3455 25 23 of
189 3454 70 24 these
282 3455 171 31 martyrdoms,
479 3456 42 24 the
539 3456 48 25 less

31 3487 133 30 Evidence
176 3502 35 16 we
224 3495 60 23 have
296 3495 72 23 about
376 3495 79 24 them.
473 3495 32 24 In
517 3503 70 17 some

51 3539 76 21 cases,
147 3530 81 25 where
248 3539 35 16 we
306 3533 42 30 get
359 3540 69 16 more
455 3532 62 25 than
540 3540 47 17 one

51 3570 113 24 account,
183 3568 19 24 it
222 3568 111 31 happens
356 3570 56 24 that
435 3570 42 24 the
496 3574 91 28 E?artyr

31 3607 136 34 .^did^not
180 3608 85 24 suffer,
277 3608 37 24 for
324 3608 41 25 his
385 3617 28 16 or
424 3609 45 24 her
486 3610 64 25 faith
562 3612 25 23 at

84 3682 68 24 Thus
165 3682 37 24 for
225 3683 120 28 instance,
364 3684 123 25 Eusebius
505 3687 79 29 (Eccl.

51 3722 65 22 Hist.
130 3721 40 24 bk.
183 3722 45 29 111.,
251 3729 54 24 cap.
317 3722 78 34 xviii.)
413 3724 55 25 tells
481 3732 29 17 us
531 3725 56 25 that

53 3768 14 16 a
80 3761 97 24 Roman
197 3761 66 31 lady,
281 3762 92 25 named
390 3763 89 26 Flavia
500 3765 85 25 Doini-

51 3801 63 28 tilla,
145 3809 50 17 was
220 3801 120 26 banished
446 3805 141 33 professing

53 3839 109 28 Christ,''
174 3839 27 24 in
214 3840 42 24 the
276 3841 90 25 fiftieth
386 3849 59 24 year
462 3843 27 25 of
508 3844 77 24 Dom-

51 3878 71 24 iiian.
180 3879 45 25 We
254 3880 69 24 learn
351 3881 64 25 from
444 3882 141 30 Suetonius,

51 3918 118 29 however,
187 3918 54 25 that
253 3918 43 26 the
315 3919 79 32 lady's
405 3921 114 25 husband
536 3931 50 17 was

51 3956 47 30 put
110 3956 24 23 to
157 3955 83 31 death,
275 3957 49 25 and
344 3957 91 26 herself
454 3958 128 32 banished,

46 3995 43 23 ior
115 3995 105 33 plotting
241 3996 98 32 against
361 3997 44 26 the
424 3998 43 26 life
489 4000 27 24 of
542 4000 44 26 the

53 4040 119 22 emperor,
213 4035 60 24 And
294 4043 16 16 a
331 4036 47 25 few
400 4038 103 24 months
523 4038 62 25 after

51 4071 66 24 their
128 4072 158 27 banishment
308 4083 47 17 one
366 4076 28 25 of
415 4077 39 24 the
472 4080 112 23 servants

51 4109 91 25 named
166 4111 117 32 Stephen,
308 4114 167 25 assassinated
497 4116 87 26 Domi-

51 4149 53 24 tian
116 4149 24 25 m
152 4149 39 26 his
202 4152 99 31 palace;
320 4161 27 18 so
369 4154 21 25 it
413 4162 104 24 appears
529 4156 55 25 that

50 4189 41 22 the
120 4195 110 24 emperor
257 4198 50 18 was
329 4192 116 32 perfectly
467 4193 68 31 right
556 4194 29 25 m

201 4225 45 27 her
256 4228 27 24 of
292 4232 108 22 treason.

31 4252 22 23 *
83 4263 131 27 Therefore
235 4266 83 26 Flavia
337 4276 49 18 was
407 4269 129 32 punished:
544 4271 41 24 for
588 4263 3 41 j

46 4303 118 31 political,
183 4306 47 24 and
239 4309 42 24 not
298 4308 37 26 for
345 4308 116 33 religions
472 4316 108 25 reasons,

47 4350 28 17 as
87 4343 22 25 is
121 4346 106 24 asserted
244 4345 33 34 by
297 4348 126 26 Eusebius
435 4349 49 24 200
507 4357 71 25 yeaw

46 4384 62 21 alter
119 4380 46 27 her
187 4382 89 34 death;
293 4386 50 26 and
354 4394 38 18 we
406 4387 65 26 have
481 4395 34 19 no
526 4389 52 25 real

49 4419 113 26 evidence
175 4422 51 25 that
237 4423 46 26 she
291 4432 28 17 or
329 4425 47 25 her
390 4426 115 25 servants
516 4434 64 18 were

40 4456 143 28 Christians
193 4468 6 23 ;
216 4459 127 36 although,
356 4463 30 25 of
394 4470 95 22 course,
507 4463 73 27 Cirri-

32 4509 12 17 k
122 4515 3 3 •
207 4505 7 14 ;
225 4516 5 2 -
268 4504 37 16 -I*-
310 4509 23 11 ■■■-
345 4506 62 20 ■■-«**•

618 205 103 33 stianity
732 205 23 25 is
776 206 70 31 quite
856 205 119 26 welcomo
983 207 40 24 -to
1036 205 69 26 claim
1125 205 34 25 all

618 244 43 25 the
672 243 123 26 assassins
806 244 21 26 it
837 244 111 26 chooses.

652 282 150 31 Tertuilian,
829 282 56 26 who
913 284 76 25 wrote
1017 291 15 17 a
1055 285 104 30 century

617 320 84 26 before
719 320 133 30 Eusebius,
877 322 59 24 does
955 323 46 23 not
1022 329 91 24 appear
1132 322 27 24 to

617 358 65 25 have
694 359 89 24 known
796 358 123 35 anything
929 358 28 25 of
966 358 89 25 Flavia
1068 358 87 25 Domi-

618 398 71 31 tilla;
707 400 33 25 he
752 399 95 32 merely
870 407 56 24 says
947 399 55 26 that
1022 399 132 25 Domitian

618 437 118 26 banished
748 445 68 17 some
829 437 147 30 Christians,
996 438 45 25 but
1058 437 99 31 quickly

616 477 119 31 repented
762 477 51 24 and
840 477 105 24 recalled
968 477 76 24 them.
1096 477 61 24 This

616 518 93 23 cannot
728 515 63 24 refer
811 517 25 22 to
848 515 93 30 Flavia,
959 515 56 24 who
1037 522 49 17 was
1110 517 46 22 not

616 556 123 25 re-called.

649 593 110 30 Quintus
780 595 129 30 Septimus
929 595 104 24 Florens
1056 593 97 25 Tertul-

615 626 83 33 lianus
708 635 60 31 (a.d.
782 634 59 33 200)
853 635 28 23 m
893 635 40 23 his
945 636 98 31 apology
1047 652 6 12 ,
1072 642 45 23 cap
1129 642 23 17 v.

616 682 97 17 assures
741 682 29 16 us
799 674 56 25 that
889 674 99 28 neither

616 714 102 32 Trajan,
759 714 120 31 Hadrian,
928 714 123 25 Antonius
1085 715 69 29 Pius,

615 753 101 25 Marcus
742 753 126 31 Angelius,
894 760 46 18 nor
962 752 93 25 Lucius
1074 752 81 26 Verus

615 801 54 17 ever
681 793 144 32 persecuted
844 793 44 24 the
909 793 150 25 Christians.
1106 793 48 24 Yet

615 832 62 24 later
689 832 129 24 Christian
829 831 135 25 historians
985 833 37 23 set
1034 831 73 25 down
1119 832 35 23 all

616 872 70 24 these
712 879 126 22 emperors
862 879 27 16 as
909 872 164 29 persecutor!',
1103 871 51 24 and

615 910 64 24 have
689 909 115 25 included
818 912 67 21 most
901 908 27 25 of
947 908 65 25 their
1023 916 87 17 names
1123 908 29 25 m

615 955 33 18 an
671 948 125 25 elaborate
809 947 100 24 scheme
921 947 28 24 of
970 949 43 23 ten
1037 955 115 23 persecu-

615 988 73 28 tions,
716 991 26 20 to
770 987 147 31 correspond
947 987 61 24 with
1043 987 42 24 the
1109 989 41 26 ten

615 1027 106 31 plagues'
728 1027 28 24 of
765 1027 84 31 Egypt
861 1027 50 24 and
924 1027 43 24 the
988 1029 42 23 ten
1043 1027 73 32 kings
1127 1028 27 23 of

615 1065 90 25 Daniel
717 1065 49 25 and
778 1064 156 25 Revelation.

648 1105 53 24 The
713 1105 87 25 earlier
811 1105 43 24 the
867 1105 127 24 Christian
1003 1105 91 28 writer,
1107 1105 44 24 the

613 1143 50 24 less
675 1143 30 24 ho
717 1143 86 24 knows
827 1142 76 25 about
927 1142 69 25 these-

740 1182 68 24 Nero
819 1182 21 24 is
849 1182 54 24 said
920 1183 27 23 to
957 1181 65 25 have
1034 1181 61 25 been
1109 1182 41 24 the

613 1221 54 25 first
695 1220 154 33 persecuting
874 1227 111 25 emperor
996 1228 7 22 ;
1032 1220 45 26 but
1107 1220 43 26 the

614 1260 89 24 details
721 1260 27 23 of
767 1260 41 23 his
825 1260 168 29 persecutions
1008 1258 73 26 Were
1105 1268 44 16 un-

614 1300 91 24 known
717 1301 26 22 to
766 1299 87 23 earlier
874 1300 104 23 writers.
1025 1299 124 24 Eusebius

613 1338 134 31 Pamphili,
768 1338 26 24 m
806 1345 47 17 a.d.
868 1339 56 27 (530,
949 1339 61 30 only
1023 1345 56 24 says
1093 1338 56 25 that

723 1378 109 31 publicly
843 1378 160 31 announcing
1015 1378 100 24 himself
1122 1387 27 16 as

614 1418 41 24 the
666 1426 90 23 enemy
778 1418 27 24 of
816 1417 64 29 God,
899 1425 56 19 was.
963 1418 40 24 led
1010 1425 38 17 .on
1060 1418 37 27 .m
1109 1419 44 30 his^

613 1458 56 31 fury
680 1460 26 22 to
717 1458 102 24 murder
830 1458 44 24 the
886 1458 122 31 Apostles.
1053 1458 64 23 Paul
1129 1458 20 23 is

614 1497 128 29 therefore,
761 1497 54 24 said
827 1498 26 23 to
864 1497 62 24 have
946 1496 62 25 been
1022 1496 127 25 beheaded

613 1538 26 22 at
661 1537 88 29 Rome,
776 1536 50 24 and
853 1536 74 24 Peter
950 1538 26 22 to
1001 1536 61 25 have
1085 1536 64 24 been

613 1575 115 23 crucified
741 1574 77 23 under
829 1574 58 23 him.
923 1570 55 27 And
986 1574 49 23 this
1046 1575 103 22 account

612 1613 21 24 is
645 1612 135 25 confirmed
791 1613 32 31 by
830 1613 42 24 the
884 1613 51 24 fact
943 1613 56 24 that
1013 1613 40 25 the

613 1654 27 24 of
649 1654 72 25 Peter
733 1655 49 23 and
794 1654 64 27 Paul
877 1654 64 27 stilL
952 1654 101 25 remain.
1057 1654 43 26 .in,
1107 1653 50 28 the,

612 1693 140 24 cemeteries
772 1693 27 23 of
816 1692 57 25 that
893 1693 50 31 city
964 1700 61 17 even
1048 1694 26 23 to
1098 1693 51 24 this

758 1726 14 23 '■
817 1727 20 21 '■

622 1778 2 7 '
646 1769 56 30 Yet,
721 1769 28 25 m
761 1769 61 25 view
831 1769 27 25 of
868 1769 42 25 the
922 1769 134 32 ignorance
1068 1771 27 23 of
1107 1769 42 25 the

611 1811 101 24 learned
724 1809 125 26 Eusebius
862 1818 34 17 on
914 1810 44 25 the
970 1809 104 33 subject,
1095 1810 20 24 it
1126 1810 23 24 is

613 1849 137 34 surprising
757 1850 37 24 •to
806 1849 55 25 find
882 1849 141 31 Sulpicious
1045 1848 104 26 Severus

611 1888 28 23 m
662 1888 43 24 the
731 1889 61 23 next
820 1889 103 30 century
952 1886 122 32 asserting
1093 1886 56 26 that

613 1925 64 25 Nero
698 1926 47 31 put
756 1926 55 24 vast
831 1925 118 25 numbers
961 1925 26 25 of
1008 1924 141 26 Christians

613 1966 24 22 to
663 1964 76 24 death
764 1963 32 32 by
818 1971 88 17 means
930 1964 26 23 of
975 1964 57 24 wild
1055 1963 92 29 beasts,

612 2002 172 27 crusifictions,
804 2001 115 31 burning,
933 2004 46 21 etc.
1023 2001 25 24 It
1060 2002 21 23 is
1093 2002 56 22 true

613 2042 55 25 that
679 2050 69 17 more
770 2040 62 26 than
844 2041 85 24 eleven
950 2041 124 26 centuries
1087 2042 62 23 after

611 2083 124 25 Eusebius
747 2091 48 17 was
807 2083 63 24 dead
889 2082 49 25 and
954 2082 87 25 buried
1053 2090 15 17 a
1085 2081 64 26 book

602 2137 2 22 I
612 2131 51 18 was
674 2123 100 31 printed
797 2124 27 23 m
844 2123 91 24 Venice
960 2123 140 30 professing
1123 2124 26 22 to

614 2164 99 24 contain
736 2163 44 24 the
799 2163 98 24 Annals
919 2161 28 25 of
1094 2161 56 25 who

613 2203 64 25 lived
688 2205 28 23 m
728 2203 42 24 the
782 2202 70 32 reign
864 2202 27 24 of
909 2202 153 31 Vespasian;
1081 2202 69 25 these

613 2244 106 24 Annals,
735 2241 144 31 containing
907 2250 15 15 a
950 2241 150 31 description
1126 2241 26 24 of

613 2281 107 24 Neionic
743 2279 124 25 atrocities
878 2279 27 24 m
926 2279 89 25 almost
1027 2279 50 29 the.
1082 2286 68 17 same

613 2321 123 31 language
748 2328 27 16 as
797 2320 56 24 that
865 2318 128 32 employed
1004 2318 44 31 ;by
1067 2318 82 31 Sulpi-

614 2361 51 24 cius
679 2361 112 24 Severus.
940 2378 4 3 -

622 2406 2 7 '
646 2399 52 25 But
719 2406 27 18 as
769 2398 69 26 these
857 2398 96 24 Annals
975 2404 60 18 were
1059 2397 90 30 utterly

615 2437 125 25 unknown
763 2438 26 23 to
811 2436 42 24 the
881 2435 77 25 world
982 2436 38 24 for
1043 2435 107 24 thirteen

614 2476 131 27 centuries,
764 2474 49 24 and
836 2481 63 17 were
911 2481 75 16 never
1004 2472 92 32 quoted
1119 2472 31 32 by

614 2515 115 32 anybody
757 2514 96 31 during,
877 2513 58 25 that
957 2512 93 32 period,
1080 2512 70 25 those

615 2553 110 28 scholars
750 2562 56 25 may
834 2554 31 24 be
896 2553 69 32 right
983 2552 56 26 who
1062 2552 89 32 regard

615 2594 69 24 them
696 2602 26 16 as
734 2601 47 17 one
793 2592 27 25 of
842 2592 42 25 the
896 2599 75 24 many
992 2591 118 31 forgeries
1128 2591 26 24 of

615 2632 43 25 the
670 2631 181 34 Renaissance^
883 2630 24 24 It
918 2631 22 22 is
952 2629 90 32 simply
1057 2629 93 24 incred-

613 2671 49 24 ible
674 2670 55 25 that
741 2668 132 29 Eusebius,
891 2667 56 26 who
971 2667 93 31 quoted
1086 2667 64 24 from

697 2714 86 17 source
794 2706 33 24 he
838 2705 79 29 knew,
931 2705 90 24 should
1033 2706 45 23 not
1091 2705 60 23 have

615 2747 50 23 met
677 2745 61 25 with
761 2744 50 25 this
831 2744 67 25 work
917 2744 28 24 m
957 2743 44 25 the
1023 2751 86 16 course
1128 2742 26 24 of

614 2785 39 23 bis
673 2784 60 31 long
744 2782 43 26 life
799 2782 26 25 of
844 2782 85 31 nearly
956 2783 102 29 seventy
1070 2788 80 24 years,

614 2823 21 24 if
643 2823 21 23 it
681 2822 52 24 had
753 2821 76 31 really
849 2820 94 25 existed
962 2820 28 24 m
1012 2819 38 25 his
1072 2819 61 25 time
1146 2829 5 21 ;

614 2862 49 24 and
674 2861 21 25 it
707 2868 49 18 was
769 2858 99 33 equally
891 2858 124 25 unknown
1028 2860 26 23 to
1066 2857 86 26 earlier

614 2899 103 24 writers.

938 2951 35 4 —
974 2936 144 26 Chilperic.
1152 2959 2 1 .

648 2982 13 14 *
680 2982 24 24 It
716 2982 50 24 will
786 2980 31 25 be
829 2980 116 25 observed
957 2981 55 24 that
1025 2980 125 24 Eusebius

618 3009 2 11 i
716 3006 3 12 :
733 3013 2 2 .
769 3010 14 4 ■•
791 3014 1 1 .
828 3011 1 2 ■
851 3009 2 3 ■
912 3010 3 3 ■
957 3010 1 2 ■
977 3008 4 5 ••
1024 3007 5 4 •
1043 3006 12 7 •■
1060 3015 2 1 .

613 3030 21 23 j!
647 3024 42 22 not
702 3024 26 22 at
740 3022 35 24 all
785 3020 105 32 positive
903 3021 74 23 about
989 3021 43 23 the
1044 3021 105 29 martyr-

613 3062 71 24 doms
696 3061 26 24 of
729 3060 72 25 Peter
812 3058 50 25 and
876 3058 64 25 Paul
949 3066 5 21 ;
973 3059 49 24 and
1041 3057 28 24 m
1091 3058 59 28 fact-,

613 3100 43 25 the
679 3099 68 31 early
769 3097 133 26 traditions
935 3105 41 16 are
1001 3104 78 23 vague
1103 3096 50 24 and

614 3140 149 28 conflicting.
809 3138 161 25 Protestants,
983 3137 94 24 writers
1090 3136 64 24 have

614 3179 138 24 contended
781 3177 55 24 that
860 3177 75 24 Peter
960 3184 46 16 was
1028 3184 76 16 never
1128 3178 26 21 at

614 3219 87 24 Rome.

678 3453 405 26 CORRESPONDENCE.

617 3504 67 19 While
694 3509 38 13 our
742 3503 88 19 columns
844 3508 37 13 are
896 3508 53 20 open
957 3505 20 16 to
987 3503 39 23 all,
1039 3508 30 13 we
1079 3503 24 19 do
1117 3505 34 17 not

641 3540 92 27 identify
751 3540 101 20 ourselves
868 3540 52 20 with
937 3540 95 26 opinions
1048 3540 103 26 expressed

643 3579 86 19 therein.

651 3615 33 24 To
698 3615 36 24 the
752 3615 87 25 Editor
861 3616 32 28 of
909 3615 36 24 the
971 3615 146 25 'Observer.'

756 3698 71 24 THE
853 3698 162 24 MEETING

734 3741 42 23 OF
796 3741 235 23 SAWMILLERS.

618 3828 101 26 Madam

648 3873 53 24 The
714 3874 51 24 Saw
768 3873 96 25 millers
881 3873 28 24 of
918 3873 94 26 Oxford
1033 3875 26 22 at
1080 3872 67 25 their

613 3916 109 32 meeting
757 3916 65 25 have
862 3916 167 31 conclusively
1062 3915 92 32 proved

614 3958 56 25 that
691 3958 113 32 modesty
832 3958 23 25 is
883 3960 45 24 not
955 3967 51 22 one_
1031 3959 26 24 of
1088 3957 66 26 their

615 4003 85 31 strong
715 4002 93 32 points.

647 4045 40 25 On
710 4046 44 24 the
777 4045 116 31 strength
912 4045 28 25 of
957 4053 69 17 some
1047 4045 107 31 sleepers

613 4088 75 32 being
705 4088 78 26 found
794 4089 64 31 gcod
869 4089 62 24 after
942 4096 15 16 a
968 4087 61 33 long
1039 4087 43 26 life
1094 4088 59 30 they

609 4132 87 31 prefer
707 4130 7 6 *
723 4132 43 26 the
788 4135 100 30 request
903 4132 56 26 that
982 4132 172 25 Government

613 4175 87 25 should
713 4183 48 27 pay
782 4176 66 24 them
861 4176 41 25 6d.
922 4183 45 24 per
978 4175 96 30 sleeper
1084 4181 69 18 more

612 4217 64 25 than
697 4218 60 32 they
776 4226 47 17 can
839 4215 85 29 obtain
944 4217 71 26 them
1034 4217 40 25 for
1092 4216 62 25 else-

611 4259 90 31 where,
721 4261 22 25 if
759 4261 52 26 this
832 4270 65 17 were
916 4261 66 25 done
998 4259 67 26 what
1077 4268 16 16 a
1110 4266 44 23 cry

610 4304 84 26 would
715 4305 32 25 be
771 4305 81 25 raised
877 4305 76 25 about
975 4304 44 26 the
1043 4303 108 31 iniquity

611 4347 28 25 of
656 4348 62 26 such
729 4356 16 18 a
764 4349 153 32 proceeding,
936 4347 158 31 considering
1110 4345 43 26 the

611 4392 132 26 strenuous
771 4393 85 26 efforts
884 4393 58 26 thit
971 4399 68 18 some
1061 4391 27 25 of
1110 4390 45 27 the!

613 4435 142 27 sawmillers
762 4444 47 25 put
819 4437 69 25 forth
898 4438 28 24 at
936 4437 47 24 the
990 4436 51 25 last
1048 4434 104 25 election

612 4473 27 30 io
655 4477 61 34 keep
733 4480 42 26 the
797 4482 101 30 present
917 4478 102 28 Liberal
1025 4498 4 3 .
1041 4478 111 29 Ctoyern-

1187 195 70 24 ment
1269 195 48 25 and
1335 195 63 24 their
1409 196 142 31 supporters
1569 197 52 22 out.
1656 193 69 33 They

1186 238 69 25 must
1274 237 64 27 have
1350 246 15 18 a
1377 237 90 34 goodly
1485 238 105 26 amount
1601 236 28 28 of
1643 237 82 33 impu-

1187 281 74 26 dence
1289 284 27 24 to
1338 282 46 26 ask
1412 282 45 26 the
1479 289 68 18 same
1574 288 103 25 persons
1699 283 26 23 to

1186 325 140 25 endeavour
1354 327 25 23 to
1409 327 42 30 get
1478 325 71 25 them
1577 332 33 17 an
1641 325 84 23 undue

1186 367 139 33 advantage
1354 376 58 18 over
1440 368 70 25 other
1543 367 133 32 producers
1697 367 27 25 m

1185 411 115 26 different
1310 414 70 30 parts
1392 412 26 25 of
1430 412 43 25 the
1484 412 98 31 colony.

1197 479 3 2 .
1220 454 54 26 The
1286 456 135 25 Chairman
1433 456 27 24 of
1470 456 43 25 the
1524 454 108 31 meeting
1644 452 80 27 stated

1185 498 44 25 the
1239 501 92 23 matter
1342 499 150 33 veryTfairly,
1505 498 42 26 the
1557 496 80 27 whole
1645 497 79 25 secret

1184 542 22 24 is
1226 541 57 26 that
1294 543 44 24 the
1357 543 90 25 timber
1466 542 22 25 is
1504 541 101 26 worked
1622 541 45 24 out
1686 539 37 26 for

1185 593 15 17 a
1217 586 67 25 time.
1337 586 83 25 When
1440 586 43 25 the
1507 585 71 25 Bush
1601 585 28 23 m
1651 584 72 24 other

1183 630 69 30 parts
1264 630 27 24 of
1308 630 44 24 the
1371 629 93 34 Colony
1475 629 54 32 gets
1547 635 28 17 as
1592 628 40 24 far
1651 626 70 29 back,

1184 672 61 24 then
1258 672 93 26 Oxford
1370 672 48 24 will
1438 671 74 25 stand
1524 678 15 17 a
1558 670 69 25 show
1638 670 82 31 again,

1183 715 39 24 till
1234 715 61 25 then
1315 715 43 25 the
1379 714 93 26 Oxford
1493 713 71 25 Bush
1575 714 69 24 must
1658 713 63 25 have

1183 766 15 16 a
1216 758 70 31 spell.
1322 758 52 24 But
1394 758 43 24 the
1457 764 83 17 cream
1560 756 27 25 cf
1602 755 44 26 the
1663 755 58 31 joke

1182 809 50 17 was
1251 810 59 17 seen
1333 802 71 25 when
1427 802 43 24 Mr
1493 800 150 32 Youngman
1663 799 58 25 held

1182 844 67 25 forth
1269 853 33 16 on
1321 844 43 25 the
1385 844 118 24 demerits
1515 843 27 24 of
1558 843 43 24 the
1621 842 100 31 present

1181 887 93 26 wicked
1301 887 181 28 Government,-
1507 886 51 25 and
1570 882 90 28 -stated
1679 883 40 27 his

1180 931 191 25 determination
1393 931 45 24 not
1460 931 27 24 to
1507 929 87 25 tender
1616 929 26 24 at
1670 927 49 26 less

1181 976 58 23 than
1264 976 36 23 2s.
1323 974 40 25 6d.
1392 981 45 24 per
1457 973 100 31 sleeper,
1586 972 22 24 if
1625 971 41 24 Mr
1686 971 32 24 Y.

1180 1018 58 25 does
1250 1019 45 23 not
1314 1016 88 26 tender
1422 1016 14 24 I
1448 1024 41 16 am
1502 1015 84 29 afraid,

1180 1061 57 24 that
1257 1060 94 25 Oxford
1362 1059 50 25 will
1431 1066 31 23 go
1481 1060 27 23 to
1526 1057 129 32 perdition,
1673 1056 46 25 but

1178 1103 77 31 really
1267 1103 32 24 he
1320 1102 90 24 should
1421 1101 60 25 read
1500 1108 34 23 up
1554 1100 118 24 Hansard
1690 1107 28 17 so

1179 1147 56 23 that
1264 1153 43 16 our
1335 1144 160 32 painstaking
1525 1143 115 24 Member
1668 1142 50 25 will

1178 1189 44 23 not
1241 1187 73 31 again
1335 1186 64 25 have
1419 1187 26 23 to
1468 1184 98 25 remind
1589 1183 54 25 him
1664 1185 54 23 that

1177 1233 45 25 the
1265 1230 84 27 Jonah
1394 1237 50 20 was
1483 1228 109 33 brought
1629 1228 24 25 m
1685 1227 30 33 by

1178 1277 39 30 hjs
1241 1284 54 16 own
1324 1275 58 24 dear
1410 1273 174 25 Conservative
1605 1272 112 25 Govern-

1177 1320 77 23 ment.
1306 1319 64 23 Poor
1388 1317 41 24 Mr
1460 1317 30 23 Y.
1515 1317 64 23 what
1606 1324 14 16 a
1643 1315 73 25 climb

1177 1362 81 25 down.
1310 1361 54 26 The
1385 1360 152 27 Sawmillers
1559 1359 73 26 know
1658 1368 58 23 very

1177 1397 56 46 wel|l
1244 1406 60 30 they
1324 1406 93 23 cannot
1429 1405 42 23 cut
1491 1411 49 24 any
1559 1403 66 31 large
1638 1410 75 24 quan-

1177 1441 47 40 tity
1236 1449 27 25 of
1281 1449 104 30 sleepers
1409 1448 50 24 and
1477 1446 120 26 therefore
1615 1448 66 22 want
1702 1454 14 16 a

1177 1493 81 31 larger
1286 1492 66 32 price
1379 1492 38 25 for
1446 1491 44 25 the
1512 1491 47 24 few
1583 1491 60 30 they
1669 1498 47 16 can

1177 1537 43 23 cvt
1222 1536 2 16 1
1222 1554 6 5 .
1272 1536 14 23 I
1315 1543 39 16 am
1377 1535 59 31 glad
1458 1536 26 23 to
1508 1541 39 18 see
1566 1534 43 23 Mr
1632 1533 84 24 Moore

1177 1578 82 24 stated
1270 1578 32 23 he
1321 1577 82 24 would
1423 1576 79 24 desire
1521 1577 26 23 to
1568 1583 38 16 see
1624 1575 92 31 justice

1177 1621 71 25 done;
1253 1622 26 24 to
1297 1620 33 25 all
1350 1620 101 31 parties,
1474 1627 28 17 so
1522 1618 14 25 I
1559 1618 73 26 think
1645 1618 71 25 there

1172 1665 27 24 4s
1219 1666 45 23 not
1288 1665 40 24 the
1351 1663 117 32 slightest
1490 1663 62 31 hope
1576 1662 27 25 of
1624 1662 92 25 Oxford

1178 1708 74 30 being
1274 1707 59 31 paid
1355 1714 69 17 more
1452 1707 38 23 for
1512 1706 66 23 their
1599 1705 117 31 products

1177 1751 63 24 than
1268 1750 20 24 it
1312 1757 47 16 can
1387 1749 31 24 be
1442 1748 117 25 obtained
1582 1748 134 24 elsewhere

1177 1794 45 24 for.
1257 1793 83 31 Fancy
1352 1800 33 16 an
1397 1791 93 25 Oxford
1504 1790 138 26 Sawmiller
1657 1798 58 24 pay-

1177 1837 44 32 ing
1233 1844 31 26 a,n
1277 1835 91 26 Oxford
1380 1835 150 33 Tradesman
1543 1835 34 27 20
1587 1842 44 24 per
1643 1835 72 26 .cent,

1178 1888 68 17 more
1265 1880 38 24 for
1326 1887 15 16 a
1359 1879 52 31 pair
1431 1878 27 25 of
1476 1879 81 31 pants,
1583 1886 15 16 a
1616 1877 53 25 loaf
1692 1877 36 28 o.f_.

1178 1923 73 25 bread
1270 1931 28 16 or
1308 1931 49 23 any
1369 1922 26 25 of
1405 1921 43 26 the
1460 1921 72 25 other

1177 1968 27 24 of
1218 1966 43 25 life
1278 1967 14 23 I
1309 1966 72 31 fancy
1398 1967 31 23 he
1449 1965 82 25 would
1549 1972 43 24 say
1612 1964 82 29 like,:'

1217 2023 3 24 i
1245 2022 17 34 |.'
1277 2025 80 26 Yours
1375 2025 77 32 Truly
1666 2034 8 16 :

1192 2098 4 16 i
1234 2098 80 24 IAM
1332 2097 68 24 NOT
1418 2096 133 25 TAKING
1569 2095 81 25 ANY.

1229 2229 71 26 THE
1322 2229 130 26 TICKET
1478 2227 186 26 INDUSTRY.

1178 2316 108 26 Madam.

1192 2368 3 13 ;
1211 2359 14 25 I
1247 2359 72 24 think
1342 2366 62 24 your
1422 2357 191 32 correspondent-

1309 2403 68 24 must
1400 2402 31 24 be
1450 2401 118 31 suffering
1596 2400 62 25 from
1681 2400 36 24 in-

1178 2446 122 31 digestion
1318 2453 28 16 or
1364 2445 166 27 billiousness,
1556 2443 83 25 which
1660 2451 58 23 may

1178 2490 26 24 m
1222 2490 57 30 part
1300 2496 86 17 excuse
1409 2488 37 24 his
1472 2487 144 24 unamiable
1636 2486 81 28 letter,

1180 2532 44 25 but
1245 2531 85 32 kindly
1351 2531 90 32 permit
1464 2538 41 17 me
1528 2529 109 32 through
1657 2537 62 24 your

1178 2584 76 23 paper
1272 2578 26 21 to
1309 2575 71 31 point
1392 2575 43 24 out
1454 2582 15 16 a
1491 2574 44 24 few
1548 2573 118 25 mistakes
1687 2573 32 24 he

1180 2619 44 24 has
1235 2618 81 28 made,
1335 2617 108 31 through
1455 2617 134 31 ignorance
1601 2623 28 18 or
1638 2615 80 24 other-

1179 2661 56 24 wise
1258 2660 14 23 I
1295 2660 72 24 know
1387 2660 53 23 not.
1484 2658 75 28 First,
1591 2657 127 32 Religious

1178 2702 198 25 denominations
1405 2701 122 32 willingly
1563 2701 75 24 assist
1658 2700 60 25 each

1179 2746 72 25 other
1279 2745 33 33 by
1340 2752 88 18 means
1455 2745 26 25 of
1511 2744 94 32 buying
1624 2744 94 28 tickets,

1180 2789 50 26 and
1250 2789 71 25 those
1341 2789 56 24 who
1422 2789 55 31 buy,
1497 2788 50 25 and
1566 2787 51 25 like-

1314 2832 64 25 have
1418 2840 33 16 no
1481 2832 76 24 desire
1598 2833 26 23 to
1652 2831 67 31 help,

1180 2876 104 24 receives
1302 2876 77 31 ample
1399 2875 72 25 value
1483 2875 38 24 for
1532 2875 64 23 their
1609 2874 109 31 shilling,

1181 2919 50 25 and
1248 2918 121 25 therefore
1387 2918 30 24 do
1432 2919 45 23 not
1576 2917 38 25 for
1626 2917 95 25 other's

1324 2970 46 16 nor
1399 2962 59 23 does
1477 2961 20 24 it
1521 2963 92 22 matter
1620 2962 39 23 -to
1679 2962 42 23 the

1181 3005 182 27 ticket-holder,
1384 3005 55 22 who
1461 3004 45 23 has
1519 3003 44 24 the
1582 3003 117 31 proceeds
1709 3004 11 22 ?

1183 3047 130 31 Secondly,
1365 3054 62 24 your
1455 3046 193 30 correspondent
1674 3045 47 24 has

1182 3090 71 25 made
1265 3099 15 15 a
1291 3097 70 24 gross
1374 3089 105 25 mistake
1491 3088 133 31 regarding

1300 3135 26 23 at
1350 3133 51 24 Tea
1421 3132 130 31 meetings,
1578 3132 60 31 they

1181 3177 27 23 m
1228 3176 41 24 his
1280 3175 163 31 imagination
1455 3176 59 30 only
1523 3185 5 18 ;
1547 3175 21 23 if
1584 3175 33 24 he
1634 3182 87 17 means

1182 3220 73 24 those
1277 3219 67 26 who.
1363 3219 85 24 attend
1472 3219 42 24 the
1544 3218 85 30 tables,
1662 3218 59 32 they

1182 3262 141 26 contribute
1345 3262 94 32 largely
1460 3262 26 24 m
1507 3262 98 31 getting
1627 3270 34 23 up
1672 3263 50 24 ..the

1182 3307 59 30 Tea,
1276 3306 51 25 and
1354 3306 120 31 valiantly
1507 3314 48 24 pay
1585 3306 38 25 for
1657 3305 66 25 their

1182 3351 90 24 tickets
1446 3350 14 24 I
1580 3350 59 25 with
1664 3349 56 25 Cor-

1181 3393 150 32 respondent
1350 3394 56 24 that
1418 3401 77 25 many
1512 3393 99 32 regular
1629 3393 92 24 church

1182 3437 125 26 attehders
1319 3437 31 24 do
1361 3439 45 23 not
1418 3437 53 31 give
1486 3441 23 21 to
1521 3437 44 25 the
1583 3437 137 30 collection,

1181 3480 22 27 jf
1211 3481 21 23 it
1251 3488 62 16 were
1325 3481 45 23 not
1387 3488 35 21 so,
1442 3480 70 24 there
1532 3481 82 23 would
1634 3480 29 24 be
1674 3481 48 23 less

1182 3522 88 25 circuit
1298 3521 151 29 difficulties,
1484 3523 40 30 yet
1559 3521 69 25 these
1661 3530 62 16 non-

1181 3566 81 31 givers
1274 3573 40 16 are
1326 3566 45 23 not
1392 3564 33 25 all
1599 3565 122 26 however,

1182 3608 134 31 Disgusted
1337 3607 90 25 should
1450 3615 31 22 go
1504 3608 26 23 to
1556 3607 92 24 church-

1182 3652 81 30 ularly
1278 3650 81 25 before
1378 3650 33 25 he
1429 3650 143 28 condemns,
1591 3650 38 24 for
1646 3657 77 24 many

1182 3694 55 31 give
1248 3695 27 23 at
1295 3701 48 17 one
1355 3694 93 24 service
1464 3694 68 30 only,
1554 3700 33 16 on
1606 3692 117 31 Sundays

1182 3736 74 32 again
1274 3736 98 25 Madatu
1386 3737 5 24 !
1410 3744 61 24 your
1488 3735 193 32 correspondent
1702 3736 19 24 is*

1181 3781 117 32 ignorant
1343 3779 132 33 regarding
1512 3779 44 26 the
1587 3779 136 26 minister's

1182 3823 98 32 charity
1309 3822 73 26 when
1404 3823 32 24 he
1456 3823 79 25 limits
1558 3823 71 25 them
1652 3825 27 23 to
1708 3825 14 23 5

1182 3867 116 31 shillings
1321 3866 103 32 weekly.
1471 3866 33 25 Of
1524 3874 16 16 a
1559 3868 70 24 trnth
1652 3867 71 25 there

1182 3911 22 24 is
1229 3909 66 25 little
1317 3909 94 32 danger
1430 3909 27 25 of
1478 3909 43 25 the
1545 3909 125 25 ministere
1695 3917 29 17 or

1183 3952 66 25 their
1265 3952 75 25 wives
1357 3953 98 31 getting
1472 3951 80 32 proud
1569 3960 33 17 on
1623 3953 53 23 255.
1695 3960 28 17 or

1182 3998 54 23 80s.
1255 4004 14 15 a
1292 3996 78 25 week.
1421 3995 15 24 I
1455 3995 73 24 think

1182 4040 83 24 knows
1289 4038 56 25 that
1368 4046 45 17 our
1436 4038 95 32 worthy
1555 4038 91 25 Locals
1669 4038 54 31 give

1182 4081 66 27 their
1259 4081 105 26 services
1375 4081 85 32 gratis,
1478 4080 50 26 and
1537 4080 22 25 if
1567 4088 69 18 some
1648 4081 74 25 make

1182 4132 33 18 an
1235 4125 140 25 occasional
1390 4123 176 33 grammatical
1586 4132 68 17 error
1669 4124 21 25 it
1701 4124 22 25 is

1181 4167 66 26 little
1267 4167 107 30 wonder,
1393 4167 51 24 and
1461 4167 110 31 possibly
1590 4174 63 25 your
1669 4174 52 18 cor-

1182 4209 151 32 respondent
1344 4208 74 26 could
1437 4210 46 25 not
1503 4210 38 25 set
1562 4208 22 26 it
1602 4208 76 32 right,
1697 4210 27 25 at

1182 4260 48 24 any
1249 4253 54 27 rate
1321 4252 42 24 the
1384 4251 88 26 Locals
1484 4259 42 18 are
1542 4253 46 24 not
1606 4252 118 31 ignorant

1182 4294 35 26 oh
1232 4295 44 24 the
1310 4294 97 32 subject
1428 4294 61 33 they
1511 4295 60 25 take
1594 4295 27 25 m
1643 4295 78 31 hand,

1182 4339 14 24 I
1215 4337 82 29 thipk
1310 4337 25 28 it
1537 4338 140 32 attempted
1687 4340 42 24 -to*

1182 4381 55 26 deal
1264 4381 59 26 with
1351 4381 43 26 the
1417 4381 135 33 scriptures
1580 4381 31 26 he
1639 4381 84 26 would

1183 4424 79 33 figure
1272 4426 90 31 pretty;
1366 4424 78 27 much
1455 4433 28 17 as
1494 4426 43 25 the
1553 4433 62 24 poor
1625 4432 98 20 woman

1183 4468 50 30 did*
1252 4467 64 30 who,
1334 4467 72 28 when
1416 4467 59 27 ..her
1490 4468 69 29 child,
1575 4467 64 32 died,
1660 4468 61 29 J»ld

1752 188 45 25 the
1813 187 92 26 Parson
1924 188 46 25 she
1980 195 51 19 was
2047 188 59 32 glad
2122 188 32 25 he
2170 196 52 18 was
2239 189 51 25 safe

1751 230 26 25 m
1790 230 162 26 Beelzebub's
1968 230 96 33 bosom,
2082 231 46 25 she
2146 231 62 30 said,

1752 282 51 17 was
1831 275 45 26 not
1904 274 57 25 well
1989 275 148 32 acquainted
2165 275 61 29 with
2246 275 44 26 the

1752 317 161 32 gentlemen's
1930 326 87 17 names
2029 319 50 24 and
2095 318 66 25 often
2173 318 117 25 confused

1750 381 6 9 s
1904 360 73 26 Well.
2006 360 14 26 I
2042 360 73 26 think
2137 360 44 26 the
2213 360 77 27 Local

1752 403 144 26 Preachers'
1929 404 156 26 shirt-fronts
2107 404 32 25 do
2162 404 78 26 credit
2262 406 27 24 to

1751 447 65 25 their
1826 447 138 30 laundress,
1977 448 50 25 and
2038 448 21 25 if
2069 449 135 31 Disgusted
2220 449 69 25 hides

1751 489 39 25 his
1802 489 32 25 he
1852 498 59 24 may
1930 490 64 25 have
2005 491 64 31 good
2086 498 100 18 reasons
2205 491 39 25 for
2260 499 28 18 so

1751 532 81 32 doing.
1895 533 80 26 There
2003 534 22 25 is
2053 534 108 32 nothing
2189 535 27 25 of
2244 535 44 25 the

1897 578 75 24 about
1994 578 44 25 the
2058 578 75 24 ticket
2154 578 80 30 seller,
2260 587 27 17 as

1750 619 43 25 the
1818 620 76 32 buyer
1917 623 52 29 gets
1991 621 34 25 its
2045 621 80 25 value.
2172 621 39 24 He
2231 629 56 24 says

1973 664 49 25 and
2039 665 40 30 yet
2096 663 14 25 I
2121 665 91 24 cannot
2227 664 60 33 help

1749 706 118 32 thinking
1877 707 42 25 ths
1939 706 80 26 whole
2030 707 73 26 letter
2119 708 110 25 reminds
2245 716 41 18 me

1749 749 76 25 much
1837 749 27 25 of
1874 757 31 17 an
1918 749 41 25 old
1972 749 119 26 bachelor.
2120 750 27 24 If
2153 751 134 31 Disgusted

1747 792 51 27 had
1821 800 50 25 any
1890 792 47 25 bad
1959 792 122 33 thoughts
2104 793 73 26 when
2196 793 33 25 he
2249 795 34 24 at-

1747 835 106 25 tended,
1862 835 43 25 the
1927 837 73 28 door;
2020 837 83 31 surely
2125 837 60 31 they
2205 837 81 24 would

1747 878 91 25 vanish
1849 879 73 24 when
1942 879 31 24 he
1986 886 50 18 saw
2048 879 58 31 only
2126 887 32 16 an
2169 879 117 26 innocent

1747 921 66 25 little
1824 921 169 31 ticket-seller,
2012 922 20 25 it
2043 922 82 31 might
2141 922 64 26 have
2222 922 63 26 been

1747 965 44 24 the
1809 964 105 26 butcher
1936 974 28 16 or
1984 966 69 25 other
2070 966 142 26 tradesman
2224 967 62 26 with

1745 1007 41 25 his
1805 1007 43 25 bill
1871 1007 47 25 and
1939 1008 59 25 then
2021 1009 32 25 he
2065 1009 82 31 might
2165 1010 56 26 well
2238 1011 48 25 feel

1879 1112 14 24 I
1911 1119 49 22 am,
1979 1113 59 25 dear
2055 1113 106 30 Madam,

1947 1171 79 25 Yours
2049 1173 168 32 respectfully,

2081 1234 178 27 SALOPIAN.

1815 1446 408 29 WAIMAKARIRI-ASELEY

1798 1492 125 25 WATER
1940 1493 148 26 SUPPLY
2101 1496 129 26 BOARD.

1777 1611 22 23 A
1818 1613 110 31 meeting
1947 1621 47 17 was
2018 1613 58 27 held
2099 1623 33 18 on
2154 1617 130 34 Thursday

1745 1655 70 24 18th.
1837 1656 57 25 inst.
1913 1656 106 27 Present
2042 1659 41 25 Mr
2102 1660 70 26 John
2193 1662 90 26 O'Hal-

1744 1698 81 28 loran,
1845 1699 146 32 Chairman,
2011 1703 49 23 and
2072 1704 94 26 Messrs
2183 1706 98 26 Dalziel

1745 1741 49 23 and
1806 1740 146 28 Dickinson.

1782 1783 21 25 4
1815 1783 74 26 letter
1912 1794 49 17 was
1979 1789 59 24 read
2060 1789 64 26 from
2147 1792 44 25 the
2213 1792 68 28 Hon.

1745 1827 116 26 Minister
1871 1829 39 25 for
1932 1830 94 32 Lands,
2045 1835 94 32 stating
2161 1837 56 25 that
2240 1846 42 17 au-

1745 1870 91 32 thority
1848 1871 51 26 had
1911 1872 60 26 been
1984 1876 73 31 given
2066 1879 35 23 -to
2112 1879 69 30 place
2201 1881 26 24 to
2240 1881 43 25 the

1744 1916 102 24 Board's
1859 1916 81 26 credit'
1949 1917 43 26 the
2004 1927 57 17 sum
2072 1921 28 24 of
2109 1922 87 26 £1200
2209 1931 74 25 gran-

1745 1960 42 23 ted
1799 1961 30 29 by
1850 1961 42 24 the
1917 1961 177 32 Government,
2109 1973 28 17 as
2149 1975 13 15 a
2182 1962 103 40 subsidy

1745 2003 106 24 towards
1864 2004 42 25 the
1919 2004 86 27 Water
2016 2007 67 26 Race
2104 2016 127 25 expencea.
2245 2009 20 25 '•-

1765 2046 55 34 \Mr
1832 2047 75 27 Thos.
1932 2049 107 27 Pearson
2060 2053 160 28 interviewed
2241 2057 43 26 the

1745 2089 84 26 Board
1839 2091 28 25 m
1879 2092 122 27 reference
2015 2096 24 23 to
2056 2096 43 25 the
2118 2097 73 26 Land
2204 2100 79 26 iaken

1745 2132 65 26 from
1822 2134 43 24 the
1874 2135 82 26 Burnt
1965 2137 54 26 Hill
2027 2138 91 26 Estate
2126 2140 36 25 for
2170 2142 115 28 Brown's

1747 2178 70 25 Rock
1829 2178 94 30 Water.
1927 2180 75 27 Ra6e.
2067 2186 4 2 '
2097 2182 5 6 '

1780 2223 123 25 Resolved
1923 2225 55 25 that
1997 2224 42 26 the
2063 2228 90 25 matter
2174 2229 31 26 be
2227 2238 58 18 con-

1746 2266 93 25 sidered
1860 2269 26 24 at
1907 2276 15 17 a
1942 2270 109 32 meeting
2073 2273 26 24 to
2119 2272 30 25 be
2172 2273 59 25 held
2254 2283 31 17 on

1746 2309 72 24 25th:
1836 2310 57 25 inst.

1782 2352 101 27 Sevenl
1895 2354 160 32 applications
2078 2357 37 26 for
2127 2360 41 24 the
2179 2361 107 30 position

1747 2396 27 24 of
1798 2396 132 26 Caretaker
1953 2400 26 24 at
1998 2399 113 27 Brown's
2135 2402 70 25 Rock
2224 2413 61 16 were

1747 2439 150 31 considered,
1931 2442 49 23 and
2006 2443 55 25 that
2085 2444 26 24 of
2132 2444 41 25 Mr
2196 2446 90 25 Edwin

1747 2481 78 32 Paget
1853 2491 51 16 was
1932 2486 124 30 accepted,
2086 2495 28 17 as
2138 2488 43 25 the
2201 2489 84 25 Board

1747 2525 138 26 considered
1899 2526 52 25 him
1975 2528 42 24 the
2038 2532 62 23 most
2119 2531 103 26 suitable
2243 2541 42 24 ap-

1747 2568 102 31 plicant.
2294 2584 3 14 :

1781 2611 123 27 Resolved
1927 2615 26 23 to
1976 2615 45 24 ask
2041 2615 92 26 Messrs
2163 2618 123 26 Meredith

1747 2657 49 22 and
1819 2655 67 25 Hon.
1905 2657 118 25 M.H.R's
2046 2661 26 23 to
2095 2660 58 25 take
2177 2664 66 29 steps
2260 2665 26 23 to

1747 2697 63 24 have
1833 2698 43 25 the
1900 2699 89 26 Forest
2008 2703 132 25 conserved
2153 2704 71 26 irora
2243 2707 43 23 the

1749 2740 122 25 Freehold
1893 2742 50 25 line
1966 2745 27 23 at
2020 2744 115 33 Cooper's
2159 2747 79 26 Creek
2260 2754 26 22 to

1749 2784 43 24 the
1811 2785 42 31 top
1872 2785 27 25 of
1919 2786 91 27 Mount
2040 2789 100 32 O-cford,
2159 2799 28 18 as
2215 2792 21 26 it
2264 2794 22 25 is

1749 2827 83 26 feared
1843 2829 43 24 the
1907 2830 153 27 destruction
2078 2834 28 24 of
2128 2835 42 24 the
2187 2836 98 31 timber,

1748 2872 83 25 would
1876 2874 115 26 diminish
2020 2878 42 24 the
2087 2881 76 23 water
2190 2881 27 23 m
2243 2881 43 25 the

1751 2919 85 25 Creek.

1911 2947 1 2 ■

1766 2984 3 5 .
1784 2962 70 25 With
1876 2963 123 26 reference
2028 2967 26 23 to
2077 2966 34 25 all
2132 2967 85 29 Rates,
2245 2968 42 25 the

1749 3005 82 26 Board
1853 3007 109 24 resolved
1988 3010 26 22 to
2041 3008 97 25 enforce
2160 3013 135 28 payment,,

1750 3052 50 23 and
1817 3059 62 23 gave
1890 3052 147 30 imperative
2049 3052 133 25 directions
2208 3054 24 23 to
2245 3053 43 26 the

1751 3095 121 24 Collector
1891 3098 25 21 to
1934 3097 69 29 place
2028 3096 44 23 the
2090 3098 92 22 matter
2199 3097 26 23 m
2246 3097 42 24 the

1750 3139 80 24 hands
1852 3139 26 24 of
1893 3139 44 24 the
1962 3139 104 24 Board's
2091 3139 115 25 Solicitor
2228 3140 61 24 with

1749 3182 163 24 instructions
1955 3183 26 23 to
2026 3182 56 24 take
2107 3188 5 4 '
2127 3182 161 32 proceedings

1751 3226 98 31 against
1867 3226 33 24 all
1918 3225 135 25 defaulters
2080 3226 63 24 after
2161 3234 14 16 a
2193 3227 96 24 certain

1751 3269 64 24 date.

1749 3338 3 2 .
1765 3337 3 10 (
1784 3313 54 24 The
1850 3313 109 32 meeting
1971 3313 61 25 then
2045 3313 159 30 terminated.

1895 3454 237 25 KINDERSPIEL.

1783 3567 22 23 A
1823 3567 142 25 Children's
1979 3567 162 31 Kinderspiel
2159 3568 28 23 m
2209 3567 83 25 which

1750 3608 66 32 forty
1839 3609 134 25 choristers
1999 3610 58 24 took
2079 3611 65 30 part,
2163 3617 51 17 was
2235 3610 58 24 held

1750 3653 26 23 at
1795 3652 42 24 the
1858 3651 148 25 Oddfellows
2027 3652 62 24 Hall
2109 3652 71 25 West
2199 3652 94 25 Oxford

1750 3702 33 15 on
1795 3694 130 31 Thursday
1946 3695 42 23 the
2009 3695 72 23 18th.
2098 3695 60 24 inst.
2175 3696 28 23 m
2215 3695 41 24 aid
2267 3696 27 23 of

1751 3737 43 24 the
1806 3737 76 25 funds
1894 3737 27 25 of
1931 3737 43 25 the
1995 3737 105 31 U.M.F.
2115 3737 107 31 Church,
2242 3738 51 25 and

1750 3788 47 18 was
1820 3788 15 17 a
1861 3780 160 32 pronounced
2042 3788 99 18 success
2181 3780 61 26 both
2265 3790 27 16 as

1751 3824 101 32 regards
1865 3824 42 24 the
1924 3824 107 25 number
2042 3824 133 32 attending
2190 3824 49 25 and
2256 3827 37 23 its

1750 3864 120 24 financial
1888 3864 87 24 result.

1784 3908 26 23 A
1835 3905 107 25 number
1976 3905 26 25 of
2034 3906 73 24 item
2120 3906 5 24 3
2136 3914 65 17 were
2237 3915 57 23 very

1750 3949 99 31 prettily
1865 3948 130 30 rendered;
2013 3949 115 31 showing
2147 3951 57 24 that
2221 3957 73 18 some

1751 3992 62 25 kind
1828 3992 97 25 friends
1941 3991 51 26 had
2008 3992 76 25 taken
2101 4001 13 16 a
2128 3993 64 31 good
2202 3992 58 26 deal
2269 3994 27 24 of

1750 4036 73 30 pains
1839 4035 27 24 m
1882 4035 110 32 training
2009 4035 44 25 the
2070 4035 122 25 children.
2235 4036 59 24 Am-

1750 4079 73 31 ongst
1840 4078 42 25 the
1899 4078 72 25 items
1988 4085 52 18 was
2068 4078 43 25 the
2132 4078 65 26 Boat
2221 4086 72 25 song,

1752 4121 147 32 beautifully
1910 4121 120 25 rendered
2040 4122 30 32 by
2081 4129 17 18 a
2108 4121 72 33 large
2191 4123 103 24 number

1750 4165 29 24 of
1804 4164 142 28 choristers,
1981 4164 51 25 and
2057 4165 141 25 illustrated
2228 4165 33 32 by
2277 4173 16 18 a

1751 4207 83 25 model
1856 4206 59 26 boat
1937 4206 111 27 handled
2075 4207 28 25 m
2120 4208 54 24 real
2191 4208 102 26 sailable

1750 4249 109 29 fasnion,
1877 4247 84 28 which
1978 4257 50 18 was
2046 4250 76 25 much
2136 4251 157 31 appreciated

1751 4293 51 25 and
1819 4293 136 32 applauded
1973 4294 32 31 by
2021 4293 45 25 the
2077 4293 130 26 audience.
2237 4293 58 27 The

1753 4336 128 32 following
1893 4344 64 18 were
1974 4337 43 25 the
2028 4336 74 26 other
2119 4337 79 27 items'
2211 4337 25 26 ib
2250 4336 50 28 the'

1752 4379 57 27 first
1817 4382 58 31 part
1883 4379 27 27 df
1919 4379 43 27 the
1967 4380 15 28 '
1982 4380 199 28 Entertainmen
2192 4390 6 17 t:
2216 4382 79 34 Song,

1853 4424 61 33 Drop
1979 4425 75 32 Boys'
2080 4425 63 27 Pole
2169 4426 127 31 Exercise,

1753 4462 300 49 Sg^t^^ik^j*nJ
2066 4476 16 18 a
2100 4471 149 35 reiatstionfe
2259 4470 49 37 d£

2322 199 28 25 of
2364 198 84 26 which
2464 207 62 17 were
2543 208 58 28 very
2616 200 121 32 pleasing.
2783 200 77 25 Want

2322 242 26 24 of
2365 249 71 25 space
2446 244 118 31 prevents
2580 251 29 17 us
2627 243 64 26 from
2699 243 161 33 mentioning

2322 285 35 26 all
2390 284 44 27 the
2468 285 108 33 subjects
2610 287 119 26 seriatmn
2757 287 28 25 m
2813 287 45 25 the

2321 328 166 31 Kinderspiel,
2521 329 47 25 but
2592 337 45 16 our
2660 329 198 33 Correspondent

2321 371 104 25 informs
2437 376 31 19 Us
2487 371 55 25 that
2553 371 21 26 it
2588 380 52 17 was
2652 381 16 16 a
2679 372 72 26 'most
2771 372 85 33 enjoy-

2321 420 55 25 able
2385 419 114 32 evening,
2518 420 50 25 and
2585 421 94 25 reflects
2700 422 69 31 grert
2780 421 78 26 credit

2321 472 67 22 upon
2400 462 35 25 all
2446 464 55 24 who
2512 463 59 24 took
2582 465 59 30 part
2649 464 28 25 m
2685 464 29 25 it.
2745 485 4 3 .

2354 507 62 24 Miss
2428 506 87 24 Twose
2528 506 110 31 presided
2659 508 26 24 at
2707 507 42 24 the
2771 515 85 24 organ,

2319 550 50 26 and
2397 549 113 25 needless
2536 551 26 23 to
2595 556 51 25 say,
2675 550 114 31 gratified
2817 550 40 24 the

2318 593 119 24 audience
2448 593 33 31 by
2495 591 45 25 her
2552 591 83 26 skilful
2646 591 110 33 playing.

2318 810 72 25 THE
2402 809 265 26 PRESIDENTIAL
2679 809 175 26 ELECTION

2351 902 55 25 The
2411 901 121 26 'Election
2543 901 26 25 m
2587 901 43 26 the
2653 901 96 25 United
2773 901 83 26 States

2317 945 46 25 has
2375 945 111 25 resulted
2493 945 27 24 m
2532 945 43 25 the
2586 946 88 24 return
2686 944 26 26 of
2722 944 134 33 MuKinley

2318 990 32 29 by
2362 989 48 25 170
2422 990 78 23 votes.
2543 988 33 24 As
2589 996 36 16 we
2637 988 101 31 pointed
2751 990 44 22 out
2807 988 49 24 last

2318 1031 76 30 week,
2412 1031 53 25 this
2487 1039 88 17 means
2597 1039 16 16 a
2634 1033 95 28 victory
2751 1031 38 25 for
2811 1031 45 24 the

2318 1075 145 31 plutocrats,
2483 1073 43 25 the
2552 1073 74 33 f'gold
2751 1082 26 17 as
2796 1073 60 32 they

2319 1125 38 16 are
2385 1117 68 24 often
2477 1117 87 29 called,
2595 1117 49 24 and
2668 1117 43 24 the
2731 1118 123 30 protected

2318 1160 173 31 monopolists.
2526 1160 30 24 Iv
2568 1160 62 25 view
2642 1160 27 24 of
2684 1160 42 25 the
2744 1160 111 24 millions

2317 1204 26 24 of
2354 1202 90 26 dollars
2456 1204 72 32 spent
2547 1204 28 24 m
2587 1202 106 34 bribery,
2712 1203 52 25 this
2776 1203 79 25 result

2317 1256 48 16 can
2389 1248 32 31 by
2444 1256 33 17 no
2500 1256 87 17 means
2615 1247 31 25 be
2666 1246 76 27 taken
2764 1256 28 17 as
2811 1248 44 24 the

2317 1292 103 30 popular
2432 1292 94 23 verdict
2537 1299 31 16 on
2581 1291 43 24 the
2635 1291 82 31 points
2730 1292 26 23 at
2776 1293 77 22 issue.

2317 1334 85 33 Bryan
2413 1342 52 17 was
2495 1334 169 32 undoubtedly
2684 1333 45 26 the
2747 1333 108 33 people's

2317 1379 138 25 candidate.
2491 1378 49 25 His
2552 1378 152 32 sympathies
2717 1386 62 16 were
2797 1377 56 25 with

2317 1423 42 25 the
2377 1422 88 32 toiling
2487 1429 103 21 masses,
2620 1421 73 25 while,
2720 1420 133 32 McKinley

2317 1474 51 18 was
2387 1473 27 18 as
2426 1465 182 32 unmistakably
2621 1465 41 24 the
2684 1465 134 31 champion
2830 1464 26 25 of

2317 1510 44 24 the
2378 1510 138 31 despoiling
2533 1508 120 26 classesY-
2668 1508 141 26 Whatever'
2813 1510 42 22 the

2317 1554 84 24 merits
2412 1553 27 24 of
2449 1553 44 24 the
2515 1552 50 24 free
2588 1551 75 25 silver
2686 1553 167 29 controversy,

2316 1597 129 35 therefore,
2475 1597 20 23 it
2517 1597 23 24 is
2559 1598 27 23 to
2608 1596 31 25 be
2656 1596 124 32 regretted
2797 1596 57 25 that

2316 1640 84 32 Bryan
2412 1648 49 17 was
2472 1642 45 24 not
2529 1640 93 26 elected
2632 1649 6 21 ;
2651 1642 38 24 for
2698 1640 47 28 his.
2750 1640 103 25 election

2316 1686 80 24 would
2406 1685 63 25 have
2486 1692 83 23 mean,
2588 1687 27 23 at
2627 1684 36 26 all
2680 1684 93 29 evenfs,
2797 1684 56 26 that

2315 1736 33 17 an
2367 1729 90 24 honest
2477 1729 111 30 attempt,
2605 1728 81 24 would
2707 1727 62 25 have
2791 1727 62 25 been

2315 1771 72 24 made
2410 1773 26 22 to
2456 1770 102 32 grapple
2581 1770 61 25 with
2663 1771 40 24 the
2723 1772 69 30 great
2815 1770 38 24 in-

2315 1814 106 26 dustrial
2437 1813 125 33 problems
2583 1813 57 26 that
2659 1822 41 17 are
2712 1821 28 18 so
2755 1813 97 32 rapidly

2315 1860 101 28 coming
2425 1859 26 24 to
2463 1866 14 16 a
2495 1858 61 24 head
2567 1858 28 24 m
2606 1859 42 23 the
2662 1858 92 25 States.

2354 1945 46 24 We
2413 1944 53 24 fear
2478 1944 62 24 that
2563 1952 33 16 no
2619 1942 58 33 Help
2697 1951 47 15 can
2763 1942 31 25 be
2814 1950 43 17 ex-'

2316 1988 86 30 p<?cted
2412 1987 70 24 from.'
2497 1987 43 24 the
2560 1986 210 31 McEinlejdtes.~'

2318 2031 92 25 tection
2433 2038 48 17 can
2500 2031 59 31 only
2576 2026 74 28 make
2672 2029 84 32 things
2768 2037 84 21 worse,

2317 2075 50 26 and
2394 2074 56 25 that
2474 2073 133 32 McKinley
2630 2074 70 24 must
2721 2073 65 25 raise
2811 2072 44 25 the

2316 2119 90 32 tariffs,
2430 2118 21 23 iE
2472 2118 57 30 only
2552 2118 26 23 to
2597 2124 49 23 pay
2666 2117 43 23 the
2728 2116 129 31 protected

2318 2160 163 32 monopolists
2492 2159 38 25 for
2542 2159 65 25 their
2631 2158 87 26 liberal
2730 2158 125 25 contribu-

2318 2205 71 30 tions,
2400 2206 26 23 to
2448 2204 40 25 his
2510 2203 133 32 campaign
2665 2203 70 33 fupd,
2754 2210 101 24 appears
2862 2226 2 2 .

2318 2248 59 31 only
2386 2262 2 7 .
2394 2250 42 22 too
2448 2247 102 25 certain.
2594 2246 54 25 The
2667 2243 146 35 orily'hbpe

2318 2286 56 25 that
2396 2285 44 25 the
2452 2285 77 31 single
2549 2286 84 23 taxers
2645 2292 59 24 may
2726 2284 63 25 have
2801 2291 55 24 cap-

2319 2323 72 24 tured
2401 2323 127 24 Delaware
2542 2322 51 23 and
2616 2322 55 23 that
2683 2322 33 30 by
2730 2321 128 24 -introduc-

2316 2368 46 30 ing
2373 2365 67 26 their
2462 2366 71 31 great
2555 2365 93 26 reform
2659 2365 28 24 m
2706 2365 57 24 that
2785 2364 71 27 State

2318 2411 59 30 they
2389 2417 56 22 may
2458 2410 32 30 by
2502 2417 15 16 a
2536 2408 120 31 practical
2669 2408 83 31 object
2772 2409 85 24 lesson

2318 2454 71 31 point
2402 2453 43 24 the
2457 2460 53 23 way
2522 2453 25 23 to
2560 2452 109 31 peaceful
2681 2451 101 25 reform.

2413 2688 172 25 DAIRYING
2604 2688 146 25 SERVICE.

2319 2818 4 8 .
2352 2801 33 23 In
2396 2799 62 25 view
2470 2800 26 24 of
2509 2799 44 25 the
2572 2799 51 25 fact
2641 2800 71 24 there
2733 2806 80 18 seems
2832 2800 26 23 to

2319 2843 30 24 be
2369 2851 16 16 a
2397 2842 108 25 demand
2525 2842 39 25 for
2584 2841 121 26 Cheshire
2726 2842 85 25 cheese
2831 2842 27 24 m

2319 2885 127 32 England,
2465 2885 44 25 the
2520 2885 126 31 following
2657 2887 97 23 extract
2769 2887 64 23 from
2844 2894 15 15 a

2319 2932 74 23 letter
2419 2929 65 25 from
2513 2930 42 24 Mr
2564 2942 3 5 •
2579 2929 102 25 Samuel
2710 2930 84 30 Lowe,
2834 2930 26 24 of

2320 2974 92 24 Messrs
2426 2973 104 24 Weddel
2548 2974 51 23 and
2615 2973 53 28 Co.,
2689 2974 22 22 is
2729 2973 131 30 published

2320 3016 38 24 for
2369 3015 44 25 the
2424 3016 163 24 information
2599 3015 26 24 of
2635 3015 129 31 dairymen
2774 3023 4 16 :
2783 3029 31 4 —

2375 3103 4 23 I
2567 3100 37 25 St.
2618 3099 103 24 Helen's
2732 3099 77 31 place,

2375 3151 3 19 i
2421 3143 116 29 London,
2552 3145 14 22 5
2569 3143 35 25 th.
2621 3142 151 32 September,
2787 3143 72 24 1896.

2388 3186 30 24 T.
2432 3186 29 24 B.
2475 3186 145 27 MacEvvan,
2639 3186 60 31 Esq.

2358 3228 136 26 "'Cheshire
2517 3230 89 24 cheese-
2616 3229 29 25 -is
2669 3228 55 26 sold
2741 3229 26 24 m
2788 3228 81 26 Man-,

2323 3269 95 26 chester
2447 3268 50 24 and
2526 3268 97 24 district
2644 3269 26 23 at
2698 3267 44 24 the
2766 3266 96 26 earliest

2323 3308 109 33 possible
2444 3309 110 24 moment
2573 3309 22 24 it
2614 3316 48 16 can
2684 3308 31 24 be
2738 3308 74 24 taken
2835 3309 26 23 to

2324 3349 106 25 market.
2477 3349 14 24 I
2502 3348 64 25 have
2586 3355 57 17 seen
2664 3348 20 24 it
2705 3348 50 24 less
2774 3348 62 24 than
2849 3355 14 17 a

2325 3387 122 31 fortnight
2459 3387 51 24 old.
2546 3386 56 25 You
2611 3386 50 25 will
2673 3386 52 24 find
2733 3383 21 27 ib
2766 3385 96 25 crumb-

2325 3426 23 28 ly
2361 3425 50 25 and
2423 3425 92 32 merely
2532 3433 15 16 a
2561 3424 61 26 curd
2634 3432 32 17 on
2683 3424 44 26 the
2739 3425 131 23 counters..

2325 3463 77 30 Frojm
2425 3465 55 25 that
2498 3464 68 32 early
2584 3467 69 28 stage
2665 3464 114 25 onwards
2800 3464 21 24 it
2842 3463 23 25 is

2326 3504 114 26 saleable.
2475 3504 25 25 It
2511 3504 37 32 jis,
2573 3512 27 17 as
2619 3512 48 23 you
2687 3511 42 18 are
2749 3511 83 21 aware,
2851 3511 15 16 a

2317 3556 3 13 ;
2326 3545 76 28 loose,
2421 3544 115 25 textured
2548 3544 97 26 cheese,
2663 3544 93 30 always
2769 3542 96 25 crumb-

2326 3584 26 32 ly
2374 3584 117 28 inclined,
2526 3584 50 24 and
2598 3590 124 24 possesses
2745 3591 32 16 an
2800 3582 66 24 acrid

2326 3623 94 24 flavour
2430 3621 28 24 m
2480 3622 34 24 its
2534 3621 68 31 early
2620 3622 69 30 days.
2735 3620 13 24 I
2767 3620 98 25 enclose

2326 3669 49 23 you
2386 3669 16 16 a
2419 3661 104 25 method
2534 3662 26 23 of
2571 3661 104 31 making
2694 3661 20 24 it
2726 3660 82 25 which
2820 3659 47 25 has

2327 3702 61 23 been
2400 3701 26 24 m
2437 3709 45 16 use
2493 3701 40 24 for
2543 3709 77 23 many
2631 3708 42 24 yea
2679 3708 31 20 rs,
2724 3701 50 23 and
2785 3700 80 24 which

2327 3748 58 24 may
2397 3740 30 25 be
2439 3741 76 24 taken
2527 3749 28 16 as
2575 3749 16 16 a
2611 3741 120 24 standard
2750 3740 116 25 method.

2327 3778 25 25 It
2368 3779 22 24 is
2410 3779 37 25 for
2462 3788 15 15 a
2494 3779 153 26 farm-house
2668 3787 106 24 process,
2792 3779 46 25 but
2855 3778 13 25 I

2328 3816 110 32 thought
2449 3824 48 24 you
2518 3817 74 25 could
2610 3825 59 24 vary
2690 3817 43 25 the
2754 3816 112 31 utensils,

2327 3854 126 31 following
2464 3856 61 29 only
2536 3855 44 25 the
2592 3856 140 31 principles,
2751 3856 47 24 and
2806 3863 64 23 your

2328 3899 57 17 own
2402 3891 58 25 skill
2480 3893 51 23 and
2552 3892 159 31 intelligence
2733 3893 76 31 doing
2827 3892 43 25 the

2329 3930 59 24 rest.
2423 3929 35 25 As
2470 3937 62 17 soon
2541 3937 28 18 as
2580 3930 21 24 it
2608 3937 48 17 can
2668 3930 30 25 be
2710 3929 110 26 handled
2831 3930 39 24 for

2331 3968 127 32 shipment
2468 3969 13 24 I
2502 3969 84 24 would
2597 3971 103 30 suggest
2710 3977 50 24 you
2776 3970 63 24 have
2849 3969 21 24 it

2331 4006 125 31 exported.
2492 4006 27 25 If
2527 4015 50 23 you
2585 4007 52 24 will
2648 4009 43 29 get
2698 4015 68 16 some
2776 4007 93 31 factory

2332 4045 27 23 to
2370 4043 62 25 send
2452 4051 31 17 us
2494 4043 77 25 about
2589 4046 96 29 twenty
2696 4052 27 16 as
2741 4052 16 16 a
2775 4044 96 31 sample

2330 4090 37 18 we
2378 4082 52 26 will
2441 4082 72 26 cable
2524 4091 50 24 you
2590 4083 57 25 how
2668 4083 60 32 they
2746 4085 60 23 turn
2817 4085 53 23 out.

2329 4122 14 24 I
2355 4122 91 25 should
2456 4122 50 26 like
2519 4124 26 23 to
2566 4123 61 25 have
2643 4123 44 25 the
2707 4123 123 32 handling
2847 4122 28 26 of

2330 4160 43 24 the
2381 4160 57 24 first
2449 4160 126 31 shipment
2586 4168 28 16 as
2623 4160 15 24 I
2649 4161 83 24 would
2744 4162 90 31 myself
2840 4170 34 23 go

2331 4197 71 25 down
2422 4198 27 24 to
2467 4197 162 26 Manchester
2646 4198 50 25 and
2707 4198 128 26 introduce
2853 4200 21 24 it

2331 4237 26 25 to
2368 4236 44 26 the
2423 4236 78 26 trade.
2520 4237 26 26 It
2556 4237 51 26 will
2618 4240 46 23 not
2673 4237 46 26 sell
2729 4238 28 25 m
2769 4238 106 27 London

2317 4298 3 3 .
2331 4273 67 25 until
2409 4273 23 26 it
2440 4273 24 26 is
2477 4275 55 24 well
2543 4274 122 25 matured;
2700 4275 15 25 I
2722 4273 97 29 believe
2830 4276 45 27 the

2331 4310 80 35 pribes
2424 4315 27 23 to
2468 4313 30 26 be
2518 4313 118 26 obtained
2654 4315 43 26 for
2715 4315 22 26 it
2756 4317 27 24 m
2803 4317 74 26 Man-

2332 4352 100 26 chester
2450 4353 53 26 will
2523 4353 30 26 be
2571 4354 90 32 higher
2680 4355 62 26 tbain
2761 4356 40 26 for
2818 4357 59 26 New

2335 4390 114 28 Zealand
2473 4391 139 32 Cheddar,:
2626 4394 59 31 and,
2711 4402 30 18 ac
2755 4395 36 26 it?
2795 4395 86 33 ripens

2335 4429 79 26 much
2425 4437 98 22 sooner,
2541 4430 73 27 these
2634 4433 50 25 two
2694 4433 85 32 points
2799 4434 81 34 ought

2336 4470 26 25 to
2373 4468 92 28 induce
2475 4478 16 18 a
2502 4470 67 33 good
2578 4471 108 27 colonial
2698 4472 96 28 trade/

2905 189 104 27 Extract
3017 193 67 29 from
3379 192 29 31 by

2996 232 63 24 John
3073 232 121 25 Chalmers
3208 232 103 25 Morton.

3073 274 95 30 cheese,
3188 274 47 26 liks
3247 276 43 24 the
3302 275 120 30 Cheddar,

2887 317 22 26 is
2920 319 73 24 made
3005 319 56 30 onty
3075 324 62 19 once
3158 326 16 16 a
3185 318 56 31 day.
3284 318 54 25 The
3349 325 73 18 even-

2879 361 1 24 s'
2887 360 56 32 ings
2954 360 62 25 milk
3027 360 22 25 is
3061 360 94 32 placed,
3174 362 45 23 not
3230 368 68 17 more
3309 360 63 26 than
3384 360 38 27 six

2888 405 49 24 Gin.
2957 413 28 16 or
3006 405 49 24 Tin.
3077 404 67 32 deep,
3162 405 27 23 m
3210 404 37 24 tin
3270 405 98 29 vessels,
3396 406 26 24 to

2887 449 54 25 cool
2953 449 92 30 during
3056 449 43 24 the
3118 448 82 31 night,
3219 456 33 17 on
3264 448 43 25 the
3323 448 63 26 floor
3397 449 29 25 of

2888 492 41 25 the
2940 492 68 30 dairy
3022 501 5 21 ;
3045 492 21 24 it
3077 492 23 23 is
3111 491 123 25 skimmed
3245 491 24 24 m
3285 490 42 25 the
3338 499 84 17 morn-

2886 535 50 32 ing,
2955 534 50 26 and
3016 543 16 16 a
3043 534 94 26 certain
3154 534 100 33 portion
3265 534 22 25 is
3307 534 58 32 kept
3384 534 39 25 for

2887 579 82 23 butter
2970 592 32 5 —
3003 579 26 23 m
3047 578 66 31 early
3124 585 110 17 summer
3246 578 58 29 only
3322 577 100 30 enough

2886 621 107 32 perhaps
3003 621 38 25 for
3052 622 43 24 the
3106 629 45 17 use
3163 621 26 25 of
3207 621 43 25 the
3271 621 88 28 house,
3376 620 46 25 but

2886 665 27 24 m
2930 670 106 19 autumn
3048 672 73 22 more,
3140 665 49 24 and
3205 664 28 25 m
3254 671 68 18 some
3334 663 89 25 dairies

2887 709 26 24 at
2940 708 87 32 length
3051 708 85 31 nearly
3159 707 35 25 all
3216 708 44 24 the
3282 707 140 31 morning's

2887 759 81 16 cream
2980 752 21 24 is
3011 750 60 26 thu?
3083 751 75 25 taken
3169 751 39 24 for
3224 750 138 31 churning..

2921 794 70 26 •'The
3003 794 120 26 skimmed
3134 802 90 22 cream,
3244 794 58 26 with
3325 801 16 18 a
3363 801 56 24 por-

2887 838 51 25 tion
2953 839 36 24 iof
2998 838 71 28 milk,
3087 838 20 23 is
3119 838 90 24 heated
3217 846 33 22 up
3262 839 26 24 to
3301 839 48 22 130
3362 837 57 31 deg,

2887 881 26 25 of
2929 881 76 25 Fahr.
3024 882 32 30 by
3078 881 104 31 floating
3201 881 44 24 the
3267 881 51 24 tins
3341 880 81 25 which

2886 925 59 25 hold
2953 922 24 28 lit
2988 933 33 15 on
3034 924 41 24 the
3087 924 76 24 boiler
3170 935 6 18 ;
3196 924 122 24 sufficient
3337 931 78 23 quan-

2887 969 47 30 tity
2953 968 74 31 being
3038 968 75 24 taken
3132 969 25 23 to
3168 967 64 25 raise
3252 968 42 24 the
3306 966 78 24 whole
3397 966 28 24 of

2887 1012 41 25 the
2940 1011 117 30 evening
3065 1011 8 30 3
3078 1010 54 25 and-
3146 1010 130 30 mornings
3296 1009 121 24 milk-to-

2885 1055 85 31 gether
2982 1055 25 24 to
3020 1053 86 31 90deg.
3119 1060 27 17 or
3157 1052 164 25 thereabouts.

3001 1098 88 23 rennet
3099 1096 22 23 is
3133 1096 71 23 made
3223 1096 43 23 the
3277 1095 46 31 day
3334 1095 85 24 before

2885 1142 20 23 it
2916 1140 22 24 is
2950 1139 61 25 used
3019 1147 7 21 ;
3045 1140 31 22 12
3095 1146 28 16 or
3149 1139 32 23 14
3194 1145 86 24 square
3298 1137 86 25 inches
3396 1136 27 25 of

2883 1183 58 30 veil,
2961 1182 117 31 standing
3096 1182 27 24 m
3141 1190 13 16 a
3163 1182 56 31 pint
3240 1181 27 25 of
3274 1181 47 25 salt
3333 1182 83 27 water,

2885 1228 57 31 kept
2953 1228 27 23 m
2998 1235 15 16 a
3024 1234 76 17 warm
3111 1226 79 31 place,
3209 1225 103 31 making
3334 1225 88 24 rennet

2884 1270 98 32 enough
2995 1270 37 25 for
3041 1271 49 23 100
3101 1269 98 31 gallons
3212 1268 27 25 of
3248 1268 72 25 milk.
3366 1267 53 25 The

2883 1314 64 24 Irish
2968 1312 49 26 veil
3036 1312 21 24 is
3080 1311 69 29 used,
3168 1319 27 16 as
3218 1310 20 25 ib
3257 1310 21 25 is
3301 1309 118 26 obtained

2884 1357 62 26 froui
2958 1365 58 24 very
3035 1364 83 24 young
3134 1355 50 25 and
3197 1354 103 33 -wholly-
3307 1353 116 25 milk-fed

2885 1403 63 24 calve
2948 1403 26 24 3.

3019 1449 47 33 (To
3083 1448 31 24 be
3135 1447 154 34 continued,)

2886 1587 122 37 EVENTS
3025 1587 39 37 OF
3086 1586 68 38 THE
3171 1583 133 40 COMING
3304 1583 111 40 WEEK.

2883 1676 120 32 Mondays
3020 1675 79 27 Court
3109 1675 64 32 Day.
3282 1700 3 4 ,
3358 1698 2 4 .

2883 1714 120 31 Tuesday,
3021 1714 104 29 Library
3144 1719 63 24 open
3219 1711 64 24 from
3297 1712 13 22 6
3331 1711 39 23 15.
3393 1710 26 24 to

2950 1753 15 23 8
2976 1755 61 28 p.rii*
3053 1768 46 5 ~-
3100 1756 79 22 ."*>.'..-
3208 1768 42 14 -■-;
3264 1770 10 5 -
3319 1762 17 20 ;--
3372 1769 4 4 •
3399 1762 10 17 ■;

2882 1782 164 44 Wednesday,
3074 1789 26 26 S.
3130 1788 71 32 Mary
3205 1782 160 43 's_,Churcli^
3368 1782 51 28 Ted,

2876 1848 2 2 ■
2888 1828 44 23 ■'■""
2949 1830 49 25 aod
3014 1829 212 26 Eutertainrnent.
3245 1857 3 2 _
3269 1849 2 2 .
3295 1851 2 5 ,
3346 1852 4 3 .

2884 1863 146 43 Thursday,.
3047 1870 58 25 Sale
3128 1869 56 31 day.
3253 1867 73 24 Bank
3346 1874 73 24 open.

2876 1909 2 22 i
2949 1908 104 31 Library
3071 1915 64 23 open
3152 1907 89 29 daring
3257 1906 55 30 day.

2877 1946 138 32 'Saturday,
3034 1946 105 30 Library
3159 1953 65 23 open
3241 1944 65 24 from
3328 1945 21 22 G.
3372 1951 41 23 pui

2877 1985 2 15 1
2948 1988 42 22 to-
2996 1987 22 23 8.
3031 1993 61 23 p.m.
3151 2002 23 8 '■'
3213 1989 54 24 *>-..'.
3360 2006 33 8 ..
3420 2008 3 7 ,

2885 2117 251 59 LOCAL
3114 2117 72 59 and
3152 2114 271 61 GENERAL

2918 2230 85 25 LdcAL
3038 2229 130 25 Option.—
3168 2227 47 26 =W=l
3220 2229 33 25 .at
3267 2249 4 3 .
3290 2227 25 26 is.
3329 2243 3 1 •
3346 2226 78 25 Local

2886 2273 91 31 Option
2986 2274 11 23 ?
3120 2270 111 26 whether
3259 2277 49 25 you
3335 2277 31 23 go
3395 2270 27 23 to

2886 2316 178 26 Chmtchurch
3083 2315 49 23 and
3156 2322 49 23 pay
3217 2316 54 22 30s.
3290 2313 37 24 for
3339 2320 15 17 a
3372 2312 50 25 suit

2885 2359 27 25 of
2943 2358 105 32 Kaiapoi
3082 2357 89 25 Tweed
3205 2364 27 18 or
3259 2357 41 30 get
3322 2363 46 17 one
3394 2356 26 24 at

2885 2403 118 28 Parish's,
3025 2402 63 25 East
3112 2401 101 28 Oxford,
3232 2401 37 23 for
3292 2400 53 24 21s.

2919 2437 34 33 RJ
2966 2446 34 24 H.
3012 2445 88 24 Parish
3112 2445 22 23 is
3145 2451 57 17 now
3213 2442 112 32 making'
3336 2442 82 24 Men's

2887 2489 69 26 Suits
2968 2490 25 23 to
3005 2488 72 24 order
3088 2487 64 25 from
3165 2487 38 24 £2
3215 2487 53 24 15s.

2919 2568 53 27 The
2984 2570 57 31 only
3046 2570 94 26 .failure
3151 2568 78 25 which
3242 2575 15 17 a
3266 2575 60 17 man
3340 2566 79 33 ought

2886 2613 25 21 to
2930 2603 48 29 fdar
3000 2608 23 24 is
3048 2607 87 25 failure
3145 2632 3 2 .
3163 2608 24 23 to
3216 2605 83 25 cieave
3327 2606 26 23 to
3376 2604 44 25 the

2885 2640 106 39 purpjose
3019 2645 82 25 which
3125 2644 33 25 he
3170 2650 52 19 sees
3236 2645 24 22 to
3271 2643 30 24 be
3319 2642 98 25 best,—

2888 2688 88 28 George
2992 2686 79 23 Eliot.
3245 2690 64 22 '■.--.

2919 2762 37 24 To
2968 2768 50 17 the
3031 2760 173 24 Electors.—
3205 2758 25 24 lt
3241 2765 65 24 may-
3318 2758 104 23 interest

2886 2806 44 25 the
2942 2806 103 24 electors
3071 2803 27 25 of
3119 2802 92 25 Oxford
3234 2803 27 24 to
3285 2801 68 24 know
3367 2801 55 24 that

2887 2850 60 30 they
2963 2856 47 18 can
3034 2847 72 32 study
3130 2853 117 23 economy
3272 2845 33 31 by
3328 2843 95 32 buying

2887 2893 65 25 their
2972 2893 111 29 Drapery
3104 2890 50 24 and
3166 2889 120 30 Clothing
3299 2889 25 23 at
3337 2888 30 23 R.
3386 2886 36 25 JEL

2888 2937 118 28 Parish's,
3019 2935 69 31 High
3102 2934 89 30 Street,
3205 2933 80 25 where
3300 2932 59 31 they
3371 2931 52 25 will

2888 2982 41 30 get
2941 2980 118 23 Trousers
3070 2978 63 23 from
3155 2979 36 22 Gs.
3209 2984 44 22 per
3272 2975 54 31 pair
3336 2982 9 16 s
3362 2973 63 26 Col-

2888 3022 68 26 onial
2968 3021 89 25 Tweed
3071 3020 69 26 Suits
3152 3019 61 25 from
3227 3020 44 23 21s
3277 3019 53 23 also
3342 3017 82 31 splen-

2888 3066 42 25 did
2946 3065 74 25 value
3036 3064 28 25 m
3076 3064 77 31 Boy's.
3172 3062 110 25 Knicker
3295 3060 69 26 Suits
3382 3061 38 24 53.

2922 3137 51 24 Our
2983 3135 98 31 leading
3093 3139 152 25 newspapers
3268 3133 26 23 m
3315 3131 51 24 this
3384 3137 39 17 so-

2889 3174 77 25 called
2994 3173 143 30 democracy
3166 3178 47 17 can
3241 3168 100 32 publish
3365 3167 61 24 such

2890 3220 38 24 pa.
2933 3216 37 27 try
2982 3211 61 25 stuff
3062 3219 26 15 as
3100 3210 56 23 that
3177 3209 42 24 the
3231 3207 76 25 strike
3319 3206 26 23 m
3361 3206 64 23 Mel-

2891 3252 93 23 bourne
2992 3249 52 25 had
3055 3247 89 26 caused
3156 3247 40 24 Mr
3208 3246 108 24 Buxton.
3335 3245 91 24 Gover-

2890 3297 45 16 nor
2947 3288 26 25 of
2989 3287 81 26 South
3091 3285 131 28 Australia,
3247 3283 50 26 and
3309 3283 39 24 his
3360 3282 66 25 suite

2892 3327 49 33 (his
2962 3325 77 26 snake
3059 3327 47 26 too,
3136 3324 63 32 eh?)
3230 3324 25 23 to
3273 3323 65 24 loose
3358 3321 69 25 theic

2890 3374 102 25 passage
3004 3367 26 23 to
3042 3365 135 24 Tasmania
3187 3365 6 23 !
3214 3365 5 22 !
3235 3365 5 22 !
3253 3364 5 23 !
3270 3364 5 23 !
3395 3368 33 17 an

2892 3405 77 26 awtul
2980 3404 126 31 calamity.
3150 3403 70 23 After
3231 3401 56 25 that
3299 3399 130 26 Australia

2892 3454 58 24 may
2961 3453 27 17 as
3000 3445 55 24 well
3078 3443 55 24 diva
3154 3442 79 24 under
3255 3441 44 25 the
3311 3448 42 17 sea
3377 3439 50 25 and

2891 3493 75 17 never
2978 3485 107 29 attempt
3097 3485 26 21 to
3135 3482 49 24 rise
3195 3481 83 31 again.

2926 3556 150 24 Influenza.
3078 3568 27 4 —
3111 3553 62 24 Now
3192 3552 51 24 ibis
3272 3551 119 32 epidemic
3411 3550 23 24 is

2893 3599 131 30 becoming
3034 3596 129 33 prevalent
3171 3603 37 17 we
3220 3593 113 32 strongly
3343 3600 90 17 recom-

2895 3643 72 24 mend
2979 3642 43 25 the
3032 3641 51 25 free
3094 3647 45 17 use
3150 3639 27 25 of
3187 3639 122 31 Platypus
3317 3636 84 25 Brand
3409 3634 29 26 of

2895 3685 155 32 Eucalyptus
3064 3683 125 25 Globulus
3217 3682 113 25 Extract,
3359 3680 76 24 taken

2897 3737 67 24 upon
2986 3735 75 25 sugar
3088 3734 30 19 or
3136 3727 28 24 m
3187 3724 72 26 milk.
3293 3723 54 25 The
3370 3721 68 26 most

2893 3773 118 33 pleasant
3022 3779 54 25 way
3088 3773 25 24 to
3123 3770 57 26 tako
3192 3768 155 33 Eucalyptus
3369 3767 22 24 is
3408 3766 29 25 m

2898 3817 44 24 the
2974 3816 117 31 Platypus
3119 3813 88 26 Brand
3234 3812 28 26 of
3284 3810 154 32 Eucalyptus

2898 3849 117 32 Jujubes.
3050 3848 71 32 They
3132 3855 43 18 are
3186 3848 26 23 m
3228 3845 62 26 such
3302 3852 15 17 a
3327 3841 111 35 portable

2897 3890 72 27 form,
2980 3888 118 32 pleasant
3109 3890 26 23 to
3147 3889 75 27 taste,
3239 3886 52 25 and
3306 3881 132 34 antiseptic

2899 3927 144 25 stimulant.

2933 4011 59 25 Two
3001 4012 144 30 gentlemen
3158 4010 25 25 of
3199 4008 92 29 colour,
3309 4011 128 19 overcome

2899 4048 33 32 by
2944 4049 43 24 the
3003 4049 151 24 excitement
3166 4047 27 25 of
3202 4054 16 17 a
3227 4042 111 35 political
3349 4042 90 25 debate

2899 4087 29 24 m
2935 4095 16 17 a
2961 4087 139 32 brickyard,
3118 4085 78 26 fouud
3204 4080 145 28 themselves
3361 4079 76 31 using

2902 4126 79 25 bricks
3000 4125 27 24 m
3050 4125 71 32 place
3139 4123 27 26 of
3194 4121 137 32 argument.
3372 4117 36 24 As
3424 4124 16 16 a

2901 4167 88 27 result,
2999 4173 49 17 one
3055 4165 28 24 ot'
3092 4164 132 38 jihem-was
3235 4159 108 31 severely
3353 4163 83 19 woun-

2904 4202 55 26 ded.
2995 4202 77 25 Their
3090 4199 134 32 employef,
3235 4197 6 16 r
3242 4191 64 31 wiid'
3307 4195 6 10 :
3311 4193 130 27 Wiknessed

2904 4241 44 28 th<£
2958 4242 72 32 fight,
3119 4247 28 18 so
3168 4236 131 33 indignant
3318 4233 60 27 with
3397 4231 47 27 the

3001 4280 57 26 that
3079 4278 33 26 he
3133 4275 101 30 advjsed
3246 4274 50 25 (the
3318 4269 123 28 wounded
3475 4275 13 14 ■'

2905 4324 62 23 mm
2988 4325 27 20 to
3043 4321 41 30 get
3102 4318 45 25 out
3169 4325 16 16 a
3213 4314 105 25 warrent
3335 4311 39 26 for
3395 4309 48 27 his
3454 4308 11 21 ?■
3474 4301 15 31 I

2905 4360 89 26 arrest.
3018 4357 70 26 After
3099 4355 43 26 the
3153 4352 124 33 employer
3283 4349 52 27 had
3345 4348 44 26 left
3400 4348 47 26 the

2907 4386 71 45 yakd,
2995 4393 147 33 a.ooiputcd
3152 4391 111 29 friend^of
3263 4392 1 25 ;
3272 4391 46 26 the
3328 4388 117 31 sufferer,

2910 4436 58 28 who
2977 4435 48 27 had
3037 4423 196 44 als^wjinessed
3385 4434 65 30 gaw

2909 4476 53 27 this
2973 4483 58 25 very
3041 4474 79 27 sound
3131 4473 84 26 advice
3373 4469 65 33 hyar
3439 4487 12 16 %

2933 4508 8 27 ?
2989 4503 67 30 .}■■■:■
3068 4507 13 27 :
3101 4529 16 3 ...
3134 4504 25 31 U
3197 4506 98 30 Mm
3301 4506 5 10 7
3301 4529 4 5 :,

1058 44 174 34 OXFORD
1276 45 233 34 OBSERVER
1552 45 237 38 SATURDAY,
1839 47 237 33 FEBRUARY
2118 51 40 29 20
2215 48 90 32 1897.
