3520 4570
39 181 62 27 Bam
113 190 7 22 ;
138 180 71 24 doon'
228 180 40 32 yo'
289 180 40 31 get
340 181 44 23 out
400 186 35 18 no
460 183 115 21 warrant.

39 219 40 25 Yo
89 219 37 32 git
136 218 88 31 yo'pelf
241 219 51 23 two
310 218 82 31 pieces
414 216 28 26 of
461 217 114 32 plarster,

39 258 40 22 an'
96 257 46 30 put
153 263 47 17 one
211 255 69 31 piece
291 263 33 16 on
344 255 37 32 yo'
381 270 3 8 :
393 254 75 29 head,
477 271 3 9 :
482 271 2 4 .
491 258 42 21 an'
546 255 31 25 de

37 290 69 30 ofchei
106 299 4 10 1
119 300 33 18 on
163 301 32 24 yo
206 292 69 26 mouf

71 389 67 25 Here
165 390 22 24 is
216 397 31 17 au
268 388 146 32 interesting
429 395 100 24 process
553 388 27 24 of

38 428 126 25 evolution
175 435 6 17 :
188 427 82 25 —The
289 426 155 26 cottonseed
463 425 113 26 becomes

39 470 95 26 cotton,
151 467 46 25 the
208 469 86 23 cotton
303 466 114 25 becomes
427 466 99 29 thread,
536 467 43 23 the

39 507 87 26 thread
148 506 115 26 becomes
285 515 14 15 a
321 505 88 29 fabric,
437 505 45 24 the
501 505 78 24 fabric

39 548 114 24 becomes
166 555 15 16 a
191 546 76 33 print,
285 546 42 25 the
350 546 66 31 print
437 544 115 25 becomes
564 553 14 16 a

38 595 119 24 wrapper,
176 587 50 24 and
237 586 43 25 tbo
292 593 110 25 wrapper
424 584 116 25 becomes
564 592 15 17 a

40 627 121 26 beautiful
172 634 107 18 woman.

75 716 89 29 Ginger
181 714 77 26 Wine,
277 717 22 19 to
310 713 77 23 malce.
389 726 31 3 —
423 712 44 24 Six
478 712 98 31 gallons

39 753 27 25 of
89 753 85 28 water,
204 750 50 25 and
284 752 31 22 18
338 750 97 31 pounds
459 750 28 24 of
507 749 71 30 lump

40 798 75 25 sugar
132 790 56 24 thin
213 788 86 25 rhinds
326 788 26 25 of
374 795 75 18 seven
471 787 106 29 lemons,

40 832 68 31 tight
130 838 85 23 orange
215 838 29 23 3,
271 829 49 24 and
347 829 69 31 eight
442 835 89 17 ounces
553 827 27 24 of

39 871 93 30 ginger.
185 868 57 25 Boil
253 868 42 24 the
313 867 75 24 whole
400 866 38 25 for
454 874 32 17 an
505 866 71 28 Lour,

39 910 51 24 and
101 909 61 24 cool.
209 908 82 25 When
311 907 145 24 luke-warm
468 906 49 25 add
535 905 43 24 the

36 950 65 30 juice
113 948 27 25 of
160 949 43 23 the
225 954 103 24 oranges
341 946 50 25 and
411 946 94 25 lemon?
529 945 49 22 and

39 990 69 23 throe
119 988 95 31 pounds
235 987 26 24 of
277 987 99 24 raisins.
387 1000 3 3 •
397 1001 4 8 :
421 985 77 24 Work
517 984 59 25 with

39 1030 76 29 yeast,
134 1027 49 22 and
193 1027 45 29 put
250 1025 54 23 into
317 1025 43 23 the
372 1023 57 24 cask
446 1023 61 24 with
523 1021 56 25 half

40 1075 33 16 an
86 1073 77 18 ounce
175 1066 25 23 of
209 1065 126 30 isinglass.
371 1063 84 24 Bottle
462 1063 27 23 m
503 1063 37 23 six
550 1069 28 17 or

39 1107 69 30 eight
120 1105 88 24 weeks.
210 1119 32 3 —
246 1105 91 24 Golden
357 1104 85 32 grains
453 1105 31 28 of
494 1103 84 31 Useful

39 1147 151 28 Knowledge.

94 1277 183 26 LEAFLETS
293 1277 42 23 TO
348 1275 168 25 FARMERS.

44 1365 148 32 Shepherd's
211 1364 87 28 Purse,
327 1361 151 32 Pickpocket
494 1362 80 31 {Gap-

171 1405 49 23 sela
237 1401 205 34 bursa-pastoris).

190 1451 36 29 By
247 1450 27 24 T.
294 1449 35 23 B.
349 1448 73 24 Kirlc.

75 1521 59 24 This
155 1521 20 24 is
188 1528 33 17 an
238 1518 90 26 annual
349 1518 86 31 plant,;
446 1524 30 15 an
496 1515 77 25 intro-

40 1560 101 24 duction
153 1559 62 24 from
228 1558 106 30 Europe.
369 1556 26 25 Ifc
411 1562 80 25 grows
510 1554 64 23 from

38 1608 16 16 a
66 1601 44 22 few
122 1599 85 24 inches
218 1606 33 22 up
263 1599 26 22 to
310 1598 45 22 2ft.
368 1597 27 23 m
406 1594 86 30 height
503 1601 6 20 ;
534 1594 40 23 the

38 1639 96 24 flowers
147 1646 39 16 are
198 1638 70 24 small
283 1636 48 24 and
351 1635 81 28 white,
451 1632 123 31 arranged

38 1677 26 24 m
88 1676 65 24 little
177 1676 112 29 clusters,
313 1674 50 24 and
384 1681 58 22 may
464 1671 31 25 be
516 1678 58 17 seen

38 1715 155 32 throughout
204 1714 43 26 the
259 1721 115 17 summer.
403 1711 55 25 The
466 1709 106 29 flattish,

38 1755 181 32 heart-shaped
230 1754 137 25 seed-case
365 1754 17 25 3
378 1761 41 15 are
431 1759 58 24 very
501 1750 71 26 strik-

36 1797 52 30 ing,
108 1795 48 25 and
168 1803 40 17 ace
220 1794 121 31 supposed
353 1795 25 22 to
389 1792 59 24 bear
459 1800 12 15 a
481 1798 91 17 resem-

38 1836 86 24 blance
136 1837 26 23 to
174 1842 32 17 an
216 1832 181 27 old-fashioned
403 1830 78 26 rustic
491 1837 80 25 purse;

37 1875 78 23 hence
137 1874 42 24 the
191 1872 150 32 appellation
353 1871 27 25 of
402 1868 170 33 "Shepherd's

188 1914 25 24 It
246 1913 55 29 has,
323 1913 115 27 however,
468 1909 104 25 another

38 1961 117 17 common
178 1961 83 21 name,
296 1950 125 32 evidently
444 1950 72 30 given
541 1949 31 31 by

38 2002 69 16 some
119 1992 196 25 unsentimental
327 1992 99 27 farmer,
445 1989 65 29 who,
523 1997 48 16 ow-

36 2032 45 30 ing
92 2033 26 22 to
134 2030 43 25 the
196 2030 144 31 prevalence
360 2029 49 24 and
428 2027 143 24 luxuriance

36 2070 28 23 of
80 2069 43 23 the
143 2069 74 27 weed,
242 2067 127 24 described
386 2066 20 23 it
429 2073 27 15 as-

168 2116 14 15 a
195 2107 153 31 designation
360 2105 82 26 which
453 2104 81 32 might
544 2103 28 23 m

37 2147 51 24 this
109 2146 87 31 colony
209 2145 53 25 well
274 2145 30 24 be
323 2144 98 31 appliad
433 2145 26 23 to
471 2151 15 16 a
505 2143 68 30 large

36 2183 106 25 number
154 2184 27 24 of
191 2184 70 24 other
282 2183 92 31 plants.
416 2181 59 28 The,
493 2181 81 23 leaves

36 2230 43 18 are
91 2223 25 24 of
135 2223 47 24 two
205 2222 78 24 forms
294 2229 6 15 :
325 2220 72 26 those
409 2219 26 25 of
457 2218 42 25 the
518 2219 56 24 root

37 2271 42 16 are
92 2263 131 31 spreading
231 2262 49 24 and
290 2260 146 33 pinnatified
444 2268 6 20 ;
469 2259 70 24 those
548 2257 27 26 of

37 2301 42 25 the
111 2302 61 23 stem
196 2308 41 16 are
260 2307 96 17 narrow
379 2298 49 25 and
452 2296 121 33 clasping,

36 2338 62 25 with
109 2338 138 31 projecting
264 2344 54 17 ears
327 2345 6 21 ;
352 2337 36 24 all
408 2336 42 23 the
462 2335 112 31 margins

36 2384 40 17 are
89 2376 110 25 toothed.

69 2415 54 24 The
137 2414 152 32 Shepherd's
299 2413 78 24 Purse
396 2412 23 24 is
431 2419 54 17 now
494 2410 80 25 found

35 2454 25 23 m
74 2458 66 20 most
152 2452 160 32 agricultural
335 2450 133 26 couutries.
515 2450 26 23 It
551 2449 23 23 is

35 2493 130 24 abundant
189 2493 61 24 both
261 2492 25 24 m
299 2490 134 26 cultivated
445 2490 59 24 land
524 2488 50 24 and

35 2532 26 24 m
73 2533 121 30 pastures,
213 2533 55 23 also
279 2531 33 32 by
324 2531 43 24 the
379 2529 113 32 wayside.
536 2528 38 24 Its

36 2570 70 26 seeds
125 2578 59 24 may
207 2568 139 33 frequently
368 2568 30 24 be
417 2566 113 26 detected
548 2566 25 24 m

36 2610 106 29 samples
158 2608 26 24 of
194 2607 159 32 agricultural
363 2606 68 25 seeds
442 2604 132 25 submitted

35 2646 37 24 for
84 2645 178 25 examination.

71 2684 38 23 On
122 2683 135 24 cultivated
280 2682 61 24 land
352 2682 21 24 it
390 2688 60 24 may
472 2680 31 25 be
515 2680 59 31 kept

33 2725 25 24 m
72 2723 77 26 check
171 2723 33 32 by
215 2723 42 24 the
277 2723 132 28 sacrifices,
428 2728 28 17 or
480 2720 95 25 similar

33 2765 172 31 implements/
219 2763 31 24 In
262 2764 122 30 pastures,
402 2760 132 32 especially
542 2768 31 17 on

31 2805 69 31 dairy
120 2804 84 28 farmd;
222 2804 24 27 it.
255 2802 97 29 fihould,
369 2801 22 24 if
402 2800 121 32 plentiful,
537 2799 30 25 be

33 2842 97 25 mowed
142 2842 83 24 before
238 2841 117 30 seeding,;
370 2839 42 25 the
423 2840 73 30 plant
503 2838 74 31 being

35 2880 102 28 annual,
156 2880 49 24 this
219 2879 133 24 treatment
363 2877 51 26 will
426 2884 60 18 soon
497 2876 79 24 result

33 2922 28 23 m
73 2921 42 25 its.
118 2919 167 32 suppression.
332 2919 32 23 In
376 2925 72 24 g~ass
468 2916 73 24 lands
555 2916 21 23 it

33 2962 22 23 is
78 2959 161 32 particularly
262 2957 188 32 objectionable,
469 2957 39 24 for
527 2956 45 24 not

36 3001 59 30 only
108 3000 58 24 does
185 3001 21 23 it
219 2999 57 25 take
296 2998 45 25 the
363 2998 70 31 place
457 2996 28 25 of
508 3003 64 17 more

36 3038 82 24 useful
130 3038 92 30 plants,
242 3037 81 24 either
334 3036 33 31 by
378 3035 107 30 robbing
504 3034 71 24 them

35 3076 27 25 of
79 3075 175 25 nourishment
271 3081 28 17 or
320 3074 31 30 by
364 3072 109 28 nursing
484 3072 92 30 fungu-

35 3125 45 17 ous
92 3116 108 25 diseases
213 3113 110 32 through
336 3112 64 26 their
412 3111 164 33 hybernating

35 3158 73 24 state.

69 3196 62 23 Like
143 3203 76 22 many
232 3194 74 25 other
315 3194 83 30 plants
410 3192 82 24 which
512 3192 65 23 have

35 3243 65 24 gone
118 3238 44 21 out
174 3235 26 24 of
211 3234 84 24 favour
306 3233 48 24 and
367 3239 43 18 are
422 3239 56 16 now
492 3238 84 23 regar-

36 3273 48 24 ded
103 3281 25 16 as
141 3273 94 31 naught
257 3272 44 23 but
322 3270 89 29 weeds,
430 3269 45 24 the
496 3269 80 31 Shep-

37 3311 85 25 herd's
134 3311 76 24 Pur?e
229 3318 51 17 was
303 3309 27 24 m
351 3309 75 24 olden
440 3307 60 32 days
519 3314 57 24 sup-

36 3351 76 31 posed
126 3352 27 23 to
168 3358 98 23 possess
287 3349 106 24 medical
403 3347 136 32 properties
551 3347 26 24 of

38 3389 72 24 value
122 3388 27 24 m
161 3389 93 24 certain
273 3386 107 26 internal
391 3386 152 30 complaints
544 3398 33 5 —

37 3426 198 30 blood-spitting,
255 3425 115 30 bleeding
393 3426 26 22 at
442 3423 44 25 the
506 3431 68 21 nose,

38 3467 42 23 &c.

73 3502 80 25 When
167 3508 84 24 grown
261 3509 30 16 on
303 3501 52 24 rich
367 3500 46 25 soil
424 3500 21 24 it
457 3507 58 22 was,
525 3499 51 24 and

36 3544 23 24 is
72 3542 61 30 still,
152 3540 62 26 used
236 3540 27 25 m
275 3548 67 18 some
355 3541 69 31 parts
448 3539 27 26 of
493 3539 82 26 North

40 3583 120 27 America,
180 3582 89 28 China,
288 3582 49 23 and
357 3582 69 23 other
449 3580 127 25 countries

36 3631 28 17 as
77 3631 15 16 a
104 3629 75 24 green
193 3620 134 32 vegetable.
499 3633 12 10 *

1115 44 174 33 OXFORD
1333 46 228 35 OBSERVER
1576 49 242 37 SATURDAY,
1834 49 235 37 FEBRUARY
2113 49 41 29 20
2203 46 92 32 1897.

2966 4344 28 23 at
3009 4343 46 26 her
3078 4344 145 32 Registered
3243 4346 119 34 Printing
3383 4346 74 27 Office

2969 4385 72 33 High
3054 4386 92 29 Street,
3163 4386 66 28 East
3249 4388 102 33 Oxford,
3363 4389 91 27 Oantec

2968 4423 71 37 bury.
3158 4447 5 3 -

2984 4472 130 27 Satubdat
3127 4472 146 29 Fbbbitast.
3301 4477 33 25 20
3363 4478 62 25 1897
3493 4496 3 7 ,

2988 188 427 49 EUCALYKTUS

2941 252 4 24 i
2967 261 2 15 :
2973 252 5 11 :
2985 257 59 19 '"-v;;
3112 265 37 4 —
3149 265 2 6 ■
3151 264 41 5 —
3192 259 14 15 ♦

2985 287 61 21 THE
3062 287 73 21 BEST
3148 287 89 21 HOME
3252 286 103 21 EEMED
3358 287 38 21 IE
3457 285 39 32 0-

2993 316 14 4 ~
3027 313 12 21 ?
3043 324 37 16 are
3093 318 38 21 the
3139 318 138 26 preparation
3286 318 26 22 of
3318 318 36 21 the

2928 354 171 22 TASMANIAN
3117 355 188 21 EUCALYPTUS
3318 355 48 22 OIL
3380 355 84 22 COMP.

2957 392 136 27 Universally
3102 391 105 23 admitted
3215 391 38 23 the
3260 392 82 26 BEST,
3351 392 116 22 PUREST

2927 429 44 21 and
2980 430 58 20 most
3047 430 95 21 effective
3152 430 135 26 Eucalyptus
3309 430 105 21 Olobulus
3429 429 36 21 Oil
3479 433 7 6 '

2926 461 34 21 for
2980 461 172 25 INFLUENZA,
3173 461 92 26 Coughs,
3284 459 65 23 Colds
3373 461 44 22 and
3434 462 31 20 all

2928 492 66 21 Chest
3009 492 44 20 and
3062 493 63 24 Lung
3141 492 114 21 affections
3268 492 77 27 speedy
3354 494 62 19 relief
3424 492 44 21 and

2928 523 56 21 Cure
3001 522 35 22 for
3051 523 158 25 Bheumatisro,
3229 524 122 25 Neuralgia,
3366 525 101 26 Spraine-

2926 550 73 21 Burns
3018 551 35 19 &o.

2954 584 134 25 Eucalyptus
3106 584 110 21 Globulns.
3229 584 92 21 Extract
3330 585 90 25 sprayed
3433 586 34 19 in-

2927 616 63 20 haled
3006 616 44 20 and
3063 617 67 20 taken
3139 616 117 26 internally
3273 617 34 19 for
3321 617 36 21 the
3375 617 101 26 'Jhroat^.

2928 652 97 26 Catarrh,
3043 652 59 27 Hay,
3126 652 99 26 Typhoid
3240 653 44 21 and
3298 654 81 21 Scarlet
3389 655 78 20 Fevers

2928 685 130 20 MEASLES
3069 685 37 20 the
3111 686 56 19 most
3177 685 137 26 satisfactory
3323 688 144 23 preventativo

2928 714 43 20 and
2985 715 61 20 Cure.
3074 716 57 20 Send
3144 716 51 20 Post
3211 716 56 21 Card
3276 718 23 19 to
3309 716 36 21 the
3354 718 64 20 Office
3431 718 34 19 for
3477 722 3 5 '

2928 744 96 21 Circular
3037 745 120 27 describing
3176 748 122 20 treatment.
3325 748 149 28 Eucalyptus,.

2928 778 111 21 Ointment
3049 780 37 20 the
3095 780 70 25 Magic
3174 781 80 20 Healer
3267 781 23 20 of
3304 781 72 24 Sores,
3386 783 80 24 Burns,
3479 798 17 17 4

2928 809 102 26 Wounds,
3047 810 60 22 Boils
3125 812 45 24 &c,
3194 812 134 26 Eucalyptus
3347 812 58 28 Soap
3420 807 76 36 Fi^Hf

2927 843 63 23 grant
3000 842 43 21 and
3051 843 126 26 refreshing.
3201 843 132 27 Eucalyptus
3342 845 89 26 Jujubes
3441 852 24 14 or

2928 873 102 21 Pastilles
3039 874 34 20 for
3083 874 36 21 the
3144 875 81 21 Throat
3234 876 43 20 and
3287 876 63 21 Voice
3366 883 29 14 an
3409 878 55 20 anti-

2929 904 68 26 eeptie
3006 905 42 20 and
3058 906 121 21 stimulant.

2928 937 127 26 Veterinary
3070 939 37 20 Oil
3116 940 43 20 and
3169 940 111 21 Ointment
3289 941 34 20 for
3332 941 37 21 the
3378 943 87 20 stables.

2957 971 30 20 Be
2996 977 49 14 sure
3054 978 42 19 you
3106 972 109 21 Purchase
3229 974 39 20 the
3278 974 104 26 Platypus
3399 975 68 20 brand

2929 1003 50 25 only
2989 1003 22 20 of
3019 1003 29 20 all
3057 1004 114 25 Chemists,
3176 1005 87 21 Grocers
3270 1005 43 21 and
3320 1005 146 27 Storekeepers

2929 1034 44 20 and
2987 1036 22 18 at
3023 1035 36 20 the
3070 1036 86 26 Office_9
3165 1037 114 20 Cathedral
3289 1043 76 19 square
3374 1038 93 20 between

2929 1065 101 21 Morten's
3044 1066 113 27 Buildings
3164 1068 42 21 and
3217 1069 37 20 the
3263 1070 51 19 Post
3324 1069 70 22 Office.

3095 1101 87 21 Oxford
3193 1102 79 27 Agent

2984 1136 27 21 E.
3021 1136 30 21 H.
3065 1137 119 26 PAEISH,
3208 1139 77 20 EAST
3299 1140 120 21 OXFORD

3011 1174 142 27 Eucalyptus
3163 1176 38 19 Oil
3215 1176 30 27 1/-
3258 1183 42 20 per
3308 1177 77 21 bottle.

3037 1468 213 30 Established
3276 1471 78 28 1862

2983 1531 124 31 FLOUR,
3119 1533 56 25 best
3186 1534 80 25 brand
3277 1535 60 32 only
3348 1535 67 33 kept.

2935 1574 144 31 SHARPS,
3116 1577 207 31 OATMEAL,
3358 1579 112 26 BRAN

3024 1618 293 32 CHICEENWHEAT,
3335 1623 42 24 &c.

2989 1660 21 20 A
3037 1661 126 22 LOWEST
3191 1663 143 22 CUEEEKT
3369 1665 98 21 BATES

3026 1781 119 40 FRED
3188 1783 188 41 PULLER.

2991 1837 5 13 :
3123 1837 163 25 SOLICITOE.

2975 1878 14 20 9
2998 1877 124 21 Cathedral
3132 1878 93 27 Square,
3240 1880 189 21 Chhisichuech.

2936 1911 116 27 (Between
3061 1912 110 21 Morten's
3180 1913 117 27 buildings
3307 1914 18 20 &
3335 1915 55 21 Post
3397 1915 66 22 Office

2975 1987 188 57 Money
3191 1990 54 43 to
3281 1990 141 45 Lend
3444 2010 52 32 j,

2934 2060 30 13 on
2973 2053 33 20 all
3014 2053 58 20 kind
3081 2053 25 20 of
3116 2053 113 28 Security,
3237 2055 26 20 at
3282 2055 56 21 Low
3352 2057 77 20 Bates
3446 2057 25 20 of

2961 2096 108 21 Interest.
3098 2096 89 27 Special
3200 2098 78 21 Terms
3288 2098 34 21 for
3331 2099 108 21 Farmers.

2983 2226 45 56 S.
3062 2227 50 47 B.
3135 2227 360 67 SEYMO_fE,_

3133 2286 146 38 DENTIST^
3298 2291 9 3 ~
3347 2279 29 36 T
3387 2310 3 4 .

2975 2339 41 22 215
3032 2338 105 21 Colombo
3152 2338 82 24 Street,
3257 2338 165 21 Christchurch.

3103 2411 178 21 CHAEGES:—

3001 2451 94 26 Filling,
3110 2451 39 24 sh;
3185 2451 131 21 Extraction
3324 2453 25 19 2s
3363 2451 36 21 6d.

2959 2514 96 20 Nitrous
3066 2514 61 20 Oxid
3136 2514 46 20 Gas
3192 2515 167 21 Administered
3364 2515 37 21 for
3407 2515 60 20 Pain

2932 2554 46 21 less
2987 2554 135 21 Extraction
3131 2555 25 20 of
3164 2555 80 21 Teeth.
3277 2556 45 20 Fee
3331 2555 35 21 for
3375 2555 92 21 Admin-

2932 2592 111 21 istration
3053 2594 31 20 ss.

3022 2712 54 46 F.
3108 2712 49 46 B.
3180 2711 188 57 LAffE.
3397 2703 99 61 **%

3039 2793 91 40 (Late
3143 2794 40 29 E.
3203 2794 159 39 Butcher.)

2933 2851 252 36 Watchmaker,
3215 2853 181 34 Jeweller,
3413 2852 52 30 &c.

2932 2901 124 32 Importer
3090 2902 27 24 of
3156 2901 108 25 Musical
3299 2902 177 24 Instruments:

3032 2939 111 25 Victoria
3165 2939 38 25 St.
3233 2940 133 31 Rangiora.

2935 3016 99 32 Special
3044 3018 71 24 value
3137 3017 29 24 m
3188 3016 80 25 Extra
3291 3018 86 30 strong
3389 3016 76 25 Cased

2931 3060 89 30 highly
3028 3059 109 24 finished
3150 3059 110 31 English
3277 3059 80 24 Lever
3366 3058 101 26 Watch-

2933 3110 34 16 es.
3013 3102 191 24 Manufactured
3222 3103 27 23 to
3271 3110 43 23 my
3342 3102 71 24 order
3434 3102 33 31 by

2933 3142 54 25 best
2999 3142 104 25 London
3122 3142 107 25 makers.
3263 3142 157 32 Unequalled
3427 3142 39 26 for

2933 3186 122 25 excellent
3068 3186 178 32 Timekeeping
3262 3187 50 24 and
3323 3187 142 36 durability.

2966 3229 35 27 F..
3013 3229 31 24 B.
3057 3229 97 24 LANE
3166 3229 141 31 personally
3328 3230 71 24 visits
3419 3230 48 25 Ox-

2933 3272 54 24 ford
3008 3272 123 31 monthly,
3156 3272 114 31 carrying
3290 3281 15 15 a
3327 3272 68 32 large
3417 3274 74 31 and-^

2933 3315 85 25 choice
3052 3315 70 30 stbqk
3150 3314 27 26 of
3208 3316 143 28 Watches,'
3361 3312 128 37 X3lialn^|r

2933 3357 134 29 Brooches,
3077 3359 87 30 Rings,
3177 3357 84 29 Studs,
3268 3356 15 27 '
3283 3356 124 27 Pendants
3419 3362 46 26 etc,

2935 3401 141 31 Spectacles
3098 3400 123 33 (Pebbles,
3237 3401 167 27 Pantoscop&c
3416 3403 63 24 and*

2934 3444 108 32 Crystal)
3055 3444 95 28 Clocks,
3170 3444 107 32 (Marble
3297 3444 50 24 and
3366 3430 130 54 Wood,]^

3032 3486 157 24 Accordeons
3200 3486 51 24 and
3261 3486 106 26 Violins.
3464 3493 27 20 T

2967 3549 81 27 Exact
3060 3549 58 26 date
3130 3549 27 26 of
3167 3550 62 26 each
3240 3549 60 27 visit
3321 3550 23 26 is
3356 3550 102 27 notified

3082 3595 28 23 m
3386 3607 6 2 -
3405 3613 23 4 --
3428 3610 21 7 —
3449 3608 30 9 —
3479 3605 17 8 —

2934 3638 115 25 Repaibs.
3051 3653 32 4 —
3085 3637 42 26 All
3137 3639 95 30 repairs
3249 3646 42 18 are
3309 3640 118 25 executed
3437 3639 31 32 by

2933 3680 92 32 myself
3046 3688 28 17 or
3090 3681 81 23 under
3187 3688 43 24 my
3239 3682 232 30 .superintendence

2935 3731 27 18 so
2983 3724 57 25 that
3059 3725 103 31 patrons
3174 3731 47 18 can
3244 3726 52 32 rely
3318 3726 33 25 oh
3373 3727 98 31 getting

2935 3767 155 25 satisfaction
3098 3769 28 24 at
3136 3767 45 25 the
3192 3777 59 24 very
3262 3768 87 27 lowest
3357 3770 112 32 charges.

2968 3811 104 32 Repairs
3084 3820 28 17 or
3121 3811 84 27 orders
3213 3815 59 30 may
3283 3813 31 25 be
3322 3813 45 26 left
3378 3815 26 24 at
3405 3829 33 3 —

2934 3860 27 25 J.
2979 3860 134 30 Weeber's,
3148 3860 67 26 East
3237 3861 100 25 Oxford.
3394 3885 5 3 .

2935 3905 26 23 at
2983 3903 42 25 W.
3048 3904 36 24 M.
3102 3900 45 31 C,
3170 3904 66 26 East
3259 3905 107 29 Oxlprd..

2935 3946 24 26 J.
2976 3946 101 32 Brown,
3090 3947 161 31 Bootmaker,
3275 3948 71 26 West
3370 3949 99 28 Oxford.

2935 3990 41 25 W.
2989 3990 25 25 J.
3027 3991 147 25 Crothers&
3187 3992 63 30 Cp.^
3261 3992 77 29 .Gust,
3346 4004 23 13 -..
3370 3992 22 14 ■'-'■
3401 3988 28 13 '~

2937 4059 4 3 .
2968 4032 50 25 and
3034 4031 91 37 willl>§
3135 4034 127 32 promptly
3272 4036 122 34 attended;
3401 4038 36 23 to.
3477 4029 19 31 •/

2928 4076 62 36 ,-A.U
2997 4077 104 37 $Tork
3112 4078 78 36 dpne
3201 4089 41 21 on
3255 4079 54 31 tHe
3314 4079 156 35 Tremises
3481 4101 3 5 ■

3136 4132 199 43 guaranteed.
3383 4130 4 3 '
3410 4133 5 3 '
3443 4150 17 13 .••

2387 182 118 42 HELP
2520 179 83 45 FOR
2619 182 87 42 THE
2729 182 149 44 WEAK.

2362 289 181 30 MERVpUS
2543 306 12 17 L
2564 291 74 38 A||
2653 294 246 34 DEBILITATED,

2364 321 33 30 li
2422 322 64 29 who;
2497 320 116 39 through^
2619 325 63 33 folly,
2699 325 200 38 and/ignorance,

2363 354 65 27 have
2440 355 85 26 trifled'
2531 365 70 24 away
2613 356 64 30 their
2685 360 90 32 vigour
2791 360 27 37 of
2827 363 73 33 body,

2364 388 77 28 mind,
2454 389 51 25 and
2515 390 136 32 manhppd,
2662 395 104 33 causing
2782 396 116 27 exhaust-

2362 421 46 31 ing
2423 421 84 27 drains
2519 431 66 26 uppn
2597 426 44 24 the
2663 427 127 27 fountains
2812 431 26 24 of
2848 431 50 30 life,

2364 453 63 25 Loss
2434 455 27 24 of
2470 456 102 33 Energy
2580 459 49 24 and
2639 461 127 31 Strength,
2780 463 120 33 Timidity

2364 486 165 27 Bashfulness
2562 490 28 24 m
2609 510 3 3 .
2626 492 106 33 Society,
2756 496 142 30 Headache,

2365 517 135 32 Backache,
2520 522 178 32 Nervousness,
2722 527 136 26 Weakness
2875 529 28 25 of

2366 551 120 33 Memory,
2498 554 110 27 Restless
2619 557 81 32 Sleep,
2710 560 115 30 Dreams,
2835 562 65 25 Loss

2366 584 73 25 Flesh
2453 586 50 24 and
2515 587 68 27 Vital
2602 589 92 30 Powc,
2717 593 138 32 Eruptions
2867 603 31 18 on

2366 617 42 25 the
2417 617 62 26 Faco
2491 621 49 24 acd
2552 621 79 33 Body,
2645 624 75 25 Want
2743 628 28 24 of
2779 628 120 33 Develop-

2364 654 78 25 ment,
2463 652 117 27 Varicose
2595 655 83 30 Veins,
2701 658 144 34 Incapacity
2862 662 38 25 for

2365 683 111 25 business
2488 692 28 17 or
2524 687 122 31 pleasure,
2660 689 104 34 Urinary
2773 692 125 31 Diseases,

2364 715 51 23 and
2432 716 35 24 all
2490 718 43 24 the
2555 720 85 24 effects
2662 723 100 32 leading
2783 729 26 21 to
2832 727 66 30 eariy

2364 746 84 32 decay,
2472 750 106 32 perhaps
2600 753 182 33 Consumption
2806 766 29 16 or
2857 759 41 24 In-

2364 780 91 30 sanity,
2468 790 46 17 can
2540 783 28 25 be
2580 786 115 25 obtained
2707 788 31 31 by
2759 791 140 32 consqlting

2364 814 139 33 personally
2521 824 14 17 C
2536 825 12 15 r
2557 817 30 32 by
2601 821 61 28 Dost,
2699 821 92 26 FREE
2801 812 98 37 PRo*°

2364 845 177 33 NOTMANN,
2572 844 202 41 M:E.,E.M.G.,
2827 857 71 25 Cam-

2365 878 84 32 bridge
2461 881 110 31 Terrace,
2595 887 112 29 opposite
2730 888 118 27 Colombo
2862 891 37 24 St.

2365 911 99 32 Bridge,
2494 914 188 29 Christchurch,
2745 920 54 26 The
2813 930 7 6 -
2842 923 59 30 only

2364 944 227 28 Electrobotanicat
2620 950 96 33 Expert
2750 955 152 33 advertising

2365 976 54 24 who
2431 978 50 24 will
2493 983 136 26 guarantee
2646 991 16 16 a
2679 984 125 35 thorough
2832 996 67 17 cure.

2366 1009 58 25 Sole
2439 1013 137 29 proprieior
2603 1016 50 24 and
2669 1020 115 28 patentee
2813 1021 27 24 of
2858 1022 42 24 the

2364 1042 60 31 only
2446 1047 149 28 guaranteed
2618 1048 110 27 Electric
2750 1052 71 26 Belts
2852 1055 50 23 and

2366 1075 71 24 other
2449 1078 89 30 special
2562 1080 124 27 electrical
2709 1085 142 31 appliances
2874 1087 28 25 m

2366 1108 42 23 the
2416 1109 115 25 colonies.
2566 1111 100 28 Ladies'
2678 1116 96 25 French
2787 1118 114 26 herbace-

2366 1148 43 16 ous
2420 1142 59 29 pills
2498 1143 39 24 for
2565 1144 177 33 irregularities
2764 1151 65 25 from
2853 1160 49 23 any

2365 1181 81 22 cause,
2472 1177 43 23 10s
2538 1179 94 27 posted.
2667 1181 146 32 Pamphlets
2841 1185 61 25 free.

2366 1206 205 28 Testimonial:—
2573 1211 98 31 Napier,
2682 1214 97 31 August
2787 1218 45 24 7fch
2838 1219 64 23 1895

2366 1238 66 24 Prof.
2443 1240 168 26 Notmann-.—
2611 1245 68 24 Dear
2689 1247 80 29 Sir,—
2772 1249 14 23 l
2794 1251 109 24 receivtd

2366 1278 60 23 your
2432 1271 74 27 letter
2514 1275 50 24 iast
2576 1277 75 29 week,
2670 1280 50 23 and
2731 1280 14 23 I
2762 1289 41 16 am
2812 1282 90 25 thank-

2366 1303 37 24 ful
2426 1306 25 23 to
2474 1306 53 25 find
2549 1315 50 24 you
2611 1318 42 16 are
2664 1312 104 26 anxious
2787 1316 25 23 to
2833 1315 69 26 know

2367 1337 42 24 the
2421 1337 107 27 benefits
2545 1341 13 23 I
2570 1341 64 26 have
2646 1345 99 25 derived
2764 1348 61 24 from
2842 1358 62 22 your

2367 1371 141 26 treatment,
2546 1374 48 30 bir,
2622 1376 22 24 it
2671 1378 67 31 gives
2766 1388 42 17 me
2836 1385 68 28 great

2367 1403 114 30 pleasure
2493 1406 26 24 to
2529 1405 93 27 inform
2633 1417 49 23 you
2691 1411 56 25 that
2757 1421 14 16 a
2783 1416 121 29 complete

2368 1436 50 23 and
2428 1437 94 31 perfect
2533 1447 59 18 cure
2602 1441 51 26 has.
2669 1443 62 26 been
2754 1446 102 27 effected
2879 1450 26 23 of

2369 1469 42 24 the
2423 1471 116 25 maladies
2550 1473 15 23 I
2583 1477 158 29 complained
2761 1480 26 24 of
2797 1482 26 22 to
2846 1489 57 23 you.

2368 1501 13 24 I
2393 1510 41 15 am
2446 1505 116 31 enjoying
2572 1508 64 29 good
2653 1509 92 30 health,
2759 1513 48 23 and
2818 1521 42 17 am
2869 1523 35 15 re-

2369 1534 82 26 stored
2472 1538 24 23 to
2517 1539 86 32 manly
2625 1541 96 31 vigour.
2755 1545 93 25 P.S.—
2849 1547 56 32 Any

2369 1567 102 26 sufferer
2479 1570 111 27 desirous
2598 1573 27 25 of
2629 1578 211 32 communicating
2844 1580 61 25 with

2368 1607 41 16 me
2417 1609 49 22 you
2478 1611 42 15 are
2531 1606 27 22 at
2575 1605 89 33 liberty
2687 1610 26 22 to
2733 1612 55 28 give
2808 1620 42 22 my
2862 1613 41 24 ad-

2369 1635 75 27 dress,
2457 1634 37 25 for
2505 1635 14 24 I
2535 1637 48 24 like
2594 1646 61 23 your
2671 1642 119 29 practical
2802 1645 103 25 method

2369 1665 25 24 of
2406 1666 176 27 treatment.—
2584 1670 29 26 T.
2628 1672 28 24 C.
2670 1674 116 26 Simpson.

2567 1938 139 23 LIMITED.

2398 1992 271 31 CHRISTCHURCH
2688 1999 185 30 BREWERY.

2597 2056 63 21 THE

2515 2095 229 38 -A.LJES

2501 2137 131 23 BEEWED
2642 2141 41 21 BY
2696 2143 72 22 THIS

2456 2178 371 41 COMPANY

2550 2234 85 23 FEOM
2645 2237 63 21 THE

2366 2285 224 42 vwwmr
2606 2290 297 46 wflir§m?B

2481 2340 46 21 Are
2536 2341 175 28 acknowledged
2720 2345 25 20 to
2754 2345 29 21 be

2364 2376 149 23 SUPERIOR
2522 2379 36 21 IN
2568 2380 138 22 QUALITY
2715 2383 39 21 TO
2761 2384 66 21 ANY
2832 2379 70 27 PRO-

2432 2417 102 22 DUCED
2548 2420 35 21 IN
2597 2421 75 21 NEW
2685 2423 151 22 ZEALAND.

2392 2455 109 27 Supplied
2506 2458 25 20 to
2535 2458 81 21 Hotels
2623 2460 47 20 and
2676 2460 93 22 Private
2776 2462 127 22 Customers

2364 2482 24 19 m
2397 2482 144 26 Hogsheads,
2552 2486 99 26 Barrels,
2663 2488 140 25 Kilderkins,
2813 2490 45 19 and
2869 2491 34 19 10-

2363 2509 90 25 --gallons
2463 2510 63 26 Kegs
2535 2512 61 26 only.

2365 2561 118 43 PALE
2506 2562 91 44 ALE
2620 2566 95 42 AND
2747 2568 158 43 EXTRA

2559 2615 135 44 STOUT

2449 2666 93 22 Bottled
2564 2668 26 20 m
2599 2669 85 25 Quarts
2694 2670 47 20 and
2749 2671 72 20 Pints.

2366 3125 253 48 JOSEPH
2662 3128 241 49 LOUGH.

2512 3204 247 27 UNDERTAKER.

2481 3247 109 30 EAST
2615 3249 185 32 OXFORD.

2401 3296 104 34 Having
2511 3298 53 32 just
2572 3298 124 33 imported
2705 3300 64 25 from
2776 3302 127 31 England.,

2367 3348 56 17 new
2445 3341 117 32 Designs,
2597 3350 54 18 new
2681 3344 151 32 Trimmings
2856 3346 49 24 and

2368 3382 88 32 Robes,
2469 3385 23 24 is
2500 3385 119 31 prepared
2630 3387 27 24 to
2666 3387 107 25 conduct
2782 3387 123 26 Funerals

2368 3423 97 30 Adults,
2485 3426 26 23 at
2524 3425 47 25 £5.
2585 3426 50 24 and
2646 3427 123 30 upwards,
2793 3428 116 31 polished

2367 3465 82 30 coffin,
2472 3467 50 24 and
2553 3467 196 28 silvermounted
2770 3470 135 26 Furniture

2368 3508 77 25 From
2458 3509 47 24 £8.
2524 3511 132 31 according
2667 3513 26 23 to
2715 3512 117 32 Designs.
2867 3513 38 25 No

2368 3552 69 25 extra
2449 3553 89 32 charge
2549 3554 39 25 for
2601 3555 96 25 Hearse
2720 3564 29 17 or
2767 3564 64 25 open
2848 3556 54 26 Car-

2366 3595 76 32 riage.

2400 3638 32 24 N.
2462 3639 31 25 B.
2523 3640 93 25 Coffins
2639 3641 59 31 kept
2719 3642 28 24 m
2776 3643 70 25 stock
2868 3643 38 25 for

2366 3698 93 28 urgent
2477 3705 78 18 cases.
2790 3707 3 2 ■
2811 3707 5 17 i
2857 3707 5 17 :

2395 3813 176 47 W..H.
2599 3818 280 47 ALFORD

2369 3910 247 41 WATCHMAKER.
2652 3914 177 40 JEWELLER
2861 3918 46 31 &c

2444 3982 89 26 MAIN
2547 3984 136 26 STREET
2701 3986 140 27 OXFORD

2363 4320 3 17 i
2378 4331 10 8 -.
2397 4316 21 22 .'..
2441 4333 3 2 -
2446 4323 7 9 1
2453 4330 4 2 ;
2467 4321 25 18 .
2508 4333 9 6 ■.
2540 4324 54 15 -'.:"
2615 4322 19 18 ■.»•
2662 4339 1 1 .
2671 4318 10 19 -'.
2711 4321 34 16 v■
2763 4319 6 13 ■'
2792 4328 18 13 ,=•
2827 4321 45 21 ;~-

2362 4342 54 60 TO
2432 4342 123 33 purchase
2571 4351 17 17 a
2611 4343 66 35 farm
2702 4345 29 25 m
2747 4345 45 27 the
2809 4347 96 30 Oxford

2411 4375 113 26 District.
2559 4375 116 27 Forward
2691 4377 68 33 price
2779 4380 51 26 and
2848 4389 56 25 par-

2364 4413 102 26 ticulars
2482 4415 27 24 to
2536 4413 45 26 the
2706 4415 4 13 ;
2765 4417 5 20 i
2829 4427 15 6 -

2384 4467 156 37 OFFICE
2555 4460 54 43 6P
2621 4471 103 35 THIS
2738 4475 146 35 PAPER

607 165 106 25 WHAT
732 167 38 24 IS
790 168 73 24 THE
879 168 97 27 ASS'S
992 170 88 24 IDEA
1100 171 47 25 OF

780 209 182 28 FREEDOM.

640 273 26 26 It
678 280 55 25 may
745 281 75 18 mean
830 275 100 35 liberty^
939 277 38 25 for
988 285 72 25 every
1071 285 61 18 man

605 315 27 23 to
645 313 67 26 work
723 313 39 25 his
771 315 150 31 employee's
934 318 30 23 12
982 317 76 24 hours
1069 325 14 15 a
1095 317 48 31 day

605 350 28 26 m
649 358 33 18 an
694 351 138 32 insanitary
848 352 140 33 workshop,
998 362 44 18 -or.
1054 353 87 33 liberty

605 392 27 24 to
654 392 63 25 start
740 391 135 34 swindling
898 394 152 32 companies,
1068 401 28 18 or
1116 396 27 23 to

605 438 48 25 pay
664 432 117 25 sweaters
797 440 87 24 wages,
903 441 28 17 or
942 435 27 24 to
980 434 31 25 be
1027 434 119 32 poisoned

606 470 32 29 by
650 469 170 30 unspeakable
831 479 69 22 grog,
919 479 29 16 or
957 473 28 23 to
993 472 91 30 charge
1095 473 50 24 250

607 514 44 23 per
661 508 65 27 cenfc,
747 514 27 15 or
795 508 26 23 to
833 507 63 25 have
917 515 64 24 open
1004 509 85 24 drains

606 543 39 26 his
656 544 129 32 premises,
793 553 33 18 .or
837 546 26 23 to
876 546 46 24 sell
945 546 104 32 typhoid
1061 555 84 23 germs

607 583 27 26 m
641 584 40 25 his
694 583 70 29 milk,
777 592 29 17 or
818 593 48 23 any
877 585 73 25 other
967 586 58 24 kind
1038 586 27 25 of
1072 586 73 25 liber-

608 624 34 29 ty.
696 621 82 26 There
806 631 42 16 are
876 623 69 31 quite
970 632 26 17 as
1009 632 75 24 many
1097 625 48 24 bad

607 659 115 25 varieties
734 659 28 24 of
771 659 107 26 freedom
899 669 27 15 as
938 662 64 30 good
1014 670 59 16 onas
1082 670 7 21 ;
1102 663 43 23 the

607 698 68 24 word
687 697 93 24 sounds
801 698 69 31 large
882 698 51 24 and
950 699 130 30 beautiful,
1100 700 45 24 but

606 739 21 25 it
639 739 52 26 isnt
703 747 14 16 a
731 738 73 33 rhing
823 741 26 23 to
869 739 31 25 be
923 741 74 25 taken
1013 749 33 17 on
1070 743 74 24 trust.

608 779 140 25 Whenever
759 779 111 25 freedom
882 779 22 25 is
916 780 126 25 conferred
1054 789 30 16 on
1098 789 48 17 one

606 819 136 25 individual
770 819 21 25 it
832 828 83 16 means
943 820 141 25 restriction
1114 830 31 16 on

607 858 112 24 another.

648 1016 474 56 HOLBROOK

835 1102 70 22 AND

621 1149 472 56 VALLANOE

701 1319 123 23 TIMBER
850 1318 197 24 MERCHANTS

667 1359 203 33 COOPER'S
924 1359 156 30 CREEK.

708 1417 144 36 VIEW
896 1417 140 39 HILL,

604 1502 85 60 BEG
713 1505 26 21 to
759 1502 114 24 intimate
893 1502 26 22 to
948 1500 44 24 the
1014 1498 83 31 public
1121 1499 26 25 of

656 1535 93 26 Oxford
764 1535 50 24 and
832 1533 168 31 surrounding
1017 1531 126 31 Districts,

605 1570 55 25 that
672 1576 36 18 we
728 1568 64 24 have
816 1566 159 26 commenced
986 1565 119 25 Business
1118 1573 27 17 as

605 1601 166 27 saw-millers,
797 1600 51 23 and
869 1599 64 30 hope
956 1599 32 29 by
1014 1598 72 24 strict
1104 1600 38 22 at-

605 1635 96 24 tention
710 1635 26 22 to
748 1632 117 24 Business
881 1634 26 21 to
919 1630 30 25 be
960 1630 115 25 favoured
1084 1630 61 25 with

605 1668 63 25 their
696 1667 109 30 support.
853 1664 84 25 White
961 1663 66 32 pine,
1051 1663 92 29 .Rimu,

605 1701 74 25 Birch
691 1699 50 25 and
754 1698 59 25 Coal
835 1698 38 31 pit
884 1704 73 25 props
969 1696 28 25 m
1006 1703 50 24 any
1067 1703 77 25 quan-

606 1735 55 32 tity.

735 1877 34 30 T.
794 1875 211 32 PICKARD.

681 1933 77 21 BOOT
771 1931 64 21 AND
855 1931 78 23 SHOT!
950 1929 117 25 MAKER,

665 1971 2 11 ;
752 1976 76 21 EAST
870 1975 120 23 OXFORD

600 2015 110 56 BEGS
722 2018 26 22 to
761 2020 86 21 return
870 2016 42 25 his
936 2017 96 24 sincere
1056 2015 92 25 thanks

656 2052 26 20 to
705 2048 44 24 the
769 2049 157 23 inhabitants
943 2049 28 24 of
1004 2048 141 24 OXFORD

601 2081 49 24 and
662 2081 163 25 DISTRICT
845 2082 67 23 since
925 2082 30 23 he
968 2082 104 27 started,
1098 2081 50 23 and

602 2114 59 31 begg
680 2115 27 23 to
727 2114 94 24 inform
834 2114 71 25 them
927 2114 32 25 he
971 2114 47 25 has
1030 2113 118 26 removed

602 2149 26 22 to
640 2155 69 17 more
718 2148 170 24 commodious
901 2148 121 30 premises
1035 2147 112 31 opposite

602 2179 42 25 the
657 2179 69 25 W.M
738 2180 38 28 C,
801 2180 49 24 and
870 2180 79 29 hopes
969 2180 33 31 by
1016 2180 73 24 strict
1110 2180 36 24 at-

602 2213 98 24 tention
717 2215 27 22 to
770 2212 115 25 bnsiness
910 2215 25 22 to
959 2214 67 23 meet
1051 2212 63 25 with
1133 2220 14 16 a

602 2246 165 25 continuance
779 2246 27 26 of
818 2246 66 26 their
895 2248 113 30 support.

637 2291 79 25 Boots
740 2290 78 26 Hand
831 2291 109 25 stitched
961 2299 27 17 or
1005 2290 96 32 pegged
1119 2291 27 24 to

604 2324 80 24 order.
721 2324 105 31 Repairs
846 2324 86 32 neatly
952 2324 49 25 and
1015 2323 128 32 promptly

602 2356 117 28 xecuted,

717 2403 35 30 T.
774 2403 199 31 PICKARD.

841 2457 63 24 East
922 2456 102 25 Oxford.

605 2604 175 30 OXFORD
824 2603 189 31 LIBRARY
1055 2603 89 31 AND

696 2644 199 30 READING
915 2644 133 31 ROOM.

603 2726 54 25 The
686 2725 94 25 Oxford
806 2725 106 32 Library
940 2726 22 24 is
989 2733 63 24 open
1075 2733 70 25 every

604 2769 114 32 Tuesday
729 2768 51 25 and
801 2768 123 32 Saturday
954 2768 96 33 nights,
1079 2769 66 25 from

605 2815 140 29 fr3op.ni.,
767 2813 25 24 to
814 2814 14 23 8
840 2820 72 23 p.m.,
936 2813 51 24 and
1017 2820 34 17 on
1074 2820 71 25 every

604 2855 120 25 alternate
736 2854 132 33 Thursday
893 2855 139 29 afternoon,
1064 2855 80 32 (Sale-

604 2898 71 34 days)
698 2897 65 26 from
776 2899 61 24 230
848 2905 65 24 p.m..
930 2900 26 23 to
969 2899 14 24 5
995 2906 60 23 p.m.
1093 2898 52 25 The

797 2936 24 22 L.
839 2935 127 33 EEEVES,

893 2957 73 31 Hon'
976 2963 136 25 Librarian

658 3008 181 24 SOBSCRIPXION
852 3006 38 25 21-
903 3014 50 17 PER
972 3007 121 29 QUARTER

721 3133 317 46 WANTED.

606 3222 183 61 WANTED,
828 3224 26 22 to
879 3222 57 31 buy,
967 3230 68 17 some
1063 3230 84 24 young

678 3257 109 24 roosters

724 3316 80 33 Apply
820 3318 26 23 to
874 3316 49 25 this
948 3316 79 25 offics.

604 3527 545 70 TnULL-Sl^B'^^^pfli-WOOL'

802 3604 139 46 I&SITE
1067 3640 3 3 •
1115 3643 4 4 •

629 3694 212 51 KAIAPOI
865 3694 252 52 BLMKETS

704 3782 83 45 19s
818 3783 61 44 6d
920 3783 133 44 Pair.
1076 3777 9 28 J

648 3911 74 22 BEST
736 3911 104 21 VALUE
858 3912 83 22 EVER
954 3911 136 22 OFFERED

646 3955 48 33 R.
741 3954 56 34 H.
842 3954 262 38 PARISH,

733 4007 104 32 Easfc
861 4001 160 37 Oxford

637 4297 40 30 •■';■
708 4320 2 2 .
788 4289 152 37 wiTHQfri?
986 4293 37 15 °!
1044 4289 3 6 '

659 4329 213 56 BUEaiAt
898 4331 249 61 O^RATK)N

641 4412 52 26 For
703 4410 102 33 further
816 4410 155 32 particularß
970 4436 4 6 :
985 4410 75 32 apply
1076 4414 23 21 to
1111 4409 37 26 the

659 4457 134 36 OFFICE,
808 4445 46 50 6^
883 4460 84 27 THIS
989 4443 124 54 PAPpi.

1264 179 117 91 It.
1465 186 142 115 H,
1653 186 523 115 PARISH

1452 321 201 66 EAST
1698 334 328 63 OXFORD

1486 443 42 31 IS
1564 445 101 32 NOW
1686 448 48 32 IN
1756 450 187 34 RECEIPT
1965 454 55 30 OF

1385 519 42 26 Ex
1444 521 116 27 AOTEA
1578 524 72 25 AND
1663 525 119 28 OTHER
1794 528 130 28 DIRECT
1937 531 186 27 STEAMERS

1409 594 273 48 SUMMER
1703 599 241 49 SEASON
1975 603 127 48 1897.

1591 694 100 32 THIS
1714 695 203 33 SEASON'S

1179 787 523 97 PRINTS!
1790 796 543 94 PRINTS!!

1404 955 161 85 3d.
1622 985 186 83 per
1848 964 266 109 yard.

1255 1121 589 117 Ginghams,-
1914 1134 339 100 Drills,

1179 1274 350 91 Ladies
1565 1281 312 92 Black
1927 1287 408 89 Jackets

1216 1427 151 87 for
1409 1431 113 86 5s
1565 1437 128 85 9d
1770 1441 309 87 worth
2121 1446 167 85 20s

1178 1582 351 90 Ladies
1602 1591 382 90 Corsets
2032 1600 122 84 Is.
2182 1601 150 84 9d.

1358 1812 339 52 ENORMOUS
1757 1821 391 48 REDUCTIONS

1180 1909 432 116 Kaiapoi
1658 1917 354 93 Tweed
2071 1925 264 88 Suits

1190 2043 87 89 R
1306 2048 367 87 educed
1719 2057 101 80 to
1867 2056 173 86 21s
2126 2060 163 85 6d.

1451 2188 330 86 worth
1865 2192 193 87 30so

1179 2315 234 88 This
1452 2316 271 90 beats
1762 2323 187 87 the'
1974 2329 354 86 travel-

1404 2432 222 112 ling
1673 2434 445 115 Drapers.

1406 2575 281 12 U4im*444AtAAl4**A
1688 2579 296 20 tMfttMtHMtMMM|)

1173 2620 81 24 rTHE
1273 2619 116 32 question
1399 2620 23 24 is
1592 2621 67 31 Why
1671 2623 60 24 send
1746 2625 27 23 to
1785 2624 178 27 Christchurch
1983 2628 39 25 for
2038 2638 63 22 your
2118 2631 111 31 Drapery
2237 2635 12 23 ?
2283 2635 53 25 The

1180 2650 20 26 1
1237 2652 103 31 drapery
1352 2652 54 24 sold
1415 2652 26 24 m
1450 2652 57 25 that
1518 2653 51 32 city
1580 2662 73 23 every
1665 2663 45 17 one
1723 2657 94 29 knows,
1830 2658 22 25 is
1864 2660 45 24 not
1919 2660 73 25 made
2004 2662 77 29 there,
2100 2662 45 27 but
2156 2665 122 28 imported
2321 2670 15 23 I

1173 2686 93 31 import
1277 2685 65 25 from
1354 2684 43 25 the
1409 2684 53 25 best
1474 2685 108 32 English
1594 2687 50 25 and
1662 2687 88 27 Scotch
1762 2690 100 26 houses.
1909 2692 14 24 I
1938 2693 43 25 airi
1992 2694 106 25 enabled
2109 2697 26 24 to
2146 2700 123 28 purchase
2281 2686 54 42 'low

1175 2719 50 25 and
1234 2718 46 26 sell
1291 2720 27 24 at
1327 2726 15 17 a
1353 2720 54 24 rate
1418 2718 27 24 of
1453 2718 75 31 profit
1542 2719 53 33 (my
1606 2728 120 24 expenses
1738 2722 72 32 being
1822 2725 82 32 small)
1916 2726 58 25 that
1985 2728 82 24 would
2079 2728 30 26 be
2128 2733 145 26 considered
2293 2736 32 23 ab

1175 2752 58 25 surd
1244 2752 33 32 by
1293 2759 49 25 any
1362 2751 180 26 Christchurch
1565 2753 200 27 establishment.
1818 2757 45 33 My
1884 2758 77 26 Stock
1980 2759 21 25 is
2020 2761 44 25 the
2083 2761 95 33 largest
2196 2766 51 26 and
2269 2771 68 23 most

1173 2786 85 25 varied
1277 2785 58 25 that
1345 2785 45 24 has
1402 2792 57 17 ever
1469 2786 64 24 been
1543 2786 89 25 shown
1642 2787 28 24 m
1681 2789 43 24 the
1736 2789 104 31 district,
1853 2792 51 24 and
1914 2792 40 25 for
1964 2794 93 31 quality
2076 2796 49 25 and
2145 2798 72 26 value
2235 2803 58 24 puts
2310 2804 27 23 m

1173 2820 31 23 he
1216 2819 78 25 shade
1310 2818 79 32 goods
1400 2818 93 25 offered
1504 2818 33 32 by
1549 2819 104 33 visiting
1663 2821 117 26 hawkers
1794 2824 62 24 from
1868 2825 44 25 the
1930 2825 181 29 Christchurch
2123 2838 46 24 rag
2180 2836 88 22 marts.

1206 2872 94 25 Dress
1313 2871 164 31 Materials,
1491 2871 88 26 Plain
1590 2874 61 23 and
1661 2873 105 32 Fancy
1777 2875 80 25 from

1207 2929 27 26 A
1251 2929 111 29 Strong
1378 2929 88 26 Stout
1482 2929 133 25 Durable
1634 2930 127 32 Kaiapoi
1777 2932 114 26 Tweed
1907 2935 52 31 2/6
1971 2942 55 24 per
2037 2940 76 28 yard

1808 2975 108 27 Makes
1928 2979 156 27 first-class
2101 2982 92 33 Boys'
2211 2985 92 29 Suits.

1208 3023 57 25 Art
1282 3022 141 31 Muslins,
1442 3021 157 34 Gretones,
1618 3024 80 26 Lace
1717 3025 139 26 Curtains
1874 3027 55 25 &c.

1207 3088 26 30 A
1251 3088 110 26 Choice
1379 3087 168 26 Collection
1565 3089 34 24 of
1613 3088 121 33 Gloves,
1762 3090 77 33 Ties,
1870 3092 130 33 Aprons,
2030 3094 167 29 Insertions
2215 3099 54 26 &c.

1208 3149 103 26 Prints
1323 3150 80 25 from
1415 3150 52 25 4d.
1479 3156 56 25 per
1545 3151 86 31 yard.
1644 3151 140 33 Muslins,
1797 3152 140 34 Selesias,
1951 3154 126 35 Calicos,
2091 3158 55 27 &c.

1796 3196 88 26 With
1901 3199 88 23 other
2006 3200 194 28 Manchester
2216 3206 88 31 lines.

1208 3245 89 31 Hats,
1315 3245 104 31 Fancy
1437 3245 59 24 and
1513 3244 107 32 Sailor,
1639 3246 31 24 m
1687 3246 105 25 White
1809 3248 61 24 and
1887 3248 116 26 Colors.

1754 3290 127 26 Newest
1897 3292 124 32 Shapes.
2057 3294 96 32 Large
2171 3298 133 36 Variety,

1208 3340 149 30 Flowers,
1375 3339 155 31 Feathers,
1549 3340 149 31 Ribbons,
1717 3340 106 32 Laces,
1841 3342 76 31 Jets,
1937 3342 55 26 &c.

1683 3380 87 26 With
1787 3382 41 24 all
1844 3384 185 24 necessaries
2046 3385 49 25 for
2111 3386 193 33 Trimmings.

1207 3426 104 31 Fancy
1327 3426 140 30 Frillings
1486 3427 78 30 3yds
1575 3428 47 24 for
1632 3428 37 32 1/-
1686 3429 103 24 worth
1800 3429 50 31 9d,
1868 3435 56 25 per
1934 3433 84 27 yard,

1746 3471 182 32 Umbrellas,
1947 3473 151 33 Parasols,
2118 3476 185 35 Sunshades,

1495 3529 244 47 DOUBLE
1800 3532 215 45 WIDTH

1171 3614 303 95 press
1551 3615 398 87 Tweeds
2030 3619 103 84 Is
2201 3623 131 84 4d

1477 3747 332 88 worth
1881 3750 135 86 2s.

1256 3874 461 88 Costume
1781 3873 288 89 Cloth
2149 3883 127 83 Is.

1410 3996 321 91 worth
1771 4001 103 82 Is
1938 4000 162 87 6d.

1185 4157 7 7 •.
1218 4147 3 15 i
1234 4148 1 1 '
1529 4148 15 3 '~
1554 4155 2 1 ■
1590 4149 1 1 ■
1724 4150 2 2 ■
1739 4164 2 3 .
1772 4153 3 2 ■
1857 4148 5 8 •■
1968 4150 2 1 ■
2115 4156 3 2 -
2135 4156 1 2 ■
2316 4160 2 2 .
2328 4158 1 2 .

1168 4229 142 54 •English
1324 4234 129 52 Witne^
1460 4234 151 48 Blankets
1625 4242 34 27 to
1674 4240 38 34 be
1726 4240 71 31 sold)
1808 4245 34 27 at
1851 4242 61 31 less
1919 4245 79 28 than
2011 4242 188 43 Melbourne,
2206 4245 138 40 Whole-v

1171 4278 68 60 0p
1528 4290 69 32 Bed
1613 4289 79 36 Size;
1700 4293 71 30 :12s.
1794 4285 53 39 '6d.
1898 4294 103 31 worth
2017 4280 80 45 16sT
2123 4295 50 36 6d,
2194 4306 57 31 per
2265 4281 80 58 paij

1343 4328 131 42 cheaper
1487 4327 320 44 tban-Rhristchure|i
1820 4335 114 31 houses
1948 4330 66 36 wiU
2027 4335 59 31 seH

1222 4434 74 34 -Ri
1344 4436 81 35 H.
1473 4438 299 40 PARISH
1791 4442 4 41 ;
1837 4445 157 35 East
2029 4445 260 35 Oxford.

176 3753 117 30 Copies
314 3759 39 22 of
374 3758 62 22 the

89 3814 175 33 OXFORD
298 3812 222 32 OBSERVER

146 3880 47 17 can
216 3871 31 24 be
272 3869 119 25 obtained
411 3870 28 23 at

37 3916 178 29 CARGILL'S
227 3922 87 19 corner
337 3913 27 26 of
378 3912 137 27 CASHEL
527 3913 49 25 ana

138 3973 164 28 COLOMBO
322 3971 154 27 STREETS
502 3994 4 3 .
527 3995 3 2 .
562 3959 8 40 '.

131 4106 134 58 WR
342 4101 242 62 BAIM-'

174 4201 34 4 —
208 4201 13 3 ~
221 4199 35 5 —
256 4185 179 35 ■w-fes^f^"*'
436 4210 3 5 ■
453 4186 2 2 '
472 4184 3 3 '
490 4186 2 2 '
511 4184 41 23 "-•'"'■
562 4200 11 7 '-
574 4201 2 8 :
583 4209 1 5 '

38 4232 128 60 BACON
196 4212 258 57 and;^i^^P^isi
464 4214 120 41 ieas6n's'

99 4273 67 21 cure.*
183 4273 7 21 :
201 4255 243 49 brd^^i^^piSie
456 4268 25 21 a.
487 4260 93 33 special

39 4298 148 33 compqandi
225 4313 89 18 ■>■»%■-
313 4302 26 28 f
335 4292 45 38 I???-
394 4295 43 38 \.-...
450 4323 10 7 *
481 4316 4 15 ;

99 4375 44 46 J.
207 4358 313 63 PARLAiSTE

225 4457 103 33 East
371 4450 176 40 Oxford.
