3373 6184
101 251 143 40 climate,
261 249 64 34 and
341 249 55 34 the
412 246 196 36 obstructive
631 244 168 34 character
821 241 38 34 of

103 307 57 35 the
189 310 139 39 country
349 310 33 29 to
404 305 39 34 be
465 300 178 42 traveried,
672 297 183 40 combined,

103 362 109 38 woild
248 374 121 34 appear
399 366 33 30 to
462 361 83 34 have
579 370 35 24 so
650 361 105 42 upset,
793 354 64 35 and

103 420 132 35 marred
259 420 54 32 the
336 419 153 32 intended
513 418 94 32 effect
629 416 64 33 and
715 415 87 33 force
826 414 35 34 of

103 477 57 35 the
172 488 165 22 measure!
347 476 34 33 in
388 475 99 40 hand,
497 474 72 35 that
577 473 78 44 they
663 472 54 36 ftll
725 471 91 36 short
828 470 35 36 of

104 533 74 36 that
192 533 108 35 whieh
318 544 67 23 was
400 531 162 46 required,
585 530 64 35 and
666 542 45 29 »o,
728 530 55 33 the
806 530 32 33 in-

105 592 142 35 furiated
269 591 153 36 fanatical
450 590 117 34 horde#
595 589 118 44 surged
737 588 124 34 around

108 650 199 39 Khartoum,
345 649 64 44 day
445 648 64 35 and
545 646 95 45 night
672 646 48 35 for
756 644 106 36 weeki

108 707 161 43 together,
286 707 86 34 until
388 706 85 35 their
489 716 117 34 savage
621 703 63 35 and
697 703 165 45 deiperate

109 766 198 45 pertinacity
328 764 240 43 accomplished
596 763 55 33 the
675 762 55 33 fall
753 761 36 34 of
807 761 55 34 the

109 826 100 32 town.
262 821 140 36 General
426 820 143 40 Gerdon,
591 823 110 30 whose
723 817 140 45 bravery

108 880 36 33 in
160 879 88 35 tasks
263 878 107 34 which
386 877 141 44 expoied
541 876 71 33 him
625 879 32 30 to
673 876 43 32 all
732 878 84 30 sorts
832 874 36 33 of

106 935 170 45 jeopardy,
301 934 62 34 and
385 934 109 34 whose
518 936 86 30 utter
626 930 167 43 disregard
816 930 49 34 for

110 991 51 35 hit
177 1003 71 23 own
265 992 128 33 weltare
409 991 64 34 and
490 991 103 42 safety
616 1001 65 22 was
697 987 167 35 notorioue

109 1050 98 33 when
224 1050 52 33 tbe
292 1051 150 30 interest!
501 1047 144 34 national
660 1058 157 32 progress,
828 1057 37 21 or

111 1105 93 36 those
222 1105 34 35 of
269 1105 184 44 humanity,
470 1116 81 22 were
565 1102 301 40 threatened,—fell

113 1163 109 32 whilst
245 1162 129 39 leading
398 1163 49 30 his
472 1173 73 20 rauu
570 1172 41 20 on
638 1166 32 26 to
698 1173 18 19 a
744 1161 120 37 gallant

112 1220 145 33 defence.
302 1219 73 34 And
395 1218 77 33 with
486 1218 53 33 the
551 1229 88 22 newi
651 1218 34 32 of
694 1217 50 34 his
756 1216 109 38 death,

112 1276 27 34 it
160 1286 77 33 may
259 1275 38 34 he
321 1275 68 34 said
415 1274 70 34 that
509 1286 18 21 a
549 1274 176 39 sensation,
748 1273 60 34 full
834 1273 34 33 of

114 1333 78 45 pain
205 1333 66 33 and
288 1334 54 32 the
359 1333 131 42 deepest
507 1338 114 34 regret,
640 1342 57 21 ran
711 1330 134 43 through-

112 1399 60 25 out
187 1391 164 32 wherever
369 1390 54 33 the
441 1389 92 32 noble
558 1388 103 34 hero's
680 1387 106 38 deeds,
805 1387 63 33 and
880 1387 1 38 \

114 1446 132 46 mprigkt
263 1445 164 35 Christian
445 1445 169 34 character
630 1444 60 33 has
707 1443 94 33 made
816 1443 50 32 his
880 1443 1 49 j

116 1515 98 21 name
233 1504 125 31 famous
375 1504 63 30 and
463 1502 156 31 admired.
666 1502 66 30 Th*
757 1512 109 30 peace-
880 1502 1 40 '

114 1559 341 46 at-any-price-party,
472 1558 72 34 who
562 1568 85 23 seem
666 1563 32 27 to
716 1556 82 34 have
815 1556 54 33 the

115 1619 89 33 reinf
221 1619 34 31 in
271 1616 153 43 England
436 1621 32 27 at
480 1620 137 39 present,
630 1616 75 39 and,
716 1619 32 29 to
761 1614 109 33 whom

118 1674 147 35 national
303 1674 137 44 prestige
481 1673 34 33 in
552 1679 136 27 matters
726 1671 143 43 military

118 1732 108 34 would
251 1744 118 31 appear
392 1739 30 26 to
440 1731 36 33 be
493 1730 188 43 something
697 1735 30 28 to
746 1729 37 34 be
810 1728 60 34 last

118 1789 144 44 thought
278 1789 41 40 of,
337 1800 52 23 are
404 1788 153 40 catching
573 1789 23 31 it
610 1788 71 43 just
696 1798 73 22 now
783 1797 7 29 ;
809 1786 63 33 and

120 1848 29 35 it
165 1846 105 35 would
287 1858 120 32 appear
429 1847 122 33 certain
569 1845 140 43 enough,
728 1845 71 33 that
822 1856 34 21 ex-

121 1904 132 47 pressed
283 1903 264 45 disapprobation
576 1903 37 34 of
642 1902 55 34 the
735 1901 139 34 Eastern

120 1961 108 46 policy
237 1962 35 32 of
276 1963 55 31 the
342 1961 126 33 Liberal
479 1962 234 37 Government,
726 1960 27 32 is
767 1960 107 33 bound

122 2024 34 30 to
180 2019 118 34 follow.
343 2019 68 33 The
442 2019 165 41 mortality
636 2022 157 35 amongst
822 2017 54 33 the

278 2074 125 35 officers
433 2085 80 22 even
544 2074 89 33 sinee
664 2074 54 32 the
751 2073 58 34 fall
846 2074 34 32 of

125 2133 195 39 Khartoum,
344 2133 59 33 has
431 2132 81 34 been
542 2132 188 41 something
761 2137 90 35 great
869 2141 6 29 ;

123 2191 66 33 and
214 2191 55 33 the
294 2191 104 42 Army
423 2190 60 34 has
509 2191 64 33 lost
599 2201 101 32 many
729 2189 149 33 valorous

121 2256 77 24 men
215 2245 37 35 of
262 2246 77 41 long
362 2245 132 33 service.
541 2245 79 32 Late
637 2248 153 30 accounts
806 2244 71 40 give

123 2303 27 34 it
165 2309 67 34 out,
250 2304 71 32 that
337 2302 54 33 the
410 2310 109 35 troops
536 2315 52 21 are
605 2302 135 41 retiring
753 2308 31 27 to
796 2302 84 33 safer

121 2364 150 41 quarters
286 2370 6 29 ;
317 2360 120 39 whilst,
469 2370 101 23 worse
601 2360 76 39 still,
708 2360 54 33 the
793 2359 85 34 rebel

121 2417 123 40 leader,
262 2417 41 32 El
322 2415 123 39 Mahdi,
463 2415 79 34 with
563 2428 18 20 a
603 2415 89 45 large
715 2416 165 43 following

121 2475 63 34 has
205 2474 153 34 assumed
383 2479 6 16 f
390 2474 46 32 .he
459 2475 193 40 aggressive,
670 2475 65 33 and
757 2476 27 32 is
807 2486 71 22 now

121 2544 45 24 on
181 2532 55 35 the
252 2531 115 36 march
383 2535 33 30 to
432 2538 88 27 meet
537 2532 54 33 the
603 2532 98 34 hated
719 2532 159 34 invaders.

123 2588 36 36 It
186 2593 87 29 must
301 2587 39 34 be
368 2599 18 22 a
410 2588 121 34 critical
560 2589 78 32 time
664 2589 49 33 for
741 2589 140 32 General

123 2646 176 43 Wolseley,
322 2647 66 31 and
411 2647 55 31 the
499 2652 141 33 greatest
663 2648 130 39 anxiety
816 2647 64 31 will

124 2702 41 38 be
179 2702 69 44 felt,
264 2702 74 37 that
353 2713 84 25 none
449 2702 34 35 of
493 2702 49 33 his
558 2702 103 35 forces
678 2713 77 34 may
771 2701 39 34 be
826 2713 36 22 en-

124 2760 138 45 trapped
283 2772 37 23 er
344 2760 117 32 misled
485 2760 140 42 through
651 2772 65 30 any
746 2760 35 32 of
809 2760 72 32 that

125 2817 158 37 insiiioui
309 2817 171 45 treachery
506 2816 108 36 whielt
644 2828 169 34 composes
845 2828 33 22 so

125 2877 102 35 much
243 2876 37 35 cf
292 2876 53 34 the
362 2876 139 33 Eastern
518 2875 178 34 character.

780 102 137 49 THE
987 104 216 48 LYKLL
1270 102 220 54 TIMES,
1557 96 363 55 SATURDAY,
1992 95 228 47 MARCH
2289 109 40 47 7,
2399 98 126 59 1885.

125 2981 301 53 ATHLETIC
459 2980 244 51 SPOETS!

263 3064 303 49 ATHLETIC
602 3064 278 48 SPORTS!!

312 3156 41 23 at
369 3146 122 33 FERN
510 3146 107 32 FLAT
631 3171 8 13 ,
655 3156 43 22 ON

132 3209 99 76 ST
249 3234 7 9 .
301 3208 379 46 "PATRICK'S
814 3207 28 33 A
858 3207 27 33 Y

204 3256 53 36 T.
301 3250 48 31 -t
385 3257 29 33 A
429 3253 251 35 TRICK'S
726 3240 159 47 J-'AY

319 3318 75 33 17th
412 3318 171 36 MARCH,
602 3320 89 29 1885.

131 3412 145 35 Athletie
306 3415 153 33 contests,
487 3410 64 33 and
578 3410 129 33 various
735 3408 153 35 out-door

447 3472 131 34 Garnss.

251 3535 251 57 Running,
535 3534 231 57 Jumping,

131 3615 310 53 Wrestling,
465 3614 203 57 Quoits,
691 3614 93 53 &c.,
807 3614 79 44 &c.

535 3691 36 36 s.
595 3691 56 34 ox
657 3690 109 43 NAM,

172 3756 89 35 Fern
277 3755 84 40 Flat,
378 3754 56 35 4th
454 3754 126 39 Marsh,
599 3756 90 32 1885.

172 4000 245 34 WBSTPORT
440 3999 221 33 HARBOUR
685 3999 164 33 BOARD.

134 4113 252 35 ITIENDERS
421 4113 69 33 will
526 4113 39 33 be
600 4113 148 33 received
776 4125 45 32 up
859 4118 32 29 to

254 4170 257 40 THURSDAY,
525 4169 75 35 19th
616 4169 169 41 MARCH,
800 4174 90 35 1885,

134 4226 51 35 for
199 4226 57 35 thi
278 4226 172 35 SUPPLY
465 4226 36 35 of
514 4226 108 34 FIVE
646 4227 245 35 THOUSAND

136 4284 245 40 SLEEPERS,
404 4283 97 35 hewn
522 4295 39 23 or
588 4295 103 29 sawn,
715 4286 35 33 in
772 4286 63 34 lots
858 4296 33 24 to

136 4341 69 34 suit
217 4341 178 34 tenderers.

180 4452 228 45 Specification
423 4456 33 31 to
473 4453 40 34 be
530 4466 78 23 seen
624 4461 33 28 at
671 4456 58 33 the
746 4457 103 34 office.

353 4510 191 36 EUGENE
566 4511 201 43 O'CONOR,

663 4571 186 34 Chairman.

178 4625 178 45 Westport,
372 4625 77 35 27th
466 4625 177 46 February,
662 4628 89 34 1885.

156 4715 278 37 INANGAHUA
456 4716 180 35 COUNTY
662 4718 208 35 COUNCIL.

156 4829 31 33 A
210 4828 62 35 NY
282 4828 174 35 PERSON
469 4829 101 34 found
583 4830 76 33 with
675 4832 189 34 UNREGIS-

250 4886 154 33 TERED
440 4886 92 35 DOG
562 4889 67 33 will
657 4889 39 34 be
734 4891 130 33 PROSE-

135 4942 152 36 CUTED
302 4943 138 35 without
454 4943 127 36 further
593 4947 118 34 aetice.

177 5038 54 34 All
243 5037 82 43 dogs
340 5036 140 35 without
496 5039 114 34 collars
626 5040 67 34 will
704 5041 39 34 be
757 5042 135 33 deemed

135 5094 235 46 unregistered.

499 5151 33 35 J.
556 5152 40 35 G.
621 5153 188 42 HESLOP,

674 5211 176 43 Registrar.

175 5266 152 41 Reeften,
343 5265 58 35 4th
417 5265 21 34 1
447 5265 149 45 ebruary,
613 5268 90 33 1885.

230 5364 223 37 FINAL
499 5364 296 36 NOTICE.

133 5457 220 37 •VTOTICB
384 5458 28 33 is
447 5456 123 44 hereby
600 5458 108 40 given,
746 5460 72 32 that
847 5461 44 33 all

260 5516 166 34 Accounts
438 5512 63 35 due
516 5517 34 31 to
565 5514 40 33 E.
624 5514 35 34 P.
678 5515 125 39 Sm?rk,
825 5516 65 34 late

129 5576 39 35 of
219 5575 114 34 Ltill
346 5571 141 35 Times.*'
510 5574 91 32 must
616 5571 38 35 be
678 5573 75 43 paid
776 5579 33 28 to
833 5574 56 34 the

129 5628 221 48 undersigned
363 5639 45 24 on
421 5637 40 25 or
475 5627 107 36 before
603 5628 77 35 28th
696 5629 194 43 February,

129 5691 93 34 1885.

170 5747 54 37 All
240 5748 155 36 accounts
411 5746 58 35 not
484 5742 88 49 paid,
588 5744 170 37 or-fettled
775 5745 50 39 for
848 5745 42 48 by

125 5807 59 35 the
200 5806 101 35 above
317 5804 86 40 date,
422 5804 67 34 will
511 5802 38 35 be
573 5804 79 33 sued
674 5804 49 34 for
746 5806 139 38 without

124 5863 133 38 further
270 5861 120 37 notice.

431 5907 34 36 J.
487 5907 33 36 J.
545 5906 260 44 MOYNIHAN,

684 5964 161 39 Solicitor.

166 6025 180 45 Westpori,
362 6023 59 37 61b
438 6022 169 46 February
634 6023 90 34 1885.

912 240 427 47 WELCOME
1424 237 220 56 INN,

1204 310 123 33 Lyell.

1005 436 163 37 Ellen
1241 435 294 46 Williams,

894 496 75 35 TN
1000 503 170 38 retuiTiiag
1192 496 120 35 th&uks
1334 516 12 14 a
1348 506 36 24 01*
1508 493 140 37 favours,

981 560 77 45 begs
1079 564 33 31 to
1136 559 119 36 inform
1277 559 59 34 her
1357 556 123 36 friends
1503 555 65 35 and
1594 553 55 35 the

895 623 107 45 public
1027 623 72 34 that
1124 623 57 33 she
1211 623 59 33 has
1296 623 69 42 just
1390 618 184 44 completed
1597 628 34 21 ex-

896 688 122 32 tensive
1042 686 162 33 additions
1232 685 65 32 and
1319 682 191 35 alterations
1536 684 33 29 to
1592 678 59 33 her

897 749 168 45 premises,
1087 748 67 35 and
1176 747 55 36 the
1257 744 248 39 accomodation
1527 741 28 37 is
1577 752 74 24 now

1157 808 229 47 unsurpassed.

898 937 87 41 Ales,
1014 936 123 40 Wines,
1164 936 64 34 and
1256 935 117 44 Spirits
1403 932 34 35 of
1465 928 190 38 First-class

1105 1000 133 43 Quality
1254 999 77 42 only
1347 999 87 41 kept.

1133 1093 91 32 Good
1247 1092 161 40 Stabling.

1107 1184 150 34 ELLEN
1289 1181 243 37 WILLIAMS,

1357 1247 258 32 Proprietress.

905 1352 468 43 COMMERCIAL
1403 1348 255 47 HOTEL,

1047 1420 116 31 C/.ITF
1249 1425 100 26 KlilCT,
1382 1413 134 34 LI'KLL.

907 1515 128 70 THE
1052 1511 229 41 undersigned,
1300 1511 121 36 having
1436 1509 132 32 become
1584 1508 56 31 Pro-

1013 1558 120 46 prietor
1163 1559 31 31 oi
1224 1556 54 33 the
1319 1554 100 34 above
1448 1553 212 33 well-known

906 1607 111 36 Hotel,
1035 1607 100 41 hopes
1151 1604 42 42 by
1210 1604 89 32 strict
1316 1601 159 34 attention
1493 1607 32 26 to
1543 1599 54 34 the
1615 1611 28 21 re-

906 1654 200 42 quirements
1119 1651 35 32 of
1159 1651 52 31 the
1223 1655 132 33 patrons
1372 1647 34 33 of
1417 1647 52 32 the
1485 1646 99 32 house
1597 1644 62 33 and

907 1700 53 34 the
972 1698 107 45 public
1088 1696 164 45 generally
1263 1701 31 27 to
1307 1694 94 33 merit
1410 1705 20 21 a
1446 1691 215 35 continuance

908 1747 35 33 of
962 1747 54 32 the
1041 1744 113 34 liberal
1179 1748 133 38 support
1336 1740 142 33 hitherto
1505 1736 157 36 accorded

1125 1790 54 33 the
1195 1788 258 35 establishment.

951 1886 67 33 The
1050 1884 157 44 premises
1234 1882 83 32 have
1336 1881 70 43 just
1430 1877 188 40 undergone
1647 1888 18 20 a

911 1931 161 42 thorough
1115 1928 206 38 renovation,
1366 1926 61 36 and
1474 1924 191 36 Travellers,

911 1980 149 37 Visitors,
1091 1976 64 33 and
1185 1976 111 32 others
1323 1974 65 32 will
1412 1983 72 22 now
1514 1970 68 33 liud
1612 1970 53 32 the

912 2023 215 37 Commercial
1155 2034 63 21 one
1245 2027 30 26 ot
1302 2020 54 33 the
1383 2018 71 34 best
1480 2017 93 33 tilted
1604 2014 62 35 and

913 2077 84 30 most
1027 2068 225 34 commodious
1275 2067 117 31 Hotels
1420 2075 43 21 on
1494 2065 54 30 the
1582 2062 86 32 West

913 2117 108 34 Coast.

955 2213 71 31 One
1064 2220 39 22 of
1136 2209 163 32 Aloock's
1336 2204 89 34 Best
1463 2202 164 34 Billiard

1219 2253 140 30 Tables.

917 2349 110 34 Wines
1043 2347 64 34 and
1126 2346 116 43 Spirits
1259 2345 34 31 of
1306 2344 55 32 the
1372 2343 70 33 best
1453 2340 127 45 quality
1592 2339 76 43 only

1253 2390 87 43 kept.

956 2487 187 35 First-class
1167 2486 119 41 Livery
1309 2483 65 34 and
1393 2483 74 33 lhiit
1492 2480 137 40 Stables,

1162 2532 74 34 well
1252 2530 159 44 supplied.

1141 2623 107 39 JAM
1258 2622 59 38 as
1345 2621 250 46 ORMOND,

1124 2669 93 39 (Lat®
1235 2668 34 30 of
1285 2667 174 39 W<sstfort)

1396 2710 193 44 Proprietor,

1028 3157 59 42 To
1116 3156 130 49 Stand
1271 3156 83 42 this
1384 3156 167 43 Season.

1244 3220 70 32 The

1073 3276 194 46 Clydesdale
1284 3276 115 34 Entire
1416 3276 103 35 Horse

1201 3469 175 35 PedktßKK
1389 3479 7 24 :

927 3567 64 44 -LN
1052 3584 137 35 Stallion
1213 3584 80 34 with
1319 3597 18 21 a
1368 3585 148 44 splendid
1542 3594 137 37 temper.

924 3643 63 31 His
1015 3643 68 30 Sire
1110 3653 66 20 was
1199 3643 150 37 Glaueer,
1373 3644 162 40 imported
1559 3645 44 39 by
1629 3646 52 31 Mr

925 3698 86 33 Wm.
1050 3696 177 34 liobinson.
1294 3697 97 38 Dam,
1436 3698 164 35 Diamond
1637 3700 44 44 by

924 3754 165 33 Farmer's
1112 3754 101 41 Glory
1236 3753 164 41 imported
1423 3755 41 42 by
1491 3758 49 30 Mr
1565 3758 116 42 Henry

926 3810 176 40 Redwood,
1119 3809 195 45 grand-dam
1331 3810 42 44 by
1392 3811 85 34 Lord
1493 3813 113 43 Clyde,
1620 3815 40 31 im-

924 3867 114 45 ported
1053 3867 42 44 by
1114 3867 50 33 Mr
1182 3867 48 33 W.
1253 3868 92 37 Paul,
1369 3874 90 37 great
1483 3871 197 41 grand-dam

923 3926 45 42 by
981 3925 101 39 ClydL*
1100 3925 47 32 Gii
1159 3936 47 22 tm
1221 3925 77 38 >bn,
1314 3926 46 32 im
1366 3926 111 42 forbad
1502 3928 41 42 by
1573 3928 51 32 Mr
1649 3929 32 32 H

926 3982 177 38 Redwood.

1235 4039 136 33 TKRMS:

968 4098 123 32 Season
1108 4097 107 33 Mares
1232 4099 55 38 £3,
1304 4099 137 40 payable
1460 4102 48 31 Ist
1517 4101 164 38 January,

927 4156 91 34 1885.

1189 4212 205 33 Guarantee
1411 4223 6 23 :

969 4271 42 33 £1
1044 4270 54 32 10s
1129 4280 42 22 on
1201 4269 71 34 first
1309 4272 121 32 service
1445 4281 8 31 ;
1484 4272 70 35 bain
1560 4285 60 22 nee
1650 4274 37 34 of

927 4328 46 34 £2
989 4328 55 33 10s
1060 4325 135 46 pabable
1212 4337 41 24 on
1272 4328 47 32 Ist
1334 4327 158 46 January,
1509 4332 89 33 1885.

1302 4384 38 32 11.
1368 4386 36 31 T.
1429 4387 171 39 WOLFE,

1444 4444 197 44 Proprietor.

1008 4496 179 35 Left-hand
1206 4497 144 42 Branch,

969 4557 49 32 Ist
1034 4557 101 41 Sept.,
1154 4557 90 32 1834.

926 4652 258 51 WOLF
1264 4653 179 50 AND
1532 4658 149 61 CO.,

1083 4764 215 34 Wholesale
1314 4777 64 23 anr
1399 4769 127 35 Retail

926 4827 446 71 BUT.CH
1430 4833 40 46 E
1518 4836 37 46 R
1606 4836 31 48 s
1673 4873 9 10 .

1049 4983 134 35 Dealers
1200 4983 34 34 in
1250 4985 44 33 all
1310 4986 213 47 descriptions
1540 4992 36 33 of

947 5042 125 33 FARM
1116 5042 93 32 AND
1253 5043 141 36 DAIRY
1438 5048 225 36 PRODUCE.

926 5134 119 35 Hotels
1055 5134 66 33 and
1137 5134 156 35 Families
1302 5138 119 34 waited
1435 5151 44 23 on
1495 5140 49 34 for
1554 5142 120 33 Orders

966 5226 120 35 Orders
1110 5226 163 35 delivered
1297 5232 32 30 to
1356 5230 44 35 all
1426 5238 90 38 parts
1529 5245 20 23 e
1587 5235 56 33 the

1235 5274 146 35 District.

1132 5367 85 33 Note
1235 5368 56 33 the
1308 5370 147 34 Address

949 5413 128 38 IS-W
1102 5414 77 35 0L
1204 5414 26 33 F
1318 5416 137 34 AND
1552 5421 110 43 CO.,

987 5470 88 33 Next
1103 5470 56 33 the
1190 5470 225 35 Government
1438 5475 184 45 Buildings,

1102 5527 102 33 Cliff
1228 5527 140 41 Street,
1394 5531 123 34 Lyell.

967 5614 89 33 ONE
1071 5614 90 32 BOX
1170 5615 57 32 OF
1238 5616 211 35 CLARKE'S
1465 5620 25 32 B
1504 5622 38 31 41
1556 5622 127 34 PILLS

924 5661 27 34 is
967 5660 185 35 warranted
1176 5665 32 30 to
1231 5672 74 28 eure
1321 5663 43 35 all
1388 5663 187 48 discharges
1599 5668 83 37 from

924 5708 58 32 the
999 5707 143 40 Urinary
1152 5709 136 41 Organs,
1298 5710 33 33 in
1341 5712 103 33 either
1453 5725 55 22 sex
1519 5715 164 45 (acquired

924 5766 37 24 or
983 5753 271 48 constitutional),
1266 5753 3 48 •
1281 5755 127 38 Gravel,
1440 5761 62 34 and
1528 5761 98 37 Pains
1649 5765 33 34 in

925 5803 55 33 the
992 5802 99 33 Back.
1116 5804 210 34 <juuran*/eed
1340 5806 64 33 free
1416 5807 84 35 from
1520 5810 161 38 Mercury.

926 5848 76 35 Sold
1018 5848 35 33 in
1070 5848 117 38 Boxes,
1204 5850 36 32 4s
1251 5849 41 34 6d
1303 5851 91 40 each,
1406 5852 42 42 by
1462 5854 41 34 all
1519 5854 164 37 Chemists

924 5894 67 36 arid
1007 5894 119 35 Patent
1145 5894 159 35 Medieine
1321 5896 169 44 Vendors;
1516 5901 73 35 Sole
1608 5903 56 35 Pro-

922 5942 151 45 prietors,
1110 5941 75 34 Thi
1229 5941 153 38 Lincoln
1416 5955 67 25 and
1521 5948 162 35 Midland

924 5988 172 35 Countiis
1119 5987 101 36 Dkug
1248 5987 70 41 Co.,
1342 5989 150 44 Lineoln,
1516 5994 166 44 England.

1128 6033 36 35 of
1176 6034 44 34 all
1237 6034 56 34 the
1309 6035 185 38 Wholesale
1510 6040 143 34 Houses.

1710 233 134 46 SOLD
1872 233 128 46 OFF!
2075 232 136 46 SOLD
2239 231 156 48 OFF!!

1866 307 66 24 AND
1950 306 146 25 STARTED
2114 306 113 25 AGAIN.

1685 390 226 49 QELLING
1942 391 159 34 Cheaper
2129 390 95 34 Than
2255 390 182 35 Ever—2o

1802 439 56 31 Pei
1898 440 81 32 Cent
2016 438 62 33 less
2122 438 82 33 than
2241 451 65 29 any
2344 439 93 33 other

1988 483 123 34 House.
2450 482 1 35 1

1872 576 107 35 JUST
2003 576 225 35 ARRIVED:

1739 631 98 46 Five
1880 632 123 46 Cases
2046 632 140 57 Fancy
2229 633 147 54 Goods,

1725 696 182 43 Consisting
1925 698 35 31 of
1974 697 126 33 Ladies'
2125 698 99 32 Hand
2242 698 58 38 ba<_,
2301 696 3 43 r
2306 710 25 21 s.
2350 697 70 33 Reti-

1685 743 96 40 cules,
1797 740 129 44 Combs,
1944 743 154 41 Brushes,
2120 744 104 34 Toilet
2245 744 193 44 Requisites,

1686 793 123 35 Scents,
1827 790 187 42 Stationary
2037 791 125 39 Scents,
2187 792 126 32 G.B.D.
2336 792 102 41 Pipes,

1687 837 150 33 Assorted
1852 835 95 34 Briar
1971 835 106 45 Pipes,
2094 835 213 35 Mterclwum
2332 837 107 43 Pipes,

1687 883 133 33 Ambers
1849 883 64 32 and
1944 884 158 38 Ferrules,
2136 884 43 31 all
2209 884 95 32 kinds
2342 886 97 36 Pens,

1687 926 135 38 Pencils,
1847 927 122 34 Pocket
1999 928 135 37 Knives,
2165 928 100 33 Table
2293 929 146 42 Cutlery,

1687 976 53 32 Jet
1967 974 65 33 and
2076 975 174 39 Brooches,
2294 975 146 33 Tobacco

1691 1020 153 38 Pouches,
1880 1022 121 36 Parses,
2040 1021 126 33 Ladies'
2207 1021 233 44 Companions,

1690 1069 108 32 Fancy
1847 1067 204 36 Workboxss,
2099 1067 91 33 Pearl
2234 1068 63 33 and
2346 1067 96 33 G-lass

1691 1114 113 33 Beads,
1830 1112 135 42 Playing
1989 1113 109 37 Cards,
2124 1114 156 39 Oribhage
2307 1113 133 38 Boards,

1787 1158 111 38 Slates,
1918 1160 115 32 School
2050 1159 85 41 Ba_js
2153 1160 63 32 and
2233 1161 118 33 Books.

1935 1251 97 33 TWO
2061 1253 133 32 CASKS

1692 1307 195 41 Containing
1925 1306 104 34 Music
2066 1307 106 35 Boxe>
2220 1309 59 37 (six
2324 1307 120 41 tunes),

1693 1355 124 32 Violins
1854 1354 32 32 in
1932 1365 81 24 case,
2060 1354 206 38 Accordians,
2309 1353 137 34 Musical

1692 1402 146 33 Albums,
1889 1400 246 36 Tambourines,
2178 1402 132 42 Banjos,
2364 1401 60 33 Cou-

1733 1448 148 36 certiuas,
1898 1447 118 31 Tutors
2032 1447 48 31 for
2104 1447 43 32 all
2174 1448 229 32 Instruments.

1955 1540 89 30 ONE
2070 1541 108 30 CASE

1695 1597 195 33 INVINCIBLE
1910 1594 110 35 Music
2042 1596 177 34 Machines
2242 1596 63 34 and
2331 1594 130 36 Music.!

1695 1646 26 30 A
1737 1641 85 34 child
1838 1644 16 30 5
1878 1653 77 30 yaar
1972 1642 52 32 old
2042 1654 58 21 can
2120 1644 30 42 pi
2163 1656 31 30 iy
2219 1645 103 31 sheni.
2369 1644 79 32 Five

1684 1687 1 44 !
1695 1687 159 35 Hundred
1890 1688 138 32 selected
2067 1689 104 42 pieces
2202 1696 30 27 oi
2275 1689 104 34 Music
2416 1692 33 30 to

2013 1735 114 33 arrive.

1961 1828 27 32 A
2006 1827 25 33 L
2051 1828 19 33 S
2089 1828 81 40 (),

1697 1874 218 35 Harmonium
1945 1874 78 33 with
2056 1876 46 32 six
2134 1883 88 34 stops
2240 1887 6 27 ;
2278 1887 61 22 one
2371 1874 80 34 with

1696 1920 195 36 kiiee-swell.
1938 1921 118 33 Pianos
2073 1923 68 32 sold
2159 1923 102 42 cheap
2286 1923 49 31 for
2352 1922 96 39 Cash,

1767 1966 64 35 and
1846 1978 40 21 on
1906 1966 52 34 the
1976 1968 78 33 time
2071 1976 157 35 payment
2245 1974 136 37 system.

1928 2060 240 55 Jewellery:

1699 2122 27 32 A
1763 2119 100 42 grand
1893 2121 154 35 selection
2078 2124 35 32 of
2141 2123 84 34 Gold
2256 2123 64 34 and
2352 2123 104 34 Silver

1697 2168 183 43 Jewellery,
1912 2169 43 32 all
1985 2181 71 21 new
2093 2170 153 40 designs;
2287 2170 167 33 Waltham

1704 2215 159 38 Watches,
1889 2217 43 32 ,£3
1967 2218 52 32 15.s
2035 2227 8 30 ;
2085 2218 134 40 English
2252 2218 133 36 Levers,
2411 2218 44 33 £5

1700 2260 152 43 upwards
1870 2269 6 22 :
1922 2262 41 31 all
2002 2262 130 32 makers
2168 2263 77 41 kept
2282 2264 33 30 in
2355 2263 99 31 stack.

1701 2306 299 38 Clocks—Alarms,
2019 2308 134 40 MarWe,
2172 2307 126 36 French
2319 2309 19 35 8
2355 2308 103 44 Eight

2040 2356 73 41 day.

1799 2400 192 34 Wertheim
2010 2402 134 33 Sewing
2162 2402 191 34 Machines.

1970 2495 204 45 Books.

1684 2558 4 57 j
1704 2559 232 44 Shakespeare,
1968 2560 119 40 Burns,
2117 2559 212 42 Longfellmr,
2362 2558 77 35 Gold-

1685 2605 3 43 i
1704 2606 111 36 smith,
1835 2605 150 35 Dickens,
2004 2606 85 32 Lord
2108 2607 132 41 Lyttou,
2261 2608 80 30 Miss
2357 2606 81 31 Brad-

1686 2643 93 50 |don,
1801 2652 117 41 Payne,
1938 2652 178 41 Hayward,
2134 2652 140 39 Hatton,
2294 2651 165 39 Maykew,

1687 2695 3 50 j
1705 2697 191 38 Routledge,
1929 2698 114 34 Noble,
2073 2698 65 31 and
2170 2699 93 31 other
2301 2698 136 30 authors
2453 2707 8 28 ;

1748 2742 120 45 Moody
1898 2744 63 33 and
1990 2744 62 34 Saw
2058 2744 90 43 key's
2171 2744 116 43 Hymn
2312 2742 109 35 Books

2026 2791 53 31 &<*.
2096 2792 54 30 &c.

1868 2883 148 43 Patent
2042 2882 253 44 Medicines:

1708 2947 84 31 Irish
1831 2947 98 36 Moss,
1975 2947 113 40 Ayer's
2133 2945 125 41 Cherry
2303 2944 159 41 Pectoral,

1708 2991 135 36 ClarkV
1870 2990 102 35 Blood
2006 2991 151 40 Mixture
2195 2990 183 45 Hepaticui
2415 2990 50 35 for

1711 3040 93 33 Liver
1819 3039 199 43 Complaint,
2034 3039 84 33 Hair
2133 3040 100 42 Dyes,
2250 3039 104 33 Eno's
2371 3039 94 34 Fruit

1710 3086 78 37 Salt,
1813 3086 226 43 Tricophcrus,
2063 3085 205 43 Holloway'i
2295 3084 80 34 Pills
2399 3086 64 33 and

1710 3134 178 37 Ointment,
1940 3131 145 34 Cockle's
2131 3131 64 33 a&d
2244 3132 49 34 Pr
2344 3131 121 35 Rook's

1710 3179 144 32 Oriental
1883 3178 79 31 Pills
1994 3178 64 31 and
2096 3178 115 37 Elixir,
2251 3178 97 31 Head
2385 3178 79 32 ache

1714 3225 85 37 Pills,
1818 3223 171 38 Neuralgia
2010 3223 86 35 Pills,
2116 3223 148 33 Powell's
2281 3223 134 34 Bilsam
2433 3223 36 34 of

1711 3271 148 38 Aniseed,
1875 3270 66 33 Cod
1962 3269 94 33 Liver
2079 3269 61 35 Oil,
2167 3269 131 34 Mother
2322 3270 143 42 Seagle's

1710 3322 106 39 Syrup
1833 3317 61 33 ami
1915 3317 86 37 Pills,
2021 3320 45 29 St.
2087 3316 131 33 Jacob's
2235 3317 51 33 Oil
2305 3317 96 42 (geod
2416 3316 49 34 for

1712 3363 213 41 everything),
1952 3363 125 31 Bunter
2105 3362 153 36 Nervine,
2290 3364 177 40 Eucalypti

1714 3411 172 39 Lozenges,
1905 3407 183 38 Glrarine,
2107 3407 76 44 Hop
2200 3406 133 36 Bitters.
2349 3408 96 34 Eucal-

1709 3458 81 42 ypti,
1817 3456 133 32 Scekfcod
1969 3455 113 41 Soaps,
2101 3455 122 36 Agents
2246 3455 49 31 for
2317 3456 150 30 Baxter's

1712 3504 96 38 Lung
1839 3502 177 34 Preserver,
2046 3498 160 44 Soothing
2238 3500 118 43 Syrup,
2387 3500 59 35 Aro-

1713 3550 98 32 matic
1839 3548 134 32 M.xture
1997 3547 64 31 ani
2083 3547 179 31 Alterative
2293 3547 111 37 Elixir,
2429 3547 36 30 T.

1715 3597 43 33 M.
1778 3594 193 44 Shepherd's
1987 3592 210 44 Queensland
2209 3592 141 34 Asthma
2364 3591 101 41 Herb,

1715 3644 236 35 Bennington'*
1987 3641 78 31 Irish
2102 3641 97 33 Mas*,
2239 3639 102 32 Nail's
2375 3639 91 33 Herb

1710 3688 158 33 Tobaeco,
1907 3684 184 33 Dandelion
2129 3684 106 32 Coffee
2272 3684 64 31 and
2376 3684 89 38 Pills,

1716 3734 110 33 Worm
1845 3734 102 41 Syrup
1965 3730 64 34 and
2053 3729 224 44 Composition
2300 3729 165 41 Powders,

1958 3776 119 37 Herbs,
2094 3777 53 31 &«.
2165 3777 53 31 &c.

1855 3870 84 43 Ten
1966 3869 123 44 Gases
2113 3869 196 54 Drapery,

1716 3935 114 33 Which
1862 3940 86 26 must
1979 3933 37 32 be
2048 3932 69 32 sold
2152 3931 121 42 Cheap,
2305 3937 32 27 to
2371 3930 98 34 make

1715 3994 87 24 room
1820 3980 49 35 for
1886 3980 76 34 New
1988 3980 150 33 Season's
2162 3977 109 34 Goods
2296 3983 31 27 to
2352 3977 115 40 arrive,

1714 4031 176 38 consisting
1910 4029 37 31 of
1966 4029 82 30 500)
2070 4025 99 43 yards
2198 4025 144 33 assorted
2368 4025 101 33 Dr®««

1718 4075 105 34 Pieeer
1839 4072 109 42 (Silks.
1968 4072 130 39 Satin's,
2112 4071 64 33 and
2186 4071 84 32 Irish
2284 4071 143 43 Poplins,
2437 4071 35 33 of

1715 4123 43 31 ail
1776 4121 147 39 Shades),
1941 4120 171 31 Dolman's
2124 4118 139 33 Ulster's
2277 4117 65 32 and
2352 4118 118 33 Cloaks

1718 4169 65 43 (the
1823 4167 110 33 Latest
1962 4163 183 43 Fashions),
2162 4162 4 50 •
2184 4162 119 34 Ladies
2342 4162 105 34 Under-

1716 4213 155 40 clothing,
1889 4211 113 39 Skirts,
2023 4211 113 40 Fancy
2160 4210 182 36 Costumes,
2366 4210 104 43 Bugle

1719 4271 80 22 ijac®
1817 4258 63 34 and
1896 4257 211 43 Trimmings,
2124 4255 86 39 large
2227 4258 199 30 assortment
2439 4255 34 34 of

1717 4307 102 42 Bugle
1858 4306 207 32 Ornaments,
2103 4302 109 33 White
2250 4301 65 32 and
2352 4302 117 33 Cream

1719 4354 92 37 L,jcs,
1830 4351 163 37 Button's,
2011 4349 92 42 Baby
2122 4347 115 38 Robes,
2263 4346 119 35 Cloaks
2405 4347 65 34 and

1718 4402 129 34 Gowns,
1863 4399 92 39 Boys'
1970 4398 97 36 Suits,
2086 4396 96 35 Hats,
2202 4394 147 38 Flannel,
2369 4394 80 33 Mole-

1715 4445 73 33 skin
1818 4442 64 34 and
1911 4442 127 41 Carpet,
2077 4440 255 42 Counterpanes,
2368 4440 104 32 Toilet

1714 4491 133 35 Covers,
1875 4488 160 37 Curtains,
2068 4486 105 32 Man's
2203 4485 65 33 and
2298 4486 172 32 Women's

1717 4536 64 34 and
1818 4533 181 35 Children's
2039 4532 99 33 Socks
2178 4531 63 34 and
2288 4531 182 45 Stockings,

1873 4580 103 33 Shirts
1992 4579 43 33 all
2051 4579 113 37 colors,
2182 4579 52 31 &c.
2253 4578 52 33 &e.

1718 4674 68 35 The
1803 4672 102 36 Trade
1922 4669 147 48 supplied
2091 4671 34 33 in
2148 4682 65 33 any
2235 4669 37 35 «f
2291 4669 56 35 the
2371 4669 101 37 ab®ve

2039 4718 108 32 Lines.

1719 4814 105 33 Motto
1827 4811 110 33 —The
1955 4810 130 34 Nimble
2110 4810 82 32 Nine
2197 4821 99 31 pence
2311 4809 92 34 beats
2421 4810 52 34 the

1965 4857 87 33 Slow
2077 4855 148 42 Shilling;.

1715 4951 96 75 E.
1846 4950 89 72 R.
1959 4945 232 74 Isse.ll
2230 4946 64 73 &
2342 4946 131 76 Co.

1834 5057 222 31 Palmirston
2074 5052 64 37 St.,
2156 5051 198 34 Westport.

1809 5172 110 54 JOB,
1937 5170 117 47 AND
2072 5167 110 47 ALL
2201 5167 178 46 KINDS

1715 5273 81 47 OF
1827 5268 290 50 PRINTING
2147 5266 326 50 EXECUTED

1962 5382 98 33 —AT
2083 5381 137 33 THE—

2472 5475 4 47 O

1757 5627 28 31 A
1801 5624 128 33 CARD.
1932 5624 90 30 —To
2037 5632 61 22 ALL
2116 5631 74 22 WHO
2206 5631 63 21 ARE
2287 5631 185 23 suffering

1715 5681 89 26 from
1820 5678 66 26 the
1898 5680 102 22 errors
2014 5668 63 33 and
2093 5666 207 34 indiscretion
2316 5666 35 33 of
2358 5666 114 44 youth,

1716 5728 138 23 nervous
1886 5715 176 37 weakness,
2090 5715 88 40 early
2206 5714 111 43 decay,
2349 5715 62 31 loss
2442 5715 34 33 of

1715 5762 178 42 manhood,
1910 5762 65 40 &c.,
2001 5762 15 34 I
2040 5760 64 35 will
2129 5759 80 34 .send
2226 5771 19 22 a
2267 5760 106 44 recipe
2402 5760 70 35 that

1717 5814 64 31 will
1798 5823 74 21 cure
1884 5821 74 31 you,
1972 5810 117 32 FREE
2105 5808 55 32 OF
2174 5807 195 33 CHARGE.
2395 5809 77 33 This

1716 5865 90 36 great
1821 5856 134 43 remedy
1967 5866 67 22 was
2043 5853 186 34 discovered
2241 5853 42 41 by
2293 5865 18 21 a
2322 5854 131 33 mission-

1717 5916 56 32 ary
1797 5905 33 32 ia
1853 5901 102 35 South
1979 5901 161 33 America.
2187 5898 86 34 Send
2299 5910 19 22 a
2342 5900 112 34 self-ad-

1716 5948 131 36 dressed
1863 5948 155 44 envelope
2035 5946 65 33 and
2121 5946 149 42 sixpence
2295 5950 31 29 to
2349 5957 123 33 prepay

1715 5998 133 43 postage
1941 5993 54 35 the
2016 5993 80 34 Rev.
2124 5992 130 34 Joseph
2280 5992 37 33 T.
2348 5992 122 42 Inman,

1717 6040 127 36 Station
1860 6040 43 38 I),
1922 6040 79 33 New
2016 6038 89 34 York
2122 6038 84 42 City,
2227 6037 118 35 U.S.A.

2686 238 332 57 LINES'

2474 357 69 73 K
2558 358 147 44 OYA:L
2784 365 88 75 M
2887 369 98 34 AIL
3057 372 71 75 L
3133 372 103 39 IHB

2719 484 56 33 OF
2810 484 217 47 JCOACHES

2472 558 78 36 Run
2566 562 99 47 Daily
2681 565 144 37 between
2849 572 92 44 Lyell
2958 575 63 33 and
3037 577 197 46 Inangahuft

2472 619 169 42 Junction,
2667 624 114 44 taking
2807 639 191 35 passengers
3029 636 64 32 and
3108 640 125 40 parcel#

2472 675 51 33 for
2538 675 138 37 Reefton
2692 692 43 23 on
2760 683 157 47 Monday,
2935 688 218 49 Wednesday,
3170 696 63 34 aa
3248 675 15 62 4

2474 736 133 47 Friday,
2638 742 65 33 and
2739 743 50 35 for
2811 746 164 48 Westport
3005 764 44 22 on
3073 754 163 48 Tuesday,

2475 802 183 45 lliuisday,
2675 807 65 33 and
2758 809 172 46 Saturbay,
2948 816 64 31 and
3034 818 70 33 vice
3130 832 104 22 versa.

2474 894 78 33 Also
2577 901 195 40 connecting:
2796 903 79 33 with
2897 906 190 36 Newman's
3115 913 121 33 Nelso*

2501 941 67 33 line
2585 943 37 33 of
2631 944 143 35 Coaches
2786 952 33 29 at
2836 950 93 43 Lyell
2945 965 96 33 every
3058 956 150 46 Tuesday

2745 1006 65 32 and
2839 1007 130 45 Friday.

2478 1091 236 36 Commissions
2740 1101 167 32 entrusted
2935 1108 31 27 to
2984 1115 36 21 us
3038 1106 64 32 will
3118 1108 123 35 receive

2707 1154 119 34 earef'ul
2844 1160 171 33 attention.

2479 1258 151 43 Caiiiage
2647 1273 41 21 on
2705 1262 43 32 all
2779 1265 128 35 Parcels
2924 1281 36 20 or
2983 1271 154 44 Luggage
3154 1279 89 31 must

2522 1315 130 45 be'paid
2669 1318 108 35 before
2794 1320 145 48 delivery
2954 1326 66 33 will
3038 1327 36 35 be
3090 1341 108 32 give*.

2709 1413 146 36 Coaches
2886 1417 129 36 Leave:

2482 1466 66 32 For
2564 1467 166 45 Westport
3078 1482 29 31 8.
3166 1493 79 25 a.m.

2482 1513 64 34 For
2566 1515 140 36 lieefton
3079 1530 20 31 3
3102 1555 5 6 #
3167 1541 79 24 a#Hl>

2482 1605 152 46 Booking
2650 1608 98 37 Office
2830 1639 34 8 ...
2911 1614 217 40 Commercial
3145 1621 103 37 H*tel

2525 1710 199 37 N.B.—The
2751 1717 184 42 proprietor
2959 1721 67 33 will
3053 1727 59 30 not
3143 1724 39 36 be
3197 1737 34 24 re-

2484 1758 164 42 sponsible
2675 1761 50 33 for
2753 1774 210 35 miscarriage
2981 1771 31 30 ol
3027 1781 66 33 any
3109 1771 139 46 luggage

2484 1803 176 45 belonging
2676 1811 32 28 to
2724 1801 207 52 passengers!
3146 1801 38 15 °°
3209 1802 18 15 °

2911 1870 81 34 JOB
3016 1873 149 43 LINES,

3032 1921 195 36 Prooriet*r.

2641 2021 459 57 NEWMAN'S

2491 2157 70 71 R
2580 2157 158 37 OYAL
2794 2163 89 73 M
2899 2164 102 36 AIL
3053 2169 72 74 L
3144 2171 110 37 IMB

2732 2282 56 33 OF
2813 2284 209 38 COACHES

2533 2394 284 38 Twice-Weekly
2855 2401 146 36 Service
3039 2406 173 40 Between

2687 2455 114 34 Lyell
2823 2467 66 24 and
2907 2460 148 37 Nelson.

2493 2543 109 37 Leave
2618 2545 98 46 Lyell
2730 2549 52 34 for
2797 2550 124 37 Nelson
2937 2565 99 36 every
3051 2558 209 50 Wednesday

2495 2603 66 31 and
2578 2604 123 42 Friday
2718 2611 33 27 at
2767 2610 19 30 7
2803 2620 92 29 a.m.,
2913 2613 149 44 arriving
3076 2622 35 27 at
3140 2619 110 34 Foxhi

2494 2668 102 34 every
2616 2660 172 47 Thursday
2812 2666 66 33 and
2895 2667 165 46 Saturday
3076 2672 35 34 in
3127 2677 81 32 time
3224 2682 36 29 t©

2652 2718 95 33 catch
2763 2719 56 35 the
2836 2723 150 45 mdi-day
3001 2728 98 33 train.

2497 2777 108 34 Leave
2635 2780 132 35 Foxhill
2794 2786 49 31 tor
2870 2787 97 41 Lj'ell
2998 2801 99 31 every
3114 2793 149 46 Monday

2497 2834 67 34 and
2578 2834 60 35 We
2643 2835 80 36 dues
2726 2837 64 46 day
2812 2844 35 30 at
2874 2843 37 34 11
2946 2855 92 30 a.m.,
3063 2849 146 45 arriving

2580 2893 94 43 Lyell
2690 2905 42 23 on
2749 2897 151 45 Tuesday
2917 2901 66 33 And
2999 2902 184 48 Thursday.

2498 2992 200 47 Passengers
2728 2998 125 36 booked
2893 3003 51 35 for
2980 3005 184 47 Plampdea
3201 3011 68 38 and

2644 3057 96 34 other
2756 3059 232 39 intermediate
3006 3065 122 44 places.

2706 3151 159 37 Bgokins
2892 3156 144 38 Offices
3051 3170 7 24 :

2930 3224 222 41 Commercial
3166 3230 106 39 H«tel

2498 3263 183 43 Hampden
2937 3272 217 48 Moonlight's
3166 3279 106 37 Hctel

2499 3309 134 35 roxhill
2846 3342 35 10 ...
2909 3319 245 47 Gaukrodger's
3167 3326 105 39 Hetel

2891 3384 46 35 H.
2963 3387 221 47 NEWMAN,

3029 3437 187 42 Proprietor

2524 3544 155 47 POST
2731 3549 232 50 OFFICE
3017 3559 228 57 HOTEL,

2751 3615 131 37 LYE
2906 3620 28 34 L
2957 3621 28 36 L
3009 3648 9 9 .

2563 3734 269 52 PETER
2869 3743 339 57 MANGOS

2506 3807 170 85 BEGS
2700 3817 33 29 to
2749 3813 123 37 inform
2896 3818 52 35 his
2970 3822 123 35 iriends
3119 3827 67 33 and
3211 3829 58 36 the

2629 3857 109 45 public
2764 3860 75 36 that
2867 3863 52 34 his
2944 3878 72 23 new
3041 3874 227 38 coinmodievs

2709 3915 103 37 Hotel
2827 3920 29 33 is
2871 3931 76 25 now
2961 3935 97 33 open.

2504 4004 180 39 Travellers
2707 4009 66 37 and
2795 4012 131 38 visitors
2949 4019 33 33 to
3006 4018 66 38 tins
3095 4022 158 40 establisk

2544 4079 93 31 ment
2652 4077 67 34 will
2733 4078 70 36 find
2819 4081 86 35 their
2917 4086 141 37 comfort
3067 4090 67 35 and
3149 4103 58 27 cea-

2586 4144 158 36 venienee
2756 4148 201 48 thoroughly
2969 4158 156 35 attended
3140 4164 46 32 te.

2505 4234 69 35 The
2590 4235 175 38 bedrooms
2792 4253 54 23 are
2858 4244 94 43 lofty,
2970 4248 66 33 and
3052 4251 77 34 well
3144 4253 128 45 lighted

2745 4297 68 35 and
2838 4302 190 36 ventilated.

2546 4407 246 37 COMFORTABLE
2827 4414 153 36 PARLORS
3003 4447 6 11 t
3004 4421 6 14 f
3011 4430 68 23 AN»
3103 4424 105 35 FIRST-

2765 4478 99 26 CLASS
2887 4472 123 37 TABLE.

2507 4555 69 35 The
2592 4556 68 35 Bar
2674 4559 28 34 is
2717 4561 135 35 stocked
2865 4564 80 35 with
2961 4567 225 48 Ales,-Wines,
3203 4576 68 37 and

2570 4619 117 45 Spirits
2700 4625 38 31 of
2756 4629 201 38 guaranteed
2979 4629 121 38 brandg
3115 4637 90 43 only.

2547 4712 30 34 A
2597 4713 171 38 first-class
2793 4720 219 37 sixt6iu-sta.il
3028 4727 104 35 stable
3147 4730 107 37 iso9M*

2507 4771 117 34 nected
2639 4774 81 34 with
2736 4775 67 34 this
2819 4776 102 36 hotel.

2807 4844 151 36 PETEB
2985 4849 199 46 MANGOS,

3029 4908 183 43 Pr#prie«r.

2547 4959 190 10 11
2737 4959 95 10 '

2531 4994 136 48 NEW
2717 4998 164 48 CHUM
2924 5004 322 67 BUTCHERY,

2760 5107 78 39 LT
2862 5110 156 43 ELL.

2622 5242 245 53 JAMES
2928 5249 219 64 EDGE,

2506 5339 108 74 w
2623 5341 283 40 HOLESALE
2951 5349 94 36 AND
3099 5353 172 45 RETAIL

2684 5447 405 49 BUTCHER.

2506 5588 118 36 Hotels
2638 5590 67 35 and
2722 5592 156 36 Families
2902 5596 120 37 waited
3047 5612 45 24 on
3108 5602 100 49 Daily
3222 5607 50 40 £»?

2823 5651 131 35 Orders.

2569 5762 90 36 Meat
2675 5764 175 37 Delivered
2872 5771 32 32 to
2921 5769 44 35 all
2988 5778 91 39 parts
3093 5777 34 35 of
3153 5778 55 38 the

2815 5827 150 38 District.

2507 5948 143 40 NEW
2702 5950 188 40 CHUM
2935 5955 324 53 BUTCHEBT
3260 5999 10 21 f

2587 6025 155 45 Opposite
2753 6025 182 40 Alhambra
2948 6030 112 44 Hotel,
3078 6035 104 47 LjelL
3239 6049 30 40 j
