3373 6184
128 1942 173 34 MINING
352 1940 321 33 REGULATIONS
722 1940 159 32 UNDER

388 1986 142 34 MINES
554 1986 93 35 ACT,

172 2061 73 44 Any
261 2071 115 34 person
394 2058 204 41 discovering
608 2070 70 22 new
695 2058 73 41 gold
780 2058 81 33 work-

130 2110 68 41 ing,
222 2107 64 33 and
308 2107 97 39 being
427 2105 145 32 desirous
595 2107 35 30 of
648 2106 171 40 obtaining
842 2117 40 20 an

132 2152 167 35 increased
321 2164 74 21 area
418 2151 133 33 thereon
582 2152 82 32 shall
690 2150 89 34 mark
803 2151 42 33 oft
868 2164 17 20 a

132 2198 208 46 prospecting
354 2197 108 36 claim,
480 2208 34 20 as
530 2196 155 43 provided
701 2196 33 33 in
749 2196 115 38 Regula-

133 2247 69 32 tion
219 2245 48 39 11,
283 2245 65 32 and
360 2243 83 33 shall
454 2243 222 43 immediately
687 2250 108 36 report
808 2243 76 33 such

134 2291 168 42 discovery
337 2288 79 34 with
447 2288 58 33 full
536 2288 190 44 particulars
763 2296 32 25 to
832 2289 55 32 the

134 2337 154 40 Warden,
312 2335 64 35 and
403 2334 55 34 the
481 2335 124 40 ground
631 2348 35 20 so
689 2335 133 33 marked
844 2335 48 33 off

134 2384 84 33 shall
234 2383 37 33 be
288 2382 164 44 protected
469 2382 82 32 until
569 2382 55 33 the
650 2382 139 33 Warden
806 2382 83 32 shall

134 2429 83 34 have
234 2429 114 42 finally
362 2428 127 33 refused
506 2440 35 20 or
556 2428 136 39 granted
703 2429 54 31 the
772 2428 92 34 claim
881 2439 7 28 ;

134 2475 59 33 but
222 2474 55 34 the
308 2474 142 33 'Warden
476 2486 86 30 may,
593 2475 27 31 if
647 2477 39 30 he
718 2475 94 32 think
843 2476 46 36 fit,

134 2521 118 33 refrain
282 2520 84 33 from
389 2520 154 43 granting
572 2532 36 21 or
636 2520 147 41 refusing
813 2521 77 32 audi

133 2568 98 34 claim
258 2566 87 35 until
367 2567 55 34 the
445 2567 125 41 ground
595 2566 85 35 shall
703 2568 81 33 have
812 2568 79 34 been

133 2614 119 33 visited
267 2614 43 43 by
325 2613 136 33 himself
471 2624 37 21 or
518 2613 40 42 by
573 2624 126 32 anyone
716 2615 176 42 appointed

132 2659 46 45 hy
193 2659 82 34 him.

158 2718 10 9 •
179 2706 131 34 Notices
321 2704 36 35 of
363 2704 44 35 all
415 2705 208 45 prospecting
633 2706 116 33 claims
759 2706 133 43 granted

136 2753 81 35 with
241 2753 60 34 full
323 2753 194 43 particulars
533 2754 35 32 of
589 2754 141 42 'ocality,
753 2754 87 43 yield
864 2756 28 30 ol

137 2800 87 42 gold,
241 2799 65 33 and
317 2800 197 41 description
525 2800 36 32 of
573 2800 174 41 working*,
762 2800 83 32 shall
857 2799 35 33 be

138 2843 116 46 posted
275 2844 43 43 by
341 2843 55 34 the
414 2844 141 33 Warden
571 2855 41 21 on
636 2845 54 33 the
714 2845 126 33 outside
864 2847 28 31 oi

140 2891 51 36 his
207 2890 92 36 office
314 2890 51 35 for
379 2890 107 46 public
508 2890 222 35 information.

184 2939 33 30 It
232 2937 84 32 shall
330 2942 59 27 not
404 2938 37 31 be
458 2939 110 30 lawful
579 2940 49 29 for
640 2939 55 31 the
709 2939 142 31 Warden
864 2944 28 25 tr

140 2986 97 40 grant
266 2993 19 22 a
309 2983 204 43 prospecting
535 2981 96 34 claim
659 2982 49 33 for
732 2995 63 31 any
826 2994 66 22 new

142 3029 168 42 discovery
340 3033 33 28 at
402 3040 19 22 a
450 3029 64 33 less
548 3028 145 34 distance
723 3030 79 32 than
835 3035 57 27 twe

142 3075 94 35 miles
252 3075 84 34 from
353 3086 64 33 any
433 3075 185 45 previously
640 3076 139 42 existing
795 3076 78 34 work-

142 3123 73 42 ings
243 3122 33 34 in
303 3122 134 34 alluvial
460 3122 136 43 ground,
613 3134 61 22 nor
695 3129 29 27 tr
755 3129 94 35 grant
880 3137 12 19 m

142 3168 207 45 prospecting
371 3169 95 34 claim
483 3170 49 32 for
554 3181 65 31 any
635 3181 73 22 new
732 3170 160 44 discover}'

142 3215 37 33 of
200 3226 19 21 a
243 3219 114 38 quarts
381 3216 70 31 reef
464 3221 32 26 at
519 3228 18 19 a
560 3216 61 31 less
646 3216 145 33 distance
817 3216 75 33 than

140 3259 74 37 half
231 3272 20 24 a
270 3260 77 36 mile
363 3266 83 30 Iroin
462 3273 65 34 any
549 3261 186 47 previously
758 3262 134 45 existing

141 3315 114 38 quartz
271 3308 173 44 workings.

186 3356 109 42 JCvery
323 3358 206 41 prospecting
558 3355 96 35 claim
684 3356 95 40 shall,
816 3356 78 35 aftei

142 3400 98 45 heing
265 3401 146 40 marked,
436 3402 37 33 be
498 3402 74 33 held
595 3402 43 43 by
661 3415 60 21 one
744 3415 78 21 man
849 3416 31 20 re-

142 3447 152 45 maining
315 3459 43 24 on
380 3448 55 35 the
462 3450 124 42 ground
610 3449 119 43 during
752 3449 145 45 working

142 3495 101 34 hours
264 3496 84 34 until
365 3495 52 35 the
440 3496 195 44 application
654 3498 26 32 is
696 3497 86 33 dealt
805 3498 78 32 with

142 3541 76 38 and,
236 3541 27 32 if
273 3541 147 43 granted,
436 3542 56 32 the
508 3543 95 30 claim
621 3548 99 31 must,
732 3543 109 31 unless
854 3544 42 41 by

142 3586 119 45 •pecial
276 3587 193 43 permission
486 3587 35 34 of
534 3587 54 34 the
603 3588 151 39 Warden,
767 3588 36 34 he
816 3589 80 40 fully

139 3633 156 44 occupied
311 3633 116 33 within
443 3645 94 21 seven
555 3634 80 43 days
650 3635 84 32 from
750 3635 55 33 the
822 3635 74 33 date

141 3680 37 34 of
188 3684 106 38 grant.

182 3726 68 32 The
266 3725 142 34 Warden
423 3737 88 33 may,
528 3727 28 31 if
568 3728 40 31 he
624 3727 94 33 think
735 3728 47 37 fit,
800 3735 97 36 grant

141 3784 19 23 a
169 3772 206 47 prospecting
382 3771 98 37 claim
493 3779 32 29 to
535 3773 54 36 the
597 3774 105 35 actual
715 3774 183 36 discoverer

140 3821 36 33 of
198 3832 72 22 new
300 3821 75 42 gold
405 3821 163 43 workings
598 3823 181 43 conjointly
816 3824 78 33 with

139 3879 134 33 persons
298 3868 73 34 who
394 3868 83 35 have
494 3869 137 34 assisted
654 3870 90 34 them
769 3871 33 32 in
824 3882 54 31 pro-

139 3916 147 42 specting
323 3915 103 33 either
462 3915 79 33 with
580 3916 238 32 contributions
862 3929 36 21 or

137 3960 184 41 otherwise,
339 3973 36 22 or
389 3961 79 34 with
482 3962 94 33 other
587 3974 135 31 persons
735 3963 73 34 who
821 3975 75 31 may

136 4006 41 36 he
200 4007 193 34 nominated
415 4007 43 45 by
474 4007 55 34 the
552 4008 110 34 actual
686 4008 210 42 discoverers,

137 4054 158 44 although
320 4054 54 34 the
391 4054 70 34 said
483 4066 135 33 persons
633 4067 78 31 may
734 4063 58 26 not
814 4056 83 35 have

136 4100 82 34 heen
241 4112 43 22 on
301 4101 54 34 the
371 4103 127 41 ground
513 4101 89 44 prior
617 4105 33 30 to
667 4102 55 32 the
745 4105 154 40 granting

137 4146 137 35 thereof.

180 4193 71 35 The
268 4192 145 35 Warden
429 4204 90 33 may,
535 4204 88 34 upon
633 4192 56 35 the
701 4193 196 45 application

138 4240 37 33 of
187 4251 65 33 any
267 4251 134 33 persons
416 4240 145 41 forming
579 4252 19 21 a
614 4245 95 39 party
724 4242 35 32 of
769 4247 57 27 not
836 4242 63 33 less

139 4285 82 34 than
242 4285 83 39 four,
348 4289 96 39 grant
459 4285 182 43 protection
657 4286 50 33 for
729 4291 58 28 not
809 4298 89 22 more

142 4332 80 33 than
239 4331 90 34 three
353 4331 134 33 months
502 4331 50 33 for
568 4343 18 21 a
601 4332 208 44 prospeeting
826 4346 73 21 area

140 4381 37 31 at
197 4388 20 23 a
238 4376 144 35 distance
405 4382 33 27 ot
452 4380 59 29 not
530 4377 62 33 less
614 4376 81 35 than
719 4383 63 28 two
805 4378 94 34 miles

140 4423 86 34 from
254 4435 64 31 any
343 4423 138 43 existing
508 4423 163 42 workings
701 4423 34 35 in
766 4425 133 35 alluvial

142 4470 137 45 ground,
296 4481 36 22 or
348 4470 34 32 in
398 4469 54 33 the
469 4481 73 22 case
558 4470 36 33 of
607 4474 113 39 quartz
736 4472 164 43 workings

140 4517 37 34 of
203 4522 59 28 not
293 4516 63 34 less
378 4515 82 35 than
485 4515 72 34 half
575 4528 19 22 a
617 4517 79 35 mile
720 4518 83 34 from
835 4531 65 32 any

142 4564 141 43 existing
299 4567 113 41 quartz
429 4562 163 45 workings
606 4573 6 25 :
637 4564 161 35 Provided
812 4566 33 33 in
858 4578 43 22 no

144 4621 73 22 case
239 4611 86 30 shall
348 4621 65 30 any
428 4610 81 30 such
536 4612 205 40 prospecting
765 4623 75 21 area
863 4614 38 30 be

143 4654 137 46 granted
302 4653 118 36 within
441 4653 69 36 halt
526 4665 18 24 a
567 4654 76 36 mile
666 4654 36 37 of
721 4667 65 33 any
809 4658 93 35 other

146 4703 80 31 such
242 4701 207 44 prospecting
472 4713 84 20 area.
602 4703 159 33 Provided
777 4704 126 32 further

146 4747 72 34 that
241 4746 79 35 such
344 4747 181 43 protection
542 4746 84 34 shall
648 4748 79 44 only
749 4750 153 34 continue

146 4794 36 32 in
198 4794 84 32 force
297 4793 85 33 until
398 4793 74 42 gold
488 4794 27 31 is
530 4793 122 40 struck,
661 4795 34 32 in
711 4795 108 32 which
831 4807 71 21 case

148 4839 57 34 the
228 4838 170 45 discovery
421 4838 83 35 shall
521 4838 40 35 be
584 4840 160 44 reported,
762 4853 36 21 or
820 4842 84 34 until

147 4886 56 34 the
219 4886 129 33 holders
363 4896 54 23 are
433 4886 149 43 required
597 4886 44 43 by
651 4886 56 34 the
718 4887 143 34 Warden
871 4894 33 28 to

148 4931 96 35 mark
274 4944 19 22 a
318 4931 207 45 prospecting
548 4931 109 42 claim,
679 4933 34 33 in
741 4934 103 34 either
873 4936 33 33 of

148 4978 107 33 which
271 4990 89 21 cases
377 4990 18 21 a
410 4989 90 32 pros|
511 4979 108 42 acting
641 4978 98 33 claim
761 4980 84 33 shall
866 4981 38 33 be

148 5023 137 35 marked
310 5024 65 33 and
400 5025 128 42 applied
551 5024 50 34 for
626 5036 36 22 as
687 5027 156 42 provide-d
872 5029 32 31 in

149 5070 195 44 Reflation
375 5070 48 33 11.
454 5070 66 33 and
546 5071 52 41 V.,
628 5071 65 34 and
725 5074 180 42 protection

147 5115 85 35 shall
247 5117 182 43 thereupon
445 5129 92 21 cease
553 5129 35 21 as
603 5121 33 30 to
652 5117 56 35 the
721 5121 185 33 remainder

148 5162 37 34 of
197 5162 79 34 such
292 5163 207 44 prospecting
515 5173 85 23 area.

191 5209 33 34 It
249 5208 84 34 shall
359 5209 39 33 be
421 5209 109 34 lawful
553 5209 48 35 for
622 5209 56 35 the
702 5211 144 35 Warden
875 5218 31 28 to

149 5266 107 22 renew
278 5255 87 33 from
389 5261 79 27 time
489 5261 34 28 to
546 5258 80 32 time
648 5256 54 34 the
725 5261 181 40 protection

149 5302 51 33 for
227 5315 20 20 a
278 5303 209 42 prospecting
520 5315 83 22 area.
649 5303 156 35 Prrvided
836 5306 70 34 that

150 5347 81 31 such
268 5348 149 32 renewed
449 5350 181 40 protection
660 5349 84 32 shall
775 5357 58 24 not
870 5352 36 30 be

149 5392 138 43 granted
313 5393 49 34 for
384 5404 91 23 more
490 5394 82 34 than
595 5394 92 34 three
713 5396 137 33 months
875 5404 31 26 to

148 5449 66 32 any
230 5438 89 34 time.

799 78 137 47 THE
1006 82 216 47 LYELL
1288 83 217 57 TIMES,
1574 84 362 56 SATURDAY,
2007 86 229 51 MARCH
2304 105 41 45 7,
2415 90 122 60 1885.

2526 5910 138 33 Printed
2678 5911 67 33 and
2760 5912 177 43 published
2960 5916 50 34 for
3028 5918 57 35 ths
3109 5922 191 45 Proprietor

2566 5953 44 45 by
2624 5955 32 35 J.
2674 5955 38 35 F.
2728 5957 112 43 Clark,
2857 5963 35 30 at
2907 5960 58 36 the
2984 5963 195 44 Registered
3197 5970 100 36 OESm

2568 6001 96 36 otthe
3062 6012 237 49 Street,LyoH,

2568 6048 135 44 County
2720 6050 35 35 of
2768 6052 123 42 Bullar,
2909 6056 129 44 Colony
3055 6061 37 31 of
3103 6061 83 35 N.Z.

95 212 429 50 ALHAMBRA
576 216 276 60 HOTEL,

374 300 114 46 Lye
502 317 26 29 l
542 317 44 30 r..

101 409 132 73 THE
249 410 217 42 undersigned
484 412 121 43 having
621 412 134 33 become
780 414 57 32 Pro-

209 457 121 42 prietor
345 458 36 31 of
392 458 65 33 this
474 458 210 33 well-known
701 459 64 33 and
781 461 78 40 long
870 450 1 51 j

101 501 198 35 established
315 502 111 39 Hotel,
443 503 107 33 would
570 504 61 42 beg
648 504 32 33 to
696 504 89 33 draw
803 506 54 32 the

102 549 163 34 attention
287 549 36 34 of
347 548 194 39 Travellers,
567 550 137 34 Persons
728 552 132 39 visiting

102 595 56 35 the
175 595 135 41 district,
327 596 65 33 and
415 597 55 32 the
495 597 107 43 public
626 597 177 43 generally,
828 602 32 28 to

105 642 55 33 Ihe
175 642 108 43 ample
299 642 65 33 and
380 643 195 32 convenient
586 643 167 33 character
766 644 34 31 of
806 644 54 32 the

105 687 248 37 accomodation
382 689 108 35 which
527 689 55 35 the
613 689 250 35 establishment

415 736 130 34 affords.

106 826 138 39 Board
257 827 84 38 and
355 827 164 48 lodging
546 856 19 9 ..
588 828 54 38 ,£1
656 838 74 37 per
749 828 115 37 week

106 870 222 38 Meals—at
342 871 54 37 all
411 872 170 36 hours—
754 870 39 38 Is
810 870 56 38 6d

108 914 108 36 Beds
827 914 39 36 Is

111 995 71 33 The
198 995 111 33 Table
326 995 66 34 will
408 996 37 32 be
463 996 104 33 under
578 996 54 33 the
643 995 103 34 direct
758 1006 89 33 super-

111 1042 106 35 vision
233 1043 35 33 of
281 1042 68 34 Mrs
364 1044 38 31 A.

114 1134 171 35 Nextdoor
297 1140 33 27 to
346 1136 55 32 the
420 1136 96 33 Hotel
530 1136 89 32 there
632 1136 25 31 is
671 1147 16 20 a
706 1136 86 38 large
806 1135 62 33 and

196 1181 226 34 commodious
452 1183 66 32 ftoo
536 1196 18 18 11
579 1180 137 34 suiiable
739 1181 50 33 for

261 1228 169 42 Meetings.
461 1230 108 31 Dance
596 1230 129 42 parties,

342 1275 295 35 Entertainments,

465 1323 52 31 tfce.

114 1412 119 36 Wines
250 1422 64 23 and
332 1413 128 33 Spirits
477 1423 38 22 ok
532 1423 64 22 tick
615 1421 81 23 best
720 1422 151 27 quality.

158 1505 158 32 Marshall
339 1505 64 32 and
428 1506 195 41 Copeland's
642 1506 125 30 XXXX.
790 1516 43 20 on

463 1559 65 36 tap.

358 1642 93 34 Good
475 1644 158 40 Stabling.

297 1736 53 34 All
366 1736 134 44 charges
517 1737 177 34 moderate.

337 1794 199 34 ANTONIO
561 1795 109 33 AC-CO
678 1795 117 36 UNO,

644 1842 192 41 Proprietor.

189 5522 20 15 44
225 5519 69 34 For
324 5529 66 23 the
421 5520 115 34 Blood
567 5531 30 24 is
627 5531 66 24 the

148 5566 216 35 CLARKE'S
392 5567 340 37 WOKLD-FAMEI)
759 5572 148 34 BLOOD

150 5613 212 36 MIXTUKE
387 5614 27 34 is
436 5615 185 35 warranted
646 5620 35 31 to
703 5617 126 34 cleanse
854 5619 53 34 the

148 5661 98 35 blood
261 5660 84 37 from
370 5661 43 35 all
435 5662 184 44 impurities
637 5665 84 33 from
745 5666 164 34 whatever

148 5717 96 24 cause
255 5708 133 40 arising.
433 5708 63 32 For
507 5708 157 41 Scrofula,
676 5710 136 42 Scurvy,
828 5712 78 32 Skin

147 5753 66 35 and
225 5752 106 36 Blood
341 5752 164 42 Diseases,
515 5754 65 34 and
593 5755 95 34 Sores
699 5757 37 32 of
745 5747 44 44 all
801 5757 106 40 kinds,

146 5801 44 35 its
205 5799 111 35 effeets
331 5811 55 23 are
402 5801 210 33 marvellous.
657 5802 194 35 Thousands
875 5807 34 30 of

147 5846 234 35 testimonials.
427 5847 77 34 Sold
526 5848 34 32 in
576 5847 129 39 bottles,
722 5851 35 30 2b
780 5851 40 31 6d
844 5852 64 33 and

148 5893 57 33 lis
220 5891 81 33 eaeh
317 5891 41 44 bj
369 5891 165 34 Chemists
544 5893 65 33 and
618 5893 119 34 Patent
748 5896 160 33 Medicine

143 5936 155 37 Vendors
319 5936 219 46 everywhere.
592 5938 73 36 Sole
695 5940 212 45 Proprietors,

141 5985 79 38 The
253 5985 153 36 Lixc#lm
435 5994 66 25 ajtd
540 5985 161 36 Midland
739 5988 170 36 Countiis

141 6032 112 34 Drug
268 6032 71 39 Co.,
356 6031 139 34 Lineoln
510 6032 167 42 England.

1049 943 226 50 SANDER
1300 950 33 44 &
1361 948 147 47 SONS'

900 994 401 51 EUCALYPTI
1351 1002 302 47 EXTRACT.

945 1096 178 41 (Deutsche
1156 1099 86 35 Med.
1273 1101 261 37 Wochenschrift
1564 1105 89 34 1879)

905 1142 130 37 Mosler,
1054 1144 101 35 M.1)..
1174 1148 163 33 Professor
1354 1157 32 24 at
1401 1150 53 32 the
1470 1151 186 40 University
1672 1142 3 49 I

905 1188 202 42 Greifswald,
1152 1195 177 44 Germany.
1377 1204 123 35 reports
1589 1197 68 32 The

907 1235 171 43 Eucalypti
1103 1238 136 35 Extract
1269 1242 121 44 proved
1414 1244 244 42 magnificently

905 1284 176 31 successful
1118 1285 34 32 in
1192 1298 76 33 very
1314 1300 109 21 severe
1462 1290 195 33 contusions.

905 1327 134 38 Wuises,
1052 1331 138 41 sprains,
1202 1335 144 36 wounds,
1357 1336 172 40 scalding*,
1539 1336 118 33 broken

908 1374 73 37 ribs,
992 1375 64 32 and
1070 1376 108 35 limbs.
1217 1381 32 33 It
1261 1381 185 43 effectually
1460 1389 87 36 stays
1557 1383 44 32 all
1611 1383 31 32 in-

906 1419 206 37 iUmmation
1130 1425 63 33 and
1210 1427 159 40 swelling.
1415 1428 87 38 Also,
1526 1430 52 32 the
1596 1441 47 21 ser-

910 1468 83 31 vices
1010 1468 130 35 derived
1157 1472 82 34 from
1252 1476 25 31 it
1287 1477 32 30 in
1338 1475 42 32 all
1389 1475 161 34 disorders
1562 1477 35 31 of
1606 1477 54 31 the

909 1513 194 45 inspiratory
1115 1528 128 29 organs,
1258 1532 34 19 as
1303 1531 110 32 croup,
1427 1520 170 42 diptheria,
1613 1522 31 31 in-

908 1557 206 38 lUmmation
1145 1564 36 33 of
1202 1565 55 34 the
1284 1566 166 34 bronchial
1479 1568 89 34 tubes
1598 1567 62 33 au3

911 1605 104 40 lungs,
1034 1609 132 33 chronic
1192 1613 141 37 catarrh,
1350 1613 190 35 bronchitis,
1563 1615 98 32 colds.

908 1653 68 36 &c.,
995 1665 52 22 are
1065 1661 56 27 not
1146 1663 31 26 to
1194 1656 38 35 be
1248 1659 149 43 equalled
1421 1660 41 44 by
1486 1673 62 32 any
1571 1661 93 32 other

913 1698 230 38 medicament.

946 1759 157 44 Sander
1135 1761 83 43 and
1256 1762 114 46 Son's
1411 1764 216 57 Eucalypti

1204 1814 183 47 Extract.

954 1866 116 35 Lister,
1096 1866 102 39 M.1).,
1224 1868 174 38 Professor,
1431 1872 64 36 &c.,
1521 1870 143 33 London,

914 1913 55 33 the
987 1912 147 39 Lending
1158 1925 137 32 surgeon
1313 1917 34 32 of
1362 1917 53 33 the
1433 1924 126 36 present
1576 1919 89 34 time,

915 1959 105 33 stated
1037 1966 31 26 at
1085 1959 54 33 tiie
1157 1959 61 34 lust
1242 1964 143 39 meeting
1401 1964 34 30 of
1455 1963 53 33 the
1531 1964 133 32 Clinical

916 2005 137 42 Society.
1064 2006 149 37 London,
1223 2019 35 20 as
1274 2008 170 42 published
1465 2021 20 20 n
1497 2010 152 33 Gaillard'
1660 2029 5 6 •

917 2051 104 33 Medic
1033 2051 23 33 tl
1079 2051 148 34 Journal,
1245 2053 72 33 tint
1333 2054 54 33 the
1409 2055 173 44 Eucalypti
1608 2056 7 31 1
1635 2066 16 21 x-

917 2103 82 27 tract
1014 2099 26 30 is
1056 2098 55 31 the
1128 2098 71 32 best
1214 2097 119 34 known
1357 2101 171 42 antiseptic
1545 2104 124 35 (means

917 2144 33 32 of
965 2145 190 41 preventing
1171 2145 242 43 putrefaction).

942 2199 156 46 Sander
1139 2200 81 45 and
1266 2199 115 47 Son's
1430 2203 217 58 Eucalypti

1201 2254 183 44 Extract.

963 2306 182 39 (American
1164 2305 141 35 Medical
1317 2307 148 40 Journal,
1481 2309 190 35 November.

923 2355 88 40 1881)
1028 2353 82 32 —In
1127 2353 141 34 diseases
1285 2357 34 30 of
1338 2355 55 33 the
1416 2356 131 40 kidney*
1570 2357 104 33 either

922 2399 103 34 active
1040 2400 188 42 congestion
1242 2412 37 22 or
1289 2404 207 40 suppression
1515 2402 156 44 (uraemia)

923 2447 41 32 all
981 2446 228 40 albuminuria,
1227 2447 129 44 dropsy,
1373 2448 149 36 lithiasis,
1540 2450 135 37 nothing

924 2493 64 32 will
1004 2493 94 41 equal
1115 2494 32 31 in
1165 2494 41 31 its
1220 2494 104 32 action
1345 2494 173 44 Eucalypti
1531 2497 143 32 Extract.

926 2538 112 36 Doses,
1070 2538 61 34 five
1161 2543 33 29 to
1225 2539 88 41 eight
1347 2540 96 46 drops
1471 2543 33 32 in
1541 2554 17 22 a
1595 2541 80 35 little

925 2586 181 33 sweetened
1136 2593 99 27 water
1265 2590 91 31 twice
1390 2601 37 20 or
1455 2590 89 33 throe
1583 2590 94 32 times

926 2632 97 42 daily.

950 2687 156 46 Sander
1147 2689 81 45 and
1284 2689 114 47 Son's
1439 2692 217 57 Eucalypti

1214 2743 183 47 Extract.

970 2796 110 35 (From
1094 2797 171 33 American
1282 2800 136 32 Medical
1429 2801 147 36 Journal,
1590 2801 87 33 Jan..

930 2842 102 34 1882).
1036 2841 159 41 —Pitzer,
1230 2843 103 38 M.D.,
1359 2844 165 34 Professor
1551 2845 128 41 Theory

929 2886 64 35 and
1010 2886 145 36 Practice
1170 2890 35 33 of
1220 2889 167 35 Medicine.
1402 2892 173 33 American
1590 2882 66 44 Med-

929 2935 62 30 ical
1008 2935 140 38 College,
1166 2948 75 28 says
1254 2938 85 31 :—lt
1355 2938 25 30 i-
1394 2939 54 30 the
1465 2939 68 30 best
1547 2940 132 38 rtmmly

929 2977 120 35 known
1071 2978 32 35 in
1129 2980 267 43 typhomalarial,
1420 2982 135 45 typhoid
1582 2983 98 35 fever.

900 3025 1 45 i
929 3025 186 43 erysipelas,
1127 3027 194 43 diphtheria,
1335 3030 114 33 scarlet
1463 3032 94 36 fever,
1572 3032 90 31 small-

931 3082 71 33 pox.
1020 3072 66 42 &c.;
1109 3074 25 33 it
1156 3073 185 40 effectually
1358 3076 123 34 retards
1505 3077 53 33 the
1583 3077 80 33 disin-

930 3119 159 40 tegration
1126 3121 36 33 of
1187 3121 55 33 the
1273 3123 122 33 animal
1431 3122 107 36 fluids,
1575 3124 105 34 which

931 3166 106 38 might
1052 3168 99 32 result
1168 3168 33 33 in
1221 3181 18 20 a
1262 3170 128 38 general
1413 3169 215 46 breaking-up
1651 3173 35 31 of

929 3211 55 33 the
1002 3213 94 31 blood
1114 3214 64 32 and
1194 3215 32 31 in
1244 3215 109 33 death.

954 3267 157 50 Sander
1158 3271 81 47 and
1281 3271 114 48 Son's
1445 3272 216 60 Eucalypti

1209 3326 181 45 Extract.

973 3378 112 36 (From
1127 3379 46 33 St.
1220 3380 97 33 Louis
1361 3381 140 34 Electric
1545 3382 134 33 Medical

929 3423 148 40 Journal,
1115 3425 91 37 Dee.,
1246 3427 102 40 1881).
1411 3429 121 32 Cancer
1559 3429 36 32 of
1627 3428 54 33 the

930 3470 319 44 Tongue—Patient,
1267 3473 79 34 Mrs.
1447 3495 74 20 —,
1539 3477 37 32 85
1589 3486 93 31 years

930 3518 63 32 old.
1053 3519 165 33 Evidence
1248 3522 35 30 of
1308 3521 180 33 scrofulous
1517 3521 163 34 diathesis.

930 3563 187 33 Prescribed
1140 3564 72 32 four
1240 3564 96 44 drops
1354 3571 31 27 to
1408 3565 38 33 be
1470 3566 95 33 taken
1592 3566 89 32 three

930 3610 95 32 times
1053 3610 89 42 daily
1160 3622 7 27 ;
1192 3611 78 39 also,
1297 3620 120 31 tongue
1450 3613 114 33 wetted
1592 3613 90 32 three

930 3656 95 33 times
1077 3655 80 35 with
1207 3658 54 33 the
1312 3658 174 44 Eucalypti
1536 3659 145 33 Extract.

930 3702 137 34 Treated
1091 3716 35 20 as
1150 3704 101 34 above
1282 3705 49 33 for
1361 3705 71 33 four
1462 3706 114 38 weeks,
1604 3705 78 33 then

930 3748 191 41 discharged
1137 3751 108 32 cured.

973 3808 43 37 (J.
1058 3808 40 33 11.
1139 3808 145 45 Ruttley,
1331 3810 101 33 M.D..
1479 3810 94 40 Prof.,
1618 3810 64 36 &c.,

931 3854 405 46 Philadelphia).—Since,
1354 3858 32 32 in
1411 3857 54 33 the
1486 3869 68 22 case
1578 3856 35 34 of
1634 3856 50 33 Mr

933 3903 133 37 Mercer,
1082 3904 36 31 of
1134 3904 141 38 Kerang,
1294 3904 71 31 who
1383 3904 64 33 had
1458 3904 78 33 boon
1553 3904 131 32 advised

930 3948 42 34 bv
999 3947 55 35 the
1089 3948 139 35 Medical
1251 3950 125 34 officers
1402 3951 35 32 of
1458 3951 50 33 the
1540 3949 144 41 Bendigo

931 3995 151 42 Hospital
1101 4000 33 27 to
1150 3996 84 33 have
1251 3997 50 32 his
1319 4003 118 31 tongue
1448 3996 163 35 removed,
1622 3996 62 31 like

931 4040 150 44 splendid
1096 4042 118 35 results
1231 4042 83 35 have
1324 4043 144 34 attained
1477 4041 139 45 through
1629 4041 55 35 the

931 4088 197 42 application
1145 4090 35 32 of
1192 4090 54 33 the
1263 4090 177 43 Eucalypti
1458 4091 143 32 Extract.

955 4144 157 45 Sander
1152 4145 82 44 and
1284 4145 115 44 Son's
1448 4144 215 57 Eucalvpti

1213 4199 182 46 Extract.

973 4252 99 32 From
1096 4252 55 33 the
1175 4252 137 34 Clinical
1336 4253 137 39 Record,
1496 4255 34 31 of
1549 4254 136 39 August,

933 4298 104 41 1881).
1112 4298 148 41 Surgical
1296 4299 104 33 Clinic
1445 4299 35 31 of
1522 4300 166 32 Processor

934 4343 174 42 M'lntyre,
1147 4345 128 41 College
1313 4346 35 32 of
1388 4345 192 42 Physicians
1623 4345 61 32 and

934 4388 173 42 Surgeons,
1123 4389 46 33 St.
1185 4389 339 35 Louis—Scirrhusof
1533 4391 113 33 Breast
1650 4409 37 4 —

933 4435 154 33 Excision
1102 4446 6 23 :
1128 4436 176 44 Eucalypti
1319 4438 137 33 Extract
1472 4436 170 46 employed
1654 4448 34 21 as

933 4492 107 33 spray,
1072 4483 64 32 and
1166 4482 157 44 dressing.
1369 4484 102 41 Eight
1499 4485 77 41 days
1608 4484 81 32 after

933 4528 168 44 operation
1120 4529 181 34 Professors
1317 4530 108 34 Bauer
1441 4532 64 33 and
1524 4530 164 43 M'lntyre

933 4576 98 33 noted
1074 4575 55 35 the
1173 4577 167 42 following
1382 4578 166 35 condition
1566 4588 49 23 :
1639 4577 50 33 No

934 4621 155 38 swelling,
1107 4622 75 30 heat
1198 4633 37 20 or
1250 4624 238 36 discoloration,
1505 4634 79 21 near
1604 4634 37 21 or
1656 4625 33 29 in

934 4666 55 34 the
1012 4666 130 41 wound,
1167 4666 103 36 which
1296 4667 59 35 has
1371 4667 113 37 united
1507 4669 80 44 fully
1602 4679 6 30 ;
1634 4668 54 35 the

934 4714 125 40 patient
1074 4714 135 32 allowed
1225 4720 33 26 to
1274 4716 113 31 attend
1397 4722 32 26 to
1443 4716 57 32 her
1510 4716 179 33 household

935 4758 105 33 duties
1058 4759 106 39 again.

960 4803 156 45 Sander
1166 4805 81 43 and
1289 4807 114 44 Son's
1450 4808 220 57 Eucalypti

1215 4857 182 47 Extract.

980 4921 150 44 (Clinical
1160 4922 136 39 Record,
1329 4925 89 44 Sept.
1450 4928 105 35 1880).
1623 4927 68 33 The

936 4968 174 33 Amerioan
1146 4969 139 33 medical
1322 4974 180 39 profession
1540 4986 81 25 uses,
1658 4975 32 30 in

937 5014 205 41 gonorrhoea,
1166 5026 36 22 as
1218 5026 42 22 an
1282 5016 167 44 injection,
1467 5032 41 22 an
1531 5019 161 35 emulsion

938 5061 35 31 of
999 5073 61 21 one
1084 5073 103 21 ounce
1212 5072 76 33 gum
1315 5065 129 39 Arabic,
1470 5067 33 32 in
1530 5069 41 31 30
1597 5078 35 21 or
1654 5067 38 32 40

938 5118 120 23 ounces
1074 5108 35 33 of
1122 5113 110 33 water,
1249 5109 129 44 applied
1394 5111 73 35 four
1482 5114 96 33 times
1594 5113 98 43 daily.

939 5153 101 42 Eight
1064 5154 97 41 drops
1182 5154 97 40 given
1295 5156 172 42 inwardly,
1490 5170 79 22 once
1594 5160 98 41 daily,

939 5205 152 38 prevents
1108 5200 185 45 effectually
1309 5205 259 36 contamination
1584 5205 36 35 of
1638 5205 54 35 the

940 5245 97 34 blood
1054 5247 33 32 in
1105 5248 68 31 foul
1190 5248 132 31 disease.

2010 237 95 34 THE

1682 326 367 74 LYELL
2096 329 338 77 TIMES

1821 466 208 33 Newspaper
2051 478 65 23 and
2141 469 161 34 General

1707 557 97 46 JOB
1860 557 281 47 PRINTING
2202 561 212 57 OFFICE,

1825 656 117 38 Cliff
1978 656 157 47 Sxhbkt,
2164 658 100 39 Lvkj,
2272 672 28 25 l.

1688 847 442 49 LETTER-PRESS
2154 849 291 50 PRINTING

2049 969 39 24 OF

1814 1052 153 34 EVERY
2020 1052 303 36 DESCRIPTION

2053 1155 24 22 IN-

1693 1237 249 37 NEATEST
1966 1237 168 37 STYLE
2164 1239 31 36 &
2220 1239 232 36 NEWEST

1948 1322 253 38 DESIGNS.

1697 1507 206 30 BALANCE
1929 1507 176 31 SHEETS

1779 1599 114 33 CALL
1917 1599 254 33 CIRCULARS

1863 1691 223 34 BUSINESS
2110 1692 256 35 CIRCULARS

1947 1785 174 34 MINING
2145 1786 129 34 SCRIP

2032 1879 197 33 RECEIPT
2254 1880 143 34 BOOKS

2186 1973 276 35 BILL-HEADS

1786 2063 230 44 Prospectuses

1870 2154 178 35 Handbills

1953 2248 158 34 Business
2128 2250 101 34 Cards

2165 2343 98 34 Show
2280 2343 101 35 Cards

1811 2433 74 33 And
1902 2445 98 32 every
2016 2434 93 34 other
2126 2436 197 43 description
2340 2440 33 31 of

1708 2523 100 76 J0
1843 2523 36 66 li
1985 2523 481 74 PRINTING

2020 2651 43 23 OK
2092 2651 65 23 THK

1881 2733 232 35 SHORTEST
2137 2735 165 36 NOTICE

2022 2838 65 20 AND
2122 2838 39 22 AT

1747 2918 367 48 WESTPORT
2192 2923 247 47 PRICES.

1931 3125 47 34 To
2006 3125 247 36 Advertisers.

1717 3204 44 32 As
1791 3217 41 20 an
1865 3205 207 43 Advertising
2098 3207 147 32 Medium
2274 3208 54 33 tha
2360 3210 114 31 Lyell

1717 3266 106 34 Timxs
1839 3267 26 34 is
1881 3277 61 25 one
1959 3267 35 35 of
2008 3268 53 35 the
2072 3269 70 34 best
2158 3270 31 33 in
2202 3269 55 36 the
2276 3280 198 37 up-country

1718 3331 153 40 districts,
1887 3333 42 31 its
1942 3332 190 35 eirculation
2149 3335 98 42 being
2266 3335 85 42 large
2368 3337 35 33 in
2420 3337 55 33 the

1717 3393 164 43 following
1918 3393 349 50 places:—'Township
2301 3399 36 33 of
2370 3400 105 43 Lyell,

1717 3457 178 37 Zalatown,
1909 3458 95 44 Lytli
2017 3460 113 40 Creek,
2145 3460 80 35 New
2237 3462 112 40 Creek,
2364 3463 113 44 Upper

1723 3521 117 38 duller,
1859 3523 84 31 Fern
1961 3523 85 38 Flat,
2064 3524 133 32 Central
2213 3525 125 39 13uller,
2367 3528 86 41 Long-

1717 3581 80 39 ford,
1817 3582 200 42 Murchison,
2052 3584 206 41 Matakitaki,
2276 3586 199 45 laangahua

1717 3644 167 34 Junction,
1916 3646 173 42 Westport,
2119 3648 147 37 Reefton,
2297 3650 65 32 and
2384 3651 94 33 other

1717 3714 124 27 centres
1877 3709 37 33 of
1952 3709 192 43 population
2192 3724 43 21 on
2282 3713 55 33 the
2385 3715 93 34 West

2041 3771 107 36 Coast.

1939 3932 47 33 To
2015 3933 239 35 Subscribers.

1720 4010 67 33 The
1804 4011 112 34 Lyell
1933 4013 106 32 Times
2064 4013 149 35 contains
2229 4015 55 34 the
2302 4015 95 36 latest
2413 4018 65 33 and

1761 4080 85 27 most
1875 4076 132 33 reliable
2039 4088 88 22 Mews
2157 4079 31 32 of
2229 4079 43 33 all
2309 4083 129 42 mining

1802 4143 136 28 matters
1961 4139 33 33 in
2011 4140 55 33 the
2093 4141 92 43 Lyell
2201 4142 64 33 and
2283 4142 114 45 Upper

1823 4200 114 36 Bailer
1952 4201 152 36 Districts
2121 4205 64 33 aad
2213 4205 54 34 the
2284 4205 91 34 West

1844 4266 98 31 Coast
1950 4267 166 41 generally
2125 4268 229 39 togstherwith

1865 4326 43 33 all
1933 4327 130 43 general
2081 4341 88 21 news
2185 4330 35 34 of
2246 4343 64 21 com-

1886 4391 132 33 mercial
2035 4391 198 44 imporance,
2251 4393 65 34 and

1911 4454 26 32 is
1949 4454 158 34 therefore
2117 4467 17 21 a
2144 4456 149 34 valuable

1930 4528 111 23 source
2067 4519 35 33 of
2125 4527 149 27 accurate

1943 4581 212 36 information
2164 4589 32 29 to
2206 4585 54 34 the

1971 4643 131 44 mining
2112 4646 25 32 &
2150 4657 61 22 mer-

1990 4709 120 31 cantile
2127 4720 64 22 com-

2019 4754 168 35 munities.

1726 4906 69 33 The
1811 4906 106 33 Times
1933 4907 26 34 is
1983 4907 173 44 published
2179 4921 99 33 every
2306 4912 176 46 Saturday,

2025 4986 33 28 at
2074 4984 17 31 7
2108 4994 77 21 a.m.

1729 5139 117 32 Orders
1859 5139 48 33 for
1918 5139 63 32 Job
1994 5139 149 42 Printing
2155 5153 37 21 or
2203 5142 283 36 Advertisements

1728 5202 42 45 by
1785 5207 73 40 post
1872 5214 36 22 or
1923 5202 166 46 telegraph
2117 5203 67 35 will
2210 5206 122 34 receive
2355 5214 133 39 prompt

2023 5266 172 35 attention.

1735 5435 163 72 The
1943 5435 234 90 Lyell
2224 5436 262 76 Times

2079 5601 65 23 AND

1771 5697 210 34 CENTRAL
2019 5700 185 32 BULLER
2243 5702 205 33 GAZETTE

2025 5818 174 27 GENERAL

1729 5911 106 48 JOP
1895 5912 290 51 PRINTING
2258 5916 230 61 OFFICE,

1896 6033 134 34 CLIFF
2061 6034 62 36 ST.
2169 6037 159 34 LYELL.

2575 257 100 37 THE
2701 255 165 38 STAMP
2893 255 105 46 ACT,
3027 255 101 39 1875.

2476 372 268 66 /^JAUTION.
2750 372 278 38 —Transferors
3043 374 183 37 andtra*s

2587 426 53 38 fer
2657 427 73 37 fees
2748 428 36 35 in
2800 429 78 46 fold
2902 425 136 49 mining
3050 426 67 36 and
3132 426 103 37 otW

2474 480 201 47 companies
2706 480 70 36 and
2810 479 167 37 societies
3007 493 60 23 are
3097 480 139 35 warned

2475 532 136 42 against
2638 532 191 48 executing
2858 544 66 35 any
2965 531 219 37 instrument
3202 529 39 38 af

2476 586 70 33 sale
2565 596 39 24 or
2624 585 154 37 transfer
2798 588 118 33 unless
2932 585 61 36 the
3006 597 103 23 name
3124 587 34 34 of
3177 584 62 37 the

2478 635 190 47 purchaser
2702 648 40 25 or
2777 637 200 36 transferee
3019 635 29 36 is
3079 635 161 37 iuserteA

2479 688 136 35 therein
2650 692 38 31 at.
2725 701 40 24 or
2794 689 121 36 before
2949 688 62 37 the
3048 694 191 31 execution

2481 739 143 45 thereof,
2647 753 20 23 a
2687 741 189 37 maximum
2909 741 145 45 penalty
3072 741 40 36 of
3136 740 104 37 £IOO

2481 793 108 35 undtr
2635 793 136 36 section
2814 795 77 41 103,
2935 793 105 47 being
3073 791 167 38 incurred

2481 843 159 47 thereby.
2689 844 82 50 Any
2786 845 85 37 such
2885 845 230 44 instrument,
3130 856 87 24 more-

2482 909 95 31 over,
2596 909 37 23 so
2649 896 121 46 signed
2791 898 29 36 is
2851 897 201 46 absolutely
3072 897 78 36 v®id
3171 896 69 36 and

2483 948 228 48 inoperative,
2742 951 66 35 and
2839 950 83 36 does
2949 955 63 29 not
3032 949 117 39 divest
3182 948 60 35 the

2485 1004 193 32 transferor
2697 1002 37 34 of
2767 1002 50 34 his
2834 1002 149 35 interest
3004 1000 151 44 therein,
3174 1000 68 36 and

2485 1053 42 37 he
2547 1054 147 35 remains
2715 1054 104 36 liable
2838 1056 148 34 thereon
3005 1068 37 21 as
3062 1054 28 35 if
3117 1054 41 35 he
3177 1053 65 36 had

2487 1116 104 23 never
2610 1104 165 47 disposed
2795 1109 32 31 of
2862 1104 60 36 the
2942 1119 106 22 same.
3116 1105 33 37 It
3186 1105 58 35 th<*

2473 1158 1 49 |
2488 1159 194 32 transferor
2716 1158 40 33 be
2777 1171 17 20 a
2827 1158 155 35 licensed
3010 1158 236 35 shareUroker

2490 1209 50 34 his
2559 1208 129 35 license
2723 1208 28 36 is
2784 1209 165 36 forfeited
2981 1209 266 37 on*convictir,ti

2488 1263 65 32 and
2574 1259 190 37 thereafter
2796 1261 40 35 he
2855 1262 28 34 is
2913 1262 219 48 disqualified
3163 1263 91 34 from

2488 1312 120 45 actiug
2638 1324 38 24 as
2710 1325 18 23 a
2749 1313 127 35 broker
2895 1326 39 24 or
2965 1317 87 33 frotn
3091 1313 121 45 having
3236 1327 18 23 a

2493 1364 90 36 fresh
2605 1364 130 37 iicense
2748 1366 117 36 issued
2887 1373 36 28 to
2938 1366 81 36 him.

2586 1496 302 37 POSTAGE
2938 1498 223 37 KATES.

2718 1643 107 26 TOWN
2855 1643 173 26 LETTERS.

2540 1682 132 39 Posted
2704 1689 38 33 afc
2770 1697 66 35 any
2871 1684 85 37 Post
2989 1684 110 38 (JfSce
3135 1686 123 38 withia

2496 1748 56 37 thff
2572 1748 123 49 colony
2715 1750 55 35 for
2788 1749 155 50 delivery
2960 1755 36 32 at
3015 1763 38 23 or
3067 1750 87 37 from
3171 1750 87 39 such

2498 1811 84 38 Post
2602 1812 110 39 Office
2733 1827 56 23 :

2500 1881 67 38 Not
2584 1883 192 46 exceeding
2794 1883 73 38 half
2885 1896 41 25 an
2948 1896 113 26 ounce
3125 1916 36 8 ...
3219 1885 41 37 Id

2503 1937 194 46 Kxceeding
2717 1938 73 35 half
2805 1951 43 22 an
2867 1951 124 31 ounce,
3022 1942 63 33 but
3103 1945 64 30 nat

2542 1989 192 45 exceeding
2752 2003 67 23 one
2838 2003 114 24 ounce
3125 2023 36 6 ...
3215 1993 47 36 2d

2502 2041 64 36 For
2583 2054 107 27 every
2710 2041 74 36 half
2800 2055 112 23 ounce
2930 2057 82 22 over
3031 2056 67 24 on©
3128 2074 36 8 ...
3219 2045 43 36 Id

2693 2121 174 26 COUNTRY
2886 2123 174 27 LRTTKRS.

2547 2161 126 38 Posted
2695 2171 36 27 at
2749 2175 65 34 any
2847 2168 79 39 post
2942 2163 99 38 office
3203 2164 62 39 the

2500 2225 124 49 colony
2658 2225 54 37 for
2750 2224 155 50 deli?ery
2937 2230 37 33 at
3005 2239 38 24 or
3076 2226 89 38 from
3198 2239 69 38 any

2500 2289 103 35 other
2615 2295 80 40 post
2708 2288 98 36 office
2827 2288 120 36 within
2968 2289 60 36 the
3045 2292 126 47 coloay
3186 2307 56 19 :

2505 2357 71 37 Not
2594 2358 192 45 exceeding
2805 2357 73 37 half
2893 2372 43 23 an
2957 2373 113 24 ounce
3129 2391 35 12 ...
3220 2361 43 36 2d

2507 2411 195 47 Exceeding
2722 2410 70 37 half
2810 2424 42 23 an
2872 2424 124 34 ounce,
3015 2413 63 37 but
3108 2418 64 32 net

2547 2465 191 46 exceeding
2754 2477 65 23 one
2837 2477 113 25 ©unce
3130 2497 36 7 ...
3220 2466 47 36 4d

2507 2516 65 35 For
2606 2528 104 35 every
2738 2515 75 37 half
2844 2529 114 25 ounce
2985 2530 86 23 ever
3107 2531 67 24 ©ne

2549 2582 114 26 ounce
2755 2602 36 8 ...
2943 2603 37 8 ...
3132 2604 36 7 ...
3223 2571 45 39 2d

2654 2661 236 27 AUSTRALIAN
2917 2662 198 27 COLONIES.

2508 2723 72 38 Not
2596 2724 192 48 exceeding
2808 2725 74 38 half
2904 2738 44 24 an
2968 2738 113 26 ounce
3135 2758 37 10 ...
3225 2727 46 39 2d

2510 2778 194 47 Exceeding
2723 2778 75 37 half
2823 2792 45 24 an
2886 2792 126 33 ounce,
3032 2780 65 38 but
3114 2786 64 33 aot

2551 2831 191 44 exceeding
2760 2843 67 23 one
2846 2844 113 24 ounce
3135 2863 37 8 ...
3225 2834 47 37 4d

2510 2881 66 38 For
2608 2895 102 38 every
2742 2881 75 39 half
2848 2896 113 25 ounoe
2996 2896 83 26 ever
3112 2898 67 26 eae

2552 2949 114 24 ounce
2758 2965 38 10 ...
2946 2966 38 10 ...
3135 2970 37 8 ...
3225 2940 47 37 3d

2533 3027 173 27 ENGLAND
2731 3027 77 27 AND
2834 3027 169 28 FOREIGN
3020 3029 224 29 COUNTRIES.

2719 3102 69 38 Per
2806 3102 92 38 Half
2926 3102 139 40 Ounce.

2511 3155 135 39 United
2669 3156 188 49 Kingdom,
2890 3158 54 37 via
2972 3161 69 35 San
3067 3157 89 39 Fran-

2556 3210 93 36 cisco
2667 3209 68 37 and
2762 3211 88 35 Suez
3137 3236 40 10 ...
3229 3214 46 37 6d

2516 3260 129 40 United
2682 3262 118 38 States
2834 3260 38 40 of
2911 3262 176 49 America,
3128 3264 54 38 via

2557 3318 68 35 San
2647 3316 192 38 Francisco
3141 3349 38 9 ...
3232 3321 46 37 6d

2512 3369 183 38 Sandwich
2714 3369 153 47 Islands,
2895 3370 54 38 via
2982 3369 69 39 San
3069 3370 90 38 Fran-

2559 3435 93 24 cisco
2952 3455 35 7 ...
3140 3456 35 8 ...
3230 3427 49 38 0d

2514 3474 180 40 Canadian
2737 3474 225 51 Dominions,
3003 3476 56 39 via
3114 3477 71 40 Saa

2561 3529 193 36 Francisco
2954 3561 37 7 ...
3141 3562 37 8 ...
3232 3534 47 36 §4

2517 3579 131 38 British
2669 3579 189 40 Columbia
2954 3612 38 9 ...
3142 3614 37 8 ...
3244 3584 37 39 Is

2518 3634 101 36 West
2637 3633 124 36 Indies
2954 3666 36 7 ...
3140 3667 36 7 ...
3242 3640 39 34 1»

2516 3685 152 47 Mexico,
2686 3685 55 39 via
2756 3686 69 38 San
2846 3686 195 41 Franeisce
3143 3720 36 8 ...
3243 3692 38 36 Js

2515 3739 147 37 Central
2684 3741 166 36 America
3144 3773 36 8 ...
3245 3746 38 34 Is

2514 3790 112 46 South
2644 3791 178 50 Aatrica,
2838 3793 55 40 via
2908 3793 69 40 San
2993 3793 191 42 Francisco
3245 3800 38 38 lg

2771 3876 263 30 3BWSPAPBRS.

2520 3932 126 37 Posted
2680 3945 21 24 a
2749 3946 69 33 any
2849 3935 101 38 office
2982 3936 123 38 within
3133 3937 62 37 tbe

2560 3986 126 48 colony
2705 3991 56 32 for
2780 3988 157 49 delivery
2954 3995 38 31 at
3018 3989 61 37 the
3097 4003 95 25 same

2560 4036 101 39 office
2961 4075 35 7 ...
3148 4070 39 10 ...

2519 4090 127 37 Posted
2678 4101 37 27 at
2745 4106 70 36 any
2846 4093 101 39 office
2978 4095 126 37 within
3131 4097 62 37 the

2560 4142 126 50 colony
2705 4144 56 37 for
2780 4146 155 49 delivery
2955 4153 37 31 at
3006 4161 69 37 any
3091 4149 105 39 other

2561 4194 99 39 office
2679 4197 120 38 within
2820 4199 61 37 the
2898 4200 131 49 colony
3153 4235 36 7 ...

2517 4249 207 38 Australian
2741 4252 170 38 Colonies
3156 4289 35 6 ...

2519 4299 133 38 United
2672 4301 187 48 Kingdom
3152 4340 37 8 ...
3246 4310 37 37 Id

2704 4380 69 39 Via
2792 4384 70 36 San
2891 4384 210 41 Francisco.

2517 4442 134 38 United
2672 4443 122 40 States
2813 4449 35 34 of
2866 4449 170 40 America
3154 4485 37 8 ...
3247 4456 36 36 Id

2517 4496 185 37 Sandwich
2719 4497 144 40 Islands
3154 4539 37 8 ...

2518 4550 180 38 Canadian
2718 4551 215 43 Dominions
3154 4593 36 9 ...
3245 4562 38 39 2d

2524 4602 129 36 British
2675 4605 190 39 Columbia
3154 4645 37 7 ...
3245 4617 38 35 2d

2523 4652 99 39 West
2641 4653 125 42 Indies

2520 4707 12 8 •»
2541 4706 18 14 f
2728 4703 10 9 W
3151 4697 37 9 •••

2519 4711 145 32 Mexico
3244 4723 39 35 2d

2519 4758 146 39 Central
2684 4760 166 42 America
3153 4803 37 9 ...
3245 4774 38 37 2d

2518 4810 114 37 South
2652 4813 189 40 Amerrica
3156 4855 36 9 ...
3246 4826 37 37 2d

2755 4896 103 28 BOOK
2883 4901 170 28 PACKETS

2524 4957 127 38 Poated
2681 4962 38 33 at
2747 4972 68 37 any
2846 4964 99 37 office
2978 4969 126 35 within
3137 4971 61 35 the

2565 5011 127 50 colony
2711 5011 56 38 for
2785 5014 156 48 delivery
2959 5024 37 31 at
3016 5019 60 38 the
3090 5034 108 34 same,

2567 5063 123 37 within
2726 5064 63 37 the
2824 5068 139 49 colony,
2998 5071 62 37 the
3104 5075 94 36 Aus*

2566 5116 129 38 tralian
2714 5117 168 48 colonies,
2900 5135 40 24 or
2970 5123 61 40 the
3062 5125 138 41 United

2570 5168 182 45 Kingdom
2852 5203 37 8 ...
2992 5179 63 36 loz
3157 5211 36 10 ...
3250 5185 19 36 i
3273 5197 10 25 (

2615 5222 57 38 Do
2851 5257 37 8 ...
2989 5232 65 36 2oz
3157 5265 35 9 ...
3248 5240 35 36 2c

2615 5275 57 38 1)0
2853 5309 37 9 -
2995 5284 57 43 «lb
3156 5318 36 9 ...
3246 5292 37 36 4«

2615 5327 59 37 Do
2854 5361 36 8 •••
2995 5336 58 36 lib
3156 5370 37 8 ...
3248 5345 35 34 8c

2504 5378 3 53 ;
2529 5378 110 49 Every
2674 5378 195 40 additional
2897 5386 135 45 pound,
3047 5399 42 27 or
3107 5389 77 41 frac-

2569 5431 115 37 tional
2697 5440 80 42 part
2796 5437 34 33 of
2849 5449 20 23 a
2890 5440 122 44 pouud
3160 5475 38 11 ...
3253 5450 30 35 g<

2724 5513 68 37 Via
2811 5517 69 35 San
2902 5516 205 44 Francisco.

2527 5586 133 39 United
2696 5588 131 44 States,
2858 5606 108 35 every
3162 5630 37 8 ...
3253 5607 30 32 4<

2526 5640 182 39 Sandwich
2728 5640 139 42 Islands
3252 5658 31 29 a.,

3159 5684 9 9 1
3174 5685 9 10 •
3189 5686 9 10 •
3255 5679 28 16 **

2527 5697 177 34 Canadian
2726 5697 213 38 Dominions
3015 5730 21 18 „

2508 5745 2 57 I
2533 5745 127 38 British
2683 5746 189 41 Columbia
3017 5785 20 17 „
3255 5764 28 35 g,

2533 5799 100 37 West
2651 5799 127 38 Indies
3273 5818 10 22 t
