4265 6024
854 1299 248 61 Lyell
1152 1299 297 61 Times.

854 1421 209 33 SATURDAY,
1082 1422 205 29 FEBRUARY
1310 1424 42 30 20,
1375 1424 74 28 1886.

871 1508 58 28 The
942 1508 77 28 usual
1041 1509 104 38 weekly
1165 1511 97 36 partial
1286 1511 125 38 cleaning
1432 1522 35 30 up

837 1551 27 23 nt
877 1548 47 27 the
942 1548 97 36 Alpine
1060 1548 106 37 battery
1187 1558 54 19 was
1265 1560 44 18 ma
1320 1551 24 28 le
1368 1556 85 32 yester-

836 1584 64 37 day,
914 1586 77 26 when
1007 1586 45 27 the
1065 1587 96 32 plates,
1170 1588 100 34 ripples
1284 1589 53 26 and
1352 1589 115 28 berdans

836 1631 67 27 gave
923 1623 50 27 342
993 1632 99 20 ounces
1112 1624 26 28 of
1163 1624 137 38 amalgam
1326 1626 70 29 from
1419 1628 48 28 185

837 1667 59 24 tons
911 1662 30 28 of
950 1666 86 25 stone.

870 1708 58 28 The
943 1709 65 27 Rev.
1029 1709 43 28 Mr
1084 1709 32 28 A.
1131 1710 84 28 Innes
1233 1711 84 28 Jmes
1330 1712 52 27 will
1403 1722 46 19 con-

836 1746 65 28 duct
929 1746 92 28 divine
1051 1757 13 18 s
1081 1749 72 26 rvice
1180 1752 29 25 at
1239 1749 38 28 St.
1311 1750 155 29 Matthew's

837 1783 107 29 Church
966 1789 157 25 to-moirow
1137 1788 127 35 morning
1283 1793 27 22 at
1329 1789 47 27 the
1391 1789 76 29 usual

836 1824 78 26 hour.

870 1869 57 28 The
952 1873 167 26 contractors
1143 1871 28 28 in
1196 1871 45 28 the
1269 1872 100 29 Uuited
1395 1874 74 37 Italy

836 1907 62 27 who
912 1917 44 18 are
969 1917 61 17 now
1044 1908 108 37 sinking
1164 1910 69 27 from
1248 1910 46 28 the
1312 1913 75 26 main
1407 1916 45 25 tun-

835 1945 44 30 nel
893 1945 52 31 last
958 1946 172 38 Wednesday
1143 1948 94 29 struck
1250 1959 16 18 a
1279 1949 59 30 well
1359 1951 109 30 defined

835 1993 34 20 re<
881 1985 13 27 f
912 1988 16 24 3
949 1988 52 26 feet
1023 1986 118 35 through
1163 1989 53 27 and
1237 1997 44 19 are
1303 1998 62 19 now
1387 1991 83 35 going

834 2022 80 28 down
942 2024 64 27 with
1032 2025 30 26 it.
1115 2025 57 28 The
1208 2025 120 30 distance
1358 2028 111 36 already

834 2061 122 26 attained
969 2062 22 25 is
1004 2063 16 25 G
1033 2062 54 27 feet
1103 2063 54 27 and
1179 2064 47 27 the
1248 2065 58 26 reef
1326 2065 144 37 becoming

834 2097 87 30 better
933 2097 106 31 defined
1053 2100 63 28 with
1131 2100 122 35 hanging
1265 2103 54 28 and
1331 2103 55 29 foot
1397 2103 70 29 wall.

835 2137 57 28 The
905 2137 134 38 underlay
1051 2139 30 28 of
1091 2139 46 28 the
1155 2141 60 29 reef
1232 2142 23 27 is
1277 2146 66 30 east,
1366 2143 103 29 similur

833 2180 27 22 to
876 2176 45 27 the
934 2176 108 34 Alpine.
1078 2179 24 26 A
1115 2179 68 27 little
1199 2180 62 34 gold
1279 2190 52 18 can
1351 2181 32 28 be
1404 2191 63 18 seen

832 2212 29 28 in
876 2212 45 28 the
935 2219 77 23 stone
1025 2214 112 37 already
1150 2216 82 27 taken
1246 2222 56 23 out.
1340 2219 59 26 The
1410 2229 42 25 pre-

832 2255 61 22 sent
906 2256 122 22 contract,
1041 2252 22 26 is
1076 2252 41 28 for
1128 2253 110 35 sinking
1250 2255 87 28 winze
1357 2258 35 26 20
1405 2257 62 33 feet,

832 2287 89 28 which
947 2289 56 27 will
1027 2289 33 29 be
1084 2290 149 30 contiuued
1258 2297 28 24 to
1314 2303 16 19 a
1359 2299 107 30 greater

832 2325 83 37 depth
929 2327 99 28 should
1042 2328 46 28 the
1102 2334 77 24 stone
1192 2332 105 26 remain
1316 2332 30 28 of
1364 2334 104 27 similar

832 2364 78 27 value
931 2369 27 24 to
980 2365 61 29 that
1063 2366 83 29 taken
1169 2372 56 25 out.
1274 2370 57 28 The
1356 2376 110 31 present

831 2402 142 38 discovery
996 2404 54 30 •vUI
1072 2414 36 20 no
1134 2405 86 31 doubt
1244 2417 150 28 encourage
1420 2410 46 29 the

830 2440 129 27 directors
973 2446 28 22 to
1016 2447 47 28 put
1076 2443 71 27 their
1159 2444 108 35 battery
1278 2446 29 26 in
1331 2447 134 35 thorough

830 2477 122 39 working
964 2478 80 31 order
1066 2480 54 29 and
1140 2490 113 28 procure
1276 2482 116 31 berdans
1413 2485 53 30 and

830 2517 79 29 other
922 2518 157 36 appliances
1092 2520 41 28 for
1150 2520 47 30 the
1219 2522 86 29 better
1325 2525 97 35 saving
1443 2527 27 26 of

830 2555 71 33 gold,
916 2557 89 27 which
1020 2557 75 27 work
1110 2558 56 28 will
1185 2558 31 29 be
1241 2560 82 28 taken
1342 2563 29 27 in
1389 2562 76 28 hand

830 2597 29 25 at
871 2604 76 18 once.

865 2642 91 28 Frank
976 2643 77 32 Bird,
1067 2645 76 35 Esq.,
1157 2645 75 28 R.M.
1256 2647 54 27 and
1334 2648 130 32 Warden,

829 2678 64 30 held
918 2680 97 30 Courts
1039 2691 37 20 on
1100 2682 174 40 Wednesday
1298 2684 61 31 last.
1406 2687 58 30 The

829 2719 67 36 only
908 2730 60 19 case
981 2729 29 20 in
1023 2722 47 28 the
1082 2722 62 29 civil
1165 2723 44 28 list
1227 2734 56 19 was
1302 2725 164 36 Armstrong

829 2766 26 19 v.
877 2758 154 35 Redmond,
1051 2760 81 28 claim
1147 2761 41 28 for
1201 2764 40 26 £2
1262 2764 29 27 3*
1314 2764 43 31 61,
1382 2765 82 28 board

829 2795 56 28 and
909 2796 111 36 lodging
1042 2798 54 28 and
1123 2800 212 35 refreshments;
1355 2802 46 28 the
1426 2813 26 18 re-

829 2833 166 30 freshments
1018 2845 70 19 were
1116 2836 165 36 disallowed,
1308 2840 55 26 and
1384 2840 63 37 judg-

831 2876 78 25 raent
928 2873 78 35 given
1030 2873 42 30 for
1094 2875 37 29 Ml
1155 2877 46 27 16s
1214 2876 34 29 Gd
1268 2877 55 29 and
1342 2880 31 26 6s
1385 2865 80 42 cost's.

830 2911 35 27 In
895 2911 47 28 the
972 2912 144 29 Warden's
1146 2915 85 28 Court
1265 2916 44 28 W.
1347 2917 119 29 Walsh's

830 2949 166 37 application
1016 2951 41 28 for
1081 2955 82 25 water
1176 2962 61 19 race
1256 2964 56 18 was
1333 2956 133 34 granted;

830 2987 33 26 F.
887 2987 29 27 J.
938 2988 141 27 Willson's
1091 2990 167 35 application
1278 2993 41 26 for
1339 2994 127 27 machine

831 3024 60 32 site,
916 3034 55 19 was
995 3026 114 33 granted
1134 3027 102 37 subject
1263 3032 27 26 to
1316 3039 100 29 survey
1445 3032 22 28 if

830 3062 85 30 found
933 3073 160 30 necessary;
1112 3065 45 31 the
1170 3066 167 39 application
1359 3069 42 30 for
1418 3070 49 31 the

832 3102 176 30 Commotion
1029 3105 143 35 Company
1196 3106 37 35 by
1253 3108 42 27 W.
1319 3109 30 27 P.
1374 3110 91 28 Smith

832 3140 54 27 and
900 3140 34 27 N.
948 3141 102 29 Cacace
1063 3152 55 18 was
1137 3143 86 36 object
1240 3144 18 28 d
1270 3150 28 23 to
1317 3145 36 37 by
1368 3146 97 34 Henry

832 3178 132 36 Cosgrove
989 3189 36 19 on
1044 3179 47 30 the
1111 3182 119 33 grounds
1255 3183 29 29 of
1305 3185 113 37 priority
1439 3186 28 28 of

832 3219 169 35 occupation,
1021 3219 55 27 and
1097 3219 46 28 the
1168 3221 118 28 Warden
1311 3224 151 35 adjourned

833 3254 45 30 the
898 3255 164 39 application
1087 3257 42 30 for
1150 3258 46 29 the
1218 3259 129 32 evidence
1369 3263 30 29 of
1418 3263 46 30 the

832 3303 145 29 surveyor;
997 3296 37 29 H.
1056 3297 114 30 Garbett
1182 3299 55 28 and
1255 3300 29 28 P.
1306 3301 158 31 Francoui's

831 3334 165 37 application
1020 3336 42 29 for
1085 3336 46 30 the
1162 3338 91 29 Wheel
1284 3340 31 29 of
1342 3341 121 30 Fortune

831 3373 144 36 Company
987 3384 56 20 was
1055 3377 219 30 recommended.

864 3425 51 28 We
927 3429 88 30 regret
1026 3429 29 26 to
1068 3431 68 26 state
1151 3429 59 29 that
1219 3430 54 29 last
1283 3431 126 37 Tuesday
1419 3432 43 29 Mr

831 3463 75 29 John
943 3464 113 31 Fennell
1091 3466 111 32 became
1241 3472 162 37 apparently
1433 3482 29 20 so

830 3502 181 40 dangerously
1021 3505 28 29 ill
1061 3506 60 29 that
1130 3507 21 29 it
1159 3518 55 19 was
1225 3509 84 29 found
1318 3520 144 27 necessary

832 3545 26 26 to
877 3552 110 19 remove
1013 3542 57 31 him
1090 3550 28 24 to
1139 3545 137 40 Westport
1294 3549 42 28 for
1356 3551 106 29 outside

830 3580 116 29 medical
977 3584 170 29 attendance.
1197 3587 83 27 From
1316 3588 146 35 telegrams

830 3618 121 28 received
972 3621 145 36 yesterday
1139 3623 54 27 and
1211 3625 95 35 to-day
1327 3625 70 28 from
1421 3627 41 27 his

831 3655 113 30 medical
967 3657 128 35 advisers,
1115 3670 39 19 we
1168 3660 65 30 hear
1255 3662 60 30 that
1327 3662 43 29 his
1390 3674 54 19 com-

830 3696 85 35 plaint
928 3697 23 27 is
968 3702 48 23 not
1029 3708 16 18 a
1058 3698 151 35 dangerous
1228 3712 60 24 one,
1308 3703 80 34 being
1401 3713 45 19 con-

829 3733 73 29 fined
927 3739 27 24 to
976 3735 153 31 rheumatic
1153 3739 79 36 pains
1256 3741 29 27 in
1310 3741 46 28 the
1381 3742 81 36 body.

830 3772 27 27 It
876 3771 22 28 is
916 3774 128 34 expected
1063 3775 60 27 that
1137 3776 33 27 he
1184 3778 53 27 will
1252 3778 31 27 he
1296 3779 67 27 suffi
1373 3780 10 27 i
1402 3773 59 44 ntiy

829 3808 117 30 relieved
959 3813 27 25 to
1007 3812 94 28 enable
1115 3813 43 28 his
1181 3818 93 25 return
1294 3820 28 24 to
1336 3817 78 36 Lyell
1433 3818 29 28 in

829 3857 16 18 a
859 3848 50 28 few
923 3848 75 38 days,
1012 3859 29 19 as
1059 3851 125 30 enforced
1203 3853 113 30 absence
1336 3856 68 27 from
1419 3857 43 28 his

828 3887 87 27 active
944 3886 124 31 business
1099 3890 45 28 life
1165 3895 28 24 to
1219 3901 16 18 a
1264 3902 66 19 man
1362 3893 30 29 of
1419 3894 42 29 his

829 3929 200 33 temperament
1054 3928 56 29 will
1139 3934 49 25 not
1214 3931 119 30 conduce
1366 3937 27 25 to
1419 3934 43 29 his

828 3964 100 36 speedj?'
939 3973 136 29 recovery.

864 4019 44 29 Mr
932 4020 153 37 Brentnall,
1111 4022 29 30 of
1163 4023 46 30 the
1236 4025 95 30 Public
1362 4026 99 31 Works

828 4059 190 34 Department,
1043 4060 23 28 is
1091 4067 29 23 at
1143 4068 109 30 present
1279 4067 121 32 engaged
1430 4067 28 27 in

829 4095 112 36 making
964 4097 63 28 trial
1053 4107 112 28 surveys
1185 4104 28 24 to
1238 4101 151 29 determine
1414 4104 46 28 the

828 4133 58 30 best
898 4137 76 27 route
988 4135 41 30 for
1042 4136 45 30 the
1108 4138 64 29 road
1187 4138 69 30 from
1276 4140 47 30 the
1345 4141 113 31 Nelson-

829 4173 79 35 Lyell
916 4174 74 27 main
1000 4176 64 27 road
1074 4180 27 23 to
1110 4177 46 28 the
1165 4179 84 26 Owen
1259 4180 75 27 reefs.
1372 4182 87 27 There

828 4220 45 19 are
887 4215 53 25 two
953 4212 68 28 lines
1034 4213 102 38 spoken
1149 4215 35 35 of,
1198 4226 51 19 one
1263 4217 139 36 following
1412 4219 45 29 the

828 4252 85 27 Owen
937 4252 71 29 river
1031 4252 72 29 bank
1129 4262 27 21 to
1181 4257 140 34 Baigent's
1346 4259 111 34 station,

828 4288 102 28 distant
951 4290 83 27 about
1055 4293 39 25 six
1114 4293 77 27 miles
1203 4302 7 24 ;
1229 4295 55 26 and
1311 4296 45 26 the
1381 4297 78 26 other

828 4326 116 34 starting
956 4329 70 27 from
1040 4328 102 38 Grassy
1156 4331 95 32 Patch,
1263 4341 15 20 a
1292 4333 75 37 point
1377 4334 82 29 about

828 4369 54 24 two
895 4366 54 27 and
972 4367 89 27 a-lmlf
1071 4368 78 28 miles
1163 4379 34 18 on
1219 4371 44 27 the
1287 4372 101 28 Nelson
1403 4373 56 28 side

828 4402 30 29 of
879 4403 46 28 the
950 4405 96 28 mouth
1068 4406 31 28 of
1120 4407 46 28 the
1189 4408 83 29 Owen
1298 4410 79 28 river.
1416 4412 44 28 Mr

828 4442 143 29 Brentnall
984 4443 55 28 will
1053 4445 150 29 determine
1224 4448 89 28 which
1336 4450 31 27 of
1383 4450 76 29 these

828 4483 53 24 two
894 4485 91 23 routes
997 4482 24 27 is
1036 4482 45 28 the
1094 4483 68 33 best,
1175 4485 78 27 when
1276 4487 108 27 tenders
1403 4488 56 28 will

828 4517 33 29 be
891 4519 86 29 called
1007 4520 41 29 for
1071 4521 47 29 the
1146 4525 184 29 construction
1358 4527 30 27 of
1416 4528 43 28 the

828 4558 83 26 work.
949 4558 89 28 When
1063 4560 55 27 this
1139 4562 23 27 is
1181 4565 153 33 completed
1355 4570 22 22 it
1401 4566 55 27 will

828 4600 48 22 not
889 4594 31 27 be
933 4595 64 34 long
1010 4596 89 28 before
1114 4607 37 19 we
1166 4600 54 26 will
1240 4600 70 28 have
1329 4602 130 38 crushing

828 4633 160 36 machinery
1012 4643 35 19 on
1068 4634 46 30 the
1136 4638 114 33 ground,
1273 4649 30 17 as
1323 4643 46 24 the
1398 4651 61 18 men

830 4671 147 35 managing
1001 4672 46 27 the
1071 4674 69 26 reefs
1168 4678 28 24 at
1221 4676 83 28 Owen
1336 4687 44 19 are
1411 4685 49 21 not

830 4707 82 39 likely
924 4712 28 25 to
972 4708 37 31 let
1030 4709 46 30 thy
1098 4720 76 28 grass
1187 4722 73 28 grow
1280 4714 87 30 under
1386 4716 72 31 their

828 4747 61 28 feet.

864 4795 43 27 Mr
920 4796 96 35 Henry
1029 4797 98 33 Lucas,
1140 4799 46 28 the
1201 4800 139 34 Registrar
1348 4802 31 29 of
1383 4800 61 33 Elec-

829 4835 54 26 tors
907 4835 40 25 ior
972 4835 45 26 the
1043 4835 173 38 Inangahua,
1241 4839 50 27 lias
1320 4842 94 34 posted
1445 4852 13 18 a

828 4871 116 28 number
956 4873 30 27 of
997 4872 148 38 objections
1158 4878 107 35 against
1280 4887 110 27 persons
1400 4880 61 29 who

827 4909 70 30 have
916 4911 96 30 ceased
1032 4918 27 23 to
1080 4914 87 28 reside
1188 4916 28 27 in
1241 4916 60 29 that
1325 4918 134 29 Electoral

829 4949 119 28 District.
987 4951 80 28 Some
1081 4952 30 27 of
1121 4952 46 28 the
1180 4963 112 28 persons
1302 4956 121 35 objected
1435 4963 26 23 to

827 4995 61 20 now
902 4988 85 28 reside
1001 4989 27 28 in
1044 4989 53 29 and
1111 4990 83 30 about
1207 4993 87 36 Lyell,
1307 4994 54 28 and
1382 4995 77 29 those

827 5035 112 26 persons
961 5028 108 33 should,
1090 5029 23 27 if
1132 5030 66 36 they
1222 5031 70 29 have
1317 5033 67 28 been
1410 5044 51 18 one

827 5064 96 28 month
939 5064 71 32 here,
1031 5067 83 37 apply
1137 5074 28 22 to
1186 5069 68 28 have
1275 5071 71 27 their
1367 5082 94 18 names

828 5104 161 28 transferred
1004 5110 27 22 to
1045 5105 45 29 the
1095 5097 8 7 *
1111 5106 93 29 Duller
1225 5108 58 34 roll,
1304 5109 113 29 because
1438 5112 22 27 if

827 5141 65 36 they
907 5142 80 36 delay
1000 5143 82 34 doing
1095 5155 37 17 so.
1147 5147 55 27 and
1214 5148 73 26 their
1299 5158 95 19 names
1415 5159 46 18 are

827 5181 126 26 removed
975 5181 70 28 from
1065 5183 46 27 the
1132 5183 163 34 Inangahua
1319 5187 50 27 roll
1396 5188 63 26 then

829 5216 64 38 they
915 5218 55 28 will
993 5219 31 28 be
1046 5220 98 30 unable
1164 5227 27 22 to
1212 5228 45 28 get
1277 5223 71 29 their
1367 5234 94 19 names

827 5256 93 31 placed
934 5266 34 19 on
982 5267 54 26 any
1050 5259 78 28 other
1140 5260 51 28 roll
1213 5261 68 29 until
1304 5263 64 36 they
1392 5263 68 29 have

826 5294 105 30 resided
957 5295 39 30 six
1022 5297 112 30 months
1157 5298 29 30 in
1212 5300 47 30 the
1284 5300 107 31 district
1421 5302 40 30 for

826 5334 88 28 which
940 5335 65 37 they
1029 5346 65 26 may
1118 5338 67 28 wish
1212 5345 27 22 to
1265 5339 32 28 be
1328 5343 130 26 enrolled.

826 5372 57 28 The
898 5382 143 27 necessary
1055 5376 83 27 forms
1160 5376 41 27 for
1225 5377 45 28 tbe
1293 5379 165 35 application

827 5419 49 17 can
901 5410 32 27 be
958 5411 128 28 obtained
1111 5414 70 26 from
1207 5414 43 28 Mr
1274 5416 33 26 A.
1333 5417 127 28 Corfield.

826 5446 78 27 Clerk
917 5447 30 27 of
956 5449 46 27 the
1016 5450 83 27 Court
1112 5454 28 24 at
1154 5452 88 35 Lyell.

860 5494 56 28 The
946 5496 139 37 following
1108 5497 93 29 letters
1222 5499 70 29 have
1316 5500 68 29 been
1415 5511 25 20 re-

826 5532 90 29 ceived
930 5538 28 22 at
972 5535 45 26 the
1034 5535 73 35 Lyell
1123 5537 63 27 Post
1298 5539 98 35 during
1412 5541 43 26 the

828 5571 109 28 months
960 5572 29 28 of
1007 5573 151 29 December
1176 5575 53 29 and
1252 5576 123 38 January
1397 5578 60 29 last.

834 5609 44 29 md
904 5614 103 25 remain
1033 5612 249 31 unclaimed:—W.
1312 5617 36 27 11.
1374 5617 73 28 Peno

831 5648 24 27 P.
873 5648 34 29 M.
924 5650 114 29 French,
1053 5651 98 36 Finlay
1165 5652 148 30 M'Millan.

861 5696 47 28 We
922 5697 69 28 have
1005 5698 68 28 been
1087 5699 158 29 threatened
1255 5703 63 26 with
1334 5702 112 30 dreadfu

833 5744 189 28 •onequences
1036 5738 18 27 if
1069 5747 38 18 we
1123 5738 122 37 publishes
1255 5739 9 28 1
1280 5740 45 28 the
1339 5751 80 20 name
1433 5753 14 18 o

842 5783 17 17 n
891 5774 136 29 inebreate
1053 5776 61 28 who
1139 5778 132 35 appeared
1299 5780 87 28 before
1414 5782 37 27 tin

840 5811 116 28 lesident
995 5812 157 34 Magistrate
1186 5815 52 28 last
1277 5816 170 39 Wednesday

827 5849 51 29 /or
892 5850 45 28 the
953 5851 177 31 iufonudtiun
1144 5853 30 30 of
1182 5852 58 31 said
1254 5853 134 30 inebi'eate
1404 5867 51 16 auu

1502 222 91 29 others
1619 225 133 35 similarly
1776 227 118 27 situated
1915 236 41 19 we
1976 237 65 25 may
2066 232 68 23 state

1502 261 62 27 that
1584 266 70 23 most
1676 270 171 28 newspapers
1866 263 82 37 adopt
1962 264 45 28 the
2028 265 58 27 rule
2108 267 31 26 of

1504 297 190 37 withdriwing
1714 300 46 29 the
1784 310 81 19 name
1885 305 39 25 lor
1944 302 46 29 the
2010 303 60 29 first
2089 313 31 28 ap-

1504 348 16 26 p
1538 348 104 23 arance,
1664 338 49 29 but
1732 349 55 26 any
1807 340 167 37 subsequent
1997 342 127 29 introduc

1503 378 55 26 tion
1575 382 26 23 to
1615 378 45 26 the
1675 378 83 28 Court
1771 389 34 17 on
1819 389 16 17 a
1849 379 103 29 similar
1964 381 108 32 charge*,
2090 382 45 27 the

1504 423 79 19 name
1617 415 55 27 will
1703 415 32 29 be
1771 416 83 28 found
1891 418 245 35 notwithstanding

1503 461 208 30 consequences.
1818 456 55 28 will
1894 456 82 38 adopt
1996 457 54 28 this
2068 458 67 31 rule,

1502 491 55 29 and
1577 490 64 31 hold
1661 492 61 31 that
1741 495 45 28 the
1808 494 83 31 dread
1913 496 31 28 of
1958 496 176 37 publication.

1502 536 95 32 except
1615 533 28 26 in
1663 541 65 27 very
1746 533 138 29 hardened
1904 543 84 23 cases,
2002 540 56 23 acts
2072 546 29 17 as
2120 547 16 17 a

1504 573 93 31 strong
1620 569 138 32 deterrent
1782 578 27 22 to
1833 583 15 16 a
1870 573 135 36 repit'tion
2039 575 30 27 of
2091 576 45 27 the

1503 609 109 28 offence.
1649 609 35 27 In
1696 620 15 18 a
1724 610 182 36 dangerously
1928 611 117 29 situated
2061 613 74 35 place

1504 648 53 28 like
1582 648 77 36 Lyell
1685 649 47 29 the
1755 649 84 36 police
1864 659 45 18 are
1934 651 151 38 compelled
2108 656 28 24 to

1504 693 84 23 arrest
1602 698 34 18 an
1651 688 140 37 incapable
1804 698 106 27 person.

1539 736 58 27 The
1611 737 170 28 nomination
1795 738 30 27 of
1835 737 158 28 candidates
2014 741 26 24 to
2066 738 68 28 form

1506 773 45 28 the
1565 773 78 37 Lyell
1665 775 147 34 Licensing
1835 776 164 28 Committee
2024 776 42 28 for
2090 776 45 28 the

1504 812 116 34 ensuing
1643 815 211 29 twelvemonths
1866 814 17 15 e
1884 814 64 30 t>ok
1979 815 74 36 place
2084 815 50 29 last

1507 851 172 36 Wednesday
1693 858 27 23 at
1734 853 46 28 the
1799 855 84 26 Court
1909 854 102 27 House.
2048 853 87 28 There

1505 890 65 36 only
1583 890 81 34 being
1678 891 51 28 five
1743 892 155 32 gentlemen
1908 892 169 33 nominated,
2095 893 40 26 Mr

1504 929 94 27 James
1612 929 86 34 Inglis
1711 930 162 28 announced
1887 930 45 27 the
1946 929 140 34 fallowing
2106 941 29 17 as

1505 967 45 28 the
1576 968 162 29 Committee
1753 969 159 28 :—Messsrs
1936 968 74 29 John
2038 969 77 36 Camp-

1505 1006 61 33 bell,
1581 1006 94 29 James
1701 1007 85 33 Edge,
1801 1008 145 26 Frederick
1973 1007 162 29 Feddersen,

1505 1043 92 27 James
1625 1044 114 29 Lowick.
1754 1045 53 28 and
1833 1044 101 29 Robert
1959 1044 41 29 W.
2030 1044 104 37 M'Coy.

1505 1082 58 28 The
1576 1083 59 27 first
1646 1084 119 32 meeting
1790 1084 40 27 for
1851 1084 114 28 election
1992 1084 26 27 of
2042 1084 77 28 Chair-

1506 1130 65 17 man
1584 1121 55 26 will
1661 1122 32 26 be
1708 1122 62 26 held
1783 1131 34 17 on
1832 1121 152 33 Thursday,
2003 1123 91 26 March
2110 1124 25 25 4.

1504 1157 58 29 The
1576 1159 133 33 meetings
1723 1161 39 26 tor
1776 1159 45 28 the
1834 1169 65 25 year
1911 1159 52 28 will
1977 1158 32 29 be
2023 1159 62 28 held
2100 1170 34 17 on

1508 1197 94 28 March
1616 1199 24 28 4,
1654 1198 73 29 June
1740 1201 25 31 3,
1780 1199 159 36 September
1960 1201 25 31 2,
2007 1199 54 28 and
2084 1199 34 28 De-

1505 1236 107 26 cember
1625 1238 24 24 2.

1541 1283 131 29 Mounted
1696 1284 137 29 constable
1854 1284 119 29 Rowlen
1997 1283 49 29 has
2068 1283 66 31 been

1506 1323 144 31 appointed
1666 1327 28 20 to
1715 1323 96 26 collect
1833 1323 46 26 the
1901 1323 84 26 Maori
2007 1323 129 26 statistics

1506 1357 40 28 for
1559 1356 46 29 the
1625 1357 88 29 whole
1734 1359 30 27 of
1774 1359 47 28 the
1844 1358 163 36 lnangahua
2020 1358 117 38 County,

1505 1396 54 28 and
1585 1397 61 28 that
1666 1398 105 36 portion
1795 1398 30 28 of
1842 1398 44 29 the
1912 1398 94 29 Buller
2030 1399 107 36 County

1504 1436 167 35 comprising
1684 1437 46 27 the
1746 1436 73 36 Lyell
1833 1438 86 35 police
1928 1437 113 27 district.
2079 1438 57 27 The

1505 1479 106 22 returns
1632 1479 74 23 must
1727 1475 32 27 be
1781 1476 26 26 in
1822 1475 36 34 by
1879 1476 45 27 the
1945 1477 59 26 21st
2023 1475 112 29 instant.

1505 1512 145 28 Constable
1670 1513 120 29 Bowden
1804 1514 47 28 left
1875 1513 40 28 for
1929 1513 158 28 Murchison
2102 1524 33 18 on

1504 1551 154 36 Thursday.

1538 1597 58 26 The
1618 1598 102 27 annual
1740 1599 97 34 eclipse
1851 1598 30 27 of
1897 1599 45 26 the
1964 1608 60 22 sun,
2045 1600 91 36 partly

1504 1634 94 29 visible
1610 1635 27 30 in
1652 1635 66 29 New
1732 1636 129 35 Zealand,
1875 1636 54 29 will
1943 1636 61 30 take
2015 1637 74 37 place
2101 1647 33 19 on

1505 1674 45 28 the
1565 1674 47 28 6th
1626 1676 30 26 of
1666 1681 65 21 next
1745 1676 106 26 month.

1539 1721 77 36 Scrip
1630 1723 27 26 in
1672 1722 17 27 tl
1703 1731 14 19 e
1734 1722 119 28 M.mnka
1874 1723 62 28 Fint
1948 1723 70 27 Gold
2031 1723 106 34 Mining

1504 1759 151 36 Company,
1670 1760 87 36 Lyell,
1772 1766 27 22 to
1819 1761 46 27 the
1884 1766 115 23 amount
2011 1761 31 28 of
2058 1763 77 29 5250,

1503 1796 122 29 forfeited
1648 1797 41 28 for
1708 1804 199 31 non-payment
1930 1801 28 26 of
1981 1799 75 33 calls,
2079 1809 56 18 was

1503 1838 49 33 put
1565 1844 36 27 up
1614 1840 28 24 at
1655 1837 119 32 auction,
1794 1837 55 27 this
1870 1837 152 32 afternoon,
2044 1837 35 37 by
2095 1839 42 26 Mr

1507 1872 106 33 Mnnro,
1635 1874 55 28 and
1710 1874 123 28 knocked
1850 1874 79 28 down
1950 1879 26 23 to
1995 1876 46 26 the
2056 1876 60 27 Com-

1503 1920 74 26 pany
1599 1916 27 23 at
1651 1921 16 18 a
1691 1912 170 38 half-penny.
1865 1912 174 39 —Westport
2065 1914 71 33 Star,

1505 1949 62 28 13th
1582 1949 114 28 instant.

1538 1998 58 28 The
1627 1999 120 28 Oamaru
1779 1999 67 29 Mail
1871 2003 83 25 states
1986 2001 44 35 (on
2062 2000 75 29 what

1503 2037 140 34 authority
1656 2046 40 19 we
1717 2037 81 28 know
1817 2039 57 33 not)
1896 2038 61 28 that
2004 2039 21 26 it
2038 2039 22 26 is
2075 2048 61 18 now

1503 2072 142 37 definitely
1675 2074 98 28 settled
1798 2076 60 27 that
1887 2076 168 28 Parliament
2081 2076 55 28 will

1503 2115 73 25 meet
1599 2111 28 29 iu
1650 2112 75 37 May,
1746 2113 54 28 and
1813 2113 61 29 that
1893 2114 105 37 shortly
2020 2114 69 30 after
2102 2114 34 30 its

1504 2151 119 34 meeting
1642 2151 45 29 the
1712 2152 188 30 Government
1919 2152 55 29 will
1996 2153 48 29 ask
2066 2154 42 28 for
2120 2164 16 18 a

1503 2189 171 28 dissolution.
1712 2191 28 26 It
1749 2200 114 26 appears
1870 2192 61 27 that
1941 2192 46 27 the
1997 2193 139 26 Governor

1503 2236 56 17 was
1583 2231 48 24 not
1653 2228 104 33 willing
1781 2232 28 24 to
1834 2233 81 30 grant
1933 2239 16 18 a
1974 2229 161 28 dissolution

1503 2265 73 35 prior
1600 2270 27 23 to
1649 2265 47 28 the
1721 2266 167 34 assembling
1908 2268 30 27 of
1957 2267 177 31 Parliament,

1502 2302 92 28 unless
1624 2304 21 27 it
1675 2303 99 29 should
1811 2304 31 28 be
1878 2305 84 28 found
1999 2306 61 27 that
2089 2305 46 29 the

1504 2342 128 34 Ministry
1650 2351 45 19 are
1708 2343 28 26 in
1750 2352 16 18 a
1779 2344 141 35 minority,
1934 2345 29 26 in
1979 2345 78 27 order
2075 2344 61 28 that

1503 2379 45 29 the
1561 2379 100 35 feeling
1673 2380 29 28 of
1718 2380 47 29 the
1785 2386 128 33 country*
1920 2391 65 28 may
2005 2382 32 30 be
2050 2382 86 30 tested

1503 2428 35 18 on
1552 2419 73 27 their

1538 2464 45 27 Mr
1602 2464 31 28 T.
1658 2464 31 28 R.
1713 2465 122 32 Connell,
1858 2476 51 19 one
1934 2467 31 28 of
1983 2467 46 28 the
2049 2467 87 30 olde?t

1502 2502 73 30 bauk
1589 2504 105 29 officers
1707 2514 34 19 on
1766 2505 46 30 the
1825 2506 90 35 Coast,
1936 2507 55 29 and
2011 2507 61 29 who
2086 2508 50 29 has

1502 2542 67 27 been
1584 2547 82 31 agent
1679 2549 28 21 at
1721 2544 122 28 Kuraara
1856 2547 74 26 since
1946 2547 35 26 its
1994 2546 126 27 establish-

1503 2584 86 29 ment,
1614 2581 56 28 will
1701 2581 106 38 shortly
1838 2582 76 30 leave
1944 2584 41 28 for
2014 2583 46 30 the
2091 2584 44 28 old

1502 2625 117 30 couutry
1637 2630 35 18 on
1686 2629 15 19 a
1715 2621 60 28 well
1798 2622 116 28 merited
1933 2622 120 36 holiday.
2091 2624 44 28 He

1502 2666 128 26 proposes
1660 2659 83 33 going
1773 2659 36 34 by
1839 2669 61 26 way
1925 2660 30 28 of
1982 2660 153 33 Auckland,

1503 2694 119 38 Sydney,
1636 2696 55 29 and
1705 2695 169 37 Melbourne,
1888 2698 53 30 and
1957 2698 56 29 will
2027 2699 78 29 make
2120 2709 16 19 a

1500 2739 62 24 tour
1585 2746 36 17 on
1643 2736 46 27 the
1711 2736 142 29 continent
1877 2738 70 28 after
1970 2739 93 35 seeing
2088 2740 46 27 the

1500 2773 87 33 sights
1600 2774 30 27 of
1640 2775 125 27 London.
1804 2775 43 28 He
1863 2775 54 28 will
1927 2776 129 36 probably
2066 2777 68 28 have

1501 2821 16 17 a
1530 2812 165 35 companion
1709 2814 27 26 in
1748 2813 46 27 the
1809 2823 96 25 person
1919 2815 29 26 of
1959 2815 45 27 the
2020 2816 66 26 Rev.
2102 2816 32 26 E.

1501 2850 32 26 A.
1548 2850 86 32 Scott,
1647 2850 61 27 who
1717 2859 56 26 wa/i
1786 2851 42 28 for
1837 2860 75 20 some
1923 2853 66 27 time
2001 2853 133 34 Anglican

1501 2888 125 29 minister
1638 2892 27 26 at
1679 2889 132 29 Kumara.
1850 2891 44 27 Mr
1911 2891 114 29 Connell
2039 2902 56 19 was
2108 2898 28 23 at

1501 2935 51 19 one
1565 2927 67 28 time
1646 2928 136 28 stationed
1797 2930 26 26 in
1836 2929 148 35 Westport.

1520 3014 216 42 LATEST
1764 3015 356 44 TELEGRAMS.

1582 3118 55 41 [BY
1662 3130 151 21 ELECTBIC
1841 3130 100 23 TELhO
1966 3133 62 20 API!
2041 3123 12 39 ]

1639 3217 203 29 WESTPORT
1868 3220 128 29 RACES.

1570 3315 84 37 (from
1668 3324 55 21 our
1736 3324 61 21 own
1812 3319 252 38 correspondent.)

1720 3369 169 36 Wistport,
1903 3371 140 38 February
2058 3375 39 28 10.

1532 3416 59 27 The
1616 3416 121 28 weather
1756 3427 56 19 was
1831 3418 55 28 fine
1908 3420 56 27 and
1986 3420 46 28 the
2046 3425 73 25 atten-

1499 3462 96 35 dance,
1609 3465 52 28 750
1673 3474 37 20 on
1728 3464 47 30 the
1797 3467 114 35 ground,
1925 3477 58 20 was
2004 3472 48 26 not
2071 3479 48 19 con-

1498 3512 107 29 sidered
1619 3513 82 37 large,
1716 3514 91 36 owing
1831 3519 28 25 to
1884 3515 21 29 it
1931 3516 80 37 being
2035 3518 99 38 chiefly

1498 3560 107 30 limited
1631 3565 28 25 to
1685 3562 71 29 local
1786 3565 197 37 townspeople,
2008 3566 54 28 and
2086 3571 48 25 not

1499 3608 83 33 being
1595 3610 112 35 holiday
1722 3611 75 27 time.
1835 3612 57 26 The
1911 3613 109 27 various
2039 3618 95 24 events

1501 3664 70 20 were
1596 3655 61 29 well
1681 3656 148 30 contested.
1865 3657 58 30 The
1947 3658 140 40 following
2111 3661 23 29 is

1499 3704 47 28 the
1560 3704 84 29 result
1657 3704 32 28 of
1697 3705 119 37 to-day's
1830 3706 121 36 running
1963 3715 42 20 :

1569 3752 87 28 Trial
1669 3753 106 27 Stakes
1786 3752 30 29 of
1826 3754 64 28 £ls.
1928 3755 32 35 1£
1974 3755 89 29 miles.

1499 3798 85 36 Gay's
1596 3799 84 27 Giriri
2118 3805 13 26 1

1499 3836 120 37 Young's
1631 3836 97 30 Prince
2117 3844 15 25 2

1499 3877 176 27 Stevenson's
1689 3876 163 36 Dangerous
2117 3883 15 25 3

1515 3923 84 28 Hack
1624 3923 150 30 Handicap
1788 3926 30 29 of
1840 3928 64 28 £lO.
1943 3927 65 29 Mile
2028 3927 86 31 heats.

1498 3970 97 28 Prince
1633 3993 28 6 ...
1737 3993 29 7 ...
1842 3994 28 6 ...
1946 3994 28 7 ...
2050 3996 29 7 ...
2118 3977 13 26 1

1497 4008 78 37 Lady
1588 4009 167 37 Ballantyne
2117 4016 15 25 2

1498 4047 75 28 Maid
1587 4048 30 28 of
1628 4048 118 30 Honour
2116 4055 16 25 8

1532 4095 73 27 Four
1617 4095 93 28 others
1723 4097 114 30 started,

1526 4142 117 30 Buller
1661 4143 150 30 Handicap
1824 4144 30 30 of
1866 4146 65 29 £45.
1969 4146 32 36 If
2016 4146 86 31 miles.

1497 4191 83 35 Gay's
1594 4191 91 34 Giriri,
1699 4193 42 27 7st
1755 4193 60 27 101b
2117 4196 14 26 1

1497 4228 105 31 Clark's
1617 4230 156 36 Wanderer,
1786 4233 42 28 Bst
1842 4232 43 30 7Jb
2116 4236 15 28 2

1496 4269 146 35 Crowley's
1657 4271 163 33 Norwester,
1833 4274 43 26 Bst
1889 4273 44 27 81b
2116 4276 15 26 3

1530 4315 146 34 Cardigan,
1701 4316 115 30 Norfolk
1839 4318 78 35 Lass,
1940 4319 55 28 and
2016 4320 116 37 Syringa

1496 4363 57 28 also
1566 4365 111 28 started.
1714 4365 67 29 This
1794 4376 55 18 was
1863 4377 15 17 a
1892 4367 124 36 splendid
2027 4378 69 18 race.

1513 4410 135 30 District
1661 4412 158 36 Handicap,
1833 4414 31 29 of
1873 4415 64 29 £ls.
1976 4416 31 36 If
2026 4416 87 29 miles.

1496 4460 120 34 Young's
1631 4462 105 33 Prince,
1750 4464 42 26 Bst
1804 4463 45 27 41b
2117 4467 12 25 1

1496 4497 166 37 Campbell's
1677 4499 91 34 Natal,
1782 4501 42 28 7st
1838 4501 59 28 101b
2116 4504 16 28 2

1497 4537 146 37 Crowley's
1657 4538 116 37 Lillipie,
1787 4541 43 28 Bst
1842 4541 45 27 6lb
2117 4544 15 28 3

1524 4584 124 27 Miner's
1667 4586 149 28 Handicap
1828 4587 30 27 of
1870 4588 64 27 £ls.
1972 4590 31 32 1£
2019 4589 57 28 mile
2076 4589 29 28 3.

1497 4630 148 35 Crowley's
1659 4632 162 33 Norwester,
1835 4635 43 27 Bst
1890 4634 45 29 91b
2118 4638 11 27 1

1497 4669 193 28 Richardson's
1704 4671 113 27 Norfolk
1831 4673 77 32 Lass,
1922 4674 43 27 7ot
1976 4675 61 27 121b
2049 4695 28 7 ...
2116 4677 16 25 2

1501 4706 120 36 Young's
1634 4708 98 35 Young
1746 4708 108 35 Perkiu,
1867 4711 43 29 7st
2116 4714 16 28 3

1532 4755 87 29 There
1642 4767 55 17 was
1716 4767 35 18 an
1770 4763 77 23 extra
1870 4763 83 27 event
1972 4761 42 28 for
2035 4761 95 29 beaten

1499 4801 101 35 horses,
1614 4803 89 28 which
1717 4814 57 19 was
1788 4815 59 18 won
1861 4806 36 37 by
1909 4807 101 34 Y'oung
2023 4808 107 29 Perkin.

1497 4849 147 33 Forrester,
1659 4851 96 28 Prince
1768 4853 55 27 and
1842 4853 62 27 four
1916 4854 90 28 others
2020 4855 110 27 started.

1532 4896 84 29 Giriri
1629 4897 93 38 pulled
1735 4909 36 28 up
1784 4900 72 29 lame
1870 4903 69 27 after
1952 4902 123 38 winning
2086 4902 42 29 his

1497 4944 99 28 second
1610 4949 90 23 event.

1532 4991 57 29 The
1602 4993 153 28 totalisator
1767 4993 47 29 did
1828 5004 64 26 very
1903 4995 68 29 little
1985 4995 133 31 business.

1697 5083 233 32 LATEST

1534 5141 242 38 CABLE
1864 5144 239 41 NEWS.

1761 5210 81 16 —♦--

1762 5243 126 35 London:,
1902 5245 139 34 February
2056 5248 39 27 16.

1532 5290 150 29 Gladstone
1694 5290 50 29 has
1766 5292 106 29 written
1896 5303 16 19 a
1937 5293 79 30 letter
2037 5297 26 27 to
2085 5294 46 31 the

1499 5348 170 28 newspapers
1682 5341 28 26 in
1724 5340 90 28 which
1828 5341 35 28 he
1877 5342 98 28 invites
1991 5343 138 29 Irishmen

1498 5387 29 26 of
1537 5386 35 28 all
1591 5387 98 27 classes
1704 5386 54 28 and
1781 5388 35 27 all
1839 5389 100 34 parties
1960 5393 26 24 to
2008 5399 101 19 commu-

1498 5433 89 26 nicate
1608 5436 27 23 to
1655 5433 46 26 the
1722 5433 187 28 Government
1931 5435 46 27 the
2000 5436 84 27 needs
2105 5438 29 26 of

1500 5478 117 33 Ireland,
1631 5478 54 30 and
1699 5478 66 30 calls
1777 5489 73 27 upon
1866 5480 75 29 them
1955 5484 28 26 to
2006 5481 45 30 aid
2072 5482 57 30 him

1499 5529 26 25 in
1546 5527 125 33 deciding
1685 5537 72 26 upon
1777 5537 16 18 a
1814 5528 65 35 plan
1904 5529 42 28 for
1970 5530 46 28 the
2041 5531 76 28 settle-

1500 5578 75 25 ment
1588 5574 29 29 of
1629 5573 44 30 the
1687 5574 72 29 Irish
1772 5576 134 36 question.

1532 5623 59 27 Her
1616 5623 118 36 Majesty
1760 5624 46 28 the
1831 5624 93 36 Queen
1949 5625 49 28 has
2023 5630 61 25 sent
2115 5638 14 18 a

1504 5670 123 29 lonation
1651 5670 30 29 of
1697 5672 74 28 £SOO
1793 5675 28 25 to
1841 5671 46 30 the
1906 5672 66 29 fund
1994 5673 90 30 which
2109 5676 22 28 is

1499 5717 4 34 •
1508 5717 69 33 >eing
1590 5718 88 28 raised
1691 5718 41 28 for
1755 5718 47 29 the
1823 5719 80 29 relief
1920 5720 31 28 of
1967 5720 46 29 the
2035 5731 76 20 unem-

1509 5765 87 37 •loyed
1609 5767 27 27 in
1654 5766 125 29 London.

1770 5812 119 33 Bkrlin,
1903 5814 138 36 February
2055 5817 41 26 16.

1529 5858 23 28 A
1575 5858 55 30 Bill
1652 5857 49 32 has
1723 5859 67 29 been
1816 5860 160 30 introduced
1999 5861 59 31 into
2084 5864 45 28 the

2163 224 65 28 Diet
2251 225 36 35 by
2313 226 94 28 Prince
2432 227 137 32 Bismark,
2597 230 127 34 virtually
2755 239 38 18 re-

2162 271 109 35 pealing
2295 272 74 28 what
2382 273 23 27 is
2422 275 139 35 generally
2582 275 98 28 known
2705 286 30 18 as
2748 277 46 28 the

2165 318 63 37 May
2243 318 51 30 law
2308 319 126 38 affecting
2449 321 46 29 the
2508 321 99 37 clergy.

2380 413 201 29 LATEST

2179 464 371 44 AUSTRALIAN
2602 469 174 41 NEWS.

2364 568 188 37 Melbourne,
2567 573 138 38 February
2720 575 40 29 .17

2198 616 107 27 Service
2320 617 49 27 has
2383 619 130 27 tendered
2527 622 42 26 his
2583 622 166 35 resignation
2768 629 28 23 to

2162 663 47 30 the
2223 665 148 33 Governor,
2387 667 53 28 and
2454 667 85 29 Gilles
2554 669 48 29 has
2625 670 169 31 undertaken

2163 712 45 28 the
2222 713 147 29 formation
2383 716 30 27 of
2424 726 14 17 a
2453 717 134 36 Ministry.
2625 719 57 27 The
2696 720 84 28 follow-

2164 759 45 33 ing
2223 760 135 29 members
2371 772 45 18 are
2440 764 103 27 certain
2567 771 28 21 to
2614 765 33 29 be
2670 764 126 30 included

2163 807 27 28 in
2205 808 46 29 the
2264 818 59 19 new
2338 810 129 29 Cabinet:
2477 812 121 29 -Gilles.
2612 813 121 30 Premier
2741 815 55 29 and

2164 855 121 29 Colonial
2299 858 160 33 Treasurer;
2483 860 115 30 Deak.m,
2613 861 81 27 Chief
2705 862 75 28 Secre-

2164 907 60 31 tary
2234 912 6 25 ;
2263 903 119 34 Wrixon,
2408 906 282 36 Attorney-General;
2717 910 62 27 Pear-

2163 961 57 21 son,
2250 952 123 29 Minister
2397 954 31 28 of
2451 954 172 36 Education;
2644 956 43 28 W.
2719 957 77 33 Daw,

2165 1000 55 26 Mm
2225 999 21 27 is
2250 1004 40 23 tor
2305 1001 30 26 of
2350 1001 101 27 Lands.

2197 1046 23 28 A
2235 1046 123 30 hundred
2374 1048 136 29 labourers
2527 1051 141 36 employed
2692 1051 36 37 by
2751 1052 46 29 the

2166 1094 156 29 Melbourne
2336 1097 62 34 City
2412 1098 176 35 Corporation
2613 1100 69 28 have
2705 1102 92 27 struck

2163 1141 40 26 for
2216 1150 14 18 a
2244 1142 139 28 reduction
2397 1144 30 27 of
2436 1144 45 27 the
2496 1145 73 28 work
2584 1151 27 22 to
2625 1147 76 35 eig'it
2715 1147 83 28 hours

2163 1197 46 28 per
2223 1189 82 29 diem.

2427 1239 120 32 Sydney,
2566 1241 140 36 February
2721 1243 40 26 15.

2198 1283 57 29 The
2281 1284 126 38 Lithgow
2432 1286 109 38 colliery
2567 1288 50 29 has
2641 1289 81 29 taken
2748 1290 49 29 fire

2164 1330 55 28 and
2231 1330 75 26 three
2321 1341 61 17 men
2397 1342 44 17 are
2456 1334 98 26 known
2580 1340 27 21 to
2633 1336 32 26 be
2690 1337 56 26 still
2770 1338 26 25 in

2164 1373 45 30 the
2224 1375 144 35 workings.
2421 1378 57 29 The
2501 1379 86 31 whole
2600 1380 75 37 place
2690 1381 22 30 is
2736 1392 62 20 now

2164 1432 15 19 a
2195 1432 73 19 mass
2281 1425 30 26 of
2320 1425 107 30 smoke-
2465 1427 92 37 Every
2569 1429 78 28 effort
2668 1429 23 29 is
2715 1429 83 35 being

2164 1471 66 27 used
2244 1476 26 22 to
2283 1481 93 19 rescue
2391 1474 77 28 those
2482 1475 61 28 who
2565 1486 44 18 are
2635 1477 90 35 down,
2750 1478 48 28 but

2163 1518 22 27 it
2198 1527 21 18 is
2232 1518 90 29 feared
2337 1519 60 30 that
2411 1521 45 29 the
2470 1524 134 28 exertions
2630 1524 55 28 will
2715 1534 83 20 r.rove

2164 1566 127 28 fruitless.

2560 1609 139 36 February
2721 1612 39 27 17.

2198 1650 58 29 The
2270 1650 96 32 debate
2380 1662 35 21 on
2434 1653 46 31 the
2501 1657 104 29 motion
2636 1657 160 31 introduced

2164 1698 35 35 by
2215 1698 43 28 Mr
2282 1700 119 33 G-arvan,
2427 1704 146 34 censuring
2597 1705 46 27 the
2668 1705 128 28 financial

2163 1744 87 37 policy
2263 1746 30 27 of
2303 1747 46 28 the
2363 1748 196 35 Government,
2573 1760 55 18 was
2647 1752 150 28 concluded

2163 1791 28 28 iu
2206 1792 45 28 the
2265 1793 153 36 Legislatve
2431 1796 145 38 Assembly
2589 1805 27 20 at
2630 1808 15 17 a
2657 1797 53 30 late
2728 1798 70 29 hour

2164 1839 51 28 last
2228 1841 87 34 night.
2362 1842 42 28 On
2430 1853 16 17 a
2470 1843 116 29 division
2611 1844 82 35 being
2717 1846 80 28 taken

2163 1886 46 28 the
2223 1888 187 28 Government
2424 1900 69 17 were
2502 1890 122 29 defeated
2634 1892 35 36 by
2679 1894 33 26 52
2723 1898 75 23 votes

2163 1937 27 24 to
2203 1933 43 34 44,
2260 1933 54 30 and
2327 1934 46 30 the
2389 1935 95 30 House
2498 1937 65 29 then
2577 1937 159 39 adjourned.

2423 1984 63 29 Hob
2488 1994 62 26 art,
2568 1987 139 34 February
2721 1989 42 26 17.

2197 2029 28 28 It
2237 2029 50 28 has
2302 2030 67 28 been
2383 2033 133 34 arranged
2541 2034 60 27 that
2622 2034 45 28 the
2681 2035 75 27 Hon.
2770 2035 26 27 J.

2164 2074 42 30 W.
2231 2076 114 35 Agnew,
2372 2078 116 33 M.L.C.,
2514 2079 71 28 shall
2610 2090 109 19 assume
2751 2081 47 28 the

2164 2122 182 39 Premiership
2425 2127 155 29 succession
2605 2132 27 24 to
2660 2128 43 28 Mr
2721 2128 77 37 Adge

2164 2170 128 37 Douglas.
2331 2173 44 28 Mr
2387 2175 103 34 Agnew
2504 2175 65 29 does
2592 2180 56 29 not,
2663 2177 134 33 however,

2162 2218 61 28 take
2238 2228 55 26 any
2307 2220 134 35 portfolio.
2479 2222 58 28 The
2550 2224 133 34 positions
2697 2223 31 29 of
2750 2224 47 28 the

2162 2266 46 27 the
2222 2267 78 27 other
2315 2267 138 28 Ministers
2467 2270 105 27 remain
2589 2270 172 36 unchanged.

2272 2356 133 28 OPEN
2444 2356 234 30 COLUMN.

2162 2432 56 27 Our
2236 2432 125 27 columns
2382 2443 45 17 are
2446 2445 70 24 open
2536 2439 28 23 to
2580 2436 46 27 die
2647 2436 150 28 discussion

2195 2468 31 27 of
2235 2469 36 27 all
2286 2472 113 25 matters
2411 2471 31 26 of
2454 2471 89 36 public
2556 2472 121 30 interest,
2692 2472 49 29 but
2756 2483 40 19 we

2196 2517 45 20 are
2255 2508 28 29 in
2296 2518 36 19 no
2346 2519 60 27 way
2420 2509 141 32 identified
2575 2511 66 30 with
2652 2512 46 30 the
2712 2523 84 19 views

2196 2547 31 26 of
2236 2556 50 18 our
2298 2550 235 33 correspondents.

2256 2624 125 28 UPPER
2399 2625 155 30 BULLER
2575 2627 125 28 MAILS.

2181 2697 43 41 [to
2243 2707 55 21 the
2318 2708 103 22 editor
2439 2710 34 20 of
2491 2711 56 20 the
2566 2711 88 21 lyell
2672 2702 111 41 times].

2197 2749 58 32 Sir,
2260 2749 47 27 —I
2321 2750 66 27 wish
2400 2754 26 23 to
2438 2751 74 28 draw
2523 2754 142 32 attention,
2676 2754 118 35 through

2162 2786 46 28 the
2229 2786 125 30 columns
2375 2789 30 26 of
2421 2798 70 26 your
2512 2790 124 28 valuable
2655 2800 93 27 paper,
2768 2796 28 23 to

2162 2824 46 27 the
2233 2833 65 27 very
2322 2826 150 28 inefficient
2491 2828 90 34 postal
2606 2829 102 30 service
2735 2829 61 28 that

2162 2861 81 29 exists
2256 2862 120 30 between
2387 2864 46 28 the
2443 2866 154 36 metropolis
2611 2866 30 29 of
2646 2866 148 38 Hampden

2162 2900 54 28 and
2239 2901 79 29 other
2338 2907 105 24 centres
2467 2904 30 28 of
2514 2905 168 35 population.
2719 2906 76 28 With

2162 2948 16 18 a
2191 2940 65 27 mail
2270 2943 110 32 passing
2397 2942 136 28 Longford
2548 2953 82 26 every
2650 2944 78 28 other
2741 2945 54 34 day

2162 2977 92 28 letters
2278 2978 62 28 take
2364 2980 70 27 from
2459 2989 17 18 a
2500 2980 75 28 week
2600 2987 28 21 to
2652 2986 46 23 ten
2724 2982 69 34 days

2163 3014 88 28 before
2282 3015 66 36 they
2383 3026 46 19 are
2459 3017 138 28 delivered
2629 3019 88 28 uuder
2747 3020 47 28 the

2164 3057 108 33 present
2291 3057 111 35 system.
2439 3056 38 28 As
2498 3066 36 19 an
2552 3057 121 30 instance
2693 3058 14 29 I
2728 3068 64 28 may

2162 3097 68 24 state
2244 3094 61 29 that
2317 3103 70 28 your
2397 3105 91 27 paper,
2500 3097 89 28 issued
2599 3107 36 19 on
2647 3099 146 35 Saturday,

2161 3131 64 27 does
2246 3137 48 23 not
2314 3134 79 26 reach
2415 3134 150 36 Hampden
2583 3136 42 27 till
2646 3136 46 27 the
2714 3137 81 27 latter

2162 3169 52 28 end
2227 3170 30 28 of
2268 3170 45 28 the
2322 3171 83 27 week.

2197 3207 14 27 I
2236 3208 34 28 do
2292 3213 49 23 not
2362 3209 80 28 know
2461 3210 62 28 who
2543 3211 23 27 is
2585 3211 27 27 in
2636 3211 78 34 fault,
2736 3211 59 33 but,

2162 3243 68 31 fault
2244 3246 74 29 there
2333 3247 22 27 is
2364 3247 177 34 somewhere,
2550 3258 30 19 as
2593 3249 54 29 this
2656 3250 137 29 detention

2162 3285 29 27 of
2200 3284 59 30 best
2273 3290 59 33 part
2352 3287 31 28 of
2398 3297 16 19 a
2428 3288 73 28 week
2515 3288 46 29 did
2574 3294 49 23 not
2641 3290 62 28 take
2719 3290 76 37 place

2162 3323 89 30 before
2265 3325 45 29 the
2332 3330 108 33 present
2462 3332 140 31 contract;
2621 3328 93 30 letters
2733 3339 62 19 now

2162 3363 95 37 taking
2276 3364 95 37 longer
2392 3370 29 24 to
2433 3366 87 29 travel
2540 3367 55 29 this
2615 3368 76 29 three
2713 3369 80 28 miles

2162 3401 66 29 than
2259 3406 29 25 to
2318 3404 119 35 perform
2468 3405 47 28 the
2545 3407 88 28 whole
2670 3407 122 29 distance

2161 3439 123 30 between
2298 3441 100 28 Kelson
2413 3443 54 27 and
2480 3443 147 38 Westport.

2195 3479 114 38 Hoping
2321 3480 29 29 th
2360 3486 21 23 it
2394 3480 76 31 those
2487 3483 151 29 concerned
2657 3483 55 30 will
2731 3483 63 31 take

2160 3518 47 29 the
2220 3519 61 28 hint
2294 3519 54 28 and
2362 3520 80 29 make
2456 3530 76 20 some
2546 3523 143 28 alteration
2704 3523 60 29 befo
2778 3534 16 18 e

2161 3557 48 29 the
2232 3558 74 28 voice
2328 3558 31 28 of
2377 3559 109 34 general
2511 3561 149 37 oomplaint
2681 3562 113 29 reaches

2162 3596 44 28 the
2219 3606 59 18 ears
2291 3598 30 26 of
2331 3598 76 27 those
2421 3598 28 27 in
2463 3598 148 38 authority.

2367 3635 16 27 I
2401 3644 46 18 am
2466 3636 55 32 &c.,

2556 3675 77 29 Free
2655 3676 102 29 Lance.

2195 3712 110 29 Central
2318 3712 103 33 Buller,
2435 3713 64 27 Feb.
2515 3714 74 33 15th,
2604 3717 76 27 1886.

2278 3801 191 30 REEFTON
2507 3803 165 32 LETTER.

2230 3892 84 36 (from
2327 3900 56 21 our
2395 3900 62 21 own
2470 3896 252 34 correspondent.)

2530 3942 141 36 February
2684 3944 73 28 17th.

2194 3987 107 34 During
2313 3987 47 28 the
2374 3988 85 35 sultry
2472 3998 91 27 sunny
2583 3989 68 37 days
2664 3999 39 20 we
2722 3991 70 28 have

2160 4025 54 29 had
2228 4025 84 37 lately
2325 4026 87 29 traffic
2425 4026 27 29 in
2472 4026 153 38 Broadway
2637 4027 24 30 is
2675 4029 117 30 reduced

2161 4069 29 23 to
2215 4074 16 18 a
2255 4064 158 29 minimum.
2450 4066 24 26 A
2498 4066 125 28 brewer's
2652 4073 58 22 cart
2727 4078 66 24 may

2159 4101 182 35 occasionally
2364 4102 31 27 be
2414 4111 64 19 seen
2500 4104 106 34 cutting
2624 4104 46 28 the
2689 4105 55 28 line
2766 4106 30 27 of

2159 4143 92 30 street,
2274 4149 31 19 or
2324 4149 15 19 a
2361 4140 103 29 vendor
2485 4141 31 29 of
2525 4140 100 31 aerated
2644 4147 96 25 waters
2758 4142 33 31 be

2160 4183 56 23 met
2229 4180 152 34 prespiring
2393 4180 87 26 under
2492 4180 43 28 his
2557 4181 62 27 load
2633 4182 30 26 of
2672 4191 121 19 summer

2160 4216 103 29 drinks.
2300 4217 42 28 On
2365 4217 65 28 both
2453 4217 71 29 sides
2537 4218 30 29 of
2584 4219 46 28 the
2651 4223 81 25 street
2745 4220 47 29 the

2160 4257 164 36 proprietors
2337 4267 44 18 are
2395 4262 28 23 at
2436 4257 46 28 the
2500 4258 143 37 doorways
2661 4259 129 37 listlessly

2159 4295 126 34 inhaling
2297 4295 46 27 the
2356 4296 89 31 gentle
2458 4295 95 28 breeze
2566 4297 61 27 that
2637 4298 24 26 is
2670 4298 118 35 stirring,

2160 4341 30 19 or
2202 4332 135 37 mentally
2349 4332 163 37 calculating
2524 4333 47 30 the
2586 4334 87 38 object
2687 4344 16 19 a
2716 4340 76 33 stray

2160 4380 92 27 passer
2275 4371 37 36 by
2336 4381 66 26 may
2426 4372 70 28 have
2525 4374 29 26 in
2583 4373 132 35 breaking
2744 4375 47 28 the

2161 4409 138 29 noon-tide
2319 4409 126 29 solitude.
2482 4410 59 30 The
2554 4412 80 36 quick
2657 4416 58 34 step
2736 4413 30 29 of
2774 4422 16 19 a

2158 4448 180 29 sharebroker
2350 4448 128 29 awakens
2491 4460 15 18 a
2519 4455 139 24 moments
2677 4452 113 28 interest

2158 4496 30 18 as
2201 4494 28 20 to
2242 4487 123 27 whether
2378 4487 33 27 he
2425 4487 50 27 has
2487 4497 16 18 a
2513 4488 70 35 good
2595 4488 78 35 thing
2685 4499 45 24 on,
2741 4490 49 28 but

2160 4526 56 28 dies
2247 4535 30 19 as
2307 4525 34 29 he
2372 4525 164 38 disappears.
2587 4528 35 28 As
2655 4528 47 29 the
2738 4539 47 19 sun-

2159 4565 127 31 declines,
2312 4565 54 26 and
2392 4565 125 28 shadows
2541 4567 140 33 lengthen,
2708 4568 81 28 small

2159 4611 99 28 groups
2278 4602 30 27 of
2326 4611 64 18 men
2414 4611 65 28 may
2500 4602 32 28 be
2551 4612 63 19 seen
2634 4604 88 28 under
2743 4605 47 28 the

2160 4640 152 28 verandahs
2335 4640 131 34 detailing
2491 4641 45 28 the
2567 4642 80 29 latest
2671 4644 67 27 item
2764 4643 30 28 of

2160 4678 106 33 mining
2289 4687 75 18 news
2385 4679 57 34 just
2466 4679 118 34 brought
2604 4681 29 26 in
2653 4680 36 36 by
2713 4690 77 19 some

2158 4715 136 36 energetic
2306 4720 163 25 townsman.
2507 4717 29 29 If
2545 4727 40 19 we
2594 4717 54 30 had
2658 4718 45 30 the
2712 4719 78 29 usual

2158 4756 267 35 accompaniements
2437 4756 29 28 of
2476 4755 58 29 flies
2547 4756 55 29 and
2623 4758 167 36 mosquitoes

2159 4803 39 18 we
2214 4793 97 28 should
2326 4793 79 35 begin
2419 4798 27 23 to
2459 4795 95 27 realise
2567 4795 46 27 the
2626 4795 119 33 delights
2764 4796 30 28 of

2159 4841 36 18 an
2219 4831 157 28 Australian
2398 4841 142 25 summer;
2559 4833 166 36 fortunately
2750 4844 40 18 we

2159 4878 45 19 are
2217 4868 97 38 spared
2327 4869 75 28 these
2415 4871 161 27 accessories
2597 4871 55 28 and
2672 4871 56 28 find
2744 4871 46 29 the

2159 4908 95 28 charm
2279 4908 135 28 sufficient
2444 4908 125 29 without.
2606 4909 78 30 Even
2714 4911 76 28 John

2159 4946 164 33 Chinaman,
2341 4946 62 28 who
2418 4947 65 27 used
2495 4953 28 22 to
2541 4949 89 32 regale
2651 4958 30 18 us
2694 4953 28 23 at
2735 4949 55 28 this

2159 4985 66 27 time
2238 4985 27 28 of
2277 4984 46 29 the
2336 4994 66 26 year
2419 4984 67 28 with
2506 4986 123 29 crackers
2651 4988 120 27 innumer-

2159 5022 59 30 able
2243 5022 55 29 and
2322 5022 138 30 fireworks
2489 5024 100 35 galore,
2614 5034 68 20 even
2707 5026 34 28 he
2766 5026 22 28 is

2158 5061 142 36 quenched
2331 5061 35 35 by
2396 5061 46 29 the
2473 5062 117 33 drought
2619 5064 83 32 fiend,
2734 5064 52 28 and

2159 5099 100 28 John's
2271 5100 68 28 New
2349 5099 72 29 Year
2428 5099 114 30 dawned
2553 5101 28 28 in
2590 5111 16 18 a
2615 5102 174 36 melancholy

2160 5148 122 18 mauner.
2319 5139 76 28 Even
2421 5138 43 29 his
2488 5138 118 36 feasting
2625 5139 55 30 had
2703 5145 28 24 to
2755 5141 32 28 be

2159 5176 130 27 curtailed
2303 5184 7 23 ;
2329 5177 114 34 sucking
2467 5177 46 35 pig
2536 5177 55 28 and
2616 5179 109 35 poultry
2748 5188 27 18 re-

2159 5213 110 27 mained
2290 5213 182 33 unmolested,
2485 5214 53 28 and
2553 5215 34 27 he
2612 5215 50 28 has
2683 5216 107 27 instead

2160 5252 78 33 being
2251 5251 83 34 doing
2346 5251 90 38 heavy
2457 5254 142 27 execution
2619 5254 67 28 with
2706 5254 65 37 chop-

2159 5289 82 29 sticks
2255 5290 54 28 and
2322 5290 64 28 rice.

2193 5330 58 28 The
2273 5330 53 28 last
2347 5330 54 36 day
2420 5340 31 18 or
2471 5334 54 25 two
2545 5330 50 29 has
2608 5331 69 29 been
2690 5332 99 37 cloudy

2158 5367 54 29 and
2226 5368 182 33 threatening,
2421 5368 50 28 but
2483 5369 46 27 the
2542 5370 107 28 rainfall
2662 5370 48 28 has
2721 5370 68 28 been

2158 5405 104 36 trifling
2274 5405 55 28 and
2343 5406 80 27 made
2436 5407 69 27 little
2518 5408 162 34 impression
2693 5417 35 18 on
2739 5417 50 18 our

2158 5443 101 32 creeks,
2273 5452 30 18 so
2316 5443 69 27 little
2398 5443 60 27 that
2466 5443 46 28 the
2522 5443 150 28 Inkerman
2682 5444 107 36 battery

2158 5481 23 28 is
2203 5480 56 30 still
2278 5479 53 30 idle
2352 5480 41 30 for
2404 5485 76 25 want
2491 5481 31 30 of
2531 5485 92 32 water,
2642 5482 54 29 and
2718 5487 71 26 most

2158 5520 31 27 of
2199 5520 45 27 the
2257 5520 88 27 hands
2358 5530 44 17 are
2416 5520 45 27 off.

2191 5558 37 28 At
2247 5558 47 28 the
2314 5558 102 39 Happy
2436 5558 96 37 Valley
2554 5568 17 19 a
2595 5560 103 29 surface
2719 5560 69 30 lode,

2158 5597 126 36 carrying
2308 5597 153 37 antimony,
2487 5598 50 28 has
2560 5598 84 37 lately
2668 5600 120 34 engaged

2159 5636 46 28 the
2218 5635 97 33 bauds,
2330 5635 48 28 but
2392 5636 45 28 the
2451 5637 57 27 reef
2519 5637 80 27 broke
2614 5637 39 28 off
2663 5638 125 36 abruptly

2160 5673 78 30 when
2251 5673 109 37 driving
2373 5678 27 25 to
2414 5674 47 29 the
2474 5675 90 33 south,
2578 5675 53 28 and
2651 5676 45 28 the
2716 5685 58 28 pros-

2160 5717 73 32 pects
2254 5712 80 36 being
2354 5717 48 24 not
2421 5721 66 26 very
2501 5713 120 28 brilliant
2643 5716 74 27 work
2739 5715 48 28 has

2160 5751 66 28 been
2246 5750 191 29 discontinued
2458 5751 74 30 there
2546 5751 41 29 for
2606 5752 46 29 the
2672 5758 116 32 present,

2159 5790 53 26 and
2242 5790 208 27 recommenced
2480 5790 29 27 in
2548 5791 47 27 the
2625 5791 81 33 shaft,
2743 5793 45 27 the

2160 5835 125 24 managei
2307 5826 102 35 having
2417 5827 58 36 just
2488 5827 102 36 opened
2604 5833 48 23 out
2665 5838 33 18 on
2713 5839 75 18 some

2158 5864 125 37 splendid
2325 5870 77 24 stone
2445 5872 68 27 tiiat,
2557 5866 79 29 when
2679 5868 109 33 sinking

2830 231 118 33 through
2971 233 29 28 it,
3021 233 130 35 appeared
3175 239 27 21 to
3221 234 16 27 li
3259 244 32 16 ve
3304 244 16 16 a
3338 233 84 28 strike
3435 237 27 23 to

2832 274 45 21 tue
2901 270 90 26 north.
3031 271 25 25 It
3080 272 50 25 will
3154 271 31 27 be
3206 272 95 26 driven
3327 281 46 17 on,
3398 271 64 27 both

2830 307 83 28 north
2934 307 54 28 and
3014 308 90 31 south,
3124 309 54 28 and
3200 310 35 28 ils
3256 310 131 29 direction
3409 308 52 30 and

2832 347 181 29 contiuuance
3053 348 55 28 will
3151 350 64 28 thus
3250 349 33 29 be
3319 359 67 19 soon
3424 358 25 19 es-

2833 383 143 29 tablished.

2866 423 57 28 The
2938 424 22 26 B
2972 434 18 24 g
2999 423 82 29 River
3089 424 143 38 Company
3241 426 102 36 having
3351 425 112 28 decided

2832 469 71 28 upon
2926 463 120 32 erecting
3070 463 168 39 machinery,
3260 464 45 29 the
3329 465 134 36 complete

2832 500 75 35 plant
2921 501 30 27 of
2961 501 45 27 the
3028 502 105 28 Golden
3155 503 80 28 Point
3256 513 138 28 company
3414 504 49 27 has

2831 537 67 28 been
2924 538 100 29 offered
3049 540 74 28 them
3150 542 42 27 for
3216 542 46 28 the
3286 540 177 39 exceedingly

2832 576 52 28 low
2908 576 85 37 figure
3018 578 30 28 of
3070 579 81 29 £l3O.
3200 580 66 28 This
3296 580 127 29 included
3447 591 16 19 a

2834 616 32 25 10
2879 615 69 27 head
2972 615 105 34 battery
3102 618 31 26 of
3159 620 76 26 7cwt.
3265 625 113 31 stamps
3409 622 54 26 two

2832 649 124 35 berdans,
2987 654 116 32 turbine,
3134 656 58 28 iron
3223 667 124 28 pressure
3377 656 85 40 pipes,

2833 691 93 29 tables,
2950 692 66 29 shed
3036 695 55 27 and
3113 695 36 28 all
3169 696 45 28 the
3234 698 139 35 requisites
3394 698 42 28 for
3448 707 14 19 a

2833 729 135 35 thorough
2999 733 107 32 fit-out;
3126 735 53 26 and
3204 735 50 27 has
3284 736 46 27 the
3360 736 104 27 further

2833 768 152 34 advantage
3004 770 30 26 of
3050 770 80 34 being
3142 781 16 18 a
3172 772 63 28 mile
3255 773 69 28 from
3349 773 112 28 Roefton

2833 816 34 18 on
2889 806 46 29 the
2959 807 65 29 road
3048 808 20 29 it
3089 808 23 29 is
3135 811 114 30 wanted.
3286 812 89 29 There
3400 813 23 28 is
3448 823 12 18 a

2832 845 69 34 good
2917 846 63 27 road
2995 846 46 29 the
3055 848 87 27 whole
3161 849 121 30 distance
3295 860 71 23 now,
3380 851 81 27 about

2835 884 32 26 10
2879 883 87 33 miles,
2988 884 68 28 hard
3078 886 55 28 and
3155 888 68 28 solid
3244 888 70 29 from
3336 889 46 28 the
3402 899 44 27 pro-

2834 921 96 33 longed
2945 923 50 36 dry
3008 923 120 29 wetther
3140 934 7 24 ;
3167 926 45 28 the
3227 933 148 22 narrowest
3389 933 73 30 parts

2834 959 29 28 of
2874 970 15 17 a
2903 960 82 28 width
3008 961 135 30 sufficient
3162 968 28 24 to
3209 965 72 28 work
3295 975 16 18 a
3333 966 81 36 trolly
3427 976 35 17 on

2834 997 88 29 which
2948 1000 46 27 the
3019 1001 76 35 plant
3119 1003 80 27 could
3226 1005 86 34 easily
3337 1005 32 27 be
3399 1015 47 17 con-

2834 1036 95 36 veyed.
2968 1037 42 28 No
3040 1039 92 33 doubt,
3157 1041 23 26 if
3197 1041 47 28 the
3265 1042 131 28 directors
3417 1051 45 19 are

2834 1080 106 24 earnest
2965 1075 27 29 in
3018 1076 54 29 this
3098 1083 108 28 matter,
3227 1080 66 37 they
3316 1081 53 28 will
3392 1081 69 29 close

2834 1113 66 27 with
2926 1114 46 28 the
2997 1116 74 31 offer,
3093 1117 54 27 and
3169 1117 46 28 the
3237 1119 54 26 fine
3311 1129 95 17 season
3430 1119 32 28 be

2835 1151 80 27 taken
2929 1151 152 36 advantage
3094 1154 30 27 of
3134 1160 27 22 to
3173 1164 109 20 remove
3293 1156 46 28 the
3352 1156 85 38 plant.

2871 1189 153 30 Possession
3046 1201 56 19 was
3116 1192 80 30 taken
3211 1194 51 28 last
3276 1195 73 29 week
3371 1195 30 29 of
3416 1195 46 29 the

2834 1228 106 28 Golden
2966 1229 94 28 Fleece
3084 1231 74 28 mine
3184 1232 36 33 by
3244 1233 46 27 the
3319 1243 60 18 new
3404 1243 43 26 pro-

2834 1266 109 36 prietor.
2975 1266 44 30 Mr
3049 1268 91 29 Frank
3171 1270 155 30 Hamilton.
3369 1271 23 29 A
3423 1281 26 19 re-

2834 1306 142 32 organised
3000 1316 136 27 company
3161 1310 64 32 will,
3250 1320 36 18 no
3307 1311 93 29 doubt,
3431 1311 31 27 be

2834 1343 113 25 evolved
2971 1349 48 21 out
3042 1345 30 25 of
3094 1345 55 26 this
3173 1349 177 29 transaction,
3372 1348 55 26 and
3448 1358 15 17 a

2834 1379 104 30 further
2950 1381 91 29 search
3056 1382 80 29 made
3149 1382 40 30 for
3202 1383 114 39 payable
3330 1384 83 30 lodes.

2870 1420 96 28 Works
2979 1422 148 28 connected
3142 1423 62 28 with
3220 1424 46 28 the
3281 1424 92 28 Venus
3391 1425 70 28 atrial

2834 1458 54 28 fine
2901 1467 44 19 are
2954 1468 34 18 on
3001 1459 45 29 the
3055 1469 47 19 eve
3112 1460 30 28 of
3151 1462 173 36 completion.
3359 1464 89 28 Altera-

2834 1497 71 27 tions
2929 1497 54 28 had
3009 1503 27 22 to
3062 1498 31 27 be
3117 1499 80 28 made
3221 1502 27 25 in
3274 1511 75 17 some
3381 1509 81 28 parts,

2834 1534 87 29 which
2943 1535 51 29 has
3013 1536 97 29 caused
3135 1546 16 19 a
3173 1537 89 37 delay,
3284 1538 179 31 unavoidable

2833 1574 28 26 in
2874 1573 37 28 all
2925 1582 60 19 new
2999 1576 197 30 ventures,.but
3210 1582 63 23 next
3287 1578 75 27 week
3370 1588 77 25 every-

2834 1610 80 34 thing
2926 1612 54 26 will
2994 1612 32 26 be
3039 1612 28 27 in
3082 1613 48 27 full
3143 1615 87 35 swing
3239 1615 54 26 and
3304 1615 45 27 the
3362 1622 101 28 twenty

2834 1648 84 30 heads
2948 1653 28 25 at
3007 1649 46 30 the
3091 1650 106 40 battery
3227 1653 127 34 crushing
3387 1663 76 28 away

2835 1688 120 35 merrily.
2993 1690 81 26 Some
3088 1690 59 28 four
3160 1700 30 18 or
3202 1692 54 27 five
3271 1693 124 27 hundred
3406 1700 57 20 tons

2834 1733 45 19 are
2900 1725 83 36 ready
3004 1726 42 28 for
3067 1727 47 28 the
3135 1729 68 32 mill,
3228 1730 55 26 and
3303 1735 90 31 stopes
3419 1740 45 18 are

2834 1763 105 35 opened
2965 1768 27 23 to
3016 1764 67 35 keep
3105 1773 37 28 up
3164 1775 16 19 a
3203 1766 95 29 liberal
3319 1769 97 35 supply
3438 1769 29 27 of

2834 1805 75 24 stone
2923 1801 79 27 when
3016 1801 131 35 crushing
3158 1803 24 28 is
3194 1805 111 27 started.

2869 1839 59 28 The
2940 1840 106 27 Golden
3060 1841 132 29 Treasure
3202 1843 49 28 has
3261 1844 119 28 chanced
3394 1854 70 26 upon

2834 1886 15 18 a
2860 1877 190 28 continuation
3072 1879 30 27 of
3119 1879 46 28 the
3187 1884 77 25 stone
3285 1881 67 28 from
3375 1883 89 27 which

2834 1914 66 28 such
2923 1915 69 34 good
3013 1920 108 24 returns
3143 1927 69 18 were
3225 1919 129 28 obtained
3377 1920 88 29 before

2834 1952 162 30 Christinas.
3045 1954 41 30 Its
3116 1957 191 35 continuance,
3332 1958 134 36 however,

2834 1992 65 27 does
2923 1998 48 22 not
2996 2002 74 19 seem
3097 1996 102 33 promis
3210 2006 46 25 ng,
3281 2007 30 17 as
3335 1999 70 26 from
3431 2008 34 17 an

2834 2035 134 30 apparent
2989 2032 171 28 disturbance
3181 2034 30 27 of
3227 2035 45 27 the
3291 2040 115 29 country
3420 2037 46 27 the

2836 2073 77 22 stone
2926 2069 23 26 is
2962 2078 62 17 now
3037 2069 116 35 striking
3165 2072 99 26 almost
3284 2072 181 37 horizontally

2834 2109 28 24 to
2876 2105 45 29 the
2934 2105 90 33 South,
3038 2116 31 19 or
3080 2107 29 28 iu
3129 2108 46 29 the
3193 2111 123 36 opposite
3335 2111 131 29 direction

2835 2150 27 22 to
2892 2144 36 29 its
2952 2145 102 30 former
3081 2147 92 33 strike,
3205 2149 53 28 and
3291 2150 68 28 until
3389 2160 77 20 more

2834 2184 96 27 settled
2944 2191 114 29 country
3068 2185 23 28 is
3101 2187 112 28 reached
3225 2188 46 27 the
3283 2198 182 27 permanency

2834 2220 31 28 of
2876 2221 45 28 the
2935 2221 92 29 blocks
3037 2232 51 18 can
3102 2225 119 35 scarcely
3234 2225 31 28 be
3279 2226 137 36 expected.

2869 2258 57 28 The
2941 2259 156 34 Inglewood
3109 2262 49 28 has
3171 2263 80 31 again
3261 2265 102 27 started
3373 2265 76 28 crush-

2834 2297 55 33 ing,
2914 2297 106 35 though
3046 2298 45 29 the
3116 2301 98 36 supply
3243 2302 32 28 of
3295 2306 85 24 water
3409 2303 56 28 will

2834 2345 66 18 soon
2923 2340 76 24 want
3022 2338 231 38 supplementing.
3298 2341 91 28 About
3414 2344 52 26 800

2834 2377 61 24 tons
2914 2373 30 28 of
2961 2378 78 24 stoue
3059 2384 45 19 are
3123 2382 28 23 to
3163 2387 84 24 grass,
3261 2379 54 27 and
3334 2380 70 26 from
3418 2380 46 28 the

2834 2417 108 31 present
2956 2422 181 27 appearances
3155 2416 30 28 of
3195 2417 46 28 the
3260 2421 91 33 stopes
3369 2419 77 27 crush-

2833 2451 48 31 ing
2893 2450 98 27 should
3003 2452 33 25 be
3049 2453 147 26 continued
3208 2454 42 26 for
3262 2459 29 22 at
3304 2456 68 26 least
3387 2456 76 27 three

2834 2486 112 30 months
2968 2486 89 32 before
3079 2488 46 31 the
3139 2489 106 41 battery
3263 2492 141 31 overtakes
3418 2493 46 30 the

2834 2528 82 26 mine.

2867 2565 59 27 The
2947 2565 73 28 mills
3039 2575 45 19 are
3107 2567 52 28 idle
3178 2572 28 23 at
3219 2568 170 33 Boatman's,
3410 2571 53 27 and

2834 2601 47 30 the
2893 2603 75 30 chief
2977 2608 92 26 centre
3082 2605 30 29 of
3127 2610 145 26 attraction
3291 2608 77 30 there
3380 2608 23 29 is
3417 2609 46 30 the

2834 2641 120 30 Reform,
2975 2641 89 29 which
3083 2644 24 27 is
3128 2646 116 34 steadily
3265 2647 86 33 rising
3368 2648 29 27 in
3417 2648 46 27 the

2832 2678 117 29 market.
2985 2680 58 29 The
3056 2681 60 28 lode
3131 2682 76 28 looks
3225 2693 66 27 very
3304 2685 159 36 promising,

2832 2718 63 35 goM
2908 2718 81 38 being
3002 2721 83 37 freely
3098 2730 73 25 seen,
3185 2723 80 29 while
3285 2725 27 27 iu
3332 2724 54 29 size
3406 2725 19 28 it
3441 2725 22 29 is

2833 2758 151 28 somewhat
2997 2759 73 32 large
3084 2760 41 27 for
3137 2761 54 27 this
3205 2761 119 36 locality,
3332 2763 23 27 it
3362 2763 101 37 having

2832 2795 124 28 widened
2980 2800 48 24 out
3052 2802 29 24 to
3105 2798 40 28 six
3173 2799 61 32 feet,
3265 2800 133 33 although
3427 2802 35 27 its

2832 2842 114 26 average
2960 2833 65 28 bulk
3039 2834 23 28 is
3071 2839 48 24 not
3131 2845 30 18 so
3173 2837 151 36 capacious.
3362 2839 101 28 Unlike

2832 2870 47 29 the
2902 2871 69 28 reefs
2991 2872 28 28 in
3039 2872 162 31 Boatman's
3213 2876 139 37 generally
3370 2876 22 29 it
3415 2877 48 29 has

2832 2914 49 24 not
2900 2910 117 36 pinched
3037 2911 49 29 but
3106 2911 65 38 kept
3194 2924 15 16 a
3229 2919 90 32 pretty
3344 2916 118 28 uniform

2830 2947 87 28 width
2943 2949 175 36 throughout,
3142 2950 142 39 gradually
3308 2953 155 38 improving

2830 2986 28 27 in
2874 2987 63 30 size,
2951 2987 55 27 and
3020 2997 36 25 up
3077 2993 27 22 to
3126 2989 45 27 the
3185 2996 109 28 present
3307 2991 80 35 being
3408 2993 55 27 free

2832 3023 30 28 of
2884 3024 78 28 those
2991 3025 106 28 sudden
3127 3035 129 27 squeezes
3280 3028 59 29 that
3365 3038 45 19 are
3434 3038 29 19 so

2831 3062 205 38 disappointing
3049 3069 27 24 to
3088 3064 200 31 shareholders.
3325 3067 66 29 Tins
3406 3067 57 30 find

2831 3102 57 28 will
2901 3102 82 37 likely
2995 3104 61 32 give
3069 3114 35 18 au
3118 3104 118 36 impetus
3250 3112 27 23 to
3291 3108 172 36 prospecting

2831 3140 83 34 along
2926 3141 46 27 the
2986 3142 129 26 southern
3131 3143 53 27 end
3197 3144 30 28 of
3237 3144 46 28 the
3296 3145 63 27 line.

2866 3177 59 29 The
2948 3178 86 28 South
3058 3178 131 39 Hopeful,
3210 3180 140 39 adjoining
3369 3187 28 25 to
3419 3183 46 30 the

2832 3217 90 32 south,
2943 3217 23 27 is
2985 3217 28 27 in
3037 3217 117 36 dispute,
3180 3229 36 18 an
3238 3222 165 34 application
3425 3223 41 27 for

2831 3254 180 29 cancellation
3036 3254 103 37 having
3164 3256 67 30 been
3254 3258 86 30 heard
3364 3259 28 29 in
3418 3260 46 30 the

2832 3293 144 30 Warden's
2989 3296 100 34 Court;
3107 3296 118 30 decision
3237 3304 48 23 not
3298 3304 47 30 yet
3356 3299 91 34 given.

2866 3333 58 29 The
2950 3334 80 37 Fiery
3049 3334 23 28 is
3093 3335 55 29 still
3170 3336 109 37 driving
3300 3342 27 24 to
3351 3344 115 24 connect

2832 3371 71 30 their
2915 3379 54 22 two
2982 3373 102 29 winzes
3096 3375 56 29 and
3165 3385 46 19 are
3229 3377 127 38 carrying
3368 3387 17 19 a
3396 3378 70 37 good

2831 3411 58 28 reef
2898 3411 29 28 in
2942 3411 45 29 the
3000 3412 79 28 level.

3324 3454 107 28 Thady.

2935 3550 122 30 NOTES
3077 3552 106 30 FROM
3202 3554 158 28 NELSON.

2892 3632 84 33 (from
2995 3639 56 20 our
3070 3641 63 19 own
3151 3636 255 34 correspondent.)

3204 3681 141 38 February
3359 3683 71 30 15th.

2865 3725 95 29 Public
2985 3727 113 29 interest
3121 3729 43 28 for
3188 3730 47 28 the
3259 3735 62 32 past
3340 3732 75 27 week
3437 3742 29 18 or

2830 3773 77 19 more
2927 3764 51 28 has
2997 3765 68 28 been
3088 3767 111 27 centred
3211 3768 28 27 in
3260 3778 17 18 a
3298 3770 102 27 serious
3423 3780 28 18 ac-

2831 3800 90 29 cident
2934 3801 91 28 which
3040 3804 127 27 occurred
3180 3814 34 18 on
3228 3805 47 27 the
3294 3806 47 27 7th
3361 3807 105 27 instant

2831 3843 28 24 to
2872 3848 16 19 a
2897 3838 76 29 brick
2985 3840 104 30 culvert
3103 3843 26 26 in
3139 3852 93 19 course
3246 3843 30 28 of
3281 3846 184 28 construction

2830 3876 36 36 by
2891 3878 46 28 the
2962 3878 64 36 City
3052 3880 195 37 Corporation;
3278 3882 46 29 the
3348 3883 116 36 damage

2830 3916 151 37 consisting
2993 3918 32 27 of
3035 3918 46 28 the
3100 3918 47 29 fall
3160 3919 30 28 of
3206 3919 47 29 the
3267 3921 106 35 portion
3388 3922 30 27 of
3427 3932 33 18 an

2830 3954 63 28 arch
2908 3954 89 29 which
3010 3956 55 28 had
3078 3956 68 30 been
3159 3958 69 28 built
3241 3959 52 27 and
3307 3961 112 34 injuries
3436 3961 30 27 of

2830 4001 16 18 a
2859 3993 101 27 serious
2973 3998 97 24 uature
3083 3999 28 23 to
3124 3996 76 27 three
3213 4005 63 21 men
3291 3998 122 35 engaged
3428 4007 34 18 on

2830 4029 47 30 the
2889 4030 84 29 work.
3010 4031 66 29 This
3089 4031 131 31 intended
3239 4038 134 26 structure
3386 4036 23 28 is
3427 4046 36 19 on

2830 4069 46 27 the
2898 4069 129 29 schedule
3046 4072 31 27 of
3095 4072 46 27 the
3164 4074 130 34 proposed
3317 4074 87 27 works
3423 4076 41 26 for

2829 4106 90 27 which
2933 4106 46 28 the
2990 4107 115 28 Council
3117 4109 88 28 raised
3224 4110 47 27 the
3294 4111 91 28 £IOOO
3398 4111 62 28 loan

2829 4153 76 20 some
2919 4145 111 29 months
3044 4155 60 27 ago,
3118 4147 46 29 the
3182 4151 158 35 ratepayers
3360 4149 103 36 having

2828 4182 67 28 been
2909 4184 140 28 wheedled
3061 4186 58 27 into
3133 4188 95 32 voting
3241 4189 41 26 tor
3294 4188 22 27 it
3326 4188 136 33 believiug

2828 4220 62 30 that
2911 4220 66 39 they
2997 4222 90 29 would
3107 4222 33 31 be
3160 4224 61 29 able
3240 4229 28 24 to
3289 4230 45 31 get
3356 4236 16 18 a
3390 4227 70 35 good

2829 4260 65 29 slice
2906 4261 70 29 from
2990 4262 47 28 the
3048 4264 116 28 General
3176 4265 188 30 Government
3373 4267 88 28 under

2828 4299 47 27 the
2888 4300 92 27 Roads
2993 4301 54 27 and
3060 4301 116 35 Bridges
3192 4303 192 27 Construction
3398 4305 61 31 Act,

2828 4336 53 29 and
2896 4337 70 28 after
2978 4337 66 38 they
3056 4338 54 29 had
3124 4340 158 29 committed
3293 4340 168 30 themselves

2829 4379 27 24 to
2876 4376 171 35 authorising
3070 4377 45 28 the
3134 4379 113 28 Council
3265 4383 29 25 to
3314 4381 71 27 raise
3406 4380 55 28 this

2828 4423 100 27 money
2947 4414 42 29 for
3006 4424 17 20 a
3041 4415 38 29 lot
3093 4416 30 29 of
3135 4417 123 29 needless
3270 4417 55 30 and
3337 4422 106 26 extrava-

2827 4457 66 31 gant
2923 4454 98 34 works,
3052 4455 66 36 they
3147 4455 156 30 discovered
3333 4457 61 28 that
3422 4468 36 18 no

2828 4500 101 28 money
2941 4501 57 19 was
3010 4493 132 28 available
3154 4494 43 27 for
3214 4494 46 28 the
3273 4495 56 27 real
3342 4504 117 28 purpose

2824 4529 70 38 .they
2906 4530 54 29 had
2973 4530 29 30 in
3021 4531 68 30 view
3101 4541 6 22 ;
3127 4532 44 29 viz
3183 4534 90 28 :—the
3291 4535 66 27 road
3370 4535 89 29 rouad

2827 4568 47 28 the
2894 4569 86 28 rocks.
3016 4571 136 34 Anyhow,
3174 4572 47 26 the
3246 4572 128 28 schedule
3399 4583 45 25 pro-

2827 4606 81 28 vided
2921 4607 41 27 for
2974 4616 36 18 an
3023 4608 178 36 expenditure
3213 4608 31 28 of
3257 4619 75 18 some
3345 4611 74 28 £460
3432 4615 27 24 to

2827 4654 67 26 span
2908 4654 16 18 a
2937 4645 80 28 small
3039 4646 78 28 creek
3129 4647 101 28 known
3243 4657 30 18 as
3292 4648 46 28 the
3357 4649 101 29 Brook.

2828 4682 26 27 It
2866 4691 57 18 was
2936 4683 131 28 intended
3079 4689 28 22 to
3120 4685 32 27 be
3165 4694 16 18 a
3194 4688 135 25 structure
3350 4688 108 33 worthy

2826 4719 71 29 alike
2919 4720 31 29 of
2967 4720 47 29 the
3035 4721 73 35 loan,
3128 4721 46 30 the
3194 4723 121 33 Council,
3335 4724 54 29 and
3412 4725 46 30 the

2826 4759 177 37 engineering
3023 4761 87 28 talent
3122 4762 30 28 of
3161 4761 47 29 the
3227 4763 62 36 City
3312 4764 144 36 Surveyor.

2826 4797 67 27 This
2924 4798 158 34 gentleman
3113 4799 51 28 has
3194 4800 41 27 for
3265 4810 85 26 many
3380 4812 78 24 years

2826 4834 110 29 devised
2960 4836 55 28 and
3039 4836 104 29 carried
3169 4842 48 23 out
3241 4838 47 28 the
3314 4848 144 28 necessary

2826 4872 89 30 works
2934 4875 149 27 connected
3101 4875 66 29 with
3189 4875 47 29 the
3249 4880 105 30 streets,
3368 4877 75 29 drain-

2826 4921 58 25 age,
2905 4913 54 28 and
2980 4918 83 24 water
3084 4914 55 28 and
3151 4925 48 26 gas
3218 4915 114 29 services
3352 4916 41 28 for
3412 4917 45 28 the

2826 4955 166 32 ratepayers,
3005 4953 54 26 and
3072 4953 28 26 in
3115 4953 41 26 his
3169 4954 65 35 long
3246 4963 90 19 career
3348 4954 49 28 has
3409 4960 47 22 not

2826 4988 68 29 heen
2919 4989 55 28 free
2999 4989 28 29 in
3052 4999 86 28 many
3157 5000 75 20 cases
3252 4992 70 28 from
3343 4993 113 29 adverse

2826 5027 138 29 criticism.
3001 5028 59 29 The
3073 5029 113 29 Council
3204 5030 66 29 with
3284 5041 16 18 a
3313 5031 103 37 loyalty
3430 5036 27 24 to

2826 5066 72 28 their
2918 5066 140 29 executive
3077 5067 92 28 officer
3181 5068 108 36 beyond
3310 5070 35 27 all
3359 5071 96 34 praise,

2826 5103 70 29 have
2908 5108 49 25 not
2974 5104 66 36 only
3059 5106 135 36 approved
3216 5106 31 28 of
3258 5107 42 27 his
3313 5108 82 31 work,
3409 5108 49 28 but

2826 5142 70 29 have
2909 5142 180 39 occasionally
3102 5146 97 35 passed
3208 5144 139 37 flattering
3356 5147 86 28 resolu-

2826 5181 72 26 tions
2928 5191 30 18 as
2983 5186 28 23 to
3041 5182 73 28 their
3140 5184 185 35 appreciation
3356 5184 30 26 of
3414 5185 42 26 his

2826 5218 132 27 manifold
2971 5218 111 29 virtues.
3119 5221 45 27 He
3177 5221 23 27 is
3212 5221 65 28 fond
3298 5221 31 28 of
3343 5222 115 37 striking

2826 5259 48 25 out
2903 5256 28 27 in
2962 5257 46 28 the
3038 5256 132 31 direction
3200 5259 30 27 of
3261 5260 133 29 novelties
3428 5262 29 27 in

2826 5294 178 37 engineering
3021 5296 103 29 science
3136 5297 24 28 is
3179 5297 55 30 this
3251 5299 55 38 city
3319 5308 138 29 surveyor,

2826 5334 54 28 and
2901 5335 157 28 sometimes
3076 5337 184 35 experiments
3281 5341 176 35 expensively

2825 5376 29 24 at
2878 5372 46 28 the
2948 5376 164 33 ratepayers'
3138 5378 66 25 cost.
3241 5376 67 28 This
3333 5378 123 28 accident

2826 5410 27 26 in
2876 5410 62 27 Nile
2957 5414 83 24 street
3061 5411 24 27 is
3098 5412 46 28 the
3162 5416 125 25 outcome
3310 5414 30 28 of
3359 5424 35 18 an
3413 5425 28 18 ex-

2826 5447 137 34 periment
2975 5448 31 27 of
3018 5447 42 29 his
3073 5449 28 27 in
3115 5450 91 33 trying
3220 5450 73 28 what
3305 5451 84 28 tricks
3408 5463 48 17 can

2826 5483 32 30 be
2870 5484 97 37 played
2982 5485 65 30 with
3062 5486 64 30 lime
3137 5487 53 29 and
3204 5488 131 30 Portland
3348 5498 110 22 cement

2827 5524 89 27 mixed
2929 5525 125 34 together
3075 5527 28 26 in
3126 5536 15 17 a
3155 5536 116 19 maimer
3289 5537 49 20 not
3358 5530 98 28 known

2828 5566 28 24 to
2868 5570 108 27 anyoue
2993 5563 55 28 else
3061 5563 28 28 in
3113 5564 45 29 the
3180 5565 149 37 profession
3342 5576 6 25 ;
3368 5567 49 30 but
3430 5579 29 18 as

2826 5600 47 28 the
2886 5602 202 36 sympathising
3098 5605 162 28 councillors
3274 5613 47 29 put
3331 5607 31 31 it,
3413 5608 43 28 He

2826 5639 51 27 has
2888 5640 100 34 gained
3009 5650 16 18 a
3047 5647 76 27 great
3137 5642 59 28 deal
3211 5644 30 27 of
3257 5644 159 38 knowledge
3430 5652 26 22 at

2826 5687 50 19 our
2895 5687 125 27 expense,
3043 5680 53 28 and
3120 5690 40 19 we
3173 5681 78 29 don't
3269 5689 74 23 want
3357 5689 26 23 to
3404 5685 53 28 lose

2826 5716 37 27 •all
2999 5718 66 28 This
3073 5720 141 28 miserable
3225 5722 103 28 culvert
3335 5723 121 28 business

2826 5754 23 28 is
2862 5755 151 29 somewhat
3026 5767 30 18 as
3074 5757 105 29 follows
3193 5760 100 29 :—The
3307 5771 69 26 span
3389 5762 23 29 is
3425 5765 31 26 25

2826 5793 62 33 feet,
2911 5793 55 29 and
2988 5795 45 27 the
3054 5796 131 28 architect
3209 5800 129 33 provided
3363 5801 27 27 in
3416 5802 40 26 his

2826 5830 184 36 specification
3035 5833 40 26 for
3097 5843 34 18 an
3152 5835 62 27 arch
3230 5835 64 29 with
3317 5838 16 26 4
3337 5838 9 19 p
3347 5843 17 21 t.
3388 5840 68 27 loiu.

2826 5869 61 29 rise.
2925 5870 56 29 The
3003 5878 97 23 nature
3124 5875 28 26 of
3171 5877 45 27 the
3240 5876 103 35 ground
3371 5878 87 29 would

3498 234 69 28 have
3581 233 114 28 allowed
3716 233 30 28 of
3763 234 115 27 another
3892 238 53 24 two
4038 236 92 37 height

3498 278 27 22 to
3544 273 48 26 llio
3616 271 73 27 arch,
3709 271 54 27 and
3784 271 69 28 have
3878 271 46 28 left
3946 274 91 26 ample
4051 283 79 17 water

3501 321 69 27 way,
3595 312 55 31 but,
3675 312 37 25 !br
3737 312 196 35 experimental
3955 321 109 19 reasons
4076 323 42 28 per-

3498 352 76 35 haps
3596 350 32 27 he
3652 349 133 37 preferred
3808 359 44 18 Lie
3872 346 91 32 flatter
3983 351 64 33 aud,
4068 363 47 18 con-

3501 389 153 37 sequently,
3670 389 50 26 less
3734 389 56 26 pafe
3804 387 103 36 height.
3945 389 57 28 The
4023 391 110 29 Council

3497 427 84 30 found
3607 422 35 32 all
3669 426 138 28 materials
3840 427 54 27 and
3926 428 137 38 centreing
4091 430 41 29 for

3499 466 122 34 building
3635 465 44 28 the
3692 466 65 27 arch
3772 465 75 34 with,
3868 466 52 28 an-'
3941 467 46 28 the
4009 471 120 27 contract

3497 515 56 19 was
3567 505 36 29 let
3617 505 40 27 for
3670 504 96 28 labour
3774 506 74 34 only.
3886 505 57 28 The
3955 516 34 18 m<
4001 513 57 22 rtar
4068 508 63 29 used

3497 554 56 18 was
3579 544 47 27 the
3651 548 72 23 most
3748 543 207 38 extraordinary
3981 546 68 27 stuff
4071 556 63 20 ever

3497 581 149 38 compose!
3677 582 41 28 for
3748 581 46 29 the
3825 592 115 27 purpose
3965 584 30 27 of
4021 585 111 35 causing

3499 622 87 26 bricks
3600 628 28 20 to
3648 620 102 28 adhere
3771 621 133 33 together.
3944 622 104 28 Mortar
4066 626 64 26 used

3497 661 27 27 in
3540 660 34 28 ail
3590 661 189 26 Government
3801 666 137 22 contracts
3951 661 22 27 is
3987 662 145 37 composed

3497 700 32 28 of
3541 700 74 28 three
3629 704 74 31 parts
3716 699 30 28 of
3755 699 84 36 sharp
3852 699 77 28 clean
3939 701 68 27 sand
4018 702 51 27 and
4080 713 51 18 one

3499 744 58 30 part
3571 739 30 26 of
3614 736 129 29 Portland
3751 741 110 24 cement
3871 739 60 26 well
3942 739 189 36 incorporated

3499 776 132 32 together,
3654 774 91 28 mixed
3769 774 64 29 with
3854 781 85 22 water
3952 784 26 21 to
4000 787 16 18 a
4036 787 96 28 proper

3497 814 173 38 consistency
3684 814 54 29 and
3753 814 66 28 used
3838 821 29 22 at
3887 824 76 20 once.
4001 816 88 38 Delay
4102 820 27 27 in

3499 863 80 23 using
3599 853 176 28 deteriorates
3795 854 31 32 it,
3847 854 54 26 and
3923 863 16 19 a
3959 855 74 35 lapse
4052 857 30 26 of
4096 866 35 19 an

3497 892 70 28 hour
3591 892 23 27 is
3635 892 66 27 fatal
3723 895 28 24 to
3770 892 35 27 its
3825 892 123 34 strength
3962 901 6 19 :
3988 893 100 34 whilst,
4113 895 19 28 it

3499 931 125 36 properly
3650 929 74 33 used,
3750 930 22 27 it
3790 930 55 28 will
3868 936 41 22 set
3930 930 67 29 hard
4021 935 108 33 enough

3497 970 28 26 in
3547 971 33 26 24
3603 970 82 27 hours
3710 974 26 23 to
3749 968 33 28 be
3795 975 95 28 strong
3906 970 107 33 enough
4029 976 27 24 to
4069 973 62 28 take

3497 1009 46 26 the
3556 1009 101 26 frames
3675 1017 87 26 away,
3776 1017 31 18 or
3819 1008 22 27 if
3850 1017 35 18 on
3906 1018 15 17 a
3936 1009 68 27 level
4026 1012 59 26 surf
4092 1022 39 17 ice

3499 1047 39 26 for
3551 1055 15 18 a
3581 1055 62 18 man
3668 1050 28 23 to
3716 1046 71 27 walk
3807 1055 35 18 on
3865 1045 66 30 with
3946 1048 87 28 nailed
4053 1048 78 29 boots

3499 1085 115 28 without
3627 1085 109 33 leaving
3753 1094 36 19 an
3809 1085 171 37 impression.
4018 1087 55 29 Bit
4085 1088 46 29 the

3497 1122 68 27 stuff
3575 1123 65 26 used
3654 1123 39 26 for
3713 1127 105 22 mortar
3836 1123 28 27 in
3878 1123 55 27 this
3952 1125 104 28 culvert
4074 1135 56 19 was

3497 1160 145 36 composed
3664 1160 32 28 of
3716 1160 68 28 sand
3807 1160 90 29 which
3918 1160 54 30 had
3994 1171 15 20 a
4034 1172 97 24 greasy

3499 1198 64 28 kind
3574 1200 29 26 of
3611 1200 60 35 clay
3683 1199 90 29 mixed
3785 1198 65 31 with
3859 1200 30 30 it,
3901 1200 54 29 and
3966 1201 30 29 of
4002 1201 129 37 ordinary

3576 1238 80 26 made
3670 1247 36 26 np
3720 1239 57 25 into
3790 1247 128 19 common
3936 1245 102 23 mortar
4050 1250 6 23 ;
4075 1242 55 27 and

3497 1275 56 29 this
3572 1275 158 29 afterwards
3751 1276 54 29 had
3827 1287 15 18 a
3863 1276 68 30 dash
3951 1278 31 28 of
4000 1278 131 30 Portland

3497 1320 110 21 cement
3627 1321 49 28 put
3697 1315 58 28 into
3775 1316 30 30 it,
3826 1317 66 26 with
3913 1318 45 26 the
3972 1318 85 28 result
4070 1319 61 28 that

3499 1354 46 23 the
3570 1351 64 26 lime
3659 1352 54 26 and
3738 1358 108 21 cement
3879 1353 76 28 there
3980 1355 54 26 and
4064 1356 66 27 then

3500 1388 135 38 mutually
3659 1388 144 38 destroyed
3823 1390 46 30 the
3889 1391 102 30 virtues
4015 1393 31 28 of
4063 1395 68 28 each

3498 1428 86 28 other.
3623 1429 35 27 So
3677 1428 60 30 that
3750 1431 20 26 it
3784 1440 77 18 came
3874 1431 92 33 about,
3986 1433 80 28 when
4085 1433 46 28 tlu

3499 1471 104 23 centres
3623 1477 69 18 were
3714 1468 80 34 being
3807 1468 103 34 drawn,
3933 1471 46 28 the
4002 1472 109 29 so-calie
4122 1472 9 28 I

3501 1512 109 25 mortar,
3626 1505 80 33 being
3725 1515 35 19 no
3775 1507 85 28 better
3872 1518 31 17 or
3917 1516 83 20 worse
4020 1510 67 27 than
4101 1520 30 17 so

3501 1542 80 28 much
3605 1543 76 34 mud,
3704 1544 55 28 had
3781 1554 35 18 no
3837 1545 114 36 binding
3973 1550 158 34 properties,

3499 1581 52 27 and
3585 1581 46 28 the
3664 1583 96 29 bricks,
3785 1583 140 34 following
3950 1587 46 26 the
4024 1586 50 28 law
4104 1588 30 27 of

3501 1618 142 29 attraction
3657 1621 30 24 of
3696 1621 174 34 gravitation,
3890 1623 46 26 fell
3950 1624 57 26 into
4021 1626 45 25 t'»e
4079 1624 52 28 bed

3499 1656 29 30 of
3539 1656 45 29 the
3598 1657 87 33 creek,
3700 1659 93 36 nearly
3808 1659 96 37 killing
3917 1671 50 19 one
3981 1663 54 28 and
4051 1661 81 33 badly

3503 1697 145 32 damaging
3657 1704 52 20 two
3718 1699 77 26 other
3803 1708 71 18 men.
3912 1701 66 26 This
3988 1702 143 35 happened

3499 1742 34 18 on
3548 1743 15 17 a
3578 1734 136 35 Saturday
3727 1735 153 31 afternoon,
3894 1737 54 28 aud
3967 1748 51 18 one
4040 1740 90 27 would

3501 1772 137 33 naturally
3668 1772 70 28 have
3768 1775 129 34 expected
3929 1776 68 34 that,
4028 1781 28 23 at
4085 1778 47 28 the

3499 1809 106 28 earliest
3628 1809 116 36 possible
3759 1811 62 28 date
3845 1812 167 36 afterwards,
4035 1825 49 26 say
4096 1826 36 18 on

3502 1847 44 27 the
3562 1847 128 36 Monday,
3707 1848 44 28 the
3764 1851 56 34 city
3833 1851 106 29 council
3958 1853 89 27 would
4062 1854 69 28 have

3502 1889 56 22 met
3579 1885 54 27 and
3654 1886 62 27 held
3739 1897 14 16 a
3776 1888 142 35 searching
3937 1892 116 34 enquiry
4073 1892 58 28 into

3501 1923 45 27 the
3567 1932 94 18 causes
3683 1924 89 28 which
3786 1925 52 28 had
3852 1929 164 28 eventuated
4036 1929 27 28 in
4086 1931 46 27 the

3500 1960 131 31 accident,
3645 1962 55 28 and
3714 1963 69 29 have
3796 1965 188 30 endeavoured
3998 1972 26 24 to
4038 1969 93 29 saddle

3501 2000 46 27 the
3561 2000 89 28 blame
3670 2011 35 17 on
3727 2003 44 27 the
3791 2003 149 30 individual
3954 2007 61 27 who
4033 2017 56 18 was
4101 2008 29 29 in

3502 2038 83 32 fault;
3605 2039 41 27 for
3671 2039 21 27 it
3717 2049 63 22 was,
3804 2051 29 17 so
3856 2045 40 25 tar
3917 2054 29 16 as
3972 2045 47 27 the
4044 2046 89 35 public

3501 2075 78 28 knew
3595 2076 63 27 then
3672 2086 29 17 or
3711 2077 79 28 know
3800 2088 69 24 now,
3880 2090 34 17 an
3924 2091 68 26 open
4007 2084 124 35 question

3501 2113 123 29 whether
3647 2115 47 28 the
3715 2117 127 31 engineer
3863 2128 30 18 or
3915 2119 45 29 the
3979 2127 155 23 contractor

3501 2160 55 21 was
3570 2158 27 23 to
3610 2153 99 30 blame.
3746 2156 38 28 Of
3795 2166 102 25 course,
3912 2168 29 18 as
3962 2159 45 29 the
4026 2162 106 28 council

3500 2192 87 26 found
3612 2192 36 28 all
3670 2195 125 26 material
3814 2197 54 26 and
3888 2198 133 27 exercised
4040 2209 75 19 super-

3500 2230 88 26 vision
3606 2240 65 17 over
3697 2232 46 27 the
3771 2232 83 33 labor,
3880 2235 76 27 there
3976 2237 78 27 could
4073 2247 43 26 pre-

3499 2268 126 35 sumably
3648 2268 32 28 be
3701 2279 36 17 no
3760 2270 69 29 fault
3852 2273 154 28 attachable
4031 2281 28 21 to
4086 2275 46 29 the

3499 2311 160 23 contractor.
3698 2307 26 28 It
3754 2309 22 26 is
3806 2310 116 36 possible
3947 2311 34 28 he
4006 2312 47 28 did
4082 2319 49 22 not

3499 2345 110 34 employ
3623 2345 95 27 skilled
3733 2347 83 31 labor,
3837 2349 55 26 and
3911 2350 60 27 that
3993 2351 34 27 he
4047 2352 66 27 slum-

3500 2381 63 28 med
3576 2382 46 29 the
3635 2383 83 28 work.
3756 2385 14 27 I
3783 2395 50 26 say
3855 2392 22 22 it
3898 2387 22 28 is
3939 2388 124 37 possible,
4077 2390 54 28 and

3499 2421 61 28 that
3579 2421 24 28 is
3622 2432 30 17 as
3673 2423 41 27 far
3733 2433 30 18 as
3786 2425 21 26 it
3830 2435 23 17 is
3866 2434 156 27 competent
4035 2430 40 26 for
4088 2439 44 17 me

3499 2463 28 22 to
3548 2468 34 22 go
3602 2459 29 26 in
3652 2468 95 19 excuse
3761 2465 28 22 to
3805 2461 45 27 the
3869 2463 79 26 other
3967 2470 79 29 party
4059 2474 6 20 ;
4085 2466 48 26 but

3499 2496 46 29 the
3559 2496 55 30 fact
3627 2498 118 29 remains
3757 2498 60 31 that
3829 2499 46 30 the
3886 2501 115 34 council,
4013 2503 119 37 through

3499 2538 34 25 its
3558 2539 139 26 executive
3722 2539 101 33 offi.-cr,
3850 2539 62 29 held
3935 2543 44 25 the
4006 2543 73 32 right
4105 2550 28 20 to

3499 2574 104 26 control
3616 2575 46 27 the
3676 2584 116 19 manner
3804 2576 27 27 in
3847 2578 88 28 which
3950 2579 47 27 the
4007 2585 124 23 contract

3498 2612 99 28 should
3610 2612 33 29 be
3657 2614 105 28 carried
3776 2621 56 27 out,
3845 2618 55 26 and
3913 2627 69 18 were
3992 2619 140 35 evideutly

3498 2651 130 32 satisfied,
3653 2652 41 26 for
3718 2653 46 27 the
3788 2659 54 29 city
3867 2665 130 23 surveyor
4022 2658 112 26 himself

3498 2698 69 25 gave
3581 2689 45 28 the
3638 2689 79 28 order
3730 2695 27 24 to
3770 2691 84 29 strike
3868 2692 47 28 the
3928 2700 114 22 centres.

3532 2729 77 28 After
3621 2729 46 27 the
3680 2729 125 30 accident
3817 2736 139 25 overtures
3970 2743 70 19 ware
4051 2735 79 29 made

3498 2769 27 24 to
3539 2766 45 27 the
3598 2772 156 23 contractor
3766 2774 27 21 to
3805 2778 108 19 resume
3925 2771 47 27 the
3985 2773 82 29 work,
4082 2773 48 27 but

3496 2804 35 27 he
3544 2804 77 35 fl\tt!y
3640 2805 108 27 refused
3763 2812 27 22 to
3807 2807 42 28 lift
3862 2818 16 17 a
3891 2808 74 28 brick
3987 2811 114 27 without
4115 2822 17 17 a

3496 2848 148 27 guarantee
3657 2844 106 33 against
3777 2845 89 27 future
3880 2845 115 35 liability
4017 2857 30 17 or
4066 2848 63 32 loss,

3496 2879 54 29 and
3571 2879 65 29 with
3658 2891 15 18 a
3694 2881 118 38 promise
3831 2884 30 28 of
3869 2890 133 31 payment
4020 2885 39 29 for
4082 2888 47 27 the

3496 2919 55 27 loss
3563 2919 111 36 already
3694 2921 139 28 sustained
3847 2922 35 36 by
3896 2923 67 32 him,
3986 2925 54 27 and
4060 2936 69 24 gave

3496 2958 89 27 nocice
3616 2959 29 26 of
3673 2958 224 31 discontinuance
3929 2962 30 27 of
3977 2962 42 27 his
4047 2964 81 27 work.

3497 2995 78 27 Then
3597 2996 46 27 the
3666 2997 105 26 council
3791 2999 63 26 held
3868 3008 15 17 a
3897 3001 120 33 meeting
4033 3010 35 18 on
4082 3003 47 26 the

3500 3032 169 38 Wednesday
3683 3039 28 23 to
3729 3035 124 28 consider
3872 3036 46 29 the
3937 3038 127 35 position.
4102 3039 27 28 It

3497 3080 56 20 was
3574 3081 16 19 a
3610 3073 120 36 meeting
3742 3074 67 29 such
3824 3084 30 19 as
3873 3076 45 29 the
3941 3076 102 30 Jesuits
4066 3063 64 45 hell

3497 3110 99 37 duriug
3610 3112 44 28 the
3668 3112 67 35 days
3745 3115 27 26 of
3786 3114 45 28 the
3842 3115 161 36 Inquisition
4015 3126 6 24 ;
4040 3118 90 27 closed

3498 3149 90 33 doors,
3601 3158 75 27 press
3689 3150 53 28 and
3758 3152 87 34 public
3857 3154 105 35 strictly
3974 3154 135 36 prohibite
4119 3156 9 26 1

3498 3187 69 29 from
3582 3188 98 36 prying
3692 3188 58 29 into
3765 3190 46 28 the
3829 3190 84 29 dread
3930 3199 99 21 secrets
4042 3194 31 27 of
4083 3194 47 28 the

3499 3226 129 27 chamber
3640 3235 6 24 ;
3666 3227 76 28 three
3762 3229 114 34 lawyers
3897 3230 54 26 and
3970 3241 16 17 a
4012 3231 70 38 bevy
4102 3233 30 27 of

3499 3263 160 31 councillors
3668 3264 151 39 discussing
3829 3267 66 29 with
3943 3269 80 29 bated
4035 3269 95 32 breath

3499 3304 54 28 and
3572 3305 154 37 whispered
3741 3312 137 23 utterance
3924 3309 47 27 the
3995 3310 121 36 specifica-

3500 3344 67 33 tion,
3581 3344 54 28 and
3648 3345 173 36 explanation
3836 3347 30 28 of
3877 3347 45 29 the
3935 3349 56 34 city
4000 3358 131 27 surveyor

3501 3382 41 29 for
3566 3392 16 19 a
3603 3384 94 36 couple
3719 3385 30 28 of
3768 3385 91 28 hours.
3897 3387 77 28 Then
4000 3388 46 29 the
4066 3399 48 18 con-

3499 3425 111 29 tractor,
3636 3422 63 28 who
3724 3423 53 27 had
3802 3424 99 34 during
3925 3425 36 28 all
3986 3427 54 26 this
4065 3429 66 26 time

3500 3458 68 30 been
3581 3460 107 35 cooling
3701 3461 42 28 his
3757 3462 75 28 heels
3845 3463 115 32 outside,
3974 3474 55 18 was
4043 3465 87 29 called

3499 3499 29 28 in
3549 3499 54 29 and
3624 3499 82 30 asked
3729 3500 53 30 like
3796 3512 16 18 a
3825 3502 122 37 prisoner
3968 3508 27 24 at
4017 3505 47 28 the
4083 3505 49 29 bar

3501 3542 16 12 ,;
3527 3538 23 28 if
3560 3538 34 29 he
3608 3538 54 29 had
3672 3549 54 28 any
3736 3547 148 23 statement
3893 3546 27 24 to
3932 3551 28 20 m
4077 3545 55 33 He,

3500 3578 127 35 appalled
3652 3581 29 25 at
3706 3579 45 29 the
3777 3590 80 27 array
3878 3582 30 27 of
3935 3582 67 33 legal
4034 3583 95 33 talent,

3499 3616 120 34 thought
3630 3617 31 27 of
3669 3618 47 26 the
3730 3620 101 25 maxim
3884 3620 103 34 Speech
4005 3621 24 26 is
4042 3622 90 32 silver,

3500 3652 100 29 silence
3613 3655 23 27 is
3648 3654 43 35 gol
3795 3655 53 28 and
3862 3655 93 35 widely
3972 3657 124 31 declined
4103 3663 29 25 to

3500 3702 48 26 Bay
3561 3693 135 37 anything
3707 3703 6 24 ;
3732 3695 146 36 espociaily
3891 3705 30 19 as
3935 3690 32 35 he
3981 3697 54 29 had
4049 3698 83 29 asked

3499 3731 55 28 and
3574 3730 67 29 been
3663 3733 107 28 refused
3792 3735 162 34 permission
3974 3740 29 23 to
4024 3737 70 28 have
4115 3748 17 18 a

3500 3770 120 27 solicitor
3633 3773 26 25 to
3672 3771 89 27 watch
3771 3771 42 27 his
3824 3782 61 18 case
3894 3774 28 26 in
3935 3774 47 27 the
3990 3775 142 28 Jesuitical

3500 3806 173 36 Inquisition.
3711 3808 65 32 But,
3791 3810 28 26 in
3832 3810 74 35 reply
3927 3815 28 23 to
3968 3820 15 18 a
3996 3814 136 33 question,

3499 3843 35 29 he
3555 3843 133 31 admitted
3708 3846 102 36 having
3828 3848 88 28 stated
3936 3853 49 25 out
4003 3850 31 28 of
4052 3851 80 28 doors

3499 3883 59 28 that
3584 3883 47 28 the
3855 3896 56 18 was
3935 3897 36 17 no
3995 3890 71 31 good
4089 3890 43 28 for

3499 3925 108 27 mortar,
3628 3923 55 28 and
3703 3923 34 28 he
3760 3933 55 19 was
3835 3925 65 29 then
3920 3926 56 29 told
3997 3927 34 28 he
4051 3929 81 28 could

3497 3970 44 24 go.
3579 3961 26 26 It
3629 3961 49 27 has
3703 3963 57 27 also
3792 3963 93 28 leaked
3915 3971 47 20 out
3994 3966 60 28 that
4083 3968 47 26 the

3497 3998 106 27 couucil
3622 3999 66 26 then
3708 3999 97 36 passed
3818 4010 17 19 a
3847 4001 148 30 resolution
4015 4013 98 27 approv-

3497 4036 47 34 ing
3563 4036 31 29 of
3614 4036 45 29 the
3681 4038 56 36 city
3756 4047 139 28 surveyor,
3919 4041 43 28 his
3982 4042 87 37 plans,
4089 4042 43 32 his

3498 4075 208 34 specifications,
3732 4078 42 26 his
4009 4082 54 26 and
4089 4083 43 26 his

3497 4111 120 29 brilliant
3628 4121 114 24 success,
3757 4114 55 28 and
3825 4116 65 35 they
3904 4116 66 28 then
3979 4117 150 29 instructed

3495 4150 47 30 the
3555 4150 73 30 cler'.i
3641 4157 28 23 to
3681 4152 61 34 give
3755 4152 47 30 the
3820 4159 154 25 contractor
3992 4158 33 27 24
4038 4156 92 30 hours'

3495 4199 29 17 ni
3535 4191 50 26 tice
3615 4196 28 21 to
3673 4200 33 25 pr
3714 4192 75 27 >ceed
3819 4193 68 27 with
3917 4194 44 27 his
3995 4196 74 26 work
4100 4206 31 18 or

3496 4227 81 30 suffer
3590 4227 46 30 the
3649 4229 78 37 pains
3741 4229 54 30 aud
3810 4230 132 39 penalties
3960 4232 80 30 liable
4056 4239 26 24 to
4097 4234 32 30 be

3495 4267 121 29 inflicted
3638 4279 36 18 on
3696 4269 58 28 him
3767 4271 43 28 for
3822 4276 72 23 want
3908 4272 29 27 of
3951 4272 68 29 faith
4039 4275 29 27 in
4081 4275 48 27 the

3495 4306 195 34 experimental
3704 4307 156 37 originality
3873 4311 30 26 of
3913 4311 46 27 the
3972 4314 154 33 surveyor's

3495 4352 105 27 compo.

3530 4383 69 28 Now
3619 4384 21 27 it
3659 4384 24 28 is
3703 4384 45 29 the
3771 4386 109 35 general
3899 4388 110 36 opinion
4032 4389 31 28 of
4080 4390 46 27 the

3494 4421 91 37 public
3610 4421 60 31 that
3694 4423 47 29 the
3763 4426 173 35 corporation
3955 4426 71 29 have
4050 4428 78 28 acted

3495 4470 65 26 very
3585 4463 132 35 unwisely
3745 4464 28 26 in
3793 4464 46 27 the
3859 4465 91 27 action
3972 4466 67 36 they
4059 4468 71 26 have

3494 4497 91 29 taken.
3624 4499 77 38 They
3726 4501 50 28 feel
3800 4502 60 28 that
3885 4503 89 38 heavy
3999 4504 130 37 damages

3495 4537 55 28 will
3575 4537 70 30 have
3670 4541 159 36 eventually
3859 4545 28 25 to
3913 4543 33 28 be
3971 4544 72 35 paid,
4073 4545 56 28 and

3494 4577 124 28 consider
3636 4579 22 26 it
3675 4578 46 27 the
3743 4579 63 35 dutj
3823 4580 31 27 of
3865 4581 46 27 the
3932 4583 148 33 guardians
4101 4584 31 26 of

3495 4613 45 28 the
3553 4614 56 35 city
3622 4624 80 26 purse
3715 4619 28 25 to
3756 4621 29 23 at
3797 4626 66 19 once
3883 4619 112 36 enquire
4014 4619 61 28 how
4088 4620 42 28 far

3494 4652 66 36 they
3572 4663 45 17 are
3630 4653 82 30 liable
3725 4655 54 27 and
3792 4656 124 28 whether
3934 4657 65 35 they
4018 4668 50 18 can
4082 4669 44 18 see

3494 4689 45 28 the
3564 4691 54 26 end
3643 4692 30 26 of
3695 4692 46 27 the
3761 4692 133 29 business.
3933 4694 27 28 It
3979 4695 24 27 is
4025 4706 52 18 one
4102 4697 30 27 of

3493 4727 78 30 those
3585 4728 179 30 unfortunate
3775 4740 77 20 cases
3865 4732 90 29 where
3966 4732 46 31 the
4021 4734 108 30 council

3494 4767 54 27 will
3570 4767 56 28 lose
3647 4769 117 33 nothing
3786 4771 37 34 by
3847 4772 96 34 taking
3966 4774 45 27 the
4036 4774 91 35 public

3492 4805 59 26 into
3582 4805 72 28 their
3678 4808 176 34 confidence;
3875 4810 55 27 and
3961 4811 90 29 where
4081 4812 47 28 the

3494 4842 58 28 first
3573 4844 55 26 loss
3648 4845 23 26 is
3693 4845 72 28 their
3785 4846 76 27 least.
3899 4848 120 36 Loyalty
4039 4854 27 23 to
4091 4859 36 18 an

3492 4880 46 28 old
3551 4880 54 28 and
3618 4883 175 35 experienced
3807 4884 92 29 officer
3911 4885 24 30 is
3946 4896 18 19 a
3971 4896 67 28 very
4050 4887 61 29 laud-

3495 4919 60 29 able
3568 4920 87 28 virtue
3665 4922 28 27 in
3704 4931 16 19 a
3728 4927 140 32 corporate
3877 4924 82 36 body,
3967 4925 50 30 but
4026 4927 103 36 loyalty

3492 4958 55 27 and
3559 4959 130 35 integrity
3703 4962 118 26 towards
3835 4962 45 28 the
3894 4968 157 33 ratepayers
4060 4965 66 36 they

3492 5001 139 31 represent
3644 4997 22 28 is
3679 4997 42 30 far
3734 5009 77 19 more
3829 5005 29 24 to
3870 5000 47 30 the
3930 5011 126 28 purpose,
4070 5004 55 28 and

3493 5044 74 19 more
3592 5036 101 36 closely
3718 5038 81 28 allied
3823 5044 28 23 to
3875 5040 47 28 the
3947 5042 88 28 duties
4060 5043 67 34 they

3494 5082 68 19 were
3576 5074 102 27 elected
3687 5082 27 21 to
3725 5077 129 34 preform.
3891 5078 83 28 Their
3984 5081 142 31 reticence,

3492 5112 55 27 and
3572 5112 206 35 unwillingness
3803 5120 28 23 to
3856 5118 115 34 proceed
3992 5120 66 26 with
4089 5129 37 18 an

3492 5151 115 35 enquiry
3621 5152 91 27 which
3723 5153 90 35 surely
3825 5158 74 25 must
3909 5155 32 29 be
3954 5157 63 28 held
4031 5167 97 19 sooner

3494 5197 30 17 or
3545 5190 67 26 later
3632 5190 24 26 is
3678 5200 65 25 very
3764 5192 128 33 childish,
3920 5195 55 26 aud
3999 5196 80 26 tends
4099 5200 29 23 to

3493 5225 112 29 weaken
3626 5226 61 29 that
3705 5228 157 30 confidence
3881 5232 90 27 which
3992 5233 87 33 ought
4099 5239 27 22 to

3492 5264 69 27 exist
3585 5264 122 30 between
3731 5270 227 34 representatives
3985 5272 54 27 and
4064 5281 45 19 con-

3494 5302 137 29 stituents.

3525 5341 79 30 After
3616 5353 36 18 an
3664 5344 116 30 absence
3793 5346 30 28 of
3832 5357 74 19 some
3919 5348 119 30 thirteen
4048 5359 79 26 years

3492 5379 71 29 from
3578 5382 46 27 the
3636 5389 85 27 coast,
3736 5384 14 27 I
3764 5385 63 28 took
3840 5395 16 19 a
3876 5387 53 35 trip
3950 5387 80 28 down
4052 5388 75 27 there

3493 5427 16 17 a
3522 5419 74 27 week
3609 5429 30 17 or
3652 5424 54 23 two
3719 5430 60 24 ago,
3801 5423 56 27 and
3878 5425 96 26 visited
3998 5425 46 27 the
4068 5427 60 26 coal

3495 5456 87 26 mines
3595 5455 66 29 both
3675 5463 29 22 at
3715 5458 140 37 West-port
3873 5461 55 28 and
3947 5461 72 36 Grey
4021 5463 108 31 mouth,

3495 5493 54 29 and
3564 5494 13 28 I
3591 5500 75 24 must
3685 5495 193 41 acknowledge
3900 5505 28 24 to
3948 5510 16 19 a
3982 5500 101 35 feeling
4102 5501 31 28 of

3495 5532 229 37 dissapointmeat
3737 5541 28 23 at
3779 5537 45 27 the
3838 5540 99 26 results
3949 5540 30 26 of
3989 5540 47 27 the
4056 5540 74 33 large

3496 5571 89 36 public
3598 5574 178 35 expenditure
3791 5574 89 32 which
3894 5577 50 29 has
3958 5578 81 29 taken
4052 5579 77 36 place

3494 5611 86 27 there.
3617 5613 36 26 At
3667 5613 46 28 the
3727 5614 81 30 latter
3820 5616 75 35 place
3911 5618 155 36 especially,
4083 5618 47 28 the

3495 5653 116 32 attempt
3632 5654 28 25 at
3683 5651 120 30 harbour
3824 5656 184 26 construction
4031 5656 50 28 has
4101 5666 30 18 so

3495 5688 40 27 far
3550 5688 54 29 had
3620 5689 46 29 the
3686 5690 78 30 effect
3786 5692 30 29 of
3834 5692 115 36 shifting
3970 5694 46 28 the
4036 5694 49 28 bar
4104 5694 30 28 of

3496 5726 44 28 die
3554 5727 71 28 river
3639 5738 15 17 a
3669 5736 111 29 quarter
3793 5731 30 28 of
3833 5742 16 17 a
3862 5733 65 26 mile
3939 5743 31 18 or
3984 5743 29 17 so
4026 5734 106 27 further

3495 5772 57 22 into
3566 5766 46 29 the
3626 5767 102 30 Pacific
3742 5770 100 32 Ocean,
3856 5771 55 28 and
3921 5771 115 34 nothing
4046 5781 86 20 more,

3496 5805 39 24 for
3549 5804 76 27 there
3638 5806 23 26 is
3674 5816 36 17 no
3721 5817 75 18 more
3808 5815 84 20 water
3902 5819 33 16 on
3947 5810 46 27 the
4007 5811 48 25 bar
4065 5811 67 25 than

3495 5839 75 31 there
3585 5851 55 19 was
3654 5844 34 27 20
3702 5854 78 25 years
3795 5855 60 24 ago.
3894 5847 53 27 For
3961 5848 123 27 instance
4106 5853 28 22 at

3495 5879 64 35 high
3589 5888 83 24 water
3699 5884 44 28 the
3796 5886 115 28 Grafton
3963 5886 80 28 could
4070 5887 64 34 only

1444 81 116 38 THE
1617 82 183 41 LYELL
1856 84 185 43 TIMES,
2097 82 305 48 SATURDAY,
2458 85 298 42 FEBRUARY
2813 101 56 29 so,
2929 88 90 39 1886

281 206 235 33 Government
535 209 152 31 Notices.

257 413 146 29 MAIL
468 414 244 30 NOTICE.

170 508 110 60 THE
302 510 91 27 Letter
408 510 53 26 Box
478 510 52 27 will
545 508 32 30 I>e
590 507 106 32 cleared
705 510 41 29 for
752 509 46 30 the

261 547 127 38 despatch
414 548 29 28 of
466 548 237 35 Correspondence
729 549 69 29 from

170 587 45 27 the
232 586 73 34 Lyell
325 587 83 26 OftVe
431 593 27 21 to
480 587 44 27 t!ie
544 587 137 36 following
697 588 100 36 places,

168 624 54 29 and
240 623 78 30 Mails
330 625 96 31 arrive,
440 634 29 18 as
488 623 86 30 under
586 633 42 19 :

400 686 150 21 OUTWARDS
560 686 6 19 :

204 726 53 26 For
287 724 146 36 Westport,
657 726 140 30 Junction,

168 762 154 31 Cronadun,
346 763 169 34 Boatman's,
541 764 123 33 Heefton,
687 764 53 28 and
760 764 35 28 all

168 802 129 28 southern
316 802 242 36 correspondence:
581 803 122 38 Sunday,
721 803 56 30 Wed-

168 840 103 35 nesday
285 841 54 27 and
354 835 109 40 Friday,
478 847 26 21 at
517 844 16 25 9
547 851 63 18 a.m.

204 879 54 28 For
283 879 113 28 White's
417 879 88 32 Point,
528 880 68 28 Fern
622 879 71 33 Flat,
715 881 81 27 Owen

169 914 92 36 River,
282 917 111 31 Nelson,
415 917 54 29 And
490 918 35 27 all
547 919 129 28 northern
699 929 84 18 corres-

168 956 139 38 pondence
317 964 6 19 :
344 956 133 38 Tuesday,
491 957 144 37 Thursday
643 958 54 29 and
706 958 76 28 Satur-

168 994 65 34 day,
246 999 28 24 at
289 995 58 28 1.30
361 1005 63 25 p.m.

205 1032 53 28 For
266 1032 156 30 Melbourne
429 1033 53 28 and
490 1034 154 28 Australian
658 1034 140 28 Colonies:

168 1069 182 38 Wednesday,
364 1078 28 22 at
404 1074 17 26 9
433 1082 64 18 a.m.

370 1132 83 19 MAILS
478 1131 102 20 ARRIVE
591 1131 6 20 :

205 1171 80 28 From
310 1169 146 39 Westport.
479 1171 159 35 Inangahna
658 1170 141 34 Junction,

169 1209 156 33 Cronadun,
334 1210 168 34 Boatman's,
510 1211 192 32 Reefton,&c.:
717 1212 65 27 Tues-

168 1248 63 34 day.
245 1248 144 36 Thursday
401 1248 53 28 and
470 1247 144 39 Saturday,
628 1255 27 22 at
669 1251 16 26 2
699 1258 65 28 p.m.

204 1288 81 27 From
309 1287 114 29 White's
443 1288 89 33 Point,
547 1286 68 30 Fern
631 1288 70 33 Flat,
716 1289 81 27 Owen

170 1324 88 28 River,
274 1325 110 31 Nelson,
400 1325 45 26 &c\
457 1333 5 17 :
483 1325 122 34 Sunday,
619 1325 179 36 Wednesday,

169 1360 52 30 an«l
238 1361 110 37 Friday,
361 1365 28 25 at
402 1362 61 30 9.80
476 1372 63 18 a.m.

205 1402 81 27 From
300 1401 147 36 Longford,
462 1402 167 29 Murchison,
644 1402 53 28 and
713 1402 68 28 Mata-

168 1438 101 31 kitalci:
290 1440 172 37 Wednesday
475 1441 53 28 and
553 1441 122 37 Sunday,
688 1444 28 26 at
739 1443 60 27 9.30

168 1487 65 19 a.m.

394 1516 37 30 H.
452 1517 33 29 G.
504 1516 223 34 YOUNGMAN,

586 1557 176 28 Postmaster.

220 1759 158 29 MISSING
405 1760 167 29 FRIENDS
599 1762 147 28 NOTICE.

169 1885 35 30 J-
242 1892 95 28 nbouts
350 1903 12 16 a
369 1893 33 27 nil
417 1894 159 33 occupation
590 1894 30 27 of
635 1894 46 27 the
702 1894 80 27 under-

168 1930 156 29 mentioned
339 1938 109 29 persons
468 1931 23 28 is
514 1931 161 29 WANTED
697 1932 36 37 by
752 1932 46 29 the

167 1969 141 35 Secretary
322 1969 30 28 of
362 1969 45 28 the
421 1971 118 28 General
553 1971 64 28 Post
630 1971 98 28 Office:

197 2016 26 26 J.
241 2017 31 25 A.
293 2016 114 28 Crofts.
446 2016 52 28 His
517 2018 61 27 wife
595 2018 119 36 inquires
729 2019 68 27 from

235 2053 88 27 Grove
360 2053 68 29 Hill.
467 2055 155 32 Woodford,
660 2056 137 33 England.

234 2091 55 28 She
308 2091 51 28 last
381 2091 143 29 addressed
545 2093 59 28 him
625 2096 29 26 at
667 2093 112 37 Welling-

232 2133 57 31 ton,
303 2129 83 30 about
404 2130 92 29 March
510 2131 61 28 last.

386 2177 38 29 H.
445 2179 33 27 G.
499 2179 226 31 YOUNGMAN,

583 2216 176 28 Postmaster.

310 2302 339 34 NOTIFICATION.

417 2521 112 20 MESSRS.

160 2556 414 59 HALLbNSTEIN
628 2560 162 56 BROS.

174 2627 97 28 Desire
285 2634 28 21 to
326 2627 101 29 inform
441 2629 46 27 the
501 2630 134 27 residents
649 2630 30 28 of
697 2630 79 36 Lj'ell

226 2665 55 28 and
294 2665 184 38 surrounding
491 2666 119 29 districts
629 2667 60 29 that
708 2678 16 18 a

191 2713 229 31 RETAIL
513 2716 244 31 BRANCH

418 2762 33 19 OF
470 2762 55 19 THF

296 2790 114 38 NEW
431 2791 224 39 ZEALAND

157 2842 310 79 Clothing
496 2844 298 78 Factory

157 2983 145 51 Opened
320 2982 36 38 in
383 2984 90 36 New
499 2984 192 50 Buildings
710 2997 84 25 near

224 3035 148 55 Empire
399 3036 118 50 Hotel,
545 3036 181 55 Westport.

199 3140 69 30 E3*
287 3140 45 28 All
356 3140 92 30 Goods
472 3145 28 24 at
524 3142 118 37 Factory
661 3142 100 30 Prices.

160 3233 48 28 All
222 3234 109 28 Gooods
343 3243 45 21 are
403 3234 112 31 Marked
534 3235 29 31 in
585 3236 78 30 Plain
684 3237 111 39 Figures

162 3321 238 43 «®-NETT
441 3322 135 41 CASH
624 3323 171 42 ONLY!

163 3404 62 35 Any
238 3404 93 29 article
352 3405 162 36 purchased,
528 3406 55 29 and
596 3411 48 25 not
657 3410 137 35 approved

160 3441 38 32 of,
225 3441 54 30 will
303 3442 33 29 be
360 3442 159 39 exchanged
542 3445 67 29 with
642 3446 47 29 the
719 3457 76 19 same

160 3485 131 34 codrtesy
305 3481 65 30 with
385 3483 88 29 which
486 3487 21 26 it
520 3493 56 21 was
594 3485 67 35 sold,
675 3496 30 19 or
717 3486 24 30 if
749 3486 30 30 de-

224 3521 70 28 sired
307 3521 46 28 the
367 3531 100 28 money
480 3523 55 28 will
549 3523 31 30 he
594 3525 137 29 returned.

160 3558 63 28 The
237 3568 108 20 success
357 3560 90 29 which
461 3561 51 28 has
525 3563 127 29 attended
665 3563 47 30 the
728 3565 67 29 New

199 3598 118 27 Ze:ilaud
344 3598 129 35 Clothing
498 3601 140 35 Factory's
670 3603 90 28 Retail

232 3634 141 30 Branches
397 3636 28 28 in
456 3637 138 36 Dunedin,
623 3638 87 31 Christ-

267 3674 113 31 church,
407 3675 174 39 Wellington,
602 3678 69 29 Auck-

301 3714 74 31 land,
389 3714 53 28 and
461 3715 79 29 other
560 3720 96 31 towns,

329 3752 75 28 leads
411 3752 45 28 the
464 3754 163 35 proprietors

371 3795 27 22 to
413 3789 100 30 believe
527 3791 60 29 that

397 3828 77 29 there
480 3828 82 30 exists

162 3913 249 40 Praiseworthy
424 3914 109 33 desire
545 3924 45 24 on
600 3916 59 33 the
670 3920 78 37 part
759 3918 37 32 of

211 3958 59 31 the
282 3958 116 38 public
410 3960 36 29 to
459 3965 188 34 encourage
660 3962 86 31 New

292 4002 152 33 Zealand
467 4003 198 35 Industries.

163 4052 156 35 Especially
332 4054 89 28 where
436 4055 122 35 superior
569 4055 165 35 advantages
747 4068 45 19 are

197 4089 109 31 offered,
321 4091 54 27 and
393 4101 70 26 your
475 4097 112 31 support
599 4095 23 26 is
635 4095 122 29 solicited

265 4138 34 21 on
314 4128 54 30 tliis
386 4128 216 40 understanding
614 4132 74 38 only.

251 4181 37 31 T.
307 4181 436 45 BLENNERHASSETT,

360 4228 131 36 Manager
504 4228 138 40 Westport
654 4230 119 32 Branch.

160 4302 156 29 Wholesale
331 4304 95 28 Stocks
439 4308 28 24 to
480 4306 82 28 select
575 4309 70 25 lrom
656 4308 27 27 in
698 4308 37 28 all
743 4318 49 19 our

161 4342 149 29 Branches.
349 4343 84 29 NOW
453 4344 109 34 OPEN,
587 4346 54 28 and
661 4346 46 30 the
726 4348 66 37 only

306 4381 110 28 address
430 4383 28 27 in
473 4383 138 36 Westport
623 4384 23 28 is

162 4432 87 39 New
258 4433 178 48 Buildings
447 4447 84 26 near
540 4436 139 45 Empire
689 4438 104 38 Hotel

161 4532 247 33 CALENDAR
425 4534 91 33 FOR
534 4536 92 31 THE
651 4536 136 33 WEEK

403 4619 154 23 FEBRUARY.

244 4668 102 18 PHASES
360 4668 32 19 OF
406 4669 55 18 THE
475 4670 83 18 MOON.
571 4667 2 21 I

199 4692 2 26 ,
228 4692 2 26 ;
570 4692 3 26 I

400 4725 26 20 D.
449 4725 28 20 H.
491 4727 29 19 M.

176 4768 24 29 p
228 4748 2 49 j
237 4755 129 28 K.Moon-
404 4758 15 26 4
455 4759 62 26 248
530 4758 43 28 mi!

176 4789 24 34 J
227 4785 104 46 |Fst.Qr
359 4809 8 7 -
388 4795 32 26 12
456 4796 16 26 2
488 4797 78 35 l»pm

184 4826 17 37 ?
228 4830 133 30 IFl.Moon
389 4833 31 26 JU
456 4835 16 24 5
484 4821 89 40 48-uiii

181 4862 27 39 F
228 4869 105 29 iliSt.Or
359 4886 7 5 -
386 4872 33 26 20
454 4871 16 27 4
484 4872 88 29 44am!

175 4956 34 26 20
229 4955 2 44 i
270 4955 135 37 Saturday
570 4959 39 40 j5
628 4959 31 26 21
707 4960 15 26 G
741 4960 33 27 B'J

175 4994 31 27 21
228 4993 3 43 j
269 4993 112 37 Sunday
571 4993 38 32 j5
629 4998 32 26 23
707 4999 67 27 G37

175 5034 33 25 22
228 5023 2 45 i
270 5032 121 35 Monday
480 5058 6 10 ,
570 5023 116 43 |524!
707 5037 67 27 630

175 5072 32 26 23
227 5068 4 38 :
268 5070 126 36 Tuesday
570 5068 2 38 I
595 5075 66 26 525
708 5076 66 27 635

174 5110 33 27 24
268 5108 174 38 Wednesday
571 5108 39 34 |5
629 5113 33 27 20
707 5115 67 27 G34

174 5150 33 25 25
227 5145 3 40 j
268 5147 145 38 Thursday
571 5145 2 40 '
595 5153 67 26 527
707 5153 67 27 633

174 5186 33 26 20
270 5185 99 35 Friday
570 5190 40 26 15
629 5192 34 24 28
707 5191 67 27 632

306 5253 21 27 N
367 5255 23 26 0
426 5254 22 26 T
487 5254 11 27 I
537 5255 18 29 c
594 5256 22 27 11
638 5277 6 7 .

158 5345 95 28 mII
268 5345 23 27 E
339 5345 41 28 T
412 5345 136 31 YELL
599 5348 80 28 mi
694 5348 65 30 ME
772 5351 17 27 S

156 5420 58 27 Can
238 5420 32 27 be
293 5420 128 28 obtained
445 5421 116 35 through
585 5423 47 26 the
654 5423 135 36 following

155 5463 96 31 ageuls
264 5458 61 28 who
339 5458 52 28 will
407 5459 57 28 also
477 5461 102 27 receive
601 5461 53 27 and
675 5461 112 30 forward

154 5507 31 19 or
195 5497 52 28 lers
260 5498 40 27 for
313 5497 231 30 Advertisements
554 5510 31 19 or
594 5500 184 30 Subscribers:

193 5544 239 29 Mnrc'iison—Mr
448 5545 29 29 H.
494 5545 96 31 M'Xee

189 5583 74 30 West
267 5588 60 33 port
329 5584 79 28 —Mr
421 5584 52 29 Job
489 5585 29 29 L.
533 5585 117 31 Mun>on

190 5622 115 29 Heeftou
308 5623 80 28 —Mr
402 5623 112 29 diaries
527 5626 94 27 Cohen

190 5661 185 29 Nelson—Mr
392 5662 39 27 W.
449 5661 34 30 H.
501 5662 74 30 West

190 5701 255 35 Greyinoutli—Mr
456 5701 27 28 J.
500 5701 40 30 \V.
559 5702 148 30 Parkinson

283 5797 96 26 Terms
393 5804 32 20 of
442 5801 219 25 Subscription:

152 5842 52 33 Per
218 5843 121 31 Annum,
350 5843 26 29 in
391 5842 120 32 advance
650 5846 30 28 t'l
719 5848 15 27 0
770 5849 6 26 (

948 212 235 31 Government
1206 213 151 31 Notices.

837 422 100 30 GOLD
948 423 142 31 MIXING
1099 425 120 29 LEASE
1230 426 236 30 CANCELLED.

1035 508 90 28 Mines
1138 508 191 38 Department,

940 545 176 37 Wellington,
1131 547 64 30 20th
1210 548 131 39 January,
1358 550 73 28 1880.

837 593 60 58 IT
910 604 22 17 w
946 593 158 30 HEREBY
1127 579 266 46 NOTIFIED'that
1417 598 50 28 His

910 631 165 37 Excellency
1098 632 45 29 the
1166 633 141 30 Governor
1329 635 49 28 has
1399 634 66 31 been

837 670 104 36 pleased
957 677 27 22 to
997 680 135 26 prononce
1147 672 45 28 the
1210 672 87 33 under
1299 674 166 30 •mentioned

837 710 100 27 GOLD
948 710 143 28 MINING
1102 712 118 27 LEASE
1233 713 224 28 CANCELLED

837 747 52 27 and
915 748 60 28 that
1000 748 46 28 the
1071 748 107 34 ground
1203 751 22 26 is
1247 760 61 18 now
1333 761 69 25 open
1428 751 41 29 for

837 785 163 38 application
1026 797 30 18 as
1080 786 26 30 if
1127 797 35 19 no
1283 789 30 29 of
1334 789 45 31 the
1411 790 57 29 said

837 826 104 35 ground
955 826 53 28 had
1021 837 63 17 ever
1096 827 67 28 been
1178 828 106 37 applied
1299 830 25 28 fo
1349 837 42 21 :

847 871 52 29 No.

838 912 74 28 1295.
951 912 105 28 Section
1080 913 24 30 4,
1125 912 79 29 block
1230 914 33 27 L.
1289 914 108 30 Tainui.
1433 916 33 27 A.

983 950 89 30 Smith
1086 952 52 28 and
1154 952 210 30 B.H.DeUno.

838 990 74 27 1290.
951 990 107 28 Section
1082 990 24 34 3,
1129 990 78 29 block
1233 989 33 37 1.,
1292 992 107 29 Tainui.
1437 993 31 28 A.

991 1027 100 27 Smith.

838 1064 66 32 1297
941 1067 108 28 Section
1073 1068 25 30 '2,
1121 1066 78 30 block
1228 1068 31 35 1.,
1291 1069 108 29 Tainui.
1435 1070 34 28 E.

986 1103 82 30 Bunn
1081 1107 52 26 and
1148 1107 99 27 others.

1043 1152 16 29 J
1077 1152 206 31 BALLANCE.

1107 1192 54 28 For
1176 1193 125 28 Minister
1315 1198 24 23 o\
1355 1194 96 27 Mines.
