4265 6024
125 245 55 31 find
242 246 62 30 feet,
319 245 51 27 find
386 245 46 28 tTie
448 257 46 18 sea
510 257 29 17 as
561 246 106 28 smooth
692 256 28 17 a*
743 256 15 17 a

125 284 57 32 mill
199 283 72 38 pond
283 293 6 25 ;
309 293 29 19 so
352 286 40 26 far
405 294 28 18 as
456 287 14 28 I
492 295 50 19 pan
562 285 81 38 judge
664 283 32 29 of
713 285 45 28 the

126 328 100 25 matter
246 333 53 25 any
322 323 101 28 further
439 324 175 37 expenditure
634 323 54 28 will
711 328 47 23 not

127 365 68 26 have
209 370 54 25 any
276 361 87 28 better
379 363 92 28 result.
518 361 115 36 Enough
657 370 100 27 money

127 403 49 30 has
189 399 67 32 been
271 399 138 39 expended
419 402 74 30 there
505 406 26 25 to
543 401 68 29 have
623 405 118 25 construc-

127 443 42 26 ted
184 448 16 17 a
212 440 84 31 really
308 441 56 25 safe
373 441 117 26 harbour
497 446 27 21 at
531 441 64 25 Tort
605 439 152 30 Elizabeth,

127 479 60 28 four
200 476 78 30 miles
292 476 102 30 further
407 478 88 29 north.
533 477 55 28 But
602 475 80 29 when
704 475 54 29 this

127 518 104 36 project
250 526 55 18 was
325 517 110 28 mooted
455 527 74 19 some
550 518 34 25 20
604 525 78 26 years
698 526 59 20 a<jo,

126 556 48 26 the
188 554 148 33 provincial
347 554 145 37 jealousies
505 553 114 35 existing
638 552 119 28 b3tween

127 593 103 29 Nelson
248 593 53 28 and
322 594 169 36 Canterbury
511 591 89 30 which
622 591 45 29 the
686 591 71 36 Grey

127 633 84 27 liiver
222 632 117 32 divided,
357 633 98 27 caused
475 633 45 26 the
542 631 88 27 better
650 629 107 28 scheme

127 676 28 23 to
169 671 31 28 be
213 670 83 28 shelv.
307 669 18 29 d
345 680 36 19 on
402 677 115 22 account
537 670 28 27 of
584 669 46 28 the
655 671 104 34 greater

127 709 101 36 weight
258 709 47 27 the
341 711 125 34 province
501 708 63 28 had.
613 708 14 26 I
658 714 55 19 was
743 716 12 17 «

127 747 118 30 resident
258 756 35 19 on
308 746 45 31 the
367 747 101 31 Nelson
489 746 55 30 side
567 749 28 26 at
614 745 46 29 the
684 745 64 29 time

127 788 55 27 and
204 786 60 29 well
287 789 153 26 remember
459 787 61 28 how
542 786 148 34 scornfully
711 793 47 28 my

127 824 130 36 powerful
276 824 56 27 and
349 833 148 19 numerous
517 824 118 26 enemies
654 822 103 27 treated

127 872 49 28 iny
188 862 83 29 ideas.
326 862 77 33 Now,
434 862 126 30 however
598 860 45 30 the
687 859 70 37 Grey

129 903 108 34 County
261 901 139 28 embraces
424 902 47 27 the
497 901 86 27 whole
608 899 73 32 field,
705 898 52 28 and

128 941 66 34 they
214 939 57 28 find
292 939 59 28 that
372 939 38 28 all
431 940 46 28 the
499 938 88 29 lavish
612 937 146 29 assistance

128 979 66 35 they
207 978 69 27 have
294 978 122 28 received
438 979 69 28 from
529 977 187 28 Government
737 974 21 28 is

127 1015 131 35 virtually
272 1015 106 28 thrown
392 1026 78 26 away
483 1015 54 28 and
556 1024 44 18 are
619 1012 139 38 deploring

128 1054 72 29 their
222 1053 134 35 mistake;
388 1054 54 29 and
468 1055 13 28 I
510 1058 122 33 queston
663 1051 23 29 if
713 1050 45 30 the

129 1097 108 33 present
251 1093 72 35 price
337 1093 30 28 of
377 1103 36 18 to.
426 1093 10 28 1
450 1094 57 34 (12s
520 1093 35 28 (id
568 1101 47 27 per
627 1092 57 33 ton)
706 1090 52 28 will

129 1141 62 19 ever
221 1130 32 29 be
283 1130 116 30 reduced
434 1138 25 22 to
490 1141 55 27 any
576 1134 101 25 extent.
726 1129 30 27 At

129 1170 137 37 Westpoit
287 1170 155 37 operatious
463 1170 69 28 have
555 1169 64 37 only
644 1166 114 30 reached

129 1209 47 27 the
189 1214 74 28 stage
277 1210 29 25 of
316 1209 93 34 laying
428 1209 80 26 down
528 1218 15 17 a
564 1211 133 29 tramway
720 1206 38 25 for

129 1254 153 28 conveying
294 1251 77 23 stone
384 1250 27 25 to
425 1245 46 30 the
485 1245 77 33 river,
576 1243 54 30 and
642 1253 34 20 no
687 1242 70 29 work

129 1295 30 18 bo
172 1286 40 27 far
225 1294 30 18 as
268 1285 46 26 the
330 1285 167 28 breakwater
510 1294 29 19 or
557 1284 120 34 training
697 1282 61 27 wall

128 1322 50 28 has
190 1326 46 32 yet
249 1321 67 28 been
330 1322 193 33 commenced;
542 1322 48 27 but
602 1322 47 27 the
668 1320 92 27 Buller

127 1362 71 27 river
216 1360 102 36 having
337 1369 16 19 a
375 1360 82 28 much
478 1365 106 30 greater
606 1359 107 28 volume
734 1358 28 27 of

127 1403 85 24 water
233 1398 68 28 than
323 1399 46 27 the
391 1399 82 35 Grey,
494 1398 74 28 there
591 1398 54 27 will
670 1397 28 27 in
723 1395 34 28 all

127 1436 163 38 probability
304 1436 32 30 be
349 1446 15 19 a
381 1436 83 29 much
487 1441 82 32 great*
577 1445 14 20 r
612 1435 101 29 chance
733 1435 29 27 of

126 1485 16 19 a
156 1475 145 29 successful
320 1476 67 35 deep
409 1480 83 23 water
511 1475 115 27 channel
646 1472 112 29 scoured

128 1518 49 24 out
188 1523 36 19 on
237 1513 46 28 the
296 1513 54 28 bar.
389 1513 82 33 Here,
485 1513 134 32 however,
629 1511 74 28 there
712 1510 22 28 is
743 1522 11 15 »

127 1551 153 34 drawback,
304 1561 30 20 so
358 1551 42 28 far
423 1562 29 18 as
476 1561 36 18 an
536 1551 137 28 extensive
699 1548 58 29 coal

128 1591 76 28 trade
228 1591 23 26 is
275 1589 160 29 concerned.
483 1589 61 28 The
567 1589 113 34 railway
704 1588 54 27 line

127 1638 66 19 runs
206 1628 80 36 along
299 1628 45 29 the
356 1628 55 29 foot
424 1629 26 27 ol
463 1627 45 29 the
521 1627 143 29 mountain
675 1634 82 26 range

126 1668 72 28 from
228 1666 137 38 Westport
395 1671 27 24 to
459 1667 45 28 the
549 1666 209 34 Waimangaroa

128 1705 94 34 Creek,
236 1706 54 27 and
303 1706 46 27 the
369 1709 53 23 two
443 1705 57 27 coal
522 1704 87 28 mines
631 1708 28 22 at
683 1701 73 29 work

127 1753 47 18 are
196 1743 116 28 situated
337 1752 35 19 on
398 1748 47 31 top
468 1743 31 28 of
519 1743 46 27 the
590 1741 167 28 mountains'

127 1781 59 29 The
199 1781 160 29 connection
382 1780 121 30 between
526 1781 45 28 the
593 1777 66 33 mine
675 1777 17 33 3
708 1777 49 33 and

126 1821 47 29 the
187 1821 54 28 line
254 1821 22 28 is
290 1820 35 37 by
335 1830 95 19 means
440 1821 30 28 of
476 1819 122 33 inclines,
608 1817 89 30 which
711 1826 45 19 are

127 1865 49 22 not
189 1858 110 37 capable
313 1859 29 27 of
352 1859 149 35 delivering
514 1868 75 17 more
606 1857 84 28 thaan
707 1857 51 26 590

127 1906 30 19 or
170 1899 51 27 (300
233 1903 62 22 tons
307 1906 46 28 per
366 1896 69 38 day;
454 1906 29 19 so
496 1895 60 29 that
569 1896 46 27 the
625 1896 98 34 output
730 1893 30 28 of

127 1936 45 29 the
186 1938 105 27 district
309 1936 23 27 is
353 1935 106 28 limited
482 1941 26 22 to
530 1935 60 28 that
614 1934 142 36 quantity;

126 1984 35 17 an
193 1974 128 34 absurdly
349 1974 80 26 small
459 1978 113 22 amount
603 1979 26 20 to
671 1971 85 35 spend

127 2012 135 33 £400,000
280 2019 35 21 on
340 2012 41 27 for
405 2009 119 30 harbour
550 2010 206 37 improvement.

125 2052 65 27 Had
203 2052 48 27 the
264 2051 55 27 line
336 2050 66 28 been
424 2049 173 29 constructed
619 2059 16 18 a
656 2049 100 28 certain

125 2089 122 27 distance
260 2088 95 27 inland
368 2087 54 28 and
435 2087 125 28 followed
573 2087 46 27 the
644 2089 114 24 contour

125 2127 30 26 of
167 2127 97 26 Mouut
277 2125 148 33 Kochford,
440 2125 40 28 till
494 2125 45 28 the
552 2124 89 28 actual
661 2125 49 26 site
732 2124 30 27 of

125 2164 47 27 the
185 2164 58 27 coal
256 2163 137 34 workings
407 2163 53 27 had
474 2163 68 28 been
555 2161 125 32 reached,
703 2161 53 27 and

124 2202 91 28 which
229 2202 79 28 could
325 2202 70 28 have
419 2203 66 27 been
506 2201 70 29 done
598 2200 13 28 I
632 2210 45 18 am
701 2198 56 30 told

123 2240 67 27 with
204 2250 36 17 no
253 2249 84 18 worse
351 2240 96 33 grades
461 2240 67 27 than
543 2241 12 25 1
570 2238 29 28 in
619 2240 42 30 50,
682 2238 75 27 there

123 2278 25 29 is
160 2288 35 20 an
209 2277 144 31 unlimited
366 2287 63 19 area
442 2278 29 29 of
481 2277 58 30 coal
554 2286 27 20 to
591 2276 73 30 work
675 2284 82 27 upon;

123 2318 49 28 but
191 2318 113 35 making
316 2327 16 18 a
346 2318 98 27 second
458 2318 112 35 railway
584 2317 117 35 through
713 2316 45 27 the

123 2356 87 34 rough
234 2360 116 30 country
376 2360 27 22 to
428 2355 31 27 be
483 2354 183 27 encountered
690 2353 23 26 is
742 2362 16 17 a

123 2393 75 29 work
212 2393 28 30 of
250 2403 76 19 some
341 2392 159 36 magnitude
518 2392 53 29 and
594 2391 45 30 the
660 2390 98 37 colony

124 2432 50 27 has
197 2431 111 36 already
332 2431 115 36 pledged
471 2431 36 27 its
531 2431 84 27 credit
639 2434 27 24 to
691 2426 67 31 such

124 2469 75 37 large
212 2479 76 20 sums
301 2468 42 31 for
358 2468 45 31 the
425 2469 58 29 coal
504 2469 108 37 mining
631 2468 128 29 interests

123 2510 63 28 that
198 2510 76 27 there
287 2509 56 27 will
356 2508 33 28 be
406 2508 184 28 considerable
612 2508 146 26 hesitation

123 2557 35 18 on
173 2546 46 29 the
233 2552 61 31 part
306 2547 30 27 of
346 2545 168 29 Parliament
529 2545 89 29 before
628 2548 109 25 consent-

125 2587 47 34 ing
184 2590 28 23 to
226 2586 45 27 the
285 2593 115 28 expense
414 2585 29 27 of
454 2585 113 28 another
585 2584 112 35 railway
718 2583 42 28 for

123 2626 13 26 t
158 2635 13 16 e
184 2633 51 19 one
249 2624 95 36 object.

160 2663 57 28 One
231 2663 102 28 chance
346 2662 46 29 the
412 2662 139 37 Westport
572 2660 96 38 people
689 2659 70 30 have

124 2703 28 24 in
166 2702 71 25 their
247 2703 84 24 favor.
369 2701 73 26 That
454 2701 101 26 chance
566 2701 22 24 is
599 2700 46 25 the
656 2708 87 25 posess-

124 2737 46 29 ion
195 2738 30 29 of
252 2737 46 29 the
328 2742 72 23 most
430 2746 43 20 ass
485 2736 87 29 duous
602 2736 100 35 beggar
730 2735 29 28 in

124 2776 171 30 Parliament
308 2786 29 18 as
348 2777 71 27 their
427 2776 130 28 member.
595 2775 43 27 Mr
649 2776 110 31 Eugene

123 2814 104 38 Joseph
242 2815 144 27 O'Connor
398 2818 28 24 at
440 2815 143 34 bouncing,
605 2812 138 28 buttonhol-

125 2856 47 35 ing
185 2865 30 18 or
228 2854 116 35 begging
358 2854 50 28 has
421 2865 35 17 no
470 2853 79 37 equal
559 2854 27 27 in
599 2851 44 30 the
652 2852 107 35 colony;

125 2894 56 26 And
210 2903 35 17 no
276 2898 101 21 matter
411 2892 61 27 how
510 2891 171 28 incredulous
718 2890 43 27 his

124 2931 126 29 listeners
265 2940 64 26 may
343 2929 41 34 be,
398 2929 35 30 he
446 2930 49 28 has
510 2929 66 28 such
597 2939 15 18 a
634 2928 109 29 convinc-

125 2971 48 35 ing
186 2979 59 27 w:ty
259 2970 66 28 with
340 2968 57 29 him
412 2969 61 28 that
487 2970 31 26 he
531 2968 139 36 generally
683 2966 77 34 gains

127 3009 43 28 his
182 3009 86 37 point.
304 3008 35 28 At
354 3009 45 27 the
421 3011 108 33 present
550 3006 66 29 time
638 3006 34 27 he
694 3014 66 27 very

126 3047 83 28 much
224 3046 145 29 resembles
383 3047 46 28 tha
442 3046 125 28 cannibal
581 3046 81 27 sailor
674 3045 29 27 in
715 3044 44 28 the

125 3085 98 28 Woeful
236 3084 91 29 ballad

163 3133 53 27 I'm
230 3132 46 28 the
289 3131 67 30 cook
370 3131 54 28 and
438 3131 45 28 the
497 3130 108 37 captain
618 3128 77 35 both,

196 3171 63 29 And
272 3171 45 30 the
331 3176 72 24 mute
414 3171 29 28 of
456 3170 44 29 the
514 3171 95 36 Nancy
622 3168 68 37 brig,

163 3211 57 27 The
234 3210 142 30 bosentite,
390 3210 53 27 and
457 3209 47 27 the
518 3208 197 35 midshipmite,

196 3249 61 25 And
273 3248 45 27 the
332 3254 69 19 crew
415 3247 29 27 of
461 3246 45 27 the
520 3246 133 35 captain's
666 3244 59 35 gig!

126 3294 57 30 Tor
195 3294 34 30 he
242 3295 22 28 is
280 3294 114 29 M.H.R.
417 3293 41 30 for
478 3294 45 28 the
547 3293 114 33 district,
684 3291 34 29 he
739 3291 23 28 i:<

129 3335 149 26 Chairman
292 3333 30 27 of
332 3333 46 27 the
391 3333 94 27 Buller
506 3332 107 34 County
639 3330 122 29 Council,

125 3367 24 33 li
161 3367 12 33 3
185 3367 23 33 is
229 3371 149 29 Chairman
398 3371 30 27 of
447 3371 45 28 the
514 3367 157 30 Mokihinai
695 3367 66 29 Coal

130 3410 153 36 Company,
297 3409 52 29 and
364 3409 33 28 he
411 3409 22 26 is
455 3409 46 27 the
523 3407 188 28 embodiment
732 3406 32 28 of

129 3448 164 38 everything
322 3449 29 28 in
381 3447 47 30 the
459 3447 84 37 shape
573 3446 30 29 of
637 3454 126 29 supreme

130 3489 140 33 authority
283 3489 28 26 in
326 3488 46 27 the
386 3488 123 31 district;
529 3486 54 27 and
605 3494 55 18 woe
680 3485 33 27 be
736 3489 28 22 to

130 3524 48 28 the
191 3533 65 19 man
270 3524 62 28 who
345 3524 78 27 dares
436 3527 28 23 to
477 3522 125 37 questiou
617 3522 45 27 his
672 3526 75 22 autoc-

130 3572 75 29 racy.
243 3562 131 30 Whether
389 3562 44 30 the
447 3561 149 38 monopoly
609 3559 30 31 of
654 3559 35 31 all
711 3557 54 31 this

132 3604 220 26 administration
365 3603 42 26 for
429 3602 46 27 the
497 3601 96 27 Buller
612 3601 23 27 is
657 3609 16 18 a
694 3599 69 35 good

131 3641 79 34 thing
223 3641 39 27 for
275 3640 48 29 the
342 3639 89 38 public
454 3643 28 24 at
501 3639 73 36 large
595 3637 21 29 is
635 3648 35 18 an
695 3646 70 28 open

132 3679 134 36 question,
292 3678 49 29 but
373 3679 46 28 the
451 3677 90 37 gentle
574 3677 111 35 Eugene
717 3675 49 28 has

130 3718 97 36 plenty
240 3718 29 27 of
280 3715 128 31 self-conf
416 3717 83 27 deuce
512 3714 54 29 and
584 3715 60 28 that
665 3724 63 24 goes
750 3724 15 17 a

131 3757 65 33 long
209 3765 70 28 way,
292 3755 54 28 and
360 3763 118 21 answers
490 3755 29 27 in
534 3763 83 27 many
631 3762 75 20 cases
725 3752 42 29 for

132 3805 16 18 a
162 3794 147 38 deficiency
323 3795 29 28 of
362 3794 79 29 other
455 3794 110 28 virtues.

610 3830 119 29 KORARI.

1309 93 116 45 THE
1479 90 187 46 LYELL
1719 89 186 49 TIMES,
1960 86 310 51 SATURDAY,
2327 84 297 48 FEBRUARY
2677 102 58 35 20,
2793 89 104 42 1886.

167 3923 42 28 Dr
237 3922 122 28 Thomas
389 3919 116 29 Guthrie
548 3918 77 34 Carr,
667 3929 101 18 Known

133 3969 168 35 throughout
326 3968 47 28 the
397 3966 95 35 length
517 3965 54 29 and
595 3965 114 29 breadth
740 3965 30 29 of

134 4016 138 29 Australia
286 4015 53 29 and
353 4016 67 26 New
434 4013 121 28 Zealand
569 4023 30 17 as
613 4013 45 27 the
667 4013 84 27 clever-

134 4066 40 23 est
193 4062 54 27 and
268 4064 73 25 most
363 4059 145 28 successful
534 4059 156 26 mesmerist
714 4059 54 26 and

134 4109 140 30 character
287 4108 157 32 delineator,
470 4106 24 28 is
518 4105 77 29 dead.
645 4106 56 28 Our
725 4104 44 30 old

134 4158 88 30 friend
247 4157 54 29 and
326 4155 121 30 resident
467 4155 73 36 (says
564 4154 46 29 the
642 4154 126 37 Morpeth

314 4213 55 17 was
383 4202 84 28 found
481 4201 69 28 d«ad
563 4202 29 26 in
604 4202 52 26 bed
669 4205 28 23 at
724 4201 47 27 the

138 4250 182 30 Commercial
340 4249 95 31 Hotel,
458 4249 69 28 Glen
550 4247 94 35 Innes,
667 4255 35 20 on
724 4247 46 29 the

136 4299 101 30 second
259 4298 112 36 Sunday
396 4297 31 28 of
447 4298 52 27 list
524 4296 107 27 month.
681 4296 88 28 When

136 4350 46 27 the
195 4357 75 19 news
282 4346 112 29 became
406 4345 101 29 known
519 4345 21 27 it
554 4343 95 38 spread
663 4343 106 36 rapidly

136 4395 55 27 and
204 4394 47 27 the
264 4393 109 36 deepest
387 4395 88 31 regret
493 4400 57 19 was
571 4390 143 37 expressed
736 4400 35 18 on

136 4442 37 28 all
195 4441 80 29 sides.
320 4441 51 27 Foi
396 4440 46 28 the
463 4442 61 35 past
545 4438 52 29 five
618 4448 80 28 years
722 4438 47 28 the

137 4489 131 33 deceased
282 4489 157 36 gentleman
452 4487 56 32 had
529 4485 66 34 been
617 4498 15 20 a
654 4487 118 32 resident

137 4539 31 27 of
177 4539 46 26 the
235 4542 84 27 town,
333 4537 55 27 and
400 4540 28 23 at
441 4537 46 26 the
501 4537 67 26 time
581 4536 30 26 of
627 4536 43 26 his
691 4536 80 26 death

139 4595 56 19 was
219 4595 36 19 on
280 4594 16 20 a
320 4587 62 25 tour
406 4582 116 36 through
547 4581 47 30 the
618 4582 154 37 highlands,

139 4632 91 37 partly
261 4630 42 29 for
333 4630 42 27 his
404 4630 95 28 health
529 4629 54 27 and
613 4629 92 36 partly
745 4631 28 25 to

141 4680 118 38 practice
279 4678 43 30 his
345 4676 156 41 profession.
539 4675 27 30 It
589 4676 32 32 is,
646 4675 125 40 perhaps,

140 4729 16 17 a
186 4719 70 27 little
288 4727 74 18 more
392 4717 67 27 than
489 4716 42 27 six
554 4715 113 28 months
698 4716 73 27 since

139 4757 61 28 that
214 4755 80 28 small
307 4754 85 37 hopes
404 4762 69 20 were
492 4752 170 30 entertained
681 4753 30 27 of
727 4752 46 28 the

141 4795 119 28 doctor's
272 4802 120 27 recover)
412 4796 29 25 at
461 4792 213 33 Tnmberumba,
693 4792 80 27 about

142 4832 90 29 which
247 4833 66 27 time
326 4832 34 28 he
372 4840 53 20 was
435 4830 126 29 attacked
569 4829 64 29 with
642 4830 133 36 paralysis

143 4873 49 28 but
216 4871 117 34 through
359 4870 46 29 the
430 4870 99 28 careful
554 4870 113 34 nursing
686 4868 30 29 of
732 4868 42 29 his

141 4911 63 27 wife
233 4910 35 28 he
293 4919 30 17 so
347 4909 42 27 far
413 4908 144 28 recovered
587 4917 31 17 as
648 4911 27 23 to
699 4917 76 17 come

142 4948 92 28 home.
271 4947 34 27 In
321 4946 125 37 Morpeth
470 4945 42 28 his
525 4945 93 28 health
632 4944 141 37 improved

141 4985 119 37 rapidly,
273 4984 53 28 and
345 4985 35 26 he
393 4983 117 37 thought
524 4983 61 28 that
597 4985 47 26 the
662 4983 111 31 bracing

143 5023 143 29 mountain
307 5023 40 27 air
364 5021 89 29 would
480 5025 102 24 restore
606 5020 43 28 his
668 5020 107 28 wonted

143 5062 94 27 robust
249 5067 106 21 nature.
391 5059 76 29 With
481 5060 55 27 this
548 5059 89 36 object
654 5059 29 27 in
698 5059 76 28 view,

144 5100 34 27 lie
192 5098 148 37 proceeded
354 5102 27 24 to
395 5098 68 27 Glen
477 5098 94 26 Innes.
608 5096 64 28 Just
683 5096 91 27 before

144 5138 153 28 Christmas
319 5136 34 30 he
374 5141 82 23 wrote
468 5138 29 26 to
510 5144 32 19 us
554 5137 28 26 to
604 5145 48 26 say
664 5134 34 29 he
721 5144 55 18 was

144 5176 130 34 enjoying
287 5174 122 36 splendid
423 5174 92 28 health
530 5173 53 27 and
597 5172 177 34 establishing

144 5223 16 19 a
173 5213 73 33 large
260 5211 125 38 practice.
421 5211 58 28 The
499 5211 93 28 doctor
609 5220 56 19 was
678 5218 15 21 a
706 5209 69 35 good

143 5253 66 27 kind
223 5251 113 28 hearted
348 5260 75 24 man,
437 5250 54 29 and
504 5250 34 27 he
551 5249 55 28 will
625 5249 31 28 be
675 5248 100 29 missed

143 5291 37 34 by
203 5291 36 26 all
256 5289 63 28 who
333 5290 78 26 knew
429 5287 68 30 him.
519 5287 3 38 '
533 5287 50 28 We
596 5287 78 28 could
687 5287 60 32 give
760 5297 16 18 a

144 5328 86 28 dozen
242 5327 136 29 instances
388 5327 29 28 of
423 5327 42 27 his
474 5326 130 28 kindness
613 5328 28 26 to
652 5325 123 35 strolling

145 5368 108 36 players
265 5367 54 28 and
332 5366 91 28 others
435 5366 28 28 in
478 5364 136 38 Morpeth,
634 5364 52 28 and
705 5373 71 19 none

145 5408 74 25 went
243 5414 77 27 away
350 5404 226 37 empty-handed.
612 5403 88 27 There
731 5412 44 18 are

146 5443 152 28 thousands
321 5443 62 27 who
407 5442 154 28 remember
590 5441 40 29 Dr
657 5444 67 25 Carr
747 5441 28 27 in

146 5482 46 27 the
206 5481 91 28 zenith
312 5481 29 27 of
351 5481 43 26 his
406 5481 71 27 fame
491 5489 75 19 some
581 5481 30 26 15
624 5488 79 27 years
715 5488 60 24 ago,

146 5519 54 29 and
213 5529 40 19 we
267 5519 84 29 doubt
364 5519 23 28 if
397 5528 15 19 a
425 5528 75 19 more
514 5517 114 38 popular
637 5527 64 19 man
712 5526 63 20 ever

146 5558 130 28 travelled
301 5558 47 27 the
372 5558 125 27 colonies.
536 5557 49 27 We
611 5556 102 36 vividly
736 5566 26 17 re-

146 5596 94 28 collect
261 5595 47 29 the
330 5595 75 35 giant
418 5595 93 28 doctor
529 5593 30 30 in
582 5594 46 29 the
651 5594 85 36 prime
750 5593 29 29 of

146 5635 45 28 life
215 5634 134 35 lecturing
374 5637 28 25 to
427 5634 102 33 packed
560 5634 152 31 audiences,
736 5642 26 19 re-

147 5672 106 33 ceiving
265 5672 132 28 thunders
406 5672 29 26 of
442 5671 138 36 applause,
587 5670 54 27 and
648 5670 129 28 excellent

148 5710 128 38 critiques
296 5709 71 29 from
390 5708 47 29 the
451 5709 87 28 Press.
573 5708 62 28 And
656 5717 61 19 now
730 5707 46 29 the

148 5758 75 17 same
246 5749 94 26 doctor
360 5747 23 28 is
396 5747 86 27 dead!
502 5757 34 16 an
545 5747 64 26 Iwe
632 5755 50 18 can
703 5747 73 33 truly

148 5795 48 26 say
209 5785 44 27 his
265 5785 52 27 like
331 5785 69 26 we'll
414 5793 43 18 see
467 5793 35 18 no
514 5792 83 18 more.
635 5783 43 27 He
689 5783 88 26 leaves

148 5834 16 19 a
179 5823 94 30 widow
287 5823 54 30 and
354 5823 64 37 only
432 5821 132 39 daughter
576 5825 28 26 to
616 5830 77 20 mour
707 5821 71 29 their

146 5864 64 28 loss.

963 232 121 31 Public
1100 232 152 31 Notices.

793 439 208 29 LICENSING
1028 439 176 28 DISTRICT
1228 441 40 26 OF
1294 440 134 28 LYELL.

911 541 154 30 COUNTY
1084 543 47 28 OF
1150 539 163 32 BtfLLER.

925 648 57 28 The
996 648 146 35 Licensing
1155 649 59 31 Act,
1230 647 83 28 1881.'

797 751 119 46 rpHIS
929 751 23 29 is
966 754 27 27 to
1007 750 88 38 notify
1115 750 60 31 that
1197 750 47 31 the
1264 750 146 30 undermen-

885 806 91 26 tioned
1001 806 240 26 CANDIDATES
1266 804 69 28 have
1360 804 68 27 been

795 854 66 38 duly
874 854 231 30 NOMINATED
1124 864 29 20 as
1175 854 137 30 Members
1333 854 30 30 of
1383 854 46 30 the

798 908 144 37 Licensing
955 908 164 28 Committee
1133 908 39 27 for
1194 908 46 28 the
1262 908 85 28 above
1367 908 46 27 Dis-

797 959 69 35 trict,
880 959 143 37 according
1042 963 28 24 to
1120 959 162 35 Regulation
1300 959 31 29 of
1347 959 83 30 Local

799 1011 136 27 Elections
948 1011 59 32 Act,
1137 1011 97 27 Clause
1254 1012 31 27 11
1300 1019 43 20 :

899 1063 215 34 CAMPBELL,
1129 1062 75 29 John

898 1115 113 33 EDGE,
1025 1115 95 28 James

898 1167 242 34 FEDDERSEN,
1160 1167 131 29 Fredrick

899 1219 158 32 LOWICK,
1075 1219 96 27 James

900 1266 119 34 M'COY,
1035 1265 101 30 Robert
1152 1264 42 32 W.

831 1370 34 27 Iu
878 1368 164 29 accordance
1055 1369 67 28 with
1138 1370 108 27 Section
1258 1370 33 27 13
1299 1370 30 28 of
1371 1370 58 28 The

797 1421 163 37 Regulation
974 1422 30 29 of
1013 1421 83 29 Local
1106 1421 141 30 Elections
1256 1422 61 35 Act,

797 1474 14 27 I
825 1473 100 36 hereby
939 1473 104 28 declare
1054 1473 46 28 the
1110 1473 198 29 above-named
1319 1475 94 27 Gentle-

798 1535 62 18 men
875 1525 65 37 duly
953 1526 103 28 elected
1071 1525 137 28 Members
1221 1525 31 28 of
1265 1524 47 30 the
1333 1525 80 29 Licen-

796 1577 56 34 iing
865 1577 163 27 Committee
1041 1577 41 27 for
1096 1577 45 27 the
1157 1577 145 36 Licensing
1317 1577 115 28 District

797 1627 126 37 ofLyell.

828 1679 63 28 And
905 1680 27 27 in
946 1688 152 27 pursuance
1112 1679 30 28 of
1153 1679 187 30 Sub-sections
1351 1681 15 28 3
1377 1681 55 28 and

793 1733 25 29 5,
835 1730 30 28 of
919 1731 58 28 The
1002 1731 146 35 Licensing
1169 1732 51 27 Act
1244 1732 188 29 Amendment

795 1782 59 35 Act,
985 1783 14 28 I
1021 1782 101 38 hereby
1143 1783 113 37 appoint
1276 1783 46 30 the
1347 1784 85 29 Court

797 1835 102 33 House,
914 1836 131 36 Lyell,,as
1058 1836 45 28 the
1116 1836 85 36 place,
1213 1836 54 28 and
1277 1836 152 37 Thursday,

797 1881 45 28 the
854 1882 49 28 4th
917 1882 53 36 day
983 1882 30 28 of
1025 1883 104 32 March,
1145 1884 76 32 1886,
1234 1886 28 25 at
1276 1884 32 27 12
1327 1883 103 29 o'clock

794 1942 83 26 noon,
894 1944 29 18 as
939 1934 46 29 the
1007 1935 66 28 time
1096 1935 42 28 for
1159 1935 113 35 holding
1291 1935 47 29 the
1359 1935 73 30 First

797 1984 120 36 Meeting
931 1987 27 26 to
972 1985 77 27 Fleet
1062 1994 16 18 a
1092 1985 151 28 Chairman
1254 1993 7 26 ;
1280 1985 56 28 and
1348 1986 16 27 I
1372 1985 58 29 also

796 2035 113 39 appoint
922 2036 47 29 the
982 2036 138 38 following
1133 2036 67 39 days
1221 2037 42 30 for
1281 2037 47 31 the
1342 2038 85 30 Meet*

794 2088 60 36 ings
868 2088 27 28 of
912 2088 47 28 the
975 2088 145 37 Licensing
1140 2088 163 30 Committee
1322 2089 43 29 for
1383 2090 48 28 the

795 2139 59 27 said
868 2139 106 28 district
996 2139 42 27 for
1058 2140 46 27 the
1124 2139 117 36 ensuing
1260 2141 167 35 year:—4th

795 2190 30 29 of
836 2190 106 35 March,
953 2189 49 30 3rd
1014 2190 31 30 of
1053 2190 83 35 June,
1150 2191 54 29 2nd
1216 2191 31 29 of
1261 2191 169 36 September,

795 2241 55 28 and
872 2241 55 28 2nd
946 2241 30 29 of
993 2242 159 34 December,
1176 2243 76 28 1886.
1296 2243 136 36 Meetings

794 2298 27 26 to
835 2293 32 30 be
880 2294 65 30 held
958 2299 28 26 at
1000 2295 46 30 the
1059 2295 85 30 Court
1164 2295 104 35 House,
1290 2295 90 38 Lyell,
1402 2300 28 25 at

797 2347 32 25 12
842 2346 103 27 o'clock
958 2356 82 21 noon,
1055 2356 35 17 on
1105 2347 46 27 the
1164 2346 86 28 above
1263 2347 86 27 dates.

832 2397 88 30 Dated
934 2397 54 29 this
1003 2397 63 30 17th
1081 2397 54 38 day
1148 2400 27 27 ot
1186 2398 151 37 February,
1355 2399 44 29 188
1399 2399 30 29 G.

1076 2449 122 29 JAMES
1218 2448 142 36 INGLIS,

1117 2502 154 31 Returning
1286 2501 110 29 Officer.

985 2584 252 29 NOTICE.

796 2690 108 27 TTIOPt
922 2689 166 29 SALE—(A
1102 2688 200 34 Bargain.)—A
1314 2688 92 28 VALU-

796 2715 41 30 -E
889 2726 99 27 ABLE
1009 2725 183 29 SLUICING
1210 2724 129 32 CLAIM,
1364 2726 52 26 situ-

795 2768 44 24 ate
852 2767 28 27 at
893 2765 45 28 the
948 2764 51 29 OiJ
1008 2765 140 36 Diggings,
1155 2764 96 28 Bailer
1262 2765 90 33 Hiver,
1364 2772 67 21 near

795 2803 126 27 Berlin's.

830 2841 87 30 There
929 2840 24 31 is
976 2851 16 20 a
1013 2839 71 39 good
1108 2844 85 27 water
1219 2850 71 25 race,
1305 2839 126 39 carrying

795 2880 76 27 three
885 2882 187 25 Government
1086 2879 94 33 head.*,
1192 2879 117 36 brought
1321 2879 29 28 in
1359 2881 70 26 from

795 2927 16 18 a
823 2917 191 36 never-failing
1026 2926 104 19 source.

829 2957 74 32 Aiso,
918 2966 16 19 a
953 2957 74 36 large
1049 2956 163 29 substantial
1237 2955 73 35 dam,
1326 2956 106 36 mining

795 2996 76 33 tools,
886 2996 45 27 &-J.

830 3071 171 28 Reasonable
1015 3075 93 29 terms,
1122 3081 30 18 as
1171 3080 49 28 per
1239 3073 193 34 arrangement

796 3109 36 37 by
845 3109 133 37 applying
990 3114 28 23 to
1020 3125 33 3 —

1026 3146 173 31 WILLIAM
1218 3147 144 35 HANNA,

1284 3188 116 27 Carrier.

995 3266 24 30 N
1040 3266 63 30 (TT
1123 3267 125 29 ICE.

818 3370 90 28 ALL
945 3370 195 30 ACCOUNTS
1170 3370 130 29 OWING
1330 3374 29 26 to
1389 3370 47 30 the

903 3422 279 30 UNDERSIGNED
1190 3422 103 31 MUST
1303 3422 33 30 be
1345 3423 91 29 PAID

804 3476 146 28 WITHIN
984 3477 76 27 ONE
1098 3476 136 28 MONTH
1263 3476 70 28 from
1364 3476 72 33 date,

802 3526 144 28 otherwise
971 3526 72 36 legal
1063 3526 176 37 proceedings
1265 3526 54 28 will
1338 3525 33 29 be
1396 3526 29 28 in

802 3580 113 28 stituted
928 3579 40 29 for
978 3589 139 27 rocovery.

837 3631 88 29 Those
937 3631 147 29 interested
1098 3630 55 30 will
1171 3630 91 38 please
1275 3635 93 34 accept
1382 3630 54 30 this

803 3693 30 18 as
846 3694 15 17 a
875 3683 66 30 liual
952 3683 98 28 notice.

1032 3735 167 29 EDWARD
1218 3735 182 29 CARROLL.

839 3788 88 35 Lyill,
941 3787 124 36 January
1079 3788 73 33 30th,
1168 3789 74 28 1883.

847 3872 143 28 CATTLE
1018 3872 185 28 TRESPASS
1221 3872 80 33 ACT,

1001 3949 23 26 is
1036 3948 102 36 hereby
1152 3949 80 34 given
1247 3947 62 29 that
1327 3957 35 18 on
1385 3948 54 27 and

821 3975 41 34 LN
911 3987 68 28 after
992 3987 46 28 the
1060 3987 62 27 13th
1148 3985 105 35 Mawh,
1274 3987 67 27 1883
1362 3992 75 27 next,

806 4025 46 26 the
871 4025 151 34 provisions
1044 4024 32 27 of
1091 4026 16 13 *•
1120 4025 58 25 The
1199 4024 88 27 Cattle
1309 4025 130 33 Trespass

806 4061 59 32 Act,
880 4063 75 30 1868,
968 4061 55 27 will
1045 4061 33 26 be
1100 4060 127 28 enforced
1248 4069 36 19 on
1307 4069 47 27 my
1367 4060 72 32 land,

806 4098 79 38 being
897 4098 182 36 Agricultural
1097 4098 81 28 Lease
1194 4097 99 29 known
1307 4107 30 19 as
1352 4097 68 29 Mata-

806 4137 55 30 taki
888 4138 83 37 Ferry
997 4137 128 36 Reserve,
1147 4137 160 29 Murchison
1334 4138 105 37 Survey

806 4177 121 28 District.

840 4215 63 26 And
927 4214 60 28 that
1006 4213 21 28 it
1047 4213 24 28 is
1091 4222 47 27 my
1160 4213 134 28 intention
1314 4216 28 25 to
1356 4213 82 27 claim

806 4250 129 39 damages
948 4252 41 29 for
1002 4252 35 28 all
1051 4252 89 28 Cattle
1152 4250 178 38 Trespassing
1342 4260 36 19 on
1392 4250 45 30 the

807 4291 58 28 said
888 4292 74 33 laud,
987 4291 121 28 whether
1132 4291 46 28 the
1204 4300 75 19 same
1304 4290 71 29 shall
1408 4290 31 28 be

807 4330 93 28 ienced
913 4339 30 20 or
957 4329 174 29 unenclosed.

1105 4367 158 27 ARTHUR
1284 4366 119 29 ROWE.

842 4405 169 33 Murchison,
1025 4405 139 36 February
1179 4405 73 33 loth,
1268 4406 74 27 1836.

868 4488 217 39 FORSYTH
1106 4489 27 39 &
1157 4487 231 48 MASTERS,

811 4555 289 61 WHOLESALE
1127 4556 21 27 &
1177 4555 140 28 RETAIL
1336 4555 84 30 IRON-

1030 4595 192 31 MONGERS,

958 4646 169 34 Broadway,
1146 4645 144 35 Reepton,

810 4700 79 28 Have
903 4710 35 18 on
951 4700 74 28 band
1044 4700 136 36 imported
1201 4700 85 28 direct
1303 4700 70 27 from
1396 4700 46 29 the

861 4738 92 28 Home
967 4738 129 32 markets,
1110 4747 14 17 a
1140 4738 85 31 Large
1238 4738 54 27 nnd
1308 4738 65 28 Well-

994 4776 121 29 assorted
1136 4776 82 30 Stock
1232 4776 29 29 of

811 4837 165 39 Builders'
991 4837 219 50 Furnishing,
1224 4837 137 50 Mining
1375 4837 68 40 and

915 4900 147 37 General
1084 4901 256 46 Ironmongery,

811 4974 99 28 Which
933 4974 65 36 they
1018 4985 44 17 are
1084 4974 132 37 prepared
1239 4978 28 24 to
1289 4974 50 28 sell
1360 4977 29 25 to
1401 4983 27 19 re-

823 5013 103 28 sidents
939 5013 29 28 of
978 5013 76 36 Lyell
1069 5018 27 23 at
1107 5012 150 37 extremely
1270 5012 51 29 low
1335 5013 95 36 prices.

812 5106 152 29 Bickford's
978 5107 80 33 Fuso,
1072 5106 90 28 Hall's
1180 5105 125 35 Blasting
1318 5105 123 33 Powder,

812 5146 122 33 Octagon
948 5146 80 31 Steel,
1042 5146 91 27 Ames'
1156 5145 124 32 Shovels,
1302 5144 66 28 Pick
1387 5144 54 27 and

812 5183 136 28 Hammer
961 5183 134 30 Handles,
1108 5183 55 31 &c,
1175 5187 95 29 agents
1281 5181 42 29 for
1333 5181 110 29 Nobel's

1047 5219 160 39 Dynamite.

812 5270 157 32 Furniture,
1001 5268 134 34 Bedding.
1166 5268 114 32 Lamps,
1322 5268 121 35 Cutlery,

813 5307 170 37 Carpenters'
997 5307 91 31 Tools,
1107 5307 102 30 Paints,
1232 5306 66 33 Oils,
1321 5306 122 32 Colours,

950 5345 93 37 Fancy
1056 5344 88 36 Ware,
1159 5345 61 33 &c.;
1240 5345 66 32 also,

816 5384 21 28 A
851 5384 87 36 Large
951 5385 173 27 Assortment
1142 5383 29 28 of
1189 5382 165 29 Galvanised
1368 5382 75 33 Iron,

915 5423 144 28 Bessemer
1070 5422 54 28 and
1144 5422 103 36 Plough
1269 5421 73 29 Steel

1001 5478 103 27 WIRE
1124 5477 129 28 ROPES.

915 5516 60 28 RSS
1006 5515 174 29 OCTAGON
1209 5515 129 29 STEEL.

1018 5593 217 32 LUCAS'S

873 5657 152 28 'ELSON
1045 5656 89 28 AND
1161 5655 122 28 WEST
1308 5654 135 30 COAST

896 5851 129 37 YEAH
1046 5849 123 38 BOOK
1190 5849 52 39 for
1263 5849 96 38 1886.

1624 228 118 30 Public
1767 227 151 30 Notices.

1651 307 249 33 NOTICE.

1456 388 39 32 To
1509 387 46 32 the
1569 386 171 32 inhabitants
1749 385 30 31 of
1789 381 80 42 Lyell
1881 381 55 32 and
1945 380 129 33 surround-

1686 428 48 33 ing
1746 425 113 28 district.

1595 477 366 63 kenry~young

1458 557 132 63 BEGS
1604 563 28 25 to
1645 560 126 27 intimate
1790 556 59 30 that
1870 556 35 28 be
1929 553 108 30 intends
2062 557 28 24 to

1554 604 68 24 start
1635 595 115 40 Baking,
1764 597 54 29 and
1832 597 36 35 by
1891 595 101 38 paying
2015 592 77 30 strict

1457 639 133 26 attention
1604 642 28 23 to
1646 637 43 27 his
1711 637 121 27 business
1854 639 28 24 to
1904 633 81 28 merit
2006 641 16 19 a
2041 632 51 27 fair

1458 675 78 30 share
1550 675 30 30 of
1589 678 121 34 support.
1749 674 56 29 The
1820 674 71 36 price
1905 670 54 31 will
1973 671 32 28 be

1555 736 23 39 4
1581 722 49 40 lb.
1654 722 145 41 LOAF
1861 742 13 10 -
1931 719 61 51 gd.

1491 816 39 28 H.
1549 816 132 28 YOUNG
1693 815 111 27 intends
1817 819 28 22 to
1860 814 99 35 supply
1973 813 46 26 the
2027 820 65 26 very

1457 853 59 31 best
1528 854 105 38 quality
1644 853 31 30 of
1686 853 90 29 bread.
1813 853 23 28 A
1845 851 72 37 large
1929 853 163 26 assortment

1458 894 30 27 of
1509 893 80 28 small
1613 893 85 33 goods
1726 891 82 29 made
1838 900 81 26 every
1944 888 146 35 Saturday.

1460 931 122 37 Nothing
1602 931 52 28 but
1674 930 45 29 the
1744 930 59 27 best
1827 929 168 35 ingredients
2017 926 75 32 used,

1460 970 54 29 and
1528 970 161 36 everything
1702 968 59 29 sold
1775 973 28 23 at
1816 968 140 35 Westport
1969 966 94 36 prices.

1459 1053 197 26 CHRISTENING,
1689 1053 142 24 WEDDING,
1862 1051 55 21 AND
1952 1049 140 21 BIRTHDAY

1545 1093 86 20 CAKES
1650 1093 76 18 MADE
1745 1092 35 19 ON
1799 1091 55 19 THE
1874 1089 138 21 SHORTEST

1649 1130 129 21 POSSIBLE
1797 1128 110 21 NOTICE.

1494 1215 71 26 Note
1579 1213 46 28 the
1639 1214 118 26 Address
1760 1228 32 4 —

1460 1265 109 54 ALL
1591 1262 241 56 NATIONS
1864 1260 228 56 BAKERY

1531 1333 139 36 (Opposite
1683 1332 27 27 J.
1728 1332 86 36 Hyan,
1830 1330 194 36 Storekeeper.)

1538 1414 49 38 G.
1637 1414 44 38 C.
1727 1411 291 47 BOWMAN,

1484 1511 8 7 '
1520 1510 231 33 UCTIONEER,
1772 1507 321 40 QIHAREBROKER.

1614 1604 112 28 Mining
1744 1612 56 20 and
1820 1604 118 28 Genral

1476 1661 296 29 COMMISSIO
1790 1660 22 27 N
1879 1659 197 33 AGENT,

1595 1722 171 33 Broadway,
1812 1721 144 29 Reefton.

1477 1812 128 39 POST
1649 1812 194 39 OFFICE
1885 1811 189 43 HOTEL,

1664 1871 109 28 LYE
1794 1872 23 26 L
1837 1871 22 27 L
1880 1891 7 7 .

1508 1967 224 37 PETER
1764 1966 281 38 MANGOS

1461 2028 141 70 BEGS
1621 2033 29 26 to
1663 2029 102 31 inform
1785 2028 45 30 his
1847 2028 104 30 triends
1972 2027 55 31 and
2048 2027 45 31 the

1562 2068 93 37 public
1676 2070 63 26 that
1763 2069 44 26 his
1826 2078 61 17 new
1907 2068 186 27 comjnodious

1630 2106 86 28 Hotel
1728 2107 23 27 is
1764 2115 63 18 now
1840 2113 81 28 open.

1457 2143 153 29 Travellers
1628 2145 55 26 and
1702 2145 110 26 visitors
1830 2148 29 23 to
1877 2144 56 27 tins
1951 2143 131 28 establish

1491 2186 78 26 ment
1580 2182 57 29 will
1649 2181 57 30 find
1719 2181 72 30 their
1800 2181 118 30 comfort
1927 2181 55 30 and
1995 2190 47 21 con-

1525 2221 132 28 venience
1666 2221 168 35 thoroughly
1844 2220 131 28 attended
1987 2223 38 25 to.

1458 2259 57 29 The
1528 2259 148 29 bedrooms
1697 2268 46 20 are
1753 2260 78 36 lofty,
1845 2258 56 29 and
1913 2258 64 29 well
1990 2258 102 38 lighted

1659 2299 56 29 and
1735 2298 160 29 ventilated.

1492 2374 206 30 COMFORTABfcS
1727 2374 129 28 PARLORS
1882 2381 56 21 AND
1958 2373 86 29 FlßST-

1675 2423 82 18 class
1776 2414 104 26 Table.

1475 2452 59 29 One
1556 2451 32 30 of
1606 2451 128 29 Alcock's
1748 2451 78 28 Prize
1839 2450 118 30 Billiard
1969 2450 108 30 Tables.

1458 2529 58 28 The
1530 2529 56 28 Bar
1598 2529 23 28 is
1635 2529 112 28 stocked
1758 2528 66 29 with
1838 2528 75 33 Ales,
2042 2528 51 27 and

1511 2567 98 37 Spirits
1622 2569 27 26 ot
1668 2566 168 37 guaranteed
1854 2566 102 29 brands
1969 2567 75 36 only.

1492 2606 24 28 A
1533 2606 144 28 first-class
1699 2605 183 29 sixteen-stall
1895 2604 88 29 stable
1995 2606 73 27 iscon-

1458 2644 98 30 nected
1569 2644 68 29 with
1652 2644 56 30 this
1722 2644 85 29 hotel.

1710 2683 127 27 PETER
1859 2682 167 30 MANGOS,

1896 2720 154 31 Proprieor.

1565 2801 175 31 JAMES
1779 2800 211 39 INGLIS,

1516 2877 260 27 HAREBROKER
1807 2877 20 27 &
1858 2876 234 28 COMMISSION

1506 2912 3 15 i

1676 2953 206 34 AGENT,

1537 3031 116 30 Cliff
1690 3031 159 32 Street,
1885 3030 141 30 Lyell.

1588 3113 121 33 JOHN
1743 3113 226 39 FENN&LL,

1535 3177 192 30 ENERAL
1784 3178 38 31 O
1832 3176 263 31 TOREKEEPER.

1549 3262 83 30 Wine
1651 3270 56 20 and
1728 3262 94 29 Spirit
1846 3261 169 28 Merchant.

1499 3375 103 36 Money
1620 3374 104 37 always
1744 3374 29 28 in
1796 3373 75 29 hand
1891 3373 42 29 for
1951 3372 113 37 cashing

1718 3413 127 37 cheques.

1498 3525 110 30 Liberal
1620 3525 136 29 advances
1769 3525 81 28 made
1866 3534 36 18 on
1915 3524 107 38 parcels
2036 3524 30 29 of

1679 3564 119 31 retorted
1812 3564 72 33 gold.

1609 3670 80 37 Cliff
1706 3669 121 47 Street,
1852 3669 107 48 Lyell.

1700 3761 36 40 [A
1771 3760 97 39 Card.]

1467 3803 39 28 To
1519 3802 47 29 the
1579 3801 100 29 Ladies
1691 3802 30 28 of
1730 3801 87 36 Lyell.
1834 3800 125 33 Reefton,
1973 3799 54 28 and
2041 3808 41 19 sur-

1639 3840 137 32 rounding
1788 3838 138 28 districts:

1609 3876 113 30 ESSES
1750 3877 34 27 E.
1810 3876 27 28 J.
1867 3874 163 28 WARNER

1603 3914 3 33 .
1643 3915 56 29 and
1723 3915 65 32 CO.,
1813 3914 30 28 of
1870 3914 160 33 NELSON,

1536 3954 87 27 desire
1635 3957 28 24 to
1676 3953 127 28 intimate
1816 3952 61 27 that
1896 3952 66 27 with
1983 3951 47 28 the

1536 3992 125 36 splendid
1678 3991 126 28 facilities
1823 3990 66 34 they
1911 4000 116 26 possess,

1535 4030 67 34 they
1623 4038 50 17 can
1700 4031 28 24 at
1748 4037 16 17 a
1786 4028 50 26 few
1851 4028 82 26 hours
1946 4036 35 18 no
1985 4027 44 32 tic,

1535 4066 67 27 send
1615 4074 49 27 per
1677 4065 81 27 coach
1773 4069 28 23 to
1815 4073 53 26 any
1890 4064 110 26 address
2014 4071 16 20 a

1535 4104 134 37 complete
1688 4104 122 28 costume
1832 4101 79 29 made
1933 4101 28 28 in
1983 4102 47 28 the

1535 4153 66 27 very
1614 4144 80 28 latest
1704 4142 78 37 style,
1793 4141 66 29 with
1869 4141 48 28 hat
1926 4151 29 18 or
1964 4140 48 29 bon-

1534 4186 49 24 net
1592 4181 52 28 and
1657 4181 93 35 gloves
1759 4185 26 23 to
1797 4179 101 33 match,
1907 4181 123 33 together

1534 4219 68 28 with
1613 4228 80 26 every
1703 4218 127 35 requisite
1844 4217 27 26 in
1886 4217 73 30 hose,
1973 4226 42 18 cor-

1536 4262 64 30 sets,
1628 4255 220 33 underclothing.,
1874 4254 54 35 &c,
1959 4255 72 28 their

1536 4297 86 36 prices
1654 4297 80 31 being
1764 4299 71 24 most
1861 4294 167 28 reasonable.

1536 4335 83 28 Their
1640 4334 78 28 stock
1731 4333 148 37 comprises
1893 4342 80 27 every
1987 4342 28 19 ar-

1535 4374 62 27 ticle
1627 4373 29 27 in
1687 4372 116 28 General
1832 4372 132 34 Drapery,
1989 4372 27 26 ia-

1535 4410 111 35 cluding
1658 4419 16 18 a
1687 4408 124 37 splendid
1830 4412 164 24 assortment
2005 4407 30 29 of

1538 4450 89 28 Men's
1651 4449 54 29 and
1731 4449 82 36 Boys'
1839 4447 190 37 Ready-made

1537 4489 138 38 Clothing,
1701 4498 132 27 mercery,
1858 4487 55 33 &c,
1938 4487 93 31 orders

1536 4530 42 26 for
1592 4529 89 26 which
1688 4528 55 25 will
1752 4529 101 25 receive
1868 4530 110 31 prompt
1991 4531 26 23 at-

1536 4566 116 30 tention.
1689 4565 125 28 Patterns
1823 4564 29 28 of
1863 4568 99 25 newest
1973 4574 38 19 ma-

1537 4606 93 27 terials
1642 4610 61 21 sent
1722 4609 61 29 post
1802 4604 54 27 free
1879 4603 36 35 by
1935 4607 94 24 return

1536 4642 76 31 mail,
1620 4641 54 28 and
1685 4641 84 27 ladies
1775 4640 114 31 rending
1896 4649 117 19 measure-

1536 4688 92 24 ments
1641 4681 26 29 of
1689 4680 104 29 dresses
1813 4690 48 18 can
1876 4679 106 37 depend
1995 4689 37 19 on

1538 4722 125 33 secnriug
1675 4730 16 17 a
1714 4720 129 35 perfectly
1862 4719 92 34 fitting
1974 4729 42 17 cos-

1538 4763 85 24 tame.

1572 4834 94 29 Please
1679 4833 66 29 semi
1764 4833 82 33 alon;*
1858 4842 69 27 your
1940 4833 92 28 orders

1537 4878 29 25 at
1574 4884 76 23 once,
1661 4877 28 24 to
1699 4873 79 28 avoid
1793 4871 87 35 deiav,
1895 4873 55 27 and
1960 4883 56 18 cure-

1536 4913 69 33 fully
1619 4918 63 20 note
1698 4911 44 27 the
1756 4910 110 28 address
1878 4919 6 18 :

1468 4960 39 31 E.
1524 4960 28 31 J.
1570 4958 199 32 WARNER
1786 4957 27 31 &
1834 4957 78 36 CO.,
1971 4956 80 30 Hail
2068 4955 36 31 of

1838 4991 140 31 Nelson.

2295 218 119 32 Public
2438 219 150 31 Notices

2126 298 208 40 BROWN'S
2355 298 118 40 BOOT
2500 294 260 47 EMPORIUM

2376 357 133 28 LYELL.

2323 419 162 21 —-—:o:-
2485 428 52 4 —
2537 423 28 8 t^-

2128 461 42 68 J
2207 461 138 30 BROWN
2360 463 29 27 in
2401 461 136 37 thanking
2550 460 43 30 his
2613 470 148 19 numerous

2177 513 8 8 ■
2224 508 149 21 customers
2403 503 42 27 for
2474 506 62 31 past
2565 499 119 35 favours,
2707 500 54 28 and

2128 539 106 35 hoping
2259 539 40 27 for
2321 548 16 18 a
2359 539 181 27 continuance
2561 539 30 27 of
2609 539 46 25 the
2675 547 85 21 same,

2128 576 100 33 wishes
2239 581 46 25 too
2299 577 50 30 call
2363 577 71 29 their
2453 577 134 29 attention
2602 579 29 26 to
2644 576 43 28 his
2701 585 60 19 new

2129 616 77 28 stock
2228 617 30 27 of
2281 617 108 27 Ladies'
2413 616 98 28 Maids'
2534 616 53 27 and
2608 615 153 29 Children's

2129 654 85 28 Boots
2236 655 28 27 in
2287 659 76 32 great
2385 655 113 37 variety.
2536 654 75 32 Also,
2625 653 42 28 his
2687 653 74 37 large

2130 694 54 26 and
2199 693 93 28 varied
2307 693 77 29 stock
2397 694 30 27 of

2130 745 120 42 Men.s,
2262 744 141 34 Youths'
2417 745 28 33 &
2458 744 99 41 Boys'
2575 744 106 32 Boots
2693 743 69 33 and

2387 783 118 31 Shoes.

2131 882 86 29 Fresh
2231 883 92 29 Goods
2337 884 120 35 arriving
2478 882 134 37 monthly,
2625 881 89 29 which
2728 881 34 29 he

2165 921 22 28 is
2201 922 115 34 offering
2328 925 30 25 at
2370 922 87 36 prices
2471 925 28 24 tD
2509 922 54 27 suit
2577 920 46 28 the
2638 920 89 28 times.

2131 959 44 28 Ail
2199 960 140 37 imported
2372 960 84 35 goods
2486 959 115 29 marked
2631 960 28 27 in
2687 959 76 36 plain

2391 999 110 35 figures.

2166 1075 70 28 N.B.
2238 1075 59 27 —A
2308 1075 100 37 supply
2421 1075 30 28 of
2471 1075 89 28 North
2573 1074 104 29 British
2692 1075 71 27 Gum

2132 1114 85 28 Boots
2243 1114 54 27 and
2323 1114 69 27 Own
2418 1113 82 29 Make
2520 1112 182 38 Watertights
2725 1112 24 29 al-

2132 1162 73 27 ways
2218 1162 35 19 on
2267 1153 84 28 hand.

2166 1192 77 34 ltepa
2255 1201 27 18 rs
2295 1192 141 35 promptly
2446 1190 131 29 executed
2589 1190 56 28 and
2657 1190 106 28 elastics

2132 1228 130 28 inserted.

2158 1306 69 27 Note
2243 1305 46 29 the
2299 1305 272 29 Address:-JOHN
2592 1305 148 33 BROWN,

2132 1352 88 31 Boot
2244 1352 27 31 &
2298 1352 211 31 Shoemaker
2529 1352 28 31 &
2586 1352 177 39 Importer,

2196 1397 140 36 (Opposite
2351 1396 80 28 Bank
2444 1397 30 27 of
2485 1397 66 27 New
2565 1395 141 35 Zealand.)

2250 1477 186 37 JAMES
2476 1476 172 42 RYAN,

2199 1566 180 28 ENERAL
2453 1566 311 33 OTOREKEEPER,

2281 1642 86 29 Cliff
2391 1643 121 33 Street,
2530 1642 87 28 Lyel.

2133 1796 91 30 Goods
2238 1796 133 38 carefully
2384 1796 104 38 packed
2502 1799 28 26 to
2543 1795 37 30 all
2593 1798 75 36 parts
2681 1796 30 29 of
2721 1796 43 29 the

2389 1836 117 28 district.

2148 1989 104 28 BANK
2272 1989 112 28 PRICE
2404 1989 121 28 GIVEN
2545 1989 74 28 FOR
2638 1988 110 28 GOLD.

2148 2072 339 30 CRITERION
2536 2071 197 31 HOTEL

2363 2135 171 21 LTELL,

2245 2243 187 33 EDWARD
2459 2244 199 32 CARROLL

2133 2312 133 57 BEGS
2286 2317 29 24 to
2335 2313 100 28 inform
2456 2313 43 28 his
2520 2322 150 19 numerous
2694 2316 72 25 town

2228 2351 56 26 and
2310 2355 116 31 country
2450 2351 34 27 fri
2501 2351 52 27 nds
2577 2351 62 27 that
2662 2350 35 27 he
2719 2350 49 27 has

2132 2388 153 37 purchased
2298 2389 47 29 the
2358 2389 85 29 above
2456 2389 134 33 business,
2604 2387 55 31 and
2683 2388 85 37 hopes

2132 2427 36 34 by
2193 2428 78 27 strict
2294 2429 138 26 attention
2445 2431 28 24 to
2494 2427 46 28 the
2562 2431 89 24 wants
2675 2427 30 27 of
2727 2428 41 25 his

2132 2468 152 27 customers
2306 2464 55 30 and
2382 2465 142 30 travellers
2543 2469 28 26 to
2596 2465 82 30 merit
2690 2474 16 20 a
2719 2464 49 31 fair

2253 2505 79 27 share
2346 2506 30 26 of
2391 2506 91 34 public
2495 2508 158 33 patronage.

2212 2580 126 44 Liquors
2360 2582 32 30 of
2411 2582 50 30 the
2479 2582 69 31 Best
2568 2582 119 31 Brands.

2427 2666 31 30 E.
2484 2664 206 37 CARROLL,

2571 2707 163 34 Proprietor.

2290 2802 318 32 TEMPERANCE

2134 2853 335 53 BOARDING
2535 2853 233 53 HOUSE

2214 2923 80 36 (Late
2307 2922 153 28 Alhambra
2478 2922 95 34 Hotel,
2587 2920 100 40 Lyell.)

2227 3067 47 27 the
2294 3066 173 28 inhabitants
2488 3065 32 28 of
2537 3066 79 35 Lyeil
2634 3065 54 27 and
2709 3073 43 19 sur-

2131 3104 140 36 rounding
2296 3104 106 28 district
2427 3104 61 27 that
2512 3103 34 28 he
2572 3103 50 28 has
2645 3112 62 20 now
2726 3110 26 21 re-

2132 3143 105 38 opened
2251 3143 46 28 the
2310 3141 86 31 above
2410 3141 177 31 well-known
2596 3141 134 40 premises
2737 3151 31 21 as

2132 3193 16 18 a
2162 3183 155 29 First-class

2132 3233 175 47 Boarding
2322 3233 118 37 House
2458 3233 69 37 and
2547 3232 221 38 Restaurant.

2203 3343 88 27 Meals
2306 3346 27 24 at
2347 3343 35 27 all
2396 3343 93 27 hours.
2527 3342 78 27 Good
2618 3341 81 28 Beds.

2133 3382 151 28 Extensive
2315 3381 55 28 and
2411 3381 195 29 Commodious
2645 3378 124 38 Stabling

2324 3419 258 30 Accommodation.

2311 3471 170 30 ANTONIO
2500 3472 199 32 ACCOLINO,

2569 3511 166 33 Proprietor.

2154 3594 113 36 NEW
2309 3593 138 38 CHUM
2483 3592 269 45 BUTCHERY,

2347 3658 23 30 L
2390 3657 19 31 I
2431 3657 131 31 ELL.

2231 3763 205 40 JAMES
2487 3761 184 48 EDGE,

2137 3836 332 28 TTTTHOLESALE
2506 3835 80 27 AMD
2631 3834 140 28 KETAIL

2283 3911 340 33 BUTCHER.

2135 4023 99 27 Hotels
2247 4022 55 27 and
2315 4021 132 27 Families
2466 4020 100 27 waited
2588 4029 36 19 on
2638 4020 82 35 Daily
2732 4020 39 28 for

2400 4057 111 28 Orders.

2187 4156 76 29 Meat
2276 4153 146 30 Delivered
2442 4157 26 25 to
2482 4153 37 28 all
2539 4156 75 35 parts
2626 4154 28 28 of
2676 4153 46 29 the

2394 4192 126 28 District.

2137 4300 118 32 NEW
2300 4298 154 31 CHUM
2495 4295 267 33 BUTCHERY

2203 4344 131 34 Opposite
2343 4340 154 30 Alhambra
2508 4341 94 31 Hotel,
2617 4340 87 36 Lyell.

1587 5081 186 37 REEVES
1799 5081 99 36 AMD
1922 5080 63 37 CO.

1507 5155 3 33 >
1538 5157 309 31 UCTTONEEUS,
1878 5157 116 26 STOCK
2025 5155 75 26 AND

1564 5195 233 30 COMMISSION
1836 5194 149 28 AGENTS
2022 5192 79 28 AND

1633 5233 314 33 SHAUEBROKEIiS,

1508 5313 158 39 Bridge
1693 5310 167 47 Street,
1891 5310 174 37 Nelson.

1505 5459 91 28 Loans
1608 5457 172 37 Negotiated.
1802 5456 163 28 Valuations
1979 5454 89 28 made.

1470 5510 117 30 Auctiou
1613 5508 77 30 Sales
1714 5507 171 30 undertaken
1898 5507 30 28 in
1938 5507 87 28 Town
2049 5504 53 30 and

1721 5548 133 33 Country.

1560 5629 79 32 MR.
1656 5629 28 31 J.
1701 5628 30 32 J.
1748 5627 266 39 MOYNIHAN,

1533 5693 189 31 ARRISTER
1752 5693 79 28 AND
1870 5692 233 37 QOLICITOR.

1471 5798 215 30 Commissioner
1707 5797 31 30 of
1752 5796 47 30 the
1820 5796 133 39 Supreme
1972 5796 86 31 Court
2078 5795 29 31 of

1722 5851 130 28 Victoria.

2154 4429 360 42 WELCOME

2398 4489 105 31 Lyell.

2247 4596 153 31 ELLEN
2430 4595 234 32 WILLIAMS

2150 4668 9 14 ■
2178 4668 19 14 ii
2225 4657 143 32 ietuiuiug
2388 4656 102 26 tiiui'ms
2508 4657 42 24 tor
2571 4661 62 29 p&ci
2655 4661 117 24 lavours,

2138 4685 35 31 -L
2293 4697 27 25 to
2342 4693 99 28 inform
2460 4693 49 27 her
2528 4692 103 28 friends
2651 4692 54 28 and
2727 4691 45 29 the

2137 4732 90 35 public
2248 4732 61 27 that
2331 4731 47 27 she
2404 4732 50 26 has
2476 4731 57 35 just
2556 4730 153 36 completed
2730 4739 28 17 ex-

2138 4771 102 28 tensive
2260 4770 138 28 additions
2422 4767 54 31 ami
2496 4768 161 29 alterations
2678 4773 27 23 to
2725 4767 48 29 her

2139 4809 141 36 premises,
2299 4809 55 27 and
2374 4809 46 26 the
2443 4807 208 28 accomodation
2669 4807 24 28 is
2711 4816 61 19 now

2356 4845 193 38 unsurpassed.

2138 4925 73 33 Ales,
2237 4924 104 32 Wines,
2363 4923 55 28 and
2441 4923 98 36 Spirits
2564 4922 30 28 of
2616 4922 158 29 First-class

2312 4961 112 35 Quality
2438 4961 64 35 only
2515 4960 74 36 kept.

2208 5038 78 29 Good
2305 5036 127 35 Stabling
2450 5036 254 30 Accommodation.

2312 5089 127 26 ELLEN
2464 5088 206 32 WILLIAMS,

2519 5127 220 28 Proprietress.

2141 5210 214 43 WOLF
2422 5208 151 41 AND
2647 5208 123 49 CO.,

2270 5274 180 28 Wholesale
2463 5281 56 19 and
2534 5273 108 27 Retail

2141 5319 630 62 BUTCHERS.

2242 5415 114 28 Dealers
2369 5414 29 27 in
2411 5413 37 28 all
2462 5413 179 36 descriptions
2655 5412 30 28 of

2157 5463 105 30 FARM
2298 5462 78 28 AND
2413 5461 120 27 DAIRY
2569 5459 189 29 PRODUCE.

2141 5541 99 29 Hotels
2248 5539 55 29 and
2316 5538 132 29 Families
2455 5537 99 29 waited
2568 5547 35 19 on
2616 5537 42 28 for
2666 5537 108 28 Orders.

2175 5617 100 30 Orders
2294 5614 138 31 delivered
2452 5618 28 25 to
2501 5613 37 30 all
2561 5618 74 33 parts
2648 5624 16 19 o
2695 5614 47 29 the

2400 5654 123 26 District.

2314 5730 73 28 Note
2401 5729 48 28 the
2463 5728 124 28 Address

2293 5769 22 26 0
2336 5769 21 26 L
2379 5767 21 26 F
2472 5766 113 27 AND
2667 5766 92 33 CO.,

2194 5808 73 29 Next
2290 5805 46 31 the
2362 5805 191 30 Government
2571 5802 153 40 Buildiugs,

2289 5847 85 29 Cliff
2395 5845 119 32 Street,
2534 5844 103 29 Lyell.

3296 217 119 30 Public
3444 217 151 30 Notices.

3180 296 534 67 SUMMED

3062 483 245 62 JOHN
3370 482 451 61 FENNELL

2799 581 60 29 Has
2872 579 84 30 much
2975 579 124 38 pleasure
3119 579 28 28 in
3169 577 175 36 announcing
3364 583 27 23 to
3412 577 45 29 the
3480 576 170 29 inhabitants
3671 576 30 29 of
3725 576 76 36 Lyell
3827 574 56 31 and
3908 573 182 36 surroumhng

3024 618 120 28 districts
3166 618 46 27 the
3235 616 101 29 arrival
3360 617 31 27 of
3412 617 43 27 his
3480 617 85 27 NEW
3597 616 124 27 GOODS
3753 617 41 26 for
3819 616 45 27 the

2895 696 88 41 IS*
3011 694 286 39 CHRISTMAS
3337 693 101 38 AND
3481 693 115 39 NEW
3639 693 132 38 YEAR
3814 692 175 39 TRADE.

2800 839 85 41 The
2906 840 114 41 Stock
3040 840 31 39 is
3099 853 82 26 now
3200 840 189 51 complete
3410 839 35 39 in
3466 851 109 39 every
3594 838 128 47 detail,
3744 836 75 41 and
3851 837 64 39 the
3945 835 118 54 qualit

2897 896 31 37 is
2947 896 42 38 of
3012 896 62 38 the
3103 896 83 37 best
3215 894 221 51 procurable
3461 894 92 38 from
3575 894 63 38 the
3660 894 126 37 Home
3807 892 182 37 Markets.

2968 1038 35 30 In
3016 1038 46 30 the
3076 1037 110 31 Ladles'
3201 1036 182 41 Department
3398 1037 46 29 the
3458 1037 139 38 following
3610 1037 94 30 Goods
3718 1048 44 19 are
3777 1038 148 28 shown;—

2799 1092 149 42 DRESS
2963 1092 287 49 MATERIALS,
3460 1094 211 47 CORSETS,

2959 1155 284 49 MILLINERY,
3579 1158 189 43 GLOVES,

3079 1218 238 48 MANTLES,
3699 1218 156 45 LACES,

3198 1282 218 40 HOSIERY.
3779 1280 235 40 FLOWERS,
4036 1282 57 35 &c.

2903 1444 36 28 In
2952 1444 47 29 the
3014 1444 187 29 Gentlemen's
3215 1444 184 37 Department
3413 1454 16 18 a
3442 1445 87 36 Large
3544 1444 81 28 Stock
3640 1445 50 27 has
3702 1444 68 28 been
3784 1444 55 28 laid
3852 1445 38 32 in,
3904 1444 90 28 which

2803 1505 134 40 WILL
2962 1505 65 40 BE
3057 1505 128 40 SOLD
3212 1505 61 39 AT
3309 1504 176 40 PRICES
3525 1505 61 38 TO
3629 1505 113 40 SUIT
3780 1504 102 39 THE
3911 1503 181 41 iTIJIER.

2877 1674 106 54 Boys*
3003 1674 72 41 and
3097 1674 140 41 Youths'
3258 1674 167 53 Clothing
3443 1676 40 50 of
3495 1675 52 38 the
3566 1675 83 37 Best
3667 1673 71 38 and
3758 1673 118 37 Latest
3894 1672 125 46 Styles.

2994 1848 96 28 Direct
3103 1847 199 36 Importations
3314 1846 71 27 from
3398 1845 47 28 the
3712 1841 151 35 consisting
3876 1841 30 28 of

2806 1912 137 48 Prints,
2966 1912 175 47 Sateens,
3158 1910 76 40 and
3250 1910 228 49 Twillettes;
3502 1910 148 39 French
3665 1909 180 47 Merinos,
3862 1909 231 44 Cretonnes;

2837 1967 161 39 Curtain
3021 1968 147 43 Laces;
3197 1966 133 37 White
3355 1966 152 37 Calicos
3522 1979 7 32 ;
3558 1964 127 37 Toilet
3706 1964 125 48 Quilts
3850 1963 209 50 Sheetings.

3253 2055 25 27 A
3292 2053 132 36 Splendid
3439 2053 172 27 Assortment
3625 2051 30 27 of

2808 2121 131 46 Black,
2978 2120 113 45 Ecru,
3130 2117 74 39 and
3240 2114 133 40 White
3424 2114 152 46 Laces;
3623 2113 199 46 Ribbons;
3868 2114 118 37 Black
4020 2114 74 37 and

3099 2170 190 41 Coloured
3317 2169 80 41 Silk
3427 2168 105 47 Mits,
3554 2167 75 40 and
3649 2167 152 40 Gloves.

2840 2347 246 64 JOHN
3124 2343 469 71 FENNELL,
3634 2342 152 59 Cliff
3820 2342 238 61 Street.

2808 2512 141 59 The
2986 2508 365 75 Hampden
3394 2505 467 75 Co-operative
3904 2505 192 58 Store

3103 2603 361 76 Company,
3503 2599 312 61 Limited.

2804 2797 113 62 THE
2931 2797 85 28 above
3026 2798 145 33 Company
3180 2796 23 26 is
3216 2803 62 19 now
3288 2792 150 37 supplying
3450 2792 47 28 the
3511 2791 141 33 following
3668 2791 84 33 goods
3763 2794 27 23 at
3803 2799 16 18 a
3832 2790 83 35 slight
3929 2789 64 28 advs

3279 2831 148 30 NELSON
3443 2830 186 30 PUICES:-

3946 2795 105 22 tlvanne
4066 2799 35 16 on

3010 3073 38 29 Of
3057 3072 60 29 first
3130 3072 70 28 class
3213 3071 115 37 quality.
3365 3071 24 26 A
3402 3069 89 37 Large
3504 3069 56 28 and
3573 3068 103 29 Varied
3688 3069 174 29 Assortment
3875 3070 31 27 of

2807 3130 202 54 Crockery,
3046 3128 172 42 Earthen
3248 3128 75 40 and
3357 3127 227 46 Glassware,
3623 3125 281 54 Ironmongery,
3935 3127 81 47 &c,
4040 3127 64 39 &c.

2809 3280 124 39 Men's
2968 3278 75 40 and
3079 3276 115 53 Boys'
3232 3274 274 52 Kaipoi-made
3556 3273 206 52 Clothing;
3811 3273 114 47 Hats,
3964 3274 141 46 Shirts,

2908 3332 356 44 Under-Flannels;
3321 3330 174 37 Drawers
3530 3328 73 38 and
3639 3328 147 45 Moles;
3829 3328 176 47 Tweeds,

3005 3385 176 52 Hosiery,
3204 3383 209 46 Blankets;
3444 3382 163 45 Calicos,
3632 3382 139 45 Prints,
3795 3382 91 38 Flan-

3218 3439 91 47 nels,
3331 3439 79 46 &c,
3433 3438 64 39 &c.
3552 3436 143 40 Also—

2972 3517 154 47 Wheat,
3173 3516 110 45 Oats,
3330 3514 116 47 Bran,
3481 3513 118 39 Chaff
3620 3513 76 38 and
3729 3513 193 38 Potatoes.

2844 3670 99 29 Orders
2955 3666 196 38 accompanied
3168 3664 37 37 by
3218 3664 65 29 cash
3297 3663 173 29 remittances
3489 3662 161 37 punctually
3669 3661 130 29 attended
3813 3666 39 30 to,
3866 3662 54 29 and
3940 3663 85 36 goods
4045 3664 43 28 des-

2809 3707 117 39 patched
2940 3712 29 23 at
2981 3717 16 18 a
3010 3711 139 23 moments
3161 3705 99 27 notice.

2844 3746 84 29 Local
2945 3745 129 39 produce,
3092 3742 142 35 including
3253 3741 103 34 Hides,
3377 3740 94 34 Skins,
3497 3739 95 35 Wool,
3612 3739 126 32 Butter,
3752 3739 56 35 &c,
3822 3741 56 32 &c,
3896 3740 154 37 purchased
4062 3740 43 28 for

2810 3787 83 29 Cash.

3689 3817 33 29 R.
3744 3817 130 34 M'NEE,
3895 3817 139 35 Manager.

2845 3861 171 31 Murchison,
3030 3859 65 29 15th
3107 3857 85 33 June,
3208 3859 76 26 1885.

3388 4061 128 42 TRY

2830 4205 17 80 i
2889 4206 1130 71 KIHKPATHIGK'S
4069 4197 35 91 |

2827 4293 21 19 ■a
4070 4293 17 20 k-

2837 4390 9 39 i
3030 4375 297 54 JSTeiw
3374 4374 502 53 Seasons
4069 4366 35 63 5

3378 4808 152 39 THE
3606 4808 201 41 BEST

2890 5042 186 39 GEORGE
3107 5042 42 36 E.
3173 5039 193 45 LEVIEN,

2813 5106 123 29 Member
2946 5106 28 27 of
2980 5104 47 28 the
3035 5101 235 31 Pharmaceutical
3278 5101 106 35 Society
3391 5099 55 29 ami

2899 5141 236 32 Pharmaceutical
3154 5142 165 26 Conference
3332 5141 30 27 of

3019 5181 83 27 Great
3121 5180 116 32 Britain,

2864 5237 155 31 UIIGEON
3057 5235 174 32 DENTIST,
3262 5234 182 34 CHEMIST,

2854 5273 5 23 »
2973 5276 80 28 AND
3073 5274 205 32 DUUGGIST,

3027 5321 205 34 (REGISTERED.)

3462 5364 2 12 i

2813 5412 54 27 For
2879 5412 35 26 20
2925 5419 78 28 years
3022 5409 149 36 practising
3193 5409 27 26 in
3241 5406 205 36 Marlborough,
3462 5400 2 47 |

2812 5450 55 28 ami
2880 5449 55 28 late
2948 5448 31 28 of
2998 5447 102 29 Nelson
3120 5447 129 31 districts,
3263 5447 24 26 is
3307 5456 61 17 now
3387 5455 44 27 pre-

2911 5487 82 37 pared
3008 5491 26 23 to
3048 5485 94 28 attend
3157 5485 128 37 patients,
3299 5484 55 27 and

2848 5545 71 29 CAN
2952 5544 50 28 BE
3034 5542 225 30 CONSULTED
3295 5541 117 28 DAILY
3462 5539 3 35 ;

2815 5660 98 26 Rooms
2937 5665 29 21 is
2991 5657 186 27 Commercial
3208 5656 110 31 Hotel,
3342 5654 103 28 Lyell.

2849 5751 101 28 Advice
2970 5751 92 26 Gratis
3081 5750 69 27 from
3172 5751 15 25 1)
3208 5755 26 21 to
3255 5750 30 25 11
3305 5757 74 20 a.m.,
3394 5747 54 26 and

2814 5790 69 28 from
2898 5790 14 26 3
2927 5795 26 22 to
2968 5790 14 26 5
3002 5796 65 29 p.m.

3029 5842 31 27 G.
3083 5841 31 29 E.
3136 5838 154 31 LEVIEN.
3312 5837 100 31 M.r.S.

3478 5044 317 38 BELFAST
3846 5040 258 46 HOTEL,

3667 5111 112 29 GIBBS
3799 5109 119 31 TOWN*.

3649 5164 183 27 Eight-Milk
3852 5164 87 26 Road.

3479 5240 109 30 rnilfi
3595 5240 184 38 undersigned
3789 5242 102 35 having
3900 5238 128 30 removed
4037 5239 69 27 from

3568 5293 66 29 Zala
3647 5293 84 29 Town
3746 5292 55 28 and
3814 5292 106 28 erected
3939 5301 60 18 new
4018 5299 71 30 prem-

3479 5341 52 30 ises
3551 5351 30 18 as
3600 5341 96 31 above,
3715 5341 108 28 is-now
3843 5339 131 38 prepared
3996 5345 27 23 to
4042 5339 66 29 offer

3478 5390 134 28 excellent
3654 5388 237 30 accommodation
3923 5395 27 21 to
3990 5388 118 27 visitors,

3480 5437 136 32 boarders,
3629 5437 55 27 and
3699 5437 45 27 the
3757 5435 91 37 public
3861 5436 150 34 generally.

3480 5533 74 27 Ales
3575 5532 99 28 Winks
3694 5539 54 19 and
3769 5534 110 24 Spirits
3904 5537 33 22 of
3962 5538 56 21 the
4041 5538 67 21 best

3628 5579 152 35 qualities
3794 5586 70 19 only
3880 5586 78 20 ki.pl.

3602 5675 153 49 Charges
3784 5672 188 40 Moderate.

3655 5792 122 29 ThITK
3798 5792 242 28 ARMSTRONG,

3913 5842 162 30 l'icpr.eior.
