4265 6024
208 238 351 30 MISCELLANEOUS
586 239 122 29 ITEMS.

185 319 125 32 Neither
341 320 51 31 Mr
423 320 25 32 G
464 323 121 29 adstone
615 332 53 20 nor
696 321 76 31 Lord

148 363 147 39 Salisbury
313 364 122 30 smokes.

195 409 5 29 I
213 408 24 30 Iv
250 419 30 21 re
295 421 48 18 are
358 409 89 31 about
571 409 204 41 pawnbrokers

148 451 28 31 in
194 452 91 29 o»eat
306 452 19 28 H
345 450 78 30 itain.

188 493 35 35 In
255 495 194 38 I'hiladel.hia
479 495 84 34 there
593 508 49 21 are
670 497 107 40 25,000

148 551 78 19 morn
243 549 107 21 women
369 542 58 28 thai
456 552 62 20 men

193 583 52 30 The
264 584 89 28 bir'hs
371 583 26 29 in
414 584 51 30 the
482 584 86 30 world
592 585 106 30 exceed
726 585 48 30 the

146 626 101 30 death-*
265 626 33 40 by
317 626 82 29 th»ee
484 628 120 29 minute.

188 670 21 31 A
229 680 109 19 woman
356 672 26 27 in
402 666 28 35 N
452 681 21 19 w
492 668 82 34 Yoik
600 671 52 31 had
680 682 14 19 a
726 671 28 30 de-

148 715 94 28 lusion
259 713 61 28 tb.it
339 713 50 29 she
414 725 56 19 was
498 716 47 29 the
574 726 16 27 p
611 727 110 18 sse-sor
745 728 7 14 <
767 719 6 24 f

148 762 57 26 two
221 755 116 38 heads,;
350 766 17 22 n
380 756 6 30 1
400 756 145 33 therefore
559 759 25 30 ki
600 757 46 33 led
660 760 102 29 liemeh

191 800 225 40 Parliamentary
454 800 180 33 Blue-books
663 814 50 19 are
745 814 12 17 s
772 800 2 40 ■

147 843 90 31 ca'bd
256 843 122 30 because
395 844 75 29 their
498 855 99 20 covers
622 855 51 20 are-
703 847 64 27 blue

190 886 80 41 Foiig
312 887 95 39 Chins:
453 899 24 22 is
522 895 7 25 I
537 889 33 34 lie
616 889 157 33 wealthiest

148 932 126 31 Chinese
299 934 148 28 merchant
477 936 27 27 in
531 934 55 31 S.n
613 935 154 28 FrancVco

150 975 47 31 He
211 974 105 38 speaks
332 976 71 33 good
426 975 61 39 Kng
500 977 53 39 ish,
567 977 56 31 and
646 987 79 21 owua
747 988 27 20 in

146 1021 37 28 all
201 1021 109 28 sixteen
328 1021 68 26 shoe
426 1021 101 29 lartori
547 1032 22 24 s,
594 1022 21 28 si
635 1024 85 27 uated
748 1024 26 26 in

147 1063 61 31 that
226 1061 69 41 city,
310 1060 92 33 Texas
418 1063 55 31 and
495 1063 114 33 Mexico

186 1106 61 30 The
261 1117 122 27 average
400 1108 89 29 rental
508 1110 64 34 paid
590 1111 45 28 for
655 1109 61 35 agii
738 1111 26 29 ul

148 1153 75 26 tural
243 1151 33 28 lai
290 1150 16 29 d
323 1149 28 30 in
373 1148 128 33 Knelind
520 1152 23 28 is
559 1162 60 19 now
637 1153 27 31 fr
677 1164 33 19 >ra
724 1154 52 29 20<

148 1202 30 21 to
193 1196 52 28 80s
263 1204 50 29 per
326 1205 73 21 acre,
415 1205 31 19 as
462 1197 152 34 compared
632 1198 68 28 With
726 1198 51 30 21s

150 1237 27 29 in
214 1236 115 37 Krance,
357 1238 53 28 80s
439 1239 27 28 in
501 1236 130 40 Belgium
661 1241 53 30 30s
747 1240 27 30 in

151 1280 136 38 Holland,
301 1280 54 31 and
372 1282 52 29 24*
440 1280 30 33 in
486 1280 149 35 Denmark

189 1327 79 26 ()ver
282 1324 115 29 £IOOO
409 1327 26 26 )0
447 1336 14 17 a
478 1334 68 28 year
570 1336 50 19 are
646 1328 129 29 received

150 1367 33 39 by
202 1367 101 40 Queen
323 1365 130 34 Victoria
470 1367 71 33 f<om
560 1368 49 32 the
625 1375 62 27 esta
705 1382 30 20 es
748 1374 27 27 ot

148 1420 122 29 pinions
286 1409 63 29 who
364 1410 44 30 die
424 1412 141 29 intestate
579 1413 56 29 and
652 1413 119 32 without

150 1453 85 38 heirs,
244 1453 38 32 all
306 1455 70 30 such
402 1460 139 36 property
565 1456 157 42 belonging
747 1464 31 25 to

151 1498 49 29 her
216 1498 137 40 Majesty,
372 1508 28 20 in
418 1498 77 38 right
510 1501 29 27 ot
552 1498 51 31 her
616 1503 79 38 royal
711 1511 65 29 pre*

148 1541 138 35 rotative.

190 1584 116 32 Suicide
334 1586 23 30 is
387 1584 166 33 fashionabe
592 1587 29 31 in
666 1587 100 33 Ber'in

148 1628 94 34 There
268 1640 51 21 are
346 1635 50 28 ten
424 1642 80 21 eases
532 1641 16 20 a
576 1630 55 42 day
661 1644 38 21 on
738 1645 35 21 an

148 1683 122 23 average
336 1676 138 38 Kecently
494 1684 16 19 a
538 1675 108 30 banker
673 1679 101 27 named

150 1713 151 35 Kirkwold
332 1716 56 32 and
425 1715 45 33 his
505 1715 64 33 wife
603 1719 169 33 committed

148 1760 118 35 ■suicide,
291 1762 55 29 and
376 1760 53 31 left
457 1760 159 32 directions
645 1769 30 24 to
705 1764 72 30 have

149 1802 77 31 their
243 1804 98 29 bodies
354 1805 157 32 cremated.

196 1846 11 29 V
207 1845 9 18 r
219 1847 145 30 anderbiit
399 1847 69 31 us*d
503 1854 31 24 to
562 1849 111 40 plough
708 1851 68 29 with

148 1899 75 22 oxen
238 1899 37 20 on
291 1888 69 33 aSt
371 1894 59 27 iten
459 1889 97 33 Jsland
585 1893 82 31 farm.
721 1892 53 42 Jay

150 1933 96 31 Gould
278 1934 69 30 used
377 1939 30 24 to
437 1935 34 29 be
498 1946 17 19 a
553 1936 17 31 b
582 1938 45 28 »ok
646 1938 121 37 peddler

151 1974 79 33 Most
246 1976 154 32 American
419 1976 187 35 millenaries
621 1979 90 39 began
727 1980 51 32 life

148 2021 122 38 entirely
291 2023 115 30 outside
422 2025 32 28 of
468 2024 75 31 what
559 2035 49 21 are
621 2026 91 31 called
726 2026 52 32 the

149 2064 138 30 favoured
311 2065 114 30 clashes.

187 2106 60 32 The
262 2114 79 34 story
362 2119 96 21 emes
483 2112 29 28 to
538 2108 175 35 Nantucket
737 2113 36 41 by

148 2152 89 30 letter
265 2152 63 30 that
358 2164 16 19 a
411 2153 128 42 Chicago
574 2165 78 30 man,
680 2157 98 38 eating

146 2195 72 31 tried
249 2196 87 30 clams
366 2197 83 29 there
478 2198 56 30 last
562 2209 130 21 summer
731 2200 29 31 bi

149 2249 77 21 noon
242 2250 16 19 a
275 2238 68 30 hard
358 2240 164 32 substance.
571 2245 43 27 He
644 2242 86 32 saved
754 2244 23 30 it

146 2295 30 19 as
192 2296 15 20 a
222 2294 145 28 souvenir,
382 2291 55 25 and
454 2296 64 21 now
545 2284 36 33 lie
607 2286 24 31 is
656 2294 121 26 assured

148 2328 35 29 hv
199 2338 17 20 a
232 2327 127 40 lapidary
379 2329 65 29 that
458 2329 22 29 it
497 2329 23 30 is
532 2340 18 20 a
576 2333 80 36 pearl
685 2338 91 24 worth

146 2370 123 32 cOOdols

189 2414 90 31 Work
299 2414 25 30 in
345 2413 123 33 Kussian
486 2415 91 32 fabric
592 2418 138 31 factories
754 2420 24 29 is

145 2457 36 42 by
211 2470 16 20 a
262 2470 63 21 new
363 2462 50 28 law
451 2460 37 31 lot
498 2460 104 33 bidden
647 2461 129 34 between

146 2506 18 27 8
179 2502 108 32 o'clock
304 2508 29 25 at
350 2503 83 35 night
447 2504 55 30 and
519 2506 17 29 5
552 2504 29 30 in
609 2505 50 31 the
682 2517 78 20 morn-

147 2545 50 34 ing
249 2545 29 31 It
292 2556 57 20 was
365 2554 51 23 not
431 2552 51 25 out
498 2549 31 28 of
543 2550 101 37 regard
663 2549 41 29 for
727 2550 49 29 the

147 2588 175 42 employees,
338 2587 50 34 but
407 2591 67 30 with
491 2601 16 21 a
523 2590 69 32 view
609 2598 30 25 to
665 2592 94 33 lessen

148 2634 49 39 ing
211 2635 262 40 over-production
489 2636 64 31 that
567 2635 59 32 this
642 2637 50 31 has
710 2642 68 28 been

147 2677 86 31 done.

193 2721 181 33 Excitement
399 2719 52 33 has
489 2721 73 34 been
604 2724 105 33 caused
750 2724 28 33 in

149 2766 94 33 Rome
258 2768 36 36 by
310 2766 49 31 the
374 2766 165 32 confession
555 2768 30 31 of
608 2780 17 19 a
653 2769 127 33 horrible

150 2811 118 30 murder
285 2810 35 40 by
346 2820 16 20 a
388 2809 124 32 butcher
535 2813 102 28 named
666 2811 112 33 Tazzio.

150 2854 48 32 He
215 2853 84 33 killed
316 2864 17 21 a
348 2852 68 32 rival
432 2852 123 33 butcher
567 2865 65 21 nam
644 2855 26 32 «d
686 2855 91 41 Poppi

147 2898 56 29 and
230 2898 92 30 boiled
351 2898 42 28 his
418 2897 85 31 blood
527 2903 30 24 to
583 2899 83 29 make
693 2900 81 31 black

150 2941 153 39 puddings,
328 2940 90 31 which
449 2950 75 21 wete
559 2941 61 31 sold
661 2942 27 33 ic
737 2944 43 31 his

148 2983 149 43 (TfzzioV)
315 2984 71 39 shop

186 3027 60 31 The
260 3028 117 31 ancient
393 3026 123 38 whaling
532 3027 110 43 barque
660 3028 120 42 George

143 3072 57 30 and
218 3070 106 42 Susan,
341 3072 130 40 recently
489 3071 56 31 104
559 3082 27 20 in
607 3074 47 29 the
678 3075 102 32 Arctic

146 3116 110 33 Ocean,
272 3125 57 19 was
345 3115 74 29 built
435 3115 26 28 in
482 3116 81 33 1810,
586 3116 56 29 and
672 3118 108 38 during

145 3155 52 34 her
212 3155 37 34 67
264 3166 85 33 years
364 3158 34 31 of
416 3156 122 40 activity
566 3156 52 33 bad
650 3157 126 44 brought

144 3201 84 31 home
264 3207 30 24 to
331 3201 73 31 New
444 3202 125 29 Bed'ord
607 3203 29 30 in
684 3206 92 30 round

143 3244 140 33 numbers
310 3246 106 33 45,000
447 3244 108 33 barre's
584 3246 32 32 of
642 3247 38 34 oil
719 3249 54 32 and

144 3289 55 32 ICG
209 3290 66 30 0001
282 3289 16 30 b
313 3291 33 28 of
359 3302 20 17 vv
387 3291 56 29 hah
453 3290 83 31 bone.

183 3333 26 31 A
226 3332 180 33 Californian
424 3331 173 34 blacksmith
614 3333 25 33 is
654 3335 105 41 danger-

142 3378 85 40 ously
258 3376 29 32 ill
317 3377 69 31 with
416 3377 145 38 glanders,
600 3384 171 28 contracted

143 3420 85 34 while
244 3419 122 35 shoeing
381 3431 17 22 a
413 3420 92 34 horse.
550 3421 64 32 And
632 3432 16 23 a
678 3423 79 35 Penn

143 3467 129 36 sylvania
300 3476 110 20 woman
437 3465 23 32 is
486 3465 142 35 suffering
654 3471 75 29 from
759 3482 17 18 a

143 3519 22 23 si
181 3509 98 30 rained
327 3508 88 30 ankle
462 3510 171 30 contracted
696 3512 80 30 while

171 3552 122 37 shooing
345 3564 14 18 a
376 3551 64 32 hen.
482 3552 96 33 There
589 3564 93 23 *eems
695 3561 29 26 to
741 3557 35 32 be

143 3606 15 20 a
174 3596 113 41 fatality
305 3596 88 30 about
405 3596 79 32 sheir
496 3595 122 42 shoeing
632 3599 134 32 business

182 3639 60 32 The
256 3639 117 40 longest
401 3641 80 31 canal
509 3641 29 32 in
567 3639 50 33 the
637 3644 89 31 world
752 3645 24 32 is

143 3683 51 29 the
228 3695 56 19 one
319 3683 90 29 which
445 3686 126 28 extends
609 3686 73 30 from
729 3689 47 28 the

142 3727 126 32 frontier
292 3726 30 31 of
347 3726 92 33 China
466 3731 31 28 to
522 3728 34 32 8t
585 3727 190 44 Petersburg;

142 3771 25 30 it
185 3782 145 21 measures
346 3773 32 30 in
390 3771 36 30 all
443 3773 77 30 4172
537 3770 89 33 miles.
680 3775 94 31 There

142 3813 25 33 i«
181 3814 124 33 another
320 3814 80 32 canal
419 3817 129 41 running
574 3815 73 33 from
674 3817 86 33 Astra-

143 3858 73 31 chan
233 3864 31 25 to
281 3862 31 26 St
331 3859 189 36 Petersburg,
537 3860 91 31 which
651 3862 23 29 is
702 3864 75 29 1431

144 3900 82 35 miles
240 3902 76 43 long.
363 3900 74 33 Both
453 3905 28 28 ot
498 3903 82 34 these
597 3914 75 24 were
693 3916 57 22 com-

145 3948 118 32 menced
281 3949 34 30 bv
336 3947 87 31 Peter
439 3947 50 31 the
506 3949 102 32 Ureat.

186 3990 75 31 Lord
280 3991 121 39 Napier,
416 3992 28 29 in
458 4001 17 19 a
491 3996 98 27 recent
610 3992 119 33 address
745 3998 32 27 to

143 4032 52 33 the
211 4033 118 33 Church
359 4034 32 31 of
420 4034 130 40 England
580 4035 197 43 Temperar.ee

145 4076 125 42 Society,
285 4078 60 29 said
371 4078 65 29 that
461 4078 84 30 while
567 4080 206 36 commanding

145 4118 50 33 the
212 4119 105 32 armies
331 4122 28 29 ot
376 4119 84 32 India
475 4130 14 19 a
506 4125 103 28 return
638 4123 82 31 made
746 4127 31 26 to

145 4163 68 38 him,
228 4164 125 39 relating
374 4168 31 27 to
433 4166 35 30 18
479 4165 58 30 000
561 4177 74 28 men,
660 4166 115 33 showed

143 4208 66 30 that
223 4218 105 27 among
343 4208 49 31 the
406 4208 73 30 total
506 4208 163 33 abstainers
694 4211 82 30 there

146 4258 75 23 were
236 4260 37 20 no
289 4250 111 38 crimes,
416 4250 52 31 but
486 4250 48 31 the
550 4251 92 32 whole
658 4253 69 40 body
745 4254 32 29 of

145 4291 98 41 crime,
256 4305 57 19 was
328 4305 105 27 am*>ng
450 4293 245 36 ton-abstainers.

184 4337 61 31 The
261 4338 71 30 New
350 4337 82 30 York
454 4338 154 32 Examiner
623 4352 64 20 eavs
712 4340 62 33 that

144 4380 46 32 for
204 4380 69 32 each
292 4382 36 30 10
338 4382 125 35 000,000
479 4382 31 29 of
522 4381 52 32 the
601 4384 172 40 population

145 4425 51 32 the
212 4425 123 31 number
350 4427 28 28 ot
394 4427 132 30 murders
541 4425 24 30 is
581 4438 32 19 as
628 4431 147 30 follows:-

145 4468 143 36 England.
306 4468 71 39 287;
399 4469 138 36 rjelgium.
560 4471 76 33 240;
655 4471 119 38 France,

144 4513 74 35 2b's;
233 4511 199 38 Scandinavia,
446 4514 57 31 2GG
516 4525 6 27 ;
534 4512 159 40 Germany,
708 4518 66 39 279;

145 4556 127 37 Ireland,
296 4559 75 34 294;
398 4558 129 36 Austra,
554 4559 76 36 310;
659 4561 112 37 Russia,

143 4600 73 33 323;
239 4598 84 37 Italy,
338 4601 73 33 504;
438 4601 97 39 Spain,
561 4600 74 40 533;
663 4603 108 32 United

146 4641 105 35 States,
267 4641 58 32 820

184 4685 61 31 The
261 4695 85 21 wives
360 4685 55 32 and
433 4685 122 33 families
570 4686 32 33 of
632 4688 139 34 Peruvian

143 4729 121 32 soldiers
278 4729 107 42 always
402 4732 87 30 travel
509 4730 67 33 with
593 4732 88 39 tiVm,
713 4735 58 32 like

145 4773 50 30 the
231 4783 114 28 squaws
383 4775 54 28 and
478 4784 140 28 papoosos
656 4777 31 30 of
723 4780 49 28 the

145 4815 97 32 North
254 4816 16 27 A
281 4817 122 30 merican
415 4817 105 31 Indian
562 4817 89 33 Their
663 4831 110 28 powers

143 4869 50 21 are
219 4859 230 39 extraordinary.
504 4860 90 30 Often
621 4864 23 29 it
672 4863 26 31 is
724 4864 49 30 tha

143 4914 66 21 ease
224 4901 65 34 that
303 4902 67 32 thev
396 4904 55 31 will
479 4904 95 32 march
602 4909 111 41 twenty
740 4920 33 21 or

143 4947 93 39 thirty
254 4946 111 30 mi'es.a
393 4951 54 35 day
473 4959 70 18 over
566 4948 87 31 dust?
680 4954 84 27 roads

143 4989 137 38 carrying
294 4998 17 22 a
324 4989 75 32 child
416 5000 36 21 on
469 4989 76 34 their
568 4992 95 42 backs,
689 4994 66 33 with

144 5041 51 25 out
211 5036 66 29 food
294 5045 32 19 or
343 5040 96 25 water.

185 5079 83 37 Kirg
294 5076 144 34 Humbert
464 5079 33 31 of
523 5079 74 33 I'alv
627 5080 25 31 is
682 5080 89 43 thirty

143 5123 78 33 eiiiht
238 5132 85 31 years
339 5123 54 29 o.d.
452 5123 52 31 His
526 5128 61 26 tace
612 5125 158 43 hibitually

146 5177 89 21 wears
263 5177 17 20 a
308 5164 49 31 sad
387 5165 54 32 and
472 5167 85 31 sober
593 5170 176 38 expression.

145 5211 60 30 The
222 5221 62 18 rare
300 5210 83 29 unile
400 5210 89 30 which
507 5211 87 34 lights
621 5218 21 25 it
668 5224 24 18 is
718 5227 55 18 one

143 5255 33 30 of
200 5252 117 33 marked
346 5257 155 28 sweetness
527 5266 35 20 an
576 5257 5 28 I
612 5254 151 36 character

145 5299 55 29 His
213 5308 135 20 manners
360 5309 48 18 are
419 5306 156 26 courteous
631 5301 44 29 Me
689 5302 66 30 take-

143 5346 83 33 great
243 5346 119 26 interest
381 5340 27 31 in
426 5340 49 30 the
497 5342 151 33 education
675 5346 29 29 of
731 5345 41 31 his

140 5386 69 38 only
225 5396 60 22 son,
301 5395 17 19 a
333 5384 53 38 boy
402 5386 57 28 of't
479 5396 15 18 n
511 5396 92 28 years.

187 5429 243 37 Blotting-paper,
458 5429 149 30 saturated
644 5428 68 31 with
758 5440 13 20 a

143 5473 127 31 solution
287 5473 27 28 of
331 5471 92 33 oxa'ic
437 5474 62 30 tfcid
526 5474 56 30 and
608 5475 81 31 dried
715 5475 56 30 ™ili

141 5522 52 25 not
209 5516 68 36 only
294 5515 106 31 absorb
416 5515 48 30 the
479 5516 48 30 ink
546 5526 16 18 o
567 5520 7 17 f
590 5527 16 20 a
623 5517 69 38 blot,
721 5518 48 30 bu»

144 5561 56 30 will
218 5570 116 20 remove
350 5566 49 23 'he
416 5559 59 30 blot
496 5559 83 32 itself
600 5562 24 29 if
647 5562 49 29 the
723 5561 46 31 iilt

143 5605 70 30 does
242 5608 48 26 not
323 5602 116 31 contain
468 5603 99 34 indigo
595 5615 32 19 or
665 5605 108 31 at.iline

142 5649 102 31 colour
296 5650 31 29 It
343 5647 88 36 miyht
451 5648 33 30 be
499 5650 164 36 dangerous
679 5650 27 31 in
732 5661 30 19 re

145 5695 116 34 moving
296 5692 164 32 sigrahires
497 5694 72 28 from
613 5698 157 34 important

143 5748 111 25 papers,
271 5736 51 29 but
348 5734 49 29 ibe
423 5741 78 24 trace
525 5739 28 25 of
581 5735 51 30 the
658 5737 113 30 writing

143 5780 54 30 will
215 5780 118 32 remain,
348 5777 54 30 and
421 5790 51 19 can
499 5779 34 31 be
561 5780 81 31 made

143 5824 34 31 hv
194 5824 108 33 adding
327 5823 200 40 fcrrocyarude
554 5824 31 28 of
614 5823 157 41 potassium

139 5878 32 21 or
187 5867 84 40 gallic
284 5867 71 30 acid.

812 234 71 28 THE
1074 234 31 28 CHARGE
1110 234 10 28 OF
1133 234 76 27 THE
1229 234 204 27 HIGHLAND

812 262 621 36 BRIGADE.

837 368 87 27 There
944 368 109 37 spiritel
1073 368 77 31 lines,
1170 367 142 35 recording
1338 376 49 17 one
1408 367 28 26 of

806 406 43 30 the
875 414 72 21 most
971 407 109 35 stirring
1105 407 132 29 incidents
1259 407 27 27 in
1313 405 46 30 the
1380 405 52 30 late

804 445 151 35 campaign,
982 455 69 18 were
1077 447 106 26 written
1213 445 32 34 l»y
1273 445 105 26 Priv?ite
1401 445 30 26 T.

806 483 95 37 Slini',»,
916 483 29 29 of
955 483 45 30 tlie
1016 485 38 27 Ist
1071 483 136 30 llattdion
1222 482 109 30 Gordon
1348 482 66 34 High-

805 523 114 28 landers.
957 524 75 36 They
1047 534 67 18 were
1126 525 54 26 first
1194 523 104 37 printed
1314 528 26 23 at
1355 523 77 28 Cain,

806 561 38 27 for
858 562 157 27 circulation
1031 563 26 26 in
1074 563 45 27 the
1139 563 140 31 regiment,
1296 562 77 27 when
1388 561 42 27 Sir

805 599 68 27 Arch
888 599 59 27 lulil
963 600 103 27 Allison
1081 606 27 21 at
1117 600 180 31 oncereeogni
1316 599 31 27 el
1362 598 71 28 their

806 638 85 24 noetic
905 638 87 26 merit.
1031 638 75 34 Tiiey
1124 638 57 27 well
1197 637 110 27 deserve
1322 648 14 16 a
1352 636 82 28 w.der

804 675 155 27 eireula'ion
985 675 65 29 than
1077 675 58 29 that
1150 675 126 29 intended
1296 675 40 28 for
1359 675 73 28 them

806 714 33 34 by
853 714 45 26 the
913 715 106 31 author,
1041 715 60 27 who
1122 725 87 17 seems
1223 720 26 21 to
1265 715 29 26 be
1310 725 28 16 as
1352 714 81 34 ready

805 751 63 28 with
883 751 45 28 the
943 762 49 26 pen
1007 763 29 16 as
1051 752 32 28 he
1098 754 21 25 is
1134 753 64 27 with
1215 752 44 28 the
1274 751 87 30 sWol'd
1375 760 40 19 :

809 809 124 27 Hurrah!
955 819 45 17 mv
1022 809 66 31 lad-,
1103 810 42 27 old
1162 809 153 27 Scotland's
1329 808 106 37 plumes

839 847 31 25 In
886 847 121 34 triumph
1023 848 59 25 well
1098 857 61 23 may
1175 856 74 17 wave
1261 856 6 21 ;

806 885 57 29 And
879 885 113 39 proudly
1008 895 62 29 may
1083 885 44 30 oil
1143 884 226 38 Eugland'boast,

842 927 55 26 Her
911 936 61 16 sous
987 927 61 26 both
1065 929 113 24 staunch
1195 927 53 26 and
1265 927 78 26 brave
1359 936 5 20 ;

806 963 58 27 And
877 963 128 27 Ireland's
1013 963 156 37 pride—the
1179 963 80 28 brave
1267 962 165 35 Eighteenth

832 1001 78 29 •Who
924 1012 82 18 never
1018 1008 44 29 yet
1077 1002 77 27 knew
1172 1002 89 27 fear—

807 1038 96 28 Struck
917 1043 85 23 terror
1015 1044 27 22 to
1057 1040 44 26 the
1115 1040 68 26 rebel
1200 1040 90 25 hearts

840 1077 71 29 That
924 1078 82 28 heard
1021 1079 70 27 their
1103 1077 131 37 charging
1248 1078 87 28 cheer.

809 1117 107 27 Hurrah
929 1118 6 26 1
959 1118 115 26 hurrah!
1096 1118 45 25 the
1160 1116 138 32 Mighlaud
1312 1116 66 28 steel

841 1155 39 27 Its
894 1155 96 35 bloody
1006 1155 71 26 work
1093 1155 15 26 h
1121 1165 20 16 is
1155 1155 68 26 done
1235 1162 6 24 ;

806 1193 59 27 And
882 1196 47 25 fast
944 1193 53 28 and
1013 1198 38 23 far
1064 1194 51 27 the-
1124 1193 86 28 rebeU
1220 1192 59 32 hVe,

840 1231 53 26 For
906 1231 206 26 Tel-el-Kebii's
1130 1240 55 17 vvon
1201 1231 4 26 !

807 1303 86 26 'Twas
907 1311 33 18 on
956 1303 45 26 the
1016 1303 115 31 evening
1144 1303 30 25 of
1187 1302 44 27 the
1246 1301 104 28 twelfth

841 1339 47 27 We
902 1339 102 28 formed
1020 1348 70 28 upon
1106 1338 107 38 parade,

806 1378 59 27 And
881 1379 111 26 Allison,
1007 1379 25 27 in
1051 1379 85 27 words
1152 1377 50 28 like
1217 1377 84 33 these,

839 1416 151 26 Addressed
1004 1416 42 28 his
1060 1416 80 27 brave
1155 1416 63 31 lirig
1227 1415 41 27 ide
1280 1423 5 17 :

833 1454 48 38 My
890 1453 84 36 lad*,''
995 1454 33 29 he
1039 1455 66 33 said,
1152 1464 49 18 our
1209 1454 56 28 foes
1275 1463 45 19 are
1330 1456 101 33 strong.

839 1494 81 26 Their
933 1495 125 25 trenches
1072 1494 67 26 wide
1154 1494 52 26 and
1220 1492 76 35 deep,

806 1531 59 27 And
879 1531 41 29 far
933 1531 54 28 and
1001 1541 64 17 near
1079 1541 88 18 across
1181 1531 46 27 the
1241 1530 74 35 plain

841 1570 50 27 His
905 1571 86 34 heavy
1004 1579 69 25 guns
1087 1580 49 17 can
1148 1578 87 27 s'veep
1247 1577 6 25 ;

807 1609 34 27 So
854 1609 138 37 stealthily
1006 1608 53 29 and
1074 1607 109 39 silently

840 1649 56 27 Our
908 1659 60 25 way
981 1648 119 34 to-night
1114 1649 69 27 we'll
1196 1647 58 31 feel,

807 1686 59 26 And
880 1686 74 31 then,
969 1695 44 17 ere
1027 1686 94 26 dawns
1136 1686 44 26 the
1196 1685 126 34 morning
1339 1683 77 37 light,

840 1723 81 38 Upon
935 1724 74 29 them
1025 1723 64 30 with
1104 1724 44 28 the

806 1793 42 28 No
862 1793 79 28 cheer
954 1803 75 18 arose
1043 1793 167 34 throughout
1220 1793 46 26 the
1281 1788 75 36 rank',

842 1833 51 27 For
906 1833 98 28 silence
1020 1843 54 16 was
1087 1833 46 26 the
1147 1832 71 27 word
1231 1842 5 23 ;

806 1869 55 29 But
875 1870 104 36 plainer
992 1871 54 27 still
1060 1871 71 26 their
1143 1870 70 26 faces
1228 1868 55 28 told

841 1909 71 28 How
926 1908 66 33 deep
1007 1908 70 29 their
1091 1909 90 27 hearts
1195 1917 68 19 were
1277 1906 95 29 stirred
1385 1915 5 25 ;

807 1947 60 26 And
879 1948 85 26 round
976 1948 70 26 their
1054 1947 150 27 well-loved
1216 1948 160 25 Chieftain's
1385 1946 50 35 lips

841 1985 57 29 The
912 1985 77 29 smile
1004 1985 59 29 that
1077 1984 114 39 proudly
1201 1984 96 39 played

808 2025 63 29 Said
885 2026 105 35 plainer
1002 2026 42 27 far
1056 2026 65 27 than
1134 2026 88 27 words
1235 2024 80 29 could
1329 2033 58 27 say,

870 2064 13 25 I
897 2068 69 22 trust
980 2072 46 26 ray
1040 2063 82 26 brave

809 2099 51 36 R'g
873 2105 19 24 it
904 2100 62 29 well
980 2101 33 28 he
1027 2100 77 29 knew
1119 2100 42 27 his
1174 2098 143 35 Highland
1330 2099 58 28 lads

841 2139 79 28 Were
934 2140 103 35 steady,
1052 2139 89 33 brave,
1156 2139 52 27 and
1224 2145 67 26 true,

807 2178 61 27 And
882 2188 70 18 none
967 2178 79 28 could
1060 2179 85 27 better
1158 2178 33 26 do
1206 2177 45 29 the
1265 2176 75 29 work

842 2216 67 28 Laid
924 2223 46 21 out
983 2217 41 27 for
1038 2216 74 28 them
1127 2222 27 22 to
1168 2216 43 27 do.

807 2287 61 29 And
882 2287 65 30 then
962 2286 175 31 commenced
1152 2285 59 30 that
1225 2284 80 31 silent
1318 2284 94 30 march

842 2328 96 25 Across
952 2327 45 26 the
1011 2327 90 26 desert
1114 2327 66 25 sand
1194 2334 6 24 ;

809 2364 40 28 No
863 2364 86 28 sound
963 2369 93 31 except
1070 2364 45 28 the
1130 2363 116 36 stealthy
1260 2362 85 33 tread,

842 2403 37 27 Or
891 2404 60 30 low,
967 2402 175 28 half-hushed
1155 2402 157 28 command.

808 2440 22 28 A
842 2446 53 22 rest
898 2440 88 28 —and
1001 2440 63 28 then
1080 2449 66 19 once
1160 2448 74 20 more
1248 2448 34 19 on
1297 2440 64 33 loot,

845 2480 122 28 Without
980 2492 15 16 a
1009 2480 87 28 sound
1110 2490 30 18 or
1153 2479 70 35 sign,

809 2517 60 28 Still
884 2519 85 26 closer
982 2525 26 20 to
1022 2519 46 26 the
1082 2518 97 34 deadly
1195 2517 96 27 trench

843 2556 110 27 Pressed
967 2566 34 17 on
1017 2556 45 27 the
1078 2555 56 28 thin
1150 2555 45 27 red
1210 2555 64 26 line.

809 2594 67 29 Now
891 2595 106 30 silence,
1012 2595 109 32 silence,
1135 2604 34 18 on
1183 2603 67 27 your
1261 2594 75 33 lives,

844 2634 41 27 No
899 2635 74 26 word
986 2634 84 28 above
1083 2643 69 26 your
1166 2634 92 26 breath
1270 2641 6 24 ;

809 2672 23 28 li
847 2676 46 24 but
907 2672 69 28 their
988 2682 119 23 gunners
1121 2672 83 27 found
1218 2681 31 17 us
1261 2680 63 18 now

843 2711 121 28 Twould
978 2720 80 18 mean
1070 2722 14 16 a
1096 2709 137 38 sweeping
1244 2708 90 29 death.

1364 2748 18 25 t

809 2783 33 26 At
857 2782 51 27 last
923 2791 67 24 rang
1002 2787 47 22 out
1063 2781 71 28 their
1146 2781 81 33 bugle
1241 2784 77 24 notes

846 2820 78 36 Upon
939 2820 44 28 the
999 2820 125 34 morning
1138 2819 48 31 air,

810 2858 62 28 And
886 2860 26 27 in
926 2858 45 29 the
986 2858 90 36 gloom
1091 2858 45 28 the
1151 2856 57 30 rifle
1222 2855 70 31 flash

842 2896 67 29 Told
920 2907 32 17 us
962 2897 46 27 the
1023 2897 40 27 foe
1077 2906 56 17 was
1147 2896 84 26 there.

809 2936 57 26 One
879 2935 127 27 instant's
1019 2943 83 26 pause
1117 2938 26 23 to
1159 2934 36 27 fix
1209 2942 49 19 our
1271 2933 76 33 steel,

844 2976 57 24 One
916 2975 104 25 instant
1021 2973 100 34 —only
1135 2982 60 20 one,

807 3011 61 28 And
882 3011 65 28 with
962 3021 15 17 a
991 3011 80 27 cheer
1084 3010 60 27 that
1158 3013 59 24 rent
1231 3009 46 28 the
1291 3009 49 34 air,

842 3050 56 27 The
915 3049 183 35 Highlanders
1111 3048 97 27 rushed
1224 3057 34 17 on
1271 3056 6 25 ;

807 3088 60 27 And
875 3098 66 17 soon
954 3088 69 27 their
1030 3087 118 34 flashing
1154 3086 130 36 bayonets
1296 3086 140 36 quenched

841 3127 57 25 The
913 3126 85 31 living
1011 3126 81 25 chain
1105 3127 29 24 of
1145 3125 56 25 fire.

807 3162 110 30 Hurrah
930 3162 6 30 !
956 3162 45 29 the
1014 3162 130 29 foremost
1158 3160 93 30 trench
1266 3161 22 28 is
1301 3170 72 27 won,

840 3203 57 27 The
910 3202 74 28 rebel
997 3202 109 28 hounds
1120 3206 87 23 retire.

808 3275 52 27 Rut
873 3273 121 34 onward,
1008 3272 111 30 onward
1133 3276 27 25 to
1174 3272 46 29 the
1235 3275 80 31 Iront,

839 3314 128 26 Advance
981 3322 47 25 my
1043 3311 118 28 Scottish
1174 3321 63 17 sons
1249 3320 6 23 ;

806 3350 137 35 Although
957 3352 98 36 you've
1068 3350 49 28 left
1131 3349 41 29 his
1186 3349 125 29 trenches
1323 3349 80 36 clear,

838 3390 104 27 You've
955 3394 45 31 yet
1014 3392 26 24 to
1055 3389 61 26 take
1129 3388 44 27 his
1181 3397 79 24 guns.

806 3427 48 30 See
868 3428 61 28 how
944 3427 42 29 his
1000 3426 94 30 cursed
1108 3425 71 30 rebel
1194 3426 62 29 shot

838 3468 135 32 Amongst
985 3477 32 18 us
1030 3467 100 35 plough
1148 3467 44 27 the
1205 3466 116 35 ground,

804 3505 61 26 And
879 3505 55 26 still
948 3505 42 26 his
1004 3503 163 29 ill-directed
1180 3503 69 27 shell

838 3544 52 28 Are
904 3542 125 36 bursting
1041 3542 36 28 all
1088 3540 104 30 around
1205 3550 6 25 ;

804 3582 122 27 Another
939 3582 108 32 charge,
1061 3580 115 27 another
1189 3581 88 30 cheer,

837 3619 63 29 And
913 3618 74 30 stark
1001 3617 43 30 his
1057 3628 120 24 gunners
1191 3617 53 37 lay,

804 3659 90 27 While
909 3659 75 34 redly
1006 3657 123 34 gleamed
1145 3667 49 17 our
1213 3657 118 35 bayonet
1345 3657 91 29 blades

838 3697 43 26 All
894 3697 29 26 in
936 3696 45 27 the
994 3695 124 34 bursting
1132 3695 62 34 day.

806 3768 59 26 And
880 3777 70 21 now,
966 3775 47 27 my
1025 3766 102 35 gallant
1143 3765 141 36 Highland
1297 3766 68 33 lads,

839 3806 57 27 The
912 3805 104 36 victory
1029 3805 22 27 is
1065 3813 61 19 won
1141 3803 6 28 !

805 3846 55 26 Oil-
877 3843 96 29 Indian
988 3848 91 31 troops
1094 3842 60 29 take
1168 3851 36 27 up
1215 3843 116 35 pursuit,

840 3883 74 26 Your
926 3881 75 28 work
1014 3882 22 25 is
1049 3881 100 27 almost
1164 3881 78 26 done.

806 3921 66 29 See!
892 3920 61 30 how
966 3930 90 19 across
1072 3918 43 31 the
1129 3918 89 31 desert
1232 3923 82 26 waste

841 3961 33 26 In
887 3965 86 23 terror
986 3960 82 27 white
1082 3959 65 36 they
1161 3959 38 35 fly
1210 3968 6 24 ',

806 3999 36 26 Or
855 3999 113 34 gasping
981 4007 34 17 on
1030 3998 45 27 the
1089 3997 199 28 blood-stained
1301 3999 76 33 sand,

840 4037 33 27 Iu
887 4036 103 28 riddled
1005 4035 84 37 heaps
1098 4035 64 36 they
1176 4036 42 28 lie.

807 4075 53 26 For
872 4073 188 28 Alexandria's
1073 4074 132 35 butchery

840 4112 21 26 A
875 4111 97 27 double
986 4111 62 27 debt
1061 4111 66 36 they
1140 4121 62 26 pay.

805 4150 31 34 0,
852 4151 106 27 victims
971 4149 30 29 of
1011 4150 70 28 their
1095 4149 98 29 hellish
1208 4150 71 34 hate,

840 4190 98 28 You're
954 4189 58 28 well
1025 4189 122 35 avenged
1160 4191 110 35 to-day!

805 4258 58 28 God
878 4262 54 24 rest
945 4258 45 28 the
1004 4258 103 35 gallant
1121 4259 71 28 souls
1207 4259 58 29 that
1277 4260 46 30 fell

842 4297 30 29 In
887 4297 58 29 that
959 4297 79 29 fierce
1053 4298 52 28 and
1119 4297 99 37 bloody
1234 4299 77 37 tight,

805 4337 88 27 While
907 4336 125 36 bringing
1046 4337 101 28 British
1163 4339 81 34 pluck
1257 4344 27 22 to
1298 4339 65 28 bear

837 4376 113 32 Against
965 4376 45 27 the
1024 4375 70 28 rebel
1110 4376 103 34 might;
1322 4377 111 37 [grieve,

806 4414 57 27 And
877 4414 104 35 though
1003 4415 71 28 their
1094 4415 102 28 friends
1218 4415 55 29 and
1293 4417 140 29 comrades

838 4453 60 27 Still
912 4454 117 32 glorious
1044 4455 42 25 'tis
1097 4457 27 24 to
1136 4453 55 30 tell,

805 4490 51 29 For
868 4500 82 26 every
964 4492 140 35 Highland
1119 4492 76 28 heart
1208 4492 83 29 that's
1303 4494 55 28 still

835 4530 23 28 A
873 4530 122 29 hundred
1009 4530 86 29 rebels
1110 4531 53 28 tell.

804 4570 57 25 And
876 4570 113 34 proudly
1004 4570 52 26 will
1072 4570 45 26 the
1134 4571 97 27 Scotch
1247 4572 90 31 recall,

835 4606 61 27 And
911 4606 64 32 long
989 4607 45 27 the
1048 4607 85 27 rebels
1147 4617 57 21 rue,

809 4644 48 27 The
872 4643 148 32 thirteenth
1034 4645 29 27 of
1074 4645 168 35 September,

837 4682 133 34 Eighteen
985 4683 124 26 hundred
1123 4684 54 27 and
1192 4683 170 36 eighty-two.

863 4765 88 27 WHY
971 4765 77 27 THE
1068 4765 143 28 EDITOR
1232 4767 140 28 SWORE.

836 4840 74 28 With
926 4849 15 19 a
955 4839 99 29 terrific
1069 4841 59 27 cold
1142 4842 26 27 in
1183 4842 42 27 his
1241 4842 78 32 head,

872 4878 59 27 And
947 4877 41 29 his
1002 4877 117 38 eyeballs
1133 4878 89 37 heavy
1236 4880 54 28 and
1305 4891 69 24 sore,

835 4917 57 29 The
907 4917 85 29 editor
1006 4922 41 24 sat
1061 4918 27 27 in
1102 4927 15 19 a
1133 4917 99 30 broken
1246 4919 83 34 chair,

868 4957 43 25 An
922 4957 9 25 I
946 4956 117 34 bitterly,
1078 4957 136 34 earnestly
1228 4967 93 18 swore.

836 5017 23 30 A
872 5016 85 38 youth
973 5016 52 30 had
1041 5016 119 39 dropped
1175 5017 26 28 in
1216 5017 66 30 with
1298 5030 14 18 a
1326 5030 89 28 poem,

870 5059 22 24 A
907 5066 64 17 man
987 5066 54 17 was
1054 5057 75 26 there
1144 5056 64 28 with
1223 5068 14 16 a
1253 5058 64 31 dun,

836 5094 60 28 And
910 5105 16 17 a
939 5094 70 37 chap
1023 5094 54 28 had
1091 5095 109 28 entered
1216 5099 26 25 to
1257 5096 45 28 tell
1315 5096 60 29 him

870 5135 68 25 How
953 5134 46 26 the
1013 5143 83 26 paper
1108 5135 86 34 ought
1209 5141 26 20 to
1249 5136 31 26 be
1293 5145 52 17 run

836 5204 40 27 An
891 5203 66 28 irate
971 5203 150 27 suhscribn-
1133 5204 54 27 had
1201 5204 57 28 told
1270 5205 58 27 him

870 5242 71 26 That
955 5242 41 25 his
1009 5241 75 27 sheet
1099 5244 95 25 was'nt
1209 5243 31 25 fit
1254 5247 26 23 to
1294 5242 31 28 be
1340 5244 73 29 read,

836 5280 89 29 While
941 5279 115 30 another
1070 5279 52 30 had
1137 5281 128 32 carefully
1279 5283 135 36 promised

870 5319 38 27 To
922 5319 89 35 punch
1026 5319 45 26 the
1085 5319 109 26 editor's
1206 5320 78 26 head.

836 5389 57 25 The
907 5389 120 25 foreman
1043 5398 54 16 was
1110 5388 102 33 yelling
1227 5389 40 25 for
1280 5399 79 26 copy,

870 5425 57 26 The
941 5425 71 27 wind
1027 5424 125 28 whistled
1166 5425 26 27 in
1208 5430 27 23 at
1249 5426 45 27 the
1309 5426 66 28 door
1390 5435 6 26 ;

835 5464 61 29 And
911 5463 62 29 this,
988 5462 64 31 with
1068 5474 14 18 a
1096 5463 49 30 few
1160 5463 77 30 o'her
1251 5475 119 23 reasons,

872 5505 28 24 Is
913 5503 62 34 why
990 5503 45 26 the
1049 5503 85 26 editor
1148 5513 93 16 swore.

836 5570 55 29 But
905 5569 45 28 the
964 5569 77 32 angel
1057 5569 59 27 who
1130 5569 63 28 took
1207 5571 18 26 it
1240 5575 28 22 to
1282 5571 115 28 Heaven

872 5607 137 29 Recorded
1025 5607 53 28 this
1093 5607 101 29 verdict
1208 5609 74 27 there
1296 5618 6 24 ;

865 5647 57 27 The
933 5648 61 34 jury
1009 5647 65 29 find,
1089 5647 25 26 in
1131 5647 45 28 the
1190 5653 106 30 present
1310 5659 70 23 case,

870 5686 87 27 'Tw.is
970 5695 17 18 a
1000 5691 68 21 most
1081 5686 146 34 justifiable
1241 5696 85 17 swear

1341 94 115 41 THE
1514 97 183 44 LYELL
1752 104 183 47 TIMES,
1992 108 305 48 SATURDAY,
2357 111 294 41 FEBRUARY
2706 125 58 31 20.
2823 112 90 39 iSSfi

3453 5751 108 27 Printed
3577 5752 52 27 and
3645 5752 146 37 published
3812 5752 35 36 by
3864 5753 47 26 tlie
3926 5751 159 37 proprietor,

3484 5789 105 29 Wiilter
3603 5789 94 29 Atfc'n.
3711 5796 25 22 at
3754 5791 45 27 Hie
3819 5791 155 33 leistered
4000 5791 83 27 Office

3484 5828 78 27 ottlie
3818 5829 66 27 Cliff
3889 5831 59 25 Stir
3961 5834 26 21 -t.
3999 5828 85 35 I.yrll,

3484 5866 111 28 Conntv
3609 5866 30 29 of'
3651 5867 101 28 r»uller,
3763 5866 99 29 Coloin
3884 5870 23 25 ol
3925 5867 64 27 N.Z.

1537 227 173 38 Westport
1727 232 303 34 Advertisements.

1462 302 334 61 GILMER'S
1851 307 240 62 HOTEL

1701 409 157 30 WZSTPORT,

1486 477 145 40 Corner
1659 477 42 40 of
1729 477 239 45 Palmerston
1995 484 74 40 and

1579 535 211 39 Wakefield
1819 538 158 47 Streets,

1500 623 242 31 CONVENIENT
1765 630 27 25 to
1812 627 46 28 the
1872 627 154 38 Telegraph
2039 630 52 28 and

1502 667 9 13 '
1554 665 61 26 Post
1631 665 107 31 Offices,
1752 665 54 28 and
1820 667 94 35 nearly
1929 668 122 35 opposite
2066 672 26 24 to

1465 704 31 26 lie
1512 702 75 28 P.M.
1603 705 85 26 Court
1703 705 54 28 and
1778 705 79 28 lI.M.
1873 707 138 27 Customs.

1465 812 178 38 Gilmer's
1665 813 173 39 Masonic
1865 815 129 46 Hotel,

1980 876 66 21 NKLF

1465 905 178 41 Gilmer's
1670 907 129 48 Hotel,

1914 970 131 20 GRKYMoU

1465 998 176 39 Gilmer's
1663 1001 120 49 Royal
1804 1000 84 39 Oak
1911 1002 128 45 Hotel,

1902 1062 189 21 WELLINGTON.

1498 1166 75 30 Good
1596 1167 236 31 accommodation
1853 1168 40 29 for
1914 1169 178 32 Commercial

1463 1206 159 28 Travellers,
1636 1208 66 27 with
1716 1209 104 34 sample
1833 1219 91 17 rooms
1938 1210 138 35 provided.

1496 1244 23 26 A
1547 1244 85 36 Night
1656 1246 96 26 Porter
1776 1246 101 36 always
1903 1256 34 18 on
1964 1248 46 27 the
2036 1257 42 27 pre-

1463 1283 90 27 mises.

1496 1318 127 36 ]k>oliin#
1643 1323 83 26 Office
1746 1323 41 27 for
1800 1324 45 26 the
1858 1325 169 26 Charleston.
2041 1326 34 26 Ad-

1471 1359 103 34 lison's,
1592 1360 111 29 Keefton
1717 1361 54 28 and
1791 1361 78 37 Lyell
1883 1362 130 29 Coaches.

1498 1400 74 25 Good
1589 1400 125 31 stabling,
1731 1401 65 26 with
1811 1402 75 33 eight
1907 1403 78 26 horse
2008 1403 84 32 stalls,

1465 1436 125 29 attached
1604 1441 27 24 to
1645 1437 45 29 the
1706 1438 138 37 premises.

1669 1497 120 29 JOHN
1811 1497 189 38 GILMER,

1897 1541 163 37 Proprietor.

1528 1625 24 54 J
1557 1676 8 10 m
1653 1625 240 62 gTRUT
1912 1627 87 40 HE
2020 1627 31 42 R
2072 1629 20 41 S

1606 1721 88 33 HAS
1712 1721 64 33 ON
1796 1720 151 38 SALS-

1513 1797 236 52 Corrugated
1772 1798 97 46 Iron,

1513 1860 201 38 Crockerv.

1515 1922 322 51 Paperhangings,

1514 1985 131 41 White
1667 1986 118 49 Lead,

1514 2053 94 42 Oils,

1514 2113 221 45 Varnishes,

1515 2178 124 38 Doors
1654 2179 74 38 and
1749 2178 153 47 Sashes,

1516 2241 168 52 Cutlery,

1516 2306 436 50 Cutlery-Electroplate
1971 2322 7 31 ;
2008 2307 74 38 and

1516 2368 125 39 Brush
1645 2382 110 25 ware.

841 5780 59 28 Tho
929 5779 101 29 official
1062 5779 101 30 roloiir
1192 5779 32 29 <-f
1255 5779 109 31 Kr;mc»
1408 5792 20 18 •$

804 5824 109 35 v#llow,
943 5822 87 40 Fpain
1062 5823 58 36 red,
1151 5822 148 40 Germany
1339 5823 93 36 White,

806 5868 69 31 lialv
895 5877 87 23 L'reen

1505 2498 318 37 PALMEHSTON
1868 2499 192 45 STREET,

1679 2559 212 28 WESTPOIIT.

1503 2643 287 59 Thomas
1819 2643 244 71 James,

1467 2951 59 38 All
1559 2950 252 51 descriptions
1830 2950 42 39 of
1900 2951 196 52 Saddlery,

1517 3014 183 46 Harness,
1721 3015 110 50 Long
1842 3014 75 38 and
1937 3015 114 38 Short

1567 3077 200 51 Leggings,
1840 3077 158 51 Plough,

1613 3139 30 38 &
1665 3139 106 38 Back
1798 3140 152 47 Chains,

1661 3202 157 47 Traces,
1837 3205 64 36 &c.

1468 3332 111 36 Repairs
1593 3332 101 37 Neatly
1707 3332 54 28 and
1783 3333 144 38 Promptly
1950 3333 148 29 Executed.

1469 3445 172 38 Up-country
1654 3445 92 29 orders
1765 3445 140 38 promptly
1919 3445 129 31 attended
2062 3450 36 26 to.

1465 3558 48 28 ON
1536 3558 203 29 SALE—Steel
1772 3558 136 34 Polished,
1940 3560 53 27 and
2025 3561 73 27 Solid

1534 3597 89 25 Silver
1651 3598 69 27 Bits,
1753 3598 131 33 Stirrups,
1917 3598 53 26 and
2004 3598 94 36 Spurs,

1534 3634 102 37 Riding
1659 3634 122 35 Saddles,
1807 3635 69 29 Pack
1901 3636 122 33 Saddles,
2046 3638 52 28 and

1536 3674 96 33 Whips
1645 3674 30 26 of
1689 3674 36 27 all
1738 3674 187 34 descriptions.

1660 3891 367 56 ££•)=*='

1676 4005 208 34 IMPORTER,

1465 4097 312 31 TX7UOLKSALB
1806 4099 127 36 WINE,
1962 4099 117 30 SPIRT

1562 4259 196 38 Provision
1780 4259 215 38 Merchant.

1502 4463 317 39 PALMERSTQN
1863 4464 192 43 STREET,

1673 4560 213 26 WESTPORT.

1580 4791 156 35 PETER
1764 4791 211 45 MULVAY,

1499 4877 208 37 ILUMBBR,
1739 4878 236 33 TINSMITH,
2006 4879 85 28 AND

1634 4916 221 35 GASFITTER,
1868 4916 55 31 aucl

1540 4998 473 50 COPPERWOKKER,

1493 5115 214 38 Palmerston
1734 5115 120 45 Street,
1875 5116 185 46 Westport,

1577 5221 133 36 (Opposite

1768 5371 31 28 of
1827 5371 174 31 [Iollmv!w,
2017 5371 47 31 Tin-

1500 5416 113 28 smiths'
1632 5416 111 34 (r;oii«,
1761 5416 53 26 mid
1841 5415 208 39 Ironmongery

1659 5459 69 38 kept,
1752 5469 26 21 id
1802 5458 93 31 stock.

1590 5595 22 26 A
1627 5595 86 33 L?irge
1728 5594 198 32 Consignment
1939 5594 30 27 of

1504 5661 185 39 STOVES
1716 5660 102 39 AND
1854 5661 196 40 RANGES

1669 5748 59 19 NOW
1748 5748 32 18 TO
1800 5747 84 20 HAND.

1568 5873 68 27 lif
1646 5870 42 29 All
1710 5870 82 29 Work
1808 5870 181 30 Guaranteed.

2200 239 145 29 Reefton
2373 240 292 30 Advertisements

2239 319 53 38 W.
2335 317 302 50 HINDMARSH,

2126 439 319 33 OHAREBEOKKIt,
2473 442 48 26 MI
2533 442 73 26 XIN
2618 442 32 31 G,
2676 442 77 26 AND

2212 517 165 39 General
2404 519 259 38 Commission

2372 609 135 50 Agent,

2155 738 288 49 BROADWAY,
2474 739 244 49 REEFTON,

2244 847 140 35 (Opposite
2403 847 135 27 Southern
2554 847 80 28 Cross

2386 904 102 32 Hotel.)

2124 987 338 60 Dawson's
2528 989 223 72 Hotel,

2218 1091 223 37 BROADWAY,
2471 1093 184 31 BEEFTOX.

2178 1205 33 27 lie
2232 1206 235 28 accommodation
2491 1209 124 34 supplied
2638 1209 36 34 Uy
2700 1210 53 27 this

2212 1242 84 27 house
2310 1249 101 22 cannot
2427 1245 29 26 he
2471 1246 144 33 surpassed
2638 1246 26 28 iu
2688 1248 65 26 New

2123 1279 127 31 Zealand.

2125 1383 172 51 Booking
2333 1388 120 38 Office
2490 1389 55 38 for
2581 1390 171 39 Mitchell

2171 1438 75 39 and
2292 1441 231 53 Campbell's
2584 1444 119 47 Royal

2222 1493 94 40 Mail
2348 1499 95 36 Line
2467 1498 40 38 of
2535 1500 96 49 Grey-

2274 1551 132 39 mouth
2424 1552 187 39 Coaches.

2157 1684 66 25 This
2237 1684 82 26 Hotel
2335 1684 22 25 is
2382 1685 58 25 well
2464 1684 100 26 known
2588 1685 165 31 throughout

2125 1720 65 30 New
2206 1720 117 29 Zealand
2339 1721 39 29 for
2398 1720 34 29 its
2453 1721 233 30 accommodation
2702 1722 51 28 and

2124 1761 179 28 convenience
2317 1761 40 27 for
2376 1763 111 25 tourists
2506 1761 55 27 and
2581 1761 172 28 commercial

2124 1797 146 28 travellers.

2320 1846 123 37 JOHN
2466 1846 211 44 DAWSON,

2557 1898 164 36 Proprietor.

2284 1982 308 33 STEVENSON'S

2127 2047 365 58 IVTGaffin's
2530 2047 225 71 Hotel,

2227 2149 224 34 BROADWAY,
2473 2149 185 29 REEFTOX.

2173 2281 74 29 ■HIS
2263 2280 179 37 Magnificent
2454 2281 85 31 Hotel
2552 2281 55 30 will
2630 2281 31 31 be
2675 2281 85 30 found

2214 2322 103 35 replete
2330 2323 67 26 with

2220 2395 91 19 EVERY
2330 2395 126 19 COMFORT
2475 2395 55 20 AND
2550 2396 117 19 MODERN

2340 2434 205 18 CONVENIENCE.

2160 2540 131 31 Tourists,
2317 2540 175 27 commercial
2523 2540 151 31 travellers,
2706 2540 54 28 an<l

2126 2578 92 27 others
2228 2578 54 28 will
2297 2578 62 28 here
2374 2578 56 28 find
2446 2587 80 26 every
2540 2578 137 29 attention
2688 2587 54 19 com-

2126 2617 81 28 bined
2221 2617 65 28 with
2302 2617 81 29 home
2397 2617 137 29 comforts.

2127 2729 156 41 Booking
2301 2729 106 33 Office
2420 2730 52 31 for
2484 2730 170 32 Newman
2667 2730 93 32 Bros'

2153 2777 108 37 Royal
2274 2777 86 30 Mail
2373 2777 86 30 Line
2474 2775 38 32 of
2520 2777 132 30 Nelson
2665 2777 70 30 and

2268 2820 174 39 Westport
2456 2820 162 32 Coaches.

2187 2912 160 39 JAMES
2392 2913 305 46 STEVENSON,

2352 2974 180 19 PROPRIETOR.

2159 3130 287 45 BROADWAY,
2479 3130 247 38 REEFTON.

2159 3259 252 33 10MMEJICIAL
2431 3259 164 31 Travellers,
2621 3259 139 34 Families,

2145 3294 31 26 -)
2216 3301 53 25 find
2291 3300 47 27 the
2359 3300 90 35 public
2468 3299 140 36 generally
2629 3300 56 27 will
2706 3300 53 27 find

2127 3336 54 29 this
2195 3337 174 28 well-known
2389 3337 85 28 Hotel
2492 3337 77 28 fitted
2590 3336 66 29 with
2679 3346 81 29 eyery

2127 3375 112 30 modern
2253 3386 69 18 eonv
2340 3386 95 18 mence
2446 3375 55 28 and
2514 3375 194 37 requirement.

2175 3491 86 36 The
2293 3491 257 48 Proprietress
2581 3492 31 35 is
2637 3492 102 36 deter-

2127 3543 127 39 mined
2282 3549 38 33 to
2341 3557 108 37 spare
2469 3556 49 26 no
2538 3558 163 37 expense
2722 3544 36 39 in

2127 3598 153 45 making
2300 3598 74 37 this
2397 3598 115 37 Hotel
2534 3598 225 45 thoroughly

2126 3653 111 51 equal
2257 3661 38 30 to
2315 3652 48 38 all
2383 3652 286 50 requirements.

2126 3781 90 33 Local,
2237 3781 125 28 Colonial
2387 3782 53 27 and
2468 3782 89 27 Home
2703 3783 55 27 and

2246 3819 161 38 periodicals
2420 3819 137 38 regularly
2570 3820 72 29 filed.

2292 3877 150 39 ALICE
2470 3878 236 45 NEVILLE,

2565 3941 192 35 Proprietress.

2952 242 118 28 Public
3089 243 150 28 Notices.

2916 320 128 40 JOHN
3090 319 187 49 MUXIU),

2841 450 176 28 EXEHAL
3049 451 246 27 MERCHANT
3326 452 88 26 AND

2997 527 206 36 IMPORTER,

2883 641 240 39 Palmerston
3179 643 137 46 Street,

2994 762 216 28 WESTPORT.

2830 861 245 31 JOHNSTON
3103 862 27 30 &
3156 862 215 30 WATKINS

3000 940 107 26 CIVIL
3126 941 79 25 AND

2874 1014 68 28 IXf
2958 1015 20 27 X
2989 1015 24 27 G

3159 1016 21 26 X
3196 1016 21 28 G
3230 1016 11 27 I
3257 1017 20 25 X
3290 1016 22 28 E
3328 1016 19 26 E
3360 1015 22 27 It
3394 1014 28 33 S,

2973 1100 179 22 AUTHORISED
3176 1102 55 19 AND

2789 1144 276 39 LICENSED
3093 1143 328 40 SURVEYORS

2788 1237 127 30 'A'orkiinj
2944 1237 80 26 Plans
3046 1237 54 26 and
3129 1237 105 26 Details
3260 1237 30 26 of
3316 1235 108 33 Miinng

2818 1275 162 37 Machinery
2996 1275 130 38 prepared
3138 1274 54 30 and
3203 1275 45 28 the
3260 1274 129 29 Erection

2870 1316 107 34 Mining
2994 1315 158 35 Machinery
3167 1315 170 35 supervised.

2784 1392 118 33 Surveys
2916 1392 42 26 for
2969 1391 109 33 Mining
3088 1390 167 36 Companies
3265 1390 158 28 contracted

2785 1431 37 25 tor
2836 1428 34 38 by
2885 1430 45 26 the
2944 1439 73 26 year.
3056 1431 120 32 Surveys
3187 1430 81 26 made
3279 1428 87 27 under
3378 1428 45 27 the

2956 1468 80 29 Land
3050 1468 128 29 Transfer
3189 1470 61 26 Act.

3034 1545 118 28 Address
3165 1554 6 19 :

2787 1585 165 28 Broadway.
2974 1585 151 32 R-REFfON;
3154 1593 55 19 and
3237 1584 188 29 Commercial

2989 1624 109 31 Hotel,
3119 1624 91 29 Lvkli

2819 1700 293 27 N.R.—lnstructions
3126 1701 46 27 left
3187 1707 28 20 at
3229 1700 90 28 Times
3332 1700 92 32 Ofliee,

2786 1746 12 20 I
2809 1738 63 33 yell,
2887 1737 53 31 will
2955 1740 105 28 receive
3069 1739 160 29 ininiediate
3243 1738 147 30 attention.

2916 1820 383 61 Newman's

2860 1935 59 28 0Y
2933 1935 24 28 A
2971 1936 22 27 L

3128 1938 23 26 A
3163 1937 13 26 I
3194 1936 19 27 L

2988 2029 48 27 OF
3056 2029 177 28 COACHES

2822 2121 253 31 Thrice-Weekly
3102 2123 122 27 Service
3247 2123 10 28 1
3263 2124 127 28 Between

2875 2170 106 33 Lyell,
2997 2170 132 28 Reefton
3142 2180 57 18 and
3213 2171 126 28 Nelson.

2789 2264 91 29 Leave
2902 2264 82 38 Lyell
3002 2264 43 29 for
3063 2265 104 29 Nelson
3185 2275 84 29 every
3291 2266 134 38 Tuesday,

2789 2314 147 35 Thursday
2944 2314 55 28 and
3011 2315 148 35 S.iturday,
3170 2321 28 22 at
3210 2318 62 26 *2.00
3283 2326 77 26 p.m.,
3372 2317 53 27 and

2789 2361 81 36 Lyell
2882 2361 41 27 for
2939 2361 137 36 Westport
3089 2361 55 28 and
3159 2361 127 34 Reetton,
3305 2373 35 18 on
3356 2363 52 28 Sun-

2789 2408 64 36 day,
2867 2407 174 38 Wednesday
3057 2409 54 27 and
3127 2410 111 35 Friday,
3247 2415 29 24 at
3288 2412 63 25 D.30
3361 2421 64 16 a.m.

2792 2496 164 34 Passengers
2983 2496 96 27 hooket
3080 2495 4 38 7
3118 2497 41 27 for
3190 2497 150 36 Hampden
3372 2501 53 25 and

2911 2542 80 28 other
3003 2543 193 27 intermediate
3210 2543 101 35 places.

2963 2620 130 28 Booking
3116 2621 120 27 Offices
3247 2629 7 20 :

2792 2677 138 36 Westport
3194 2679 133 27 Gilmer's
3340 2679 85 28 Hotel

2791 2725 66 28 Reef
2860 2730 48 23 ton
3152 2726 177 28 Stevenson's
3343 2727 82 29 Hotel

2792 2774 103 27 Nelson
3204 2776 124 28 Masonic
3342 2777 82 28 Hotel

2824 2867 44 29 All
2881 2868 106 37 parcels
3003 2873 73 24 must
3089 2869 32 28 he
3138 2869 122 36 prepaid,
3280 2870 145 29 otherwise

2923 2916 67 35 they
3003 2916 55 28 will
3072 2916 32 28 be
3118 2916 48 28 left
3180 2917 112 27 behind.

3114 2972 37 27 H.
3173 2972 183 34 NEWMAN,

3224 3011 158 33 Proprietor

2853 3100 149 28 LADIES'
3022 3100 49 28 OB
3091 3100 273 30 GENTLEMEN'S

2794 3150 146 63 gAD
2958 3150 85 39 DL
3060 3150 32 39 E
3161 3151 72 61 JJ
3247 3151 122 41 ACK
3386 3153 24 39 S
3415 3183 7 16 >

2925 3242 92 37 (Quiet
3029 3243 54 28 and
3097 3242 198 31 Well-broken)

2791 3306 72 27 FOR
2876 3306 98 28 HIRE
2988 3307 49 26 BY
3051 3307 77 26 THE
3144 3306 280 29 UNDERSIGNED

2909 3357 42 29 At
2972 3356 165 30 Inangahua
3155 3356 152 31 Junction.

2824 3460 113 28 Horse's
2951 3463 59 26 sent
3023 3462 36 34 Jto
3074 3459 77 29 Lvell
3166 3462 28 27 at
3214 3469 15 20 a
3244 3462 149 27 moment's

3055 3499 101 26 notice.

2789 3585 197 46 Courtney's
2996 3585 301 37 Accommodation
3307 3586 98 36 Hous

2788 3642 114 36 Having
2926 3641 84 37 lately
3031 3642 69 29 been
3123 3642 191 38 considerably
3336 3643 88 29 added

2787 3686 28 21 to
2836 3681 55 26 and
2911 3681 152 35 improved,
3078 3682 22 27 is
3121 3691 61 17 now
3195 3692 52 15 ono
3260 3682 32 27 of
3307 3683 46 26 the
3366 3683 58 26 best

2787 3718 147 36 appointed
2948 3719 53 27 and
3016 3723 72 23 most
3101 3718 177 29 comfortable
3299 3720 125 27 roadside

2897 3758 110 28 house's
3020 3768 36 18 on
3069 3758 47 28 the
3130 3758 76 28 West
3221 3758 91 28 Coast.

2802 3873 241 32 FHIANCIS
3094 3873 313 38 COURTNEY,

3012 3941 190 28 Propbiktor.

2456 4061 117 52 THE
2665 4059 182 54 LYELL

2123 4196 325 40 PRINTING
2499 4196 125 39 AND
2675 4195 424 40 PUBLISHING
3151 4194 266 48 OFFICE,

2537 4315 145 29 CLIFF
2720 4315 69 32 ST.,
2827 4315 177 29 LYELL.
3030 4315 4 32 '

2187 4648 37 37 Is
2243 4661 72 24 one
2335 4647 41 38 of
2391 4647 64 39 the
2474 4647 84 38 best
2577 4647 96 39 local
2693 4648 189 39 mediums
2902 4648 55 38 for
2975 4649 247 53 distributing
3241 4665 115 34 news,

2365 4739 339 47 Advertisements,
2727 4739 75 39 and
2822 4739 169 51 subjects
3010 4739 42 39 of
3066 4740 97 40 local

2561 4826 169 47 interest,
2754 4826 232 51 throughout

2351 4917 64 41 the
2452 4917 130 40 Buller
2618 4917 74 40 and
2732 4917 222 52 Inangahua
2990 4918 197 41 (bounties.

2168 5136 170 50 Charges
2356 5135 56 37 for
2430 5134 179 50 standing
2627 5134 329 42 advertisements,
2979 5146 88 37 very
3083 5134 235 38 reasonable.

2171 5227 79 45 Job,
2298 5226 120 44 Plain,
2457 5225 75 37 and
2575 5225 49 37 all
2660 5225 110 36 kinds
2810 5224 41 36 of
2881 5224 178 49 printing,
3099 5223 184 37 executed
3328 5223 89 39 with

2118 5295 184 51 despatch
2323 5301 39 32 at
2382 5295 63 37 the
2465 5294 129 38 lowest
2615 5293 136 50 prices.

2167 5383 332 37 Communication
2519 5382 50 50 by
2588 5388 85 43 post
2688 5394 42 24 or
2749 5380 85 38 wire
2855 5379 191 51 promptly
3066 5379 183 39 attended
3268 5386 52 32 to.

2639 5618 253 43 ADDRESS:

2224 5725 482 55 TIMES

2657 5837 221 36 LYELL.

3616 239 118 29 Public
3758 239 152 28 Notices.

3569 314 191 42 SANDER
3781 315 27 41 &
3832 314 125 41 SOHS'

3480 649 152 35 (Deutsche
3660 648 73 27 Med.
3758 647 223 29 Wochensehrift
4008 651 39 34 187
4047 651 39 34 i»)

3448 688 110 32 Mosler,
3575 687 86 32 M.D.,
3678 686 138 29 Professor
3830 693 22 22 al
3869 686 44 29 the
3927 687 160 38 University

3446 727 173 30 Greitswald,
3657 728 152 33 Germany,
3847 733 105 28 reports
3967 735 42 17 :
4028 729 5 5 r

3450 765 143 36 Eucalypti
3617 764 112 28 Extract
3756 763 101 38 proved
3878 766 211 36 magnificently

3446 804 149 28 successful
3628 804 26 26 in
3690 811 63 28 very
3793 811 92 19 severe
3918 805 169 32 contusions,

3449 842 111 28 bruises,
3571 841 118 35 sprains,
3698 841 123 30 wounds,
3828 841 148 33 scalding,
3983 842 102 28 broken

3449 878 62 34 ribs,
3520 879 53 28 and
3586 878 92 29 limbs.
3712 878 27 28 It
3747 878 158 37 effectually
3915 883 76 34 stays
3998 880 73 28 aliin-

3450 920 171 28 iianimation
3638 919 52 28 find
3706 919 134 35 swelling.
3878 920 74 32 Also,
3972 921 46 30 the
4032 933 40 16 ser-

3450 959 72 24 vices
3536 959 110 25 derived
3660 959 70 24 from
3741 959 22 25 it
3770 959 26 24 iu
3812 958 37 26 all
3855 958 138 27 disorders
4002 961 31 24 of
4039 961 46 26 the

3450 995 164 37 respiratory
3626 1004 108 25 organs,
3746 1004 30 19 as
3784 1004 93 29 croup,
3888 995 145 37 diptheria,
4046 998 26 28 in-

3450 1034 174 26 flammation
3651 1035 29 25 of
3700 1034 44 26 ihe
3767 1034 141 27 bronchial
3930 1035 77 27 tubes
4031 1037 55 25 and

3452 1070 88 35 lungs,
3555 1072 111 27 chronic
3688 1070 121 36 catarrh,
3824 1071 158 33 bronchitis,
4002 1074 83 34 colds,

3451 1113 55 30 &c,
3522 1120 44 18 are
3581 1116 47 23 not
3649 1117 26 21 lo
3689 1111 32 27 be
3736 1111 124 36 equalled
3882 1112 33 36 by
3934 1122 54 26 any
4007 1114 80 27 other

3452 1148 195 28 medicament.

3453 1209 133 30 Sander
3603 1209 28 30 &
3647 1209 88 30 Sons
3748 1209 184 39 Eucalypti
3944 1211 143 31 Extract

3487 1258 97 31 Lister,
3605 1257 87 33 M.l>.,
3713 1257 146 32 Professor,
3886 1264 55 24 &<•.,
3962 1259 123 34 London,

3453 1296 45 30 the
3514 1295 122 35 Leading
3656 1306 115 27 surgeon
3786 1298 30 28 of
3826 1298 45 29 the
3887 1307 107 28 present
4009 1307 75 22 tunc,

3455 1335 86 27 >t.ited
3555 1342 26 19 at
3595 1336 47 25 the
3656 1335 52 27 last
3726 1337 121 33 meeting
3860 1340 29 23 of
3906 1338 44 25 the
3970 1338 115 27 Clinical

3454 1373 116 36 Society.
3579 1373 125 29 London,
3711 1383 29 19 as
3753 1372 143 39 published
3902 1376 27 28 in
3940 1375 144 29 Gaillard's

3456 1411 114 27 Medical
3590 1413 125 29 Jounul,
3730 1413 60 26 th.it
3803 1409 54 31 the*
3869 1415 143 34 Eucalypti
4032 1416 35 25 Ex-

3453 1455 69 22 tract
3536 1449 22 28 is
3572 1449 45 28 the
3632 1449 57 29 best
3703 1449 99 29 known
3823 1452 143 37 antiseptic
3982 1459 105 29 (means

3452 1490 26 26 of
3493 1491 163 33 preventing
3668 1491 203 34 putrefaction).

3455 1549 132 32 Sander
3606 1549 26 31 &
3649 1550 87 31 Sons
3750 1550 185 40 Eucalypti
3946 1552 144 31 Extract

3489 1601 154 33 (American
3661 1601 114 27 Medical
3786 1601 125 32 Journal,
3925 1603 160 32 November,

3456 1639 74 37 1881)
3544 1639 70 28 —ln
3628 1639 118 30 diseases
3759 1643 29 26 of
3805 1641 46 28 the
3870 1641 111 39 kidney,
4001 1643 86 29 either

3454 1679 86 25 active
3555 1681 156 31 congestion
3724 1690 31 16 or
3762 1683 174 32 suppression
3953 1684 131 33 (ura?inia)

3454 1716 34 26 all
3502 1715 193 33 albuminuria,
3709 1717 109 36 dropsy,
3833 1718 125 29 Hth'a-is.
3974 1720 113 34 nothing

3455 1754 53 29 will
3521 1756 79 34 equal
3617 1756 25 27 in
3657 1757 34 26 its
3702 1757 88 26 action
3811 1757 142 37 Eucalypti
3967 1759 120 28 Extract.

3455 1793 94 28 Doses,
3576 1794 52 26 rive
3653 1796 27 24 to
3706 1794 75 32 eight
3809 1794 82 36 drops
3916 1797 26 25 in
3974 1808 14 15 a
4019 1797 69 28 little

3454 1831 152 28 sweetened
3633 1837 83 23 water
3741 1834 76 27 twice
3845 1844 31 18 or
3901 1834 75 28 three
4009 1834 80 30 times

3454 1869 83 34 daily.

3455 1929 133 31 Sander
3605 1930 27 30 &
3648 1930 88 31 Sons
3749 1931 186 40 Eucalypti
3948 1933 142 32 Extract

3490 1978 93 33 (From
3595 1979 145 27 American
3752 1981 115 27 Medical
3877 1983 125 27 Journal.
4014 1983 74 34 Jan.,

3457 2017 225 36 1882).—Pitzer,
3712 2020 84 34 M.D.,
3819 2020 137 31 Professor
3981 2023 108 36 Theory

3455 2058 54 25 and
3525 2057 122 27 Practice
3659 2060 30 25 of
3701 2060 142 27 Medicine,
3854 2063 146 25 American
4012 2064 58 24 Med-

3455 2093 51 28 ical
3520 2094 120 34 College,
3656 2105 62 25 says
3730 2097 70 27 :—it
3815 2096 21 28 is
3847 2097 46 28 the
3906 2098 58 28 best
3976 2099 113 36 remedy

3456 2133 98 28 known
3575 2133 27 28 in
3624 2134 225 37 typhomalarial,
3870 2137 113 36 typhoid
4004 2139 83 33 fever,

3455 2172 157 36 erysipelas,
3622 2172 164 38 diphtheria,
3796 2176 95 27 scarlet
3905 2177 78 31 fever,
3995 2178 75 26 small-

3456 2220 60 25 pox,
3530 2212 56 32 &c;
3607 2212 21 27 it
3647 2212 155 35 effectually
3816 2215 103 26 retards
3939 2215 45 28 the
4005 2217 67 26 disin-

3455 2248 134 35 tegration
3621 2250 30 28 of
3672 2250 46 28 the
3744 2252 102 27 animal
3877 2252 89 32 fluids,
3997 2255 89 26 which

3457 2287 85 34 might
3557 2288 84 29 result
3656 2288 26 30 in
3701 2300 14 18 a
3735 2291 107 32 general
3861 2290 179 41 breaking-up
4060 2294 30 29 of

3455 2328 46 26 the
3516 2328 79 26 blood
3610 2330 54 25 and
3679 2331 27 24 in
3720 2330 92 27 death.

3456 2387 133 32 Sander
3607 2387 28 32 &
3649 2389 88 31 Sons
3752 2389 184 39 Eucalypti
3948 2392 142 31 Extract

3492 2444 95 23 (rrom
3622 2437 40 28 St.
3700 2438 83 27 Louis
3820 2439 116 29 Electric
3973 2441 116 28 Medical

3455 2475 125 33 Journal,
3612 2476 77 34 Dec,
3723 2478 86 34 1881).
3818 2479 145 30 —Cancer
3987 2481 28 28 of
4044 2480 45 29 the

3457 2515 268 34 Tongue—Patient,
3742 2517 64 26 Mrs.
3950 2540 6 5 .
3969 2519 32 27 35
4011 2528 78 25 years

3457 2552 54 26 old.
3561 2552 139 28 Evidence
3724 2554 30 27 of
3776 2555 149 27 scrofulous
3952 2556 137 27 diathesis.

3457 2589 156 29 Prescribe!
3634 2592 61 27 four
3718 2592 81 37 drops
3812 2598 28 23 to
3860 2593 30 28 be
3911 2594 80 28 taken
4015 2594 74 29 three

3455 2630 80 27 times
3559 2630 75 35 daily
3648 2639 7 23 ;
3675 2631 67 33 also,
3766 2637 100 29 tongue
3893 2633 98 29 wetted
4015 2634 74 28 three

3456 2669 80 26 times
3579 2669 66 27 with
3688 2670 47 27 the
3776 2670 149 37 Eucalypti
3967 2672 122 28 Extract.

3456 2706 114 27 Treated
3591 2717 29 16 as
3639 2706 85 29 above
3750 2709 42 27 for
3817 2710 61 26 four
3902 2710 98 30 weeks,
4024 2711 65 27 tLcn

3455 2744 160 36 discharged
3629 2747 91 28 cured.

3491 2793 35 36 (J.
3563 2794 33 26 H.
3629 2794 123 36 Huttley,
3791 2797 85 27 M.1)..
3915 2798 82 29 Prof..
4034 2799 55 31 &c,

3455 2830 340 37 Philadelphia).—Since,
3809 2835 27 25 in
3857 2834 45 28 the
3920 2845 59 18 case
3999 2837 30 25 of
4045 2836 44 28 Mr

3457 2870 111 30 Mercer,
3582 2871 30 26 of
3627 2869 117 36 Kerang,
3759 2872 60 28 who
3833 2873 54 27 had
3896 2873 67 29 been
3978 2874 111 30 advised

3453 2908 35 34 by
3512 2908 46 27 the
3587 2909 117 27 Medical
3723 2911 103 27 officers
3848 2912 31 26 of
3893 2912 46 27 the
3967 2913 121 34 Bendigo

3453 2945 128 37 Hospital
3597 2952 27 21 to
3639 2946 68 29 have
3723 2947 42 27 his
3779 2951 100 31 tongue
3887 2950 139 28 removed,
4033 2951 55 27 like

3453 2984 126 36 splendid
3592 2986 99 26 results
3706 2985 69 30 have
3782 2987 120 28 attained
3910 2988 118 37 through
4040 2990 47 27 the

3452 3022 167 37 application
3633 3025 30 25 of
3673 3024 45 26 the
3733 3025 147 36 Eucalypti
3895 3027 123 27 Extract.

3455 3083 132 31 Sander
3605 3083 27 31 &
3648 3084 87 30 Sons
3749 3085 183 40 Eucalypti
3944 3087 144 31 Extract

3488 3133 83 25 From
3591 3133 46 25 the
3657 3133 113 27 Clinical
3793 3134 113 32 Record,
3926 3137 30 24 of
3971 3137 116 33 August,

3454 3169 88 37 1881).
3605 3170 122 35 Surgical
3760 3171 85 29 Clinic
3883 3171 31 29 of
3950 3172 139 31 Processor

3455 3208 146 37 M'lntyre,
3633 3211 108 33 College
3772 3212 30 27 of
3836 3211 162 36 Physicians
4034 3223 35 18 an
4082 3215 6 25 I

3455 3248 145 34 Surgeons,
3613 3249 39 27 St.
3666 3248 82 28 Louis
3751 3250 200 28 —Scirrhusof
3957 3250 117 29 Breast-

3454 3286 130 29 Excision
3596 3296 5 18 :
3617 3287 147 37 Eucalypti
3779 3288 112 29 Extract
3905 3291 145 35 employed
4060 3302 29 16 as

3453 3334 91 26 spray,
3571 3326 54 25 and
3650 3326 132 33 dressing.
3820 3328 85 33 Eight
3928 3329 67 34 days
4021 3330 68 26 after

3453 3363 141 36 operation
3612 3364 151 28 Professors
3777 3366 92 28 Bauer
3881 3366 54 28 and
3951 3367 138 36 M'lntyre

3454 3403 81 25 noted
3573 3403 46 26 the
3655 3403 140 33 following
3831 3406 138 25 condition
3985 3413 41 18 :
4047 3407 41 26 No

3454 3439 131 36 swelling,
3601 3440 62 29 heat
3677 3450 30 19 or
3719 3441 201 30 discoloration,
3935 3452 66 20 near
4017 3453 31 19 or
4062 3445 27 28 in

3454 3480 46 27 the
3520 3481 109 31 wound,
3650 3481 88 27 which
3758 3482 50 27 has
3822 3483 94 27 united
3935 3483 68 35 fully
4016 3493 6 23 ;
4043 3485 46 27 the

3453 3518 106 34 patient
3571 3518 114 26 allowed
3699 3521 27 24 to
3739 3520 94 26 attend
3844 3525 26 22 to
3881 3520 49 27 her
3936 3520 153 29 household

3453 3555 89 28 duties
3557 3556 90 31 again.

3454 3615 134 31 Sander
3605 3617 26 31 &
3647 3617 89 31 Sons
3750 3617 185 40 Eucalypti
3948 3620 144 31 Extract

3489 3667 125 30 (Clinical
3640 3667 115 31 Record,
3782 3669 74 36 Sept.
3884 3671 89 33 1880).
3988 3671 103 27 —The

3452 3704 145 27 American
3628 3705 117 27 medical
3776 3707 150 34 profession
3959 3717 70 17 uses,
4062 3718 28 17 m

3451 3741 172 39 gonorrhoea,
3644 3753 29 18 as
3687 3752 34 20 an
3741 3744 141 36 injection,
3897 3755 35 20 an
3952 3746 139 30 emulsion

3452 3782 29 26 of
3503 3791 51 17 one
3574 3791 87 18 ounce
3680 3792 65 26 gum
3769 3785 108 30 Arabic,
3900 3785 27 28 in
3951 3789 34 24 o0
4009 3796 30 17 or
4055 3789 36 24 40

3451 3827 100 19 ounces
3564 3820 31 27 of
3605 3825 93 25 water,
3712 3820 108 38 applied
3835 3824 63 26 four
3910 3824 82 27 times
4006 3824 84 37 daily.

3451 3857 85 35 Eight
3555 3859 82 34 drops
3655 3860 81 31 given
3750 3862 145 31 inwardly,
3915 3873 69 17 once
4004 3864 86 34 daily,

3450 3901 128 30 prevents
3591 3897 155 35 effectually
3760 3900 221 28 contamination
3996 3902 30 26 of
4042 3902 48 27 the

3450 3934 81 30 blood
3546 3934 28 30 in
3588 3936 57 29 foul
3659 3937 115 29 disease.

3621 4045 292 31 CAUTION.

3450 4097 132 29 Sander
3601 4098 27 29 &
3645 4099 87 30 Sons
3745 4100 185 38 Eucalypti
3944 4102 146 30 Extract

3485 4145 50 38 (St.
3556 4147 73 27 Lous
3648 4146 114 30 Clinical
3778 4147 114 30 Kecord.
3913 4150 63 28 Jan.
3998 4152 89 28 1882).

3448 4187 157 32 —Hazard,
3626 4187 76 28 M.D.
3723 4188 66 27 Prof
3814 4188 31 28 of
3862 4189 152 38 Pathology
4033 4191 55 29 ami

3448 4224 127 28 Diseases
3596 4226 30 26 of
3641 4226 46 27 the
3709 4227 87 28 Mind,
3824 4234 100 21 states:
3948 4229 49 27 We
4017 4230 71 27 have

3449 4262 145 28 examined
3614 4263 56 26 halt
3688 4272 14 18 a
3717 4264 85 27 dozen
3818 4267 154 33 specimens
3984 4267 31 26 of
4032 4268 36 25 Eu-

3449 4300 100 38 calypti
3561 4301 122 29 Extract.
3708 4302 129 29 Sander's
3846 4312 47 29 pre
3897 4313 48 29 par
3954 4304 67 29 ttion
4032 4315 57 19 was

3449 4340 46 27 the
3532 4342 65 33 only
3633 4351 52 18 one
3717 4342 91 28 which
3844 4346 180 34 corresponds
4060 4352 28 21 to

3448 4378 133 28 scientific
3595 4382 76 25 tests.

3483 4418 58 27 Our
3562 4419 176 36 preparation
3763 4419 23 27 is
3810 4419 48 29 the
3882 4421 67 36 only
3970 4420 118 39 existing

3450 4457 109 28 volatile
3579 4464 115 24 extract,
3713 4459 54 27 free
3781 4460 29 26 of
3826 4459 36 27 all
3882 4461 125 27 resinous
4026 4471 45 26 par-

3448 4495 86 26 ticles.
3579 4495 45 27 All
3654 4497 80 26 other
3764 4499 188 34 preparations
3982 4499 30 28 of
4039 4499 48 27 the

3449 4533 182 39 Eucalyptus,
3653 4544 36 19 no
3710 4542 102 23 matter
3838 4546 89 20 wnere
3949 4539 121 28 manufac-

3448 4573 90 32 tured,
3557 4584 46 17 are
3617 4575 94 31 crude,
3725 4577 125 26 resinous
3870 4577 60 31 oils,
3951 4577 138 35 irritating

3449 4610 55 28 and
3523 4611 153 34 blistering,
3696 4612 93 27 rather
3802 4615 114 32 causing
3932 4613 138 29 inflamma-

3450 4652 56 24 tion
3527 4648 68 28 than
3615 4650 112 35 staying
3745 4651 30 30 it,
3789 4650 55 28 and
3864 4652 30 26 of
3909 4652 56 27 real
3986 4652 103 35 danger

3448 4686 25 27 if
3488 4688 162 35 errcnously
3669 4688 110 37 applied
3798 4690 28 27 in
3846 4690 93 27 throat
3959 4690 128 33 diseases,

3449 4725 46 28 &c.

3485 4765 42 27 Xo
3549 4764 101 29 bottles
3669 4766 119 32 genuine
3805 4772 95 31 except
3920 4768 78 28 those
4020 4768 67 28 with

3449 4802 94 27 labels'
3556 4803 115 32 hearing
3692 4813 51 17 our
3764 4804 141 35 signature
3932 4807 54 26 and
4012 4807 75 26 trade

3450 4840 88 33 mark,
3563 4841 55 27 and
3638 4842 112 27 secured
3770 4844 108 27 outside
3898 4845 65 26 with
3984 4854 14 18 a
4022 4844 65 36 pink

3451 4887 122 28 wrapper
3603 4880 55 26 and
3688 4890 83 23 green
3808 4881 82 30 hand,
3929 4883 45 26 the
4007 4883 80 27 latter

3448 4916 115 36 bearing
3575 4927 51 19 our
3638 4918 118 29 location
3770 4920 55 29 and
3839 4921 149 35 signature.

3483 4956 157 28 Directions
3654 4963 40 21 tor
3706 4967 48 18 use
3767 4960 66 26 with
3848 4961 66 25 each
3928 4961 94 25 bottle.

3467 5050 151 26 SAND
3638 5050 24 28 E
3685 5050 23 28 R
3751 5052 115 26 AND
3908 5052 18 26 S
3947 5052 23 28 0
3991 5052 23 28 N
4036 5053 18 26 S

3612 5088 165 35 Sandhurst,
3793 5089 130 29 Victoria.

3495 5193 243 30 DUNCAN
3795 5193 130 31 M'LE
3945 5195 67 29 AN
4028 5217 6 6 .

3621 5247 100 35 Agent,
3732 5248 181 34 Greyiuontli.

3788 5344 8 25 l
3800 5344 15 16 ,(
3817 5334 4 36 '
3824 5344 14 17 r
3888 5346 13 14 :,
3905 5334 3 36 .
3909 5345 14 18 v
3960 5344 45 18 ma
4007 5345 18 25 7
4082 5345 6 8 1

3449 5365 86 28 3U-L
3570 5365 64 28 wvJ
3782 5374 80 27 made
3885 5372 36 37 by
3935 5383 113 27 persons
4061 5372 28 28 of

3448 5410 88 26 either
3549 5419 55 19 sex,
3619 5411 28 26 in
3661 5410 72 27 their
3747 5421 60 17 own
4012 5412 75 25 work

3450 5447 40 28 for
3512 5457 41 18 us.
3593 5448 66 28 New
3686 5447 134 31 business.
3857 5449 43 29 All
3925 5454 70 24 meet
4021 5449 66 29 with

3450 5488 148 27 wonderful
3614 5499 118 18 success.
3769 5491 62 33 Any
3845 5501 51 16 one
3916 5501 49 16 can
3987 5490 34 28 do
4042 5490 45 28 the

3449 5525 83 28 work.
3579 5526 107 38 Capital
3713 5530 47 24 not
3786 5529 132 34 required.
3958 5528 47 27 We
4031 5527 56 26 wil

3449 5569 66 23 start
3529 5575 65 25 you.
3633 5565 85 29 Outfit
3734 5566 88 29 worth
3845 5569 35 26 .£'l
3902 5565 101 30 mailed
4022 5567 65 27 free.

3449 5603 57 27 The
3520 5605 191 35 employment
3731 5606 23 25 is
3773 5605 179 37 particularly
3971 5605 116 36 adapted

3450 5649 25 21 to
3490 5642 45 29 the
3555 5644 92 34 region
3670 5644 25 28 in
3721 5644 89 29 which
3838 5644 56 29 this
3919 5644 167 38 publication

3449 5682 152 28 CTCiilntes.
3658 5684 74 26 ])ox±
3763 5684 52 26 and
3848 5684 65 27 iriils
3944 5694 48 16 can
4021 5692 65 18 eain
