3470 4590
2896 2155 83 19 The
3006 2155 165 19 Oxford
3199 2155 247 19 Observer.

2896 2174 292 69 PUBLISHED
3220 2174 226 69 WEEKLY.

3087 2243 140 20 OCTOBER
3254 2244 27 19 12
3290 2250 37 17 th,
3354 2244 55 21 1895

2912 2354 87 32 THE
3015 2355 226 32 LICENSING
3255 2356 109 33 BILL.

2997 2401 12 40 (
3025 2401 232 37 Contributed,
3270 2404 11 38 )

2913 2500 56 41 My
2984 2502 154 30 attention
3152 2501 54 32 has
3215 2504 79 30 been
3306 2503 97 33 called

2872 2546 32 26 to
2919 2553 18 19 a
2960 2542 133 31 Cartoon
3122 2545 33 28 m
3182 2545 53 30 the
3265 2545 141 31 Prohibi-

2872 2584 118 35 tionist,
3005 2585 106 29 drawn
3126 2586 43 38 by
3183 2596 84 19 some
3278 2585 125 40 fanatic,

2874 2624 102 31 whose
2990 2636 74 19 over
3079 2626 189 31 zealousness
3295 2628 35 29 m
3354 2629 54 30 the

2872 2665 176 39 impossible
3063 2677 120 19 success
3199 2668 33 28 of
3246 2668 53 29 the
3314 2678 94 21 cause

2874 2706 99 30 which
3002 2706 39 30 he
3056 2711 183 35 represents,
3269 2709 57 30 has
3348 2719 60 21 run

2874 2758 88 29 away
2976 2748 78 30 with
3067 2748 49 30 his
3133 2759 110 20 reason
3258 2751 62 29 and
3348 2751 60 30 dis-

2874 2790 124 29 cretion.
3056 2789 65 31 The
3150 2790 134 31 Cartoon
3306 2803 102 30 repre-

2875 2834 82 27 sents
2973 2830 49 30 Mr
3037 2831 124 30 Seddon
3183 2833 110 40 sitting
3321 2844 41 20 on
3390 2846 20 18 a

2874 2873 60 29 five
2947 2872 113 30 barred
3082 2876 81 37 gate,
3192 2876 169 38 surveying
3390 2886 18 21 a

2874 2913 83 39 huge
2966 2913 153 40 elephant,
3128 2914 102 32 which
3241 2916 26 30 is
3276 2916 134 31 labelled

2874 2965 34 19 as
2923 2956 213 38 representing
3154 2956 54 30 the
3221 2957 111 39 people
3347 2958 64 30 and

2874 2995 49 29 his
2938 2995 105 30 driver
3055 2996 69 30 who
3138 2998 42 37 by
3205 2998 53 28 the
3272 3008 70 30 way
3357 3009 53 30 ap-

2874 3046 89 30 pears
2972 3039 33 27 to
3016 3036 38 30 bn
3069 3038 213 40 persuasively
3292 3049 118 21 remon-

2874 3078 135 38 strating
3033 3078 76 29 with
3138 3078 51 29 Mr
3211 3079 122 30 Seddon
3363 3081 47 29 for

2874 3118 120 39 closing
3007 3118 54 29 the
3076 3122 71 36 gate
3170 3119 24 29 is
3210 3120 129 31 labelled
3370 3132 39 19 on

2874 3159 47 30 his
2938 3159 79 30 back
3032 3160 209 34 Prohibition.

2919 3200 62 30 The
2996 3201 71 30 bars
3082 3202 33 29 of
3129 3202 52 31 the
3196 3209 70 34 gate
3284 3207 31 26 at
3332 3203 79 32 least

2874 3243 71 28 four
2960 3243 32 28 of
3020 3243 87 29 them
3135 3254 52 19 are
3215 3244 132 30 labelled
3377 3257 33 19 as

2874 3283 132 31 follows.
3030 3283 86 36 No,l.
3150 3285 90 36 5,999
3258 3290 96 31 votes,
3370 3299 40 19 no

2874 3327 122 28 license.
3066 3325 48 30 No
3130 3328 27 28 2.
3158 3344 43 4 —
3203 3328 88 29 4001
3310 3332 98 30 votes,

2874 3367 174 38 reduction^
3125 3367 48 30 No
3192 3369 27 29 3.
3222 3386 40 3 —
3265 3379 39 19 no
3354 3381 57 19 one

2875 3412 88 25 votes
2975 3408 48 28 for
3029 3408 121 30 -license
3165 3409 61 30 and
3241 3409 49 31 No
3305 3412 28 28 4.
3359 3415 52 28 vet

2875 3448 53 30 the
2957 3448 88 30 trade
3074 3449 86 30 wins.
3232 3449 102 33 There,
3360 3463 51 20 are

2876 3490 120 30 several
3006 3490 90 30 other
3110 3491 103 38 points
3228 3492 32 29 m
3275 3493 53 29 the
3340 3494 72 29 Car-

2875 3537 74 24 toon
2963 3531 122 39 equally
3100 3532 162 36 ludicious;
3293 3534 70 29 that
3392 3535 18 30 I

2876 3575 115 28 cannot
3003 3582 96 21 screw
3115 3574 110 40 myself
3240 3574 66 31 into
3316 3586 19 20 a
3350 3576 61 31 suf-

2876 3614 135 40 ficiently
3028 3615 117 29 serious
3160 3616 87 30 mood
3265 3621 32 26 to
3324 3618 87 30 criti-

2876 3655 61 30 cise
2956 3657 86 28 them
3055 3656 217 41 intelligently.
3319 3659 92 31 How-

2876 3706 71 20 ever
2957 3695 17 30 I
2989 3696 109 31 should
3121 3697 79 31 have
3221 3699 79 31 been
3330 3702 83 38 quite

2877 3741 127 27 content
3030 3741 32 27 to
3077 3739 44 29 let
3135 3748 57 20 our
3206 3739 207 33 Prohibition-

2876 3780 41 28 ist
2931 3779 118 29 friends
3063 3781 98 35 alone,
3177 3784 33 26 to
3225 3783 94 39 enjoy
3333 3784 81 30 their

2876 3820 185 40 tomfoolery
3074 3821 35 29 m
3135 3821 83 31 their
3246 3834 68 20 own
3344 3835 69 29 par-

2876 3861 113 30 ticular
3002 3871 77 30 way,
3105 3861 26 31 if
3159 3862 82 32 their
3267 3866 149 31 criticism

2878 3902 53 31 did
2946 3905 55 28 not
3020 3904 115 30 extend
3149 3908 33 26 to
3197 3906 53 30 the
3276 3907 138 37 electors,

2879 3943 62 31 and
2954 3948 33 26 to
3001 3944 90 31 those
3105 3945 70 31 who
3189 3946 80 32 have
3284 3949 80 31 done
3380 3960 36 20 us

2879 3986 52 29 the
2946 3986 121 30 honour
3081 3991 32 25 to
3141 3993 163 35 represent
3332 4002 38 20 us
3383 3992 34 29 m

2882 4026 202 31 Parliament.
3126 4028 53 31 Mr
3192 4029 157 34 Meredith
3372 4043 45 20 re-

2880 4073 143 34 presents
3051 4068 56 30 the
3144 4069 131 34 electors
3304 4074 34 29 of
3365 4074 54 30 the

2881 4108 120 40 Ashley
3009 4108 130 31 District
3149 4111 62 30 and
3219 4113 27 29 it
3255 4123 72 30 goes
3332 4115 88 31 with-

2883 4153 54 26 out
2959 4151 112 39 saying
3105 4151 71 31 that
3210 4153 77 43 they
3323 4167 52 20 are
3403 4166 19 21 a

2884 4191 136 31 sounder
3045 4191 121 33 headed
3190 4195 46 30 lot
3245 4214 8 21 :
3263 4196 79 32 than
3369 4197 53 31 the

2883 4233 149 33 fanatical
3071 4231 182 46 gfttherings
3295 4240 35 30 of
3370 4239 53 31 the

2884 4273 100 31 Isitts
3005 4274 168 43 fraternity
3182 4279 63 30 and
3255 4280 17 31 I
3283 4281 142 30 consider

2884 4315 28 30 it
2925 4325 20 20 a
2968 4322 212 26 consummate
3185 4340 16 18 r
3206 4320 89 40 pieqe
3323 4322 33 31 of
3370 4322 55 31 im-

2886 4357 143 39 pudence
3043 4366 41 27 o.n
3098 4358 84 37 their
3193 4366 74 35 .part
3295 4367 33 27 to
3357 4374 68 30 pre-

2886 4397 66 31 dict
2966 4398 64 30 and
3043 4409 78 21 even
3135 4403 35 29 to
3183 4403 147 32 threaten
3357 4405 72 30 that

2886 4449 48 20 we
2963 4438 80 32 shall
3072 4441 66 31 rioT
3154 4445 97 39 again
3272 4447 78 31 elect
3377 4447 54 30 the

2887 4479 142 31 Member
3043 4482 34 29 of
3091 4493 58 20 our
3177 4486 107 32 choice
3314 4488 117 39 merely

1138 48 169 33 OXFORD
1344 50 229 32 OBSERVER
1617 51 240 38 SATURDAY,
1915 51 192 33 OCTOBER
2143 54 49 35 12,
2237 53 90 31 1895.

3103 211 70 22 NEW

2881 257 265 47 SUMMER

3121 336 296 47 DRAPERY

2948 413 56 47 B.
3043 416 59 45 H.
3132 412 217 53 PARISH

3008 491 100 50 East
3138 493 163 50 Oxford

3008 567 133 24 INTENDS
3155 571 37 20 TO
3208 571 73 20 SELL

2878 607 177 30 seasonable
3063 609 96 38 goods
3168 614 33 25 at
3204 611 101 39 prices
3314 611 99 31 below

2878 650 69 31 that
2965 652 34 30 of
3012 663 61 30 any
3096 654 221 33 Christchurch
3341 658 69 29 firm

2923 774 166 35 .ALL
3126 776 242 36 WOOL

2878 827 196 50 Colonial
3113 832 176 48 Fteimtl
3337 833 74 48 U.

2879 905 130 41 cheaper
3022 908 78 30 than
3114 919 57 20 can
3190 910 39 31 be
3239 911 173 40 purchased

2879 959 32 27 at
2939 959 124 29 auction
3091 969 37 21 or
3143 961 84 31 from
3263 962 150 30 itinerant

3062 1007 135 40 drapers:

3016 1098 127 23 DOUBLE
3164 1099 111 23 WIDTH

2893 1170 195 47 DRESS
3142 1174 257 46 TWEEDS

3055 1242 80 39 (half
3149 1244 95 38 price)

2932 1300 184 41 Homespun
3131 1303 35 29 6i
3183 1303 101 30 worth
3300 1304 38 29 10
3341 1303 18 41 J

2890 1351 101 30 better
3015 1352 90 31 value
3130 1352 82 33 than,
3230 1355 169 39 travelling

2953 1406 126 40 drapers
3093 1408 65 29 will
3173 1409 69 39 give
3257 1420 69 29 you.

3082 1543 116 24 BIRTH.

2907 1579 132 31 Buddo,—
3041 1583 37 23 On
3092 1583 68 31 Sept.
3189 1584 62 23 24th
3274 1588 26 19 at
3313 1588 6 9 '
3322 1579 88 30 Airlie*

2874 1620 124 30 Fernside,
3011 1621 44 25 the
3082 1623 56 25 wife
3158 1623 27 25 of
3206 1623 33 25 D.
3257 1623 91 25 Buddo
3361 1624 24 24 of
3397 1632 15 17 a

2874 1671 52 17 son.
3414 1675 6 11 *■

3070 1776 130 25 DEATH.

2873 1819 135 23 Pabish:—
3008 1819 34 24 At
3050 1820 93 24 Oxford
3155 1821 42 23 Oct
3208 1820 54 25 6th.
3273 1820 132 25 Frederick

2872 1856 77 28 John,
2961 1865 46 16 son
3018 1856 27 25 of
3061 1857 110 25 Eichard
3182 1858 112 24 Holman
3305 1858 98 30 Parish,

2873 1897 62 31 aged
2958 1897 32 24 18
3009 1905 80 24 years.

2337 2162 142 48 LACE
2530 2163 283 50 CURTAINS

2308 2278 93 52 tflfl
2431 2278 136 42 DAIRS
2583 2279 34 28 of
2632 2278 207 34 CUKTAINS

2309 2309 92 49 lUU
2431 2332 23 26 M,
2510 2318 109 32 Latest
2643 2319 134 42 Designs

2401 2365 82 31 from
2572 2375 57 31 per
2655 2367 80 39 pair.

2404 2517 381 57 wiLt'iNsinrV.

2307 2615 121 31 Ladies'
2451 2614 87 31 Rock
2552 2615 102 30 Straw
2669 2615 132 31 Boaters

2349 2688 19 13 „
2452 2665 106 40 Fancy
2580 2665 95 30 Sailoi

2308 2716 93 41 Boys'
2417 2717 61 30 and
2492 2716 100 31 Maids
2609 2716 142 34 Galateas

2308 2812 99 30 Black
2422 2812 120 31 French
2559 2812 182 31 Cashmeres

2308 2863 98 31 Black
2421 2865 29 28 &
2462 2863 65 31 Col.
2546 2864 123 30 French
2688 2864 155 32 Meriiioes

2325 3006 237 25 MANCHESTER
2578 3006 247 24 DEPARTMENT.

2309 3054 115 36 Prints,
2445 3054 114 31 checks
2573 3054 61 29 and
2657 3054 114 39 stripes
2789 3083 3 7 ,

2310 3102 95 30 Table
2428 3102 159 36 Damasks,
2611 3102 191 30 unbleached
2802 3118 37 7 —

2391 3152 114 40 special
2526 3153 92 30 value
2634 3151 82 33 from
2733 3152 44 41 1/-
2789 3168 4 14 ;

2310 3209 115 31 Brown
2462 3207 137 31 Holland
2634 3219 78 30 very
2747 3208 96 41 cheap

2309 3261 191 29 Flannelette
2516 3261 59 29 and
2592 3260 150 41 Shirting,
2764 3261 80 40 good

2390 3313 90 30 value
2500 3313 80 30 from
2603 3313 50 30 4d.

2309 3362 93 32 Floor
2424 3363 91 31 Cloth
2536 3365 82 39 good
2639 3368 32 27 at
2694 3364 50 31 9d.
2792 3388 4 3 .
2852 3362 2 31 i

2308 3415 90 30 Wide
2420 3415 112 30 Forfar
2554 3420 32 26 at
2609 3417 48 29 6d.

2340 3549 253 26 FLANNELETTS
2606 3551 19 23 &
2639 3549 187 30 9ALATEAS,
2852 3570 1 4 .

2309 3610 31 24 In
2361 3611 124 31 quantitie
2508 3611 50 25 and
2577 3611 116 31 qualities
2711 3619 73 17 never
2802 3612 43 30 yet

2309 3649 86 31 placed
2406 3649 82 25 before
2500 3649 91 25 Oxford
2603 3649 97 32 buyers.
2711 3649 68 25 Such
2790 3651 54 29 pat-

2310 3689 75 28 terns,
2399 3687 61 25 such
2471 3687 112 29 colours,-
2590 3687 62 25 such
2662 3689 119 28 textures,
2790 3688 56 25 that

2311 3734 47 15 one
2368 3725 126 30 naturally
2505 3725 58 25 asks
2574 3726 55 23 how
2641 3725 59 32 they
2711 3734 43 15 are
2773 3726 72 24 made

2310 3765 38 26 for
2370 3765 43 26 the
2434 3766 75 31 price.
2552 3766 44 32 My
2620 3766 114 31 Glasgow
2756 3766 90 32 buyers

2310 3803 114 32 pounced
2439 3812 68 24 upon
2527 3812 15 16 a
2564 3803 52 25 line
2637 3804 67 25 fresh
2723 3803 64 26 from
2795 3821 4 15 :
2802 3804 44 25 the

2311 3842 95 29 looms,,
2410 3843 72 23 made
2494 3842 121 24 excellent
2625 3843 76 23 terms
2721 3842 61 24 with
2802 3842 44 25 the

2311 3879 95 29 maker,
2415 3879 102 32 shipped
2528 3881 26 23 at
2566 3887 61 17 once
2638 3881 27 23 to
2672 3887 49 22 me,
2732 3880 50 24 and
2787 3880 60 26 here

2312 3920 59 31 they
2382 3928 49 22 are,
2444 3929 66 17 some
2523 3922 48 23 100
2582 3921 90 31 pieces,
2679 3920 50 24 and
2735 3921 14 24 I
2759 3921 88 25 intend

2312 3962 26 23 to
2349 3960 73 24 make
2434 3969 14 15 a
2459 3960 70 25 noise
2549 3960 77 25 about
2648 3960 71 26 them
2727 3968 8 22 ;
2747 3969 32 17 no
2799 3969 48 17 one

2313 4000 48 24 else
2373 4000 47 24 has
2431 4000 41 25 the
2483 4001 113 31 patterns
2602 4009 7 21 ;
2620 4009 35 17 no
2676 4009 49 17 one
2747 4001 52 25 else
2820 4002 28 24 m

2313 4038 44 25 the
2368 4038 70 25 trade
2448 4045 46 18 can
2507 4038 61 25 offer
2584 4038 62 26 such
2657 4040 81 24 value.
2772 4049 3 5 ■

2341 4076 256 25 FLANNELETTE
2613 4078 29 24 2s
2660 4078 190 33 llddozenyds

2314 4125 28 16 or
2352 4125 48 22 any
2410 4117 88 30 length
2509 4118 43 22 cut
2564 4118 27 23 at
2610 4118 33 23 3d
2660 4125 45 23 per
2721 4118 73 31 yard.
2828 4120 22 23 A

2315 4154 112 32 splendid
2442 4162 77 24 range
2536 4155 27 24 of
2577 4157 121 29 patterns.
2798 4167 3 13 i

2478 4264 79 21 ALL
2574 4265 118 22 WOOL

2338 4320 215 40 WELLINGTON
2580 4320 118 40 TWEED
2727 4322 101 40 SUITS

2361 4383 441 65 Eeduq^dMi9/6

2450 4492 81 33 (Sixes
2543 4495 23 23 1.
2584 4494 25 24 2.
2627 4495 53 33 2ft.)

2330 202 209 41 l*lH£8
2543 207 5 11 v
2566 205 266 42 .JACK£TB

2420 272 80 32 New
2522 273 78 32 This
2621 275 124 31 Season

2314 346 36 30 8s
2373 346 41 30 66.
2456 347 145 33 Reduced
2615 349 80 32 from
2749 352 57 30 12s
2827 353 19 30 6

2315 406 38 30 15
2376 407 41 30 6d
2541 433 20 13 
2644 435 18 14 „
2752 413 54 30 20s
2827 416 19 28 0

2335 501 28 41 f
2367 502 58 41 Up
2447 504 139 42 lINEB
2620 507 204 41 CiOAKES

2315 565 53 29 12s
2392 566 38 29 6d
2461 567 148 32 Reduced
2625 571 82 30 from
2729 572 54 30 30s
2806 574 19 28 0

2458 628 122 33 Giving
2601 631 104 32 Away

2326 677 120 33 Ladies'
2468 680 126 33 Jackets
2616 687 34 27 at
2672 684 52 40 3/6
2746 686 84 30 each.

2311 806 243 50 KAIAPOI
2596 811 248 49 TWEEDS.

2311 889 120 79 FULL
2446 891 142 33 RANGE
2601 895 35 30 of
2643 894 62 32 this
2719 896 125 32 Season'

2388 931 144 33 Patterns
2552 938 33 28 to
2615 936 92 32 hand.

2564 987 26 24 at

2411 1027 37 32 R,
2474 1027 41 31 .H
2536 1029 198 34 PARISH'S

2453 1087 90 28 EAST
2561 1090 146 28 OXFORD.

2454 1180 2 2 •
2565 1174 33 18 .4.
2678 1170 1 16 :
2679 1183 33 4 —

2762 1201 4 21 i

2422 1242 317 35 PARISH'S

2552 1537 260 45 YOUTHS'

2353 1600 133 98 /■■l
2581 1633 65 36 •*#
2675 1635 105 36 Wool

2340 1696 118 61 IMW
2512 1716 177 25 GOLONIAL
2713 1719 128 24 TWEED

2557 1790 216 36 SUITS

2348 1874 127 33 From
2498 1876 89 40 12/6
2608 1884 72 32 per
2702 1879 93 37 suit.

2433 1933 80 34 (three
2530 1935 145 33 garments.)

2310 1978 92 26 Cannot
2413 1979 27 24 he
2446 1980 135 31 purchased
2592 1984 25 20 at
2633 1980 170 26 Ghristehureh
2813 1990 28 16 or

2421 2023 123 25 elsewhere
2555 2028 25 19 at
2587 2024 36 23 the
2630 2025 78 30 price.

1742 2819 315 82 BURRELL
2082 2822 193 99 BROB.,

1856 2922 316 44 Photographers
2222 2922 3 13 :

1743 2974 189 39 VICTORIA
1955 2974 148 49 STUDIO,
2127 2975 61 39 CH.
2214 2975 66 41 CH,

1825 3026 69 24 Take
1912 3026 41 24 the
1970 3026 56 24 lead
2044 3033 60 17 once
2120 3033 70 17 more

1745 3069 66 39 Our
1819 3069 247 51 Photographs
2073 3070 206 50 alltherage

1745 3131 106 80 Wo!
1858 3138 40 14 our
1907 3131 51 20 well
1964 3131 81 20 known
2054 3131 82 26 highly
2151 3133 18 17 1
2178 3134 30 17 A
2223 3131 52 20 :/A

1811 3158 100 21 finished
1926 3157 222 22 namelledCabinets
2156 3152 13 27 1
2176 3152 14 27 1
2195 3158 14 21 1
2221 3152 54 32 /1%

1968 3186 35 19 for
2030 3186 55 23 «r
2152 3174 76 38 IU/
2244 3174 32 37 U

1745 3252 16 37 1
1774 3250 103 39 dozen
1897 3250 204 39 Enamelled
2117 3252 162 38 Cabinets

1743 3302 97 40 with
1852 3312 60 29 one
1920 3301 212 40 15kl2Matt
2142 3303 136 40 surface

1745 3355 295 45 Enlargement
2056 3355 223 50 Beautifully

1853 3400 147 38 Framed
2023 3400 51 38 for
2096 3402 62 37 £1.

1744 3448 61 25 This
1816 3449 22 24 is
1849 3456 33 17 no
1893 3449 81 26 sham,
1985 3448 47 25 but
2043 3456 15 17 a
2070 3449 51 24 real
2132 3450 47 32 gift
2190 3450 37 24 for
2235 3450 44 24 the

1744 3488 98 31 coming
1861 3487 122 32 holidays.
2025 3487 46 24 All
2091 3488 66 25 work
2173 3488 63 25 done
2247 3488 32 32 by

1746 3525 159 31 experienced
1927 3525 89 24 hands.
2068 3525 148 25 Remember
2235 3534 45 16 our

1761 3562 154 29 Concession,
1925 3564 31 23 18
1969 3564 26 23 to
2006 3563 43 24 the
2056 3563 78 25 dozen
2146 3563 38 25 for
2193 3564 68 33 10/6.

1745 3604 59 24 This
1823 3603 43 25 the
1884 3604 58 31 only
1957 3604 61 24 time
2033 3604 26 24 m
2078 3604 43 25 the
2141 3604 103 33 History
2256 3604 27 26 of

1744 3642 178 32 Photography
1934 3642 56 24 that
2008 3642 62 25 such
2087 3650 14 16 a
2125 3644 91 24 chance
2226 3643 54 25 :has

1745 3689 55 16 ever
1821 3680 59 24 been
1899 3680 106 31 brought
2025 3680 81 24 before
2126 3682 43 23 the
2188 3682 91 31 public,

1745 3720 50 25 and
1805 3729 58 23 may
1875 3728 75 18 never
1965 3728 74 18 occur
2061 3722 81 31 again.
2163 3722 38 24 Sit
2212 3723 69 30 early

1745 3760 184 32 appointments
1942 3759 90 26 should
2043 3759 30 26 be
2084 3760 73 26 made
2175 3761 21 25 if
2213 3770 68 23 poss-

1745 3798 57 25 ible.
1825 3798 199 25 REMEMBER
2045 3798 69 25 OUR
2129 3799 62 25 BIG
2204 3800 76 25 CON-

1747 3837 147 26 CESSION
1906 3838 68 25 FOR
1990 3839 14 22 2
2016 3838 144 26 MONTHS
2181 3823 100 42 OnEy.

1746 3910 99 26 Letteis
1856 3910 33 33 by
1899 3912 57 30 post
1967 3912 148 32 punctually
2127 3912 118 26 attended
2257 3920 25 18 to

1761 3971 225 27 PICTURE
2033 3964 237 36 FRAMING

1766 4023 7 9 ,
1897 4004 25 21 m
1931 4005 33 20 all
1972 4005 32 20 its
2012 4005 121 21 branches.

1748 4036 165 25 BURRELL
1929 4036 107 29 BROS.,
2058 4037 208 33 Photographers,

1875 4076 110 25 Victoria
1997 4079 85 26 street,
2094 4077 190 26 Christchurcb.

1749 4119 110 31 opposite
1881 4118 33 24 he
1925 4119 129 24 Salvation
2066 4120 76 31 Army
2154 4120 130 26 Barracks.

1888 4253 118 34 Copies
2026 4264 42 22 of
2067 4256 5 12 1
2086 4265 64 22 the

1804 4306 174 33 OXFORD
2011 4308 222 33 OBSERVER

1868 4371 34 17 an
1924 4362 32 26 be
1979 4363 120 26 obtained
2121 4366 27 24 at

1770 4400 157 27 ARGILL'S
1939 4409 87 17 corner
2049 4402 27 24 of
2090 4402 140 27 CASHEL
2240 4403 49 27 and

1827 4466 4 9 ;
1845 4440 186 34 .COLQMBQ,
2035 4441 155 29 STREETS

1927 4480 188 28 Christchurch.
2151 4503 6 3 .

1807 199 195 42 MUSICAL
2043 201 178 42 TUITION

1751 267 140 39 PIANO,
1920 267 186 39 SINGING,
2130 269 156 38 VIOLIN,

1792 309 147 31 ORGAN
2003 309 86 31 ETC.
2152 312 92 30 ETC.

1854 381 63 30 MR
1953 381 31 30 S.
2015 382 181 34 MAYSON.

1751 441 65 31 Has
1852 444 160 30 vacancies
2040 444 48 29 for
2109 446 100 38 pupils
2252 447 32 29 m

1878 489 96 30 above
2011 489 144 40 subjects.

1849 603 86 26 Terms
1964 611 32 18 on
2025 604 158 32 application.

1749 702 189 45 Pianos
1960 703 99 44 and
2085 703 197 57 Organs

1877 769 78 24 tuned
1972 769 50 25 and
2038 770 121 32 repaired.

1747 892 116 26 AGENT
1882 895 68 24 FOR
1967 895 136 30 MILNER
2114 897 167 26 THOMSON

1892 993 84 42 FOR
2020 994 114 43 SALE

1780 1082 48 25 AN
1842 1083 157 26 UPRIGHT
2011 1084 118 26 GRAND
2142 1086 105 26 PIANO
2288 1095 2 24 ;

1779 1156 169 26 Instruments
1960 1164 45 18 can
2016 1158 31 25 be
2063 1161 121 29 procured
2195 1168 31 17 on
2238 1161 42 24 the
2288 1161 2 32 j

1746 1197 58 25 time
1819 1203 120 27 payment
1950 1203 97 28 system.
2288 1215 2 12 i

1888 1244 76 25 From
1976 1246 33 23 £1
2028 1254 15 16 a
2054 1247 94 24 month.

1812 1331 117 27 SHEET
1941 1333 108 26 MUSIC
2058 1334 37 25 IN
2106 1334 108 27 STOCK

1746 1378 144 39 SONGS,
2112 1384 168 31 DUETTS

1894 1428 119 26 VIOLIN
2026 1429 115 26 SOLOS.

1745 1476 116 26 Addrass.
1863 1492 32 5 —
1897 1478 118 32 Opposite
2044 1480 73 25 Bank
2134 1481 28 24 of
2187 1481 32 25 N.
2249 1483 31 24 Z.

1938 1532 147 27 OXFORD.

1774 1667 241 46 CANCER
2045 1670 205 46 CURED

1923 1754 150 22 WITHOUT

1742 1807 27 30 A
1793 1808 214 32 SURGICAL
2037 1810 240 33 OPERATION

1775 1877 50 23 For
1837 1878 101 29 further
1950 1880 157 29 particulars
2122 1881 73 30 apply
2208 1884 23 20 to
2243 1880 36 24 the

1793 1920 123 25 OFFICE
1936 1920 44 26 OF
2004 1920 82 26 THIS
2103 1921 122 26 PAPER.

1742 2044 224 27 PREVENTION
1984 2045 32 26 IS
2033 2045 138 26 BETTER
2183 2047 94 25 THAN

1975 2085 103 26 CURE.

1855 2160 53 24 that
1920 2159 44 25 the
1975 2159 131 25 Influenza
2117 2160 128 32 Epidemic
2255 2161 22 25 is

1742 2184 32 32 li
1816 2192 75 25 about
1911 2193 41 24 the
1970 2193 182 32 neighbouring
2169 2194 109 25 districts

1741 2233 33 16 no
1786 2224 74 26 home
1872 2226 88 24 should
1972 2225 29 25 be
2012 2226 105 25 -without
2128 2227 43 25 the
2191 2227 85 32 Platy-

1742 2265 46 23 pus
1793 2257 86 25 Brand
1891 2258 25 24 of
1927 2259 154 29 Eucalyptus
2092 2259 122 25 Globulus
2225 2260 51 23 Ex-

1742 2291 63 23 tract
1818 2291 26 23 to
1856 2289 29 25 be
1898 2290 74 24 taken
1985 2298 66 24 upon
2068 2299 81 24 mgar,
2170 2300 29 16 or
2215 2292 25 24 m
2261 2301 15 15 a

1742 2323 65 24 little
1818 2323 71 24 milk.
1925 2324 51 23 The
1987 2327 66 21 most
2068 2325 147 24 convenient
2227 2325 50 24 and

1742 2356 112 32 pleasant
1865 2364 54 25 way
1931 2361 26 20 to
1969 2357 57 24 take
2049 2356 154 33 Eucalyptus
2215 2358 22 25 is
2249 2358 28 25 m

1742 2389 32 25 he
1786 2389 119 32 Platypus
1917 2390 86 24 Brand
2023 2390 27 24 of
2067 2391 144 31 Euacyptus
2232 2392 43 24 Ju-

1739 2421 82 32 jubes,
1833 2423 58 31 they
1903 2431 41 17 are
1952 2423 26 24 m
1988 2423 61 25 such
2059 2431 15 16 a
2081 2424 124 30 palatable
2212 2425 64 24 form

1742 2456 112 31 pleasant
1896 2457 26 23 to
1955 2457 71 27 taste,
2066 2457 132 31 antiseptic
2227 2457 50 25 and

1742 2488 140 26 stimulant.
1927 2489 115 32 Sprinkle
2065 2497 62 24 your
2153 2490 123 26 handker-

1743 2521 67 25 chief
1818 2523 49 23 and
1887 2530 82 18 rooms
1981 2523 59 25 with
2060 2525 41 23 the
2120 2523 41 25 oil.

1743 2574 27 26 BE
1780 2574 58 26 SURE
1844 2574 43 26 YOU
1896 2574 117 26 PURCHASE
2021 2575 45 25 THE
2075 2575 114 25 PLATYPUS
2197 2576 80 26 BRAND.

1819 2620 32 24 R.
1863 2620 92 24 Parish
1966 2620 83 31 Agent
2059 2620 39 25 for
2110 2620 101 25 Oxford.

1744 2662 74 25 Office
1826 2662 39 25 No
1875 2664 14 23 9
1903 2662 174 32 Cathedralsq.
2089 2662 181 26 Christchurch

1324 195 266 47 NOTICE.

1188 269 22 57 I
1228 271 47 30 beg
1293 272 26 23 to
1336 270 91 25 inform
1456 272 43 24 the
1521 271 154 25 inhabitants
1698 272 27 24 of

1228 303 94 25 Oxford
1333 304 50 24 and
1391 304 44 25 the
1443 304 84 31 public
1536 304 122 32 generally
1666 305 57 24 that

1188 340 14 24 I
1212 340 63 26 have
1294 342 75 24 taken
1380 350 58 17 over
1456 343 43 23 the
1511 342 113 25 business
1647 342 75 32 lately

1188 382 95 24 carried
1294 390 33 16 on
1336 382 33 31 by
1378 382 137 26 MESSRS
1533 382 189 25 GRIFFITHS

1187 420 96 26 BROS.
1297 421 103 25 General
1410 421 110 26 Carriers
1541 421 51 25 and
1607 423 65 23 trust
1689 421 33 32 by

1188 458 123 25 attention
1320 460 25 23 to
1358 458 113 26 business
1482 462 27 22 to
1520 461 74 23 merit
1614 469 13 14 a
1650 460 71 24 share

1188 497 26 24 of
1219 497 84 31 public
1315 500 110 29 support.
1592 522 3 5 ,
1623 519 2 4 .

1220 545 108 25 Covered
1339 546 72 25 Vans
1422 547 51 24 will
1483 556 48 15 run
1552 548 65 24 from
1629 547 92 26 Oxford
1728 547 1 22 1

1188 590 24 23 to
1224 589 127 32 Rangiora
1374 590 49 25 and
1447 590 178 26 Christchurcb.
1649 599 71 26 every
1724 595 5 35 .j

1187 636 152 30 MONDAY,
1353 636 228 30 WEDNESDAY,
1592 637 128 26 FRIDAY

1377 676 150 31 Returning.

1186 714 162 25 TUESDAY
1404 715 189 25 THURSDAY
1649 714 71 26 AND

1346 753 209 25 SATURDAY'S

1217 796 134 24 Furniture
1363 796 49 24 and
1424 796 84 25 Goods
1531 796 27 25 of
1578 804 73 24 every
1670 797 48 25 dis-

1184 834 112 30 cription,
1309 834 91 31 packed
1412 834 50 24 and
1473 834 115 25 removed
1600 836 26 23 at
1638 834 80 26 short-

1184 876 37 20 est
1232 874 90 24 notice.

1217 918 140 25 ORDERS
1377 919 129 25 entrusted
1518 921 25 23 to
1555 920 43 24 Mr
1608 920 32 25 L.
1652 920 65 25 Grit

1183 957 48 24 fifcb.
1243 955 98 32 Oxford,
1360 959 51 23 who
1423 959 50 25 will
1492 963 40 21 act
1544 968 27 16 as
1582 968 43 24 my
1637 963 80 29 agent,

1183 1004 27 18 or
1222 999 26 23 to
1259 997 28 25 C.
1299 997 30 25 A.
1342 997 75 33 Tyler
1423 999 135 31 Rangiora,
1568 1000 49 25 will
1626 1001 92 25 receive

1183 1037 99 30 prompt
1302 1036 133 24 attention.

1369 1076 27 26 C.
1416 1076 29 25 A.
1465 1076 120 26 TYLER

1565 1112 152 32 Proprietor.

1527 1155 2 2 ■

1198 1279 510 47 DRESSMAKING.

1263 1389 96 32 MISS
1382 1392 34 30 E,
1433 1392 200 37 HAWKER,

1183 1446 10 39 (
1203 1446 93 40 Pupil
1311 1448 33 29 of
1363 1448 74 31 Miss
1452 1448 138 41 Keating
1612 1448 104 32 Scien-

1179 1488 65 30 tific
1255 1488 208 39 Dressmaker,
1479 1488 235 42 Christchurch)

1221 1540 80 39 Begs
1323 1544 34 26 to
1391 1542 115 30 inform
1541 1542 56 31 her
1626 1543 90 39 Lady

1179 1580 131 31 Friends
1368 1581 55 31 she
1436 1582 27 30 is
1478 1590 72 22 now
1564 1584 151 39 prepared

1178 1624 33 26 to
1226 1622 89 30 make
1333 1622 118 31 dresses
1464 1624 34 29 m
1512 1623 203 32 Fashionable

1179 1662 60 30 and
1244 1661 109 32 Latest
1364 1663 106 41 styles,
1483 1667 32 27 at
1526 1664 189 32 Reasonable

1179 1702 134 41 charges.

1229 1754 49 25 She
1317 1755 47 25 has
1393 1757 122 30 arranged
1551 1757 37 25 for
1616 1761 99 29 present

1179 1794 197 26 WORKROOM
1400 1798 26 23 at
1456 1796 69 26 MRS
1546 1798 167 26 ESKETT'S

1178 1834 118 30 Opposite
1308 1834 73 24 Bank
1392 1835 27 24 of
1428 1835 63 24 New
1501 1836 111 24 Zealand
1622 1837 92 25 Oxford

1303 1878 54 31 Bay
1369 1878 69 24 Road
1452 1878 134 26 Entrance.

1311 2023 265 47 NOTICE.

1421 2130 67 26 TO

1192 2187 363 42 WAIMAKARIRI-ASHLEY
1585 2192 114 39 WATER

1256 2273 125 39 SUPPLY
1404 2274 240 40 CONTRACTORS

1205 2340 54 21 Just
1267 2341 105 21 received
1381 2349 14 13 a
1402 2342 158 27 consignment
1568 2344 23 21 of
1607 2345 82 27 strong

1178 2409 259 45 MOLESKIN
1465 2413 249 43 TROUSERS

1413 2473 46 14 AND

1199 2508 241 41 COTTON
1470 2511 225 41 SHIRTS

1179 2596 52 39 for
1247 2598 94 48 price
1357 2599 69 37 and
1442 2600 143 50 quality
1599 2601 64 38 not
1676 2601 37 38 to

1343 2666 41 39 be

1228 2734 33 38 A
1289 2734 134 50 Special
1446 2735 112 51 Cheap
1581 2735 83 41 Line

1177 2803 225 47 WELSH
1423 2805 291 49 FLANNEL

1275 2885 38 26 for
1329 2888 81 24 men's
1428 2888 143 26 undershirt
1589 2891 46 24 etc.

1237 2948 41 30 R.
1292 2948 42 33 H,
1351 2950 169 38 PARISH,
1536 2952 137 31 Draper

1462 3026 85 31 East
1569 3028 143 31 Oxford.

1225 3180 25 20 A.
1265 3181 88 20 Flesher
1364 3181 18 27 ].
1583 3184 35 27 [f.
1632 3186 79 21 Fuller.

1192 3226 205 42 FLESHER
1419 3230 69 40 ana
1511 3231 186 40 FULLER.

1338 3307 3 3 .
1357 3286 180 27 SOLICITORS,
1584 3307 3 3 .

1218 3325 13 19 9
1242 3323 124 22 Cathedral
1376 3325 93 26 Square,
1485 3327 189 23 Christchurch.

1181 3358 115 28 (Between
1306 3359 110 21 Morten's
1425 3360 117 28 buildings
1551 3363 18 20 &
1579 3363 56 20 Post
1642 3363 73 21 Office.

1219 3394 188 56 Money
1435 3398 54 40 to
1525 3397 143 44 Lend

1179 3461 36 20 On
1224 3461 32 19 all
1264 3461 57 19 kind
1331 3461 24 19 of
1364 3461 111 28 Security,
1484 3463 26 20 at
1527 3462 57 22 Low
1597 3464 78 21 Bates
1693 3464 24 22 of

1176 3513 3 5 ■
1206 3504 107 21 Interest.
1343 3504 88 27 Special
1444 3506 78 21 Termß
1531 3506 36 21 for
1576 3507 110 22 Farmers.

1279 3636 135 44 FOR
1440 3637 181 44 SALE.

1181 3750 52 41 J.
1294 3750 394 50 FARLAITE,

1173 3799 2 46 !
1285 3812 112 31 EAST
1419 3812 185 31 OXFORD.

1223 3859 66 30 Has
1304 3871 40 19 on
1360 3861 84 29 hand
1460 3871 18 19 a
1503 3861 142 38 splendid
1673 3861 45 30 lot

1183 3908 33 31 of
1230 3908 144 36 BACON
1390 3908 62 31 and
1467 3908 112 31 LARD
1590 3909 51 31 for
1656 3910 63 31 sale

1183 3958 82 29 from
1280 3967 18 19 a
1313 3957 106 40 pound
1434 3960 33 27 to
1482 3968 19 19 a
1514 3960 64 28 ton.

1280 4003 106 34 Bacon
1400 4004 71 41 pigs
1486 4005 130 40 bought.

1184 4146 47 47 J.
1253 4148 55 44 T.
1336 4146 201 56 Brown,
1559 4148 41 45 &
1621 4148 102 45 Son

1239 4214 111 21 TIMBER
1360 4216 18 21 &
1388 4215 73 22 COAL
1475 4215 183 22 MERCHANTS.

1294 4271 9 13 v
1360 4254 166 21 IMPOBTEES

1185 4289 37 29 Of
1250 4289 141 30 TIMBER
1421 4292 54 27 and
1505 4292 50 27 All
1584 4291 88 28 Kinds
1696 4291 28 28 of

1239 4336 189 29 BUILDING
1439 4365 3 5 .
1452 4337 224 29 MATERIALS.
1716 4361 3 6 .

1376 4383 154 28 CORNER

1186 4424 167 27 COLOMBO
1393 4426 19 23 &
1440 4425 46 26 TU
1488 4426 51 25 AM
1569 4425 156 26 STREETS

1345 4468 196 28 Chbwxohuboh

681 444 172 32 OXFORD
877 443 88 31 AND
991 442 105 32 CUST

636 496 500 46 EXCURSION

869 571 39 21 TO

695 625 400 45 LYTTELTON

620 692 275 36 WEDNESDAY,
906 692 92 31 OCT.
1009 695 47 29 23.
1076 695 80 29 1895

619 794 145 26 FARES—
767 794 91 24 Oxford
870 798 26 20 to
908 794 130 32 Lyttelton

648 837 67 25 First
727 837 68 25 Class
812 837 42 32 5/9
874 837 96 25 Second
988 837 70 25 Class
1076 838 37 31 8/-

616 879 118 26 Children
741 880 80 25 under
829 881 30 24 15
873 880 67 25 First
949 880 42 32 2/6
1001 880 95 25 Second
1104 882 13 23 1
1125 880 30 33 /4

769 923 61 25 Cust
842 925 26 23 to
885 923 129 31 Lyttelton

651 966 66 25 First
734 966 71 26 Class
823 968 43 31 4/9
886 967 97 25 Second
1001 967 71 25 Class
1090 968 43 31 2/6

619 1006 116 30 Children
748 1010 78 24 under
835 1011 30 23 15
877 1010 67 25 First
953 1010 42 32 2/2
1010 1010 94 26 Second
1112 1010 40 33 1/2

650 1053 49 24 For
707 1053 96 24 further
815 1053 147 30 particulars
976 1061 39 16 see
1028 1053 109 25 Posters.

712 1239 331 46 TENDERS.

614 1326 171 35 rfIENDERS
797 1335 42 17 are
850 1328 94 24 invited
965 1331 38 21 for
1012 1328 43 24 the
1067 1328 82 24 PUR-

618 1354 22 31 I
662 1360 112 26 CHASE
788 1361 24 24 of
823 1361 156 25 COTTAGE
999 1361 51 25 and
1073 1362 74 25 SEC-

615 1398 90 29 TION,
732 1399 113 26 Situated
874 1402 25 22 at
936 1399 93 25 VIEW
1055 1399 94 29 HILL,

615 1442 152 32 comprising
791 1442 26 25 of
833 1443 54 23 four
907 1442 74 25 Acres
1004 1443 79 32 thirty
1103 1445 49 23 two

614 1486 110 35 perches,
732 1494 28 17 or
769 1485 164 30 thereabouts,
946 1486 77 32 lately
1032 1486 118 32 occupied

615 1527 30 31 by
657 1526 31 25 G.
699 1525 30 26 B.
738 1525 142 26 FORDEN
893 1526 126 25 deceased.

648 1570 107 23 Tenders
782 1571 26 22 to
836 1569 30 24 be
894 1570 133 24 addressed
1063 1572 27 22 to
1120 1570 27 24 S.

614 1612 130 28 Mo'KEE,
765 1612 64 24 East
841 1612 93 24 Oxford
950 1614 45 22 not
1007 1612 62 25 later
1085 1613 63 25 than

614 1656 15 23 4
640 1663 25 23 p.
677 1662 34 17 m.
733 1654 131 32 Thursday
879 1654 104 26 October
998 1655 61 25 17th
1073 1657 73 24 1895.

615 1698 100 32 Signed,
762 1699 87 23 tender
878 1699 38 24 for
940 1698 109 26 Section.
1096 1700 53 25 The

612 1741 101 32 highest
725 1750 27 16 or
770 1749 48 24 any
830 1742 86 24 tender
931 1744 45 23 not
996 1744 152 33 necessarily

613 1775 125 32 accepted.

706 1923 330 47 TENDERS.

610 1994 160 26 TENDERS
788 2003 41 16 are
855 1995 94 25 invited
969 1995 38 25 for
1026 1996 42 25 the
1080 1996 68 32 right

609 2038 26 21 to
644 2036 42 23 cut
694 2034 43 25 the
748 2043 69 24 grass
829 2034 27 25 m
868 2035 43 25 the
923 2036 93 24 Oxford
1026 2038 122 31 cemetery

609 2076 24 23 to
645 2074 126 33 February
793 2076 73 24 1896.
899 2075 166 26 TENDERS
1078 2078 26 24 to
1116 2078 28 24 be

608 2116 54 24 sent
685 2118 24 21 te
732 2116 43 24 the
802 2115 135 26 Chairman
960 2124 33 18 on
1016 2124 27 17 or
1066 2116 80 26 before

608 2153 105 26 October
723 2153 61 26 14th
797 2154 73 25 1895.

665 2295 98 46 £20
775 2294 318 45 REWARD.

651 2380 68 30 £20
744 2379 138 31 Reward
905 2379 65 31 will
996 2384 35 26 be
1056 2380 91 39 given

608 2421 51 30 for
674 2422 75 29 such
772 2421 198 29 information
1002 2420 68 30 that
1084 2421 65 29 will

609 2462 71 30 lead
701 2465 33 27 to
758 2461 52 31 the
838 2461 261 31 CONVICTION
1115 2461 34 31 of

609 2504 53 30 the
692 2502 225 32 OFFENDER
930 2502 71 32 who
1025 2502 53 32 did
1109 2513 39 20 on

610 2556 35 19 or
660 2546 95 29 about
784 2545 52 29 the
861 2545 75 29 18th
965 2544 183 30 SEPTEM-

611 2586 98 30 BER.
753 2586 62 29 Put
828 2596 19 19 a
868 2586 69 29 mob
961 2586 33 29 of
1010 2584 139 31 SHEEP

610 2629 33 27 m
671 2638 52 28 my
755 2627 133 39 (locked)
919 2628 144 37 paddock
1104 2628 44 37 by

611 2668 53 30 the
679 2668 120 30 Oxford
814 2668 61 29 and
896 2666 145 31 Sheffield
1067 2666 81 31 Rail-

612 2718 68 29 way
695 2709 61 29 line
772 2718 40 19 on
834 2708 53 29 the
913 2706 113 31 VIEW
1040 2707 107 30 HILL

612 2750 61 30 and
714 2748 200 31 EYRETON
955 2748 83 37 road,
1088 2749 62 30 and

612 2791 74 31 took
709 2791 84 30 from
818 2801 40 20 an
885 2790 160 41 adjoining
1068 2791 79 39 pad-

612 2833 97 30 docok
725 2834 37 29 18
777 2832 33 30 of
819 2842 52 31 my
885 2835 60 27 two
969 2833 87 30 tooth
1069 2833 79 29 half-

615 2875 75 29 bred
705 2875 103 38 sheep.

839 2935 34 30 F.
901 2934 163 31 CROWE.

757 3070 265 44 NOTICE.

612 3188 254 26 /TRESPASSERS
896 3195 59 21 are,
980 3186 168 26 STRICTLY

617 3213 22 34 1
660 3221 215 26 PROHIBITED
909 3221 64 25 from
1002 3221 76 32 going
1106 3222 44 23 out

613 3262 60 24 with
685 3263 68 30 Dogs
765 3262 48 23 and
825 3261 72 24 Guns
921 3270 33 16 on
983 3261 43 24 the
1054 3261 94 25 VIEW

614 3300 85 25 HILL
716 3299 79 30 RUN,
809 3307 27 17 as
848 3299 43 25 the
908 3299 127 32 Lambing
1052 3299 96 26 Season

614 3341 46 24 has
671 3349 56 16 now
738 3339 170 26 commenced.

648 3380 208 25 OFFENDERS
887 3380 37 32 (if
935 3381 65 32 any)
1030 3380 50 24 will
1119 3379 31 26 be

614 3419 66 25 dealt
697 3419 61 25 with
769 3418 130 31 according
911 3420 26 22 to
948 3419 57 23 law.

852 3457 33 25 D.
904 3457 32 25 G.
949 3457 200 26 MATHESON.

732 3597 82 46 TO
890 3597 144 45 LET.

657 3678 38 28 20
711 3676 133 30 ACRES
859 3677 34 29 of
915 3677 90 29 Land
1035 3679 30 26 to
1094 3675 57 30 Let

615 3724 50 31 for
680 3724 222 31 CROPPING.
944 3724 109 40 Apply
1064 3727 32 26 to

792 3771 37 33 R.
857 3771 169 33 FISHER.

918 3812 89 30 West
1021 3812 130 30 Oxford.

762 3945 257 45 NOTICE.

620 4068 168 31 T)ERSONS
811 4067 237 27 TRESPASSING
1066 4075 33 17 on
1115 4075 40 24 my

619 4099 24 28 I
671 4102 96 24 FARM
796 4101 51 25 will
871 4102 28 23 be
927 4100 232 28 PROSECUTED.

619 4141 61 23 after
694 4140 52 24 this
762 4139 96 25 Notice.

889 4180 90 27 JOHN
997 4180 126 27 BROWN

867 4232 11 13 ■:
897 4236 23 4 •••
959 4224 105 25 Browns
1078 4223 77 26 Rock.

679 4348 46 46 C.
768 4347 331 56 CLEAVER,

815 4432 145 22 CARRIER

621 4474 130 39 OXFORD
789 4474 45 39 TO
863 4470 280 45 GHRISTGHURCH.

40 208 36 46 1
187 201 265 48 NOTICE.

71 256 8 14 v

121 296 249 27 WAIMAKARIRI-
374 295 139 25 ASHLEY
533 310 2 14 ;
581 284 4 7 '

144 352 7 7 .
185 335 269 28 WATER-SUPPLY

209 395 3 2 .
259 375 123 26 BOARD.

52 460 115 21 NOTICE
192 461 39 20 OF
254 459 168 22 INTENTION
444 458 39 21 TO
506 458 82 21 TAKE

67 494 113 21 WATER
198 495 84 21 FROM
305 495 140 20 COOPER'S
466 493 109 21 CREEK:

109 545 115 21 Pursuant
245 546 25 20 to
290 547 40 19 the
339 552 40 20 pro
383 546 81 20 visions
483 545 24 21 of

51 572 84 20 Water
154 573 86 25 Supply
262 573 49 24 Act,
412 573 46 20 and
475 573 41 20 the
534 573 55 19 Acts

54 599 125 26 amending
189 600 40 20 the
239 606 67 19 same,
321 601 45 19 and
381 599 34 21 till
421 600 65 21 other
503 606 85 19 powers

53 627 28 19 m
90 626 53 20 that
151 627 78 20 behalf
238 627 122 21 thereunto
375 628 107 25 enabling
490 627 70 20 them:
562 639 28 2 —

55 653 124 49 NOTICE
187 654 20 20 is
217 655 85 25 hereby
319 655 75 25 given,
405 655 50 20 that
473 655 20 19 it
512 654 19 20 is
549 654 40 21 the

116 681 113 21 intention
238 682 24 20 of
275 682 41 21 the
330 682 259 26 Waiinakariri-Ashley

55 707 82 21 Water
147 709 86 25 Supply
243 709 82 23 Board,
335 709 60 21 after
405 710 39 20 the
461 709 127 26 expiration

54 734 26 20 of
88 735 83 25 Thirty
180 736 56 25 days
247 736 56 20 from
313 736 40 21 the
363 737 139 26 publication
512 737 24 19 of
541 736 47 20 this

54 761 119 26 NOTICE,
199 764 24 19 to
247 764 54 19 take
320 765 69 19 water
407 764 58 20 from
485 764 103 25 Cooper's

55 788 73 21 Creek
134 797 6 15 ;
151 789 52 23 and,
215 790 35 20 for
259 791 40 20 the
309 797 95 20 purpose
412 792 22 18 of
443 790 80 26 taking
533 790 55 20 such

53 816 81 23 water,
144 817 117 20 construct
273 823 14 14 a
296 818 52 19 dam
357 824 74 13 across
450 818 40 19 the
509 818 77 21 Creek,

53 843 27 19 at
96 850 14 13 a
121 844 65 24 point
205 850 28 14 on
252 844 40 20 the
311 844 77 24 Creek,
408 844 101 21 situated
519 845 69 19 about

54 869 15 21 7
76 869 79 20 chains
167 872 22 18 to
203 870 40 20 the
253 870 72 20 South
334 872 24 18 of
367 872 39 19 the
414 871 72 20 North
488 872 100 19 erninost

52 901 82 16 corner
149 897 25 20 of
195 897 71 20 Rural
282 897 97 26 Section,
393 898 74 21 20255.

83 933 57 26 And,
153 934 109 21 NOTICE
273 935 19 20 is
304 935 47 21 also
360 936 84 26 hereby
452 937 74 25 given,
535 936 53 20 that

56 961 70 21 Plans
136 961 103 27 showing
244 962 39 21 the
293 963 98 26 position
398 963 24 20 of
430 963 41 21 the
479 964 109 26 proposed

53 988 91 23 Intake,
167 989 101 21 certified
299 996 24 14 as
346 990 104 27 required
481 992 28 25 hy
528 990 60 21 SuL-

54 1016 113 24 sectionl,
187 1017 23 19 of
234 1017 89 20 Section
334 1018 32 23 13,
389 1018 25 20 of
509 1018 79 21 Water

53 1043 89 25 Supply
152 1044 48 22 Act,
297 1044 57 20 have
364 1044 57 21 been
436 1045 117 25 deposited
563 1045 25 20 at

52 1069 43 21 the
104 1070 110 20 Resident
223 1070 156 27 Magistrate's
392 1071 69 20 Court
470 1071 83 25 House,
563 1072 26 19 at

55 1096 92 25 Oxford,
160 1097 45 20 and
214 1097 50 21 also
278 1099 24 19 at
315 1098 39 21 the
365 1099 66 20 Office
440 1098 25 21 of
483 1099 39 20 the
537 1098 51 21 said

54 1123 81 24 Board,
146 1125 26 19 at
180 1124 86 21 Oxford
272 1133 6 16 ;
288 1126 46 19 and
344 1126 52 20 that
404 1126 41 21 the
459 1126 50 21 said
519 1126 69 21 Plans

53 1151 46 19 will
110 1151 28 20 be
148 1158 57 18 open
214 1153 26 20 to
249 1152 80 21 Public
348 1153 134 25 Inspection,
503 1154 25 19 at
547 1154 40 20 the

53 1177 53 20 said
115 1178 82 26 places,
208 1179 82 26 during
303 1179 128 21 reasonable
441 1179 75 24 hours,
529 1180 36 21 for
574 1186 14 14 a

51 1204 81 25 period
141 1205 24 20 of
174 1206 83 20 Thirty
267 1206 56 26 days
332 1206 59 20 after
400 1206 39 20 the
448 1206 140 26 publication

53 1230 25 21 of
87 1231 45 20 this
141 1231 118 22 NOTICE.

81 1263 75 20 Dated
172 1265 25 20 at
212 1265 40 21 the
273 1265 66 20 Office
363 1265 23 20 of
408 1265 40 21 the
468 1265 79 24 Board,
563 1266 25 19 at

81 1290 95 24 Oxford,
194 1291 47 21 this
265 1291 97 21 Twelfth
386 1292 45 26 day
445 1292 23 20 of
484 1292 102 24 October,

82 1319 61 19 1395.

173 1356 80 21 JOHN
267 1356 195 24 O'HALLORAN,

236 1384 124 20 Chairman
369 1384 24 21 of
402 1384 39 21 the
451 1384 81 21 Board.

180 1420 26 21 G.
217 1420 157 21 JOHNSTON
384 1421 149 24 WEBSTER,

297 1448 118 26 Secretary
422 1450 25 19 to
456 1449 39 20 the
504 1448 82 20 Board.

52 1544 396 26 WAIMAKARIRI-ASHLEY
465 1545 121 25 WATER

162 1582 133 24 SUPPLY
313 1583 166 24 DISTRICT.

52 1631 81 15 NOTICE
147 1631 28 14 OF
199 1631 124 15 INTENTION
338 1632 26 14 TO
389 1632 59 14 MAKE
474 1633 13 14 A
509 1632 77 15 WATER

286 1664 62 15 RACE.

106 1695 115 20 Pursuant
238 1697 24 19 to
289 1697 41 19 the
348 1697 124 25 provisions
482 1697 24 21 of
537 1697 49 21 The

52 1721 80 21 Water
151 1722 87 26 Supply
255 1723 51 24 Act,
409 1724 45 20 and
472 1725 40 20 the
531 1725 54 20 Acts

52 1749 123 26 amending
197 1749 41 20 the
257 1755 68 20 same,
350 1751 46 20 and
409 1751 31 21 all
458 1758 86 19 powers
561 1753 25 19 m

52 1777 54 20 that
123 1776 78 20 behalf
219 1777 120 21 thereunto
360 1778 108 27 enabling
487 1779 69 20 them:
558 1790 27 3 —

53 1803 120 49 NOTICE
187 1804 19 20 is
223 1804 85 27 hereby
332 1805 75 25 given,
417 1806 53 20 that
483 1806 19 21 it
516 1806 19 20 is
544 1806 40 21 the

116 1831 112 21 intention
246 1831 24 21 of
278 1833 40 20 the
332 1833 167 20 Waimakariri-
499 1834 85 26 Ashley

51 1858 79 20 Water
140 1858 86 26 Supply
235 1859 83 21 Board,
341 1860 59 20 after
409 1860 39 21 the
458 1860 125 27 expiration

50 1885 25 20 of
84 1885 81 23 Thirty
175 1886 56 25 days
239 1886 59 20 from
304 1886 39 20 the
351 1887 139 26 publication
500 1888 23 20 of
536 1888 47 20 this

50 1911 120 24 NOTICE,
184 1913 24 19 to
221 1913 64 20 make
295 1920 14 13 a
327 1913 80 21 Water
428 1914 63 24 Race;
510 1915 72 20 which

50 1939 81 21 Water
140 1939 60 21 Race
214 1939 60 21 shall
288 1946 125 15 commence
424 1942 25 20 at
457 1947 14 14 a
479 1941 65 26 point
553 1948 29 15 on

50 1966 42 20 the
100 1966 107 21 Western
215 1966 66 20 Bank
290 1967 24 20 of
333 1966 102 28 Cooper's
451 1968 77 25 Creek,
542 1970 40 20 the

50 1993 50 20 said
109 1993 65 27 point
182 1993 70 27 being
271 1994 99 21 situated
388 1995 70 21 about
476 1996 14 21 7
505 1996 77 21 chains

50 2022 26 19 to
85 2020 39 21 the
135 2020 71 21 South
215 2021 25 20 of
248 2021 40 20 the
297 2022 172 22 Northernmost
473 2029 76 16 corner
558 2024 24 21 of

49 2048 72 20 Rural
140 2048 89 21 Section
247 2050 74 23 20285;
345 2050 80 20 thence
443 2050 25 20 m
476 2057 14 14 a
510 2051 71 21 South

44 2074 112 26 -easterly
175 2075 115 20 direction,
304 2076 68 26 along
389 2077 40 20 the
444 2077 64 22 Road
525 2079 56 20 situ-

48 2102 56 21 ated
121 2109 30 14 on
165 2102 40 21 the
233 2102 104 21 Western
364 2104 47 21 side
436 2104 25 21 of
478 2105 103 27 Cooper's

49 2130 78 24 Creek;
137 2130 80 21 thence
226 2130 25 21 m
259 2137 15 13 a
280 2130 177 28 South-easterly
464 2132 116 26 direction,

47 2157 104 27 through
178 2158 70 19 Rural
273 2157 106 26 Sections,
398 2160 74 23 20285,
506 2160 73 24 17978,

48 2184 63 24 9445,
127 2184 59 25 8306,
202 2185 60 24 5168,
276 2186 45 20 and
334 2185 24 21 m
376 2193 14 14 a
409 2186 120 26 Southerly
548 2187 31 21 di-

46 2212 89 21 rection
143 2212 25 20 to
186 2218 14 14 a
220 2213 65 25 point
302 2219 30 14 on
346 2213 40 21 the
405 2214 112 20 Southern
532 2215 48 21 side

49 2239 26 21 of
83 2240 40 20 the
132 2239 64 20 Road
214 2240 97 26 forming
320 2240 40 21 the
378 2241 114 21 Northern
510 2241 69 22 boun-

46 2267 60 25 ■dary
115 2266 24 20 of
150 2266 72 20 Rural
234 2267 89 20 Section
343 2268 58 24 5169;
419 2269 82 19 thence
513 2269 68 26 along

50 2294 42 19 the
102 2293 112 20 Southern
223 2294 47 19 side
280 2294 23 19 of
312 2294 49 20 said
370 2295 63 19 Road
444 2295 25 19 to
478 2295 30 20 its
518 2296 62 26 junc-

47 2320 52 21 tion
110 2320 57 20 with
184 2320 41 21 the
243 2321 64 20 Road
323 2321 98 26 forming
438 2323 42 19 the
497 2323 84 19 North-

48 2347 91 21 eastern
156 2347 117 26 boundary
290 2347 24 21 of
332 2347 70 22 Rural
421 2349 89 21 Section
520 2351 59 23 5300;

48 2375 83 20 thence
140 2374 68 26 along
220 2375 40 19 the
279 2375 103 21 Western
391 2376 47 20 side
455 2377 24 19 of
487 2377 40 20 the
536 2377 45 21 last

48 2401 131 22 mentioned
188 2402 63 20 Road
260 2403 24 19 to
294 2409 13 14 a
316 2403 65 26 point
389 2403 24 21 m
422 2404 46 20 line
478 2405 55 19 with
541 2405 40 20 the

49 2429 115 21 Northern
182 2429 48 20 side
248 2429 25 21 of
290 2430 40 20 the
348 2430 62 20 Road
428 2431 99 26 forming
542 2432 39 20 the

50 2457 113 20 Southern
189 2456 135 21 boundaries
348 2457 24 21 of
393 2457 71 21 Rural
482 2459 100 20 Sections

50 2484 63 24 8360,
127 2483 60 25 9155,
202 2484 60 24 8867;
285 2484 80 21 thence
374 2485 68 26 along
451 2485 39 21 the
500 2485 82 22 North-

50 2517 42 15 ern
101 2511 48 21 side
158 2511 24 20 of
190 2511 40 21 the
248 2511 46 21 last
311 2513 129 20 mentioned
458 2512 62 22 Road
535 2514 25 21 to
569 2520 14 14 a

50 2539 68 26 point
141 2539 86 20 distant
254 2539 59 20 from
339 2540 40 20 the
403 2541 179 20 North-Eastern

50 2572 78 14 corner
146 2566 24 20 of
193 2566 71 20 Rural
290 2567 89 20 Section
398 2568 61 23 8157,
482 2568 70 21 about
570 2570 12 18 3

50 2593 85 24 chains;
151 2593 80 21 thence
249 2594 25 20 m
283 2600 14 14 a
316 2593 178 28 South-easterly
504 2595 79 22 direct-

48 2621 40 20 ion
106 2621 100 25 through
224 2621 40 20 the
282 2621 179 21 North-Eastern
470 2629 76 13 corner
560 2623 24 20 of

49 2647 72 21 Rural
142 2646 90 22 Section
250 2647 61 24 8157;
332 2648 87 24 ther©3,
433 2648 30 27 by
478 2655 14 14 a
509 2648 73 25 flume,

56 2680 76 15 across
141 2674 70 20 Rural
222 2674 89 21 Section
321 2676 73 23 13941,
402 2676 45 20 and
457 2676 127 21 Gamman's

49 2702 79 23 Creek,
142 2702 25 19 to
176 2708 15 13 a
198 2702 66 25 point
273 2708 29 14 on
309 2702 42 20 the
367 2704 87 19 terrace
472 2704 24 19 m
515 2704 69 20 Rural

49 2728 91 20 Section
150 2729 76 23 16735;
250 2728 81 21 thence
348 2729 24 20 m
390 2735 30 14 an
438 2730 105 26 Easterly
552 2732 32 19 di-

47 2756 90 20 Tection
168 2756 68 26 along
271 2756 40 20 the
334 2756 111 21 aforesaid
490 2759 94 23 terrace,

50 2782 102 27 through
170 2783 71 20 Rural
269 2783 90 21 Section
396 2784 79 25 16735;
502 2786 82 21 thence

49 2810 25 21 m
84 2817 30 13 an
123 2810 104 26 Easterly
246 2811 108 20 direction
363 2812 68 27 along
448 2813 40 20 the
497 2814 87 20 bottom

52 2838 25 20 of
101 2838 40 21 the
159 2838 93 24 terrace,
262 2838 101 27 through
388 2835 69 25 Rural
476 2840 107 25 Sections,

52 2866 61 23 9203,
128 2866 45 20 and
183 2867 60 23 5108,
262 2866 24 20 to
295 2873 14 13 a
318 2867 64 25 point
391 2867 26 20 m
425 2868 46 20 line
480 2868 56 20 with
544 2869 40 20 the

48 2893 116 20 Northern
182 2892 47 21 side
248 2893 24 20 of
290 2894 40 20 the
348 2894 69 24 Road,
431 2895 98 27 forming
545 2896 39 20 the

49 2920 114 21 Southern
191 2920 133 21 boundaries
343 2922 24 19 of
394 2922 71 20 Rural
484 2923 100 21 Sections

49 2948 62 24 1965,
127 2948 59 24 1625,
211 2948 60 24 1401,
296 2948 60 24 1964,
381 2950 60 23 1036,
464 2951 48 23 896,
536 2951 48 23 678,

48 2975 47 20 and
109 2976 47 22 411;
171 2975 81 20 thence
271 2975 24 21 m
314 2982 30 14 an
363 2976 105 26 Easterly
477 2977 108 21 direction

48 3002 70 26 along
127 3002 40 20 the
175 3002 115 21 Northern
300 3003 48 20 side
358 3003 23 20 of
390 3004 49 20 said
448 3004 70 25 Road,
531 3006 25 20 to
571 3011 14 14 a

47 3029 69 26 point
135 3030 25 19 at
179 3036 14 13 a
210 3029 104 25 junction
328 3030 24 20 of
374 3030 80 24 Roads,
478 3032 40 20 the
537 3032 49 20 said

47 3062 68 27 point
130 3062 70 28 being
208 3063 40 20 the
282 3063 172 22 Southernmost
474 3072 79 14 corner
561 3066 25 21 of

50 3097 73 20 Rural
150 3097 90 20 Section
267 3099 48 23 411;

137 3129 58 24 And,
219 3129 110 21 NOTICE
367 3130 19 20 is
428 3130 48 21 also
501 3130 83 28 hereby

50 3156 75 26 given,
149 3156 52 20 that
218 3156 36 20 for
272 3157 40 20 the
330 3163 97 20 purpose
452 3159 21 18 of
492 3158 93 26 making

48 3183 58 21 such
115 3183 80 20 Water
208 3183 65 25 Race,
299 3184 41 20 the
349 3184 51 20 said
409 3178 74 27 Board
494 3185 90 21 intends
592 3190 2 22 j

52 3212 24 19 to
86 3210 90 25 acquire
190 3210 39 21 the
239 3211 96 21 interest
344 3212 24 19 of
377 3212 40 21 the
427 3212 98 25 Owners,
540 3213 45 20 and

51 3238 24 21 of
90 3238 40 21 the
150 3238 126 26 Occupiers,
289 3240 24 19 m
339 3240 85 20 certain
441 3241 102 25 portions
563 3241 23 20 of

50 3266 72 24 Land,
129 3266 41 21 the
176 3266 50 20 said
234 3266 102 26 portions
346 3267 23 20 of
379 3267 63 20 Land
447 3266 68 28 being
523 3270 63 23 parts

48 3294 25 21 of
91 3293 72 21 Rural
182 3294 110 23 Sections,
325 3295 75 23 20285,
425 3294 72 25 17978,
525 3296 60 23 9445,

49 3321 46 20 and
109 3321 24 20 of
141 3327 15 14 a
165 3320 71 21 width
254 3321 24 20 of
297 3321 55 25 30ft;
375 3322 48 20 also
443 3323 100 26 portions
562 3323 24 21 of

48 3349 57 20 land
114 3348 68 27 being
197 3350 64 19 r>arts
280 3349 24 20 of
321 3349 72 21 Rural
408 3350 101 20 Sections
522 3351 59 24 8306,

50 3376 60 24 5168,
124 3377 60 23 8157,
200 3376 73 24 13641,
287 3376 73 24 16735,
375 3378 61 23 9203,
452 3378 58 24 510S,
528 3378 23 20 of
570 3384 14 14 a

48 3404 73 19 width
131 3404 23 19 of
163 3404 56 23 20ft;
233 3404 46 19 and
288 3404 66 19 other
363 3404 76 20 Lands
458 3411 24 13 as
509 3405 77 20 shown

49 3430 48 20 and
114 3436 61 13 more
189 3431 149 25 paiticularly
357 3431 128 19 delineated
503 3433 24 17 m
544 3433 39 19 the

48 3456 68 28 plans
132 3456 138 21 hereinafter
285 3457 136 25 mentioned;

103 3484 57 23 And,
175 3484 110 21 NOTICE
304 3485 19 20 is
342 3485 48 21 also
406 3486 84 25 hereby
509 3487 75 26 given,

48 3511 54 21 that
120 3511 73 26 plans,
203 3511 101 26 showing
328 3511 40 21 the
396 3519 49 14 com
445 3520 4 5 %
450 3520 23 13 se
488 3514 23 20 of
529 3515 55 19 such

48 3538 81 20 Water
138 3539 65 23 Race,
226 3539 47 19 and
290 3539 40 19 the
344 3539 80 24 Lands,
434 3541 81 23 Roads,
541 3541 45 21 and

48 3566 110 19 Reserves
172 3571 54 13 over
240 3571 25 14 or
282 3565 98 26 through
400 3567 72 21 which
488 3569 20 19 it
518 3568 20 20 is
548 3569 33 19 in-

49 3592 86 20 tended
153 3592 53 20 that
229 3592 40 20 the
293 3598 61 15 same
376 3593 58 21 shall
457 3600 58 21 pass,
538 3595 46 21 and

49 3619 101 21 certified
160 3626 24 14 as
194 3620 103 25 required
302 3620 30 26 by
341 3621 128 21 subsection
475 3624 18 22 1,
504 3622 24 22 of
537 3623 49 21 Sec-

52 3647 50 20 tion
113 3649 33 21 13,
161 3647 22 20 of
265 3647 81 21 Water
356 3648 85 27 Supply
451 3649 50 25 Act,

52 3675 59 19 have
135 3675 58 19 been
227 3675 117 26 deposited
372 3677 24 18 at
412 3677 40 19 the
475 3678 109 20 Resident

51 3701 157 26 Magistrate's
224 3702 70 20 Couit
303 3702 84 24 House,
401 3705 25 17 at
441 3704 93 24 Oxford,
543 3704 45 21 and

52 3730 25 20 at
86 3729 40 21 the
136 3729 69 21 Office
215 3729 23 21 of
250 3729 41 21 the
299 3728 50 21 said
363 3729 82 25 Board,
459 3732 24 19 at
493 3732 93 25 Oxford;

50 3757 48 19 and
115 3757 52 19 that
185 3757 42 22 the.
240 3756 50 20 said
296 3765 3 3 •
308 3757 66 26 plans
394 3758 47 18 will
459 3758 28 20 be
497 3765 58 20 open
563 3761 25 18 to

52 3783 78 28 public
153 3783 134 28 inspection,
327 3784 26 20 at
375 3783 40 22 the
434 3785 49 21 said
505 3786 83 26 places,

55 3812 85 25 during
148 3812 131 19 reasonable
295 3811 75 24 hours,
384 3812 37 19 for
438 3819 14 13 a
469 3814 79 24 period
565 3814 24 19 of

48 3838 83 26 Thirty
149 3838 56 27 days
223 3839 61 20 after
297 3838 41 20 the
355 3838 140 27 publication
511 3840 24 21 of
544 3840 45 21 this

49 3865 116 20 NOTICE.

102 3892 77 20 Dated
188 3893 26 20 at
221 3893 41 20 the
273 3892 65 21 Office
358 3893 23 20 of
394 3892 42 21 the
445 3893 50 20 said
506 3894 82 24 Board,

47 3918 27 21 at
88 3918 91 27 Oxford,
201 3920 47 21 this
258 3920 98 21 Twelfth
376 3921 45 25 day
437 3920 24 21 of
481 3921 104 25 October,

50 3947 56 20 1895

266 3974 79 21 JOHN
367 3974 196 25 O'HALLORAN,

291 4002 120 21 Chairman
426 4004 21 19 ot
457 4003 39 21 the
506 4002 82 21 Board.

197 4038 26 20 G.
238 4039 158 20 JOHNSTON
409 4039 154 26 WEBSTER,

268 4066 119 26 Secretary
396 4067 25 20 to
430 4067 40 20 the
480 4068 81 20 Board.

185 4200 268 49 NOTICE,

47 4275 253 28 TRESPASSERS
311 4278 28 23 m
359 4279 98 29 pursuit
469 4278 27 25 of
513 4286 73 24 game

52 4304 24 29 X
113 4310 26 23 at
152 4308 47 25 Old
208 4310 171 31 Worlingham
402 4319 33 16 on
458 4311 41 24 the
520 4312 66 24 Wai-

47 4346 119 25 makariri
198 4347 51 24 will
295 4348 30 25 be
358 4348 230 26 PROSECUTED

48 4386 94 32 during
158 4386 43 25 the
213 4386 124 34 Lnmbing
351 4388 103 26 Season.

237 4426 29 25 P.
277 4426 34 25 H.
324 4427 165 27 JOHNSON.

374 4465 179 32 Worlingham.
