3470 4590
51 195 131 30 because
197 194 38 30 he
263 193 57 30 has
349 195 55 28 not
431 190 93 32 voted
551 190 32 29 m

53 237 186 29 accordance
252 235 78 30 with
350 233 82 32 their
445 231 103 32 would
561 230 24 30 if

52 277 73 39 they
141 275 90 31 could
245 275 177 33 autocratic,
426 271 157 32 dictation.

94 317 16 29 I
125 317 72 29 here
213 318 94 37 quote
321 317 33 29 m
367 315 59 31 full
439 314 81 30 from
531 312 53 30 the

54 358 241 30 Prohibitionist
301 357 41 33 ,'of
369 355 134 33 October
518 354 65 31 sth.

188 400 180 30 Meredith's
396 398 130 30 chances
555 395 34 31 of

54 442 174 28 re-election
243 451 51 19 are
308 451 47 19 we
384 438 111 32 should
519 447 65 30 say,

52 481 43 30 nil
106 491 7 27 ;
130 479 61 33 and
205 482 27 30 if
242 482 93 30 effort
362 490 40 20 on
430 489 57 21 our
513 480 72 39 part

54 534 57 19 can
127 524 39 29 do
181 524 33 35 it,
229 523 63 31 this
320 522 172 41 prediction
506 519 78 32 shall

52 565 40 29 be
101 565 134 30 verified.
278 564 48 31 He
339 574 63 21 was
416 561 113 42 piqued
543 561 41 39 by

52 605 54 30 the
120 606 66 29 fact
198 606 71 30 that
289 606 53 31 the
367 602 217 34 Christchurch

53 647 249 32 Prohibitionists
315 658 80 28 gave
407 647 64 30 him
490 656 34 21 so
537 644 48 31 lit-

53 686 44 31 tle
113 690 132 37 support
260 690 32 28 at
306 688 54 30 the
374 686 61 31 last
445 684 139 37 election,

53 727 57 31 but
128 729 152 31 whatever
297 729 52 30 the
376 727 128 32 motives
518 726 68 30 that

54 770 168 31 influenced
242 771 48 30 his
318 773 63 28 late
409 773 95 32 votes,
533 767 53 31 the

55 813 155 38 supposed
227 812 149 40 upholder
390 811 32 29 of
432 811 52 29 the
499 809 86 31 Teni-

26 866 2 7 •
54 861 131 30 perance
200 863 91 23 cause
314 854 68 29 who
397 851 90 33 could
513 860 71 30 sup-

54 899 70 33 port
138 894 67 31 that
218 896 168 39 iniquitous
414 893 102 31 clause
544 893 42 38 by

54 935 100 30 which
170 937 54 29 the
238 941 191 32 temperance
439 938 72 26 vote
522 943 64 20 was

54 977 33 26 to
102 976 37 28 be
151 976 80 39 split,
244 976 61 29 and
316 976 89 28 other
419 974 166 40 objection-

55 1016 68 30 able
156 1018 119 29 clauses
309 1018 51 29 for
389 1015 101 31 which
535 1014 51 30 Mr

55 1057 151 31 Meredith
222 1060 101 34 voted,
352 1068 57 19 can
437 1056 71 30 look
536 1056 49 30 for

54 1100 133 37 nothing
203 1103 54 26 but
275 1103 109 35 strong
395 1125 3 2 .
412 1097 171 41 opposition

54 1140 78 29 from
149 1141 40 29 all
204 1147 68 24 true
293 1140 126 31 hearted
447 1139 137 30 Prohibi-

576 1190 2 33 ;

99 1224 26 26 A
141 1227 69 25 true
224 1223 125 30 hearted
373 1221 213 30 Prohibition-

54 1262 40 31 ist
118 1263 145 38 forsooth;
307 1268 33 26 to
378 1274 53 27 my
455 1262 85 29 mind
568 1271 19 19 a

54 1309 69 25 true
149 1305 127 31 hearted
303 1303 229 42 prohibitionist
560 1302 26 31 is

55 1357 18 19 a
99 1348 116 30 fanatic
243 1348 33 30 of
303 1348 53 29 the
391 1347 68 29 first
486 1343 103 35 order..;

54 1388 26 28 A
95 1399 70 19 man
182 1389 70 29 who
266 1388 103 30 would
391 1388 143 37 arrogate
555 1388 41 33 to',

55 1428 126 31 himself
191 1430 52 30 the
258 1430 86 40 right
372 1434 31 25 to
425 1428 114 30 dictate
554 1432 32 26 to

53 1470 47 28 his
115 1472 104 28 fellow
233 1482 70 18 man
318 1471 84 32 wh^t
415 1470 39 28 he
476 1468 110 30 should

54 1517 50 23 eat
120 1514 61 27 and
194 1512 84 29 what
292 1512 38 29 he
355 1510 111 31 should
494 1508 93 32 drink

55 1552 59 29 and
132 1552 214 35 wherewithal:
361 1552 40 30 he
423 1550 112 31 should
549 1550 38 30 be

55 1594 132 36 clothed,
216 1595 62 29 and
299 1594 75 30 then
388 1597 33 26 to
435 1593 92 29 finish
544 1602 42 30 up

54 1634 76 30 with
145 1636 54 29 the
210 1637 208 28 consummate
431 1633 155 31 insolence

55 1676 32 29 of
115 1676 149 40 dictating
292 1681 31 26 to
351 1686 41 20 an
424 1675 163 32 electorate

27 1723 2 10 1
56 1717 68 31 who
140 1718 74 39 they
228 1717 80 32 shall
336 1718 78 31 elect
442 1717 62 30 and
519 1716 68 31 who

55 1757 75 40 they
145 1758 79 31 shall
238 1757 113 32 refuse.

96 1799 17 30 I
149 1799 108 31 should
298 1800 62 30 like
395 1802 32 27 to
458 1798 129 41 impress

57 1851 80 27 upon
153 1842 53 30 the
221 1841 99 31 minds
346 1841 32 30 of
402 1841 53 29 the
481 1839 107 31 Prohi-

58 1882 95 31 bition
167 1883 154 39 Fanatics,
354 1883 69 30 that
444 1882 84 40 they,
555 1892 33 20 as

27 1934 55 33 .^
90 1925 88 39 body,
215 1924 75 30 took
318 1935 40 20 no
386 1926 71 36 part
478 1924 31 29 m
536 1923 52 30 the

55 1966 129 30 election
222 1966 32 29 of
283 1975 56 21 our
377 1964 137 31 Member
541 1964 47 29 for

55 2008 53 29 the
121 2006 117 40 Ashley
252 2002 139 39 District,
407 2004 61 32 and
479 2004 109 32 indeed

54 2049 80 30 their
171 2058 87 30 pur.y
294 2048 149 30 influence
479 2046 27 31 is
534 2049 56 28 not

54 2092 12 29 1
78 2091 73 40 kely
165 2093 33 26 to
223 2095 94 25 count
338 2089 99 30 either
459 2088 80 40 good
554 2098 35 19 or

54 2133 62 30 bad
148 2132 33 29 m
215 2132 48 29 his
299 2130 186 36 re-election,
528 2130 61 30 and

55 2174 84 28 what
162 2173 74 29 mud
259 2173 76 38 they
362 2172 79 29 have
466 2171 123 29 thrown

54 2218 33 26 at
101 2215 63 29 him
181 2224 37 19 on
230 2213 54 30 the
313 2215 123 38 present
450 2212 138 29 occasion

26 2280 2 2 .
55 2257 26 27 is
97 2261 67 37 not^
173 2255 100 39 likely.
297 2253 205 45 to__disfigure
524 2252 72 36 him,

55 2299 93 27 much
167 2294 39 31 *n)
317 2298 4 11 l
320 2293 184 38 e^B^oioin't
504 2307 12 5 =
516 2293 75 31 *^sut

55 2338 16 30 I
88 2337 103 31 advise
203 2336 52 31 the
277 2333 148 34 fanatical
439 2333 150 32 throwers

54 2379 122 30 thereof
187 2382 32 26 to
244 2377 147 41 proclaim
419 2386 18 19 a
466 2377 124 38 general

55 2421 141 39 washing
210 2420 69 40 day,
301 2422 33 28 to
349 2418 119 31 cleai.se
486 2418 105 30 them-

57 2463 98 30 selves
177 2462 33 30 of
232 2462 53 29 the
309 2459 67 32 foul
400 2458 74 32 mud
489 2459 100 30 which

54 2505 55 29 has
127 2504 88 30 stuck
254 2509 33 23 to
301 2502 81 29 their
396 2511 69 20 own
477 2516 3 5 ■
491 2501 100 30 hands

55 2545 61 30 and
146 2544 101 31 which
276 2543 75 39 they
384 2541 146 32 intended
558 2545 33 26 to

224 2585 53 28 the
290 2585 61 28 fair
365 2584 82 29 fame
461 2584 35 28 of
510 2584 81 28 their

55 2630 182 36 opponents.

95 2667 17 31 I
139 2678 49 20 am
216 2666 93 31 much
339 2664 156 43 surprised
519 2665 72 30 that

55 2711 76 38 they
147 2710 79 29 have
249 2712 55 26 not
326 2707 178 31 discovered
517 2707 76 38 long

57 2762 49 19 ere
121 2751 63 29 this
197 2751 71 29 that
289 2749 83 30 their
396 2748 56 30 fad
466 2748 33 30 of
513 2748 79 30 total

55 2791 192 32 Prohibition
285 2791 28 31 is
341 2801 19 20 a
396 2788 108 43 simple
529 2789 64 31 im-

57 2835 183 38 possibility.
283 2832 44 32 To
346 2833 72 29 dam
433 2842 18 20 a
468 2831 124 40 flowing

58 2875 83 30 river
155 2874 131 30 without
301 2872 162 40 providing
477 2872 50 30 for
537 2872 54 30 the

59 2916 152 38 overflow,
249 2914 60 31 and
347 2914 54 30 the
429 2914 163 30 casualties

58 2957 101 31 which
170 2968 72 29 may
256 2967 90 20 occur
359 2956 103 31 would
476 2956 38 30 be
525 2954 68 42 just

59 3010 34 19 as
119 3000 106 29 insane
249 3008 39 19 an
310 2996 156 42 operation
492 3006 34 21 as
548 2999 44 27 at-

59 3040 155 40 tempting
239 3043 32 26 to
294 3039 135 40 prohibit
442 3038 54 31 the
510 3048 83 20 man-

58 3081 140 30 ufacture
236 3080 61 30 and
325 3089 54 21 use
394 3080 33 29 of
441 3079 150 30 alcoholic

59 3123 123 38 liquers.

202 3304 242 25 ANNIVERSARY.

97 3392 53 25 The
164 3392 103 24 services
284 3391 26 24 m
325 3390 143 26 connection
482 3389 61 26 with
554 3389 42 26 the

63 3436 64 26 East
141 3434 92 26 Oxford
254 3435 101 32 Baptist
374 3434 101 32 Sunday
505 3434 91 26 School

64 3481 172 30 Anniversary,
249 3486 62 18 were
327 3478 136 26 conducted
474 3486 33 17 on
532 3478 63 26 Sun-

63 3525 48 30 day
122 3525 50 24 last
194 3524 8 31 (
209 3523 52 24 Oct.
276 3523 62 32 6th,)
361 3523 33 31 by
416 3523 40 24 Mr
467 3523 127 24 Jonathan

64 3566 63 29 Hill,
146 3566 115 30 formerly
272 3565 89 23 Pastor
388 3565 27 23 of
424 3565 43 22 the
488 3565 106 26 Church,

63 3610 57 24 each
134 3607 91 26 sarvice
235 3606 75 33 being
317 3606 120 26 crowded.
472 3606 38 26 On
523 3607 72 25 Mon-

65 3655 47 30 day
124 3652 104 31 evening
238 3652 43 24 the
301 3652 101 24 Annual
425 3652 172 32 Tea-meeting

67 3706 48 17 was
122 3696 95 32 largely
229 3695 123 29 attended,
364 3695 44 25 the
418 3695 102 26 Church
526 3697 73 31 being

67 3740 100 35 prettily
178 3739 130 25 decorated
319 3739 37 26 for
368 3739 42 26 the
430 3740 113 25 occasion
566 3739 33 33 by

68 3785 95 30 willing
174 3783 113 25 workers.
322 3783 52 25 The
391 3782 86 26 Public
489 3784 110 31 Meeting

68 3832 26 22 at
107 3827 81 24 which
206 3827 42 23 the
259 3827 89 23 Pastor
360 3827 27 23 T.
401 3827 125 30 Wagstaff
545 3836 53 21 pre-

69 3871 76 28 sided.
191 3869 55 24 The
264 3869 97 26 Church
371 3869 50 25 and
438 3869 90 26 School
540 3878 60 17 were

68 3913 119 28 crowded.
240 3912 52 25 The
314 3913 229 31 Superintendent's
562 3922 37 17 re-

68 3962 56 31 port
137 3956 97 31 shpwed
245 3958 32 24 70
294 3957 109 25 children
426 3965 33 17 on
481 3958 41 25 the
544 3958 55 29 roll,

68 4005 49 24 and
129 4004 14 23 8
156 4000 119 26 tsachers.
310 4001 53 25 The
380 4001 95 25 income
497 4001 38 25 for
557 4002 44 24 the

68 4055 58 24 year
140 4045 73 30 being
228 4052 14 16 a
263 4043 65 26 little
350 4045 78 24 under
451 4045 63 25 £12.
561 4045 40 24 Mr

69 4088 108 27 Herbert
197 4085 98 32 Wright
317 4086 57 25 who
395 4086 46 25 has
463 4086 38 25 for
524 4094 77 25 many

68 4141 72 26 years
152 4129 134 27 conducted
297 4130 42 25 the
357 4130 98 30 School,
468 4130 131 33 congratu-

68 4177 66 27 lated
145 4175 43 25 the
204 4173 90 25 friends
318 4182 32 18 on
369 4174 44 26 the
436 4175 50 25 fact
503 4175 57 25 that
570 4175 31 25 he

67 4222 50 26 had
127 4229 14 16 a
154 4219 102 24 balance
268 4226 31 17 on
307 4219 43 24 the
360 4219 137 31 right-side;
531 4219 76 29 After,

70 4269 41 23 the
123 4263 103 30 reading
237 4261 27 25 of
273 4261 42 26 the
332 4265 80 29 report
424 4262 43 26 the
476 4263 126 25 'children

69 4318 60 24 give
141 4317 14 15 a
167 4304 91 27 service
270 4305 26 24 of
313 4314 68 23 song,
401 4306 65 26 'The
477 4307 44 26 life
530 4308 58 24 boat
594 4308 6 11 '

71 4354 52 25 The
135 4348 116 31 readings
272 4347 71 33 being
364 4349 70 32 given
456 4349 34 33 by
512 4349 89 27 M>B.

67 4396 99 28 'Twose.
201 4391 67 26 Both
295 4393 41 24 the
362 4393 98 33 singing
481 4394 57 29 ,and
559 4394 51 26 the-

72 4441 102 29 reading
185 4435 161 31 elipited.well
357 4438 101 26 merited
466 4462 2 3 .
475 4439 127 32 applause.

72 4486 50 26 The
149 4481 97 26 Misses.
551 4471 58 36 and*

72 4525 86 26 Twose
168 4521 53 23 met
232 4518 62 24 with
305 4527 15 16 a
338 4527 56 25 very
414 4522 86 32 hearty
511 4523 55 24 vote
578 4521 28 25 of

614 197 92 26 thanks
718 197 37 26 for
776 198 66 25 their
861 207 56 24 very
941 198 120 27 excellent
1071 198 77 26 train-

614 238 44 31 ing
669 240 27 23 of
706 238 42 26 the
770 238 121 26 children.
926 240 78 24 Votes
1020 238 27 25 of
1056 238 90 25 thanks

612 279 28 23 to
651 277 43 26 the
717 279 107 24 teachers
841 280 40 23 for
892 280 65 23 their
968 278 110 30 services,
1098 278 50 24 and

614 318 27 24 to
650 317 42 25 the
702 318 79 26 ladies
792 318 57 25 who
861 318 62 25 have
935 325 27 18 so
973 317 113 33 liberally
1093 325 55 25 pro-

613 357 72 27 vided
693 358 38 27 for
743 358 41 26 the
796 360 48 28 tea,
863 358 108 32 brought
993 359 26 27 to
1031 365 16 18 a
1057 358 66 26 close
1132 366 15 18 a

611 409 61 24 very
691 402 123 26 succesful
831 403 169 30 anniversary.

689 537 204 28 METHODIST
911 538 152 26 CHURCH.

646 588 53 28 The
723 588 58 26 Sale
799 588 27 24 of
847 588 67 24 work
944 588 28 24 m
1004 587 146 25 connection

613 628 59 26 with
683 629 44 25 the
755 628 76 26 above
853 635 49 18 was
927 628 73 32 fairly
1023 627 125 26 attended.

612 669 32 22 In
656 668 42 23 the
710 668 107 31 evening
838 676 16 14 a
877 669 99 22 concert
998 675 48 15 was
1067 668 81 33 given,

607 705 56 25 'and
668 705 44 26 the
720 706 96 25 various
828 705 73 24 items
912 712 62 17 were
983 705 164 31 appreciated;

614 745 98 28 Several
722 745 148 33 performers
880 745 73 26 made
965 744 65 27 their
1046 752 101 25 appear-

613 793 60 17 ance
683 786 39 25 for
729 784 103 32 perhaps
852 783 44 26 the
913 783 54 26 first
990 783 59 25 time
1059 783 27 24 m
1098 783 50 24 Ox-

612 823 63 29 ford,
692 822 50 25 and
763 829 65 18 were,
845 821 56 25 well
923 820 117 26 received.
1075 820 70 26 Miss.

612 854 115 41 Fleming
737 870 61 24 sang
810 861 93 32 'Apart'
922 861 49 25 and
983 860 165 26 'Dreamland'

612 912 58 24 very
689 903 64 30 well,
767 902 97 31 indeed,
894 901 57 26 Miv
967 901 96 26 Mackie
1086 908 63 25 sang

614 939 108 28 'Booked
732 941 28 25 m
768 940 44 26 the
822 940 84 26 cradle
917 940 27 25 of
960 940 44 24 the
1016 939 68 32 deep'
1098 939 51 25 and

613 979 48 23 Mr.
691 979 93 27 Twose,
815 977 63 25 'The
908 976 117 29 lifehoat,.
1071 976 79 25 Local

613 1022 80 25 talent
716 1027 51 19 was
790 1020 55 24 well
868 1019 157 33 represented
1047 1019 27 24 m
1089 1019 59 24 Mrs.

613 1062 104 25 Watson
728 1060 56 26 who
797 1068 62 23 sang
871 1060 120 31 'Calvary'
1004 1059 49 25 and
1066 1060 84 24 'sweet

612 1100 91 30 home,'
722 1098 48 26 Mr.
788 1098 128 31 Harbidge
938 1098 55 25 who
1005 1105 63 23 sang
1086 1096 62 25 'The

613 1140 67 32 Holy
692 1139 72 32 City,'
783 1138 48 25 Mr.
850 1138 70 26 Dorn
933 1138 62 24 'The
1010 1136 42 26 old
1063 1139 86 23 count-

613 1181 48 23 ree'
675 1179 47 25 Mr.
735 1178 104 32 Mayson
852 1176 61 26 'The
931 1176 85 26 diver.'
1033 1176 25 25 It
1070 1175 80 26 would

614 1219 31 23 be
657 1218 117 24 insidious
791 1219 26 22 to
837 1216 171 30 particularise
1017 1227 4 12 ;
1030 1216 43 24 the
1085 1216 66 30 sing-

612 1258 45 30 ing
668 1258 28 24 of
704 1264 49 21 any
772 1256 74 25 when
869 1255 36 25 all
915 1263 64 17 were
991 1253 70 33 good.
1097 1254 53 25 The

612 1298 62 25 Rev.
693 1297 32 26 G.
742 1294 124 27 Hounsell
884 1303 47 17 was
953 1294 28 25 m
1003 1294 44 25 the
1070 1294 77 26 chair.

645 1336 47 25 We
704 1343 41 18 are
767 1334 123 26 informed
910 1334 57 25 that
988 1342 14 15 a
1026 1333 84 26 Union
1127 1333 26 24 of

616 1378 40 24 the
673 1376 142 32 Wdsleyan,
834 1374 95 25 United
949 1373 138 26 Methodist
1103 1373 49 25 and

615 1414 69 27 Bible
702 1411 136 29 Christian'
852 1412 121 26 churches
995 1411 56 26 will
1062 1411 32 26 be
1106 1412 44 24 eff-

614 1456 67 25 ected
692 1456 59 25 next
770 1461 67 25 year.
872 1453 83 26 When
974 1452 85 26 Union
1078 1452 70 26 takes

613 1493 76 29 place,
707 1493 43 25 the
762 1491 93 26 Oxford
866 1491 93 26 Circuit
971 1491 53 24 will
1037 1491 114 24 embrace

614 1530 100 30 Oxford,
733 1529 115 25 Carleton
859 1528 51 24 and
926 1527 223 26 HorrelVille/dist-

614 1571 67 25 ricts.
715 1569 52 26 The
776 1591 3 6 ,
786 1569 49 26 last
857 1568 91 26 named
969 1568 22 26 is
1003 1568 98 26 worked
1117 1568 33 33 by
1147 1564 3 11 1

614 1615 43 25 the
963 1634 6 2 .
1041 1609 25 32 .'.
1103 1612 13 15 7

798 1778 162 30 INQUEST.

626 1841 5 5 •
649 1832 40 26 An
884 1832 59 25 held
955 1840 15 17 a
980 1833 26 23 4.
1018 1839 25 24 p.
1052 1835 51 26 jm«-
1117 1839 33 19 on

616 1877 109 37 Monday
734 1881 5 8 v
747 1876 135 31 afternoon,
903 1876 63 31 .7t)*.
974 1905 5 9 (
997 1875 54 26 Oct.
1069 1875 82 26 before

616 1921 48 25 Mr.
677 1920 66 26 John
754 1920 100 32 Ingram
868 1920 26 25 J.
906 1920 29 25 P.
948 1919 83 32 acting
1043 1919 108 26 Coroner

616 1964 49 24 and
676 1972 16 16 a
703 1964 61 31 Jury
782 1963 31 24 of
829 1963 81 24 whom
933 1961 49 26 Mr.
999 1963 90 24 Brown
1101 1971 49 16 was

616 2007 92 25 chosen
722 2006 124 30 foreman,

649 2051 30 26 E.
698 2051 34 26 H.
750 2051 90 25 Parish
855 2050 106 33 deposed
977 2050 14 25 I
1011 2058 41 17 am
1070 2050 82 25 father

616 2096 26 25 of
651 2096 117 25 deceased
780 2095 66 25 Frfid
861 2095 68 26 John
941 2096 98 29 Parish,
1059 2096 32 25 he
1102 2103 50 17 was

617 2141 31 24 18
668 2148 71 23 years
758 2139 27 26 of
802 2148 54 23 age,
873 2140 31 25 he
922 2140 47 25 has
988 2139 62 26 been
1070 2148 81 17 accus-

616 2184 91 24 tomed'
720 2185 33 23 to-
765 2183 111 26 firearrns
888 2183 46 25 ;for
954 2190 67 18 some
1040 2190 77 24 years,
1137 2185 4 22 i

649 2227 44 25 Dr.
721 2225 144 26 Volckman.
891 2226 14 24 I
929 2234 42 17 am
994 2234 15 16 a
1037 2225 115 33 qualified

607 2268 115 30 TiCedical
741 2269 170 26 Practitioner*
925 2269 110 30 residing
1054 2270 27 24 at
1103 2269 48 24 Ox-

628 2291 84 30 -7^~7^-Y
726 2307 3 1 -
741 2299 21 6 •■■-•
936 2297 49 15 .;■?.-?
1002 2312 2 2 .
1018 2289 42 30 %.^
1066 2302 42 13 ..,■?■■
1119 2295 43 19 .•«■.;•■-

616 2314 62 22 ford.'
696 2317 11 12 •'
721 2313 15 22 I
757 2321 51 14 was
829 2313 79 23 called
938 2312 140 33 to^.at%nd
1087 2333 4 5 ,
1108 2312 44 23 the

617 2354 100 30 present
727 2351 112 26 accident
850 2353 26 24 at
895 2352 69 25 View
981 2351 56 25 Hill
1047 2354 34 22 -at
1092 2352 59 25 915

617 2405 23 24 p.
658 2404 34 18 m.
788 2396 122 31 .;■_■••••■•

650 2441 41 26 He
702 2448 51 19 was
773 2441 69 32 lying
862 2440 61 25 dead
944 2448 34 17 on
997 2448 16 17 a
1024 2440 46 25 bed
1081 2441 71 24 when

618 2484 14 25 I
654 2484 96 26 arrived
767 2486 25 23 at
814 2484 44 25 the
880 2484 86 25 Farm.
1000 2484 14 24 I
1035 2484 118 25 attribute

617 2528 40 25 his
676 2528 75 25 death
771 2528 26 24 to
820 2535 15 16 a
854 2527 111 31 gunshot
984 2526 97 30 wound,
1109 2527 44 25 the

618 2573 88 31 charge
726 2571 99 26 entered
837 2569 40 27 his
896 2572 66 31 right
979 2571 53 25 side
1043 2572 110 25 between

618 2614 43 25 the
672 2614 57 25 fifth
739 2613 49 24 and
799 2613 66 25 sixth
876 2614 39 24 rib
935 2613 50 25 and
1004 2614 87 31 passed
1107 2622 44 23 up-

618 2658 80 25 wards
720 2657 51 25 and
799 2658 101 24 severed
922 2658 44 24 the
988 2657 68 32 large
1079 2657 74 26 blood

619 2703 91 25 vessels
728 2702 27 25 of
773 2702 40 24 his
835 2702 69 29 neck,
922 2702 75 25 death
1017 2701 72 33 being
1106 2702 48 25 due

619 2747 27 24 to
657 2745 44 26 the
713 2745 183 25 extravasation
907 2745 27 26 of
941 2745 81 25 blood.
1056 2745 15 24 I
1082 2745 72 25 think

619 2789 32 25 he
675 2788 109 27 received
806 2796 73 25 every
912 2789 123 26 attention
1056 2789 98 32 capable

619 2834 80 24 under
710 2832 43 26 the
764 2833 203 25 circumstances.
985 2849 5 6 •

652 2875 14 25 I
678 2874 73 26 think
770 2874 43 26 the
835 2876 73 30 gun's
928 2875 69 25 stock
1016 2876 96 31 resting
1122 2883 33 17 on

620 2919 43 25 the
675 2918 93 34 ground
792 2917 50 26 and
864 2926 27 18 so
914 2918 144 34 discharged
1072 2919 82 26 would

620 2971 73 18 cause
713 2963 62 25 such
795 2970 15 17 a
828 2963 98 24 wound.

653 3007 107 26 Herbert
773 3006 95 32 George
876 3006 91 26 Parish
978 3006 14 25 I
1004 3015 42 17 am
1058 3006 100 26 brother

621 3053 25 24 to
658 3051 44 26 the
713 3051 126 30 deceased,
864 3050 51 26 and
925 3050 96 26 resided
1032 3051 61 25 with
1103 3051 54 25 him

618 3094 29 24 at
658 3092 69 26 View
739 3091 62 26 Hill.
837 3091 40 25 On
898 3091 102 34 Sunday
1018 3091 50 26 last
1079 3092 16 25 I
1107 3100 51 17 was

621 3138 27 25 m
660 3145 121 25 company
793 3135 63 26 with
874 3145 44 25 my
940 3135 101 26 brother
1053 3135 54 35 (the
1117 3137 40 25 de-

621 3182 96 33 ceased)
731 3180 49 26 and
792 3180 61 26 Tom
860 3180 118 30 Pearson,
990 3180 44 26 the
1043 3180 116 26 deceased

621 3234 51 17 was
694 3225 116 32 carrying
832 3232 15 17 a
871 3224 82 26 rabbit
984 3224 51 26 and
1055 3234 15 16 a
1098 3225 61 25 hare

623 3269 50 26 and
684 3269 14 26 I
710 3268 89 33 agreed
811 3269 26 25 to
861 3269 54 31 give
938 3269 51 24 him
1011 3276 16 17 a
1049 3268 61 33 spell
1132 3276 28 17 as

622 3314 31 23 he
677 3311 155 31 complained
855 3315 27 21 of
903 3312 75 29 being
1002 3311 72 28 tired,
1119 3312 41 24 He

622 3357 62 23 then
696 3359 44 28 put
751 3355 44 25 the
817 3354 91 26 double
931 3353 120 26 barrelled
1065 3363 50 22 gun
1126 3363 34 17 on

623 3399 40 26 the
675 3398 105 34 ground,
809 3398 51 26 and
877 3398 41 26 the
939 3398 80 33 single
1039 3398 120 26 barrelled

623 3451 50 25 gun
685 3451 51 18 was
747 3441 87 26 loaded
846 3442 49 25 and
907 3441 43 26 the
961 3441 110 25 hammer
1081 3441 78 26 down,

623 3488 80 26 which
714 3487 33 25 he
762 3486 51 26 had
835 3486 33 32 by
891 3486 41 26 his
957 3486 52 26 side
1021 3495 4 7 '
1037 3486 61 25 with
1117 3486 44 26 the

622 3532 57 25 butt
687 3539 32 17 on
732 3531 43 25 the
798 3531 107 32 ground.
940 3531 15 24 I
966 3538 51 18 was
1040 3530 100 32 leading
1146 3537 16 18 a:

621 3575 69 24 lamb
712 3574 61 25 with
796 3580 16 18 a
828 3574 69 31 piece
917 3574 28 25 of
961 3574 62 29 .flax,
1050 3574 73 25 when
1147 3574 14 24 I

622 3618 77 25 heard
708 3626 15 16 a
734 3619 101 31 report,,
844 3618 50 25 and
917 3619 40 24 on'
964 3617 101 32 turning
1081 3617 79 25 round

623 3671 49 15 saw
683 3662 57 24 that
757 3670 43 23 my
822 3661 100 26 brother
933 3669 52 18 was
1006 3660 66 26 shot,
1082 3672 5 14 ;
1108 3660 54 26 The

625 3705 89 26 wound
724 3713 48 18 was
784 3713 32 18 on
831 3705 44 26 the
886 3706 68 32 right
974 3705 60 26 side.
1067 3705 16 25 I
1102 3706 59 25 dont

626 3750 76 25 knowi
716 3750 68 25 what
807 3751 91 24 caused
920 3750 44 25 the
987 3749 127 32 explosion
1121 3758 2 8 :
1137 3749 25 26 of

626 3793 42 26 the
680 3801 60 25 gun;
774 3793 14 25 1
799 3793 62 26 then
872 3793 79 26 called
967 3792 37 27 for
1016 3792 60 26 Tom
1089 3793 73 25 Pear-

626 3844 45 17 son
682 3837 51 24 and
743 3844 38 17 we
787 3837 64 24 -took
862 3838 37 22 off
907 3838 40 22 his
959 3839 56 21 coat
1027 3837 51 23 and
1084 3837 78 23 waist-

626 3881 55 24 coat
696 3879 66 29 jind:
768 3879 65 25 tried
849 3881 26 23 to
898 3879 108 25 staunch
1028 3879 40 25 the
1088 3878 74 26 blood

626 3922 60 25 with
708 3931 45 21 o^r
768 3936 10 15 ?
783 3923 197 29 handkerchiefs,
1009 3922 60 25 then
1103 3923 59 24 Tom

626 3966 110 26 Pearson
756 3964 53 43 tk^d
820 3975 39 17 me
866 3970 35 25 .to
924 3966 61 26 hold
997 3966 46 28 .his
1054 3966 64 26 head
1131 3973 31 25 up

626 4010 75 26 while
712 4010 32 26 he
755 4011 105 31 ran\for.
867 4012 145 27 assistance,
1033 4010 50 24 and
1093 4010 69 26 when

627 4054 33 25 he
671 4062 67 17 came
749 4053 63 27 back
882 4053 125 32 conveyed
1018 4053 54 25 him
1084 4055 26 24 to
1122 4053 40 26 the

626 4095 122 29 hoqs9in;
762 4095 48 27 Mr.
829 4086 134 40 Pearson's
983 4095 179 44 trag^and.he

628 4139 56 26 died
694 4147 33 18 on
739 4141 42 24 the
788 4133 75 41 way.V
1002 4128 87 53 i^^P;
1115 4151 21 14 ■-:

660 4180 64 26 Tom
740 4180 107 28 Pearson
863 4177 75 31 Vent
957 4183 28 24 to
1008 4180 94 26 Oxford
1125 4181 37 24 for

628 4224 47 24 Dr.
693 4224 144 26 Volckman.
855 4227 56 25 wnb
928 4226 96 26 arrived
1036 4224 77 26 about
1122 4226 40 26 11>

630 4269 40 24 30.
705 4267 54 25 The
786 4259 126 40 accident!,
917 4269 107 31 pccured
1053 4269 75 25 about
1150 4270 12 24 6

628 4319 16 23 p
647 4330 6 12 ;
654 4319 38 16 m-
720 4317 6 16 /
762 4332 2 1 .
799 4309 40 31 -■■'•.
903 4327 26 12 ■y
950 4337 2 2 .
966 4318 21 22 .'■

626 4371 9 17 %
647 4368 4 16 ;
664 4353 74 29 Thps,
748 4353 32 25 E.
793 4353 119 28 Pearson,
940 4357 20 25 il
972 4355 77 26 reside
1061 4355 26 25 at
1099 4354 63 29 View,

627 4394 66 29 Hill.
703 4396 39 30 .1
761 4401 52 26 wjis
832 4389 124 45 with^e
978 4399 116 25 deceased
1117 4397 45 26 and

629 4441 40 26 his
680 4440 102 27 brother
804 4448 33 18 on
839 4447 5 13 ;
856 4441 113 34 Sunday;
995 4443 14 25 I
1032 4443 73 25 think
1124 4441 38 26 the

630 4486 61 25 time
713 4485 80 25 would
821 4485 31 26 be
880 4486 75 27 about
982 4489 24 24 6.
1036 4488 41 25 30.
1113 4485 49 25 The

630 4528 118 26 deceased
757 4536 51 18 was
830 4530 112 31 carrying
1026 4538 74 23 guns,
1118 4536 44 18 one

1176 197 79 33 single
1266 197 51 26 and
1336 205 46 18 one
1402 198 98 27 double.
1552 197 13 26 I
1585 197 47 25 left
1644 196 69 26 them

1178 239 26 24 to
1214 245 33 24 go
1266 237 75 26 home
1364 238 50 25 and
1437 239 13 25 I
1472 238 50 26 had
1543 237 60 31 only
1623 244 63 24 gone
1698 244 15 17 a

1177 281 45 24 few
1238 281 75 30 yards
1325 281 73 25 when
1409 282 14 24 I
1433 282 79 24 heard
1528 280 43 25 the
1591 281 84 29 report
1687 279 28 24 of

1177 331 15 17 a
1203 330 60 24 gun.
1297 323 14 25 I
1323 325 64 24 went
1398 324 63 25 back
1472 322 170 31 immediately
1664 322 49 24 and

1177 366 77 26 found
1265 366 44 26 the
1328 367 119 26 deceased
1469 365 113 32 bleeding
1592 365 63 26 from
1668 365 45 26 the

1178 410 66 32 right
1256 411 60 25 side.
1350 411 48 25 His
1411 411 102 26 brother
1536 409 75 26 asked
1623 409 52 25 him
1687 411 26 23 to

1178 454 85 30 speak,
1289 454 51 25 and
1361 454 33 25 he
1423 454 54 25 said
1505 453 23 24 'I
1548 452 75 24 cant.'
1667 452 46 24 We

1177 495 82 33 pulled
1270 497 37 26 off
1315 497 39 26 bis
1366 498 56 25 coat
1441 496 50 28 and
1513 494 70 28 waist
1595 496 57 24 coat
1663 494 50 26 and

1178 539 156 27 unbuttoned
1355 541 40 25 his
1419 540 71 29 shirt,
1516 539 49 25 and
1586 538 51 26 laid
1659 539 54 25 him

1178 583 73 26 down
1267 584 50 25 and
1329 585 62 24 tried
1402 585 27 23 to
1446 585 55 29 stop
1513 583 44 24 the
1568 581 74 26 blood
1651 582 62 25 with

1178 635 15 17 a
1215 626 186 31 handkerchief,
1419 626 63 26 then
1543 625 45 26 left
1610 625 55 26 him
1686 625 27 25 m

1177 670 91 32 charge
1277 672 28 22 of
1320 671 40 22 his
1370 670 102 23 brother
1491 670 71 22 while
1572 669 15 22 I
1599 670 66 22 went
1675 668 38 24 for

1176 712 144 31 assistance,
1339 712 14 26 I
1375 719 45 17 ran
1449 711 75 26 home
1541 710 51 26 and
1610 712 43 31 got
1670 719 49 24 my;

1178 755 82 26 father
1271 757 27 25 to
1318 764 70 18 come
1412 755 59 26 with
1494 755 41 26 his
1559 762 154 26 conveyance

1178 799 50 25 and
1239 807 37 18 we
1287 799 59 26 took
1358 799 114 25 deceased
1490 799 81 25 home.
1606 798 41 26 He
1658 799 55 25 died

1178 841 74 25 about
1273 844 44 24 ten
1335 842 111 25 minutes
1468 841 63 26 after
1547 841 76 32 being
1643 841 71 25 lifted

1177 885 52 26 into
1238 885 44 26 the
1296 890 64 28 trap.
1386 885 14 25 I
1411 885 62 26 then
1484 885 120 33 procured
1615 893 15 17 a
1640 885 73 26 horse

1178 930 49 24 and
1235 931 66 24 went
1312 931 27 24 to
1362 929 93 26 Oxford
1477 929 37 25 for
1524 929 43 26 the
1578 929 101 25 Doctor;

1211 981 131 25 Constable
1368 981 85 33 Leahy
1477 981 115 33 deposed.
1637 981 77 25 From

1177 1024 162 27 information
1484 1025 14 25 I
1520 1025 66 26 went
1599 1026 25 24 to
1646 1025 68 25 View

1177 1068 54 25 Hill
1242 1069 75 25 about
1334 1077 15 16 a
1360 1070 100 30 quarter
1472 1070 26 24 to
1564 1068 50 26 last
1633 1068 89 32 night,,

1178 1112 50 24 and
1249 1113 52 23 met
1321 1112 48 24 Mr.
1395 1112 91 24 Parish
1508 1112 68 24 there
1598 1107 60 29 witli
1674 1110 40 26 liis

1178 1155 117 26 deceased
1318 1163 46 18 son
1385 1154 28 26 m
1434 1154 44 27 the
1508 1157 64 30 trap,
1603 1155 51 26 and
1676 1164 37 17 we

1179 1199 106 32 brought
1303 1200 44 25 the
1365 1199 65 31 body
1452 1201 79 29 home,
1550 1199 14 25 I
1586 1200 129 25 examined

1178 1242 44 24 the
1232 1241 66 33 body
1309 1242 50 25 and
1369 1242 52 32 just
1433 1242 77 25 about
1525 1242 43 24 the
1578 1242 69 32 right
1659 1250 55 17 arm

1178 1284 36 33 pit
1225 1284 15 25 I
1251 1293 49 17 saw
1323 1284 68 26 what
1402 1284 122 33 appeared
1546 1286 27 24 to
1581 1284 31 26 be
1623 1292 16 18 a
1654 1293 60 25 gun-

1179 1329 58 25 shot
1247 1329 92 26 wound
1359 1329 90 25 caused
1471 1329 32 32 by
1525 1338 14 16 a
1565 1336 51 25 gun
1634 1329 81 26 which

1179 1372 51 25 had
1240 1381 65 23 gone
1316 1372 37 25 off
1358 1372 66 25 close
1437 1374 26 23 to
1475 1372 43 26 the
1529 1373 71 31 body,
1613 1371 50 27 and
1674 1373 41 26 the

1180 1416 97 26 wound,
1291 1417 121 31 appeared
1435 1418 27 24 to
1480 1416 31 26 be
1532 1416 94 33 singed,
1646 1417 69 25 there

1179 1468 61 18 were
1251 1468 34 18 no
1294 1461 69 25 other
1375 1460 81 26 marks
1468 1460 27 26 of
1503 1461 112 25 violence
1626 1468 33 18 on
1671 1461 44 26 the

1179 1502 73 33 body.
1273 1502 18 31 )..
1388 1509 3 15 :
1583 1515 28 4 ...
1674 1510 24 13 Jv
1701 1514 14 8 ..,
1715 1510 6 12 ;

1214 1546 22 25 A
1246 1546 95 25 verdict
1362 1553 52 18 was
1421 1560 3 4 •
1436 1546 117 25 returned
1572 1546 27 25 m
1617 1546 98 25 accord-

1181 1597 61 18 ance
1259 1590 61 25 with
1340 1589 43 26 the
1404 1589 124 26 evidence.
1607 1606 2 9 ,

1214 1633 53 25 The
1279 1633 64 32 Jury
1354 1633 79 25 added
1456 1642 16 16 a
1491 1634 64 24 rider
1573 1633 144 32 expressing

1179 1675 66 26 their
1254 1676 61 32 deep
1335 1676 133 33 sympathy
1484 1676 38 26 for
1542 1676 43 26 the
1597 1676 119 27 bereaved

1179 1719 96 34 family*
1383 1718 6 13 *

1179 1893 120 26 DEATH
1320 1894 44 25 OF
1386 1893 46 26 AN
1450 1895 69 26 OLD
1536 1895 179 26 IDENTITY.

1214 1978 113 33 Coupled
1343 1979 62 25 with
1428 1980 42 25 the
1492 1980 69 33 early
1583 1980 97 34 history
1691 1981 27 25 of

1180 2021 154 35 Canterbury
1347 2023 50 25 and
1408 2023 90 26 indeed
1510 2024 27 26 of
1546 2024 35 25 all
1588 2025 59 25 New
1657 2026 58 24 Zea-

1179 2067 95 26 land.is
1285 2069 42 24 the
1350 2068 66 32 early
1428 2068 145 31 individual-
1586 2069 94 34 history
1692 2070 26 25 of

1180 2110 70 26 those
1263 2111 55 26 who
1330 2112 53 25 first
1398 2112 89 26 braved
1498 2113 42 25 the
1563 2113 107 32 dangers
1692 2113 26 26 of

1179 2154 44 25 the
1252 2156 59 31 deep
1343 2154 50 26 arid
1422 2157 175 31 courageously
1629 2157 88 31 fought

1180 2198 108 31 through
1300 2201 44 22 not
1360 2199 60 30 only
1440 2199 42 24 the
1504 2197 88 26 casual'
1610 2199 105 26 discom-

1179 2240 61 26 forts
1252 2241 82 26 which
1346 2249 42 18 are
1406 2244 55 23 met
1471 2242 61 25 with
1554 2242 26 25 m
1597 2242 120 33 breaking

1180 2292 39 23 up.
1231 2293 21 17 a\
1256 2285 76 25 home
1343 2285 27 25 m
1382 2286 42 24 the
1435 2286 42 26 old
1494 2287 104 28 country
1608 2286 58 25 'but
1677 2286 40 25 iail

1180 2326 43 25 the
1240 2326 103 33 dangers
1355 2327 50 25 and
1416 2327 154 26 vicissitudes
1581 2328 82 27 which
1675 2336 42 19 are

1181 2371 85 24 bound:
1273 2374 26 21 to
1311 2371 30 24 be
1353 2377 52 18 met
1422 2371 59 25 with
1491 2373 26 22 m
1529 2380 15 16 a
1555 2380 56 17 new
1622 2380 28 19 or
1661 2381 63 23 par-,

1180 2414 70 33 tially
1262 2415 114 25 civilized
1385 2415 129 26 inhabited
1521 2417 113 31 country.
1661 2417 56 24 Mrs

1181 2458 82 32 Agnes
1274 2459 91 25 Fisher
1379 2459 48 25 arid
1449 2460 45 25 her
1516 2460 51 25 late
1588 2459 126 32 husband,

1183 2502 40 24 Mr
1249 2502 84 26 Uavid
1360 2503 90 25 Fisher
1580 2503 137 33 eminently

1181 2545 113 32 adapted,
1304 2547 28 24 m
1343 2554 73 24 every
1427 2554 54 25 way
1488 2548 27 24 to
1520 2548 76 24 .meet
1604 2547 114 26 thehard

1179 2589 61 24 rubs
1261 2590 62 24 with
1351 2590 82 24 which
1450 2591 68 30 early
1540 2591 118 24 colonists
1676 2599 50 16 are.

1180 2632 84 24 bound
1275 2634 68 23 to-be
1362 2634 164 24 encountered
1544 2634 72 24 with.
1650 2634 68 24 Both

1181 2675 45 25 she
1237 2676 50 25 and
1297 2675 46 27 her
1350 2676 52 26 late
1421 2675 116 27 husband
1549 2684 61 18 were
1630 2678 87 32 strong

1181 2720 102 32 healthy
1294 2721 50 24 and
1355 2721 184 31 commercially
1550 2720 106 29 shrewd,
1669 2721 50 24 and

1181 2762 21 25 if
1210 2762 60 33 they
1279 2763 44 25 'did
1334 2765 44 24 not
1390 2765 64 24 meet
1470 2763 62 26 with
1554 2764 57 25 that
1623 2771 95 18 success

1182 2806 81 28 which
1275 2816 36 18 we
1330 2807 73 27 think
1422 2808 60 33 they
1501 2816 63 18 were
1580 2808 102 26 entitled
1693 2809 27 25 to

1183 2853 85 28 expect
1280 2851 77 24 from-
1365 2851 65 24 their
1446 2851 130 24 combined
1588 2851 134 31 -industryj-

1182 2888 21 25 it
1213 2896 53 20 was;
1274 2888 33 32 by
1317 2897 34 17 no
1363 2888 65 26 fault
1445 2888 27 27 of
1480 2888 66 26 their
1563 2898 85 20 own>.-:
1675 2895 19 13 '•
1701 2915 1 2 .
1713 2900 16 17 y

1217 2931 33 25 Ab
1264 2940 33 17 an
1313 2931 51 32 old.
1372 2931 125 34 identity,,
1513 2932 160 33 particularly
1694 2940 27 17 as

1185 2975 55 25 that
1249 2977 63 24 term
1324 2976 93 32 applies
1430 2978 30 26 to.
1468 2976 106 30 Oxford,,
1580 2984 43 21 we.
1627 2976 94 26 believe

1185 3019 44 25 she
1240 3027 50 18 was
1302 3020 42 24 the
1361 3020 79 25 oldest
1462 3022 86 31 except
1567 3020 61 25 Mrs.
1646 3021 74 25 Pear-

1186 3070 44 17 son
1248 3063 27 25 of
1287 3063 79 25 Burnt
1377 3063 63 25 Hill.

1219 3101 48 29 We
1293 3105 71 26 know
1386 3105 57 25 that
1471 3114 38 17 we
1525 3114 55 17 lare
1601 3105 67 31 right
1695 3105 25 26 m

1184 3147 91 33 saying
1285 3148 57 25 that
1357 3156 32 18 no
1409 3156 99 18 woman
1527 3156 50 19 was
1595 3156 27 19 so
1632 3149 90 33 widely

1186 3190 97 32 known,
1313 3192 50 24 and
1385 3192 86 32 plenty
1493 3193 68 25 there
1585 3192 31 26 be
1638 3193 83 25 whose

1186 3234 85 26 homes
1293 3243 43 17 are
1358 3236 122 25 scattered
1506 3236 66 26 from
1593 3236 129 26 Auckland

1187 3279 25 24 to
1224 3278 41 25 the
1276 3278 72 25 Bluff
1364 3279 57 25 who
1438 3279 49 26 had
1508 3279 78 26 either
1607 3279 75 26 heard
1694 3288 29 17 or

1188 3325 52 19 met
1263 3322 60 23 Mrs.
1359 3323 95 30 Agnes*
1621 3323 101 28 Granny

1189 3364 86 25 Fisher
1297 3373 28 16 as
1344 3365 45 24 she
1407 3373 48 17 was
1468 3366 135 32 familiarly
1621 3366 99 31 known,

1188 3407 33 32 by
1243 3408 44 26 the
1320 3408 119 29 children,
1452 3423 6 6 '
1473 3409 49 25 and
1551 3409 97 31 indeed,
1678 3413 44 22 she

1188 3451 84 26 rather
1282 3452 68 25 liked
1361 3452 44 25 the
1419 3455 73 28 term,
1508 3453 73 26 when
1593 3453 131 26 addressed

1188 3496 34 32 by
1238 3497 77 25 other,
1327 3496 73 31 folks,
1426 3504 28 18 as
1473 3497 20 26 it
1513 3505 74 25 opens
1604 3498 43 25 the
1664 3498 60 25 door

1188 3540 39 24 for
1237 3540 120 31 pleasant-
1369 3537 83 34 gossip
1472 3541 50 24 and
1533 3541 27 25 of
1568 3543 56 29 past
1636 3544 86 22 events

1189 3578 50 25 and
1257 3579 87 27 future;
1364 3581 135 30 prospects*
1534 3580 28 25 of
1578 3580 86 24 which,
1680 3580 43 25 the

1189 3619 41 25 old
1250 3619 58 33 lady
1330 3627 50 17 was
1403 3620 159 33 particularly
1584 3620 67 26 fond.
1687 3621 36 25 To

1189 3671 82 26 young
1282 3664 118 25 colonists
1422 3662 46 28 her
1489 3665 56 32 past
1568 3665 155 32 experiences

1191 3703 78 30 when'
1275 3707 94 26 related
1379 3707 24 26 m
1412 3707 45 26 her
1472 3716 55 17 own
1546 3708 88 32 quaint
1652 3709 70 32 style,

1191 3759 63 18 were
1265 3751 44 26 riot
1320 3751 103 26 without
1510 3752 147 30 usefulness,
1675 3753 50 24 and

1191 3795 45 25 her
1247 3795 130 32 warnings'
1383 3792 63 32 wfere
1445 3792 4 13 1
1450 3821 3 3 .
1464 3794 45 29 not
1513 3797 33 27 ;to
1550 3801 3 6 '
1563 3796 35 27 b©.
1604 3796 120 33 despised;

1191 3839 110 31 Perhaps
1311 3838 60 31 they
1380 3845 65 18 .were
1461 3842 42 20 not
1515 3839 89 32 always
1616 3841 115 31 expre^s-^

1191 3881 31 26 ed
1241 3881 27 25 m
1297 3881 49 24 the'
1363 3883 66 23 most
1450 3881 94 26 refined
1566 3883 85 29 terms,
1680 3882 44 25 but

1192 3925 71 32 being
1265 3946 3 12 ;
1273 3924 84 25 mixed
1367 3924 62 25 with
1441 3932 34 17 an
1494 3925 85 33 oddity
1591 3925 49 25 and
1652 3933 72 25 pecu-

1191 3966 84 35 liarity
1292 3968 27 26 of
1328 3968 142 32 expression
1493 3977 27 17 so
1542 3969 124 33 intensely
1677 3970 48 24 ori-

1191 4012 68 33 ginal
1276 4020 66 18 were
1357 4013 45 25 not
1419 4019 26 18 so
1466 4012 77 32 easily
1559 4013 133 31 forgotten.

1225 4052 48 26 Mr,
1290 4046 35 38 j).
1329 4070 12 13 &
1341 4052 59 26 ,and
1420 4052 61 25 Mrs.
1508 4052 103 26 Fisher.t
1615 4053 110 31 ogether

1192 4095 59 25 with
1274 4095 65 24 their
1360 4093 85 34 family
1478 4094 26 25 of
1524 4094 55 25 four
1602 4094 118 25 children.

1192 4137 101 30 Robert,
1305 4137 74 30 John,
1390 4137 82 30 James,
1486 4137 139 35 andjMary,
1636 4137 90 29 lanHed

1193 4186 25 21 at
1230 4182 103 25 Timaru
1361 4182 49 24 and
1433 4189 77 26 many
1532 4182 27 25 of
1579 4182 66 24 them
1664 4182 63 25 have

1193 4226 68 25 since
1271 4225 181 32 distinguished
1464 4226 146 24 thenieelves
1624 4233 29 18 as
1664 4226 63 31 good

1193 4269 47 24 and
1259 4268 83 25 useful
1346 4268 140 27 Jujolonibts
1509 4270 115 32 amongst
1635 4269 91 28 'Whom

1193 4321 41 17 are
1250 4312 44 25 the
1306 4311 190 30 Wordsworths,
1520 4313 117 29 Young's.
1645 4312 81 25 Hara-
1725 4334 7 9 V

1192 4354 90 27 mond's
1304 4354 48 25 and
1374 4354 90 26 others:
1489 4354 64 26 their
1574 4354 63 26 first
1652 4363 73 24 camp

1193 4400 74 31 being
1288 4398 28 24 m
1344 4397 49 25 Mr.
1433 4398 122 26 Bhodes's
1586 4398 141 26 Woolshed.

1194 4442 49 27 Mr.
1261 4441 109 25 Thomas
1390 4440 99 27 Rhodes
1509 4449 48 18 was
1574 4441 61 26 then
1645 4440 84 34 acting

1193 4491 29 18 as
1233 4481 66 26 Pilot
1309 4473 237 40 andSMagKtHßS'
1558 4480 64 34 grtoa
1633 4479 59 35 ship
1702 4483 27 24 to

1194 4526 89 26 anchor
1291 4525 28 24 m
1330 4524 42 25 the
1383 4523 57 34 bay.

1774 189 70 25 After
1866 198 16 17 a
1903 191 141 33 temporary
2070 190 91 26 shelter
2182 191 27 24 m
2232 191 43 25 the

1741 233 143 32 Emigrants
1897 235 121 24 Barracks
2030 235 42 25 the
2089 235 91 24 Fisher
2190 234 86 33 family

1740 285 64 16 were
1821 285 61 18 soon
1905 278 68 28 astir,
2002 278 51 24 and
2077 277 160 31 experienced
2260 285 15 16 a

1740 319 80 33 rough
1829 320 105 32 journey
1945 322 27 23 to
1984 320 43 25 the
2038 319 140 26 Harewood
2188 319 86 30 forest,

1740 370 57 19 now
1807 363 79 27 called
1908 364 91 26 Oxford
2021 364 51 26 and
2089 363 98 27 tackled
2203 364 71 32 split-

1739 407 62 32 ting,
1830 409 49 24 and
1907 409 99 31 general
2035 408 63 25 bush
2121 408 74 29 work,
2223 408 52 24 and

1740 449 33 32 by
1783 450 64 25 their
1858 451 113 32 industry
1988 451 49 24 and
2056 451 71 24 thrift
2143 451 77 24 found
2231 451 44 24 the

1739 500 85 19 means
1840 494 27 26 of
1887 493 112 34 building
2021 494 44 26 the
2082 494 87 26 Forest
2188 493 86 34 Hotel,

1739 545 57 18 now
1807 538 78 26 called
1903 539 44 25 the
1965 539 138 25 Terminus.
2138 538 54 26 The
2206 547 68 17 earn-

1739 581 56 31 ings
1817 582 27 24 of
1863 582 43 25 the
1924 582 89 32 family
2046 583 73 31 being
2141 583 133 31 agreeably

1740 624 137 27 subsidised
1887 625 80 33 owing
1979 628 26 23 to
2016 633 14 17 a
2042 626 58 25 visit
2120 627 27 24 to
2159 625 115 26 Gabriels

1740 668 85 30 Gully,
1853 669 78 23 where
1953 668 50 23 Mr.
2030 669 84 23 Fisher
2129 677 51 15 was
2196 670 74 29 fairly

1740 710 135 25 successful
1885 718 28 17 as
1924 718 14 16 a
1948 707 68 35 gold,
2025 708 93 34 digger.
2152 710 54 24 The
2217 710 60 33 only

1739 753 105 27 families
1854 754 26 26 at
1891 752 57 28 that
1965 746 61 34 time
2046 750 110 36 actually
2166 753 110 34 residing

1740 797 27 26 m
1779 797 93 27 Oxford
1882 806 63 17 were
1956 797 44 26 the
2016 797 90 29 Marsh,
2118 798 51 25 and
2186 797 89 33 Denby

1739 841 112 30 families,
1886 841 54 25 The
1950 841 78 32 tragic
2043 841 49 25 end
2107 841 27 26 of
2143 841 44 25 the
2197 841 80 25 oldest

1740 884 107 26 member
1858 885 26 25 of
1905 884 42 25 the
1963 884 57 26 first
2038 884 86 33 family
2141 892 28 18 as
2180 884 56 26 well
2247 893 34 17 as.

1741 928 72 26 other
1833 929 103 31 painful;
1953 929 241 33 eyents^qonnected
2201 937 6 15 :
2214 929 62 26 with

1741 971 44 25 the
1803 971 95 32 family,
1921 972 64 25 have
2004 972 28 25 m
2054 973 42 24 the
2116 975 58 29 past
2196 973 87 25 called'

1741 1013 68 26 forth
1832 1014 47 28 the;
1896 1014 117 26 heartfelt
2032 1014 135 33 Sympathy
2184 1014 27 26 of
2231 1024 53 18 our.

1740 1059 105 25 readers.
1879 1059 49 25 Mr.
1946 1059 89 33 Denby
2053 1060 47 24 has
2116 1059 159 32 presumably

1741 1103 68 25 fared
1826 1103 87 29 better,
1941 1102 46 26 but
2008 1102 34 26 he
2058 1105 42 23 too
2117 1101 47 29 has
2175 1101 50 26 had
2235 1101 40 26 his

1741 1147 72 26 heart
1830 1154 86 26 wrung
1931 1148 33 31 by
1992 1147 180 26 bereavements
2194 1147 82 26 which

1742 1199 43 17 are
1804 1191 52 26 still
1878 1199 75 24 green
1974 1191 28 25 m
2021 1199 46 17 our
2084 1191 141 26 memories.
2240 1192 3 8 '

1746 1235 6 8 *
1775 1234 54 24 Mrs
1857 1233 83 32 Agnes
1960 1234 96 29 Fisher,
2067 1243 6 4 -
2086 1241 47 20 -so-
2143 1232 45 26 the
2209 1235 68 31 plate

1742 1284 33 17 on
1786 1275 44 26 the
1841 1276 74 25 coffin
1926 1275 54 26 said
1991 1284 51 17 was
2062 1278 31 23 75
2110 1284 71 24 years
2193 1276 27 25 of
2230 1284 47 24 age

1742 1319 44 26 but
1794 1328 38 17 we
1844 1321 66 24 trust
1921 1321 27 24 to
1959 1319 30 26 be
2000 1320 111 33 forgiven
2121 1320 22 25 if
2152 1328 36 18 we
2199 1320 78 27 doubt

1743 1364 33 25 its
1801 1367 161 23 correctness.
2009 1364 34 26 As
2072 1364 43 26 the
2145 1365 85 25 record
2252 1366 28 25 of

1743 1409 83 24 events
1837 1408 80 26 which
1939 1408 65 26 have
2025 1408 145 33 transpired;
2195 1410 27 24 to
2233 1417 46 18 our

1742 1451 152 34 knowledge,
1912 1453 83 32 points
2013 1453 26 25 to
2061 1453 42 25 the
2126 1453 150 31 conclusion,

1743 1496 56 25 that
1810 1496 103 26 another
1923 1497 44 25 ten
1988 1502 71 25 years
2080 1503 58 28 may
2159 1496 31 26 be
2201 1498 78 31 safely

1743 1540 86 23 added.

1776 1583 55 25 The
1842 1583 96 26 funeral
1949 1585 26 24 at
1986 1583 44 26 the
2046 1584 93 25 Oxford
2150 1583 129 35 Cemetery

1743 1635 33 16 on
1789 1626 102 32 Sunday
1901 1627 50 25 last
1972 1635 51 17 was
2044 1628 95 32 largely
2161 1629 117 25 attended

1743 1670 194 33 particularyiby
1959 1671 43 25 the
2025 1672 42 24 old
2086 1672 130 25 residents:
2228 1674 51 25 and

1744 1714 43 26 the
1799 1714 92 26 service
1910 1722 47 18 was
1976 1714 173 35 impressingly
2169 1717 59 26 read
2248 1717 31 33 by

1743 1755 44 25 the
1804 1755 61 26 Rev.
1883 1755 48 25 Mr.
1950 1755 111 27 Garbett.
2098 1757 49 25 She
2164 1757 47 25 lies
2223 1759 52 24 side

1745 1799 30 31 by
1793 1798 53 27 side
1868 1799 61 24 with
1951 1799 46 25 her
2018 1799 51 26 Jate
2091 1800 116 25 husband
2229 1801 50 26 and

1743 1842 44 26 the
1809 1842 120 26 beautiful
1951 1845 147 25 monument
2124 1844 83 25 which
2226 1853 52 17 was

1744 1887 95 25 erected
1849 1888 26 24 to
1887 1886 40 26 his
1941 1895 113 25 memory
2072 1895 56 19 now
2139 1889 85 26 marks
2235 1889 44 26 the

1743 1931 96 31 resting
1858 1931 68 31 place
1949 1931 28 25 of
1991 1931 70 26 both.

1743 2097 73 25 HON
1852 2097 58 25 MR.
1947 2098 139 26 REEVES
2124 2098 46 25 ON
2207 2098 71 25 THE

1826 2143 142 26 LABOUR
2003 2143 186 30 QUESTION.

1776 2202 32 25 In
1819 2202 40 26 his
1880 2203 87 32 speech
1978 2204 26 24 at
2027 2204 179 25 Christchurch
2230 2204 47 25 Mr.

1743 2243 94 25 Beeves
1845 2243 119 32 referring
1975 2246 26 22 to
2013 2244 43 24 the
2067 2243 88 26 labour
2164 2245 115 31 question

1744 2282 61 28 said,
1831 2282 50 25 'He
1899 2282 102 25 wished.
2013 2283 27 29 \o
2045 2294 6 5 -
2063 2282 82 25 define
2162 2282 39 25 Ms
2216 2291 63 17 -own

1743 2319 107 32 position
1862 2319 91 32 clearly
1973 2326 28 15 as
2012 2319 101 33 regards
2130 2319 44 24 the
2193 2320 87 23 labour

1744 2359 121 31 question.
1899 2357 132 32 Beferring
2049 2360 25 23 to
2097 2367 32 16 an
2150 2359 85 25 article
2254 2359 24 24 m

1744 2398 42 26 the
1797 2398 130 26 Auckland
1939 2398 67 30 Star,
2025 2398 78 26 which
2126 2398 33 26 he
2171 2398 108 34 thought

1744 2448 50 17 was
1805 2440 99 24 written
1915 2435 31 28 in'
1951 2445 35 25 np
1995 2437 140 34 unfriendly
2147 2441 81 30 spirit,
2246 2436 44 29 he^

1744 2477 142 33 recognised
1907 2476 57 26 that
1983 2477 119 26 Journals
2125 2478 106 25 services
2253 2480 26 24 to

1744 2518 42 25 the
1805 2517 100 26 Liberal
1924 2525 73 17 cause
2017 2517 50 25 and
2086 2519 79 30 party,
2183 2517 47 26 but
2252 2527 28 17 as

1745 2552 57 29 that
1808 2555 100 32 journal
1918 2555 51 25 had
2101 2555 80 33 freely,
2190 2556 27 24 of
2228 2557 52 24 him

1746 2604 30 14 on
1788 2596 113 30 January
1925 2595 62 23 28th
2009 2595 57 30 last,
2085 2597 31 22 he
2139 2597 94 22 wished
2255 2599 25 21 to

1745 2636 59 24 take
1825 2630 58 30 the*
1888 2634 159 33 opportunity
2078 2634 40 26 of'
2137 2637 75 30 doing
2235 2637 45 24 the

1746 2682 68 20 same
1836 2677 27 24 m
1885 2675 78 33 reply.
2004 2674 54 27 The
2087 2675 85 26 article
2196 2683 48 19 was
2266 2684 16 18 a

1746 2715 59 30 long
1817 2714 154 25 exhortation
1993 2719 67 26 upon
2136 2714 108 32 dangers
2256 2716 26 24 of

1746 2754 95 25 further
1851 2754 139 28 legislation
2000 2753 39 25 for
2058 2754 85 25 labour
2154 2754 51 25 and
2217 2762 64 25 upon

1746 2796 42 24 the
1802 2794 90 26 doubts
1915 2794 54 26 and.
1986 2793 143 27 difficulties
2152 2795 139 39 attaching^

1748 2839 25 23 to
1786 2836 61 27 such
1866 2835 77 26 work.
1977 2835 32 25 In
2029 2835 143 32 particular,
2190 2836 21 24 it
2223 2837 59 25 took

1748 2877 127 32 exception
1887 2880 26 22 to
1923 2877 41 25 his
1986 2877 117 32 proposal
2115 2879 25 23 to
2152 2877 129 26 introduce

1748 2918 63 25 fresh
1823 2915 62 28 Bills
1898 2919 58 24 next
1966 2917 101 31 session,
2086 2915 50 28 arid
2148 2919 134 31 suggested

1747 2957 57 26 that
1826 2958 42 25 the
1890 2965 88 24 proper
1996 2964 85 18 course
2105 2964 50 18 was
2178 2959 26 23 to
2223 2958 59 25 wait

1748 2996 50 25 and
1814 3003 40 18 see
1865 2995 55 25 how
1931 2994 45 26 the
1986 2996 99 30 present
2096 2994 61 26 Acts
2172 2996 108 25 worked.

1748 3036 67 26 That
1837 3044 51 18 was
1905 3037 45 23 not
1972 3034 40 26 his
2032 3035 71 25 view.
2138 3035 41 25 He
2191 3036 91 33 agreed

1750 3084 26 15 as
1785 3075 117 32 regarded
1917 3074 43 24 the
1971 3074 105 31 dangers
2096 3076 24 21 of
2128 3075 79 23 haste.
2242 3076 41 23 He

1748 3112 51 25 had
1810 3113 110 31 pointed.
1919 3112 71 24 them
2012 3114 47 22 out
2065 3113 115 26 .himself
2192 3120 16 17 a
2219 3114 63 24 hun-

1748 3152 60 25 dred
1819 3152 80 28 times,
1918 3150 44 26 but
1981 3150 33 25 he
2037 3150 136 33 absolutely
2194 3152 90 26 denied

1748 3193 57 25 that
1817 3193 41 24 the
1880 3191 88 26 labour
1979 3190 61 26 laws
2058 3191 27 25 of
2105 3191 44 25 the
2167 3193 51 25 last
2228 3192 56 26 four

1748 3241 78 24 years,
1831 3239 56 19 ever
1906 3232 87 28 caused
2007 3239 5 26 ;
2016 3239 52 24 any?
2087 3232 61 25 such
2159 3232 85 33 injury
2255 3242 28 17 as

1749 3276 27 24 to
1797 3272 73 26 make
1892 3272 21 26 it
1940 3279 130 26 necessary
2092 3277 26 21 to
2138 3281 74 24 pause
2228 3282 56 18 now

1749 3312 82 26 before
1852 3312 75 31 going
1946 3316 33 21 ori
2003 3309 35 28 in'
2052 3312 44 25 the
2101 3312 8 12 r
2120 3321 69 17 same
2210 3314 72 25 lines.

1750 3352 40 26 He
1801 3350 89 31 defied
1909 3350 56 27 that
1985 3352 60 31 they
2057 3350 51 27 had
2130 3352 92 26 caused
2233 3363 51 22 apy

1749 3391 82 34 injury
1844 3392 26 24 at
1881 3389 42 27 all.
1938 3417 7 3 _
1958 3389 88 33 While,
2063 3390 73 32 ready
2148 3390 136 34 cheerfully

1751 3434 25 23 to
1788 3432 54 32 give
1854 3431 61 26 time
1926 3430 50 25 and
1997 3425 136 39 attention^
2139 3432 145 33 to^improv-

1750 3473 44 31 ing
1805 3471 59 26 Acts
1875 3479 28 18 as
1908 3470 83 32 -they,
1998 3472 216 32 requirediit;vvhe
2226 3481 57 18 con-

1751 3511 96 26 sidered
1869 3510 70 26 there
1956 3518 64 17 were
2038 3510 70 26 other
2125 3510 65 26 Bills
2202 3511 90 29 which,

1750 3551 78 31 ought
1840 3556 25 20 to
1878 3551 29 24 be
1925 3551 98 29 passed.
2058 3551 26 24 X
2099 3551 44 24 the
2162 3552 86 25 article
2259 3553 28 24 of

1750 3590 43 25 the
1823 3588 130 27 Auckland
1994 3589 60 26 Star
2082 3589 130 33 expressed,
2240 3591 44 26 the

1750 3631 74 26 \iews
1845 3629 28 27 of
1889 3629 43 27 the
1951 3629 99 27 Liberal
2066 3630 77 33 Party
2162 3631 43 26 the
2227 3632 58 33 only

1751 3671 78 26 result
1852 3671 73 26 could
1946 3671 30 24 be
1992 3667 58 29 'that
2072 3667 32 29 tie
2110 3671 101 26 'should
2221 3673 64 25 have

1753 3714 26 23 to
1790 3712 71 25 leave
1871 3712 40 25 his
1922 3711 109 32 position
2042 3711 50 26 and
2114 3712 82 32 resign
2209 3714 77 25 office.

1751 3748 27 27 If
1786 3750 44 26 the
1841 3751 62 34 yiph
1920 3752 26 23 of
1950 3770 4 6 ,
1965 3750 42 25 the
2008 3774 4 7 t
2027 3750 101 25 Liberal
2148 3751 77 33 Party
2236 3761 56 19 was;

1751 3790 27 24 to
1797 3785 168 35 pauße'ri6w2.
1970 3788 49 25 and
2028 3789 69 24 /wait
2133 3789 52 26 for-'
2197 3798 15 17 a
2230 3799 66 23 year*

1752 3838 28 15 or
1812 3838 72 20 years
1918 3829 81 23 before
2021 3829 76 31 going
2119 3838 38 17 on.
2190 3830 98 27 further

1828 3868 89 25 labour
1939 3869 146 31 legislation,
2106 3871 9 25 ,'
2113 3885 3 13 ;
2126 3869 69 35 jthen
2218 3871 20 23 if
2239 3861 48 43 fhe

1753 3908 71 25 knew
1835 3909 56 24 that
1907 3909 31 24 he
1969 3908 80 25 would
2091 3909 57 31 give
2169 3917 35 24 up
2244 3910 44 25 the

1751 3947 108 31 position
1863 3952 17 10 '*■
1888 3947 25 25 of
1913 3947 44 20 >■*■•*
1960 3946 130 26 Minister-
2090 3952 5 10 4
2112 3947 27 25 of
2140 3957 12 5 -

1753 3985 49 25 and
1814 3993 40 17 see
1870 3984 68 26 what
1957 3985 31 25 he
2011 3985 72 25 could
2105 3985 31 25 do
2159 3987 26 24 to
2196 3985 92 27 hasten

1753 4034 33 16 on
1797 4025 43 25 the
1849 4024 71 26 work;
1927 4024 160 35 a|ta'priyate
2098 4024 120 35 member,
2247 4026 41 26 He

1753 4064 49 23 had
1819 4063 63 25 been
1893 4064 44 23 the
1949 4063 143 25 staunchest
2111 4063 27 25 of
2146 4067 74 27 party,
2229 4073 58 16 man

1753 4100 67 25 since
1840 4099 33 26 he
1891 4099 54 26 first
1967 4099 59 26 took
2046 4099 71 26 office
2133 4100 27 25 m
2180 4100 107 32 politics,

1753 4140 51 26 arid
1814 4139 33 26 he
1867 4136 80 34 hoped
1975 4139 54 26 that
2049 4140 31 26 he
2091 4139 83 27 would
2196 4140 99 30 always,

1753 4180 31 26 be
1797 4187 34 24 so,
1850 4180 46 25 but
1915 4180 33 25 he
1967 4180 81 26 would
2073 4182 46 24 not
2141 4184 103 24 consent
2261 4184 28 25 to

1751 4219 64 25 hold
1845 4219 71 24 office
1934 4219 92 30 merely
2059 4219 39 25 for
2117 4219 45 26 tbe
2180 4218 72 39 4akei
2265 4222 27 25 of

1753 4257 75 31 doing
1852 4249 199 42 gp-^merslyLto
2072 4278 1 3 .
2078 4252 115 32 remain^
2198 4262 34 22 ah
2245 4258 42 32 jin-

1746 4290 87 29 'active
1845 4295 113 25 observer
1964 4294 28 24 of
2001 4295 41 24 tne
2056 4295 111 32 working
2177 4297 28 24 of

1753 4333 44 31 ing
1807 4333 68 30 laws,
1887 4334 27 23 to
1925 4333 50 23 rest
1986 4332 51 24 arid
2047 4333 31 25 be
2089 4334 116 26 thankful
2216 4336 72 26 when

1744 4363 380 43 .so-m^cb/^reinairieliV^torbe'
2139 4373 73 27 done.
2248 4375 41 26 He

1755 4410 54 26 said
1816 4410 100 29 ihis_in.
1921 4417 34 18 no
1976 4411 122 30 .petulant
2109 4420 27 17 or
2147 4414 144 31 ungrateful

1755 4450 80 32 spirit.
1865 4450 41 26 He
1911 4449 132 27 ms-iriost
2054 4452 122 33 Biricerely
2186 4454 106 31 grateful

1755 4489 40 25 for
1805 4488 45 26 the
1863 4488 73 32 'loyal
1954 4483 58 33 arid;
2023 4488 155 28 honourable
2189 4493 103 31 support

1757 4523 81 30 which
1855 4527 40 25 his
1906 4526 139 32 colleagues
2057 4528 49 25 and
2124 4528 45 26 the
2180 4530 112 32 majority

2304 192 26 25 of
2347 192 44 25 the
2413 193 71 31 party
2502 191 50 25 had
2563 191 73 32 given
2648 193 26 24 to
2685 191 43 26 the
2748 191 90 26 labour

2302 231 66 25 Bills
2378 230 28 25 of
2415 231 42 25 the
2469 232 49 23 last
2528 230 56 25 four
2606 235 79 27 year's,
2703 230 97 32 though
2817 232 19 23 it

2302 276 49 17 was
2363 276 15 17 a
2390 268 64 26 class
2474 268 28 26 of
2518 268 141 31 legislation
2671 272 45 22 not
2732 269 104 36 popular

2303 306 61 25 with
2373 306 36 24 all
2420 306 111 24 sections
2549 305 28 25 of
2592 306 65 28 their
2671 307 81 30 party;

2302 342 34 27 he
2347 343 83 26 would
2446 344 46 25 not
2504 345 56 32 stay
2580 343 110 30 mVofftce
2701 344 51 25 and
2763 344 73 25 stand

2303 382 60 26 still.
2380 406 2 5 ,
2398 382 180 37 Therefore^if
2592 382 33 27 he
2742 381 94 33 Regard

2303 419 42 26 the
2357 420 84 25 article
2458 421 27 24 of
2505 421 44 24 the
2552 419 15 26 '
2567 419 121 26 Auckland
2712 421 60 26 Star
2782 428 28 18 as
2821 430 14 15 a

2301 459 135 31 challenge,
2444 474 4 6 >
2465 459 33 26 he
2505 459 118 31 accepted
2635 459 43 26 the
2697 459 137 32 challenge.

2302 498 26 27 It
2340 498 80 27 would
2443 498 30 27 be
2495 498 38 27 for
2551 499 41 26 the
2615 502 71 30 party
2697 501 26 24 to
2745 499 90 26 choose

2303 539 111 26 between
2438 540 34 25 its
2484 540 84 25 advice
2596 540 51 25 and
2671 541 40 24 his
2739 540 95 25 advice.

2302 577 55 26 The
2381 577 58 27 Star
2462 578 94 25 advises
2577 577 56 26 that
2667 578 59 32 they
2747 577 89 26 should

2303 616 62 25 hold
2375 624 7 21 ;
2399 616 33 25 he
2449 616 99 25 advised
2558 616 57 26 that
2635 617 59 32 they
2706 616 88 26 should
2805 625 31 24 go

2302 664 34 17 on
2336 670 32 5 —
2368 658 46 24 not
2432 656 98 31 rashly,,
2561 662 45 20 not
2634 657 58 26 with
2711 655 132 30 violence,'

2302 693 59 32 but,,
2367 703 33 15 on
2420 694 44 26 the
2481 694 64 29 lines
2563 703 33 17 on
2612 695 78 26 which
2700 694 63 33 they
2784 694 51 26 had

2302 739 71 24 gone,
2390 731 33 34 by
2445 732 85 33 trying
2551 734 27 24 to
2600 733 32 26 do
2642 732 90 34 justice
2743 732 51 26 and
2807 736 26 23 to

2303 770 30 25 be
2345 770 48 25 fair
2403 773 28 24 to
2442 771 44 26 the
2503 772 122 31 employer
2642 772 75 25 while
2735 773 67 31 loyal
2809 777 27 20 to

2303 810 44 25 the
2370 811 116 26 workers.
2530 812 42 25 He
2599 812 90 25 denied
2712 812 58 25 that
2792 810 44 27 the

2302 850 80 32 policy
2401 851 27 25 of
2449 850 44 26 the
2512 850 89 26 labour
2623 852 140 32 legislation
2787 852 49 25 had

2302 888 62 25 been
2375 888 108 27 dictated
2505 889 44 32 by.
2556 890 149 27 extremists.
2740 890 96 31 On;the
2838 904 3 18 :

2302 929 122 31 contrary,
2441 927 33 26 he
2492 928 51 25 had
2565 928 85 26 shewn
2671 929 70 25 them
2752 937 16 17 a
2778 929 59 26 bold

2302 968 75 29 front,
2406 968 57 23 and.
2478 968 52 23 had
2559 967 140 33 frequently
2730 968 108 24 suffered

2303 1006 77 24 much
2399 1007 77 24 abuse
2498 1006 32 31 by
2549 1006 75 32 doing
2646 1014 37 17 so:
2716 1007 42 24 He
2785 1007 52 24 had

2302 1054 75 17 never
2388 1045 102 26 allowed
2501 1046 44 25 the
2561 1046 88 27 labour
2657 1047 85 37 policy
2751 1047 28 25 of
2794 1047 42 26 the

2304 1084 165 26 Government
2497 1091 25 19 to
2547 1086 31 24 be
2605 1085 110 26 dictated
2739 1087 27 24 to
2781 1085 55 26 him

2303 1125 65 25 from
2378 1125 44 25 the
2432 1124 63 26 back
2504 1125 27 25 of
2545 1132 15 18 a
2567 1127 53 24 cart
2631 1133 28 18 or
2676 1125 43 26 the
2733 1124 101 27 bottom

2304 1162 27 27 of
2339 1171 16 17 a
2377 1162 68 33 lamp
2467 1164 64 31 post.
2564 1162 53 28 But
2634 1165 26 25 to
2679 1164 72 26 resist
2770 1165 66 25 such
2842 1178 2 5 -

2304 1209 59 17 men
2384 1209 52 17 was
2457 1210 48 16 one
2526 1201 87 33 thing;
2647 1205 27 23 to
2693 1211 32 24 go
2745 1205 27 23 to
2792 1203 44 25 the

2304 1239 70 24 other
2385 1241 108 23 extreme
2505 1240 51 25 and
2575 1241 33 25 sit
2620 1241 52 27 still
2677 1241 65 30 .with
2753 1240 83 26 folded

2303 1275 80 26 hands
2392 1284 50 17 was
2451 1284 15 17 a
2474 1276 75 32 thing
2558 1277 34 25 he
2602 1286 50 17 was
2662 1277 48 26 nit
2719 1277 117 32 prepared

2304 1314 27 26 to
2352 1315 92 26 submit
2462 1317 33 24 to.
2540 1316 153 34 (Applause).
2711 1317 54 25 Tne
2780 1325 56 24 pos-

2304 1354 63 25 ition
2384 1353 27 25 of
2425 1354 44 25 the
2491 1354 101 25 Labour
2616 1356 91 32 parties
2724 1356 28 23 m
2774 1356 63 25 Aus-

2304 1392 73 25 tralia
2393 1393 135 24 confirmed
2547 1393 51 24 him
2616 1394 27 24 m
2655 1393 44 26 the
2710 1393 62 25 view
2783 1395 56 24 that

2304 1438 16 18 a
2344 1433 113 30 separate
2490 1430 101 26 Labour
2624 1432 76 32 Party
2727 1440 48 17 was
2787 1431 50 27 'not

2305 1471 126 25 advisable
2442 1479 27 18 so
2481 1471 59 31 long
2551 1479 28 17 as
2590 1472 44 25 the
2657 1472 99 26 Liberal

2305 1522 28 16 as
2358 1522 15 16 a
2390 1512 89 31 whole,
2514 1522 49 16 was
2588 1513 121 33 prepared
2723 1515 27 24 to
2767 1514 74 32 grant

2305 1553 47 26 fair
2363 1555 75 24 terms
2455 1555 27 24 to
2493 1553 44 26 the
2553 1550 109 29 Labour
2672 1553 101 35 section,
2791 1554 50 25 and

2305 1593 27 25 to
2342 1592 105 32 give,up
2453 1611 5 11 ;
2464 1600 16 17 a
2495 1592 143 26 reasonable
2649 1593 99 32 portion
2760 1593 26 25 of
2797 1593 44 26 the

2305 1635 62 25 time
2384 1635 50 25 and
2450 1635 125 26 attention
2592 1636 28 25 of
2645 1642 71 26 every
2745 1637 94 25 session

2305 1679 27 24 to
2349 1678 64 26 Bills
2431 1678 130 33 especially
2578 1679 119 33 affecting
2707 1680 44 25 the
2761 1680 77 25 work-

2306 1730 48 22 ers,
2446 1730 12 15 ■(
2487 1722 7 24 ■'.
2509 1727 33 19 /.■
2563 1733 1 2 ■
2605 1727 2 4 '
2635 1729 10 17 ::
2657 1721 17 27 '.'.
2697 1738 1 1 ■
2742 1726 32 24 :.:
2801 1742 1 1 .
2821 1723 23 23 '■■'■.

2304 1859 134 63 LOCAL
2438 1859 67 63 AND
2505 1859 336 63 GENERAL

2339 1981 190 26 Excursion.—
2529 1981 86 26 About
2695 1990 147 25 passengers

2308 2022 45 25 left
2364 2021 72 27 East'
2450 2021 3 20 !
2454 2023 94 25 Oxf6rd
2566 2018 38 37 'by
2628 2023 42 26 the
2687 2023 155 26 Goverment

2306 2061 138 26 Excursion
2461 2061 82 26 which
2559 2061 59 26 took
2633 2061 70 33 place
2720 2070 34 17 on
2772 2061 70 27 Mori-

2309 2101 48 33 day
2361 2106 3 5 '
2374 2101 58 30 lasti,
2430 2103 4 16 ;
2450 2101 50 26 arid
2510 2101 43 26 the
2570 2102 112 25 weather-
2694 2102 94 32 during
2799 2103 44 24 the

2308 2141 49 34 day
2373 2141 135 25 continued
2524 2141 51 25 fine
2585 2140 53 27 -but
2654 2143 46 24 not
2717 2141 87 33 nearly
2815 2149 29 17 so

2306 2188 77 17 warm
2400 2188 28 17 as
2456 2181 44 24 the
2532 2181 122 31 previous'
2662 2186 2 18 :
2684 2181 74 25 week.
2804 2181 39 25 On

2306 2220 111 33 arriving
2434 2221 27 25 at
2478 2220 85 26 Christ
2564 2221 96 25 church
2678 2228 68 19 some
2762 2220 28 26 of
2800 2221 43 25 the

2306 2260 174 26 excursionists
2496 2261 89 25 visited
2602 2261 42 25 the
2669 2261 114 25 Museum
2801 2263 42 23 &c.

2306 2300 46 25 but
2368 2301 45 25 the
2430 2301 117 30 majority
2571 2301 78 28 made,
2661 2300 67 26 their
2745 2309 54 22 way
2818 2303 26 23 to

2306 2340 42 24 toe
2359 2338 137 27 Industrial
2513 2338 156 31 Exhibition,
2687 2338 81 27 which
2780 2347 64 18 con-

2310 2382 78 26 sisted
2416 2383 28 25 of
2477 2383 64 25 local
2575 2383 191 30 manufactures,
2795 2384 49 24 and

2299 2433 2 23 ;
2309 2423 105 25 musical
2442 2423 182 33 competitions,
2650 2423 44 26 the
2717 2423 80 33 object
2820 2424 27 25 of

2308 2463 44 25 the
2380 2460 149 29 Exhibition
2545 2488 3 4 ,
2561 2463 74 33 being
2661 2465 26 24 to
2710 2471 85 18 encoui
2799 2472 46 24 age

2306 2502 65 25 local
2383 2501 180 26 manufactures
2583 2502 50 24 and
2655 2503 27 24 to
2702 2503 143 25 counteract

2309 2541 42 27 the
2362 2541 162 33 importation
2543 2541 28 26 of
2595 2541 96 33 foreign
2708 2549 70 18 ones.

2406 2596 97 20 *,*
2571 2595 15 16 #
2653 2596 15 14 *
2736 2595 15 15 #

2299 2620 4 15 ;
2316 2620 9 19 .;
2350 2616 45 19 '^.
2445 2608 32 28 i■:
2591 2613 248 28 •:.■.._•.■

2341 2648 253 26 North-wester.-—
2596 2649 40 25 On
2656 2667 4 4 .
2686 2648 157 32 Wednesday

2308 2694 49 25 last
2373 2692 43 27 the
2427 2692 55 33 gale
2493 2692 78 25 which
2587 2692 160 26 commenced
2757 2692 28 25 m
2797 2692 45 26 the

2310 2735 115 34 morning
2446 2736 137 26 amounted
2610 2739 25 23 to
2658 2745 14 16 a
2703 2736 139 25 hurricane.

2309 2780 78 26 From
2411 2782 31 23 11
2466 2789 23 16 a.
2506 2789 36 17 m.
2560 2782 27 23 to
2604 2782 15 23 2
2637 2789 24 24 p.
2679 2788 35 17 m.
2732 2780 112 24 different

2299 2824 93 32 ''things
2409 2832 60 17 were
2485 2825 27 24 to
2535 2823 31 26 be
2594 2832 57 17 seen
2668 2823 80 33 flying
2766 2823 77 26 about

2308 2868 26 22 m
2345 2868 42 23 the
2397 2868 45 31 air,
2469 2868 51 23 and
2540 2868 22 23 it
2580 2875 50 16 was
2650 2867 60 33 only
2732 2869 109 31 possible

2308 2914 26 21 to
2351 2919 39 16 see
2406 2919 15 16 a
2439 2913 69 23 short
2524 2910 111 26 distance
2651 2911 82 31 owing
2753 2912 27 23 to
2799 2910 43 25 the

2308 2954 86 26 clouds
2415 2956 32 24 off
2468 2955 59 25 dust
2553 2954 65 26 from
2634 2955 43 25 the
2694 2955 72 25 roads
2789 2954 51 26 and

2309 2998 131 32 paddocks,
2457 2999 122 28 however,
2599 3006 33 18 no
2649 3001 70 29 great
2736 2997 105 33 damage

2309 3050 50 19 was
2369 3043 72 25 done.
2477 3043 21 24 A
2515 3043 181 25 thunderstorm
2715 3043 127 29 followed,

2310 3086 176 31 accompanied
2502 3086 34 31 by
2563 3093 15 17 a
2606 3086 77 31 heavy
2708 3085 138 32 downpour

2312 3128 25 25 of
2353 3128 65 25 rain.
2452 3128 51 26 For
2520 3128 77 26 about
2620 3128 70 26 three
2706 3128 80 26 weeks
2803 3128 44 26 the

2310 3171 97 25 rainfall
2425 3180 47 16 can
2489 3171 31 26 be
2546 3172 105 25 counted
2676 3180 34 24 up
2726 3171 27 25 m
2770 3180 15 16 a
2802 3171 45 26 few

2311 3216 117 28 showers,
2446 3215 50 26 arid
2512 3215 45 26 the
2573 3215 106 26 farmers
2697 3215 83 26 would
2792 3223 54 18 now

2312 3260 117 25 welcome
2447 3267 14 17 a
2479 3259 60 31 days
2556 3259 64 26 rain.

2393 3335 2 3 ,
2411 3321 15 14 #
2494 3321 16 14 #
2578 3315 127 22 #'.■.#■'
2743 3319 16 14 *

2334 3368 128 25 •Cycling.
2463 3383 34 4 —
2497 3368 55 24 The
2574 3370 48 23 two
2640 3368 131 25 Victorian
2794 3375 52 24 cyc-

2314 3407 64 30 lists,
2406 3407 101 26 Messrs.
2530 3406 112 26 Burston
2665 3406 49 26 and
2738 3405 118 29 Hunter,,

2311 3447 96 25 arrived
2417 3449 28 23 m
2457 3446 92 27 Oxford
2560 3446 61 26 from
2638 3447 44 26 the
2694 3446 71 26 West
2776 3446 73 26 Coast

2312 3497 33 16 on
2366 3488 132 33 Thursday
2521 3488 55 26 Oct.
2595 3489 54 25 3rd.
2684 3488 71 32 They
2764 3496 42 17 are
2823 3490 26 24 at

2311 3530 100 29 present
2423 3528 104 31 making
2538 3535 15 17 a
2569 3529 58 23 tour
2639 3527 28 25 of
2676 3527 44 26 the
2731 3528 71 24 world
2816 3535 33 17 on

2312 3567 66 23 their
2395 3567 116 30 bicycles.
2637 3589 3 3 .

2315 3599 108 23 ■'■■'*'
2487 3606 16 16 #
2571 3606 15 16 *
2653 3607 15 14 *
2734 3606 16 17 *

2345 3647 100 33 During
2456 3647 44 26 the
2522 3646 108 27 time-in
2653 3645 199 28 whicttthe'law

2313 3688 46 25 has
2378 3688 64 26 been
2464 3688 135 32 operative,
2636 3687 72 28 there
2738 3696 62 17 were
2818 3696 34 17 no

2313 3728 74 24 fewer
2398 3728 63 25 than
2473 3724 49 29 206
2534 3727 171 31 prosecutions
2717 3730 26 22 to
2755 3727 98 31 compel

2314 3768 151 25 attendance
2476 3769 26 24 of
2513 3766 123 33 children,
2654 3770 68 23 most
2734 3768 27 25 of
2770 3768 83 24 which

2317 3815 64 19 were
2393 3806 146 26 successful.
2574 3806 61 26 This
2651 3807 21 25 is
2684 3815 16 16 a
2711 3806 85 26 record
2807 3815 46 16 un-

2314 3845 166 33 precedented
2501 3846 91 26 m..the.
2595 3847 96 31 history
2702 3847 27 24 of
2738 3846 44 25 the
2794 3846 59 24 edu-

2315 3886 82 25 cation
2409 3890 101 28 system,
2529 3886 51 25 and
2602 3894 87 25 proves
2701 3886 57 25 that
2770 3887 84 24 school

2315 3930 157 27 committees
2505 3930 127 31 generally
2671 3937 42 17 are
2731 3929 63 25 alive
2826 3933 28 21 to

2315 3969 65 25 their
2402 3969 61 32 duty
2486 3968 80 25 Under
2585 3967 69 27 ith'e:
2661 3968 82 25 Act.—
2743 3968 111 25 -Marton

2317 4006 122 39 fifercury.
2492 4009 53 24 ~'V

2315 4046 7 22 '!
2395 4047 30 22 i,'#
2494 4054 15 15 #
2576 4053 16 16 #
2659 4054 15 14 #
2742 4054 15 15 *

2350 4093 78 25 There
2451 4100 40 17 are
2513 4092 48 25 few
2575 4090 105 27 Human'
2701 4092 155 26 exhibitions

2315 4139 70 17 more
2397 4132 103 25 hideous
2506 4132 67 24 'than
2584 4131 72 25 those
2660 4125 3 19 1
2667 4131 29 25 of
2705 4132 47 24 the'
2756 4131 99 32 alleged

2317 4170 129 26 'reformed
2457 4170 109 25 sinners'
2584 4168 57 27 who
2663 4171 90 23 mount
2759 4170 95 24 -moral

2316 4211 131 32 platforms
2446 4212 5 17 l
2458 4211 28 25 iri
2489 4212 4 14 !
2494 4210 72 25 ordef
2568 4214 6 12 :
2581 4213 27 22 tb
2620 4210 123 25 advertise
2754 4211 102 30 present

2317 4249 123 32 purityiby
2447 4249 105 29 icoritact
2571 4248 63 25 with
2654 4248 110 25 former.
2766 4248 89 32 depra?

2308 4287 105 32 iVity.—
2414 4287 100 33 Sydney
2531 4286 120 25 Bulletin.

2350 4369 48 25 We
2409 4375 43 19 are
2462 4368 89 26 within
2570 4368 155 25 measurable
2745 4368 113 26 distance

2318 4410 27 25 of
2353 4410 43 24 the
2407 4409 139 26 extinction

2319 4448 112 26 Millions
2443 4448 27 25 of
2480 4447 51 26 feet
2541 4444 216 30 of-this'vakable
2766 4449 94 25 timber

2318 4495 42 17 are
2365 4486 48 28 iut
2424 4485 74 27 down
2509 4493 73 25 every
2600 4493 61 25 year
2679 4486 52 25 and
2741 4494 34 18 no
2787 4487 71 26 effort

2319 4525 126 26 whatever
2454 4524 23 25 is
2488 4523 74 26 made
2582 4525 27 25 to
2631 4525 96 32 replace
2742 4525 45 25 the
2797 4525 60 26 loss.

2869 196 45 25 We
2926 196 72 29 shall,
3016 197 27 24 m
3054 205 15 17 a
3080 197 46 25 few
3140 205 78 24 years,
3236 198 63 22 have
3311 196 26 23 to
3349 188 97 31 face!W

2868 237 42 24 the
2921 237 50 24 fact
2982 237 56 25 that
3051 237 91 26 timber
3152 238 47 24 will
3218 238 30 23 be
3259 243 81 18 scarce
3352 235 59 26 andi

2867 276 65 23 dear.
2935 275 161 26 —Auckland
3116 277 107 29 Liberty.
3361 270 40 41 .J|

2963 313 14 14 #
3045 314 15 15 #
3128 314 15 13 #
3211 313 14 14 #
3293 312 15 13 *

2902 351 53 26 The
2967 351 58 27 time
3036 352 47 25 has
3092 359 71 18 come
3174 351 73 25 when
3266 358 69 18 some
3346 350 57 26 ade-

2867 392 153 32 quate^steps
3031 392 69 24 must
3115 391 29 24 be
3167 390 105 31 adopted
3283 391 26 23 to
3321 391 83 30 stamp

2867 431 45 23 out
2923 432 41 22 so\
2973 429 90 30 deadly
3083 428 50 25 and
3143 428 123 31 repulsive
3281 436 16 17 a
3308 428 96 25 disease

2867 466 118 34 (cancer),
3003 466 131 33 especially
3152 466 27 25 m
3192 464 101 30 vie#'<sf
3301 466 43 25 the
3356 474 47 17 un-

2866 506 109 26 doubted
3008 505 56 31 fact;
3074 506 71 25 -that
3176 508 21 24 it
3206 498 33 34 *is
3262 506 142 34 increasing

2867 547 95 32 rapidly
2983 548 27 24 m
3022 547 32 25 its
3067 558 5 13 <
3077 546 77 28 death
3164 549 62 27 rate,
3244 548 47 23 and
3305 546 99 27 becom-

2866 586 43 32 ing
2920 593 16 16 a
2947 584 136 37 source^of.;
3085 586 71 30 great
3167 585 101 32 anxiety
3279 585 49 25 and
3340 586 65 31 grief

2867 625 26 24 to
2903 624 51 31 the;
2966 614 110 43 genifr^f:
3089 622 91 33 public)
3210 623 56 26 who
3286 632 42 17 are
3345 632 59 17 con-

2867 662 93 29 stantly
2971 661 124 30 following
3107 669 66 16 some
3190 662 66 25 fresh
3275 663 83 24 victim
3377 664 31 24 of

2865 699 44 26 the
2919 699 96 26 disease
3027 701 26 24 to
3065 698 43 27 the
3119 709 82 23 grave,
3230 699 51 26 and
3291 701 112 26 wonder-

2866 739 44 34 ing
2922 740 58 32 why
2992 739 143 33 something
3145 741 26 31 if
3234 741 64 25 done
3309 743 94 32 tocpe

2867 778 61 26 with
2938 779 29 24 it.
2969 793 33 5 —
3002 779 142 32 Wanganui
3157 781 110 24 Yeoman.
3350 782 4 8 '

2901 843 109 25 Further
3022 846 66 29 steps
3110 852 43 17 are
3176 847 25 23 to
3224 844 30 26 be
3276 846 76 24 taken
3375 848 28 24 to

2867 884 111 29 promote
2990 882 43 26 the
3053 882 145 29 cultivation
3218 884 27 25 of
3262 885 143 31 sugar-beet

2867 921 28 24 m
2916 920 142 30 Tasmania,
3076 921 43 25 the
3141 921 126 27 Southern
3286 924 117 31 Agricul-

2868 960 66 24 tural
2944 962 50 23 and
3006 961 114 24 Pastoral
3129 983 5 3 _
3143 962 155 24 Association
3309 964 96 31 having

2867 999 132 25 instituted
3009 1009 15 14 a
3036 995 92 36 special
3139 1002 161 30 competition
3308 1004 27 23 to
3346 1004 61 24 that

2869 1037 54 31 end,
2936 1040 49 23 two
3008 1038 79 32 prizes
3105 1038 28 26 of
3154 1031 85 41 £§($4,
3256 1041 53 25 J&iSO
3329 1040 82 34 being;

2867 1077 93 27 offered
2969 1078 39 25 for
3009 1083 4 12 1
3020 1079 43 24 the
3075 1079 144 26 cultivation
3218 1075 51 30 '^of

2867 1117 33 24 6f
2903 1117 44 24 the
2958 1119 65 28 root",'
3039 1120 26 23 to
3077 1118 30 25 be
3126 1116 238 39 adjudicatej^upbn
3376 1126 28 22 at

2867 1153 43 28 tb!e
2922 1157 60 24 next
3002 1158 104 27 autumn
3129 1157 69 26 show
3222 1158 26 25 of
3254 1159 43 26 the
3312 1158 90 29 associ-

2867 1194 76 26 ation.
3056 1206 3 13 ;
3122 1207 4 4 -
3136 1196 5 13 1
3244 1202 12 12 ■•>
3270 1207 39 15 ..•>•■
3348 1209 6 4 -

2903 1242 75 26 Some
2990 1242 153 26 Tasmanian
3155 1245 142 25 sawmillers
3311 1246 94 33 having

2869 1279 103 26 decided
2980 1281 26 24 to
3018 1280 61 25 send
3090 1288 31 17 an
3135 1282 193 31 experimentalv
3335 1284 68 33 ship-

2869 1322 70 23 ment
2959 1320 28 25 of
3000 1320 90 25 timber
3100 1323 38 24 :to
3153 1322 81 33 .Cape'
3250 1324 83 31 Town,
3359 1326 46 26 the

2870 1359 168 25 Government
3057 1356 46 29 hasi
3235 1364 27 24 to
3284 1371 49 24 pay
3360 1364 44 26 the

2870 1397 92 32 freight
2973 1405 33 17 on
3016 1397 43 25 the
3065 1399 3 24 '■,
3079 1399 181 31 consignment,
3290 1401 49 25 and
3350 1403 56 25 also

2870 1436 27 24 to
2908 1435 61 25 send
2976 1444 16 17 a
3000 1435 89 34 supply
3099 1436 26 29 Qf
3141 1437 147 28 Tasmanian
3303 1440 103 34 railway

2872 1474 103 30 sleepers
2986 1483 28 17 as
3025 1483 16 17 a
3057 1475 72 30 proof
3138 1472 27 28 oi
3180 1477 43 24 tiie
3234 1477 133 33 durability
3378 1481 30 23 of

2872 1512 151 26 Tasmanian
3046 1513 141 27 hardwood.
3204 1531 4 8 ,
3392 1516 2 13 !

2971 1557 16 14 *
3003 1561 1 1 '
3035 1547 60 25 '■*■'
3127 1552 83 31 ,*T'',
3218 1560 16 15 *
3301 1561 14 15 *

2907 1601 70 26 State
2989 1602 127 25 Socialism
3126 1611 59 24 may
3196 1603 31 26 be
3244 1604 45 25 def
3291 1605 49 25 ned
3350 1614 28 18 as
3387 1614 20 18 a

2871 1651 72 18 mean
2952 1643 109 27 between
3070 1645 44 25 the
3123 1646 178 31 objectionable
3313 1651 93 29 system

2872 1687 27 25 of
2907 1687 188 35 individualism,
3114 1689 83 26 which
3206 1691 104 31 permits
3321 1700 87 26 every-

2872 1731 64 31 body
2948 1733 25 24 to
2984 1732 32 25 do
3027 1732 68 26 what
3105 1733 23 26 is
3150 1733 68 32 right
3239 1732 27 29 in
3268 1725 18 38 ,'.,
3288 1736 38 25 his
3349 1745 57 17 own

2872 1782 54 23 eyes
2938 1773 51 26 and
2999 1774 118 34 cordially
3129 1778 121 30 agreestd
3260 1777 43 27 the
3324 1778 84 33 objec-

2872 1818 106 25 tionable
2989 1821 98 30 system-
3092 1820 27 25 of
3125 1821 111 26 absolute
3245 1822 161 27 collectivism

2861 1884 3 3 .
2872 1860 80 27 which
2960 1863 81 25 would
3067 1863 70 26 leave
3164 1865 99 33 nobody
3294 1875 49 25 any
3351 1875 57 24 per-

2873 1906 71 25 sonal
2954 1905 107 27 freedom
3072 1909 27 24 at
3110 1908 43 29 all,
3165 1908 47 27 but
3222 1911 82 24 would
3313 1914 52 22 sort
3373 1912 35 25 all

2874 1949 101 25 citizens
2986 1950 55 26 into
3051 1952 142 30 companies
3201 1953 51 25 and
3262 1954 147 31 regiments,

2874 1990 95 31 drilled,
2982 1992 79 26 under
3072 2002 84 16 severe
3177 1995 129 32 penalties,
3326 1998 26 24 to
3375 1998 34 26 do

2874 2034 43 26 the
2928 2034 102 35 bidding
3040 2037 27 25 of
3077 2045 20 17 a-
3109 2037 170 35 bureaucracy.

2974 2089 22 23 *,
3010 2098 2 10 ;
3022 2109 1 1 -
3046 2091 33 23 :*•
3107 2112 2 2 .
3138 2092 23 16 *•
3220 2093 16 15 *
3253 2102 3 1 •
3271 2100 1 2 ■
3303 2095 15 14 *
3401 2107 3 2 -

2909 2156 216 27 NEWSPAPEE
3143 2159 230 31 SENTIMENTS.

2909 2204 66 25 That
2987 2213 14 16 a
3010 2206 88 31 colony
3116 2207 60 25 with
3194 2208 50 25 less
3261 2211 147 30 population-

2875 2241 63 25 than
2949 2249 16 17 a
2975 2243 125 33 moderate
3120 2245 65 27 sized
3204 2246 134 33 European
3356 2249 54 34 city

2877 2281 89 26 should
2976 2284 98 31 require
3083 2292 34 18 no
3128 2285 50 26 less
3198 2288 62 24 than
3279 2289 49 24 550
3345 2288 66 30 lc|cal

2877 2322 136 32 governing
3030 2321 86 26 bodies
3136 2326 89 27 ptrikes
3244 2333 16 17 a
3276 2328 86 26 visitor
3382 2336 30 18 as

2877 2357 142 34 something
3051 2361 185 34 extraordinary
3265 2364 49 25 and
3347 2366 64 26 alto-

2875 2397 86 33 gether
2976 2402 352 35 iinnecessary.-rWahganui
3350 2406 63 26 Yeo-

2875 2446 64 17 man.
2981 2436 30 30 ..',,
3028 2460 2 4 ,
3091 2440 45 26 /"'.;.■

2945 2580 66 26 SCHOOL
3011 2580 43 26 ATTENDANCE.

2909 2634 82 28 When
3009 2640 44 24 the
3077 2641 88 24 School
3187 2642 147 25 attendance
3357 2643 54 27 Bill

2875 2682 53 18 was
2943 2675 146 28 introduced
3106 2678 28 26 m
3152 2678 44 27 the
3215 2680 87 28 House
3313 2681 27 26 of
3348 2681 63 26 Par-

2875 2716 114 30 liament,
3016 2718 22 25 it
3072 2720 131 25 contained
3233 2729 16 17 a
3284 2723 127 30 provision

2875 2754 32 31 by
2925 2754 79 26 which
3022 2756 34 26 its
3079 2757 169 27 enforcement
3269 2768 52 17 was
3343 2764 26 21 to
3380 2761 33 26 be

2875 2793 28 26 m
2921 2794 43 26 the
2980 2795 82 27 hands
3078 2797 29 26 of
3124 2798 43 26 the
3186 2799 104 27 Board's
3305 2801 28 25 of
3341 2801 72 26 Edu-

2876 2836 88 25 cation.
2999 2838 53 25 The
3063 2838 88 33 Upper.
3170 2840 86 26 House
3272 2842 84 25 struck
3366 2845 47 24 out

2876 2875 50 25 this
2936 2876 85 25 clause
3032 2876 50 26 and
3093 2878 83 24 vested
3185 2878 43 26 the
3237 2885 83 24 power
3329 2880 28 25 m
3369 2880 45 26 the

2878 2913 93 26 School
2983 2915 157 31 Committes,
3153 2918 26 24 th
3182 2926 28 17 as
3225 2919 110 32 crippled
3345 2921 68 25 what

2877 2952 81 25 would
2985 2954 129 27 otherwise
3140 2956 62 26 have
3225 2958 62 25 been
3309 2966 15 17 a
3346 2960 67 31 good

2877 3000 120 19 measure.
3034 2995 73 26 Some
3126 2996 147 27 Committes
3291 2998 65 26 have
3367 3008 45 17 en-

2877 3030 83 26 forced
2977 3033 43 25 the
3040 3033 52 29 Act,
3117 3034 63 26 with
3201 3036 154 33 satisfactory
3375 3047 36 17 re-

2879 3071 71 26 sults,
2984 3071 52 24 and
3056 3080 68 16 some
3150 3075 141 23 committes
3312 3076 33 28 dp
3366 3080 48 20 not

2879 3107 98 27 enforce
3015 3108 29 29 it,
3078 3108 103 28 because
3225 3111 44 26 the
3305 3111 108 28 individ-

2879 3144 43 26 ual
2933 3146 120 28 members
3062 3146 27 26 of
3098 3148 62 25 such
3171 3148 148 29 Committes
3329 3151 84 26 would

2877 3186 27 24 ia
2917 3191 41 20 not
2969 3194 16 18 a
2996 3188 47 24 few
3058 3196 68 17 cases
3138 3188 141 34 bebrongtft
3287 3191 77 24 under
3373 3186 37 31 its

2880 3224 128 27 influence.
3043 3227 26 25 It
3083 3226 22 26 is
3117 3235 15 17 a
3147 3228 56 32 pity*
3208 3229 55 25 that
3271 3229 53 26 the?
3329 3229 86 27 Board

2882 3265 25 25 of
2935 3263 140 28 Education
3103 3267 45 25 has
3176 3270 45 24 not
3248 3264 109 33 seeni'fit
3385 3273 28 24 to

2882 3306 102 31 appoint
2991 3309 86 23 truant
3088 3308 102 26 officers.
3223 3309 33 25 In
3267 3311 43 24 the
3319 3310 93 26 Oxford

2881 3344 104 25 District
2995 3344 74 26 there:
3073 3345 21 24 is
3106 3353 15 17 a
3132 3346 166 26 considerable
3305 3348 110 26 number

2881 3384 28 24 of
2924 3383 111 25 children
3061 3385 55 24 who
3137 3392 41 18 are
3199 3388 45 22 not
3265 3386 30 25 iff
3314 3388 100 31 regular

2882 3424 147 25 attendance
3036 3426 27 23 at
3074 3424 89 31 school,
3183 3426 50 24 and
3249 3426 56 27 who
3316 3427 26 25 m
3354 3436 59 18 con-

2882 3470 120 24 sequence
3014 3471 41 18 are
3066 3464 107 31 growing
3192 3473 34 24 up
3237 3465 61 25 with
3305 3462 69 30 little
3386 3475 29 17 or

2881 3511 34 18 no
2926 3503 130 26 education
3076 3505 26 24 to
3112 3512 101 24 prepare
3220 3506 68 25 them
3300 3506 38 26 for
3349 3506 68 27 their

2881 3544 155 31 citizenship.
3072 3544 59 25 This
3143 3545 50 25 first
3204 3547 21 23 is
3232 3547 99 31 .greatly
3348 3549 27 23 to
3383 3548 34 24 be

2882 3583 121 31 deplored,
3022 3583 50 25 and
3083 3584 40 25 the
3140 3583 99 32 parents
3241 3585 173 30 -.themselves,

2882 3622 28 24 m
2922 3621 127 33 detaining
3060 3622 65 25 their
3135 3622 111 26 children
3250 3649 8 10 A
3256 3631 49 18 .are
3313 3624 105 33 making

2884 3671 14 16 a
2920 3662 105 26 blunder
3046 3663 78 26 which
3164 3664 58 35 they
3245 3656 56 33 will
3318 3665 48 25 live
3389 3667 29 23 to

2885 3705 80 31 regret
2978 3720 5 5 .
3018 3704 70 33 They
3100 3713 41 16 are
3157 3704 115 33 bringing
3282 3705 66 25 their
3357 3705 62 33 boys

2886 3745 49 25 and
2947 3745 59 32 girls
3017 3746 53 24 into
3076 3746 171 31 -.competition
3260 3746 59 25 with
3337 3746 79 26 them-

2886 3784 85 26 selves.
3008 3785 87 31 Surely
3105 3786 21 23 it
3145 3784 22 25 is
3176 3792 2 5 ■
3192 3784 59 25 bard
3274 3786 94 31 enough
3380 3785 42 25 for

2886 3831 59 16 men
2957 3824 26 23 to
2993 3823 54 24 find
3055 3823 179 24 remunerative
3243 3824 175 29 employment,

2886 3860 104 25 without
3002 3859 44 26 the
3056 3860 48 25 evil
3116 3859 27 24 of
3156 3859 94 33 having
3272 3861 26 23 to
3309 3863 111 30 compete

2887 3901 25 24 m
2925 3900 43 25 tho
2980 3900 106 32 struggle
3099 3901 36 24 for
3144 3899 50 30 life,
3214 3900 69 28 with,
3288 3900 64 26 their
3363 3909 59 18 own

2887 3941 69 33 bo^s.
2999 3941 37 26 To
3054 3941 95 25 enforce
3171 3941 44 25 the
3237 3941 85 26 sohool
3342 3941 80 26 atten-

2888 3982 77 25 dance
2987 3982 54 30 Act,
3067 3982 21 25 it
3107 3981 83 25 would
3210 3983 27 24 be
3243 3988 19 18 *
3273 3982 64 32 good
3348 3982 76 33 thing

2889 4020 50 25 and
2950 4020 106 34 I;think,
3073 4020 65 32 legal
3149 4019 61 31 also,
3237 4021 21 24 if
3267 4021 44 24 the
3322 4021 102 25 various

2890 4054 102 31 Scliool-
3004 4059 138 26 eommittes
3161 4067 62 17 were
3246 4061 26 24 to
3293 4059 67 25 unite
3371 4059 52 25 and

2888 4098 103 33 appoint
3001 4106 16 17 a
3027 4099 87 24 truant
3124 4097 84 26 officer
3227 4096 42 28 for'
3285 4097 43 26 the
3338 4097 84 26 whole

2888 4136 107 27 district.
3029 4137 41 25 He
3081 4136 78 26 would
3170 4136 60 27 from
3244 4137 60 27 time
3313 4138 29 28 .to
3362 4137 63 26 time

2889 4177 51 26 call
2951 4179 25 24 at
2988 4179 44 25 the
3050 4178 99 26 various
3172 4177 105 30 schools,
3302 4179 42 30 get
3355 4185 16 17 a
3381 4177 45 26 list

2889 4219 28 25 of
2933 4219 137 29 absentees,
3088 4218 66 34 with;
3170 4219 64 25 their
3236 4218 190 32 "'attendances,

2891 4259 51 25 and
2963 4259 104 32 proceed
3089 4258 164 33 accordingly.

2925 4297 53 26 The
2984 4299 51 24 law
3051 4299 42 24 too
3101 4297 132 25 shouldfbe
3246 4303 72 19 'more
3335 4297 91 32 string-

2891 4338 52 22 ent,
2972 4336 83 35 livery
3066 4335 48 34 boy
3124 4343 30 16 or
3161 4334 48 33 girl
3220 4334 90 25 should
3321 4335 106 25 becom-

2860 4388 2 5 ■
2890 4373 83 33 pelled
2980 4376 26 23 to
3015 4372 87 26 'attend
3113 4372 157 26 nine-tenths
3277 4372 28 26 of
3314 4371 41 27 the
3364 4373 63 26 time

2892 4407 42 24 the
2946 4407 86 26 school
3053 4407 22 25 is
3096 4414 72 24 open;
3172 4424 4 10 >
3189 4416 32 24 up
3230 4409 30 23 to
3278 4407 44 24 the
3345 4414 45 25 age
3401 4407 29 25 of

2860 4458 2 6 •
2892 4447 32 23 li
2946 4454 79 24 years,
3034 4464 4 8 ,
3055 4454 28 17 or
3110 4442 68 29 until
3204 4447 61 28 such
3293 4445 68 25 child
3379 4445 48 26 has

2860 4503 2 9 i
2892 4485 89 33 passed
2996 4485 51 27 ihe
3069 4485 67 28 sixth
3158 4485 128 31 standard,
3312 4485 23 26 if
3345 4484 85 28 before

2869 4539 3 6 •
2891 4526 58 25 that
2969 4534 55 25 age.

1118 47 174 33 OXFOED
1339 47 229 35 OBSERVER
1612 45 237 37 SATURDAY,
1914 46 203 32 OCTOBER
2155 46 47 36 12,
2281 44 90 33 1895.
