3467 4495
1141 26 172 31 OXFOED
1358 27 224 30 OBSEEVEE
1632 27 240 35 SATUEDAY,
1909 21 197 34 OCTOBEE
2123 21 50 34 12..
2192 21 89 28 1895.

2904 4206 105 33 rrintei
3032 4215 51 25 arid
3290 4222 34 34 Xy

2937 4253 88 31 Annie.
3043 4254 105 31 Pabish,
3173 4258 28 25 at
3222 4258 49 27 her
3301 4262 158 33 Registered,

2936 4295 119 35 Printing
3066 4298 85 31 Office,
3171 4300 74 34 JECgh
3270 4304 93 29 Street.
3387 4308 65 26 East

2937 4340 102 30 Oxford*
3049 4341 165 36 Canterbury.
3229 4356 3 2 -
3270 4347 4 5 '
3333 4347 39 19 -■'*

2984 4392 130 28 Satukday
3142 4395 118 30 Octobeb
3283 4403 42 25 12.
3337 4404 66 27 1895

2886 193 170 52 WATCH
3285 185 146 51 CLOCK

3009 349 304 37 FITTED

3114 411 68 14 .AT
3235 421 3 4 .
3272 419 2 2 •
3292 418 3 6 :
3320 411 2 2 '
3339 423 1 2 .

2908 450 183 34 Parish's
3120 449 104 35 East
3248 447 168 45 Oxfords

2890 607 320 49 WEBTHBIS

3070 702 253 50 SIHSER'S

2978 802 83 46 ana
3088 800 346 47 HOUSEHOLD

2934 910 206 43 MACHINE
3188 909 202 43 NEEDLES

2893 1002 240 56 Jsrwi.;l/-
3162 1009 73 53 pr
3272 1001 151 50 $mm.

3158 1738 43 22 AT

2903 1891 188 36 E^ST
3140 1891 299 35 OXFORD

2900 2115 142 39 Timber
3056 2114 71 40 and
3149 2115 77 39 Coal
3255 2114 188 40 Merchant

2904 2199 159 29 ;i^&BqE
3084 2199 109 26 STOCK
3211 2199 247 29 OJ^BUILDJiIGL

2968 2274 34 27 Of
3023 2283 72 25 every
3127 2275 158 33 description,
3289 2301 4 8 t
3319 2274 121 27 seasoned

3001 2315 75 32 ready
3082 2314 39 26 for
3128 2322 52 23 use,
3189 2315 92 32 always
3288 2323 33 17 on
3326 2315 79 25 hand.

2935 2358 69 29 Also,
3035 2358 153 26 Galvanised
3219 2358 69 31 Iron,
3318 2359 122 25 Portland

2903 2398 104 26 Cement
3015 2398 50 24 and
3076 2398 126 26 Builders'
3215 2398 191 33 Ironmongery.

2936 2450 112 32 Country
3063 2449 91 25 Orders
3168 2448 138 34 ..Carefully
3327 2450 114 26 Selected

3069 2490 51 22 and
3127 2490 146 22 forwarded.

2903 2544 98 26 TUAM
3009 2544 145 29 STREET,
3167 2544 275 27 CHRISTCHURCH

2967 2682 213 45 HOLLAND
3213 2683 156 43 FINISH

3085 2733 188 58 CitLlftor

3018 2801 64 33 3d.
3117 2811 73 31 per
3211 2805 114 38 yarck

3059 2866 74 41 :'■■'.
3157 2881 42 33 .at
3240 2866 3 3 '
3358 2902 1 5 :

3020 2929 95 30 R.H.
3138 2928 198 34 PARISH'S

2985 3090 371 49 IMPORTANT

3055 3173 3 4 •
3078 3170 2 1 ■
3109 3173 43 4 —
3152 3170 10 10 ■
3228 3171 11 11 ■
3253 3174 27 3 —

2906 3202 86 30 ALL
3022 3194 122 39 WO6L
3168 3196 171 38 EdSLYN
3359 3203 89 32 AND

2942 3277 299 37 WELLINGTON
3264 3279 154 32 TWEED

3056 3340 257 51 striTs

2951 3414 69 40 35/-
3038 3414 86 32 Suits
3138 3414 147 33 Reduced
3294 3419 34 28 to
3352 3416 68 42 25/-

2898 3471 26 45 --_;
2948 3476 55 40 45/
3004 3497 16 15 r
3059 3499 20 16 
3165 3469 26 44 ,;
3224 3501 3 10 ,
3272 3501 18 13 „
3336 3478 4 33 ;
3359 3466 70 53 b/-

2949 3525 148 31 Trousers
3112 3526 62 30 and
3182 3525 81 32 .Vest
3326 3526 78 42 13/6

2903 3574 39 33 ■'■■
2963 3613 1 1 .
2981 3588 37 23 :■■■■.
3077 3588 53 26 •..■■■
3143 3587 52 21 at
3214 3575 72 37 ,':'•
3343 3590 2 1 '
3378 3589 5 11 ;

2934 3640 197 30 PARISH'S
3157 3642 90 28 East
3270 3642 147 31 Oxford.

2934 3800 221 47 PUBLIC
3204 3801 244 53 NOTICE.

2945 3902 174 38 Telegraphip
3130 3904 133 38 Messages
3282 3915 51 19 can
3344 3918 63 19 now
3418 3910 35 28 be

2904 3951 61 25 sent
2987 3949 54 28 and
3059 3951 124 28 receiFed
3202 3956 30 23 at
3256 3953 67 29 East
3348 3956 106 29 Oxford

2903 3995 115 34 Station,
3035 3998 54 26 and
3107 3998 92 28 Postal
3218 4000 89 29 Notes
3324 4012 65 28 may
3409 4005 37 27 be

2904 4042 156 35 purchased.
3133 4064 3 4 ,
3228 4065 18 6 ...

2382 159 424 46 EUCALYPTUS

2411 236 2 11 :
2433 242 2 2 .
2554 235 31 4 —
2585 230 13 14 ♦

2381 258 60 21 THE
2453 254 75 27 JEST
2541 258 87 21 HOME
2645 256 140 21 REMEDIE
2801 256 3 6 '

2439 296 36 16 are
2489 290 37 21 the
2534 290 136 26 preparation
2679 289 26 23 of
2712 289 36 21 the

2326 327 169 23 TASMANIAN
2513 327 185 21 EUCALYPTUS
2712 326 144 23 OIL?COMP.

2354 366 135 24 Universally
2499 364 148 22 admittedthe
2655 364 79 24 BEST,
2746 363 114 22 PUREST

2326 404 43 20 and
2379 404 57 19 most
2446 402 93 21 effective
2549 402 133 25 Eucalyptus
2704 401 105 20 Globulus
2825 400 35 21 Oil

2327 435 33 20 for
2380 433 170 25 INFLUENZA,
2571 433 91 26 Coughs,
2682 433 63 21 Colds
2770 432 43 21 and
2830 432 30 21 all

2327 466 65 21 Chest
2407 466 44 20 and
2459 465 63 25 Lung
2538 465 112 21 affeotions
2663 465 77 26 speedy
2749 465 60 20 relief
2818 463 43 22 and

2327 499 56 20 Cure
2400 499 34 20 for
2449 497 156 25 Rheumatism,
2625 497 122 26 Neuralgia,
2762 497 99 27 Sprains-

2327 526 71 20 Burns
2418 526 35 20 &c.
2817 525 6 9 v

2354 559 133 25 Eucalyptus
2504 558 104 19 Globulus
2625 559 92 19 Extract
2726 558 90 26 sprayed
2829 558 33 19 in-

2327 589 64 21 haled
2406 588 43 21 and
2463 589 66 20 taken
2538 588 115 26 internally
2670 589 34 20 for
2719 588 36 21 the
2773 588 87 26 Throat,

2328 626 97 28 Oatarrh,
2442 626 59 27 Hay,
2525 626 97 27 Typhoid
2638 626 44 21 and
2695 626 82 22 Scarlet
2785 626 78 22 Fevers

2329 660 129 20 MEASLES
2468 660 38 20 the
2510 661 56 18 most
2576 659 136 25 satisfactory
2720 660 143 25 preventative

2329 691 44 20 and
2386 691 61 20 Cure.
2474 691 56 20 Send
2543 691 52 19 Post
2610 691 55 19 Card
2675 693 23 18 to
2707 691 36 20 the
2753 691 63 22 Qffice
2828 691 35 20 for

2329 721 96 20 Circular
2438 722 119 25 describing
2575 723 122 18 treatment.
2724 722 139 26 Eucalyptus,

2329 755 111 21 Ointment
2449 756 37 20 the
2495 755 70 26 Magic
2574 755 79 21 Healer
2666 755 22 21 of
2703 755 69 24 Sores,
2785 756 78 24 Burns,

2330 787 103 25 Wounds,
2448 788 60 22 Boils
2526 788 44 24 &c,
2593 787 133 27 Eucalyptus
2745 787 57 27 Soap
2816 787 43 21 Fra

2329 820 63 24 grant
2402 819 42 20 and
2453 819 124 27 refreshing,
2600 819 133 26 Eucalyptus
2742 819 88 27 Jujubes
2840 824 24 15 or

2329 849 102 22 Pastilles
2440 850 33 20 for
2483 849 36 22 the
2544 850 80 22 Throat
2634 849 43 22 and
2686 849 64 22 Voice
2766 856 29 15 an
2808 849 55 22 anti-

2331 882 67 26 Eeptic
2407 882 42 20 and
2460 882 120 21 stimulant.

2330 915 126 26 Veterinary
2472 916 36 20 Oil
2517 916 42 21 and
2569 916 111 22 Ointment
2689 916 33 20 for
2731 915 38 22 the
2778 915 85 22 stables.

2358 951 30 19 Be
2397 956 49 14 sure
2454 956 44 19 you
2507 951 107 20 Purchase
2628 950 39 21 the
2677 950 104 25 Platypus
2797 950 76 25 brand,

2331 982 50 25 only
2391 982 22 20 of
2420 982 29 20 all
2458 982 113 25 Chemists,
2576 982 88 22 Grocers
2670 981 44 22 and
2719 981 146 27 Storekeepers

2331 1013 43 21 and
2388 1015 22 19 at
2424 1013 37 21 the
2471 1014 64 21 Office
2543 1016 13 19 9
2565 1014 115 21 Cathedral
2688 1020 76 19 square
2773 1014 92 21 between

2331 1045 100 22 Morten's
2444 1046 113 27 Buildings
2565 1048 41 20 and
2617 1046 36 21 the
2662 1047 52 20 Post
2723 1046 70 22 Office.

2494 1077 87 25 Oxford!
2581 1079 4 10 1
2592 1081 79 27 Agent
2679 1077 6 9 '
2855 1086 18 14 ■:'

2385 1116 27 20 R.
2421 1116 30 21 H,
2465 1117 118 25 PAEISH,
2606 1109 209 29 E^ST^OXFOKD

2411 1153 141 27 Eucalyptus
2561 1154 38 21 Oil
2613 1154 30 27 1/-
2656 1161 41 20 per
2706 1154 77 21 bottle.

2356 1308 116 41 HELP
2487 1308 82 41 FOR
2586 1309 85 40 THE
2696 1309 146 40 WEAK.

2335 1416 178 26 XTEKVOUS
2533 1417 71 24 AND
2608 1439 3 3 .
2621 1417 245 29 DEBILITATED,

2336 1441 31 34 ll
2393 1450 64 29 who,
2469 1449 110 33 through
2589 1450 60 32 folly
2668 1451 49 24 and
2727 1451 139 31 ignorance,

2335 1484 64 25 have
2411 1483 80 25 trifled
2502 1491 68 25 away
2581 1485 63 25 their
2654 1484 86 32 vigour
2759 1485 26 24 of
2795 1484 72 32 body,

2336 1517 78 29 mind,
2427 1517 50 24 and
2488 1517 133 30 manhood,
2634 1519 100 30 causing
2751 1517 116 26 exhaust-

2336 1550 44 30 ing
2397 1550 83 22 drains
2492 1558 66 21 upon
2634 1551 127 23 fountains
2781 1552 26 22 of
2818 1551 49 27 life,

2337 1582 63 24 Loss
2407 1581 27 25 of
2444 1581 101 32 Energy
2553 1582 49 24 and
2611 1583 126 30 Strength,
2750 1582 119 31 Timidity

2338 1614 163 25 Bashfulness
2514 1614 48 28 .m
2598 1614 105 34 Society,
2727 1615 141 33 Headache,

2338 1648 134 29 Backache,
2492 1648 177 29 Nervousness,
2693 1649 134 25 Weakness
2845 1649 27 25 Of

2339 1681 120 32 Memory,
2470 1681 111 25 Restless
2591 1682 81 32 Sleep,
2681 1683 116 28 Dreams,
2806 1682 64 25 Loss

2339 1715 75 25 Flesh
2426 1714 51 25 and
2488 1714 69 26 Vital
2575 1715 92 29 Power,
2689 1716 137 32 Eruptions
2837 1724 33 17 on

2339 1749 43 24 the
2391 1749 63 24 Face
2465 1749 50 24 and
2526 1749 78 32 Body,
2618 1749 75 26 Want
2715 1750 28 25 of
2752 1750 118 32 Develop-

2338 1785 79 26 ment,
2437 1782 116 29 Varicose
2568 1782 83 29 Veins,
2674 1783 142 32 Incapacity
2833 1783 39 25 for

2339 1815 112 25 business
2462 1823 28 17 or
2500 1815 120 31 pleasure,
2633 1815 105 31 Urinary
2746 1816 124 28 Diseases,

2340 1846 50 24 and
2407 1846 36 24 all
2465 1846 43 24 the
2531 1846 83 25 effects
2635 1847 100 32 leading
2757 1850 37 22 to:
2804 1848 66 31 early

2341 1880 84 31 decay,
2448 1879 106 32 perhaps
2575 1880 180 32 [Consumption
2780 1889 28 16 or
2829 1881 43 24 In-

2340 1913 91 30 sanity,
2444 1920 47 18 can
2515 1912 28 26 be
2555 1913 115 25 obtained
2680 1913 32 33 by
2731 1914 143 32 consulting

2340 1946 139 32 personally
2496 1954 28 17 or
2531 1946 32 32 by
2574 1949 63 29 post,
2673 1947 91 24 FEEE
2774 1947 98 25 PROP.

2341 1979 176 31 NOTMANN,
2548 1980 200 31 M.E.,E.M.G.,
2800 1980 72 26 Camb-

2341 2013 85 33 ridge
2438 2013 109 31 Terrace,
2571 2015 111 31 opposite
2705 2015 116 26 Colombo
2835 2015 37 25 St.

2342 2047 99 32 Bridge,
2470 2047 188 26 Christchurch,
2720 2048 53 26 The
2814 2048 60 31 only

2341 2079 226 26 Electrobotanical
2595 2081 96 32 Expert
2724 2081 151 32 advertising

2341 2112 55 25 who
2407 2112 51 26 will
2470 2115 134 29 guarantee
2621 2122 16 16 a
2653 2114 125 33 thorough
2806 2122 67 17 cure.

2343 2146 58 26 Sole
2415 2147 136 31 proprietor
2578 2147 50 25 and
2644 2150 114 30 patentee
2786 2148 27 25 of
2831 2148 43 25 the

2342 2180 58 31 only
2423 2181 148 31 guaranteed
2593 2181 110 25 Electric
2724 2182 71 25 Belts
2825 2182 50 26 and

2342 2213 72 23 other
2425 2214 88 28 special
2536 2215 125 22 electrical
2683 2215 142 27 appliances
2846 2217 29 20 m*

2341 2243 42 26 the
2392 2243 115 26 colonies.
2541 2244 99 26 Ladies'
2652 2246 97 25 French
2760 2245 114 26 herbace-

2342 2284 43 18 ous
2396 2276 58 33 pills
2473 2277 39 26 for
2539 2277 176 34 irregularities
2738 2279 65 26 from
2825 2288 50 27 any

2341 2319 82 22 cause,
2448 2312 43 25 10s
2512 2312 95 30 posted.
2641 2313 145 32 Pamphlets
2813 2314 61 25 free.

2342 2345 170 25 Testimonial:
2513 2360 34 4 —
2547 2345 98 32 Napier,
2655 2347 97 31 August
2759 2347 45 26 7th
2811 2349 63 23 1895

2341 2377 66 25 Prof.
2418 2378 167 25 Notmann.—
2585 2379 66 25 Dear
2661 2380 83 30 Sir,—
2744 2380 14 24 l
2767 2381 108 24 received

2341 2418 60 25 your
2407 2411 74 27 letter
2488 2412 50 25 iast
2549 2412 76 29 week,
2643 2413 50 25 and
2703 2413 15 25 I
2734 2422 41 16 am
2784 2413 90 25 thank-

2341 2443 38 26 ful
2400 2448 27 21 to
2449 2445 54 24 find
2524 2453 50 25 you
2585 2454 41 17 are
2637 2447 104 24 anxious
2758 2448 27 24 to
2804 2446 70 26 know

2342 2477 43 24 the
2397 2478 106 24 benefits
2519 2479 15 23 I
2544 2479 64 23 have
2619 2480 99 23 derived
2736 2480 62 22 from
2814 2488 61 22 your

2342 2510 141 25 treatment,
2520 2510 48 31 bir,
2595 2511 21 25 it
2643 2511 67 32 gives
2738 2520 40 17 me
2806 2513 69 31 great

2341 2542 113 32 pleasure
2466 2545 27 23 to
2503 2544 92 26 inform
2605 2552 49 25 you
2663 2544 56 26 that
2728 2552 15 18 a
2755 2545 120 32 complete

2341 2576 51 25 and
2402 2577 93 31 perfect
2507 2585 57 18 cure
2574 2578 47 25 has
2640 2578 62 25 been
2724 2578 103 26 effected
2849 2580 26 24 of

2342 2610 43 24 the
2396 2610 117 26 maladies
2524 2612 14 24 I
2555 2612 157 32 complained
2731 2613 26 24 of
2767 2614 27 23 to
2816 2621 58 24 you.

2341 2643 14 24 I
2366 2651 42 17 am
2420 2645 114 31 enjoying
2544 2645 63 31 good
2624 2645 92 29 health,
2729 2646 49 24 and
2788 2653 42 18 am
2839 2654 36 17 re-

2342 2677 83 25 stored
2444 2679 26 23 to
2490 2679 86 32 manly
2597 2679 95 32 vigour.
2726 2679 149 33 P.S.—Any

2341 2711 103 25 sufferer
2453 2712 110 26 desirous
2570 2712 27 25 of
2601 2713 274 32 communicatingiwith

2341 2752 41 16 me
2390 2752 50 22 you
2451 2753 42 16 are
2505 2747 26 22 at
2547 2745 88 30 liberty
2658 2748 26 21 to
2704 2747 55 29 give
2779 2754 42 20 my
2833 2747 42 23 ad-

2341 2777 76 29 dress,
2430 2776 37 26 for
2478 2777 14 24 I
2508 2777 48 26 like
2567 2786 60 24 your
2642 2779 125 31 practical
2774 2778 101 26 method

2341 2810 26 24 of
2378 2812 142 24 treatment.
2522 2826 32 3 —
2555 2811 72 25 T.C.
2642 2812 116 25 Simpson;
2783 2816 5 6 *

2371 2966 45 45 S.
2457 2966 79 44 W;
2573 2966 274 46 TUBPIIST,

2341 3033 242 40 WATCHMAKER.
2617 3034 174 47 JEWELLER
2816 3035 59 47 &c,

2419 3095 88 26 MAIN
2520 3095 135 29 STREET
2673 3096 138 27 (3XFOED

2534 3148 61 18 near
2606 3140 83 27 Bauk,

2342 3302 175 35 OXFORD
2560 3306 188 31 LIBBAEY
2789 3299 86 45 A#l>

2434 3356 197 32 BEADING
2651 3356 132 32 BOOM.

2340 3464 55 26 The
2423 3465 93 25 Oxford
2542 3465 106 32 Library
2674 3465 23 25 is
2724 3473 62 24 open
2809 3474 66 24 every

2341 3507 113 34 Tuesday
2465 3507 51 27 and
2537 3507 122 35 Saturday
2688 3508 97 33 nights,
2812 3508 63 26 from

2341 3553 59 24 630
2412 3560 69 24 p.m.,
2503 3553 26 25 to
2548 3554 16 23 8
2575 3560 72 24 p.m.,
2670 3553 51 24 and
2752 3561 33 17 on
2807 3561 68 25 every

2339 3595 122 26 alternate
2472 3596 132 33 Thursday
2628 3596 138 30 afternoon,
2798 3596 77 34 (Sale-

2340 3640 71 31 days)
2433 3640 65 24 from
2510 3641 61 24 280
2581 3648 66 22 p.m..
2663 3642 27 23 to
2702 3642 15 23 5
2729 3648 59 22 p.m.
2826 3641 49 25 The

2339 3681 113 33 Reading
2464 3681 79 27 Room
2553 3681 22 27 is
2587 3691 66 23 open
2674 3684 27 24 to
2723 3681 45 27 the
2793 3681 82 34 public

2339 3725 131 34 free)daily
2481 3727 66 25 from
2552 3728 31 23 11
2596 3734 71 22 a.m.,
2690 3732 25 20 to
2741 3727 134 29 Sundown,

2340 3768 128 34 (Sundays
2496 3770 127 33 excepted)
2658 3770 50 25 and
2747 3770 71 26 when
2834 3770 41 26 the

2339 3813 106 33 Library
2479 3813 22 26 is
2536 3821 73 25 open,
2643 3814 43 24 the
2722 3814 153 32 circulating,

2339 3857 105 33 Library
2455 3858 113 25 contains
2579 3858 76 28 1,700
2665 3857 121 30 volumes,
2811 3859 64 33 coi^

2338 3899 96 31 prising
2443 3899 153 31 :-^-Histpry,
2616 3899 110 28 Science,
2760 3899 115 31 Thetfogy

2338 3942 150 33 Biography,
2529 3942 87 25 Travel
2649 3941 51 25 and
2729 3934 146 33 Adventure

2338 3986 82 26 Books
2431 3986 38 25 for
2480 3986 42 24 the
2542 3986 92 30 Young
2646 3986 42 24 &c.
2723 3984 58 25 TMs
2804 3985 23 25 is
2849 3995 26 15 a-

2337 4031 101 30 mongst
2460 4028 44 25 the
2515 4028 91 38 kggest
2629 4028 51 24 and
2691 4028 59 24 best/
2770 4028 104 26 selected

2336 4072 107 33 Library
2453 4072 27 25 m
2502 4061 69 51 >3S^
2582 4071 118 25 Zealand.
2729 4069 30 27 Ik
2767 4072 108 26 number

2336 4116 88 26 cfnew
2446 4114 85 27 books-
2545 4115 48 26 will
2616 4113 96 33 shortly
2731 4113 31 26 be
2785 4115 89 27 added.

2336 4160 53 24 The
2401 4159 150 25 Committee
2574 4157 49 25 will
2634 4158 29 24 be
2674 4155 56 32 gfad
2741 4157 27 26 to
2780 4159 94 25 receive

2336 4201 180 27 contributions
2540 4200 28 25 of
2592 4198 106 26 suitable
2714 4200 88 26 .books
2825 4203 50 25 and

2334 4245 144 34 periodicals
2500 4243 38 26 for
2548 4243 43 25 the
2602 4242 107 33 Library
2729 4244 145 29 andJßead-

2334 4290 51 32 ing;
2406 4296 78 18 room.
2557 4293 4 11 '
2611 4295 2 8 '
2651 4291 31 31 /■
2750 4295 5 10 !
2835 4299 4 16 ;

2327 4342 9 16 :.
2353 4334 24 22 .-'■.
2524 4326 169 43 K^EEE^ES^
2776 4334 22 28 >
2810 4337 10 9 v

2494 4384 22 9 ;•
2540 4379 15 14 :j
2614 4374 68 26 Hoii.
2694 4376 145 29 Librarian:

2385 4421 175 26 SOBSOEEPTION
2572 4419 38 33 2/-
2620 4427 51 18 PER
2690 4420 133 31 QuAaTER.
2827 4426 2 12 ;

1377 179 267 35 ■'LOCAL

1262 232 402 43 BABLO¥
1706 232 166 41 AND
1918 223 275 48 PRICE

1448 285 192 42 Coventry
1677 282 114 44 Cycle
1838 281 130 35 Works

1313 339 37 30 88
1374 337 199 32 COLOMBO
1598 335 173 36 STREET,
1816 328 343 38 CHBISTCHUROH.

1155 397 49 29 We
1219 398 118 39 having
1352 398 93 29 taken
1461 408 74 18 over
1547 396 53 29 the
1614 395 72 30 well
1699 395 115 30 known
1823 395 112 34 works,
1951 392 179 36 machinery
2139 387 61 31 and
2210 388 89 30 stock

1155 439 25 28 In
1194 439 89 29 trade
1297 439 77 29 wish
1389 442 33 26 to
1436 438 112 30 inform
1563 437 54 29 the
1639 437 104 40 public
1757 436 70 30 that
1840 446 46 20 we
1901 446 52 19 are
1968 431 151 42 prepared
2132 432 33 27 to
2185 428 113 31 under-

1155 479 65 31 take
1235 479 103 31 orders
1352 479 49 30 for
1415 489 68 20 new
1497 477 156 31 machines
1669 477 62 31 and
1745 480 127 28 execute
1890 476 119 40 repairs
2031 477 33 26 at
2085 472 54 30 the
2163 472 137 29 shortest

1280 521 102 30 notice
1396 520 48 31 for
1466 520 41 30 all
1522 520 91 30 kinds
1629 518 35 32 of
1673 519 213 40 Engineering
1899 518 62 30 and
1974 515 93 42 Cycle
2078 512 97 33 work.

1312 573 126 21 SPECIAL
1451 571 177 22 ATTENTION
1643 571 95 22 GIVj^N
1752 571 38 21 TO
1804 569 140 22 COUNTRY
1959 567 122 22 ORDERS.

1155 613 115 41 Racing
1284 611 160 32 Machines
1467 611 61 31 and
1550 610 98 41 Light
1670 609 167 32 Roadsters
1852 620 19 20 a
1885 607 156 42 specialty.
2083 606 49 31 No
2142 604 158 42 imported

1155 656 150 33 machines
1321 655 74 39 kept
1409 656 32 28 m
1457 654 97 31 stock,
1571 653 145 35 all/work
1728 653 79 30 done
1822 651 108 31 onithe
1951 649 156 41 premises.
2159 649 31 28 A
2213 647 87 38 large

1181 696 89 30 stock
1283 696 36 29 of
1328 696 125 38 Lamps,
1465 694 94 35 Bells,
1575 695 62 29 and
1653 694 127 30 Saddles
1794 703 40 19 on
1848 692 83 29 hand
1946 694 32 26 at
1992 691 113 29 reduce
2116 688 130 39 dprices.

1283 794 117 86 R.
1466 794 132 86 H.
1657 788 513 92 PARISH

1428 931 198 61 EAST
1672 931 325 61 OXFORD

1377 1013 77 31 has
1469 1011 188 34 received
1676 1021 25 22 a
1716 1013 292 40 consignment
2024 1011 44 36 pf

1155 1061 296 59 Messrs
1509 1064 414 55 .Johnsons
1968 1061 76 58 .&
2101 1063 201 57 Sons

1328 1139 265 62 GREAT
1653 1136 448 69 YARMOUTH

1161 1331 4 4 .
1220 1228 226 87 OIL
1526 1224 694 100 OLQTHINe
2248 1322 5 2 .

1334 1361 337 48 ENORMOUS
1730 1361 388 52 REDUCTIONS

1161 1492 432 89 MAIDS
1720 1492 587 94 ULSTERS

1276 1644 452 92 Reduced
1768 1652 104 84 to
1918 1652 112 84 2s
2076 1652 160 91 6d,

1519 1810 38 29 36
1579 1812 33 27 to
1634 1810 39 29 45
1686 1809 104 30 inches
1811 1810 86 38 deep.

1408 1888 163 14 »♦♦♦♦♦♦♦♦♦♦♦
1573 1888 412 16 ♦♦♦♦♦♦♦♦♦♦♦♦♦♦♦♦♦♦♦♦♦♦♦♦♦♦♦♦t

1157 1952 80 35 npHE
1256 1950 115 33 question
1382 1950 22 24 is
1415 1948 99 25 natural
1514 1963 35 4 —
1651 1947 61 25 send
1726 1949 26 23 to
1764 1947 178 26 Christchurcli
1961 1948 39 25 for
2017 1956 62 24 your
2096 1949 130 32 Drapery?
2260 1950 52 25 The

1163 1973 21 38 1
1221 1985 103 32 drapery
1336 1983 53 26 sold
1397 1983 26 24 m
1432 1982 57 25 that
1500 1982 50 31 city
1562 1989 72 24 every
1645 1989 46 17 one
1703 1980 94 31 knows,
1810 1980 22 26 is
1843 1982 45 24 not
1898 1981 73 25 made
1982 1982 77 29 there,
2078 1980 46 27 hut
2134 1982 130 33 imported.
2299 1983 14 25 I

1158 2021 93 31 import
1262 2019 66 25 from
1339 2017 44 26 the
1394 2017 53 25 best
1458 2015 108 33 English
1577 2015 50 25 and
1644 2015 87 26 Scotch
1744 2015 100 25 houses.
1890 2015 71 26 lam
1973 2015 104 26 enabled
2087 2017 27 24 to
2125 2018 122 30 purchase
2265 2017 48 26 low

1158 2055 51 24 and
1218 2053 45 25 sell
1275 2053 27 24 at
1310 2060 16 16 a
1336 2049 54 27 rafe
1402 2050 27 24 of
1437 2049 74 32 profit
1524 2049 53 33 (my
1588 2056 119 24 expences
1718 2048 73 32 being
1802 2048 82 33 small)
1896 2049 57 25 that
1964 2049 82 25 would
2058 2049 30 25 be
2106 2050 145 25 considered
2270 2051 42 25 ab-

1159 2087 58 25 surd
1228 2086 32 31 by
1276 2093 48 23 any
1343 2082 180 27 Christchurch
1545 2081 199 25 establishment.
1796 2081 45 32 My
1862 2081 76 26 Stock
1957 2082 21 24 is
1997 2082 44 25 the
2060 2082 95 32 largest
2173 2083 51 24 and
2245 2086 67 23 most

1157 2120 96 27 tvaried
1262 2119 57 25 that
1328 2118 46 24 has
1385 2124 57 17 ever
1451 2117 64 23 been
1526 2114 87 26 shown
1623 2114 28 25 m
1661 2114 44 25 the
1716 2114 104 30 district,
1832 2114 51 24 and
1893 2114 39 25 for
1942 2114 92 33 quality
2054 2116 50 24 and
2122 2116 72 24 value
2211 2119 60 29 puts
2286 2117 27 25 m

1157 2156 32 24 he
1201 2153 78 26 shade
1295 2150 76 35 goods
1383 2149 91 26 offered
1486 2148 33 33 by
1530 2148 102 32 visiting
1644 2147 117 26 hawkere
1772 2149 63 24 from
1846 2147 45 26 the
1908 2148 182 26 Christchurch
2101 2157 46 25 rag
2158 2151 88 24 marts.

1191 2208 94 23 Dress
1297 2206 165 27 Materials,
1474 2204 88 24 Plain
1573 2204 61 23 and
1643 2203 104 28 Fancy
1758 2203 80 24 from
1851 2203 50 24 3d.
1913 2208 55 23 per
1976 2204 84 27 yard.

1192 2267 27 24 A
1236 2265 109 29 Strong
1361 2263 88 27 Stout
1465 2262 132 25 Durable
1615 2259 126 32 Kaiapoi
1757 2260 114 25 Tweed
1886 2260 52 33 2/6
1949 2267 55 24 per
2015 2261 75 30 yard

1788 2304 107 26 Makes
1907 2305 155 25 flrst-class
2079 2305 91 32 Boys'
2188 2305 90 27 Suits.

1192 2362 58 25 Art
1266 2359 139 30 Muslins,
1424 2356 156 33 Cretones,
1599 2356 80 26 Lace
1697 2356 138 26 Curtains
1853 2356 54 25 &c.

1192 2436 26 25 A
1236 2429 109 26 Choice
1363 2426 167 26 Collection
1548 2426 33 25 of
1595 2425 121 32 Gloves,
1743 2425 77 31 Ties*
1849 2424 129 33 Aprons,
2008 2424 166 27 Insertions
2191 2425 54 26 &c.

1193 2481 120 30 Striped
1330 2479 124 25 Galatea
1470 2478 55 31 4/6
1536 2485 55 22 per
1602 2478 107 29 dozen,
1737 2479 103 23 worth
1851 2478 49 24 9d.
1918 2484 55 23 per
1989 2478 85 29 yard.
2218 2497 4 3 .

1193 2543 102 25 Prints
1307 2542 80 24 from
1398 2542 52 23 4d.
1463 2545 54 27 per
1528 2540 85 32 yard.
1626 2540 138 32 Muslins,
1778 2539 138 32 Selesias,
1930 2538 125 34 Calicos,
2069 2540 54 25 &c.

1777 2583 87 26 With
1880 2584 87 24 other
1978 2582 199 27 'Manchester
2192 2585 87 30 lines.

1194 2641 88 31 Hats,
1300 2639 103 32 Fancy
1420 2639 59 25 and
1497 2638 105 32 Sailor,
1620 2639 32 24 m
1668 2637 104 27 White
1789 2638 60 24 and
1866 2636 115 27 Colors.

1735 2681 125 26 Newest
1876 2681 123 33 Shapes.
2034 2681 96 32 Large
2147 2682 131 34 Variety,

1193 2739 148 29 Flowers,
1359 2737 154 30 Feathers,
1531 2735 148 31 Ribbons,
1698 2734 105 32 Laces,
1821 2734 75 32 Jets,
1916 2734 54 26 &c.

1663 2773 88 27 With
1766 2775 42 23 all
1824 2774 184 25 necessaries
2024 2773 48 25 for
2088 2773 190 32 Trimmings.

1193 2828 103 31 Fancy
1312 2827 139 31 Frillings
1470 2827 77 32 3yds
1558 2827 47 25 for
1614 2826 37 33 1/-
1668 2826 102 26 worth
1780 2825 50 32 9d,
1848 2829 56 28 per
1913 2826 83 31 yard,

1726 2870 183 32 Umbrellas,
1926 2870 151 32 Parasols,
2096 2869 182 33 Sunshades,

1308 2973 331 42 SPECIAL
1724 2972 421 40 PURCHASE

1161 3045 111 34 BOYS
1303 3044 90 31 AND
1423 3042 172 31 YOUTHS
1634 3040 215 33 COLONIAL
1881 3040 154 31 TWEED
2061 3042 250 34 OVERCOATS

1643 3103 78 32 with
1742 3102 97 43 Capes

1256 3165 3 8 '
1437 3167 94 30 From
1553 3167 66 30 17s.
1664 3165 50 31 6d.
1758 3165 101 31 worth
1901 3165 66 31 255.
2013 3165 50 29 6d.
2215 3183 14 9 .■
2265 3189 4 11 
2293 3181 4 2 -

1314 3233 196 33 Men's
1553 3231 225 33 Tweed
1820 3231 347 36 Overcoats

1634 3284 95 31 From
1752 3285 65 31 15s.

1162 3458 133 41 English
1444 3460 149 31 Blankets
1607 3462 34 28 to
1656 3459 37 31 be
1707 3459 68 31 sold
1790 3464 32 26 at
1832 3460 59 30 less
1899 3460 78 30 than
1991 3460 179 32 Melbourne
2182 3461 131 35 Whole-

1162 3510 63 31 sale
1246 3513 85 40 price
1332 3530 41 4 —
1373 3512 120 33 Double
1507 3512 68 31 Bed
1592 3511 68 32 Size
1683 3512 64 30 12s.
1773 3511 48 31 6d.
1871 3511 102 31 worth
1988 3513 65 30 16s.
2092 3512 48 31 6d.
2161 3522 57 31 per
2231 3514 78 40 pair.

1329 3584 130 40 cheaper
1472 3582 78 31 than
1564 3578 224 34 Christchurch
1802 3580 112 32 houses
1928 3581 66 31 will
2007 3581 58 31 sell
2077 3582 96 32 them.

1161 3674 300 84 MISSES'
1519 3674 252 84 CAPES
1832 3674 58 81 £
1949 3674 360 84 JACKETS

1218 3790 88 48 Tfcs
1322 3789 164 49 H*wsst
1516 3788 154 59 S&*sss
1689 3788 109 49 ftm
1817 3787 85 57 3/6
1926 3791 141 47 wOrtb
2085 3791 167 51 &nO>!s.

1319 3888 2 3 ■
1348 3883 139 14 »■■■■■■
1489 3874 604 23 w«wiii«>»«»»iwwai«««MW»

1164 3925 520 94 PRINTS!
1728 3925 490 89 PRINTS
2220 3928 97 91 .«.

1239 4064 139 58 tetyw
1395 4061 153 51 Idttddd
1566 4066 90 45 tmt
1657 4095 14 21 9
1692 4060 183 51 Edward
1896 4060 177 51 Bmmtt
2074 4074 23 39 $
2116 4064 116 50 sttek

1161 4139 323 104 ROLLER
1550 4134 498 104 TOWELLING
2132 4139 137 89 IVI.

1502 4280 141 50 wortb
1662 4277 62 50 85
1747 4288 73 49 psr
1838 4276 120 61 yard.

1204 4405 72 33 R.
1303 4403 77 34 H.
1418 4401 310 41 PARISH,
1786 4400 154 33 East
1989 4400 255 42 Oxford.

588 514 266 49 GEORGE
886 510 234 48 KEATS.

612 591 157 27 BUILDER
778 589 70 26 AND
860 586 238 27 UNDERTAKER

690 646 104 31 EAST
835 642 179 33 OXFOED.

621 737 121 25 Funerals
750 734 150 27 Conducted,
913 732 88 28 Adults
1008 732 66 24 from
1084 732 37 24 £3

590 782 113 25 Children
722 781 64 24 from
805 778 67 32 22/6.

692 1023 212 29 Established
929 1017 87 29 1862.

639 1088 122 27 FLOUR,
773 1087 55 23 best
839 1083 80 25 brand
929 1082 59 31 only
999 1082 68 30 kept.

591 1129 142 28 SHARPS,
769 1123 204 28 OATMEAL,
1008 1122 110 24 BRAN

680 1167 294 31 CHICKENWHEATf
988 1167 42 25 &c.

618 1218 40 20 AT
685 1214 121 23 LOWEST
834 1211 140 22 CURRENT
1002 1209 104 24 RATES,

680 1328 54 44 F.
767 1325 49 45 B.
839 1322 188 54 LANE.

697 1402 90 40 (Late
802 1400 39 30 E.
860 1397 160 39 Butcher.)

594 1462 249 33 Watchmaker,
873 1458 182 34 Jeweller,
1072 1454 52 31 &c.

593 1513 123 31 Importer
750 1512 26 24 of
816 1508 107 26 Musical
957 1506 169 26 Instruments

692 1550 111 23 Victoria
824 1548 38 23 St.
892 1546 133 30 Bangiora.

583 1637 4 6 '
595 1639 99 32 Special
705 1638 71 25 value
798 1635 28 25 m
848 1633 80 26 Extra
951 1634 86 30 strong
1048 1630 80 26 Cased

593 1683 88 32 bighly
689 1680 109 26 finished
811 1678 109 32 English
938 1677 78 24 Lever
1025 1674 103 27 Watch-

595 1736 34 17 es.
675 1723 191 28 Manufactured
882 1724 26 24 to
931 1729 43 24 my
1002 1720 71 25 order
1094 1718 34 32 by

595 1768 54 25 best
661 1767 104 25 London
784 1764 107 26 makers.
925 1759 157 34 Unequalled
1090 1759 38 26 for

595 1811 122 26 excellent
730 1807 178 32 Timekeeping
923 1806 50 24 and
983 1802 143 33 durability.

628 1853 29 24 F.
675 1852 31 24 B.
719 1849 96 26 LANE
827 1847 139 33 personally
987 1846 72 24 visits
1079 1845 49 25 Ox-

595 1896 54 26 ford
669 1894 125 33 monthly,
818 1892 113 32 carrying
950 1898 16 17 a
987 1890 69 31 large
1079 1888 50 25 and

596 1940 84 25 choice
715 1938 70 26 stock
813 1936 26 26 of
870 1934 127 28 Watches,
1025 1933 103 28 Chains,

595 1983 134 28 Brooches,
740 1982 87 31 Rings,
839 1979 85 28 Studs,
941 1977 128 26 Pendants
1081 1978 47 27 etc,

598 2028 141 32 Spectacles
760 2024 123 34 (Pebbles,
900 2023 168 31 Pantoscopsc
1079 2020 50 26 and

598 2072 107 31 Crystal)
719 2069 95 27 Clocks,
834 2065 106 35 (Marble
961 2065 50 25 and
1028 2064 101 32 Wood,)

696 2112 155 26 Accordeons
863 2110 50 24 and
924 2108 106 25 Violins.

630 2159 81 24 Exact
722 2157 58 25 date
792 2155 26 26 of
828 2154 62 26 each
901 2153 59 26 visit
982 2152 22 26 is
1016 2150 106 26 notified

745 2202 28 23 m

598 2244 114 24 Repairs.
714 2257 31 4 —
748 2241 41 26 All
799 2240 94 32 repairs
910 2248 42 16 are
969 2236 119 27 executed
1097 2236 32 32 by

598 2287 91 33 myself
710 2295 27 17 or
754 2285 79 26 under
849 2291 42 25 my
912 2280 219 35 superintendence

599 2341 26 16 so
648 2332 56 25 that
722 2332 103 30 patrons
837 2336 45 18 can
905 2328 52 31 rely
980 2334 33 18 on
1035 2325 97 32 getting

599 2375 154 26 satisfaction
762 2376 26 22 at
800 2373 43 24 the
854 2380 59 23 very
923 2371 86 24 lowest
1018 2369 111 31 charges.

632 2419 103 32 Repairs
747 2425 27 18 or
783 2416 84 26 orders
875 2423 58 23 may
943 2414 31 25 be
982 2413 45 26 left
1039 2414 26 23 at
1065 2426 33 4 —

599 2468 26 25 J.
642 2467 134 29 Weeber's,
811 2465 64 24 East
898 2463 100 26 Oxford.

598 2512 26 23 at
646 2509 41 25 W.
711 2509 35 25 M.
771 2508 37 27 0.,
832 2507 64 24 East
921 2504 99 27 Oxford.

599 2554 23 25 J.
640 2553 99 30 Brown,
752 2550 159 30 Bootmaker,
936 2548 70 25 West
1030 2545 100 28 Oxford.

599 2598 39 25 W.
651 2597 24 26 J.
690 2597 117 25 Crothers
816 2595 19 25 &
848 2594 45 25 Co.
901 2612 6 6 .
929 2593 69 25 Cust.

631 2641 50 25 and
697 2641 51 25 will
755 2640 30 25 be
797 2637 125 33 promptly
934 2635 118 26 attended
1063 2636 34 24 to.

600 2686 54 31 All
665 2685 99 32 Work
776 2684 77 31 done
865 2693 39 21 on
917 2681 54 31 the
983 2680 150 31 Premises

722 2737 61 29 and
798 2733 198 40 guaranteed.

602 2905 89 38 MR
713 2903 63 42 W.
803 2903 50 40 N.
877 2898 256 46 CATHRO,

642 2975 180 24 BARRISTER
836 2973 68 23 AND
921 2971 172 23 SOLICITOR.

750 3013 231 35 EANGIORA.

597 3070 132 31 Attends
746 3068 121 32 Oxford
882 3077 39 20 on
933 3066 96 30 Court
1036 3064 97 41 Days.

598 3144 167 26 Instructions
773 3143 34 33 by
816 3143 57 32 post
884 3140 52 27 will
947 3140 93 26 receive
1051 3146 82 25 prom-

762 3184 28 30 pt
819 3180 132 26 attention.

719 3230 108 22 MONEY
854 3228 38 21 TO
920 3227 89 21 LEND.

647 3352 45 56 S.
726 3352 50 45 B.
799 3347 306 54 SEYMOUR,

797 3417 151 28 DENTIST,.
994 3431 43 8 ..-
1129 3427 4 10 .

639 3464 40 19 215
694 3462 105 22 Colombo
814 3461 82 23 Street,
919 3458 168 23 Christclrarch.

767 3533 178 23 CHARGES:—

666 3578 93 26 Filling,
774 3577 24 20 se
806 3584 7 17 ;
847 3575 134 21 Extraction
990 3575 24 20 2s
1029 3573 37 22 6d.

624 3644 95 20 Nitrous
729 3642 59 21 Oxid
797 3641 47 20 Gas
853 3640 170 21 Administered
1027 3639 38 21 for
1071 3639 62 21 Pain

597 3684 45 22 less
652 3683 133 22 Extraction
794 3680 25 23 of
827 3680 80 23 Teeth.
941 3681 45 21 Pee
995 3679 37 23 for
1041 3678 93 23 Admin-

597 3723 110 21 istration
717 3723 31 19 ss.

653 3852 107 26 CHILD
772 3851 109 25 BIRTH
894 3850 95 29 SAFE,
1002 3849 73 25 AND

703 3894 137 25 ALMOST
847 3893 174 25 PAINLESS
1037 3908 7 10 ,
1067 3906 4 5 •

596 3937 91 68 BY
733 3937 74 31 using
842 3935 48 25 DR
935 3933 196 27 FAWCETT'S

679 3973 3 3 '
698 3970 131 26 Medicine.

628 4014 79 27 MRS.
721 4012 166 26 BURRELL
909 4012 60 31 begs
991 4013 27 23 to
1040 4011 91 25 inform

595 4052 43 24 the
649 4052 91 24 Ladies
752 4051 57 25 that
817 4050 44 24 she
870 4050 47 24 has
926 4049 62 25 been
997 4048 131 32 appointed

595 4092 56 25 Sole
672 4093 72 30 agent
766 4092 28 24 m
804 4088 191 28 ..Christchurch
1006 4103 4 6 -
1021 4088 38 26 for
1086 4088 44 25 the

594 4130 76 25 above
681 4130 125 25 Medicine
817 4130 26 24 to
858 4128 118 25 facilitate
989 4126 140 26 Accouche-

594 4172 86 23 ruents.
714 4168 90 26 Ladies
816 4175 47 19 can
885 4166 31 26 be
936 4165 129 34 supplied;,
1068 4165 61 26 with

593 4208 41 24 the
656 4208 75 24 above
754 4206 33 33 by
811 4205 106 32 sending
938 4213 29 18 or
988 4201 93 36 calling
1102 4205 27 24 at

593 4248 40 24 Mr
654 4248 121 24 Burrell's
798 4246 182 32 Photographic
1002 4245 71 33 place
1086 4266 7 3 ..
1103 4244 28 26 of

592 4288 122 27 business,
727 4286 105 26 Gould's
854 4286 141 32 Buildingss
1015 4285 113 26 Victoria

593 4326 87 30 Street,
694 4325 182 29 Christchurch,
895 4324 83 27 where
997 4324 34 26 all
1049 4324 77 25 infor-

590 4366 96 26 mation
714 4373 46 18 can
788 4365 31 26 be
846 4363 117 27 obtained
990 4364 58 30 free,
1076 4363 51 26 and

590 4405 117 31 perfectly
749 4403 156 32 satisfactory
936 4403 50 24 and
1019 4403 107 32 genuine

590 4443 165 15 testimonials
767 4448 47 10 can
825 4440 30 18 be
866 4448 67 10 seen.
1046 4450 3 5 •

24 160 20 19 r

57 276 95 25 Twelve
175 275 87 25 month
282 283 44 23 ago
346 273 48 25 last
413 272 64 25 June
489 278 15 16 a
515 269 40 25 Mr

24 315 79 28 Scott,
115 314 122 31 employed
244 322 30 15 on
285 321 14 16 a
306 311 136 33 plantation
452 313 26 21 at
485 309 71 24 Vuva

24 353 57 30 Fiji,
94 351 137 32 purchased
240 351 68 24 ONE
318 349 85 26 Ticket
411 349 28 24 m
447 349 41 24 the
498 347 57 24 Van

26 391 127 24 Dieman's
162 390 72 24 Land
246 389 72 25 Bank
325 388 110 30 Lottery,
446 383 111 30 and%on

24 428 67 31 prize
103 428 56 24 five.
178 428 60 23 This
249 428 21 23 is
282 435 15 15 a
308 427 64 23 farm
380 426 26 24 of
413 426 26 23 11
447 426 29 23 21
478 431 5 19 ;
490 429 67 20 acres

24 468 83 24 arable
119 468 59 24 land
197 476 29 16 on
239 467 43 24 the
301 466 76 24 Huon
397 462 160 34 River^Tas-

24 508 89 29 maijia,
132 508 60 24 with
210 516 32 16 an
263 507 104 25 orchard
390 506 26 26 of
437 506 31 24 42
472 520 2 3 ■
491 512 68 18 acres

24 549 123 27 attached,
161 549 47 21 and
221 548 22 22 is
257 548 72 22 valud
342 549 26 20 at
381 547 106 25 £G,QQQ.
518 545 42 22 Mr

24 586 81 28 Scott,
117 586 21 23 it
150 592 109 24 appears,
272 585 47 23 has
329 586 64 21 been
404 584 26 23 m
449 583 54 29 Fiji,
520 584 40 22 for

25 628 31 22 18
69 626 109 30 months,
192 626 48 24 and
254 627 23 22 is
288 624 75 33 going
385 626 26 22 to
428 623 73 25 claim
520 622 40 24 his

25 667 68 24 wind
100 667 51 29 fall,
164 667 43 23 but
218 665 100 24 intends
331 667 25 22 to
367 669 85 19 return
463 663 50 24 and
526 670 33 16 re-

25 709 54 23 side
90 709 25 23 m
129 708 58 30 Fiji.
234 708 22 22 A
266 708 47 23 few
324 715 69 22 years
406 713 45 24 ago
455 706 38 23 -he
505 712 55 17 won

26 750 70 23 £150
114 749 27 23 m
160 755 47 17 one
229 747 28 25 of
283 745 277 30 Tattersall's.'-.sweeps.

28 788 88 31 Lucky
124 787 76 31 begga
205 795 9 15 r
220 788 6 22 !
393 784 133 32 Spectator.

120 824 14 14 *
202 824 14 13 *
284 823 14 14 #
364 821 15 14 ■#
447 821 14 13 #

62 866 100 24 Similar
176 865 64 31 good
254 864 99 23 fortune
371 870 55 22 may
446 861 115 24 overtake

27 912 51 24 any
90 903 163 31 enterprising
272 900 92 26 Oxford
381 899 107 26 resident
505 897 55 25 who

28 946 81 23 invest
120 946 27 22 m
159 953 15 15 a
186 944 70 24 share
267 943 27 24 m
306 942 42 24 the
357 956 3 4 ■
368 940 95 26 Second
475 938 86 26 Grand

28 986 110 30 Lottery.
174 984 21 24 A
207 984 35 24 lot
251 982 26 25 of
286 983 78 24 forms
376 981 26 24 of
412 979 148 32 application

28 1026 62 24 have
97 1025 60 24 been
168 1026 54 23 sent
230 1026 25 21 to
263 1022 43 25 the
313 1022 70 24 office
392 1021 27 24 of
425 1021 51 24 this
489 1027 73 24 paper

27 1117 132 32 TOTAL
181 1116 143 29 VALUE
341 1116 33 28 of
394 1113 147 31 PRIZES
553 1121 7 18 :

86 1207 414 94 £50,000

42 1379 31 28 m
90 1378 130 35 200,000
237 1376 103 30 sbares
362 1374 31 31 of
409 1374 34 30 5s
466 1373 82 31 each.

198 1429 91 29 First
312 1426 109 30 Prize:

34 1480 172 32 VALUED
229 1479 51 29 AT
317 1479 148 38 £13,000,
505 1477 60 30 and

35 1534 59 28 223
110 1533 88 29 other
212 1532 113 33 Prizes,
339 1531 133 37 ranging
485 1531 80 28 from

33 1585 119 33 £8,000
183 1588 30 23 to
237 1583 57 33 £5,
319 1580 158 39 including
506 1579 58 30 203

34 1633 145 42 Optional
195 1633 79 31 Cash
289 1632 112 31 Prizes.

55 1687 65 30 The
135 1686 52 30 list
201 1685 63 30 will
279 1685 80 30 close
373 1694 40 20 on
427 1684 73 29 Dec.
517 1684 48 29 31.

68 1748 63 25 This
144 1747 88 24 should
251 1753 74 25 prove
344 1753 15 17 a
381 1746 79 24 better
476 1745 90 25 invest-

35 1792 71 22 ment
117 1789 62 24 than
218 1795 101 23 sweeps.
370 1786 81 25 There
461 1786 22 25 is
495 1794 73 24 every

34 1831 112 28 prospect
158 1828 54 22 that
221 1827 42 22 the
279 1826 108 30 drawing
395 1826 27 22 m
437 1825 66 23 bank
520 1826 47 22 lot-

33 1867 75 24 teries
120 1865 50 24 will
186 1865 31 24 be
233 1864 138 25 conducted
374 1865 33 22 m
421 1870 16 17 a
454 1863 47 24 fair
518 1863 51 24 and

35 1912 86 23 square
132 1910 111 21 manner,
252 1902 82 25 which
342 1902 22 24 is
376 1908 68 18 more
453 1901 60 25 than
522 1908 46 16 can

35 1945 30 24 be
77 1944 52 25 said
141 1944 26 25 of
176 1943 42 25 the
229 1943 116 31 majority
356 1943 25 24 of
392 1941 85 32 racing
485 1948 82 25 specu-

35 1984 99 24 lations.
317 1985 2 2 '
402 1989 2 3 '
430 1983 3 5 '

102 2120 93 23 Review
207 2120 26 28 of
243 2119 107 23 Beviews
358 2119 59 31 May
430 2117 71 23 1895.

72 2159 59 24 New
154 2158 106 25 Zealand
283 2157 46 26 has
349 2157 102 25 effected
470 2164 15 17 a
501 2164 69 17 more

38 2198 112 24 brilliant
158 2197 79 24 stroke
249 2197 25 24 of
282 2197 97 24 finance
388 2196 63 24 than
460 2197 45 23 has
514 2202 56 18 ever

40 2234 82 24 before
132 2233 63 24 been
207 2232 134 32 attempted
360 2232 32 31 by
412 2239 60 24 any-
482 2231 24 25 ol
526 2230 44 25 the

38 2272 147 24 Australian
205 2272 115 24 colonies.
355 2270 48 24 Mr.
427 2269 77 25 Ward
526 2269 44 24 has

38 2311 86 32 placed
136 2319 14 16 a
160 2312 14 23 3
186 2319 43 22 per
238 2312 65 22 cent,
315 2311 58 24 loan
382 2309 27 25 of
414 2309 157 29 £1,500,000

38 2358 34 16 on
84 2350 42 24 the
138 2349 102 25 London
253 2348 103 29 market,
369 2348 78 31 fixing
456 2348 43 24 the
505 2347 64 24 min-

37 2389 80 23 imum
127 2391 26 22 at
166 2390 59 23 £90.
238 2388 51 23 The
301 2388 57 23 loan
369 2395 49 16 was
430 2386 141 25 subscribed

37 2428 56 23 lour
105 2427 71 24 times
186 2434 63 18 over,
259 2426 49 24 and
316 2425 105 31 brought
428 2433 33 16 an
468 2431 103 24 average

37 2467 64 31 price
113 2469 26 23 of
157 2467 53 24 £94
228 2468 26 23 8s
272 2467 48 29 9d.,
355 2466 61 25 This
428 2466 21 24 is
461 2465 44 24 the
516 2464 55 25 first

39 2507 60 24 time
112 2514 31 16 an
156 2508 105 29 attempt
272 2506 45 23 has
328 2505 62 25 been
399 2504 73 25 made
481 2504 31 32 by
521 2510 50 24 any

38 2547 27 24 of
82 2547 43 24 the
141 2546 140 25 Australian
292 2545 107 26 colonies
422 2546 26 24 to
465 2544 70 32 place
555 2550 16 18 a

38 2588 57 23 loan
108 2590 26 21 at
146 2590 14 20 3
172 2595 42 23 per
226 2588 64 23 cent.

24 3050 21 86 I
179 3089 251 48 NOTICE.

24 3193 108 43 ■Tob
150 3192 233 56 Printing
395 3194 9 42 !

24 3242 25 63 I
206 3261 100 46 Job
329 3260 241 57 Printing

24 3305 25 48 I
78 3325 171 29 OXFOED
306 3324 223 30 OBSEEVEE

24 3357 27 56 I
118 3375 160 38 Machine
306 3375 179 52 Printing-

24 3413 28 53 I
214 3427 167 40 WORKS

24 3477 29 35 ■
101 3489 89 23 MAIN
202 3489 142 28 STREET,
355 3489 147 24 OXFORD.

24 3543 31 48 I
98 3568 66 43 T^
166 3567 60 25 INE
279 3566 212 38 T>EINTING

24 3634 32 37 H
103 3643 34 28 In
151 3643 73 37 Any
238 3642 126 37 Variety
379 3652 35 18 or
431 3641 96 35 Style*

24 3670 315 61 i/IEMORAL
367 3691 203 38 CARDS

24 3735 89 52 l(in
129 3758 67 19 new
211 3745 61 31 and
287 3744 105 31 chaste
407 3743 136 41 designs)

24 3849 37 58 Hj
117 3860 173 31 Statement
306 3859 115 36 Heads,

24 3890 37 39 H
115 3900 70 30 Ball
199 3899 222 38 Programmes.

24 3929 38 43 I
117 3942 133 35 Posters,
265 3940 175 36 Handbills,

24 3973 39 40 H
115 3982 167 35 Billheads,
305 3981 138 39 Cheques

24 4014 39 40 H
116 4025 105 29 Letter
236 4023 59 30 and
305 4022 80 30 Note
398 4023 105 29 Heads

24 4055 40 40 H
117 4065 164 36 Circulars,
304 4063 119 35 Menus,

24 4098 41 39 H
118 4108 189 38 Catalogues,
324 4107 54 28 &c.
390 4105 75 38 ,&c,
487 4106 57 29 &c.

24 4163 96 42 ■ew
135 4164 119 49 Styles
268 4164 38 38 m
320 4162 163 51 Visiting
496 4162 69 40 and

24 4210 43 56 I
149 4227 164 39 Business
329 4226 115 40 Cards.
458 4264 3 2 .

24 4324 110 42 HH.
155 4335 118 33 Parish,
331 4333 188 42 Proprietor.
534 4332 4 13 :

24 4365 44 51 H
115 4388 64 30 The
198 4386 177 31 NEWEST
402 4386 159 31 STYLES

24 4430 44 28 ■
77 4439 131 19 tVPPIS
225 4439 58 19 rmrl
415 4438 144 20 MTCTSTTS
