2540 4029
1894 3904 74 17 Printed
1982 3904 36 16 and
2032 3904 97 21 published
2145 3910 56 18 every
2216 3908 114 21 Wednesday
2346 3910 36 16 and
2393 3911 90 19 Saturday

1915 3925 89 20 morning,
2020 3925 23 21 by
2062 3925 83 17 Samuel
2159 3927 89 21 Rjevaxs,
2265 3932 19 14 at
2299 3930 32 16 the
2347 3931 54 17 Office
2417 3934 19 14 oi
2449 3935 33 14 tne

1915 3946 47 17 New
1977 3946 98 16 Zealand
2087 3947 92 18 Gazette
2190 3953 41 12 and
2245 3950 136 18 Wellington
2397 3953 86 17 Specta-

1914 3972 43 13 tor,
1969 3967 157 22 Manncrs-itreet,
2135 3969 115 22 Wellington,
2262 3972 43 17 Port
2318 3972 107 20 Nicholsou,
2437 3974 46 17 New

1915 3988 85 15 Zealand.

527 44 101 31 THE
645 44 112 32 NEW
772 45 229 32 ZEALAND
1018 45 226 32 GAZETTE
1261 44 101 33 AND
1381 44 327 33 WELLINGTON
1730 32 293 44 SPECTATOR.

768 129 93 21 Union
874 129 82 21 Bank
970 129 31 21 of
1016 127 151 23 Australia.

675 162 96 23 London
787 162 93 26 Office,
896 161 45 22 No.
955 162 38 26 33,
1010 161 51 22 Old
1076 161 185 22 Broad-street.

728 195 94 28 Capital,
832 194 122 28 £800,000;
974 194 53 27 paid
1035 202 38 19 up,
1088 194 120 27 £500,000.

910 225 110 13 DIRECTORS
1025 226 5 12 :

778 242 69 20 George
854 241 39 17 Fife
899 242 69 20 Angas,
976 242 49 20 Esq.,
1133 246 3 6 ■

779 262 68 17 Robert
854 262 75 20 Brooks,
939 263 50 19 Esq.,

778 283 62 16 James
847 282 49 17 John
903 282 100 20 Cummins,
1011 282 49 21 Esq.,

778 303 69 17 Robert
853 303 103 20 Gardener,'
961 303 49 21 Esq.,
1021 302 124 20 Manchester,

778 324 48 16 John
835 324 45 16 Gore
896 324 50 20 Esq.,

778 344 49 16 John
833 344 81 16 William
920 343 76 20 Buckle,
1002 343 49 21 Esq.,
1263 348 2 12 ;

778 364 125 21 Benjamin'E.
907 364 72 19 Xindo,.
982 364 48 21 Esq.,
1043 374 1 3 ■
1263 376 2 4 .

778 385 77 22 Charles,
858 385 78 17 Edward
942 385 89 21 Mangles,
1039 385 49 19 Esq.,

778 406 116 20 Christopher
898 406 87 19 Bawson,
993 405 49 20 Esq.,
1053 405 82 20 Halifax,
1263 414 2 4 ■

778 426 78 17 Thomas
863 426 64 20 Sands,
936 426 49 20 Esq.,
992 425 100 21 Liverpool,
1204 427 4 7 '

756 455 5 4 -
777 447 63 16 James
846 447 56 20 Bogle
910 446 65 20 Smith,
980 446 50 21 Esq.,

746 480 3 7 ,
777 468 63 16 James
846 467 81 17 Ruddell
932 467 58 19 Todd,
997 467 43 20 Esq.

674 489 95 17 Trustees:
783 488 82 17 George
875 488 58 16 Cabr
944 487 62 20 Glyk,
1017 487 49 20 Esq.,
1076 487 55 16 John
1141 487 62 20 Gobe,
1212 487 48 21 Esq.,

819 508 37 17 and
862 508 67 17 James
936 508 18 17 J.
961 508 101 19 Cummins,
1072 508 43 20 Esq.

701 530 80 17 Bankers
786 534 6 12 :
802 529 76 17 Messrs.
885 529 61 19 Glyn,
958 529 115 19 Hallifax,
1080 528 73 20 Miils,
1159 527 38 18 and
1204 528 31 17 Co.
1260 533 2 7 '

792 557 102 20 Secretary:
905 557 85 16 Samuel
995 556 94 20 Jackson,
1097 556 44 20 Esq.

762 584 82 17 Colonial
849 584 95 21 Inspector
948 588 5 12 :
965 583 18 17 J.
991 583 18 17 C.
1015 583 105 20 M'Larek,
1127 583 44 21 Esq.

793 632 69 21 New
879 631 125 21 Zealand
1021 630 118 21 Branch.

673 665 53 17 Local
732 665 91 17 Directors
829 670 4 11 :
849 665 47 16 Geo.
908 665 18 16 S.
937 665 73 17 Evans,
1022 665 50 20 Esq.,
1083 664 71 20 D.C.L.,
1165 665 37 16 and
1214 665 46 17 Geo.

892 685 93 20 Hunter,
996 686 44 19 Esq.

673 714 95 20 Manager:
779 712 49 17 John
835 713 73 19 Smith,
916 712 49 21 Esq.,
973 712 36 17 late
1015 712 22 17 of
1044 712 31 17 the
1082 712 120 17 Commercial
1207 712 53 17 Bank

840 733 19 17 of
868 733 91 21 England,
970 733 122 17 Manchester.

781 762 115 22 Branches
905 765 24 18 at
944 761 98 27 Sydney,

931 788 3 3 '
944 788 89 22 Hobart
1041 788 78 27 Town,

945 815 11 22 I
962 818 132 24 <aunceston,
1105 814 47 23 and

945 842 12 21 I
965 844 34 19 ort
1008 841 81 28 Philip.

673 869 53 22 Port
735 868 130 28 Nicholson,
875 868 82 23 March
967 870 34 25 24,
1012 870 62 20 1840.

674 922 90 49 THE
779 922 116 22 Directors
912 922 26 21 of
952 921 41 22 the
1008 921 57 22 New
1080 921 102 22 Zealand
1195 921 65 24 Land

746 950 117 27 Company
875 949 85 27 hereby
978 948 50 27 give
1044 948 82 26 notice,
1144 948 49 22 that
1207 949 53 27 they

672 976 57 22 have
736 983 112 15 effected
857 983 31 14 an
898 982 173 15 arrangement
1078 975 55 22 with
1140 975 37 22 the
1184 975 74 22 Union

672 1003 64 22 Bank
750 1003 26 22 of
791 1002 122 27 Australia,
929 1002 45 21 No.
991 1003 32 26 38,
1039 1001 45 22 Old
1100 1001 158 29 Broad-street,

672 1029 101 27 London,
783 1030 36 21 for
827 1029 38 22 the
877 1028 170 23 establishment
1060 1028 26 23 of
1099 1035 15 15 a
1129 1028 130 23 BRANCH

671 1056 88 25 BANK
774 1056 34 22 IN
823 1055 72 22 NEW
908 1055 160 27 ZEALAND,
1080 1055 99 27 through
1188 1056 72 23 which

672 1083 37 22 the
717 1083 102 22 business
831 1083 26 22 of
868 1082 40 22 the
924 1082 59 22 New
998 1082 102 21 Zealand
1112 1082 67 23 Land
1194 1082 65 23 Com-

671 1117 60 20 pany
738 1110 46 21 will
791 1110 29 21 be
830 1109 135 22 transacted.
993 1108 48 23 The
1055 1109 116 22 Directors
1187 1109 72 23 there-

670 1136 47 23 fore
726 1136 145 23 recommend
879 1140 24 18 to
920 1136 111 22 Colonists
1046 1135 38 22 the
1101 1136 78 22 Union
1195 1136 64 23 Bank

672 1164 26 21 of
714 1163 114 22 Australia
845 1170 24 15 as
887 1170 30 15 an
942 1162 171 23 establishment
1133 1164 126 28 possessing

670 1190 57 21 their
743 1190 69 21 entire
836 1190 138 26 confidence,
994 1189 45 22 and
1057 1189 51 22 able
1126 1192 24 19 to
1166 1191 92 25 provide

670 1216 125 28 effectually
809 1216 36 22 for
859 1216 39 22 the
913 1216 106 22 financial
1033 1219 71 20 wants
1120 1216 28 22 of
1158 1218 37 21 the
1212 1218 48 22 first

670 1243 133 22 settlement.

836 1270 35 27 By
880 1269 67 22 order
957 1270 27 21 of
993 1269 37 22 the
1040 1270 81 27 Board,

913 1296 86 22 JOHN
1012 1296 105 27 WARD,
1134 1297 122 29 Secretary.

670 1324 56 22 New
734 1323 101 22 Zealand
844 1323 66 22 Land
919 1324 135 30 Company's
1064 1323 79 27 Office,

697 1352 18 23 1,
726 1350 160 27 Adam-street,
897 1350 106 27 Adelphi,
1013 1350 54 22 2?th
1075 1350 61 26 Aug.
1155 1350 61 23 1839.

839 1397 66 20 Port
920 1396 31 21 of
968 1397 125 20 London.

722 1430 87 22 Notice
829 1438 27 14 to
876 1437 46 15 the
943 1430 94 22 Public.
1039 1441 28 4 —
1067 1430 126 23 Travellers
1213 1432 44 21 and

670 1457 72 22 others
751 1458 49 21 who
810 1457 56 22 send
874 1457 109 27 baggage,
994 1456 72 23 works
1075 1457 27 22 of
1113 1461 41 23 art,
1161 1465 26 14 or
1194 1459 62 22 other

669 1484 64 22 value
742 1488 105 24 property
856 1488 23 17 to
889 1483 113 27 England,
1019 1484 82 21 should
1115 1485 94 26 consign
1218 1486 38 21 the

668 1511 109 27 packages
787 1515 22 18 to
820 1511 37 21 the
868 1517 51 15 care
925 1510 26 22 of
959 1518 13 13 a
978 1510 99 23 licensed
1084 1511 172 23 Custom-house

668 1541 73 23 agent,
758 1545 23 14 as
797 1538 89 21 articles
901 1545 38 14 are
955 1537 128 27 frequently
1096 1538 98 27 injured,
1212 1540 49 21 and'

668 1564 100 22 needless
778 1571 97 21 expense
890 1564 112 27 incurred,
1019 1564 35 22 for
1070 1564 37 22 the
1124 1568 60 19 want
1200 1566 27 21 of
1242 1574 14 14 a

667 1599 80 19 proper
757 1598 80 20 person
847 1594 23 19 to
880 1590 53 23 take
942 1591 81 27 charge
1033 1591 27 22 of
1075 1590 64 23 them
1153 1599 30 14 on
1199 1592 57 23 their

668 1618 87 25 arrival,
765 1618 44 21 and
819 1625 37 14 see
870 1618 63 22 them
950 1618 98 27 entered,
1068 1618 125 28 examined,
1212 1620 44 21 and

668 1644 107 28 carefully
788 1644 118 28 repacked.
941 1644 49 22 The
1009 1644 82 28 charge
1106 1645 20 22 is
1141 1645 39 23 the
1195 1653 60 16 same

668 1671 98 23 whether
774 1679 25 14 so
809 1671 123 27 consigned
941 1678 26 15 or

717 1705 171 23 Custom-house
898 1705 118 29 Chamber,
1028 1705 103 28 London,

937 1732 61 22 1837.
1002 1726 14 16 tS

668 1766 138 49 DEVOY
815 1766 45 21 and
870 1766 54 27 CO.,
939 1767 47 20 who
999 1773 38 14 are
1053 1768 35 20 the
1102 1769 154 21 LICENSED

746 1794 124 20 AGENTS
879 1794 29 25 of
916 1795 48 20 Her
970 1796 112 25 Majesty's
1089 1796 167 22 Commissioners

666 1821 28 25 of
706 1822 97 24 Customs,
813 1822 43 19 and
868 1822 68 19 under
945 1823 64 25 heavy
1017 1823 64 20 bonds
1088 1823 43 25 for
1141 1824 36 20 the
1185 1825 69 26 safety

666 1848 28 26 of
698 1851 101 23 property
816 1850 111 24 consigned
941 1851 21 19 to
978 1851 64 24 them,
1061 1850 44 27 beg
1124 1850 63 22 those
1204 1851 50 22 who

666 1875 55 22 send
730 1876 110 27 packages
850 1879 22 18 to
883 1876 58 21 their
951 1884 58 20 care,
1023 1880 23 18 to
1056 1884 38 14 see
1104 1877 49 22 that
1162 1877 56 23 each
1227 1878 27 22 be

666 1902 112 28 distinctly
796 1902 95 22 marked
938 1903 81 22 Devoy
1038 1904 46 21 and
1102 1904 48 27 Co.,
1169 1905 85 22 Lower

666 1929 198 28 Thames-street,
1006 1930 87 22 andthe
1099 1931 41 21 bill
1147 1931 25 21 of
1178 1931 77 28 lading

666 1963 26 14 or
705 1956 83 28 receipt
801 1956 126 22 forwarded
944 1960 24 18 to
987 1957 60 22 them
1066 1957 72 23 direct
1151 1959 31 25 by
1195 1961 58 28 posj,

665 1982 54 22 with
726 1983 144 21 instructions
879 1983 52 21 how
941 1983 56 21 such
1005 1984 70 26 goods
1084 1991 38 14 are
1132 1987 23 19 to
1166 1984 29 22 be
1210 1982 44 24 3i&-

665 2009 69 26 posed
743 2010 26 21 of
779 2017 29 14 on
818 2009 80 22 arrival
906 2017 7 19 ;
929 2010 45 21 and
981 2017 24 15 as
1013 2017 67 20 every
1086 2010 101 27 package
1194 2015 60 18 must

665 2036 28 21 be
710 2036 85 28 opened
815 2039 25 18 at
856 2036 39 22 the
913 2036 180 27 Custom-house,
1111 2037 22 21 if
1152 2044 46 20 any
1216 2045 37 15 are

665 2062 85 28 locked,
761 2063 38 21 the
808 2062 56 28 keys
873 2062 81 22 should
963 2064 29 21 be
1001 2063 132 22 forwarded.
1158 2069 3 3 '

693 2090 74 21 Goods
778 2090 44 21 and
832 2090 109 28 packages
951 2097 39 15 are
998 2090 126 22 forwarded
1131 2091 31 27 by
1172 2090 80 28 Devoy

665 2116 45 22 and
719 2117 38 21 Co.
767 2120 23 18 to
800 2116 31 22 all
844 2119 61 25 parts
919 2117 26 21 of
957 2117 38 22 the
1011 2118 130 26 Continent,
1153 2116 37 23 the
1200 2118 54 21 East

665 2144 44 20 and
719 2144 62 21 West
788 2143 83 27 Indies,
880 2143 112 28 Colonies,
1004 2144 40 22 &c.
1054 2144 42 22 &c.
1105 2152 5 24 j
1124 2144 50 27 and,
1186 2144 21 22 if
1218 2152 35 14 re-

665 2170 83 28 quired,
760 2173 50 19 sent
824 2173 23 19 to
856 2170 39 22 the
908 2178 51 14 care
974 2171 26 21 of
1010 2171 138 27 responsible
1164 2171 88 28 houses,

665 2197 48 21 who
727 2197 46 22 will
788 2204 37 15 see
842 2197 37 22 the
896 2198 146 22 instructions
1056 2201 52 19 sent
1122 2197 54 23 with
1192 2198 61 22 them

664 2224 131 27 punctually
805 2224 108 22 attended
922 2227 30 19 to.

691 2251 38 21 All
738 2251 69 27 goods
817 2251 45 21 and
870 2251 113 28 packages
991 2251 35 21 for
1035 2251 114 28 shipment
1155 2255 61 19 must
1225 2252 28 22 be

664 2278 159 27 accompanied
832 2278 31 27 by
877 2278 90 22 written
981 2278 153 27 instructions,
1145 2279 54 22 with
1215 2279 38 22 the

664 2312 65 14 name
739 2305 45 21 and
793 2305 91 21 address
894 2305 26 21 of
932 2304 39 22 the
980 2305 83 27 parties
1070 2305 31 28 by
1112 2305 73 23 whom
1200 2305 54 28 they

664 2339 37 14 are
715 2335 56 24 sent,
786 2331 47 22 and
849 2331 37 22 the
901 2335 103 18 contents
1016 2331 46 22 and
1077 2332 67 22 value
1160 2332 27 22 of
1199 2334 55 21 each

664 2358 97 27 package
772 2358 79 22 stated.
879 2358 49 22 The
943 2359 56 26 duty
1008 2358 111 23 outwards
1133 2359 19 22 is
1162 2361 44 21 10s.
1214 2368 40 19 per

664 2385 60 23 £100
739 2385 73 22 value.
849 2384 49 22 The
914 2389 48 18 rate
978 2385 26 21 of
1015 2385 123 23 insurance
1155 2385 99 29 depends

663 2420 61 20 upon
734 2413 182 21 circumstances.
945 2412 48 22 For
1006 2412 87 22 further
1107 2412 146 24 information

663 2439 67 28 apply
755 2443 23 18 to
800 2439 46 22 Mr.
865 2439 95 22 Samuel
986 2439 100 28 Revans,
1105 2439 146 30 Wellington,

664 2467 53 21 Port
726 2465 130 23 Nicholson.

886 2511 139 21 Potatoes.

666 2538 185 24 /CHATHAM
865 2537 134 22 ISLANDS
1017 2538 167 28 POTATOES,
1203 2539 50 24 best

666 2569 40 19 V/
735 2565 93 28 quality,
842 2565 35 22 for
892 2565 46 22 sale
948 2568 24 18 at
980 2564 38 23 the
1035 2566 75 21 Stores
1126 2566 27 21 of
1162 2567 39 22 the
1211 2575 42 14 un-

664 2592 123 27 dersigned.

879 2618 37 22 W.
931 2619 90 27 Allen,
1032 2619 198 24 Manners-street.

691 2646 99 27 January
803 2648 20 25 8,
835 2647 61 20 1842.

825 2692 87 20 Boots
926 2691 56 20 and
997 2691 91 20 Shoes.

663 2718 94 48 JUST
771 2717 167 28 RECEIVED,
954 2725 30 14 ex
997 2718 123 28 Mandarin,
1136 2718 45 22 and
1190 2719 64 23 other

726 2745 45 21 late
780 2744 93 22 arrivals
880 2753 6 13 :
889 2755 28 4 —

691 2772 154 22 Gentlemen's
876 2771 147 28 Wellington,
1056 2772 115 27 Clarence,
1208 2773 46 23 and

664 2798 96 23 Blucher
769 2799 71 25 boots,

691 2826 75 22 Men's
781 2829 77 23 strong
872 2825 65 22 boots
952 2825 45 21 and
1007 2824 73 29 shoes,

691 2852 87 22 Ladies'
793 2852 61 22 dress
870 2852 57 22 ditto
944 2852 63 27 ditto,

691 2880 123 21 Childrens'
828 2879 58 27 light
900 2879 45 21 and
960 2885 77 21 strong
1051 2879 73 22 shoes.

692 2906 60 27 Also,
771 2914 13 14 a
799 2907 103 27 quantity
922 2906 26 22 of
968 2906 52 27 sole,
1039 2906 44 27 kip,
1100 2906 47 22 and
1160 2906 93 24 harness

662 2933 93 27 leather,

692 2960 120 28 Kangaroo
826 2959 70 28 skins,
907 2960 40 21 &c.
960 2960 39 21 &c.
1010 2960 41 21 &c.

948 2986 32 22 D.
995 2987 21 21 S.
1032 2987 79 21 Durib
1126 2986 45 23 and
1186 2988 39 22 Co.

893 3032 41 20 On
950 3032 70 24 Sale,

662 3067 50 48 A
731 3066 88 22 WELL
839 3066 99 22 assorted
956 3065 63 22 stock
1039 3066 26 21 of
1079 3073 57 21 very
1153 3067 100 27 superior

739 3101 60 20 rope,
811 3093 71 22 whale
891 3093 54 26 line,
957 3092 45 22 and
1010 3100 58 20 spun
1077 3100 65 20 yarn,

690 3121 103 27 Superior
802 3120 83 22 British
895 3120 69 27 pitch,

689 3147 128 23 Stockholm
828 3151 40 23 tar,

689 3175 74 21 White
772 3174 58 27 lead,

691 3201 175 22 Anti-corrosive
876 3200 72 28 paint,

689 3229 93 21 Cabinet
790 3228 118 26 furniture,

688 3255 58 22 Well
757 3254 107 23 seasoned
872 3254 106 27 feathers,
992 3274 4 7 ,

689 3281 168 28 Ironmongery,
868 3288 62 20 saws,
941 3281 57 27 files,
1009 3281 40 21 &c.

687 3309 43 21 Tin
739 3316 58 15 ware
806 3309 46 21 and
861 3308 102 27 brushes,

689 3335 57 22 Hats
756 3335 44 23 and
809 3335 113 22 thrashers
932 3334 73 22 suited
1013 3338 24 18 to
1047 3334 37 22 the
1094 3342 88 21 season,

688 3363 88 21 Pickles
783 3363 24 21 in
818 3363 59 26 pints
887 3361 46 23 and
942 3365 83 24 quarts,

689 3389 98 28 Herring
797 3389 45 22 and
851 3389 104 27 anchovy
964 3392 70 24 paste,

688 3417 81 21 Sauces
778 3415 106 27 assorted,

688 3443 76 23 Salted
773 3443 86 22 salmon
870 3441 46 23 and
924 3441 109 28 herrings,

688 3469 143 28 Gunpowder
841 3469 45 22 and
895 3469 57 27 shot,

687 3498 38 21 An
735 3497 112 21 excellent
855 3498 137 20 assortment
999 3495 26 22 of
1035 3495 160 28 earthenware,

687 3525 23 21 A
719 3524 41 22 few
770 3523 100 28 superior
879 3523 54 22 seed
942 3525 108 25 potatoes.

890 3556 36 23 W.
941 3556 173 28 Fitzherbert,
1124 3556 33 23 Te
1167 3557 56 22 Aro.

727 3603 41 20 On
782 3602 69 27 Sale,
866 3608 37 14 ex
918 3602 45 20 the

661 3635 73 48 AN
744 3635 114 22 extensive
868 3637 136 20 assortment
1013 3635 26 21 of
1044 3634 56 22 mud
1108 3635 73 28 boots,

739 3662 60 22 Stuff
805 3662 98 22 channel
912 3662 98 27 slippers,

687 3688 46 22 Kid
742 3688 99 28 slippers,

688 3715 71 27 Pump
766 3715 71 27 boots,

688 3741 99 22 Channel
798 3742 71 26 boots,

687 3767 104 28 Dancing
799 3775 89 20 pumps,

688 3795 10 20 1
710 3801 49 14 case
766 3793 84 28 gloves,

688 3821 25 21 15
722 3821 69 21 boxes
800 3821 82 22 starch.

791 3847 123 27 Wallace,
928 3848 92 27 White,
1036 3848 46 22 and
1095 3848 125 23 Wallace.

687 3873 131 27 December,
830 3875 60 20 1841.

698 3917 128 22 TORAGE
840 3918 39 21 TO
894 3918 40 22 BE
948 3918 78 27 HAD,
1043 3919 67 27 apply
1120 3922 24 19 to

1022 3946 26 22 T.
1060 3946 33 22 M.
1105 3946 137 23 Partridge.

685 3971 32 22 Tc
727 3971 47 22 Aro
784 3970 82 23 Beach.

85 129 84 19 Town
184 127 54 21 and
252 127 124 26 Country
389 127 77 21 Land
479 128 31 19 to
524 127 34 20 be
573 127 59 20 Let.

66 159 164 50 SECTIONS
247 159 46 22 aria
287 160 3 6 1
307 160 100 25 portions
423 160 27 21 of
463 159 100 22 Sections
578 159 24 21 in
617 158 31 22 all

133 190 60 24 parts
209 186 26 21 of
249 186 39 21 the
306 186 69 21 Town
394 186 26 21 of
435 185 146 28 Wellington,
601 185 46 21 also

64 213 99 26 Country
172 213 99 21 Sections
285 213 26 20 in
321 213 37 21 the
374 213 96 21 districts
485 212 28 21 of
525 212 38 21 the
580 211 65 27 Hutt,

64 239 37 21 the
115 239 87 26 Kaiori;
209 239 38 21 the
256 238 77 28 Ohiro,
346 239 45 21 and
403 237 37 22 ihe
456 238 97 21 Porirua.
584 237 64 27 Long

63 266 70 21 leases
143 265 26 21 of
175 265 36 22 the
228 268 96 24 country
332 265 54 21 land
402 264 45 23 will
463 265 28 21 be
505 264 95 27 granted
618 271 29 15 on

64 292 127 21 reasonable
203 296 74 17 terms.
306 292 44 21 For
358 291 130 28 particulars
499 291 66 27 apply
574 293 25 19 to
632 290 3 3 '

90 324 96 23 Hanson
197 325 46 21 and
256 326 116 24 Alzdorf,
382 324 199 27 Thorndon-quay,
592 320 28 25 or'
625 326 23 19 to

90 352 93 21 Robert
193 352 94 26 Stokes,
298 351 64 22 Land
377 351 110 26 Surveyor
504 350 45 22 and
563 346 82 30 Agent,

246 377 217 22 Woolcomb-street.

123 421 77 22 OUSE
215 421 39 21 TO
269 421 65 30 LET,,
454 419 190 27 FURNISHED,

149 449 23 20 in
191 455 44 14 one
249 447 26 21 of
295 447 37 21 the
348 450 59 19 most
424 446 103 28 pleasant
545 449 60 25 parts
624 442 26 26 of

62 475 143 26 Wellington.
234 474 77 27 Apply
321 477 21 18 to
353 475 2 4 '

203 500 122 27 Wallace,
338 500 90 27 White,
440 500 44 21 and
494 499 124 22 Wallace.

89 528 59 22 Nov.
158 528 35 25 30,
205 528 59 20 1841.
422 529 3 30 ;
549 538 6 4 -

201 572 88 20 Town
303 571 92 21 Acres-
402 572 29 19 to
447 571 57 20 Let.

59 604 178 49 NUMBERS
248 611 29 14 on
288 603 38 22 the
334 602 240 28 Surveyor-General's
585 609 59 21 map,

246 631 42 20 510
451 630 40 21 263

87 658 44 21 For
137 657 136 27 particulars,
284 656 67 28 apply
358 659 23 19 to
391 656 108 27 Wallace,
512 655 81 25 White,
601 655 46 22 and

57 684 107 21 Wallace.

221 731 85 19 South
326 731 51 19 Sea
390 730 91 20 Hotel.

61 764 43 31 (^i
114 763 105 22 EORGE
231 762 112 23 YOUNG
355 763 54 26 begs
420 765 22 18 to
452 762 84 21 inform
550 761 40 22 the
602 764 43 19 set-

63 788 50 23 vJT
134 790 50 21 tiers
202 790 25 21 of
244 790 53 21 Port
312 789 130 26 Nicholson,
459 788 44 22 and
517 788 128 27 gentlemen

59 817 58 21 from
127 816 37 22 the
173 816 165 27 neighbouring
347 816 111 26 Colonies,
469 815 49 22 that
527 815 38 21 the
575 815 70 21 above

58 844 69 21 house
137 843 18 22 is
165 850 50 14 now
226 849 57 21 open
291 851 6 19 ;
316 842 72 22 where
396 849 67 19 every
473 841 133 28 description
624 841 26 22 of

58 870 76 26 wines,
151 870 79 26 spirits,
242 870 35 21 ale
294 869 44 22 and
346 872 82 24 porter,
442 869 20 21 is
476 868 128 30 constantly
621 871 23 18 to

56 896 29 21 be
99 896 44 21 had
151 905 5 18 ;
168 896 44 21 and
223 899 66 18 trusts
298 896 31 26 by
339 895 109 22 attention
459 898 21 19 to
496 895 109 27 business,
622 897 23 19 to

57 923 67 22 merit
132 930 14 14 a
155 922 64 22 share
229 923 26 21 of
266 922 58 21 their
333 925 130 24 patronage.

85 949 65 22 Good
165 949 61 27 beds,
246 948 46 23 and
311 956 67 20 every
397 948 193 22 accommodation
609 947 36 23 for

59 976 122 21 travellers.

84 1003 21 21 A
115 1003 54 22 boat
177 1006 23 18 to
209 1003 28 21 be
246 1002 46 22 had
301 1005 23 18 at
333 1002 30 21 all
372 1001 76 27 hours,
468 1001 44 28 day
527 1009 25 14 or
569 1001 73 28 night.

86 1036 121 22 Harmonic
218 1035 108 28 meetings
336 1042 66 20 every
409 1035 125 27 Thursday.
649 1047 4 3 -

59 1081 198 48 WNEAL,
278 1081 88 21 Watch
388 1079 45 22 and
454 1080 77 21 Clock
546 1079 96 27 Maker,

131 1119 10 10 •
186 1107 53 27 begs
257 1106 143 28 respectfully
418 1110 22 18 to
459 1106 83 22 inform
557 1105 38 23 the
608 1106 36 22 in-

57 1134 112 21 habitants
187 1134 25 21 of
229 1134 53 21 Port
288 1133 130 26 Nicholson,
437 1133 47 27 &c,
503 1131 49 23 that
560 1133 30 21 he
603 1132 40 22 has

57 1161 106 22 removed
174 1160 35 22 his
223 1161 101 21 business
339 1160 51 22 S.E.
401 1159 25 22 of
437 1160 92 22 Messrs.
539 1159 103 23 Bethune

57 1188 44 21 and
112 1187 115 26 Hunter's,
238 1187 46 22 and
293 1187 76 27 hopes,
378 1187 31 26 by
418 1187 63 21 strict
490 1186 117 27 attention,
620 1189 22 19 to

57 1215 66 20 merit
137 1222 14 13 a
167 1215 148 20 continuance
331 1213 26 22 of
371 1213 58 22 their
444 1213 97 27 favours,
557 1213 85 27 having

58 1241 43 21 had
111 1242 26 20 20
148 1241 70 27 years'
225 1241 135 27 experience
369 1240 24 22 in
403 1239 103 23 London-

85 1268 39 21 All
142 1267 65 22 kinds
223 1267 25 21 of
259 1267 94 27 foreign,
371 1267 90 26 British,
477 1266 100 26 musical,
598 1266 44 22 and

57 1295 114 27 repeating
176 1294 95 21 watches
278 1294 46 21 and
332 1293 82 28 clocks,
422 1293 46 22 and
476 1293 165 22 chronometers

57 1321 93 22 cleaned
159 1321 45 22 and
212 1321 108 27 repaired.

164 1354 58 22 N.B.
223 1366 28 3 —
252 1354 97 22 Musical
358 1354 69 21 boxes
437 1352 108 28 repaired.

57 1401 50 46 A
135 1399 130 26 HEWITT,
277 1399 160 24 Fishmonger,
448 1397 112 23 Lambton
568 1398 72 26 Quay,

111 1437 11 10 •
139 1425 144 27 Wellington,
290 1429 88 18 returns
386 1424 35 22 his
431 1425 86 21 sincere
527 1424 82 22 thanks
619 1428 22 18 to

57 1453 37 21 the
111 1452 137 22 inhabitants
267 1453 27 21 of
314 1451 43 23 this
376 1451 86 28 Colony
477 1451 36 21 for
531 1451 38 21 the
587 1458 54 20 very

54 1479 80 22 liberal
151 1483 92 23 support
256 1478 29 22 he
301 1478 40 22 has
355 1478 99 22 hitherto
468 1477 110 27 received,
597 1477 45 22 and

55 1506 54 27 begs
118 1509 23 18 to
150 1507 81 20 inform
242 1505 61 22 them
313 1505 47 21 that
375 1505 27 21 he
411 1505 41 21 has
462 1504 65 22 made
537 1511 104 20 arrange-

55 1536 74 18 ments
143 1533 35 21 for
196 1540 13 14 a
224 1535 103 19 constant
342 1532 80 27 supply
441 1531 26 22 of
485 1531 39 22 the
544 1531 98 22 choicest

54 1559 103 22 varieties
166 1559 25 21 of
202 1559 48 27 fish,
268 1559 73 21 which
357 1560 28 20 he
402 1558 138 27 confidently
555 1565 85 15 recom-

55 1586 79 22 mends
143 1589 22 18 to
175 1585 37 22 the
221 1585 76 27 public
306 1593 23 14 as
336 1585 68 26 being
411 1585 26 21 of
447 1585 37 21 the
492 1585 51 21 best
547 1585 92 27 quality.

84 1613 81 21 Orders
173 1613 34 21 for
217 1613 105 27 snipping
329 1612 109 27 received,
454 1612 45 21 and
508 1612 133 27 punctually

56 1639 106 22 attended
170 1643 30 18 to.

207 1673 100 15 OYSTERS
322 1673 70 15 FRESH
407 1673 77 14 DAILY.

83 1700 62 27 Also,
156 1707 14 14 a
177 1700 81 27 supply
267 1700 27 21 of
308 1699 127 27 vegetables
451 1698 61 23 fresh
525 1699 60 22 from
601 1698 38 23 the

54 1726 83 28 garden
149 1726 66 27 daily.

54 1773 40 19 To
115 1772 44 20 the
180 1771 167 25 Merchants,
369 1771 197 26 Ship-owners,
585 1771 53 25 &c,

205 1797 29 21 of
247 1798 67 20 Port
327 1797 160 21 Nicholson.

53 1830 45 35 rp
129 1831 28 21 D.
182 1830 101 23 PRATT
306 1830 54 27 begs
376 1833 59 19 most
452 1829 147 29 respectfully
616 1832 23 19 to

63 1852 24 25 JL
100 1867 11 10 •
141 1860 77 19 return
232 1857 35 22 his
278 1857 82 22 thanks
376 1858 35 21 for
428 1857 38 22 the
480 1858 91 21 favours
586 1864 53 14 con-

113 1884 74 22 ferred
203 1891 28 15 on
247 1884 55 26 him,
313 1884 65 21 while
393 1884 25 21 in
435 1884 140 27 partnership
585 1883 53 22 with

53 1911 43 21 Mr.
106 1911 26 22 T.
143 1912 83 26 Bevan,
238 1910 46 23 and
293 1910 53 27 begs
357 1914 22 18 to
388 1910 84 23 inform
480 1910 63 23 them
552 1905 49 28 that
609 1910 28 22 he

50 1938 21 21 is
81 1945 50 14 now
139 1938 181 26 manufacturing
328 1945 72 25 ropesj
409 1938 65 26 lines,
484 1938 74 26 twine,
570 1937 28 22 of
608 1937 29 22 all

52 1965 145 27 descriptions
205 1973 4 19 ;
226 1968 58 19 mats
298 1964 26 21 of
336 1964 31 22 all
382 1972 63 20 sizes,
466 1965 40 22 &c.
545 1964 93 27 Fishing

51 1995 50 18 nets
119 1992 65 21 made
201 1992 45 21 and
263 1991 109 27 repaired,
391 1991 45 22 and
455 1999 67 19 every
541 1991 56 21 kind
616 1991 26 21 of

52 2018 76 21 article
142 2018 24 21 in
182 2018 38 21 the
235 2018 71 21 above
322 2017 52 27 line,
392 2018 30 21 all
438 2017 58 22 from
512 2017 56 22 New
581 2017 57 22 Zea-

50 2044 54 22 land
120 2044 52 27 flax,
183 2044 45 22 and
242 2052 29 15 on
282 2044 38 22 the
329 2048 59 19 most
396 2044 130 22 reasonable
537 2044 99 27 charges.

52 2079 43 21 No.
111 2080 20 25 1,
155 2078 231 27 Molesworth-street,
413 2078 147 27 Wellington,
585 2078 52 22 Port

278 2105 130 22 Nicholson.

52 2151 39 20 To
101 2151 45 20 the
156 2151 162 20 Mercantile
329 2151 54 20 and
399 2150 134 27 Shipping
547 2151 90 20 Inter-

172 2179 56 19 ests
239 2178 30 20 of
280 2178 66 20 Port
355 2178 160 21 Nicholson.

51 2211 156 35 rpHOMAS
224 2211 107 23 BEVAN
348 2211 45 22 and
409 2210 83 28 SONS,
503 2210 58 22 New
577 2211 59 21 Zea-

58 2233 30 27 JL
111 2246 60 14 LAND
190 2246 57 14 ROPE
266 2246 47 14 AND
332 2245 74 15 TWINE
430 2245 204 20 MANUFACTURERS,

48 2265 45 28 beg
106 2268 24 18 to
138 2265 83 22 inform
230 2265 58 21 their
296 2265 85 21 friends
393 2265 45 21 and
448 2264 36 22 the
494 2265 82 27 public,
588 2265 49 22 that

49 2293 52 27 they
111 2293 56 21 have
183 2291 106 23 removed
305 2295 23 19 to
343 2292 59 22 their
417 2300 50 14 new
482 2292 108 27 premises
606 2300 28 14 on

48 2319 188 27 Lambton-quay,
252 2326 79 14 corner
346 2319 26 21 of
388 2319 158 26 Willis-street,
562 2319 73 22 where

49 2354 66 19 every
125 2346 76 22 article
210 2346 23 21 in
242 2345 37 22 the
289 2346 71 22 above
370 2345 74 23 trades
453 2354 52 19 may
515 2346 28 22 be
551 2345 47 23 had
606 2353 30 15 on

47 2373 39 21 the
96 2373 94 22 shortest
199 2373 81 21 notice.

76 2400 91 27 Fishing
176 2403 55 24 nets,
242 2403 64 24 mats,
319 2399 48 27 &c,
377 2399 67 23 made
454 2399 45 23 and
508 2399 108 28 repaired.

75 2427 26 22 T.
109 2427 26 22 B.
147 2427 44 22 and
202 2427 56 21 Sons
268 2434 38 14 are
314 2427 68 27 ready
392 2430 22 18 to
424 2426 124 22 undertake
557 2430 79 25 export

48 2454 76 22 orders
134 2458 21 18 to
165 2462 44 19 any
220 2457 83 23 extent,
315 2461 28 14 on
353 2453 131 23 reasonable
495 2457 75 19 terms.

75 2481 127 21 November
209 2482 35 25 30,
256 2482 61 20 1841.

268 2527 33 22 H.
317 2528 92 27 READ,

183 2563 117 22 Tinman
311 2565 53 21 and
374 2565 122 25 Brazier,

124 2596 62 22 Near
194 2596 37 22 the
244 2598 154 26 Court-house,
409 2598 147 27 Wellington.

253 2643 29 20 E.
299 2643 125 26 Stafford,

134 2676 76 25 Tailor,
225 2677 174 26 Lambton-quay,
417 2678 133 26 Wellington,

47 2709 52 49 IN
113 2710 116 26 returning
239 2710 81 22 thanks
329 2713 22 19 to
362 2710 63 22 those
440 2712 129 27 gentlemen
585 2711 50 22 who

103 2736 59 22 have
171 2737 91 21 favored
271 2737 49 21 him
328 2737 53 22 with
391 2738 59 21 their
458 2739 82 26 orders,
548 2746 86 14 assures

46 2763 61 22 them
117 2763 49 22 that
174 2763 57 22 from
242 2763 35 23 his
287 2764 62 22 stock
359 2772 29 14 on
398 2765 68 26 hand,
478 2765 46 22 and
532 2766 59 21 from
599 2773 34 14 re-

47 2794 52 18 cent
108 2790 90 22 arrivals
208 2791 57 21 from
275 2791 111 28 England,
397 2791 29 22 he
436 2792 44 21 will
494 2793 28 21 be
540 2792 95 23 enabled

47 2820 23 18 to
80 2817 64 22 make
155 2824 29 21 up
194 2818 88 22 articles
291 2818 26 22 in
324 2818 36 22 the
371 2819 47 21 first
428 2819 56 27 style
495 2819 27 22 of
531 2819 88 22 fashion
628 2828 5 19 ;

47 2844 71 22 which
128 2844 44 22 will
182 2845 80 21 render
271 2845 18 21 it
298 2852 149 21 unnecessary
457 2846 34 21 for
505 2845 38 22 the
560 2846 74 28 public

46 2874 22 18 to
80 2871 54 21 send
149 2874 22 18 to
187 2871 38 22 the
241 2871 164 28 neighbouring
414 2873 105 21 Colonies
527 2873 36 22 for
577 2873 58 22 their

46 2898 98 27 wearing
153 2899 97 26 apparel.

73 2925 58 21 N.B.
132 2937 28 3 —
162 2925 71 28 Lvery
249 2925 76 22 article
340 2926 126 21 warranted
484 2926 27 22 of
531 2926 38 23 the
585 2926 50 23 best

47 2952 90 27 quality,
150 2955 42 24 cut,
204 2952 45 22 and
259 2953 172 27 workmanship,
442 2953 45 22 and
501 2961 31 14 on
544 2961 90 14 reason-

46 2979 50 21 able
104 2982 75 19 terms.

188 3024 143 23 CHARLES
346 3025 140 28 HARVEY,

251 3059 102 25 Tailor,
369 3060 54 25 &c,

173 3092 198 30 Adjoining^Kumu
387 3094 51 20 Toto
452 3094 56 26 Pah,

260 3134 158 20 WELLINGTON,

47 3160 107 49 BEGS
169 3162 22 18 to
207 3163 77 19 return
301 3161 80 22 thanks
400 3165 22 18 to
440 3162 37 22 the
493 3165 81 24 gentry
589 3162 44 22 and

122 3186 75 28 public
208 3187 22 21 of
240 3187 58 21 New
308 3187 98 23 Zealand
415 3189 36 21 for
459 3189 37 22 the
504 3193 93 24 support
604 3189 29 22 he

44 3214 41 21 has
101 3213 103 21 received
218 3213 58 22 from
293 3214 60 22 them
370 3215 60 22 since
444 3216 29 22 he
487 3216 146 22 commenced

44 3240 109 26 business,
171 3240 45 22 and
235 3240 28 22 he
281 3248 86 15 assures
383 3241 61 23 them
462 3243 48 21 that
525 3243 19 21 it
561 3243 27 21 is-
599 3243 34 21 his

44 3267 111 22 intention
166 3270 23 18 to
199 3267 105 21 continue
315 3267 33 21 his
364 3272 59 18 most
438 3273 117 18 strenuous
570 3277 63 14 exer-

45 3295 59 21 tions
115 3297 22 17 to
149 3294 65 21 merit
223 3301 12 14 a
246 3294 148 22 continuance
404 3295 26 21 of
437 3296 57 22 their
503 3301 129 22 patronage.

72 3321 24 21 C.
107 3321 29 21 H.
148 3320 61 22 takes
226 3320 42 22 this
290 3322 143 27 opportunity
447 3323 26 21 of
483 3323 84 27 stating
586 3323 47 22 that

44 3348 35 21 his
89 3348 62 21 stock
162 3348 92 21 consists
264 3347 27 22 of
302 3355 15 13 a
324 3348 59 26 good
391 3349 86 27 variety
487 3350 27 21 of
520 3350 112 27 superfine

45 3374 77 27 cloths,
134 3374 110 26 doeskins,
259 3374 91 26 tweeds,
365 3375 129 28 moleskins,
505 3376 126 27 velveteen,

43 3401 56 28 pilot
114 3401 67 27 cloth,
192 3401 39 21 &c.
244 3401 48 27 &c,
308 3401 43 21 and
366 3401 36 22 his
418 3401 93 28 charges
525 3403 46 26 (for
584 3405 49 19 cash

44 3429 58 25 only)
113 3428 121 22 moderate.

119 3473 132 26 Building
265 3472 172 21 Allotments
451 3475 29 19 to
496 3475 58 22 Let,

44 3506 92 34 npHE
153 3504 201 23 ADVERTISER
369 3505 66 22 offers
449 3513 62 20 upon
525 3507 108 28 Building

51 3527 30 28 JL
119 3532 88 27 Leases,
219 3540 13 13 a
242 3532 96 22 number
347 3532 27 21 of
383 3532 70 21 Town
462 3533 138 23 Allotments
607 3535 25 21 in

42 3560 39 22 the
91 3563 59 18 most
158 3559 108 22 desirable
275 3561 63 25 parts
346 3559 27 22 of
383 3558 44 23 this
438 3560 140 22 Settlement.

70 3587 47 21 The
137 3586 110 21 attention
263 3586 27 21 of
306 3585 38 22 the
361 3585 76 28 public
453 3586 20 21 is
487 3587 145 30 particularly

43 3614 72 21 called
134 3616 22 18 to
175 3612 39 22 the
231 3612 125 26 advantage
376 3612 26 22 of
418 3612 108 28 Building
542 3614 89 28 Leases,

42 3640 73 22 which
125 3640 37 21 the
171 3639 153 27 undersigned
331 3640 19 21 is
362 3639 97 22 enabled
466 3643 23 18 to
499 3643 73 24 grant,
579 3642 53 27 viz.,

42 3667 58 21 from
110 3673 69 15 seven
188 3669 23 18 to
227 3669 140 24 twenty-one
382 3673 74 20 years,
473 3667 122 27 according
609 3671 23 19 to

41 3694 41 21 the
99 3694 65 21 value
183 3692 26 22 of
229 3692 38 22 the
290 3692 114 28 buildings
425 3693 112 27 proposed
557 3697 24 18 to
604 3694 28 22 be

45 3720 95 22 erected.
169 3719 76 29 Apply
254 3722 24 19 to

206 3748 22 20 J.
244 3746 25 22 T.
284 3746 148 26 Wicksteed,
444 3753 28 14 or.

204 3772 36 23 W.
255 3772 29 22 V.
299 3773 108 27 Brewer,
423 3773 195 22 Manners-street.

283 3824 106 26 Bricks,

44 3858 89 50 FOR
150 3857 81 26 SALE,
245 3860 22 19 at
282 3859 45 21 60s.
345 3866 41 19 per
402 3857 120 23 thousand.
555 3858 77 34 Apply

103 3888 24 18 to
144 3884 21 22 J.
183 3883 94 28 Pimble,
288 3888 25 18 at
325 3884 37 22 the
379 3885 171 28 Sydney-street
564 3885 68 22 Brick

44 3911 45 23 and
99 3911 48 23 Tile
164 3910 87 33 Works,
261 3914 24 18 at
294 3911 38 21 the
347 3918 51 16 rear
407 3912 26 22 of
444 3911 94 23 Colonel
550 3911 82 23 Wake-

234 3937 72 22 field's
320 3937 121 23 residence.

110 3972 78 23 Terms
190 3983 25 5 —
218 3971 50 22 cash
280 3979 30 14 on
322 3971 97 28 delivery
431 3976 22 17 at
465 3971 36 23 the
511 3972 55 22 kiln.

2088 127 79 21 Book
2179 126 128 29 Binding.

1904 159 116 47 BOOK
2048 159 137 22 BINDING
2207 160 58 23 done
2288 164 24 19 at
2335 160 38 23 the
2396 162 93 23 Gazette

1981 185 79 22 Office.

1905 228 87 49 FOR
2006 229 78 22 SALE
2099 233 24 18 at
2138 230 44 22 this
2196 230 71 29 office,
2284 232 80 28 Hymn
2377 232 74 23 Books
2464 233 25 22 in

1976 255 38 22 the
2024 256 75 22 native
2108 256 117 28 language.

1929 287 128 23 December
2065 290 34 25 28,
2111 291 60 21 1841.

1997 340 156 27 Stationery
2168 341 61 28 just
2242 345 152 25 tmpacked.

1905 371 72 49 ON
1991 373 85 27 SALE,
2091 377 25 18 at
2124 374 37 22 the
2173 376 86 21 Gazette
2274 376 78 28 Office,
2368 379 30 20 ah
2410 379 79 20 exten-

1980 399 49 22 sive
2037 400 45 21 and
2091 401 76 22 varied
2176 407 134 19 assortment
2325 404 27 22 of
2368 404 121 27 stationery

1903 426 26 20 of
1940 432 67 21 every
2016 426 142 28 description.

1930 451 102 28 January
2041 453 21 26 7,
2075 454 61 21 1842.

1902 513 221 26 WHOLESALE
2152 516 125 26 PRICES
2310 519 179 25 CURRENT.

1974 559 133 15 CORRECTED
2121 560 29 15 UP
2164 561 28 15 TO
2206 562 85 16 FRIDAY
2305 564 110 16 EVENING.

1909 605 9 11 a
1983 578 92 35 ',
2166 607 8 7 ,
2241 588 54 19 £«.
2319 591 19 16 d.
2391 591 55 18 £m.
2471 592 18 17 a.

1902 606 64 22 Ale:
1983 606 28 22 In
2020 606 78 28 bottle,
2111 607 114 28 perdoz..
2244 612 13 19 0
2272 611 24 21 11
2326 613 14 20 0
2357 626 18 8 ..
2393 614 15 20 0
2435 614 13 20 0
2476 614 13 20 0

2004 633 87 23 Elliot's
2098 642 40 19 per
2143 634 53 23 hhd.
2206 649 19 7 ..
2243 637 55 21 60
2324 639 50 21 0..
2391 641 15 20 0
2434 640 13 21 0
2474 640 15 21 0

1903 659 98 22 Arrack
2010 667 5 14 :
2031 660 43 22 Per
2082 661 46 26 gal.
2137 661 24 21 in
2170 661 61 23 bond
2244 664 15 20 0
2286 665 12 20 1
2326 665 14 20 9
2357 679 6 7 .
2369 679 6 7 .
2392 668 15 19 0
2434 667 14 20 0
2474 670 15 20 O

1901 686 94 22 Bread:
2011 686 43 22 Per
2062 687 45 23 2lb.
2119 687 49 23 loaf
2182 703 45 6 ....
2245 691 15 20 0
2286 692 14 20 0
2326 692 14 20 8
2357 705 18 7 ..
2393 694 15 20 0
2434 694 14 20 0
2475 694 14 20 0

1902 713 74 22 Beef:
1990 713 78 28 Fresh,
2087 721 89 16 carcase
2190 722 41 21 per

2018 740 24 22 lb
2241 744 14 20 0
2283 744 12 20 0
2311 745 27 20 10
2355 759 18 7 ..
2390 747 16 20 0
2433 747 11 20 1
2472 747 16 20 0

2009 766 54 28 Salt,
2073 775 41 20 per
2127 768 67 23 tierce
2207 769 92 23 ..7-0
2326 772 14 20 0
2357 785 22 7 ...
2393 774 30 20 0■
2434 773 14 21 0
2475 774 14 20 0

2009 793 45 22 Do.
2063 801 40 20 per
2116 795 73 22 barrel
2206 810 6 6 .
2218 811 7 5 .
2243 797 55 22 410
2326 799 14 20 0
2356 812 7 6 .
2368 812 7 6 .
2392 801 14 20 0
2434 801 14 20 0
2474 801 15 20 0

1900 820 96 22 Butter
2001 827 6 15 :
2023 820 65 28 Irish,
2098 828 40 21 per
2145 822 31 22 lb.
2207 837 6 7 .
2219 837 7 7 .
2244 825 14 20 0
2286 825 11 21 1
2326 825 14 21 9
2357 839 18 7 ..
2393 828 15 20 0
2434 827 14 21 2
2476 828 13 20 0

2023 846 69 23 Fresh
2244 852 14 20 0
2284 853 14 20 3
2325 853 15 20 0
2357 866 18 8 ..
2392 854 15 21 0
2434 854 55 21 00

1900 874 98 22 Brandy
2006 881 5 14 :
2027 874 59 22 First
2091 875 92 27 quality,
2190 883 40 20 per

2050 901 76 27 gallon
2135 901 22 22 in
2169 902 60 22 bond
2243 905 13 20 0
2284 906 13 20 6
2324 907 15 20 0
2355 920 6 7 .
2368 920 5 7 .
2391 908 15 20 0
2433 908 14 20 9
2474 908 15 20 0

1900 928 87 22 Brown
2007 928 87 22 Stout:
2118 935 39 20 per
2171 928 53 23 hhd.
2239 931 13 20 5
2268 932 27 20 10
2321 934 15 19 0
2352 947 18 6 ..
2390 935 15 19 0
2432 935 14 20 0
2472 936 16 19 0

1901 955 99 22 Cigars:
2013 954 102 29 Manilla,
2123 962 40 21 per
2167 957 60 26 1000,
2243 958 55 21 310
2324 960 49 20 0..
2390 961 16 20 4
2432 962 14 19 0
2473 961 15 21 0

2009 981 97 23 Inferior
2241 985 15 20 2
2283 985 14 21 0
2324 987 14 19 0
2355 999 6 6 .
2367 999 6 7 .
2390 988 16 19 0
2432 988 14 20 0
2473 989 15 19 0

2009 1009 136 27 Havannah,
2150 1016 40 21 per
2196 1009 31 23 lb.
2242 1012 13 20 0
2270 1011 26 21 16
2323 1013 15 20 0
2354 1025 19 7 ..
2390 1014 15 20 0
2432 1015 14 19 0
2472 1015 16 20 0

2009 1035 169 28 Chinsurahper
2184 1038 69 21 10001
2270 1038 26 21 15
2323 1040 15 20 0
2354 1052 19 7 ..
2390 1041 15 20 0
2431 1042 14 19 0
2472 1042 15 19 0

2008 1062 156 23 Alexandrian
2176 1078 46 7 ....
2242 1065 54 21 110
2322 1067 82 21 0..0
2431 1068 14 20 0
2472 1069 16 20 0

1900 1090 88 22 Coffee
1994 1096 6 15 :
2011 1089 65 28 Java,
2086 1097 41 20 per
2134 1090 23 22 lb
2241 1093 14 20 0
2283 1093 14 20 0
2323 1094 15 20 0
2354 1107 7 6 .
2367 1107 6 6 .
2390 1095 15 20 0
2432 1095 14 20 0
2473 1096 15 19 0

1900 1117 90 23 Cheese
1997 1124 6 14 :
2019 1117 107 22 Cheshire
2241 1120 14 20 0
2284 1120 10 20 1
2323 1121 82 21 6..0
2432 1122 14 20 0
2474 1123 14 19 0

2018 1143 54 22 Pine
2082 1143 74 29 Apple
2178 1147 78 20 ....0
2283 1148 14 19 0
2324 1148 82 21 0..0
2434 1148 10 21 1
2472 1149 16 20 2

2017 1170 76 22 Dutch
2243 1174 13 20 0
2283 1175 14 19 0
2324 1175 14 19 9
2355 1187 18 8 ..
2391 1176 15 20 0
2434 1175 11 20 1
2474 1176 15 20 0

1900 1198 106 22 Candles
2013 1204 5 14 :
2026 1197 94 27 English
2128 1205 55 20 wax,
2189 1206 41 20 per

2044 1223 23 22 lb
2242 1227 14 20 0
2283 1227 14 21 3
2323 1228 15 20 6
2355 1241 18 7 ..
2391 1229 15 20 0
2434 1230 13 19 0
2474 1230 15 19 0

2030 1250 81 22 Mould
2241 1254 14 20 0
2283 1253 12 19 0
2324 1256 49 18 0..
2390 1256 16 19 0
2432 1256 14 20 0
2461 1256 25 21 11

2031 1277 69 28 Dips.
2240 1281 14 20 0
2281 1281 14 21 0
2309 1281 27 21 10
2353 1294 18 7 ..
2390 1283 14 19 0
2432 1283 14 20 0
2472 1284 16 20 0

1901 1305 92 23 Flour:
2002 1304 131 28 lstquality,
2144 1308 83 24 perton

2023 1331 23 21 of
2058 1333 56 20 2000
2123 1331 33 23 lbs
2225 1334 28 20 28
2274 1334 21 21 *0
2321 1335 15 20 0
2353 1336 51 21 ..30
2430 1337 15 20 0
2472 1338 15 20 0

1998 1358 48 22 2nd
2055 1358 55 22 ditto
2227 1361 28 20 25
2283 1362 13 20 0
2323 1362 14 20 0
2354 1375 18 7 ..
2390 1364 14 19 0
2432 1364 14 20 0
2472 1365 16 20 0

1901 1385 60 23 Gin:
1981 1385 54 22 Pale
2051 1385 24 21 in
2086 1385 59 22 bond
2241 1389 13 19 0
2282 1388 12 20 0
2322 1389 15 20 0
2354 1402 17 7 ..
2390 1390 14 21 0
2430 1390 15 20 2
2472 1391 14 19 0

1950 1412 62 26 Case,
2020 1413 15 20 4
2041 1412 36 26 gal
2086 1413 38 21 4-5
2132 1413 24 21 in
2164 1413 62 22 bond
2241 1415 10 20 1
2281 1416 14 20 4
2322 1416 14 21 0
2353 1430 6 6 .
2366 1429 5 7 .
2389 1418 15 19 0
2430 1417 14 19 0
2472 1420 15 19 0

1900 1439 70 22 Hams
1976 1447 6 14 :
1997 1439 130 28 Yorkshire,
2141 1447 41 20 per
2188 1440 24 22 lb
2220 1456 6 6 .
2241 1442 14 20 0
2283 1443 13 20 0
2323 1444 15 19 0
2354 1456 7 7 .
2367 1456 6 7 .
2390 1445 16 20 0
2432 1446 14 19 0
2473 1446 16 19 9

1900 1467 115 21 Mustard
2022 1473 6 14 :
2044 1465 42 23 Per
2095 1466 70 22 dozen
2178 1469 75 20 ....1
2284 1470 11 19 1
2324 1470 82 21 0..0
2433 1472 13 20 0
2474 1474 15 19 0

1900 1493 115 22 Mutton:
2036 1493 93 22 Carcase
2138 1501 40 20 per
2186 1493 24 23 lb
2220 1510 6 6 .
2241 1496 14 20 0
2283 1496 13 20 0
2324 1496 13 20 9
2355 1510 17 7 ..
2390 1498 15 20 0
2432 1499 14 20 0
2460 1500 26 20 11

1899 1520 124 22 Muskets:
2037 1519 94 23 Walnut
2137 1520 92 22 stocked
2243 1523 13 19 0
2283 1524 13 19 0
2323 1524 15 19 0
2354 1536 19 7 ..
2391 1525 14 20 0
2420 1525 26 20 15
2474 1528 14 19 0

1899 1547 79 22 Milk;
1994 1547 43 21 Per
2043 1547 50 26 pint
2241 1550 14 19 0
2283 1550 13 20 0
2323 1550 14 20 3
2355 1564 18 6 ..
2390 1552 16 20 0
2432 1553 14 20 0
2472 1554 16 20 0

1900 1574 43 22 Oil
1952 1581 5 15 :
1973 1573 103 25 Linseed,
2086 1580 42 21 per
2135 1573 76 28 gallon
2220 1576 35 20 .0
2282 1576 13 20 5
2323 1578 14 19 0
2354 1591 7 6 .
2366 1591 6 6 .
2390 1579 15 20 0
2432 1578 14 22 7
2474 1582 15 19 0

1973 1599 78 28 Black,
2055 1601 24 21 in
2084 1600 172 28 cask,pertonl7
2283 1604 14 20 0
2324 1604 14 20 0
2354 1618 19 7 ..
2390 1606 15 20 0
2432 1607 14 20 0
2473 1608 15 19 0

2011 1627 78 27 Sperm
2225 1629 26 22 75
2281 1630 12 20 0
2321 1631 13 19 0
2352 1645 18 7 ..
2389 1632 12 20 0
2430 1633 13 20 0
2471 1634 13 19 0

1899 1654 77 22 Pork:
1991 1653 77 28 Fresh,
2086 1661 89 16 carcase
2189 1662 40 21 per

2016 1681 23 21 lb
2240 1684 13 20 0
2281 1685 14 20 0
2321 1685 16 21 4
2354 1699 17 7 ..
2389 1688 15 19 0
2431 1688 14 21 0
2471 1688 15 21 5

1900 1708 64 22 Pork
1971 1715 6 14 :
1992 1707 67 28 Irish,
2069 1715 41 20 per
2118 1708 72 22 barrel
2204 1723 5 7 .
2215 1724 7 6 .
2239 1710 15 21 4
2269 1711 26 21 10
2322 1713 15 20 0
2353 1726 6 7 .
2366 1726 5 7 .
2389 1714 14 20 5
2431 1716 14 19 0
2472 1716 16 21 0

1899 1735 131 22 Potatoes:
2051 1735 57 22 New
2121 1735 106 29 Zealand,

2074 1765 88 24 perton
2176 1777 46 7 ....
2240 1764 12 21 0
2281 1766 14 21 0
2322 1768 14 20 0
2353 1780 18 8 ..
2389 1768 14 21 8
2430 1770 15 20 0
2471 1770 16 20 0

1900 1789 92 22 Porter
2001 1796 7 14 :
2036 1788 102 29 Dunbar,
2149 1790 25 21 in
2180 1790 46 23 hot.

2066 1817 91 27 perdoz
2239 1820 14 20 0
2268 1820 25 21 11
2321 1822 15 20 0
2352 1834 19 8 ..
2389 1823 15 20 0
2430 1824 14 20 0
2472 1824 16 20 0

2007 1843 86 27 Bryant
2103 1843 44 22 and
2156 1844 69 22 Davis
2240 1847 53 21 013
2321 1849 15 20 0
2352 1862 7 7 .
2365 1862 6 7 .
2389 1850 15 20 0
2430 1851 14 20 0
2471 1851 15 20 0

1898 1869 99 22 Pickles
2003 1877 10 16 .:
2045 1870 114 28 Assorted,
2189 1879 40 20 per

2070 1897 59 27 doz.,
2152 1902 75 23 quarts
2243 1901 10 20 1
2284 1902 11 20 1
2323 1903 15 20 0
2354 1916 19 7 ..
2391 1904 15 20 0
2433 1905 14 20 0

1899 1924 74 22 Pitch
1985 1931 5 14 :
2022 1922 137 30 Stockholm,
2188 1933 41 20 per

2048 1951 72 22 barrel
2204 1952 19 21 '..
2242 1955 14 20 0
2283 1956 13 20 0
2323 1956 15 21 0
2354 1969 19 8 ..
2392 1957 11 21 1
2420 1957 26 21 15
2473 1959 16 20 O

1898 1977 94 22 Plank:
2020 1977 54 22 Port
2095 1978 132 29 Nicholson,

2048 2011 38 20 per
2096 2006 40 20 100
2144 2004 46 22 feet
2204 2020 18 6 ..
2241 2009 14 19 0
2269 2008 26 21 19
2322 2010 15 20 0
2353 2023 18 7 ..
2390 2011 13 20 1
2432 2012 11 20 1
2472 2013 16 20 O

1898 2030 69 22 Rice:
1980 2031 110 21 Common
2100 2038 40 20 per
2144 2034 49 20 cwt.
2205 2047 18 6 ..
2241 2035 14 20 0
2283 2036 13 20 0
2323 2037 15 20 0
2354 2050 19 7 ..
2390 2038 15 20 0
2432 2038 14 20 0
2472 2040 17 19 O

1980 2057 67 22 Good
2239 2062 15 21 0
2281 2062 14 21 0
2323 2064 13 20 0
2353 2077 18 6 ..
2390 2065 14 20 0
2431 2065 14 21 0
2472 2067 16 20 0

1898 2084 68 22 Rum:
1982 2084 26 22 P.
2018 2084 27 22 B.
2056 2084 33 26 P.,
2103 2092 40 20 per
2152 2086 75 26 gallon

2019 2111 25 22 in
2058 2111 61 22 bond
2241 2116 14 19 0
2281 2116 15 21 4
2323 2116 13 20 0
2354 2130 18 7 ..
2390 2119 16 20 0
2432 2120 14 20 6
2473 2121 15 20 0

1898 2138 88 22 Sugar:
2002 2138 121 23 Mauritius
2131 2147 41 19 per
2178 2144 49 19 cwt.
2241 2143 14 20 0
2283 2144 13 20 0
2323 2145 15 19 0
2354 2158 19 6 ..
2390 2146 15 20 0
2432 2147 14 20 0
2474 2149 15 19 0

2006 2165 82 22 Brown
2242 2170 11 20 1
2270 2169 26 23 17
2323 2171 14 21 0
2354 2185 18 7 ..
2390 2173 14 21 0
2432 2175 14 19 0
2473 2175 15 20 0

2007 2192 97 23 Refined
2119 2193 53 29 loaf,
2189 2202 40 20 per

2008 2246 25 10 -,l,
2032 2219 24 22 lb
2058 2234 30 22 -.y,
2242 2224 14 21 0
2283 2225 14 20 0
2324 2224 14 22 7
2355 2239 18 7 ..
2391 2227 15 20 0
2433 2228 14 20 0
2474 2229 15 21 0

2007 2247 97 22 Manilla
2240 2251 14 20 0
2282 2253 13 19 0
2322 2253 82 21 0..2
2432 2255 13 19 0
2473 2257 16 19 O

1898 2273 61 22 Salt
1965 2281 6 14 :
1987 2273 127 29 Liverpool,
2123 2282 41 20 per
2173 2278 39 20 ton
2220 2278 35 20 .3
2282 2279 14 21 0
2323 2280 14 20 0
2354 2293 7 7 .
2367 2293 6 7 .
2390 2281 16 21 4
2432 2284 14 20 o
2474 2284 15 20 0

1898 2300 60 22 Soap
1966 2308 7 15 :
1998 2300 104 23 Hawes's
2124 2302 103 29 London,

2024 2332 86 24 perton
2225 2332 30 20 40
2282 2333 14 21 0
2323 2335 15 20 0
2354 2335 51 21 ..42
2433 2337 13 20 0
2474 2338 15 20 0

2016 2355 120 28 Liverpool
2226 2359 28 21 36
2282 2361 14 20 0
2323 2362 15 20 0
2354 2375 18 7 ..
2390 2363 14 21 0
2432 2363 12 20 0
2474 2365 14 20 0

1898 2381 91 22 Starch
1997 2389 5 14 :
2017 2382 45 22 Per
2069 2382 23 22 lb
2242 2387 14 20 0
2283 2388 14 20 0
2324 2389 14 20 9
2355 2402 7 6 .
2368 2402 6 8 .
2391 2390 15 20 0
2434 2391 11 21 1
2475 2393 14 20 O

1898 2408 131 23 Scantling
2036 2417 6 14 :
2058 2410 42 21 Per
2107 2412 40 20 100
2156 2411 54 22 feet.
2216 2426 7 6 .
2242 2413 55 23 017
2324 2415 15 21 0
2356 2429 6 7 .
2368 2429 6 7 .
2392 2417 54 22 018
2474 2420 15 19 0

1898 2436 128 22 Shingles:
2042 2436 43 22 Per
2092 2438 60 27 1000,
2161 2438 29 22 N.
2199 2439 26 22 Z.
2242 2441 10 20 1
2283 2441 13 22 7
2323 2443 14 20 0
2354 2456 18 7 ..
2391 2445 15 20 0
2433 2446 13 20 0
2472 2447 17 20 O

2028 2464 70 27 Ditto,
2121 2464 27 22 V.
2158 2465 30 22 D.
2199 2465 26 23 L.
2239 2468 14 20 2
2281 2468 13 21 5
2323 2470 14 20 0
2354 2483 17 7 ..
2390 2471 15 21 0
2432 2473 14 20 0
2472 2474 16 20 0

1897 2490 63 22 Tar:
1976 2490 55 22 Coal
2242 2495 11 20 1
2282 2495 13 21 5
2324 2497 14 20 0
2355 2511 18 7 ..
2392 2499 15 20 0
2434 2500 14 20 0
2475 2501 14 20 0

1980 2517 130 23 Stockholm
2242 2522 14 20 2
2283 2523 13 20 5
2324 2524 49 21 0.,
2392 2526 15 20 0
2434 2527 14 20 0
2475 2528 14 20 0

1897 2544 62 22 Tea:
1977 2544 89 28 Hyson,
2076 2552 41 21 per
2126 2545 63 23 chest
2205 2550 51 20 ..0
2283 2551 14 20 0
2324 2551 14 21 0
2355 2552 51 21 ..12
2420 2553 28 21 12
2475 2555 14 20 0

1897 2571 105 22 Tobacco
2011 2580 5 14 :
2030 2572 143 29 Negrohead,
2189 2581 41 21 per

1897 2624 18 3 _
2056 2599 23 22 lb
2243 2604 13 20 0
2284 2604 11 20 1
2326 2605 11 20 1
2356 2619 19 7 ..
2392 2607 15 20 0
2435 2607 12 20 0
2477 2609 12 20 0

1896 2626 166 22 Turpentine:
2076 2626 45 22 Per
2124 2627 99 27 gallon..
2242 2631 14 19 0
2283 2632 13 19 8
2324 2632 14 20 0
2355 2645 19 7 ..
2392 2634 15 20 0
2434 2636 14 20 0
2475 2636 14 20 0

1897 2652 163 22 Whalebone:
2074 2653 45 22 Per
2128 2658 54 18 t0n.
2189 2656 65 21 ...95
2283 2659 13 19 0
2323 2659 15 20 0
2355 2672 18 7 ..
2391 2660 15 21 0
2432 2663 14 20 0
2473 2663 16 20 0

1898 2678 82 23 Wine:
1995 2679 89 28 Sherry,
2095 2687 41 20 per
2143 2681 51 28 pipe
2204 2684 51 20 ..28
2283 2685 14 20 0
2323 2686 15 20 0
2355 2687 52 21 ..40
2433 2690 14 20 0
2474 2690 15 20 0

2005 2707 72 28 Ditto,
2092 2714 41 21 per
2146 2708 79 23 dozen.
2241 2711 11 21 1
2281 2711 15 21 4
2323 2713 14 20 0
2354 2726 18 7 ..
2390 2714 15 21 2
2432 2717 14 20 0
2474 2718 15 20 0

1897 2759 121 24 Poultry:
2034 2761 80 28 Fowls,
2121 2769 40 20 per
2166 2763 61 27 pair.
2242 2765 14 21 0
2284 2765 13 21 8
2324 2767 15 20 0
2356 2780 18 7 ..
2392 2769 56 21 016
2476 2771 13 21 0

2032 2788 87 29 Ducks,
2129 2789 56 22 ditto
2205 2805 5 6 .
2216 2805 7 7 .
2243 2792 10 20 1
2283 2794 14 19 0
2324 2794 15 20 0
2356 2808 6 6 .
2368 2808 6 6 .
2392 2796 56 21 110
2476 2799 13 20 0

2034 2815 81 28 Geese,
2126 2815 56 23 ditto
2205 2819 50 21 ..2
2283 2820 13 21 0
2324 2821 14 20 0
2355 2834 18 7 ..
2392 2824 14 20 0
2434 2825 14 20 0
2475 2826 14 20 0

2032 2842 104 28 Turkeys
2242 2846 14 21 2
2283 2848 15 20 0
2324 2848 83 23 0..0
2434 2852 14 20 0
2476 2853 13 21 0

2034 2869 104 28 Pigeons,
2147 2871 79 28 (wild,)

2060 2904 40 21 per
2109 2897 48 28 pair
2178 2913 45 7 ....
2242 2901 14 20 0
2283 2901 14 21 2
2324 2902 15 21 0
2356 2916 19 7 ..
2392 2906 16 20 0
2434 2906 14 20 0
2476 2907 13 21 0

2032 2925 86 26 Ducks,
2127 2925 35 22 do.
2173 2925 51 22 do..
2243 2928 13 20 0
2284 2928 13 21 5
2324 2930 15 20 0
2356 2944 19 7 ..
2392 2933 16 20 0
2434 2933 14 21 0
2476 2934 13 20 0

1897 2950 62 23 Eggs
1966 2958 6 14 :
1987 2950 45 22 Per
2041 2950 73 23 dozen
2243 2955 14 20 0
2284 2956 14 21 2
2325 2957 15 21 6
2356 2971 7 7 .
2369 2971 6 7 .
2393 2960 15 20 0
2435 2961 14 20 0
2476 2961 13 21 0

1897 3003 78 24 Cows:
1988 3004 74 23 Milch
2228 3009 28 21 20
2283 3011 14 20 0
2324 3012 15 21 0
2356 3013 51 21 ..30
2433 3015 14 20 0
2474 3015 15 21 0

1896 3031 96 23 Mares:
2008 3032 76 22 Brood
2226 3036 29 22 50
2282 3038 14 21 0
2323 3039 15 21 0
2354 3040 52 22 ..90
2432 3042 14 20 0
2474 3043 14 19 0

1896 3058 117 23 Working
2030 3059 133 24 Bullocks:
2185 3061 44 23 Per

1921 3086 51 25 Pair
2227 3091 29 21 40
2283 3092 15 21 0
2324 3094 38 20 0.
2368 3094 39 21 .60
2433 3095 14 21 0
2474 3095 15 20 0

1896 3113 64 22 Hire
1971 3120 26 15 of
2008 3120 68 15 ditto
2083 3121 6 14 :
2104 3114 44 23 Per
2155 3115 51 29 day,
2214 3124 14 15 a

1921 3143 62 18 team
1992 3140 47 22 and
2046 3140 74 23 driver
2242 3145 11 21 1
2283 3146 13 21 0
2323 3147 15 20 0
2354 3160 18 7 ..
2390 3147 14 20 2
2432 3148 14 20 0
2473 3150 15 20 0

1896 3167 87 22 Sheep:
1998 3167 64 22 Each
2239 3173 14 20 0
2267 3173 26 20 16
2321 3174 15 19 0
2352 3186 18 8 ..
2389 3174 11 20 1
2417 3175 27 21 10
2471 3177 15 21 0

1895 3194 64 22 Boat
1969 3194 75 23 Hire:
2058 3195 44 23 Per
2107 3194 50 30 day,
2163 3197 64 22 with-

2086 3227 41 18 out
2135 3224 87 22 hands.
2237 3226 56 21 010
2320 3227 15 21 0
2350 3240 20 8 ..
2388 3227 11 21 1
2429 3230 15 22 0
2471 3231 15 21 o

1895 3275 86 24 Wages
1987 3284 6 15 :
2022 3276 139 30 Mechanics,
2186 3285 41 21 per

2048 3304 63 23 week
2238 3306 14 21 2
2267 3306 28 21 14
2321 3308 15 20 0
2352 3322 7 6 .
2365 3321 6 7 .
2389 3310 14 20 3
2430 3312 15 20 6
2467 3313 20 21 .0

2030 3331 126 23 Labourers
2173 3346 45 7 ....
2238 3334 11 20 1
2266 3334 26 21 10
2320 3335 15 21 0
2351 3349 19 7 ..
2389 3337 12 21 1
2416 3338 28 21 16
2471 3341 15 20 0

1914 3393 40 17 The
1964 3393 50 17 New
2024 3393 99 16 Zealand
2133 3393 92 17 Gazette
2230 3394 39 16 and
2278 3394 137 20 Wellington

1893 3414 86 16 TAxoßis
1985 3414 98 20 published
2089 3417 54 17 every
2149 3414 114 22 Wednesday
2272 3415 38 17 and
2320 3417 95 21 Saturday.
2437 3420 47 18 Sub-

1892 3434 63 21 joined
1960 3439 30 12 are
1997 3435 33 16 the
2035 3436 65 15 terms:
2102 3442 22 4 —

1914 3462 64 17 Price
1985 3466 24 13 op
2016 3466 41 13 the
2064 3462 97 16 Paper.—
2160 3462 55 21 Forty
2220 3462 85 23 shillings
2310 3469 35 17 per
2354 3470 76 18 annum,
2441 3473 46 15 nay-

1893 3484 40 17 able
1939 3484 20 16 in
1965 3484 82 17 advance
2051 3488 5 15 ;
2067 3487 20 12 or
2093 3487 35 12 one
2134 3483 76 21 shilling
2215 3485 29 16 for
2249 3485 60 21 single
2314 3488 94 18 numbers.

1914 3511 212 17 Advertisements.—
2126 3510 31 17 Six
2166 3511 48 17 lines
2224 3513 38 16 and
2272 3513 65 21 under,
2348 3516 25 16 3s.
2381 3516 30 18 6d.
2416 3517 30 18 for
2451 3518 35 17 the

1892 3532 41 17 first
1942 3532 95 19 insertion,
2049 3532 36 16 and
2096 3535 35 13 one
2141 3532 75 22 shilling
2221 3533 29 16 for
2256 3534 45 17 each
2307 3536 113 19 subsequent
2425 3539 63 17 inser-

1893 3553 49 19 tion;
1953 3553 48 16 from
2007 3553 30 16 six
2044 3553 19 15 to
2069 3554 31 14 ten
2107 3552 53 20 lines,
2167 3553 36 17 five
2209 3553 86 23 shillings
2305 3556 30 17 for
2345 3558 32 16 the
2387 3558 40 17 first
2444 3560 39 17 and

1893 3578 35 13 one
1938 3574 76 20 shilling
2024 3574 37 15 and
2070 3573 86 21 sixpence
2166 3574 29 17 for
2206 3575 44 17 each
2260 3577 113 21 subsequent
2382 3579 90 18 insertion
2478 3586 5 3 -

1893 3595 57 16 above
1960 3596 31 15 ten
2001 3595 54 18 lines,
2066 3594 36 16 five
2112 3594 85 21 shillings
2207 3596 29 16 for
2246 3596 31 18 ths
2286 3598 41 17 first
2338 3600 32 16 ten
2378 3600 56 20 lines,
2445 3603 39 16 and

1892 3616 98 20 fourpence
1996 3619 33 16 per
2034 3615 37 16 line
2077 3615 30 16 for
2112 3615 32 16 the
2151 3620 63 13 excess
2220 3617 22 17 of
2249 3618 41 17 that
2296 3621 87 17 number:
2394 3622 38 18 and
2439 3624 45 16 two-

1892 3640 58 17 pence
1956 3641 32 16 per
1992 3636 40 16 line
2037 3635 29 17 for
2071 3636 46 16 each
2124 3636 112 21 subsequent
2239 3638 97 19 insertion.

1914 3664 156 17 Advertisements
2076 3663 39 17 -will
2121 3665 33 15 not
2159 3668 66 17 appear
2234 3666 21 17 in
2265 3667 33 17 the
2307 3669 80 19 ensuing
2396 3671 88 17 number,

1893 3685 17 16 if
1917 3685 84 17 received
2006 3685 48 16 later
2060 3684 45 17 than
2117 3685 19 16 10
2143 3684 73 23 o'clock,
2223 3691 50 17 a.m.,
2280 3693 23 13 on
2310 3690 32 16 the
2349 3692 94 19 mornings
2449 3692 34 17 be-

1892 3706 39 16 fore
1943 3706 120 21 pnbhcation.
2083 3706 158 19 Advertisements
2253 3709 40 17 will
2302 3711 23 16 be
2336 3712 100 18 continued
2443 3714 39 16 and

1893 3727 78 21 charged
1981 3726 50 16 until
2039 3727 166 21 counter-orderedi
2216 3730 46 16 such
2269 3730 53 18 order
2327 3734 51 15 must
2384 3734 23 16 be
2414 3736 42 15 sent
2462 3735 21 16 to

1893 3747 31 17 the
1934 3748 55 16 Office
2001 3748 36 15 two
2056 3748 44 20 days
2118 3748 61 17 before
2188 3750 119 22 publication,
2319 3753 37 17 and
2366 3756 51 15 must
2426 3756 23 18 be
2459 3756 22 16 In

1893 3769 79 20 writing.
1995 3768 157 18 Advertisements
2165 3771 83 17 received
2266 3772 53 22 after
2336 3775 22 16 10
2372 3774 69 19 o'clock
2455 3781 27 12 on

1893 3789 84 21 Tuesday
1989 3789 38 16 and
2036 3789 66 21 Friday
2113 3791 94 21 mornings
2217 3793 39 17 will
2265 3794 23 17 be
2300 3794 78 21 charged
2388 3796 53 18 twice
2449 3797 34 17 the

1893 3810 54 16 usual
1953 3811 53 15 rates.
2460 3824 5 5 .
2482 3824 3 3 .

1914 3836 31 17 All
1951 3837 67 20 orders,
2029 3836 157 23 advertisements,
2197 3840 37 17 and
2245 3842 165 19 communications
2420 3845 21 16 to
2451 3845 33 17 the

1893 3857 69 21 Editor,
1968 3862 31 12 are
2006 3859 96 19 requested
2109 3862 19 14 to
2135 3860 21 16 be
2162 3861 99 18 addressed
2267 3864 18 14 to
2292 3863 38 17 this
2337 3864 61 17 Office.

1427 127 169 21 Allotments
1611 126 31 22 of
1658 127 85 20 Land.
1757 140 3 6 ,

1290 153 89 48 FOR
1392 153 87 27 SALE,
1497 153 127 22 allotments
1639 153 27 21 of
1681 152 52 22 land
1745 159 28 15 on
1787 152 32 22 Te
1830 152 47 22 Aro

1348 179 58 27 Hat,
1416 178 54 22 with
1479 179 113 28 frontages
1601 183 22 17 to
1634 179 63 22 Cuba
1706 179 171 22 andGhuznee-

1289 209 86 19 streets.
1404 206 44 22 No.
1460 206 26 20 of
1497 213 57 19 acre,
1567 207 46 20 154.

1315 232 46 22 For
1368 232 66 27 plans
1443 232 46 22 and
1498 232 137 28 particulars,
1647 232 68 27 apply
1725 234 23 20 to
1860 247 3 4 -
1879 251 2 5 ,

1608 260 3 8 '
1696 259 30 21 A.
1742 258 106 22 Ludlam.

1315 284 159 28 Willis-street,
1485 285 53 22 Jan.
1548 287 33 25 12,
1594 287 61 21 1842.
1815 298 4 4 -

1284 343 5 5 .
1310 345 2 5 ,
1355 345 2 4 .
1528 329 102 21 Bricks.

1289 355 140 49 BRICKS
1440 362 28 15 on
1482 355 51 22 Sale
1541 356 31 27 by
1581 355 37 23 the
1628 355 152 28 undersigned
1793 358 22 18 at
1829 356 45 21 60s.

1351 388 39 21 per
1400 383 61 20 1000.
1491 382 26 21 If
1522 382 67 22 taken
1597 382 24 22 in
1631 383 121 27 quantities
1759 382 25 22 of
1792 383 82 26 15,000,

1289 416 14 14 a
1310 407 117 23 reduction
1436 407 26 23 of
1468 409 46 21 10s.
1524 416 39 19 per
1573 411 53 20 1000
1635 409 46 22 will
1689 409 28 21 be
1724 409 73 22 made.

1314 435 78 21 Terms
1392 446 29 4 —
1421 433 54 23 cash
1484 442 31 14 on
1524 435 98 28 delivery
1629 439 25 19 at
1663 435 38 23 the
1711 435 55 23 kiln.

1695 462 30 22 A.
1740 462 106 22 Ludlam.

1315 487 160 28 Willis-street,
1485 487 53 23 Jan.
1548 489 33 26 12,
1593 489 61 21 1842.

1456 532 44 20 Ex

1296 564 158 23 TOHNSON
1467 564 48 22 and
1528 565 111 22 MOORE
1651 565 59 23 have
1716 566 48 28 just
1771 564 104 24 received

1289 587 25 26 «l
1329 609 3 4 .
1352 591 37 22 the
1399 591 116 27 following
1523 592 76 27 goods,
1609 592 37 22 viz
1655 600 5 14 :
1661 603 29 5 —

1505 625 156 22 DRAPERY.

1316 651 21 22 A
1355 654 64 24 great
1434 651 87 28 variety
1539 652 26 22 of
1578 660 99 15 summer
1693 653 105 27 ribbons;
1816 653 56 27 lace,

1288 677 48 28 silk,
1347 677 88 23 French
1444 678 46 27 kid,
1500 678 45 22 and
1554 679 63 21 other
1625 679 85 28 gloves,
1740 693 3 2 ■

1314 705 109 27 Parasols,
1434 704 44 22 silk
1486 705 127 28 umbrellas,
1630 706 68 22 black
1711 706 43 23 silk
1761 705 113 24 handker-

1288 731 76 27 chiefs,

1313 757 110 23 Jacconet
1437 757 103 28 muslins,
1557 758 82 22 bobbin
1656 762 47 25 net,
1721 767 14 15 a
1748 760 86 27 variety
1851 759 25 22 of

1287 784 56 27 lace,
1354 784 111 28 quillings,
1479 785 98 27 edgings,
1588 786 75 26 satins,
1677 787 40 20 &c.

1314 811 38 21 An
1371 814 135 20 assortment
1522 812 25 21 of
1563 811 45 23 fine
1625 813 59 28 baby
1700 813 67 28 lined,
1783 813 91 23 dressed

1288 837 62 27 dolls,
1533 853 8 7 v

1314 864 66 27 Long
1387 863 68 28 cloth,
1466 864 88 27 calicos,
1565 865 77 28 prints,
1658 865 108 29 sheeting,
1777 870 67 24 stays,

1314 891 78 22 Gents,
1404 891 63 22 frock
1484 891 47 23 and
1546 888 60 26 dres3
1622 893 113 27 superfine
1752 897 59 19 coats
1828 893 45 23 and

1287 921 107 24 trowsers,

1314 944 78 22 Gents,
1404 944 60 22 cloth
1472 952 54 24 caps
1536 945 44 22 and
1588 945 126 23 Dunstable
1723 946 58 29 hats,

1313 971 23 21 A
1345 971 86 28 variety
1439 971 25 22 of
1470 972 124 22 waistcoats
1601 973 45 21 and
1655 980 99 15 summer
1764 977 107 19 trowsers.

1510 1005 145 23 HOSIERY.

1313 1031 116 28 Superfine
1451 1032 35 22 W.
1507 1035 75 20 cotton
1604 1033 54 22 hose
1679 1034 45 22 and
1742 1034 51 22 half
1809 1034 61 27 hose,

1287 1058 119 22 children's
1425 1060 64 21 socks
1508 1059 44 22 and
1569 1060 91 22 infants'
1683 1061 95 21 worsted
1800 1061 70 28 boots,

1286 1085 130 22 lambswool
1433 1086 46 21 and
1496 1086 96 22 worsted
1609 1086 54 22 hose
1682 1088 46 21 and
1745 1088 50 22 half
1809 1088 61 27 hose,

1287 1112 92 27 Witney.
1386 1112 110 28 blankets,
1506 1112 56 28 pilot
1568 1116 60 19 coats
1638 1114 46 21 and
1690 1117 109 20 trowsers.

1446 1146 267 24 HABERDASHERY.

1313 1172 54 28 Silk,
1379 1175 82 24 cotton,
1473 1173 86 26 thread,
1570 1174 103 27 worsted,

1312 1200 61 27 Pins,
1390 1199 99 28 needles,
1506 1199 101 28 bodkins,
1623 1201 83 22 ribbon
1724 1202 46 22 and
1786 1202 84 23 bobbin

1287 1227 59 26 wire,

1311 1253 69 28 Tape,
1389 1253 68 28 laces,
1467 1253 86 27 braces,
1564 1253 98 28 buttons,
1674 1255 40 22 &c.
1722 1255 40 22 &c.

1481 1287 200 23 PERFUMERY.

1312 1314 22 21 A
1343 1317 64 24 great
1414 1314 86 28 variety
1508 1314 26 22 of
1539 1314 91 22 scented
1637 1321 73 21 soaps,
1715 1316 156 28 metropolitan

1286 1340 94 28 shaving
1388 1348 68 25 soap^
1460 1342 73 21 bear's
1541 1348 84 20 grease,

1311 1368 116 22 Macassar
1436 1368 36 28 oil,
1481 1368 88 28 curling
1577 1368 61 27 fluid,
1649 1371 64 19 court
1721 1369 88 28 plaster,

1311 1394 125 22 Circassian
1455 1395 46 22 and
1519 1395 125 22 Damascus
1663 1402 82 21 cream,
1764 1397 107 23 lavender

1286 1424 74 24 water,

1310 1448 125 27 Vegetable
1445 1456 92 15 essence
1549 1449 26 21 of
1583 1449 47 27 oils,
1642 1449 42 23 &c.
1695 1449 41 23 &c.

1311 1475 65 27 Hair,
1388 1475 101 28 shaving,
1501 1476 46 21 and
1557 1476 61 22 tooth
1625 1476 102 23 brushes.

1476 1509 205 23 STATIONERY.

1310 1535 76 28 Single
1396 1535 46 22 and
1451 1535 82 23 double
1540 1536 87 28 ledgers
1635 1537 46 22 and
1691 1540 96 19 account
1792 1538 77 28 books,

1283 1566 50 24 post
1347 1563 45 21 and
1408 1563 100 27 foolscap
1524 1571 75 20 paper,
1609 1564 87 26 foreign
1713 1564 65 23 letter
1794 1573 75 19 paper,

1284 1589 96 27 packing
1392 1596 69 20 paper
1471 1590 27 21 of
1508 1590 30 21 all
1547 1590 72 27 kinds,
1630 1591 73 28 quills,
1714 1591 47 28 ink,
1776 1592 93 28 pencils,

1284 1616 84 27 wafers,
1380 1616 55 22 steel
1444 1623 64 21 pens,
1520 1618 40 21 &c.
1570 1618 39 22 &c.

1479 1650 196 24 HARDWARE.

1308 1676 23 22 A
1340 1676 43 23 few
1392 1683 50 15 new
1451 1681 80 23 patent
1539 1677 40 22 hot
1588 1677 30 22 oil
1630 1678 138 23 economical
1776 1678 79 29 lamps,

1310 1703 75 27 Single
1395 1703 45 23 and
1451 1703 82 23 double
1547 1704 51 22 flint
1607 1705 47 22 and
1666 1706 129 27 percussion
1804 1714 65 20 guns,

1283 1730 90 28 powder
1381 1731 45 21 and
1436 1731 57 27 shot,

1308 1757 59 22 Boat
1376 1757 65 28 nails,
1450 1758 34 27 pit
1493 1765 44 15 saw
1546 1757 55 28 files,
1611 1758 99 28 bellows,
1721 1759 46 22 and
1778 1759 92 28 general

1282 1783 122 23 hardware.

1305 1811 42 26 .An
1364 1814 135 20 assortment
1514 1811 25 22 of
1549 1811 45 22 fine
1611 1815 40 19 cut
1667 1812 60 27 glass
1747 1813 121 28 decanters,

1282 1838 113 27 tumblers,
1406 1839 75 26 wines,
1493 1838 156 28 champagnes,
1660 1840 87 27 clarets,
1756 1841 40 21 &c.
1807 1841 40 22 &c.

1309 1865 156 28 Handsomely
1474 1865 109 22 mounted
1594 1865 33 22 ale
1633 1867 60 26 jugs,

1308 1892 131 27 Mahogany
1450 1893 72 26 swing
1531 1892 64 28 pillar
1603 1893 93 27 looking
1705 1893 89 28 glasses,
1806 1895 40 21 &c.

1308 1919 73 27 Large
1395 1919 52 22 blue
1463 1919 70 23 beads
1547 1919 34 22 for
1597 1920 77 22 native
1691 1921 69 27 trade,
1778 1921 91 22 tobacco

1282 1945 69 28 pipes.

1477 1972 197 23 PROVISIONS.

1308 1998 56 22 Fine
1373 1998 74 22 North
1456 1998 68 22 Wilts
1533 1999 45 21 and
1587 1999 77 22 Dutch
1675 1999 84 28 cheese,

1308 2025 86 27 Butter,
1405 2025 53 27 rice,
1468 2025 87 22 bottled
1565 2026 70 27 fruits,

1308 2052 89 27 Capers,
1406 2059 84 20 sauces,
1501 2052 93 28 pickles,
1602 2053 109 27 mustard,
1721 2053 113 28 blacking.

1443 2086 267 23 MISCELLANEOUS.

1307 2112 74 22 Men's
1390 2112 47 22 and
1443 2113 107 22 women's
1560 2116 59 19 stout
1628 2114 64 21 boots
1703 2114 45 22 and
1755 2114 72 28 shoes,

1308 2139 115 27 Complete
1459 2140 111 21 medicine
1606 2140 75 22 chests
1716 2142 151 27 (warranted),

1282 2166 98 27 strongly
1387 2166 175 23 recommended
1571 2170 23 19 to
1604 2168 101 26 captains
1713 2168 44 21 and
1768 2168 99 28 whalers,

1308 2192 91 23 Seidlitz
1409 2194 108 27 powders,
1527 2194 145 27 effervescing
1681 2194 118 23 lemonade
1809 2203 60 20 pow-

1282 2220 56 26 ders,

1307 2247 96 27 Violins,
1413 2247 69 27 bows,
1493 2247 45 22 and
1548 2248 87 27 strings,

1308 2274 115 26 Congreve
1433 2274 107 28 matches,
1552 2275 66 22 twine
1628 2275 47 22 and
1684 2276 96 28 packing
1790 2276 60 28 cord,

1308 2301 22 22 A
1338 2302 85 26 variety
1433 2301 26 22 of
1464 2301 106 28 brushes,'
1574 2302 70 28 paint,
1653 2302 66 23 white
1729 2302 56 28 lead,

1307 2328 181 22 Anti-corrosive
1508 2329 70 27 paint,
1601 2330 136 27 turpentine,
1762 2330 107 28 painters'

1280 2355 94 22 brushes
1385 2355 45 22 and
1439 2356 121 26 materials,

1307 2382 153 27 Agricultural
1476 2382 149 28 implements,
1642 2383 78 28 turnip
1735 2387 90 23 cutters,
1839 2385 30 22 oil

1280 2417 68 21 press,
1360 2409 41 32 &p.
1412 2410 41 21 &c.

1308 2436 106 28 Captains
1430 2436 27 22 of
1467 2436 69 28 ships,
1552 2436 91 28 traders,
1655 2436 45 22 and
1717 2437 85 23 dealers
1817 2446 52 21 sup-

1280 2463 60 28 plied
1350 2470 30 15 on
1390 2463 78 22 liberal
1479 2466 75 19 terms.

1270 2504 2 10 '
1288 2508 85 22 TUST
1401 2507 134 28 OPENED,
1560 2508 40 22 BY
1627 2508 144 24 JOHNSON
1801 2511 67 22 AND

1280 2533 26 24 O
1332 2535 112 23 MOORE
1453 2543 36 13 :—

1307 2563 116 28 Superfine
1433 2562 98 22 London
1539 2561 82 23 beaver
1630 2562 58 29 hats,

1307 2589 116 28 Superfine
1441 2589 53 22 blue
1514 2588 46 23 and
1576 2589 68 23 black
1661 2590 62 23 dress
1742 2591 45 23 and
1805 2592 63 23 frock

1281 2620 67 23 coats,

1307 2643 116 28 Superfine
1445 2642 69 24 black
1535 2643 142 28 kerseymere
1698 2647 103 21 trowsers
1823 2647 46 22 and

1281 2674 64 23 vests,

1307 2697 116 28 Superfine
1432 2697 68 22 black
1508 2697 46 22 and
1562 2697 68 29 fancy
1637 2698 107 23 coloured
1753 2699 42 22 silk
1801 2703 66 25 vests,

1307 2725 22 21 A
1340 2725 43 21 few
1391 2725 60 27 pairs
1461 2725 27 21 of
1498 2727 73 24 gents,
1581 2725 100 28 dancing
1688 2733 88 21 pumps,

1307 2751 82 27 White,
1401 2751 89 22 French
1500 2752 61 26 drab,
1571 2752 45 21 and
1625 2752 67 22 black
1701 2753 40 22 kid
1749 2754 84 27 gloves,

1308 2778 126 22 Children's
1442 2778 74 28 socks,
1526 2778 67 23 -white
1608 2779 47 22 and
1669 2780 111 28 coloured,
1792 2784 76 20 cotton

1282 2805 44 22 and
1334 2805 103 27 worsted,

1270 2835 2 18 '.
1308 2832 119 22 Excellent
1435 2831 111 23 moleskin
1555 2832 54 23 suits
1619 2833 119 29 complete,

1270 2855 2 29 !
1307 2859 76 22 Men's
1392 2859 60 22 duck
1461 2859 75 22 frocks
1546 2859 45 22 and
1599 2862 109 26 trowsers,
1717 2862 81 23 Scotch
1808 2870 59 21 caps,

1308 2886 75 22 Men's
1392 2885 83 22 fustian
1482 2886 89 27 jackets
1580 2886 46 23 and
1635 2890 110 26 trowsers,

1307 2913 95 27 Rowing
1413 2913 45 21 and
1465 2916 88 24 regatta
1562 2913 72 28 shirts,
1645 2914 41 22 red
1698 2915 96 23 woollen
1805 2916 61 29 ditto,

1308 2940 80 27 Prints,
1399 2940 80 27 linens,
1491 2940 103 28 flannels,
1602 2948 72 21 serge,
1681 2942 77 23 brown
1768 2943 99 29 holland,

1281 2967 109 27 nankeen,
1401 2967 66 22 black
1477 2967 80 27 glazed
1566 2967 76 29 calico,

1284 3003 4 10 t
1307 2994 81 22 Ladies
1397 2997 66 19 straw
1472 2994 103 26 bonnets,
1586 2999 72 23 gents.
1671 2996 124 23 Dunstable
1809 2997 58 23 hats.

1307 3021 119 22 Attention
1436 3021 19 22 is
1461 3021 87 22 invited
1559 3025 21 18 to
1595 3022 37 21 the
1642 3026 79 24 patent
1731 3025 137 22 economical

1281 3047 45 22 Hot
1336 3048 37 21 Oil
1383 3047 78 29 Lamp,
1473 3048 27 21 of
1511 3048 72 23 which
1594 3056 12 15 a
1620 3048 90 23 limited
1723 3051 95 22 number
1830 3059 37 15 are

1280 3074 115 33 imported.
1425 3075 21 21 It
1461 3074 70 23 burns
1545 3075 38 22 the
1599 3079 58 18 most
1672 3084 104 15 common
1786 3078 36 27 oil,
1833 3086 35 14 re-

1280 3109 73 41 ?[uires
1362 3109 30 14 no
1403 3102 123 27 trimming,
1534 3102 45 22 and
1585 3103 110 27 produces
1704 3104 39 21 the
1750 3109 59 18 most
1815 3106 53 22 bril-

1290 3130 46 20 iant
1344 3128 58 28 light
1411 3129 26 21 of
1447 3136 46 20 any
1501 3129 63 27 lamp
1572 3134 39 23 yet
1619 3130 117 22 invented.

1287 3173 86 21 TUST
1386 3173 159 22 RECEIVED
1562 3177 23 18 at
1594 3174 37 22 the
1642 3175 76 22 Stores
1735 3175 26 23 of
1772 3176 39 22 the
1824 3184 43 15 un-

1280 3196 26 26 O
1329 3200 125 27 dersigned,
1466 3207 29 15 ex
1503 3201 114 21 Mandarin
1624 3209 5 14 :
1631 3213 29 4 —

1307 3226 108 33 Splendid
1425 3226 73 23 China
1506 3228 59 22 satin
1574 3228 87 28 shawls,

1305 3253 83 28 Richly
1406 3254 155 23 embroidered
1579 3255 115 23 cashmere
1711 3256 86 30 shawls,
1813 3258 54 29 long

1279 3280 89 27 fringes,

1305 3307 73 28 Equel
1387 3307 61 27 gimp
1457 3307 111 23 bordered
1577 3308 87 29 shawls,

1305 3334 73 27 Large
1387 3334 93 22 harness
1489 3335 46 21 and
1543 3335 58 23 flush
1613 3336 88 28 shawls,

1305 3360 160 23 Embroidered
1471 3361 179 28 handkerchiefs,
1660 3371 88 17 narrow
1755 3365 111 24 bordered

1305 3389 38 20 6-4
1352 3387 76 27 thibet,
1441 3388 122 29 cashmere,
1574 3390 46 22 and
1628 3391 108 23 Norwich
1745 3393 61 28 gimp
1814 3394 51 22 bor-

1279 3414 67 22 dered
1354 3414 180 29 handkerchiefs,

1306 3441 78 22 Gents,
1394 3441 135 29 beautifully
1538 3443 152 24 embroidered
1703 3450 92 25 cravats,

1305 3469 21 21 A
1332 3468 62 27 large
1404 3472 134 19 assortment
1547 3470 26 22 of
1578 3471 77 23 ladies'
1665 3475 68 26 stays,

1305 3495 87 22 French
1402 3495 45 22 and
1456 3495 84 23 British
1549 3497 81 23 double
1641 3499 78 23 twill'd
1728 3501 106 27 merinos,

1304 3521 35 23 De
1358 3521 67 28 lame,
1442 3522 101 29 simease,
1562 3527 84 26 sateen,
1666 3526 46 22 and
1729 3527 136 28 Neapolitan

1277 3548 92 27 dresses,

1304 3574 102 28 Figured,
1418 3575 70 28 plain,
1500 3577 46 22 and
1554 3577 90 28 printed
1651 3586 104 22 saxonys,

1304 3602 57 22 Rich
1371 3602 87 27 figured
1465 3603 63 22 Irish
1536 3605 95 28 poplins,

1305 3629 45 26 Cap
1366 3629 46 21 and
1426 3629 88 23 bonnet
1526 3631 97 28 ribbons,
1640 3631 56 30 lace,
1713 3641 71 20 gauze
1793 3634 72 24 hand-

1277 3655 110 23 kerchiefs
1397 3655 45 23 and
1451 3657 64 26 veils,

1305 3682 65 22 India
1388 3682 44 22 silk
1449 3682 181 31 handkerchiefs,
1649 3685 78 28 gloves
1747 3688 46 22 and
1815 3695 50 21 per-

1276 3709 93 27 fumery,

1304 3735 95 23 London
1409 3735 75 23 chintz
1494 3737 110 23 furniture
1614 3739 79 27 prints,

1304 3763 20 22 A
1333 3763 61 27 large
1406 3767 134 19 assortment
1549 3765 25 21 of
1580 3765 33 27 pit
1622 3772 46 16 saw
1678 3767 56 27 files,
1745 3774 68 22 rasps,
1823 3769 40 22 &c.

1613 3800 113 22 William
1736 3802 74 23 Lyon.

1304 3824 187 28 Lambton-quay,
1501 3833 80 15 corner
1590 3826 26 22 of
1623 3826 158 30 Willis-street,

1442 3852 102 28 January
1552 3855 21 26 2,
1585 3854 61 21 1842.

1277 3897 160 47 BARLEY,
1455 3897 45 23 and
1512 3898 78 29 barley
1599 3899 47 23 and
1660 3900 75 22 wheat
1751 3904 64 20 straw
1830 3902 35 23 for

1352 3924 53 22 sale.

1303 3976 17 8 „
1347 3975 5 9 ,
1465 3977 17 7 „
1666 3955 77 24 James
1756 3956 81 23 Watt.

1303 3977 150 27 Bcrhampore
1464 3977 74 29 Farm,
1551 3980 50 22 Oct.
1611 3982 35 25 28,
1658 3982 61 21 1811.
