2529 4020
1884 143 33 22 for
1925 144 89 28 leaving
2022 145 38 22 the
2066 149 101 24 country.
2197 147 21 21 It
2224 148 20 22 is
2251 156 13 14 a
2272 151 77 25 period
2357 151 23 22 in
2388 152 71 23 which

1885 172 37 19 the
1931 172 69 20 credit
2010 172 26 21 of
2041 172 135 22 individuals
2191 175 96 26 requires
2296 179 23 19 to
2327 177 27 22 be
2362 177 97 24 handled

1884 196 52 21 with
1944 200 57 19 most
2010 198 97 26 peculiar
2113 198 110 28 delicacy;
2234 201 24 20 in
2269 201 70 23 which
2345 203 36 23 the
2386 205 73 21 affairs

1884 223 24 34 pf
1919 223 39 21 the
1968 223 87 27 trading
2068 225 45 21 and
2127 225 133 23 industrious
2274 231 133 26 community
2416 238 43 15 can
2486 245 2 8 ,

1884 248 42 21 less
1939 248 54 22 than
2003 257 53 14 ever
2063 250 54 22 bear
2127 252 64 20 to-be
2203 253 95 26 exposed
2307 258 22 18 to
2338 255 36 22 the
2383 257 75 22 world.

1884 274 53 21 And
1946 275 70 31 verily
2023 276 19 21 it
2050 276 19 21 is
2079 283 29 14 no
2122 277 57 27 light
2188 278 159 24 consideration
2357 281 45 23 that
2413 283 19 23 it
2439 283 20 22 is

1884 306 14 14 a
1910 301 77 26 period
2001 308 24 15 in
2041 302 70 22 which
2128 304 83 27 society
2223 305 19 20 is
2260 312 59 15 more
2338 307 50 22 than
2406 316 53 15 ever

1885 325 100 27 divided,
1986 328 48 21 into
2047 330 117 25 great-and
2179 330 124 28 conflicting
2316 333 84 26 parties,
2406 335 54 23 -and

1885 353 67 24 (what
1960 353 20 21 is
1990 360 55 15 even
2056 356 78 24 worse)
2145 355 118 23 distracted
2277 358 29 26 by
2317 358 37 21 the
2363 359 96 24 collision

1885 378 24 21 of
1920 379 85 22 classes.
2035 380 63 26 Now,
2110 389 61 14 more
2187 382 53 22 than
2256 390 59 21 ever,
2324 385 71 21 would
2404 387 20 21 it
2432 387 27 22 be

1883 405 78 21 fearful
1971 409 22 18 to
2004 413 79 21 expose
2099 406 37 23 the
2150 408 47 21 rich
2212 415 52 16 man
2280 412 22 19 to
2317 410 38 22 the
2365 411 95 29 hostility

1884 431 24 21 of
1922 431 35 21 his
1972 439 79 19 poorer,
2065 433 134 27 neighbour:
2215 442 25 15 or
2256 441 57 17 even
2327 440 24 19 to
2366 437 67 23 throw
2446 446 14 14 a

1884 457 69 27 single
1972 457 120 23 additional
2105 458 90 28 subject'
2210 461 29 21 of
2250 462 116 28 animosity
2380 471 81 21 among

1884 483 136 23 combatants
2030 485 26 21 of
2060 485 38 22 the
2108 493 60 14 same
2178 486 62 23 class!.

1910 510 27 21 In
1947 516 67 21 every
2022 518 48 21 way
2078 511 39 22 the
2127 514 112 26 operation
2249 513 27 22 of
2287 521 29 15 an
2326 515 134 24 income-tax

1884 536 43 21 will
1941 543 50 15 now
2006 537 27 21 be
2046 544 61 15 more
2123 539 107 26 injurious
2249 539 54 22 than
2322 548 51 15 ever
2385 542 17 21 it
2416 550 44 15 was

1884 561 80 27 during
1972 562 37 22 the
2018 571 51 14 war.
2098 564 47 22 The
2153 565 185 28 forgetfulnessvrf
2345 568 59 23 those
2411 569 49 22 who

1884 594 53 16 once
1945 588 42 22 felt
1987 600 27 5 —
2016 589 35 22 the
2067 591 93 22 careless
2175 592 117 27 ignorance
2302 593 25 22 of
2339 594 61 21 those
2410 595 49 22 who

1883 614 55 22 have
1948 622 70 16 never
2026 615 68 22 taken
2103 617 36 22 the
2150 619 118 21 trouble-to
2279 619 60 22 learn
2352 620 57 22 what
2416 629 44 14 was

1882 640 37 22 the
1936 642 107 26 practical
2059 643 114 26 operation
2188 645 24 21 of
2219 653 38 15 .an
2270 645 149 29 income-tax,,
2423 654 37 15 are

1884 666 35 22 the
1938 667 53 26 only
2003 674 76 16 causes
2089 668 96 28 through
2202 671 70 22 which
2287 671 37 22 the
2341 673 119 26 dangerous

1883 694 100 27 proposal
1986 714 10 10 N
1994 695 25 21 of
2032 695 34 21 Sir
2075 695 86 21 Robert
2171 696 51 22 Peel
2232 704 41 14 can
2284 699 73 21 obtain
2367 707 94 15 success.

1884 719 48 23 One
1941 720 56 22 hour
2006 721 26 21 of
2037 720 38 22 the
2085 721 83 27 feeling
2183 723 25 21 of
2221 725 53 20 1816
2284 725 72 21 would
2363 727 98 26 paralyse

1883 746 36 22 the
1929 754 49 14 arm
1992 747 25 21 of
2030 747 34 21 his
2081 747 158 28 Government,
2254 749 45 22 aud
2317 751 36 21 the
2366 753 95 21 reckless

1882 774 103 27 majority
1993 774 31 27 by
2033 773 70 22 which
2114 775 18 21 it
2145 775 19 21 is
2182 775 124 28 supported.
2335 777 22 21 It
2364 777 55 23 shall
2433 779 28 21 be

1883 806 39 14 our
1931 800 45 21 aim
1992 802 22 19 to
2032 800 74 22 revive
2122 800 37 22 the
2175 799 87 29 feeling.
2291 801 40 23 We
2346 803 54 22 have
2411 812 52 14 ever

1883 826 152 22 endeavoured
2050 829 22 19 to
2087 827 92 27 impress
2195 835 27 15 on
2239 835 41 15 our
2295 829 88 21 readers
2399 831 74 21 those'

1881 852 97 26 primary
1988 852 53 22 evils
2051 853 25 21 of
2087 860 28 14 an
2126 854 135 22 income-tax
2271 854 72 22 which
2353 862 30 14 we
2395 856 67 22 know

1882 876 57 23 have
1960 879 56 21 been
2035 882 58 18 most
2107 880 79 27 deeply
2203 881 46 26 felt,
2265 881 45 22 and
2325 881 70 22 which
2409 883 18 21 it
2444 883 19 21 is

1882 907 57 18 most
1949 912 51 19 easy
2012 909 21 17 to
2045 906 64 21 make
2120 906 59 22 them
2190 907 142 22 understand.
2360 908 44 22 But
2409 909 54 27 they

1883 937 35 14 are
1928 934 40 18 not
1979 931 27 21 all
2007 942 28 4 —
2035 931 53 25 they
2098 939 36 14 are
2143 936 41 18 not
2193 941 54 13 even
2257 934 36 21 the
2303 937 56 19 most
2371 935 92 22 formid-

1884 956 47 23 able
1945 957 33 24 ,of
1992 958 38 21 the
2049 958 146 22 mischievous
2214 967 160 20 consequences
2391 962 25 21 of
2431 969 30 15 an-

1882 982 272 30 income-tax.—rMprning
2166 986 113 21 Chronicle.

1908 1017 75 21 Trial
1993 1024 26 15 of
2030 1025 45 14 one
2086 1025 27 15 of
2123 1026 45 14 the
2176 1026 60 14 crew
2248 1026 27 15 of
2281 1026 45 15 the

1883 1042 86 22 Brown
2007 1052 44 14 for
2065 1044 199 23 Manslaughter.
2265 1057 29 4 —
2298 1047 54 21 This
2367 1047 98 27 singular

1883 1076 56 19 case,
1953 1069 77 28 which,
2043 1078 31 14 we
2090 1070 93 28 believe,
2194 1071 18 22 is
2228 1072 35 22 the
2273 1073 47 21 first
2329 1073 26 21 of
2364 1073 36 22 the
2410 1074 56 22 kind

1882 1095 47 22 that
1938 1096 40 22 has
1979 1108 3 17 :
1988 1104 52 14 ever
2048 1097 62 21 been-
2117 1097 56 22 tried
2188 1098 23 22 in
2228 1106 13 14 a
2256 1099 68 22 Court
2334 1100 25 21 of
2369 1099 91 28 Justice,
2482 1119 3 5 ,

1884 1122 69 21 either
1967 1123 23 21 in
2005 1123 44 22 this
2067 1127 93 24 country
2176 1132 23 13 or
2216 1125 111 27 America,
2347 1126 39 21 has
2404 1127 58 21 been
2480 1134 2 4 ■

1882 1148 70 22 heard
1960 1149 77 22 before
2052 1149 85 27 Judges
2153 1150 98 23 Baldwin
2267 1152 46 22 and
2329 1152 99 27 Randall,
2440 1153 23 22 in

1882 1174 36 22 the
1928 1175 83 22 United
2020 1177 72 21 States
2100 1177 83 21 Circuit
2190 1177 73 27 Court,
2273 1181 22 18 at
2304 1178 157 28 Philadelphia.

1883 1201 45 21 The
1938 1201 106 28 prisoner,
2061 1202 29 22 A.
2101 1202 35 22 W.
2147 1203 101 27 Holmes,
2266 1211 42 15 one
2323 1205 25 21 of
2359 1205 35 21 the
2406 1213 57 15 crew

1884 1228 25 20 of
1918 1228 38 21 the
1969 1229 92 20 William
2067 1230 83 25 Brown,
2162 1230 62 21 stood
2233 1230 96 27 charged
2338 1231 50 21 with
2397 1239 64 14 man-

1884 1254 110 27 slaughter
2005 1263 28 14 on
2044 1256 36 21 the
2095 1255 53 27 high
2164 1263 54 15 seas.
2246 1257 47 22 The
2310 1257 70 22 vessel
2394 1259 70 21 sailed

1883 1280 56 22 from
1950 1282 42 20 this
2007 1285 50 24 port
2070 1282 35 21 for
2121 1283 159 27 Philadelphia,
2291 1290 29 15 on
2334 1283 37 22 the
2381 1285 50 21 12th
2440 1285 26 21 of

1884 1307 87 27 March,
1983 1309 59 21 1841.
2072 1309 36 21 On
2120 1309 37 21 the
2168 1309 62 26 night
2243 1311 25 19 of
2279 1309 37 23 the
2331 1310 50 22 19th
2391 1311 72 27 April,

1884 1333 62 22 when
1958 1334 67 22 about
2033 1337 40 19 250
2083 1335 63 21 miles
2159 1335 55 22 from
2232 1336 180 27 Newfoundland,
2424 1337 39 21 she

1884 1360 80 26 struck,
1976 1368 23 14 as
2009 1362 18 20 is
2037 1362 116 26 supposed,
2167 1369 27 14 on
2206 1370 28 14 an
2249 1362 71 22 island
2331 1363 26 21 of
2366 1363 40 26 ice,
2420 1364 45 21 and

1884 1387 90 31 sunken
1985 1394 28 15 an
2022 1388 63 21 hour.
2114 1388 130 32 Thirty-one
2255 1396 95 20 persons,
2364 1389 45 21 who
2418 1389 47 23 had.

1883 1414 114 21 remained
2008 1422 28 14 on
2050 1415 77 27 board,
2137 1415 108 27 perished.
2275 1415 33 22 Of
2319 1416 34 21 the
2369 1417 96 21 remain-

1885 1439 37 22 der
1932 1440 26 21 of
1969 1440 37 22 the
2014 1448 131 20 passengers
2155 1442 43 20 and
2206 1442 83 26 sailors,
2298 1443 110 26 forty-two
2418 1443 47 21 had

1883 1469 37 23 got
1937 1467 47 21 into
2002 1463 38 26 trie
2059 1468 123 27 long-boat,
2199 1468 44 22 and
2258 1468 36 21 the
2312 1468 84 28 captain
2411 1469 54 21 with

1885 1492 60 27 eight
1955 1493 25 21 of
1990 1493 35 22 his
2037 1501 57 14 crew
2110 1494 45 21 and
2172 1502 13 14 a
2198 1502 118 20 passenger
2330 1502 54 14 were
2393 1496 24 20 in
2426 1496 38 21 the

1880 1519 127 27 jolly-boat.
2037 1520 36 21 On
2084 1520 37 22 the
2130 1520 113 28 following
2250 1522 103 26 morning
2360 1521 35 21 the
2403 1522 63 21 boats

1886 1546 114 27 separated
2010 1550 23 18 to
2043 1546 65 23 make
2118 1547 37 22 the
2166 1548 48 21 best
2223 1548 24 21 of
2254 1547 58 22 their
2322 1555 46 19 way
2376 1551 21 18 to
2403 1548 60 27 land,

1885 1572 43 21 and
1944 1580 24 13 so
1984 1573 103 22 crowded
2101 1581 45 14 was
2169 1574 36 21 the
2219 1574 54 27 long
2293 1574 52 22 boat
2363 1574 47 22 that
2427 1575 38 21 the

1884 1602 66 23 mate,
1959 1602 23 18 at
1991 1600 94 27 parting,
2094 1600 47 21 said
2152 1603 21 18 to
2183 1600 36 23 the
2230 1600 87 28 captain
2327 1600 47 22 that
2381 1600 29 22 he
2420 1609 45 14 saw

1885 1632 29 15 no
1929 1626 130 22 alternative
2079 1626 34 22 for
2130 1626 59 22 them
2204 1628 40 21 but
2258 1629 22 19 to
2296 1631 47 18 cast
2360 1626 41 23 lots
2416 1628 49 21 who

1885 1652 78 22 should
1979 1660 28 19 go
2025 1660 57 15 over.
2117 1653 114 27 Although
2245 1653 37 22 the
2296 1661 45 14 sea'
2350 1661 42 14 was
2407 1654 58 22 calm

1884 1678 74 27 baling
1972 1686 44 15 was
2032 1680 123 26 constantly
2171 1687 129 20 necessary;
2317 1681 38 20 but
2370 1683 22 18 at
2401 1680 65 27 night

1885 1704 36 23 the
1931 1706 61 21 wind
2000 1706 124 27 freshened,
2136 1706 43 22 and
2195 1707 37 21 the
2247 1707 47 20 rain
2311 1714 44 15 was
2369 1706 95 28 violent;

1885 1731 37 22 the
1931 1732 53 21 boat
1992 1732 87 28 leaked,
2089 1733 45 22 and
2143 1733 38 21 the
2188 1740 70 15 waves
2266 1740 58 15 were
2331 1733 80 22 dashed
2416 1734 49 21 into

1884 1758 24 26 it,
1920 1766 24 14 so
1960 1758 53 27 that,
2030 1760 119 26 according
2164 1762 22 18 to
2204 1760 36 21 the
2259 1760 108 21 witnesses
2380 1760 36 21 for
2428 1760 38 21 the

1885 1784 100 28 defence,
1997 1786 38 21 the
2052 1786 82 27 danger
2150 1793 43 15 was
2206 1790 63 24 great
2283 1786 44 22 and
2341 1786 124 27 inevitable,

1885 1811 104 27 although
1998 1812 62 22 those
2070 1813 34 21 for
2118 1813 37 22 the
2170 1812 138 28 prosecution
2322 1812 37 22 did
2369 1817 38 17 not
2424 1813 38 21 be-

1884 1837 57 23 lieve
1952 1839 19 20 it
1980 1842 22 17 to
2012 1840 27 21 be
2057 1840 122 21 imminent.
2208 1840 22 21 It
2239 1846 77 20 seems,
2327 1839 105 27 however,
2443 1843 23 18 to

1885 1864 55 23 have
1957 1866 58 21 been
2035 1866 108 22 admitted
2157 1873 28 14 on
2201 1866 36 21 all'
2246 1866 71 22 hands
2333 1866 32 26 (at
2378 1865 55 22 least
2447 1866 20 21 it

1885 1898 42 15 was
1944 1896 40 17 not
2000 1892 80 22 denied
2096 1893 30 27 by
2139 1893 39 22 the
2191 1894 112 20 witnesses
2317 1892 33 21 for
2364 1892 38 22 the
2415 1900 52 20 pro-
2483 1900 10 11 •-

1885 1919 108 26 secutlon)
2018 1919 49 22 that
2093 1920 37 21 the
2157 1920 52 21 boat
2235 1926 45 15 was
2305 1919 92 26 sinking,
2421 1919 46 21 and
2483 1930 8 8 ■>

1886 1944 46 23 that
1941 1945 38 22 the
1988 1946 103 26 gunwale
2102 1953 46 15 was
2156 1946 75 22 within
2240 1949 42 18 two
2296 1946 77 21 inches
2388 1946 26 21 of
2425 1946 38 21 the

1885 1972 85 21 water's
1979 1972 63 28 edge.
2072 1973 29 22 In
2112 1973 44 21 this
2167 1972 123 26 extremity,
2303 1972 36 22 the
2350 1972 65 22 awful
2425 1979 39 15 ex-

1884 1998 92 26 pedient
1985 2000 25 20 of
2021 1999 127 27 lightening
2156 1999 38 22 the
2206 2000 52 21 boat
2272 1999 30 25 by
2312 1999 36 21 the
2359 1998 109 27 throwing

1885 2031 50 14 over
1955 2024 25 22 of
1996 2032 130 20 passengers
2145 2033 45 14 was
2204 2025 111 22 resorted.
2321 2028 27 24 to,
2368 2025 50 27 and,
2438 2032 30 15 on

1885 2050 35 22 the
1931 2051 112 28 following
2054 2053 109 26 morning,
2176 2051 128 22 two'others
2314 2059 55 14 were
2380 2050 86 23 thrown

1884 2084 51 15 over
1945 2085 5 19 ;
1968 2078 39 22 but
2026 2080 30 26 by
2077 2079 71 22 whom
2162 2078 51 22 does
2229 2080 40 19 not
2283 2085 80 20 appear
2379 2081 22 18 to
2411 2078 57 21 have

1884 2104 56 22 been
1952 2104 153 28 satisfactorily
2115 2104 91 29 proved,
2223 2112 62 14 some
2301 2104 105 28 swearing
2421 2104 48 23 that

1885 2131 16 20 it
1911 2139 44 14 was
1965 2139 40 14 one
2015 2132 130 26 individual,
2157 2139 58 14 some
2225 2131 101 22 another.
2360 2131 47 22 The
2418 2138 49 15 case

1885 2165 42 14 was
1939 2159 91 27 warmly
2040 2159 83 26 argued
2132 2166 30 14 on
2172 2158 53 22 both
2234 2158 65 25 sides,
2315 2158 37 21 the
2365 2165 103 20 prosecu-

1885 2184 44 22 tion
1939 2185 139 27 contending
2087 2185 49 22 that
2145 2193 29 14 no
2191 2193 48 14 case
2256 2184 26 22 of
2292 2184 120 23 inevitable
2427 2192 40 15 ne-

1885 2212 78 26 cessity
1974 2212 45 21 had
2028 2212 57 21 been
2096 2212 64 21 made
2178 2216 48 22 out;
2243 2211 44 22 and
2307 2212 48 21 that
2367 2211 43 24 .the
2425 2212 44 21 law
2483 2225 3 8 ,

1885 2238 88 26 applied
1982 2242 22 17 to
2016 2238 62 22 those
2088 2246 62 15 cases
2160 2238 66 22 much
2237 2245 61 14 more
2309 2242 95 18 extreme
2414 2238 55 21 than

1886 2264 48 22 this.
1964 2265 47 22 The
2023 2265 91 22 defence
2125 2264 106 28 alledged,
2243 2265 48 21 that
2299 2264 51 28 they
2359 2264 45 22 had
2411 2265 57 27 fully

1887 2291 133 22 established
2030 2299 14 14 a
2058 2299 50 15 case
2120 2292 26 21 of
2156 2292 119 21 inevitable
2291 2291 114 27 necessity,
2423 2291 47 22 and

1886 2318 60 21 there
1965 2318 18 21 is
1999 2326 67 20 every
2080 2318 151 28 presumption
2240 2321 31 18 'to
2285 2318 91 26 believe,
2393 2319 49 21 that
2450 2318 22 21 if

1887 2344 51 27 they
1948 2345 43 21 had
2000 2349 39 18 not
2047 2346 98 21 resorted
2157 2349 21 17 to
2188 2344 37 23 the
2240 2344 147 28 melancholly
2402 2345 67 21 alter-

1885 2373 73 20 native
1971 2372 24 21 of
2007 2372 109 27 throwing
2125 2379 60 14 some
2197 2371 121 22 overboard
2332 2371 51 33 they
2392 2371 75 22 would

1886 2398 28 22 all
1924 2398 57 22 have
1991 2398 124 28 inevitably
2131 2398 109 28 perished.
2285 2398 60 22 Here
2361 2398 37 21 the
2418 2405 50 14 case

1887 2425 79 27 rested,
1983 2426 64 21 when
2063 2426 36 21 the
2119 2426 73 26 Judge
2205 2425 96 26 charged
2314 2425 36 21 the
2353 2433 3 4 1
2362 2425 51 27 jury
2421 2425 50 21 that

1887 2451 36 22 the
1934 2452 120 26 obligation
2065 2452 26 21 of
2101 2452 37 22 the
2149 2452 86 24 captain
2246 2451 44 22 and
2301 2458 55 15 crew
2366 2455 21 17 to
2403 2458 65 20 carry

1886 2477 38 23 the
1939 2486 129 20 passengers
2080 2480 46 21 safe
2141 2478 108 23 extended
2266 2485 55 14 even
2333 2482 20 17 to
2364 2485 12 14 a
2386 2485 49 14 case
2446 2478 27 21 of

1887 2505 53 22 such
1955 2506 119 21 imminent
2092 2506 63 28 peril,
2174 2506 43 21 and
2231 2505 56 27 they
2297 2512 57 14 were
2364 2505 73 21 bound
2446 2508 32 18 to-

1887 2532 97 21 sacrifice
1994 2532 58 22 their
2061 2540 49 17 own
2126 2532 62 26 lives,
2206 2532 20 21 if
2244 2539 122 19 necessary,
2382 2531 36 22 for
2433 2531 39 22 the

1887 2560 149 25 preservation
2056 2559 26 21 of
2101 2560 38 21 the
2158 2561 51 21 rest.
2247 2558 47 21 The
2313 2558 58 27 jury,
2387 2558 56 21 after
2458 2565 14 14 a

1887 2586 147 22 consultation
2055 2586 25 21 of
2101 2589 82 23 twenty
2201 2585 76 26 hours/
2293 2585 71 21 found
2378 2584 95 22 Holmes

1885 2614 75 25 guilty,
1978 2612 41 23 but
2032 2612 157 28 unanimously
2198 2611 183 22 reccommended
2388 2611 48 22 him
2446 2614 23 18 to

1888 2640 36 22 the
1932 2647 76 19 mercy
2018 2640 26 21 of
2054 2639 37 22 the
2103 2640 74 21 Court.
2219 2638 74 27 Judge
2308 2638 101 22 Baldwin
2423 2637 50 22 said

1887 2667 47 22 that
1952 2666 57 22 their
2028 2665 204 23 recommendation
2251 2665 80 21 should
2337 2668 2 6 1
2352 2665 64 21 have'
2433 2664 39 21 the
2472 2667 4 8 1

1887 2693 181 27 mostrespectful
2077 2692 169 24 consideration.
2247 2703 28 3 —
2276 2692 108 26 Liverpool
2394 2692 78 20 Times.

1913 2725 61 21 How
1983 2732 28 14 to
2027 2725 109 21 Destroy
2153 2724 62 22 R*ts
2231 2731 46 14 and
2291 2723 64 22 Mice
2366 2731 24 14 in
2407 2723 65 22 Corn

1888 2752 91 22 Stacks.
1981 2763 28 4 —
2009 2752 48 21 The
2061 2751 114 25 following
2180 2757 48 15 sure
2233 2750 93 22 method
2329 2757 43 14 was
2378 2749 97 27 adopted

1887 2779 29 27 by
1926 2779 39 21 the
1974 2779 45 21 late
2029 2779 45 21 Mr.
2090 2778 60 22 John
2162 2778 91 26 Gibson,
2265 2777 25 21 of
2303 2776 96 23 Milbeck
2409 2776 63 26 Hall,

1889 2806 110 26 Keswick,
2016 2805 45 22 and
2069 2805 19 21 is
2097 2804 45 22 still
2153 2803 120 23 continued
2287 2804 29 26 by
2325 2803 34 22 his
2369 2810 47 20 son,
2427 2803 46 22 Mr.

1888 2833 84 27 Joseph
1983 2832 90 27 Gibson,
2091 2832 25 21 of
2127 2832 39 21 the
2181 2838 59 15 same
2255 2830 71 27 place,
2341 2829 52 23 with
2407 2836 69 15 never

1887 2859 79 28 failing
1983 2866 94 15 success.
2107 2859 22 21 It
2142 2858 20 22 is
2178 2857 163 27 accomplished
2354 2857 30 26 by
2394 2856 81 27 simply

1889 2886 88 27 driving
1986 2886 24 22 in
2021 2893 13 14 a
2044 2886 43 21 few
2096 2884 162 28 hedge-stakes,
2270 2887 23 18 at
2299 2884 66 21 about
2370 2883 50 22 four
2428 2882 47 22 feet

1889 2913 106 26 distance,
2006 2912 74 22 round
2089 2912 37 21 the
2136 2911 61 22 stack
2202 2910 108 22 intended
2317 2913 21 18 to
2344 2910 27 21 be
2381 2908 93 27 housed,

1888 2940 43 22 and
1943 2940 83 27 having
2034 2947 13 13 a
2058 2939 93 21 woollen
2162 2945 26 14 or
2195 2937 61 22 linen
2265 2937 53 27 web,
2331 2936 24 22 of
2361 2936 68 22 about
2439 2936 40 21 six-

1887 2967 49 22 ths
1949 2974 25 14 or
1983 2965 202 26 seven-4ths'wide,
2201 2971 59 20 upon
2273 2963 39 22 the
2322 2962 78 28 stakes,
2417 2970 23 14 so
2451 2969 35 15 as-

1888 2996 22 19 to
1927 2994 29 21 be
1971 2992 108 31 perfectly
2089 2992 59 22 close
2167 2995 23 18 at
2204 2993 37 19 the
2255 2990 93 27 bottom,
2364 2989 25 22 of
2402 2989 74 22 which

1888 3021 119 26 particular
2018 3026 49 15 care
2073 3022 61 18 must
2143 3018 28 22 be
2178 3018 73 25 taken,
2260 3016 24 22 in
2293 3017 64 22 order
2363 3016 48 22 that
2416 3023 60 14 none

1888 3047 24 22 of
1922 3047 37 21 the
1971 3047 84 21 vermin
2070 3053 51 19 may
2131 3052 65 20 creep
2204 3046 73 20 under
2286 3043 38 22 the
2334 3042 61 23 folds.
2425 3043 23 21 It
2457 3042 20 22 is

1889 3073 82 23 certain
1980 3073 49 21 that
2037 3079 59 15 none
2107 3072 45 21 will
2166 3073 92 32 attempt
2266 3073 23 19 to
2300 3070 64 22 climb
2374 3077 52 15 over
2436 3069 39 22 the

1889 3104 42 24 top,
1943 3100 75 22 and'it
2026 3102 93 19 matters
2127 3102 42 18 not
2178 3098 98 22 whether
2285 3097 53 27 they
2347 3104 36 15 are
2394 3097 83 34 fifty'or

1888 3127 43 23 five
1948 3124 104 25 hvindred
2062 3126 78 21 within
2156 3125 37 22 the
2209 3124 103 22 enclosed
2329 3131 56 14 area.
2414 3123 64 27 They

1888 3154 44 22 will
1943 3153 29 23 all
1982 3153 100 28 be-quite
2092 3152 54 22 safe.
2176 3152 37 21 An
2223 3152 73 21 active
2309 3151 37 22 lad
2351 3150 48 24 .and
2410 3150 67 27 a'd.og
2491 3151 2 5 '

1889 3188 52 21 may
1950 3181 70 26 easily
2039 3180 87 27 destroy
2142 3186 45 20 any
2197 3178 104 27 ordinary
2315 3177 101 27 number,
2432 3177 45 22 and

1889 3207 27 23 he
1926 3211 60 19 must
1996 3208 27 21 be
2034 3214 13 14 a
2058 3206 85 27 clumsy
2153 3205 72 22 fellow
2234 3205 21 22 if
2263 3205 28 22 he
2300 3204 45 23 lose
2356 3211 41 15 one
2408 3206 39 19 out
2453 3203 27 21 of

1889 3242 13 14 a
1915 3234 111 22 hundred.
2054 3234 23 21 A
2087 3234 43 20 few
2144 3232 140 27 neighbours,
2301 3232 32 27 by
2339 3230 138 26 subscribing

1889 3262 68 22 about
1965 3263 32 20 2s.
2007 3261 36 22 6d.
2059 3260 56 22 each
2129 3259 71 27 might
2207 3262 39 24 get
2261 3265 30 15 an
2301 3258 74 22 article
2385 3261 23 18 at
2424 3256 48 23 lOd.

1889 3296 13 14 a
1910 3288 57 28 yard
1976 3288 50 22 that
2030 3286 75 23 would
2113 3293 63 15 serve
2186 3285 65 25 them,
2256 3285 30 22 all
2295 3286 36 21 for
2339 3286 26 21 20
2373 3291 69 20 years.

1916 3316 23 21 A
1954 3315 50 22 Rat
2019 3315 150 21 Barrack.—
2171 3313 43 21 Mr.
2225 3312 94 27 Russell,
2333 3312 34 21 the
2378 3311 99 22 eminent

1888 3342 112 31 provision
2019 3341 117 22 merchant
2155 3340 26 21 of
2197 3339 118 27 Limerick,
2333 3338 47 28 has,
2386 3345 14 14 a

2019 3375 28 15 on
2063 3367 34 22 his
2111 3367 112 28 premises.
2253 3366 22 21 It
2284 3366 19 21 is
2318 3365 75 23 about.
2397 3363 78 23 twelve
2491 3384 3 3 .

1889 3396 46 22 feet
1945 3396 54 26 long
2005 3395 46 22 and
2059 3394 35 22 six
2101 3394 47 22 feet
2155 3393 77 27 broad,
2243 3392 42 22 and
2296 3392 37 21 the
2342 3390 60 23 walls
2407 3392 69 19 about

1888 3423 51 22 four
1948 3423 47 21 feet
2002 3421 63 28 high,
2077 3421 54 23 with
2148 3428 14 14 a
2172 3420 80 28 coping
2267 3422 63 18 stone
2343 3425 28 14 on
2381 3417 37 21 the
2428 3420 46 23 top,

1889 3449 49 23 that
1945 3449 98 28 projects
2057 3456 14 14 a
2085 3447 79 28 couple
2173 3447 26 22 of
2212 3447 45 21 feet
2270 3444 69 23 inside
2349 3444 37 21 the
2397 3444 50 21 wall
2447 3454 29 4 —

1889 3477 37 21 the
1936 3476 72 22 inside
2020 3476 31 21 'of
2062 3474 39 23 the
2116 3474 51 23 wall
2177 3475 18 21 is
2211 3472 40 22 full
2261 3472 25 21 of
2297 3471 60 22 holes
2366 3470 48 22 that
2426 3470 50 27 just

1890 3503 71 23 admit
1975 3510 14 14 a
2002 3502 57 23 rat's
2079 3501 67 28 body,
2158 3500 87 24 leaving
2259 3498 35 22 his
2310 3498 38 21 tail
2362 3498 96 21 outside-
2458 3503 19 10 I-

1889 3530 38 23 the
1938 3529 70 23 whole
2023 3529 19 22 is
2051 3529 97 22 covered
2162 3527 49 22 with
2221 3525 37 22 old
2268 3524 93 22 board—
2366 3523 61 23 there
2436 3531 40 16 are
2491 3538 3 17 ;

1890 3561 43 19 two
1943 3564 103 21 passages
2061 3556 34 22 for
2105 3555 59 23 them
2179 3557 21 18 to
2212 3559 63 15 come
2286 3551 85 22 outside
2380 3552 46 21 into
2436 3551 40 22 the

1889 3584 64 27 yard,
1964 3581 74 25 where
2048 3583 100 27 theyare
2163 3580 36 22 fed
2209 3579 45 22 and
2268 3585 69 15 never
2349 3578 126 27 disturbed;

1889 3611 38 23 the
1939 3617 153 18 consequence
2101 3609 25 28 is,
2138 3608 50 26 they
2198 3613 68 15 never
2278 3612 29 20 go
2316 3606 46 21 into
2372 3604 33 23 his
2419 3607 58 20 store

1890 3638 74 22 where
1979 3638 38 22 the
2033 3638 70 21 bacon
2120 3637 102 20 is—once
2238 3639 67 21 every
2315 3632 60 22 three
2385 3632 91 21 months

1889 3665 29 23 he
1929 3665 71 23 closes
2010 3664 37 23 the
2058 3663 62 23 holes
2134 3661 49 22 that
2192 3660 163 22 communicate
2360 3659 6 4 '
2373 3658 51 22 with
2438 3658 39 21 the

1889 3692 58 27 yard
1973 3691 29 23 he
2019 3696 109 18 uncovers
2142 3688 38 22 the
2195 3686 69 27 walls,
2275 3686 42 22 and
2335 3686 38 21 the
2386 3687 46 20 rats
2446 3684 32 23 all

1890 3726 43 16 run
1943 3719 49 22 into
2001 3718 38 22 the
2049 3716 62 23 holes
2124 3715 25 21 in
2164 3714 36 22 the
2212 3713 65 24 .walls
2284 3721 7 18 ;
2305 3712 57 22 their
2376 3711 50 22 tails
2439 3719 40 15 are

2092 3742 87 25 yrhen-a
2189 3747 51 15 man
2249 3747 55 20 goes
2319 3739 30 27 in,
2360 3738 63 23 takes
2433 3745 44 16 one

1891 3773 29 26 by
1938 3780 42 15 one
1997 3773 28 26 by
2042 3771 38 21 the
2094 3769 58 26 tails,
2163 3768 53 22 and.
2224 3767 85 24 throws,
2323 3766 74 22 them]
2402 3765 48 23 into
2465 3773 22 14 a.

1890 3799 81 27 barrel,
1984 3799 68 22 .when
2068 3795 53 28 they
2137 3802 37 15 ars
2190 3794 30 22 all
2235 3792 122 29 destroyed,
2413 3792 67 23 leav©

1888 3832 65 16 room
1962 3825 35 22 for
2005 3832 14 15 a
2028 3822 60 24 fresh
2099 3822 111 28 supply.—
2211 3822 83 26 y4r?»*.
2319 3830 17 21 ;j
2350 3846 12 8 
2406 3825 45 30 ■./'

1917 3858 49 21 The
1974 3855 113 23 Auckland
2094 3854 108 22 Standard
2210 3853 51 22 asks
2270 3853 20 21 if
2296 3851 19 23 is
2324 3851 19 23 is
2352 3854 39 20 not
2400 3859 14 15 a
2424 3851 54 27 fact,

1891 3885 50 21 that
1948 3884 79 28 people
2038 3884 86 20 arc-not
2133 3879 153 24 more'sliber&l
2299 3879 26 22 in
2335 3875 156 26 th'eir^advice".

1892 3915 23 18 to
1932 3911 84 22 editors
2030 3909 54 22 than
2101 3908 54 23 with
2170 3914 88 20 money.
2287 3905 42 22 We
2344 3912 46 21 say,
2407 3904 14 11 B
2426 3904 65 27 Y<

1893 3938 34 22 'tis
1938 3945 31 20 so,
1981 3936 46 24 and
2035 3936 47 29 pity
2097 3935 34 22 'tis
2143 3935 35 22 'tis

70 111 172 22 ■ygSngSS—TI
321 111 6 6 ■

82 139 48 23 The
139 137 101 28 prisoner,
255 132 67 26 being
337 130 71 22 called
425 138 60 20 upon
502 131 39 21 for.
546 131 35 21 his
586 137 5 10 ■'
596 130 39 22 de-

57 168 63 21 fence
139 161 80 24 said'he
229 159 43 23 had
281 157 81 26 always
377 156 103 23 behaved
494 157 51 22 well
550 165 36 14 an
597 158 38 21 the

57 192 75 23 Prison
152 191 37 20 but
196 185 52 24 both
257 182 91 28 jiimself
353 183 47 22 and
407 183 38 22 the
453 184 63 21 other
525 183 110 27 prisoners

58 225 55 15 were
122 216 38 22 left
169 215 21 21 in
200 220 13 14 a
226 213 61 25 groat
304 212 55 19 state
376 210 26 21 of
414 210 129 22 destitution
556 210 26 22 in
597 210 38 22 the
639 221 2 5 -

59 243 56 23 Gaol
120 242 38 26 (no
164 238 128 26 cbvering'at
299 236 71 28 night,
378 244 29 15 no
414 236 64 23 shoes
485 236 147 27 orclothing,)

55 270 29 21 he
99 275 43 15 was
159 264 93 23 induced
259 278 2 12 ;
269 265 23 18 to
311 263 66 22 make
396 262 33 22 his
446 270 86 23 escape^
539 262 50 22 that
607 262 27 23 he

54 294 70 27 might
133 287 53 27 earn'
191 290 37 22 his'
234 289 77 27 living,
321 289 80 26 which.
403 289 30 22 he
440 296 47 20 ,was
496 288 69 28 doing
568 288 65 23 when
639 300 2 5 •

55 317 267 32 apprehended.-^GwiWy.
351 315 66 28 Aged
426 316 34 22 23.

81 346 46 22 Tha
137 342 59 29 Jury'
200 342 173 23 recommended
384 349 28 14 an
426 342 94 27 enquiry
532 342 50 21 into
597 342 36 22 the

53 373 117 22 statement
178 370 25 21 of
210 370 37 21 the
256 369 107 28 prisoner,
374 376 24 13 as
412 368 50 22 well
479 375 23 14 as
513 371 22 18 to
544 368 89 27 general

53 402 54 20 state
116 397 26 22 of
150 396 34 23 the
195 396 64 22 Gaol.

80 424 46 22 The
133 422 73 28 Judge
212 423 47 22 said
268 422 38 22 the
312 424 89 26 request
406 420 79 23 should
494 421 28 21 be
528 421 107 23 attended

53 455 23 19 to
87 459 4 14 :
109 449 35 22 his
154 449 85 27 Honor,
246 449 24 22 in
275 448 90 28 passing
370 451 111 23 sentence,
489 446 49 23 said
548 448 36 21 the
590 448 44 27 pri-

53 483 74 17 soners
139 474 61 25 were'
205 480 38 17 not
257 479 23 18 to
290 474 52 23 take
351 474 125 27 advantage
486 474 27 21 of
523 474 38 22 the
573 474 61 23 weak

53 506 53 20 state
111 502 26 22 of
140 502 37 23 the
183 502 57 22 Gaol
243 510 7 24 j
261 502 27 21 its
292 501 123 27 insecurity
419 508 44 15 was
467 508 30 14 no
502 500 93 23 defence
600 501 35 22 for

53 530 37 22 the
96 529 68 22 crime
170 529 33 21 for
206 528 72 22 which
284 528 37 22 the
326 528 98 26 prisoner
428 535 44 14 was
478 527 70 22 found
551 527 71 28 guilty
627 536 5 19 ;

53 563 39 15 nor
106 563 45 14 was
165 554 109 28 behaving
279 554 61 23 -well
355 555 23 21 in
400 554 75 28 prison
492 561 44 20 any
555 554 78 23 virtue.

52 582 46 23 The
107 582 109 26 prisoners
227 587 60 21 .wore
300 581 75 22 bound
385 584 23 19 to
417 580 58 27 obey
483 580 38 22 the
541 581 93 22 law'and

52 608 84 27 strictly
146 608 97 23 conform
257 611 22 18 to
288 607 38 22 the
325 609 5 5 1
341 610 113 24 sentence,
469 607 63 22 there
548 615 43 15 was
604 615 29 14 no

53 635 71 24 merit,
165 634 65 27 doing
234 635 54 27 .this,
302 633 50 23 'arid
365 633 111 23 therefore
487 634 65 22 could
567 634 28 21 be
604 641 29 14 no

52 660 90 33 reward^
153 661 40 22 but
200 662 21 23 if
227 661 54 27 they
288 659 70 24 failed
368 664 23 18 to
401 660 28 22 do
438 660 49 27 this,
500 660 52 28 they
561 660 72 23 would

51 688 28 22 be
87 686 114 29 punished!
230 687 50 24 Hisi
287 687 82 22 Honor
383 687 79 27 added,
464 698 28 4 —
492 687 47 22 The
554 687 79 27 Fudge-

52 716 61 20 ment
122 714 27 21 of
154 713 110 29 theCojUrt
273 713 114 32 upbn'yoii
396 713 98 22 Thomas
504 713 94 22 Larkins
606 714 25 26 is,

52 741 47 22 that
108 747 45 20 you
161 740 27 21 be
196 739 55 27 kept
260 742 22 19 to
288 735 59 26 liar'd
357 739 79 22 labour
446 740 34 21 for
489 740 144 23 three.calan-

52 768 40 21 dep
100 765 100 27 months,'
205 766 44 21 and
258 766 90 21 sixteen'
353 766 55 27 days
422 766 122 22 additional
553 767 35 21 for
597 767 36 22 the

50 793 77 28 period
135 791 108 29 youVere
253 795 23 19 at
283 793 61 26 large
351 793 10 26 ;'
369 791 48 23 that
426 800 44 19 you
478 800 45 20 pay
533 801 13 13 a
554 793 46 21 fine
611 794 25 21 of

50 821 42 21 five
106 819 85 28 pounds
200 822 22 18 to
239 819 39 21 her
294 819 99 28 Majesty
450 819 84 26 Queen,
552 820 44 21 and
605 820 27 21 be

49 846 85 22 further
139 845 132 28 imprisoned
280 845 56 22 until
344 845 106 22 such'fine
459 847 28 20 be
498 846 57 27 paid.
579 846 54 22 This

50 872 104 23 sentence
165 876 21 18 to
196 879 126 16 commence
332 876 23 18 at
369 872 37 22 the
416 873 78 27 period
503 872 64 22 when
577 880 56 20 your

50 901 80 20 former
139 897 103 24 sentence
252 898 59 22 shall
319 899 82 28 expire.

78 925 78 22 Before
172 925 90 27 making
277 932 30 20 up
322 925 38 22 the
379 926 85 26 record,
479 925 36 22 his
534 925 97 22 Honour
637 937 3 4 -

52 953 103 21 directed,
157 952 37 22 the
204 952 66 22 Clerk
280 952 25 22 of
317 951 36 22 the
365 953 68 21 Court
441 952 48 22 that
499 959 24 13 so
534 951 66 22 much
610 953 26 20 of

51 979 37 22 the
98 982 103 19 sentence
212 986 24 14 as
244 978 84 22 related
337 977 27 23 to'
372 979 36 21 the
418 978 45 22 fine
478 979 28 21 be
521 977 108 23 remitted.

161 1007 76 19 Brown
255 1012 45 15 was
318 1005 78 26 placed
415 1008 24 18 at
459 1005 36 21 the
514 1004 46 25 bar,
587 1004 44 22 and

50 1033 97 21 indicted
155 1033 35 21 for
208 1031 92 27 stealing
315 1031 122 28 ninety-six
450 1038 50 14 new
515 1030 66 21 shirts
594 1030 37 21 the

50 1062 101 25 property
163 1059 25 21 of
199 1059 86 26 George
296 1057 98 26 Hunter,
404 1057 190 26 Lambton-quay.

77 1085 47 23 The
142 1085 103 28 prisoner,
262 1083 106 27 .previous
377 1085 2 4 '
387 1086 22 18 to
428 1083 67 26 being
518 1084 67 24 given
608 1082 23 22 in

51 1111 79 27 charge
139 1115 22 17 to
170 1110 37 22 the
217 1111 59 26 jury,
288 1109 120 21 addressed
417 1108 37 22 the
464 1109 75 26 Court,
549 1108 83 26 stating

50 1141 47 19 that
106 1140 28 19 he
143 1137 44 22 had
196 1137 52 27 only
257 1135 166 28 recently'been
440 1134 134 27 committed,
587 1137 43 20 and

49 1165 46 21 that
103 1165 29 21 he
140 1162 44 24 was'
188 1167 39 18 not
234 1162 108 29 prepared
351 1162 35 22 for
391 1161 34 22 his
431 1162 103 26 defence;
546 1161 85 23 several

48 1193 120 29 important
175 1193 112 19 witnesses
299 1188 65 33 we're^
372 1189 83 26 absent,
470 1188 30 27 by
513 1188 73 22 whom
601 1188 29 22 he

50 1217 71 23 could,
125 1220 94 20 account
227 1217 33 21 for
270 1216 37 22 the
316 1215 123 28 possession
446 1215 26 21 of
477 1217 38 19 the
520 1219 109 23 property,

50 1245 45 21 and
104 1244 72 22 others
186 1248 22 17 to
219 1243 118 26 character,
346 1242 160 22 and'therefore
513 1242 118 27 requested

50 1279 12 14 a
72 1273 167 26 postponement
249 1269 25 23 of
285 1269 33 21 his
329 1269 57 22 trial.

77 1298 47 22 The
134 1297 94 22 learned-
234 1296 79 27 Judge,
324 1295 57 22 after
390 1295 93 27 hearing
499 1295 38 22 the
551 1296 79 21 Crown

50 1325 129 21 Prosecutor
187 1330 59 20 upon
255 1323 37 21 the
302 1323 94 26 subject,
408 1322 122 21 consented
541 1326 20 18 to
572 1324 59 25 post-

49 1358 58 21 pone
118 1351 36 21 the
165 1350 47 22 trial
223 1350 54 22 until
285 1349 38 21 the
333 1351 56 19 next
397 1349 90 21 session.
535 1369 8 8 f

257 1388 4 3 ■
427 1375 4 21 ',
443 1398 2 4 ,

83 1409 100 24 Amount
195 1409 25 22 of
231 1409 51 30 paid
294 1408 167 30 Subscription,
475 1407 121 31 published
606 1408 25 23 in

51 1442 136 31 yesterday's
200 1441 99 23 Colonist
459 1442 69 22 £291
565 1443 16 21 0
615 1443 15 21 0

52 1476 28 24 In
88 1475 143 30 addition,-up
240 1480 22 18 to
270 1475 38 22 the
316 1473 70 24 Bank
393 1474 68 22 hours

85 1508 24 23 of
118 1508 97 24 thelßth
226 1508 101 24 instant:
330 1520 33 3 —

52 1542 46 23 Mr.
113 1541 27 24 F.
159 1541 103 24 Mitchell
283 1536 74 27 ...V.
467 1537 8 26 '.
515 1542 15 21 0
565 1543 15 21 5
616 1542 15 21 0

52 1574 45 24 Mr.
113 1574 100 24 M'Leod
516 1575 13 22 1
565 1576 16 20 0
615 1576 16 20 0

116 1631 4 13 :
460 1640 72 24 £292
565 1643 16 21 5
616 1642 15 21 0

84 1680 180 31 Subscriptions.
271 1678 117 31 promised
403 1678 25 23 in
440 1678 99 31 .specific
559 1686 70 21 sums,

51 1713 107 31 expected
175 1717 22 19 to
216 1713 28 23 be
255 1712 52 31 paid
319 1711 69 32 early,
408 1711 44 23 and
464 1711 65 23 when
541 1720 33 21 so,
593 1711 38 23 the

51 1747 83 31 parties
145 1754 77 15 names
234 1746 43 23 will
289 1745 28 23 be
334 1744 128 32 published,
474 1745 55 24 £46
542 1747 35 22 3s.
591 1744 39 25 6d.

83 1780 115 23 Promises
215 1779 131 23 considered
363 1777 59 32 good
436 1778 94 24 without
547 1778 84 24 certain

50 1821 61 15 sums
123 1812 101 24 attached
234 1817 23 18 to
270 1812 69 28 them,
351 1810 85 31 mostly
447 1815 22 19 to
487 1811 28 23 be
527 1810 103 30 realised,

50 1847 19 22 it
79 1847 19 23 is
110 1845 79 32 hoped,
201 1846 24 22 in
237 1845 37 23 the
287 1852 79 16 course
379 1844 24 23 of
412 1852 14 15 a
436 1845 45 22 few-
490 1844 64 31 days.

84 1879 50 24 The
136 1878 4 10 !
147 1879 132 24 Committee
291 1878 41 23 sits
345 1885 67 23 every
424 1878 43 30 day
474 1882 23 19 at
508 1877 38 24 the
559 1877 72 24 Town

51 1912 57 24 Hall
274 1915 24 19 at
316 1913 30 21 11
360 1911 88 23 o'clock
466 1918 64 22 a.m.,
548 1911 81 28 where,

49 1945 43 23 and
104 1950 23 18 at
139 1945 36 23 the
183 1945 79 28 .Bank,
275 1944 164 24 contributions
447 1944 46 23 will
505 1944 29 23 be
545 1943 86 24 thaiak-

50 1978 57 31 fully
120 1978 107 24 received.

49 2037 56 22 New
120 2037 109 22 Zealand
243 2045 23 14 in
274 2038 74 26 -1842;
368 2045 28 14 or
412 2045 45 14 the
473 2045 95 14 effects
580 2045 26 14 op
617 2045 14 14 a

75 2064 48 21 Bad
148 2064 159 22 Government
332 2071 30 14 on
386 2071 14 14 a
425 2064 66 21 Good
512 2064 117 22 Country.

76 2090 27 22 In
118 2098 14 14 a
146 2090 92 23 Letter
252 2099 28 14 to
301 2098 45 14 the
367 2090 79 22 Right
466 2090 164 23 Honourable

76 2117 64 22 Lord
163 2118 111 25 Stanley,
299 2117 129 22 Principal
448 2118 146 21 Secretary'
605 2125 26 14 of

75 2144 71 22 State
168 2151 41 14 foti
225 2144 50 21 'the
297 2144 129 27 Colonies,'
441 2151 29 14 by
494 2144 22 21 S.
600 2144 29 22 D.

76 2171 103 27 Ma-rtin,
205 2171 71 27 M.D.,
302 2171 131 22 President
458 2179 26 14 of
508 2178 45 15 the
574 2171 57 22 New

74 2197 108 22 Zealand
181 2204 3 4 1
197 2198 151 21 Aborigines'
361 2198 145 21 Protection
520 2200 111 20 Associa-

74 2231 61 20 tion,
147 2232 44 14 AND
212 2232 88 15 LATELY.
320 2232 14 14 A
354 2224 155 22 MAGISTRATE
535 2233 25 13 OF
585 2233 45 14 THE

77 2251 107 22 Colony.'

167 2279 124 25 [Continued
293 2278 63 26 from
365 2278 140 27 num6erty2.J

76 2310 21 22 A
112 2311 49 21 wise
177 2311 151 21 Government
341 2310 73 22 would
431 2311 57 21 have
504 2311 65 21 made
584 2311 19 21 it
618 2318 13 14 a

49 2341 79 17 matter
139 2338 24 21 of
172 2341 133 23 paramount
318 2338 139 26 importance
474 2342 23 16 to
506 2345 77 14 secure
593 2338 37 22 the

47 2367 85 24 respect
140 2365 43 21 and
193 2364 127 22 confidence
329 2364 26 22 of
367 2364 37 22 the
413 2364 74 22 native
499 2364 130 28 population

48 2391 30 27 by
85 2390 89 28 striving
180 2391 23 21 in
212 2398 64 21 every
283 2391 96 27 possible
388 2398 94 14 manner
492 2394 22 18 to
521 2391 108 22 convince

48 2417 61 21 them
118 2416 47 23 that
174 2419 29 20 rib
214 2418 122 26 advantage
343 2418 72 21 would
424 2418 28 22 be
459 2418 68 22 taken
537 2418 26 22 of
570 2418 61 22 them

48 2451 28 14 on
87 2447 92 19 account
187 2445 27 21 of
224 2445 57 21 their
291 2444 149 28 comparative
454 2445 126 26 ignorance,
596 2445 33 21 in-

48 2470 102 28 feriority'
157 2478 23 14 or
315 2482 28 5 —
343 2471 60 23 Tlrat
417 2471 85 22 Justice
516 2471 73 23 would
602 2471 27 22 be

49 2498 117 26 diepensed
176 2500 22 19 to
212 2498 60 22 them
282 2498 53 22 with
345 2506 29 14 an
384 2505 57 15 even
455 2498 67 27 hand,
539 2499 45 21 and
593 2498 36 22 the

48 2527 64 19 same'
119 2524 63 22 Laws
189 2525 157 22 administered
353 2529 21 17 to
382 2525 61 22 them
451 2532 24 14 as
486 2528 22 18 to
515 2525 36 22 the
560 2525 71 22 Euro-

47 2558 73 20 peans.
124 2562 25 5 —
151 2551 72 22 Sound
237 2552 73 27 policy
319 2552 73 22 would
405 2552 58 22 have
473 2552 46 22 also
534 2552 96 22 dictated

47 2577 37 22 the
99 2579 108 26 necessity
221 2579 25 21 of
258 2578 103 27 teaching
375 2579 61 21 them
450 2582 21 18 to
488 2582 87 24 respect
585 2579 44 22 and

47 2604 92 23 observe
149 2605 59 22 these
218 2605 52 22 laws
283 2605 31 28 by
323 2605 38 22 the
372 2607 108 26 certainty
490 2605 26 22 of
524 2605 58 22 their
592 2613 38 20 ap-

46 2631 104 27 plication
158 2632 96 22 whether
259 2632 36 22 for
304 2632 37 22 the
351 2640 94 20 purpose
451 2633 25 21 of
483 2633 147 27 maintaining

46 2658 45 21 and
105 2659 100 26 securing
220 2659 60 22 them
295 2659 25 22 in
337 2659 57 22 their
406 2660 48 27 just
468 2659 75 27 rights,
556 2667 25 15 or
595 2660 34 21 in-

45 2684 86 28 flicting
139 2685 52 22 with
204 2686 104 27 unerring
316 2685 45 23 and
375 2685 113 28 impartial
499 2687 82 27 justice
592 2687 37 22 the

196 2712 71 22 which
281 2713 59 22 such'
351 2713 53 21 laws
415 2713 131 28 demanded,
564 2713 64 23 when

46 2738 109 27 infringed
172 2739 69 22 either
259 2740 31 27 by
304 2740 134 27 aggression'
447 2747 29 15 on
491 2740 39 22 the
544 2743 52 25 part
608 2741 25 21 of

47 2765 88 21 natives'
140 2767 85 26 against
234 2767 85 21 natives
328 2774 26 14 or
367 2767 129 26 Europeans
499 2774 9 21 j
526 2774 23 14 or
560 2767 71 21 Euro-

46 2799 67 20 peans
123 2793 83 25 against
214 2793 87 21 natives
308 2800 24 13 or
340 2792 63 22 other
410 2793 138 27 Europeans.
573 2793 58 23 That

47 2818 38 21 the
99 2818 83 22 officers
191 2819 26 21 of
228 2819 43 21 this
283 2819 153 21 Government
448 2819 59 21 have
521 2819 44 22 lost
574 2819 59 27 sight'

47 2845 26 21 of
78 2844 61 22 these
147 2845 117 31 principle's
276 2846 25 20 in
314 2845 59 21 their
386 2846 134 21 intercourse
530 2846 53 22 with
593 2846 38 22 the

45 2872 85 21 natives
145 2879 18 14 is
172 2872 121 27 unhappily
304 2874 38 20 too'
350 2872 50 21 well
414 2872 81 22 known
506 2875 24 19 to
542 2873 89 27 require

45 2898 68 22 much
123 2898 120 22 discussion
254 2903 20 17 to
280 2905 75 21 prove.
384 2898 47 22 The
442 2899 189 27 correspondence

46 2925 112 21 attatched
176 2928 22 18 to
214 2925 41 22 this
269 2926 66 20 letter
353 2926 64 21 bears
432 2929 36 19 too
484 2927 147 27 unequivocal

46 2952 105 22 evidence
160 2952 25 21 of
191 2952 37 21 the
237 2952 73 28 injury
317 2951 101 23 inflicted
426 2960 28 14 on
465 2953 37 21 the
513 2953 86 22 natives
610 2954 26 22 of

45 2978 43 22 this
99 2978 88 28 Colony,
204 2980 29 26 by
241 2978 129 28 permitting
384 2979 61 22 them
456 2980 53 22 with
523 2980 109 27 impunity

46 3008 24 18 to
80 3006 90 20 commit
188 3013 66 20 every
269 3006 87 27 species'
369 3006 25 21 of
407 3009 97 25 outrage,
525 3010 38 18 not
579 3007 53 27 only

47 3032 88 26 against
144 3039 40 14 one
190 3033 94 21 another
293 3032 41 22 but
339 3032 88 28 against
436 3033 131 27 Europeans
577 3034 53 22 also.

73 3058 48 22 The
131 3058 84 22 officers
224 3060 26 20 of
261 3059 38 21 the
310 3060 154 22 Government
472 3060 53 27 will,
539 3061 12 21 I
563 3060 70 22 doubt

45 3084 45 28 not,'
102 3087 93 26 attempt
203 3089 22 18 to
231 3086 78 27 justify
320 3086 131 22 themselves
462 3090 22 18 to
559 3087 72 23 Lord-

47 3112 56 28 ship,
121 3112 35 22 for
164 3115 43 19 not'
361 3116 31 19 or'
398 3113 92 28 making
505 3121 43 20 any
557 3114 74 23 efforts

47 3141 24 19 to
79 3142 92 25 prevent
179 3139 55 22 such
243 3140 81 21 fearful
336 3147 122 15 massacres
468 3148 24 14 as
502 3140 48 22 that
560 3141 70 22 which

45 3165 41 23 has
99 3166 163 27 recentlybeen
277 3167 142 32 perpetrated
429 3169 22 20 at
459 3167 126 28 Tauranga,
601 3176 29 14 on

47 3192 36 22 the
94 3192 50 28 plea
153 3193 47 22 that
208 3193 38 22 the
256 3193 97 28 military
436 3194 25 21 in
468 3194 45 22 the'
518 3195 85 26 Colony
612 3195 19 22 is

47 3222 36 18 too
93 3220 68 28 weak,
174 3220 100 27 together
280 3220 56 22 with'
342 3220 39 22 the
389 3221 84 26 danger
481 3221 25 21 of
511 3220 73 28 losing
593 3221 38 23 the

46 3246 108 23 influence
259 3251 4 4 '
268 3247 54 27 they
328 3252 4 4 '
339 3247 66 22 think
428 3248 58 21 their
508 3247 122 29 imaginary

47 3274 98 27 strength
163 3274 96 23 enables,
267 3274 38 22 the
321 3275 155 21 Government
494 3277 23 19 to
534 3275 97 22 exercise

48 3307 52 15 over
108 3300 38 23 the
155 3301 131 27 natiyes,in
293 3300 38 22 the
337 3303 68 20 event
410 3301 26 22 of
443 3308 13 15 a
466 3299 80 25 defeat.
572 3301 59 23 Such

47 3329 23 19 at
78 3327 56 23 least
141 3336 56 14 were
207 3328 37 22 the
255 3331 134 24 {arguments
398 3327 61 29 used;
467 3329 25 21 in
502 3328 37 22 the
549 3336 51 14 case
609 3329 26 22 of

46 3360 14 14 a
69 3354 73 22 native
156 3355 80 22 named
246 3354 102 28 MaketuJ
364 3355 50 21 who
423 3362 44 15 was
477 3362 14 14 a
500 3355 62 22 short
577 3355 54 23 time

46 3387 41 20 ago
102 3382 107 22 executed
222 3381 25 23 in
258 3381 125 23 'Auckland
398 3388 30 16 on
444 3385 95 19 account
554 3383 27 21 of
593 3382 38 23 the

46 3406 89 23 murder
153 3409 25 21 of
193 3409 83 22 several
295 3409 131 28 Europeans
444 3411 22 19 at
485 3409 38 21 the
541 3409 60 27 Bay,
609 3410 27 22 of

46 3433 92 28 Islands,
149 3435 65 21 until:
219 3435 36 23 the
264 3436 139 22 inhabitants
414 3435 26 22 of
448 3435 49 22 that
504 3435 65 28 place
579 3443 52 15 con-

46 3460 82 22 vinced
143 3461 59 22 them
212 3463 25 21 of
248 3463 36 22 the
299 3462 134 28 groundless
447 3467 80 17 nature
536 3463 27 22 of
575 3462 58 23 their

46 3486 59 22 fears
125 3487 31 27 by
161 3498 4 3 •
174 3490 112 27 capturing
309 3490 38 22 the
366 3489 114 23 murderer
498 3489 134 23 themselves

47 3513 92 23 without
157 3515 116 23 assistance
290 3516 59 23 from
372 3517 38 21 the
431 3516 101 27 Military
550 3524 25 14 or
595 3516 36 23 the

48 3540 83 22 Police.
158 3541 47 21 The
222 3545 47 19 true
271 3540 5 15 j
283 3550 73 21 cause,
371 3544 111 26 however,
501 3544 26 21 of
539 3543 38 22 the
588 3543 44 22 dis-

47 3566 99 28 graceful
152 3568 42 20 and
203 3569 143 28 temporizing
353 3570 94 23 conduct
454 3571 26 21 of
485 3570 38 22 the
530 3571 101 22 Govern-

48 3597 62 18 ment
121 3593 26 22 in
161 3594 43 22 this
217 3599 90 24 respect,
323 3597 45 22 will
382 3598 29 22 be
420 3597 72 23 found
505 3597 24 22 in
539 3605 14 14 a
569 3601 64 24 great

48 3627 105 15 measure,
162 3624 22 18 to
194 3621 56 22 arise
259 3622 57 22 from
332 3630 14 15 a
359 3624 204 28 precedentwhich
577 3624 56 28 they

47 3646 57 22 have
113 3647 130 22 established
253 3648 23 22 in
284 3656 15 14 a
307 3656 49 16 case
363 3651 25 21 of
392 3651 95 29 robbery
492 3654 26 20 at
523 3651 106 28 Kiapara,

48 3674 46 22 and
107 3674 84 22 several
207 3675 61 21 other
283 3675 117 29 instances,
418 3679 25 21 of
457 3678 175 29 compromising

48 3700 86 28 crimes,
154 3708 28 14 on
197 3700 37 23 the
247 3705 108 24 payment
370 3704 26 21 of
410 3711 14 15 a
440 3705 92 28 penalty
546 3705 33 28 by
592 3705 37 23 the

47 3727 93 28 natives,
154 3728 23 20 in
193 3727 37 22 the
247 3728 67 27 shape
330 3729 26 22 of
365 3735 74 22 grants
448 3733 27 21 of
485 3732 55 23 land
553 3736 25 18 to
593 3732 38 23 the

48 3754 157 27 Government,
221 3754 34 22 for
269 3762 66 26 every
346 3760 88 24 outrage
451 3759 140 28 committed,;
607 3766 25 16 as

47 3780 50 22 well
106 3787 24 15 as
139 3780 56 22 from
205 3780 37 23 the
252 3781 51 27 fact,
315 3783 49 21 that
373 3783 51 28 they
432 3785 52 22 dare
494 3790 39 18 not
541 3787 90 27 quarrel

47 3806 53 22 with
109 3807 38 22 the
156 3807 92 28 natives,
263 3808 50 22 who
321 3809 74 22 would
405 3811 151 30 immediately
566 3813 66 23 insist

46 3840 60 21 upon
121 3834 37 23 the
173 3834 42 22 full
227 3838 105 25 payment
348 3836 27 22 of
385 3837 31 21 all
431 3837 37 23 the
484 3846 83 23 money
580 3848 51 21 pro-

45 3860 71 22 mised
124 3864 29 19 ,to
161 3860 60 22 them
229 3862 36 21 for
280 3862 54 23 land
349 3863 124 28 purchased
486 3865 32 28 by
527 3867 38 22 the
584 3867 49 22 Go-

44 3891 156 19 vernment—a
217 3888 51 22 debt
283 3888 73 24 which
370 3891 38 21 the
424 3892 86 22 natives
528 3897 37 18 too
581 3894 51 23 well

44 3912 66 24 know
119 3915 42 22 and
171 3914 44 23 feel
224 3915 37 22 the
272 3915 159 25 Government
442 3918 18 22 is
470 3919 71 24 not-'irt
552 3928 15 15 a
576 3928 55 15 con-

43 3940 68 22 dition
120 3944 22 20 to
154 3941 112 29 liquidate.
297 3943 29 22 So
336 3944 62 22 often
415 3945 45 22 and
476 3953 23 16 so
508 3947 70 23 much
589 3947 43 24 has

1268 448 3 4 •
1301 438 88 23 Income
1398 441 58 22 Tax.
1457 453 28 4 —
1485 442 47 22 The
1541 443 127 27 imposition
1684 445 26 21 of
1720 452 28 14 an
1757 445 100 23 income-

1275 467 38 19 tax
1320 472 24 14 in
1353 466 52 22 time
1416 468 26 21 of
1452 476 67 25 peace
1529 476 97 21 .appears
1642 474 22 18 to
1673 478 28 14 us
1711 474 22 18 to
1746 471 33 27 be,
1790 473 26 21 of
1826 471 39 23 all'

1274 495 58 23 steps
1350 492 46 22 that
1410 495 65 21 could
1488 495 28 21 be
1532 493 68 24 taken
1613 497 32 26 by
1661 504 14 14 a
1694 497 160 28 Government,

1275 518 47 21 that
1336 518 72 22 which
1421 521 19 21 is
1455 521 90 26 fraught
1564 521 53 23 with
1638 530 159 21 consequences
1818 525 36 21 the

1274 547 56 18 most
1339 544 117 24 disastrous
1464 551 24 17 to
1499 546 37 22 the
1546 549 122 26 prosperity
1677 549 26 22 of
1713 550 37 22 the
1760 554 96 24 country

1275 569 43 23 and
1327 570 38 22 the
1374 572 154 23 maintenance
1537 574 27 22 of
1575 574 72 22 order.
1749 578 4 4 '

1301 596 186 31 Six-and-twenty
1493 607 67 20 years
1575 600 67 23 have.
1646 608 50 15 now
1705 603 79 25 passed
1794 603 62 22 since

1273 623 37 21 the
1325 624 73 26 repeal
1411 626 26 21 of
1447 626 37 21 the
1499 630 160 23 property-tax,
1678 627 71 23 which
1764 629 52 27 had,
1831 630 25 21 in

1274 655 41 16 one
1324 649 56 22 form
1388 657 24 15 or
1422 652 99 28 another,
1531 653 85 22 existed
1623 653 96 27 through
1727 655 37 21 the
1770 659 87 23 greater

1273 676 85 26 portion
1369 677 24 21 of
1404 677 48 22 that
1461 678 53 27 long
1525 687 42 13 war
1581 679 49 22 that
1640 687 82 21 sprung
1732 685 39 17 out
1779 682 26 21 of
1818 682 37 22 the

1275 702 85 21 French
1375 704 138 23 Revolution.
1543 706 71 27 Many
1624 707 27 21 of
1662 714 39 14 our
1715 708 89 22 readers
1813 716 41 15 can

1274 728 54 21 have
1337 735 29 15 no
1374 732 248 24 personaliecollection
1633 734 26 20 of
1665 734 37 20 the
1711 734 145 23 circumstan-

1275 761 34 15 ces
1323 754 71 23 which
1410 756 37 23 led
1463 761 23 18 to
1502 758 36 22 the
1553 760 77 26 repeal
1647 760 26 21 of
1683 760 48 22 that
1748 764 45 19 tax.
1823 762 33 22 Its

1275 781 91 26 original
1386 782 133 30 imposition,
1539 786 72 21 under
1635 786 38 22 the
1691 793 76 16 name-
1781 788 26 21 of
1827 796 29 14 an

1274 808 139 28 income-tax,
1432 810 29 27 by
1471 811 44 22 Mr.
1527 812 51 26 Pitt,
1595 812 23 21 in
1635 814 52 21 1798
1696 821 5 19 ;
1716 814 34 21 its'
1758 815 98 22 renewal

1274 835 29 26 by
1318 835 44 20 Mr.
1373 835 137 29 Addington,
1521 838 74 21 under
1609 838 39 22 the
1664 846 67 15 name
1737 840 35 21 -of
1782 848 14 14 a
1805 848 50 20 pro-

1273 863 117 25 perty-tax,
1407 863 56 21 after
1481 864 37 21 the
1538 867 92 24 rupture
1650 866 27 21 of
1691 866 38 22 the
1746 874 69 20 peace
1833 868 26 21 of

1274 888 102 26 Amiens;
1392 889 45 21 and
1447 890 27 21 its
1484 892 170 24 augmentation
1662 892 30 30 by
1701 892 36 22 the
1748 894 104 21 succeed-

1273 914 38 26 ing
1320 913 181 29 administration,
1512 916 45 21 had
1565 916 58 23 been
1634 918 86 21 carried
1729 919 53 21 with
1788 920 68 27 slight

1274 939 114 23 resistance
1397 949 5 19 ;
1427 942 44 21 and
1481 954 3 4 •
1493 942 38 21 the
1549 943 78 27 people
1647 942 49 23 had'
1715 945 141 23 contributed

1274 965 90 23 without
1372 969 138 26 murmuring
1517 969 37 22 the
1564 969 60 27 large
1633 974 92 18 amount
1735 971 49 26 (not
1789 973 67 21 much

1273 993 47 25 less,
1332 996 22 18 at
1362 993 47 27 last,
1422 994 52 22 than
1491 995 147 27 £15,000,000
1654 998 86 26 a-year)
1752 998 73 22 which
1838 1000 18 21 it

1274 1021 110 20 extracted
1392 1021 58 22 from
1460 1021 58 22 their
1525 1022 99 27 pockets.
1656 1023 43 22 But
1708 1024 38 22 the
1756 1032 45 14 war
1810 1026 46 21 had

1273 1046 95 27 scarcely
1378 1047 73 22 closed
1459 1048 76 22 before
1546 1056 13 13 a
1567 1049 54 22 loud
1627 1050 45 21 and
1681 1051 89 25 general
1778 1055 78 23 outcry

1273 1072 32 21 for
1315 1071 36 22 the
1362 1072 127 24 immediate
1503 1075 115 22 reduction
1630 1077 26 21 of
1668 1077 49 27 this,
1734 1078 75 21 before
1825 1079 30 21 all

1273 1098 60 22 other
1348 1101 67 25 taxes,
1432 1101 126 22 resounded
1572 1102 59 22 from
1648 1110 67 20 every
1728 1104 88 27 portion
1833 1106 26 21 of

1273 1125 36 21 the
1328 1130 98 23 country.
1467 1127 23 21 It
1508 1128 54 21 then
1583 1128 92 23 became
1695 1130 92 22 obvious
1805 1130 51 23 how

1273 1151 81 26 odious,
1365 1153 93 22 because
1474 1153 51 22 how
1541 1156 132 26 oppressive,
1684 1156 45 21 had
1743 1157 57 21 been
1818 1158 38 21 the

1273 1179 108 26 operation
1398 1183 40 18 not
1447 1180 25 21 of
1484 1180 36 22 the
1531 1188 60 14 mere
1607 1186 94 17 amount
1717 1183 26 21 of
1753 1183 37 21 the
1807 1186 47 25 tax,

1272 1205 39 21 but
1320 1205 26 21 of
1355 1205 36 21 the
1403 1207 63 21 mode
1477 1207 24 21 in
1510 1207 73 22 which
1592 1207 17 22 it
1619 1208 45 21 had
1674 1209 56 22 been
1740 1210 114 22 collected.

1273 1231 44 22 Mr.
1327 1231 152 23 Vanstittart's
1496 1233 99 27 singular
1611 1235 119 26 ignorance
1746 1236 25 21 of
1781 1237 75 26 public

1273 1257 94 28 opinion,
1379 1259 44 21 and
1433 1259 34 22 his
1483 1260 97 22 reliance
1598 1268 29 14 on
1644 1261 36 21 the
1690 1262 108 22 immense
1811 1264 45 21 and

1273 1288 98 23 compact
1385 1286 104 27 majority
1504 1287 73 21 which
1594 1288 126 27 constantly
1736 1290 120 26 supported

1272 1311 36 21 the
1319 1309 159 30 Government,
1489 1313 98 22 induced
1602 1314 48 21 him
1667 1318 21 17 to
1704 1316 105 21 overlook
1818 1316 38 22 the

1273 1338 96 31 strength
1378 1338 26 21 of
1414 1339 38 21 the
1461 1339 82 27 feeling
1553 1341 87 26 against
1646 1341 38 21 the
1692 1346 163 23 property-tax.

1273 1364 125 27 Imagining
1417 1365 48 22 that
1478 1366 42 21 the-
1532 1367 113 26 objection
1662 1374 44 14 was
1725 1369 131 22 occasioned

1272 1390 66 27 solely
1348 1391 29 27 by
1386 1391 44 23 the,
1433 1396 99 23 amount,
1543 1393 29 21 he
1583 1393 107 22 ventured
1699 1396 21 19 to
1730 1402 93 20 propose
1831 1396 25 21 in

1273 1418 52 20 1816
1341 1417 45 22 that
1403 1417 50 23 half
1470 1419 40 21 the
1527 1422 38 19 tax
1581 1419 79 23 should
1675 1421 101 22 continue
1790 1425 24 19 to
1828 1423 28 21 be

1272 1443 78 23 levied.
1378 1443 27 22 In
1415 1445 44 21 this
1475 1448 94 25 attempt
1582 1446 29 21 he
1625 1454 46 14 was
1687 1447 115 28 defeated;
1819 1449 37 22 the

1272 1474 38 18 tax
1325 1478 44 14 was
1382 1471 96 26 refused,
1495 1473 43 21 and
1553 1473 132 22 abandoned
1693 1482 5 18 ;
1720 1475 44 21 and
1778 1475 28 21 its
1821 1483 35 14 re-

1271 1496 48 33 peal
1330 1504 42 15 was
1381 1498 103 22 received
1494 1497 51 23 with
1561 1507 29 13 an
1601 1501 108 21 outbreak
1719 1501 26 21 of
1753 1502 103 22 national

1297 1550 73 22 Those
1380 1551 48 21 who
1439 1552 147 26 experienced
1604 1553 38 21 the
1651 1558 153 23 property-tax
1814 1563 41 14 can

1272 1577 74 26 testify
1356 1581 23 17 at
1387 1584 55 15 once
1452 1581 23 18 to
1483 1578 39 22 the
1529 1579 81 26 justice
1619 1587 25 14 as
1659 1580 54 24 well,
1725 1588 23 14 as
1758 1581 38 22 the
1806 1582 50 21 uni-

1271 1603 103 27 versality
1384 1604 25 21 of
1420 1604 44 22 this
1474 1605 91 27 feeling.
1593 1605 49 23 The
1658 1610 38 18 tax
1711 1614 43 15 was
1771 1608 85 27 odious,

1272 1630 92 22 because
1372 1631 18 20 it
1398 1638 45 14 was
1457 1631 77 23 direct.
1564 1632 79 22 Direct
1655 1636 62 19 taxes
1727 1642 36 14 are
1774 1635 81 27 always

1273 1657 60 21 those
1342 1656 71 22 which
1423 1657 38 22 the
1470 1658 87 27 subject
1572 1666 55 20 pays
1641 1663 58 18 most
1708 1661 147 27 unwillingly,

1271 1683 93 22 because
1375 1683 37 21 the
1423 1684 70 22 whole
1503 1686 118 25 amountjs
1633 1686 66 22 taken
1704 1687 58 21 from
1771 1687 48 22 him
1828 1689 30 27 by

1271 1710 37 21 the
1318 1710 152 27 tax-gatherer
1479 1714 24 18 at
1511 1719 63 20 once,
1585 1713 45 21 and
1644 1713 93 22 without
1746 1714 98 27 disguise
1851 1723 5 18 ;

1273 1736 50 32 and_
1330 1737 37 21 the
1382 1737 79 27 people
1479 1738 25 21 of
1515 1739 104 26 England
1636 1741 109 21 entertain
1760 1741 43 21 this
1819 1742 38 21 ob-

1268 1763 85 27 jection
1373 1767 22 17 to
1411 1764 71 22 direct
1498 1765 100 21 taxation
1612 1774 63 14 more
1689 1767 99 27 strongly
1803 1768 53 22 than

1272 1790 62 22 those
1344 1791 26 20 of
1380 1796 43 21 any
1433 1791 63 21 other
1512 1795 101 24 country,
1623 1793 96 22 because
1737 1793 52 28 they
1798 1794 58 22 have

1271 1816 57 22 been
1343 1817 37 21 the
1395 1817 57 21 least
1465 1818 141 22 accustomed
1621 1822 24 18 to
1659 1820 25 21 it.
1714 1820 51 27 But,
1781 1821 24 21 in
1819 1821 39 22 ad-

1273 1843 70 21 dition
1363 1847 21 17 to
1404 1844 38 22 the
1459 1845 157 27 unpopularity
1636 1846 122 22 incidental
1783 1850 22 18 to
1828 1848 30 21 its

1271 1870 65 27 being
1353 1877 13 14 a
1377 1870 74 28 heavy
1463 1871 69 22 direct
1545 1872 88 27 impost,
1651 1873 37 21 the
1702 1877 154 24 property-tax

1271 1903 42 15 was
1330 1896 121 29 peculiarly
1461 1898 83 27 odious,
1557 1906 29 14 on
1602 1903 96 18 account
1708 1901 25 21 of
1745 1900 37 21 the
1791 1901 65 22 mode

1271 1923 23 21 in
1310 1923 71 22 which
1396 1923 18 21 it
1429 1931 44 15 was
1489 1925 106 21 assessed.
1626 1925 22 23 It
1661 1934 44 14 was
1723 1928 134 27 necessarily

1271 1950 108 27 preceded
1399 1951 31 26 by
1447 1958 29 14 an
1496 1953 142 25 inquisitorial
1656 1955 84 24 inquiry
1753 1955 49 19 .into
1823 1956 35 19 the

1270 1977 64 21 whole
1349 1979 55 19 state
1419 1979 29 23 of
1462 1985 13 13 a
1490 1980 66 20 man's
1569 1982 115 25 pecuniary
1701 1982 81 24 affairs.
1819 1981 37 22 He

1270 2004 93 21 hfcbself
1373 2010 44 15 was
1427 2005 87 26 obliged
1523 2009 22 17 to
1555 2006 88 22 furnish
1653 2008 36 20 the
1699 2007 143 22 information
1847 2016 5 18 ;

1271 2031 35 19 the
1316 2031 144 26 tax-gatherer
1464 2033 65 24 pried
1542 2033 45 20 into
1600 2034 35 20 his
1644 2035 87 24 affairs;
1746 2035 32 19 his
1786 2035 71 26 neigh,

1271 2059 61 19 bours
1339 2064 53 14 were
1400 2059 59 20 made
1466 2060 55 25 spies
1530 2066 26 14 on
1566 2061 45 19 him
1618 2070 8 13 .-
1642 2061 42 21 and
1695 2061 37 22 the
1742 2061 116 28 malignity

1272 2085 25 21 of
1303 2085 34 22 his
1348 2085 97 22 enemies
1454 2093 45 15 was
1507 2087 99 27 tempted
1614 2091 24 18 to
1648 2088 102 27 impeach
1760 2088 33 21 his
1804 2089 52 21 cha-

1270 2115 78 24 racter,
1361 2112 43 21 and
1419 2117 106 22 augment
1540 2114 35 21 his
1590 2114 106 22 burdens.
1727 2116 42 20 The
1781 2118 77 18 secrets

1272 2140 26 22 of
1303 2140 121 25 prosperity
1440 2141 42 19 and
1498 2141 103 26 adversity
1614 2148 56 14 were
1685 2142 90 26 dragged
1788 2143 70 26 before

1271 2167 35 20 the
1318 2168 84 31 public;
1426 2167 62 27 large
1508 2169 64 25 gains
1596 2176 56 14 were
1675 2169 179 27 inconveniently

1272 2193 116 28 published
1396 2202 5 17 ;
1417 2195 63 25 heavy
1489 2195 61 21 losses
1564 2195 43 21 and
1619 2197 181 20 embarrassments
1809 2198 47 19 still

1271 2227 56 15 more
1336 2222 123 25 injuriously
1468 2223 100 20 revealed.
1597 2223 49 22 The
1656 2226 38 18 tax
1704 2231 44 14 was
1763 2231 13 14 a
1785 2223 73 28 heavy

1264 2251 46 18 'tax
1319 2256 28 14 on
1358 2249 94 26 distress,
1459 2249 35 21 for
1502 2257 50 14 men
1562 2250 151 27 overcharged
1723 2250 135 22 themselves

1270 2275 74 22 rather
1364 2275 53 22 than
1440 2275 156 28 acknowledge
1614 2277 50 21 that
1682 2276 57 22 their
1756 2277 101 22 fortunes

1273 2308 54 16 were
1338 2302 118 27 declining.
1485 2303 23 21 It
1517 2311 44 14 was
1571 2310 14 14 a
1595 2306 39 19 tax
1645 2311 28 14 on
1684 2304 119 27 enterprise
1812 2304 46 21 and

1271 2328 108 27 industry,
1399 2329 36 21 for
1448 2329 18 22 it
1482 2337 43 14 was
1543 2338 14 13 a
1571 2334 39 17 tax
1624 2331 23 20 in
1665 2331 126 27 proportion
1808 2334 22 18 to
1846 2338 13 14 a

1272 2356 71 21 man's
1358 2356 70 27 gains,
1444 2356 71 22 either
1531 2357 157 22 accumulated
1703 2365 25 14 or
1746 2358 111 27 accruing.

1273 2381 21 22 It
1304 2390 44 14 was
1358 2390 14 14 a
1381 2386 38 18 tax
1429 2390 27 15 on
1463 2383 101 28 honesty,
1573 2384 116 27 operating
1696 2391 23 14 as
1726 2391 13 14 a
1748 2385 110 26 premium

1273 2416 28 14 on
1311 2409 70 22 deceit
1389 2418 6 18 ;
1406 2410 41 27 for,
1455 2410 65 21 while
1529 2410 163 25 conscientious
1701 2411 44 22 and
1756 2411 103 22 sensitive

1273 2443 50 15 men
1334 2436 94 27 thought
1438 2440 21 18 to
1470 2444 34 14 err
1514 2444 29 15 on
1553 2437 37 22 the
1605 2438 61 27 right
1675 2437 54 28 side,
1739 2438 30 27 by
1777 2438 82 27 paying

1272 2470 60 15 more
1343 2463 53 21 than
1407 2463 57 22 their
1477 2463 49 28 due,
1538 2464 39 21 the
1594 2464 138 27 unblushing
1742 2465 122 22 scoundrel,

1273 2490 64 22 could
1346 2497 51 15 save
1407 2490 35 22 his
1452 2491 81 27 pocket
1542 2491 30 27 by
1580 2498 12 14 a
1601 2491 38 22 lie.
1659 2491 47 22 The
1715 2494 38 19 tax
1763 2491 96 27 exposed

1273 2524 64 19 every
1354 2524 51 14 man
1423 2521 22 17 to
1461 2517 90 28 anxiety
1568 2518 44 21 and
1629 2518 103 27 scruples,
1749 2518 53 21 then
1818 2518 41 21 left

1273 2543 44 22 him
1327 2551 57 20 open
1396 2548 21 17 to
1428 2545 124 26 informers,'
1562 2544 45 22 and
1617 2545 76 26 finally
1700 2545 115 27 subjected
1825 2545 34 21 his

1272 2571 85 22 fortune
1367 2571 45 21 and
1422 2571 114 22 character
1552 2575 23 18 to
1593 2572 37 21 the
1645 2571 96 22 insolent
1757 2572 102 27 injustice

1273 2598 25 21 of
1309 2605 13 14 a
1332 2602 33 17 set
1375 2598 25 21 of
1412 2598 97 27 political
1520 2602 122 24 opponents
1652 2605 24 15 or
1683 2598 88 27 jealous
1781 2599 78 26 neigh-

1273 2625 71 27 bours,
1364 2625 72 21 whom
1454 2625 37 21 the
1507 2625 77 22 choice
1602 2625 27 22 of
1646 2626 37 20 the
1699 2626 100 21 minister
1816 2625 43 22 had

1271 2652 66 27 given
1352 2659 74 20 power
1442 2654 21 19 to
1479 2651 78 22 decide
1574 2652 94 21 without
1681 2652 84 27 appeal,
1778 2658 28 15 on
1821 2652 37 21 the

1273 2684 91 17 amount
1373 2678 25 21 of
1409 2678 35 22 his
1454 2681 139 19 assessment.
1623 2679 33 22 To
1667 2686 66 20 every
1743 2679 84 27 species
1837 2679 26 20 of

1272 2705 107 22 irritation
1390 2706 46 21 and
1451 2712 102 19 pressure
1570 2705 133 22 occasioned
1711 2706 30 26 by
1750 2705 108 27 taxation,

1273 2732 44 22 and
1327 2732 117 28 especially
1454 2732 31 27 by
1495 2731 70 22 direct
1578 2732 107 27 taxation,
1698 2732 37 21 the
1745 2735 114 27 property-

1273 2762 44 24 tax,
1329 2767 24 14 as
1362 2759 74 22 levied
1445 2759 80 27 during
1536 2759 37 21 the
1591 2766 52 20 war,
1653 2759 74 22 added
1738 2762 23 18 to
1771 2759 29 21 its
1811 2766 48 14 own

1272 2786 97 28 peculiar
1378 2786 177 26 heartburnings,
1567 2785 45 22 and
1630 2785 133 28 suspicions,'
1770 2785 46 22 and
1825 2793 35 14 re-

1274 2813 93 27 pinings,
1383 2814 87 25 against
1484 2812 114 27 injustice;
1623 2812 46 22 and
1682 2817 41 17 not
1738 2812 50 27 only
1806 2812 53 21 took

1273 2840 70 22 men's
1357 2843 113 24 property.
1475 2840 35 21 for
1524 2839 38 22 the
1579 2846 105 20 purposes
1699 2839 26 22 of
1741 2840 37 21 the
1795 2842 63 23 state,

1273 2867 39 22 but
1320 2868 97 25 uselessly
1428 2867 108 26 destroyed
1544 2873 13 14 a
1567 2868 59 25 large
1642 2867 115 20 additional
1766 2868 92 22 amount,

1274 2894 25 26 by
1315 2896 97 25 exposing
1428 2896 64 19 men's
1508 2895 81 25 affairs,
1598 2894 122 27 impairing
1731 2893 76 27 crtdit,
1818 2894 43 20 and

1274 2922 142 27 discouraging
1426 2924 112 24 enterprise
1548 2922 43 21 and
1598 2922 160 20 accumulation.

1299 2950 71 22 These
1386 2950 53 21 evils
1454 2950 19 21 it
1486 2950 19 21 is
1522 2949 130 32 impossible
1667 2948 35 22 for
1720 2948 35 22 Sir
1774 2948 87 21 Robert

1274 2976 52 23 Peel
1336 2981 22 17 to
1368 2977 65 21 avoid
1444 2976 64 27 again
1517 2976 113 27 inflicting
1640 2983 29 14 on
1680 2975 38 22 the
1729 2978 93 24 country
1831 2975 30 27 by

1275 3003 35 22 the
1329 3004 83 22 revival
1432 3004 25 21 of
1472 3001 38 24 the
1529 3003 148 24 incomertax.
1715 3002 85 21 Revive
1823 3001 38 22 the

1273 3030 136 23 income-tax
1428 3030 45 22 and
1492 3037 44 20 you
1554 3033 61 18 must
1631 3028 77 23 revive
1727 3028 37 22 the
1783 3027 78 22 odious

1273 3058 127 26 inquisition
1414 3058 30 27 by
1454 3057 77 23 which'
1542 3057 65 21 alone
1622 3056 29 21 its
1667 3059 92 18 amount
1774 3061 42 15 can
1833 3055 27 21 be

1274 3084 135 23 ascertained
1421 3093 5 14 :
1447 3091 46 21 you
1510 3086 61 19 must
1588 3084 66 26 again
1673 3082 66 21 make
1758 3088 61 15 some
1838 3081 25 22 of

1275 3119 64 20 every
1349 3111 72 22 man's
1437 3110 135 28 neighbours
1588 3110 58 27 spies
1662 3116 29 14 on
1703 3108 55 22 him.
1787 3108 75 27 Again

1273 3145 44 21 you
1327 3138 43 22 will
1379 3138 70 22 shake
1459 3138 65 21 down
1534 3144 68 20 every
1609 3136 107 26 tottering
1724 3136 87 21 fortune
1816 3134 46 23 and

1273 3165 182 23 unstable^credil
1475 3165 24 21 in
1517 3164 38 22 the
1572 3164 56 21 land
1635 3171 5 14 :
1665 3163 45 21 and
1727 3162 84 27 impose
1830 3169 28 14 on

1274 3192 90 22 distrees
1373 3192 37 22 the
1419 3191 110 27 necessity
1539 3191 25 22 of
1576 3189 137 27 submitting.
1717 3192 22 19 to
1751 3190 38 20 the
1797 3195 62 21 pres-

1274 3226 48 15 sure
1332 3220 25 21 of
1364 3219 74 22 undue
1448 3219 106 25 taxation,
1562 3218 25 21 in
1595 3217 68 22 order
1668 3220 22 17 to
1699 3223 79 21 escape
1785 3223 13 14 a
1807 3215 57 22 fatal

1264 3265 2 3 .
1274 3253 112 20 exposure.
1415 3245 76 27 Again
1504 3252 45 20 you
1564 3247 60 18 must
1638 3244 54 21 bear
1704 3243 58 22 hard
1779 3249 30 15 on
1823 3242 38 21 the

1273 3273 85 26 honest,
1369 3272 43 22 and
1423 3273 57 21 after
1490 3271 126 28 subjecting
1630 3270 62 22 them,
1708 3274 22 17 to
1744 3268 59 23 their
1812 3277 49 14 own

1274 3300 102 27 scruples,
1384 3299 47 23 and
1437 3298 107 27 insulting
1552 3298 64 21 them
1622 3297 30 28 by
1658 3296 109 28 injurious
1775 3296 85 26 doubts,

1273 3334 92 20 squeeze
1384 3330 40 18 out
1442 3326 26 22 of
1482 3325 57 22 their
1558 3324 143 23 consciences
1724 3322 90 28 enough
1837 3326 23 19 to

1273 3355 78 26 supply
1365 3354 37 20 the
1419 3353 131 22 deficiences
1561 3351 90 22 created
1665 3351 31 27 by
1706 3350 37 22 the
1758 3350 101 26 knavery

1274 3383 22 19 to
1306 3380 71 22 which
1391 3387 46 20 you
1446 3379 45 23 will
1506 3379 51 28 give
1567 3378 41 22 full
1624 3385 72 24 scope.
1725 3377 72 22 These
1809 3376 53 23 evils
1869 3397 1 6 ,

1273 3407 23 21 in
1306 3407 38 22 the
1353 3407 82 22 former
1443 3407 138 21 income-tax
1590 3412 58 15 were
1659 3407 39 19 not
1708 3404 124 31 the.result^
1840 3403 26 22 of

1273 3441 45 20 any
1330 3434 100 26 peculiar
1445 3433 146 22 carelessness
1605 3432 25 22 in
1642 3432 35 21 the
1693 3430 83 28 details,
1787 3430 75 22 which

1273 3460 44 22 Mr.
1329 3460 45 22 Pitt
1383 3461 46 21 and
1439 3460 44 22 Mr.
1495 3460 133 26 Addington
1640 3458 96 23 devised-
1741 3458 34 21 for
1785 3464 75 20 carry-

1273 3487 38 27 ing
1320 3488 57 22 their
1388 3488 66 22 views
1463 3488 47 21 into
1520 3487 72 22 effect.
1622 3485 63 27 They
1691 3492 38 15 are
1739 3484 37 22 the
1780 3491 83 14 .neces-

1274 3521 49 21 sary
1337 3515 105 21 inherent
1457 3514 56 22 evils
1529 3514 26 22 of
1569 3520 67 20 every
1651 3512 146 22 income-tax.
1826 3510 37 22 No

1273 3548 57 21 care,
1341 3549 29 14 no
1382 3541 51 22 skill
1441 3541 24 21 in
1476 3540 37 22 the
1525 3543 157 24 arrangement
1691 3539 25 22 of
1718 3538 90 21 --details
1820 3545 43 14 can

1350 3569 73 21 them:
1438 3574 59 16 none
1508 3574 42 16 can
1561 3573 58 15 even
1628 3565 126 27 materially
1757 3564 105 28 .mitigate

1273 3595 68 22 them.
1369 3595 65 27 They
1440 3602 47 16 .are
1500 3597 51 25 part
1567 3592 53 23 and.
1627 3592 76 29 parcel
1712 3592 25 22 of
1750 3591 45 22 this
1805 3594 60 19 most

1272 3622 124 22 nernicious
1412 3627 38 17 tax
1466 3628 29 14 on
1515 3620 73 22 trades
1598 3620 56 22 -and
1671 3618 134 29 professions
1806 3629 26 5 —
1834 3625 29 15 on

1272 3649 101 28 industry
1391 3648 46 23 and
1456 3648 38 22 the
1514 3647 163 28 employment'
1687 3646 27 22 of
1734 3645 81 28 capital
1838 3652 25 15 or

1273 3675 80 23 talent.

1299 3702 56 23 And
1369 3710 77 19 never,
1457 3702 81 27 surely,
1547 3718 3 4 .
1555 3701 62 22 since
1630 3700 39 22 the
1684 3707 68 19 peace
1768 3698 68 23 could
1849 3706 14 15 a

1272 3729 78 28 period
1366 3729 58 23 have
1440 3729 56 22 been
1511 3727 107 28 selected,
1628 3727 24 22 in
1667 3726 74 22 which
1757 3725 30 22 all
1801 3726 62 22 these

1274 3756 110 23 mischiefs
1397 3755 73 23 would
1480 3755 58 23 have
1548 3761 63 16 more
1628 3754 108 26 certainly
1744 3752 46 23 and
1801 3760 62 15 more

1274 3783 136 28 extensively
1428 3782 98 23 resulted
1544 3782 59 22 from
1623 3781 38 22 the
1679 3780 84 22 revival
1787 3780 26 22 of
1833 3787 30 14 an

1273 3809 144 23 income-tax.
1446 3810 23 22 It
1483 3809 19 22 is
1522 3817 14 14 a
1554 3808 79 29 period
1651 3808 26 22 of
1692 3806 173 28 acknowledged

1273 3837 45 23 and
1334 3836 154 29 unparalleled
1507 3836 97 22 distress.
1635 3835 23 22 It
1673 3834 19 22 is
1710 3842 15 14 a
1741 3834 85 32 period;
1841 3832 29 23 in-

1273 3863 72 23 which
1360 3863 121 28 enterprise
1497 3870 42 15 can
1551 3863 46 21 less
1611 3862 55 22 than
1676 3869 52 15 ever
1736 3862 55 21 bear
1797 3864 30 18 ito
1838 3861 27 20 be

1275 3889 158 28 discouraged:
1455 3889 26 23 in
1501 3889 74 23 which
1583 3888 30 24 ~it
1630 3889 19 21 is
1666 3895 62 15 more
1741 3888 56 21 than
1813 3893 57 17 ever-

1274 3917 122 28 dangerous
1405 3920 25 18 to
1438 3916 87 28 impose
1531 3922 47 25 any
1582 3914 88 23 burden
1680 3914 49 22 that
1737 3921 55 20 may-
1796 3912 70 23 check

1274 3944 37 24 the
1322 3943 150 29 employment
1485 3943 26 22 of
1523 3942 90 28 capital,
1625 3949 25 15 or
1666 3941 50 27 give
1725 3941 27 22 it-
1759 3947 14 15 a
1783 3939 82 23 motive

662 132 38 21 the
710 132 57 27 good
777 132 56 22 faith
843 140 25 14 or
883 133 109 28 credulity
1001 134 26 20 of
1038 134 39 22 the
1090 136 89 22 natives
1193 136 55 23 been

662 158 100 27 imposed
772 166 59 20 upon
843 159 28 27 by
879 159 39 21 the
929 160 160 27 Government,
1100 161 23 22 in
1129 162 121 29 'obtaining

662 185 124 26 possession
796 185 27 21 of
829 185 88 22 various
927 189 67 19 tracts
1004 186 27 21 of
1040 186 54 22 land
1104 194 30 16 on
1150 189 37 21 the
1196 196 53 21 pay-

662 213 61 21 ment
732 211 26 21 of
769 219 13 13 a
792 212 64 21 small
864 212 131 22 instalment
1010 215 25 19 at
1044 213 53 26 first,
1110 220 26 16 or
1152 215 38 21 the
1198 222 50 21 pro-

664 238 56 20 mise
735 237 25 21 of
775 245 15 14 a
807 238 85 22 further
908 241 113 25 payment,
1031 239 80 22 which-
1123 240 40 22 has
1183 248 66 16 never

662 263 59 22 been
734 263 74 27 made,
824 264 54 26 that,
897 271 29 14 on
941 268 94 18 account
1043 266 26 20 of
1083 266 55 22 such
1147 266 102 29 frequent

663 289 196 27 disappointments
869 297 30 14 on
909 290 38 22 the
956 294 49 24 part
1010 292 26 20 of
1043 291 37 21 the
1088 292 157 29 Government,

662 315 37 22 the
709 316 86 21 natives
809 316 56 22 have
875 323 52 15 now
935 317 45 22 lost
987 318 77 26 nearly
1073 318 30 21 all
1122 323 85 23 respect
1214 321 34 21 for

663 342 134 28 Europeans,
809 342 43 22 and
859 342 64 28 place
932 343 57 22 little
996 344 129 22 confidence
1134 346 24 20 in
1167 346 37 22 the
1214 347 33 21 in-

663 368 80 28 tegrity
760 368 25 21 of
801 368 56 22 their
877 369 59 22 word
954 376 25 15 or
993 370 104 26 promise.
1126 372 64 24 Even
1209 373 36 21 the

663 394 152 23 Missionaries
831 395 134 22 themselves
1049 396 93 23 become
1156 398 39 22 the
1209 399 38 22 ob-

659 421 57 27 jects
735 422 26 21 of
776 421 59 22 their
838 421 151 28 /displeasure,'
1003 422 94 23 because
1115 424 54 27 they
1184 424 63 23 think

663 448 44 21 and
716 455 40 21 say
762 448 53 26 they
822 447 57 22 have
889 448 81 22 misled
978 448 60 23 them
1047 449 22 22 in
1079 449 100 29 advising
1188 451 59 22 them

662 477 23 18 to
694 474 48 28 sign
757 474 38 21 the
810 474 82 27 Treaty
902 474 26 21 of
940 475 97 26 Cession,
1055 476 74 21 which
1143 476 53 28 they
1209 478 37 21 be-

662 500 58 23 lieve
735 504 22 19 to
773 501 34 21 be-
805 501 4 10 r
811 500 38 23 the
864 500 75 27 origin'
946 502 26 21 of
984 502 30 21 all
1028 502 57 21 their
1099 503 89 27 misery.
1217 506 26 20 So

663 530 76 24 strong
752 527 20 21 is
788 526 43 23 this
841 527 88 27 feeling,
946 528 48 21 that
1006 528 23 21 in
1038 528 38 21 the
1091 532 67 19 event
1168 530 26 21 of
1203 537 44 21 any

662 554 84 22 serious
765 553 115 26 ourbreak,
889 563 3 3 •
899 554 54 27 they
972 554 92 22 conceal
1081 559 41 17 not
1141 556 49 21 that
1207 557 36 22 the

663 580 152 23 Missionaries
824 580 73 23 would
912 580 27 22 be
955 580 37 22 the
1001 580 48 23 first
1058 581 85 27 objects
1153 582 26 22 of
1190 582 56 23 their

662 613 136 20 vengeance.
809 609 2 3 '
829 617 4 7 •
862 626 3 3 .
885 619 3 3 ■

667 640 3 4 ■
689 633 48 22 The
752 636 56 19 next
821 633 85 32 subject
921 636 23 18 to
955 633 71 22 which
1036 634 13 21 I
1060 634 74 23 would
1148 635 51 22 take
1209 636 36 21 the

661 659 81 29 liberty
751 660 26 21 of
908 666 56 20 your
974 660 127 28 Lordship's
1111 662 108 21 attention
1228 663 18 21 is

661 687 132 26 intimately,
797 687 123 21 connected
930 686 59 21 with,
996 686 38 22 the
1047 687 48 26 last,
1111 688 45 21 and
1166 689 80 22 affords

662 713 37 21 the
715 714 93 21 clearest
821 713 95 28 possible
930 713 133 22 illustration
1073 714 26 21 of
1111 714 38 22 the
1162 715 84 22 incom-

661 742 101 25 petency,
778 739 91 28 perhdy,
887 739 47 22 and
947 739 54 22 fatal
1015 740 148 23 recklessness
1173 741 25 21 of
1209 742 37 21 the

663 767 154 20 Government
835 766 91 21 officers.
955 766 12 21 I
986 767 58 21 refer
1064 770 21 18 to
1104 767 50 22 that
1172 768 81 21 unfor-'

661 796 76 19 tunate
752 793 44 21 and
811 792 78 22 much.
894 792 90 27 injured
997 793 56 21 class
1068 793 24 22 of
1106 793 78 27 people
1198 794 47 22 who

661 826 50 15 now
720 819 54 22 bear
788 819 37 21 the
836 826 65 15 name
912 819 24 21 of
950 819 64 21 Land
1024 819 129 26 Claimants,
1170 820 23 21 in
1209 820 36 22 the

662 848 91 25 country
767 845 73 22 which
856 846 53 27 they
924 845 132 22 themselves
1070 846 175 28 have.fouaded,

661 871 44 23 and
715 880 53 14 over
775 872 74 22 whose
859 872 106 22 destinies
979 872 52 27 they
1042 880 37 14 are
1089 872 45 22 still
1148 872 68 27 likely
1225 877 21 18 to

662 899 98 21 exercise
770 899 43 21 the'
819 899 90 26 deepest
917 898 118 22 influence.

688 925 47 21 The
746 932 50 15 case
806 925 26 21 of
839 925 36 22 the
885 925 94 27 original
989 925 90 21 Settlers
1088 924 27 21 of
1125 925 58 22 New
1191 926 55 22 Zea-

660 950 54 22 land
723 951 40 21 has
777 958 69 15 never
859 951 58 21 been
927 951 64 27 fairly
1000 951 142 26 represented
1157 959 25 14 or
1196 960 50 19 pro-

660 977 63 33 perly
734 977 135 21 understood
886 980 24 18 at
923 977 88 31 home.._
1023 977 48 21 The
1086 977 93 23 benefits
1195 977 50 29 they

661 1003 56 21 have
731 1003 116 21 conferred
855 1010 37 16 ,on
909 1003 83 26 society
1004 1003 24 21 in
1043 1005 98 26 general,
1158 1005 45 21 and
1219 1014 26 14 on

661 1029 38 21 the
713 1029 85 22 natives
812 1030 26 20 of
849 1029 57 21 New
920 1029 101 21 Zealand
1035 1030 24 21 in
1075 1031 125 27 particular,
1209 1032 36 27 -by

661 1055 84 27 risking
760 1055 62 25 their,
830 1055 56 22 lives
897 1055 44 22 and
956 1056 120 27 properties

659 1081 37 21 the
706 1081 133 23 boundaries
849 1082 26 25 of;
885 1082 142 27 civilization,
1042 1083 58 21 have
1110 1084 71 22 either
1190 1085 55 22 been

661 1108 94 27 entirely
774 1108 134 22 overlooked
926 1109 44 21 and
987 1109 140 28 underrated,
1135 1119 2 4 •
1152 1118 25 14 or
1195 1119 50 14 con-

660 1134 75 22 cealed
746 1135 29 26 by
784 1142 77 14 means
872 1135 26 22 of
909 1135 38 22 the
961 1136 74 22 unfair
1048 1141 83 22 reports
1142 1138 25 21 of
1178 1137 66 23 inter-

659 1161 72 22 rested
744 1168 99 21 persons,
851 1162 53 26 .and
919 1162 39 26 the.
971 1166 57 18 most
1042 1165 148 25 exaggerated
1200 1165 43 21 and

648 1203 3 8 ,
659 1187 55 22 false
724 1189 130 21 statements'
864 1189 26 21 of
902 1188 37 22 the
948 1189 134 28 immorality
1092 1191 45 21 and
1152 1191 93 22 miscon-

660 1214 87 25 duct,of
758 1222 13 14 a
780 1215 43 21 few
834 1222 80 20 among
923 1215 67 23 them.
1019 1216 47 22 The
1077 1217 88 21 records
1177 1217 24 21 of
1207 1218 37 22 the

661 1241 104 27 Supreme
775 1242 45 20 and
830 1242 63 22 other
903 1242 79 22 Courts
990 1242 60 22 since
1064 1243 58 21 their
1132 1244 113 22 establish-

658 1271 63 17 ment
731 1268 22 21 in
763 1268 38 21 the
811 1268 85 27 Colony
904 1269 79 27 would,
995 1269 108 26 however,
1115 1270 54 22 tend
1179 1271 65 21 much

659 1296 23 19 to
697 1301 102 19 remove.,
802 1295 54 21 such
868 1295 135 22 ill-founded
1016 1296 125 27 prejudices
1154 1297 32 26 by
1200 1297 43 22 dis-

659 1320 84 28 closing
753 1321 37 21 the
801 1324 56 18 most
867 1322 166 26 extraordinary
1042 1323 47 21 fact
1098 1323 50 21 that
1156 1331 58 13 none
1223 1324 24 22 of

660 1346 37 22 the
708 1347 36 22 old
760 1348 89 21 Settlers
862 1347 60 22 have
936 1356 52 14 ever
1004 1349 109 27 appeared
1127 1351 24 20 in
1169 1357 43 20 any
1223 1351 24 21 of

659 1373 37 22 the
707 1374 107 22 Criminal
820 1382 67 18 cases,
899 1375 45 21 and
951 1382 52 20 very
1010 1375 51 27 few,
1072 1377 171 27 comparatively

659 1400 111 27 speaking,
781 1402 24 20 in
815 1408 46 24 any_
866 1400 59 22 Civil
933 1402 89 21 actions.
1025 1402 76 21 before
1111 1403 38 21 the
1159 1403 84 22 Courts.

660 1428 32 20 At
709 1426 37 23 the
762 1428 42 21 last
818 1428 87 26 sittings
920 1428 26 21 of
962 1426 41 24 the'
1016 1429 107 26 Supreme
1137 1430 67 21 Court
1221 1430 23 21 in

659 1453 190 23 Aucklandthere
859 1461 45 14 was
920 1457 40 19 not
969 1462 14 14 a
991 1455 72 28 single
1078 1455 101 23 criminal
1195 1464 49 14 case

659 1480 35 21 for
704 1480 56 27 trial,
772 1480 43 22 and
821 1485 23 17 at
850 1481 140 23 Kororareka
996 1482 23 21 in
1026 1482 37 22 the
1071 1482 80 27 Bayof
1160 1482 84 22 Islands

659 1518 28 4 —
688 1513 23 14 so
715 1508 2 5 '
722 1507 112 22 notorious
839 1508 34 21 for
878 1507 138 23 wickedness
1024 1509 33 26 (in
1063 1513 74 23 report
1142 1512 23 18 at
1169 1509 73 28 least,)

661 1533 60 22 there
731 1541 57 14 were
798 1534 52 27 only
860 1538 43 17 two
914 1542 60 14 cases
984 1535 51 22 civil
1048 1543 25 14 or
1082 1536 108 27 criminal,
1200 1539 45 19 and

661 1567 55 15 even
727 1560 61 22 these
798 1564 42 18 two
850 1568 58 14 were
918 1562 122 22 dismissed.

687 1586 70 23 Butif
768 1587 37 22 the
815 1588 70 21 moral
897 1587 113 23 character
1021 1588 25 22 of
1057 1588 37 22 the
1104 1588 48 23 first
1158 1589 85 22 settlers

659 1613 41 22 has
708 1614 119 22 been-thus
836 1614 85 28 grossly
930 1615 189 27 misrepresented,
1132 1616 44 21 and
1189 1616 55 22 their

659 1641 126 27 reputation
793 1663 4 3 .
808 1648 23 15 so
850 1640 164 28 undeservedly
1032 1642 91 26 injured
1138 1643 53 21 with
1206 1642 38 22 the

661 1666 79 28 public,
762 1667 57 22 their
837 1669 122 26 properties
976 1668 58 22 have
1052 1669 59 21 been
1129 1669 45 21 still
1183 1676 60 14 more

659 1694 127 27 grievously
809 1694 105 22 attacked
939 1695 45 21 and
1007 1696 119 27 destroyed
1151 1696 33 27 by
1206 1696 37 22 the

661 1720 87 22 officers
762 1721 26 22 of
800 1720 44 23 this
861 1722 165 27 Government,
1045 1722 51 22 who
1110 1722 59 22 have
1186 1723 57 21 been

661 1747 142 22 treacherous
827 1748 58 22 from
910 1748 43 22 the-
963 1756 3 4 ■
975 1752 201 25 commencement,
1199 1750 45 21 and

659 1774 101 22 faithless
779 1774 144 28 throughout,
947 1778 23 19 to
991 1783 68 20 every
1076 1776 99 27 promise
1189 1776 54 27 they

659 1801 66 22 made
736 1805 22 18 to
767 1801 38 22 the
816 1802 94 26 settlers,
922 1802 94 22 without
1024 1803 76 21 whose
1111 1810 131 21 co-oppera-

661 1828 47 21 tion
730 1828 46 22 and
800 1829 120 21 assistance
944 1826 52 30 they
1016 1830 66 21 could
1101 1836 69 15 never
1188 1829 55 22 have

661 1855 123 22 succeeded
794 1855 23 22 in
828 1855 146 27 establishing
983 1863 44 20 any
1036 1856 58 22 form
1105 1856 26 22 of
1143 1857 99 21 Govern-

661 1884 68 25 ment,
749 1889 25 14 or
793 1889 56 15 even
867 1882 24 21 in
911 1883 115 27 obtaining
1040 1890 15 14 a
1068 1883 87 25 footing
1165 1883 25 21 of
1200 1890 43 20 any

660 1908 55 21 kind
724 1915 83 20 among
816 1909 36 21 the
863 1909 86 22 natives
958 1910 25 20 of
989 1909 56 22 New
1054 1910 107 21 Zealand.
1190 1910 53 22 Had

661 1935 34 21 Sir
706 1935 87 27 George
805 1935 70 27 Gipps
884 1935 45 22 and
939 1936 37 22 the
986 1936 156 22 Government
1151 1936 27 22 of
1189 1936 55 22 New

661 1962 69 21 South
741 1962 76 21 Wales
832 1962 104 22 followed
952 1965 38 19 out
1006 1962 37 22 the
1061 1963 145 22 instructions
1221 1963 26 21 of

661 1988 38 24 the
709 1988 101 28 Marquis
819 1990 26 20 of
855 1990 141 26 Normanby,
1012 1990 46 21 and
1071 1990 38 21 the
1125 1990 80 26 pledge
1221 1990 26 21 of

659 2014 94 28 Captain
772 2014 93 23 Hobson
882 2015 97 27 himself,
1000 2016 50 21 that
1065 2015 39 22 the
1118 2015 64 22 lands
1198 2016 45 21 and

659 2042 122 26 properties
791 2041 26 21 of
828 2042 36 21 the
875 2042 87 22 settlers
969 2042 24 22 of
999 2042 58 22 New
1063 2042 102 22 Zealand
1172 2042 72 22 would

659 2068 28 21 be
695 2068 121 28 respected,
828 2068 45 22 and
882 2068 31 22 all
926 2068 58 22 their
993 2069 70 27 rights
1072 2068 55 22 held
1143 2072 22 18 to
1183 2069 59 21 them

658 2094 113 28 inviolate,
791 2095 38 22 the
846 2096 74 21 Home
941 2096 155 21 Government
1112 2095 74 22 would
1201 2099 42 19 not

659 2121 28 22 be
697 2121 70 22 called
777 2129 67 20 upon,
856 2129 24 14 as
890 2122 18 21 it
916 2122 19 22 is
945 2129 55 20 now,
1013 2126 23 18 to
1052 2122 99 22 advance
1162 2130 80 20 money

658 2148 37 21 for
705 2148 36 22 the
751 2152 98 24 support,
866 2148 22 22 if
898 2152 40 18 not
953 2149 35 21 for
1002 2149 38 22 the
1056 2149 150 28 preservation
1221 2150 26 21 of

660 2175 37 21 the
708 2176 110 21 existence
828 2176 24 21 of
859 2175 38 22 the
909 2176 154 22 Government
1069 2176 27 21 of
1103 2176 41 21 this
1155 2176 86 27 colony,

660 2201 87 22 neither
757 2202 72 22 would
840 2202 55 22 such
904 2202 103 28 frequent
1016 2202 107 22 demands
1133 2203 28 21 be
1180 2203 63 21 made

659 2236 61 20 upon
734 2236 57 20 your
805 2228 130 28 Lordship's
951 2229 52 22 time
1019 2230 36 21 for
1068 2230 38 21 the
1120 2229 85 22 redress
1221 2230 26 21 of

658 2256 137 26 grievances,
815 2263 25 14 or
853 2255 39 22 the
910 2256 126 22 alleviation
1054 2256 25 21 of
1090 2256 38 22 the
1146 2256 97 22 miseries

659 2282 45 21 and
715 2282 115 26 sufferings
845 2283 26 21 of
888 2282 37 22 the
943 2283 93 22 settlers.
1079 2282 55 22 Had
1153 2284 90 26 Captain

660 2308 101 28 Hobson,
772 2309 87 22 instead
869 2309 27 22 of
914 2310 107 26 throwing
1038 2310 107 22 discredit
1162 2317 28 14 on
1207 2310 36 21 the

659 2336 59 21 titles
737 2336 35 21 of'
784 2336 37 21 the
837 2336 48 22 first
899 2336 92 27 settlers,
1007 2336 47 22 and
1071 2337 133 27 attempting
1221 2340 23 18 to

658 2362 69 23 found
746 2370 14 14 a
775 2370 51 14 new
842 2363 80 27 colony
939 2371 29 14 on
983 2363 38 22 the
1036 2364 61 21 ruins
1113 2364 26 21 of
1150 2364 37 21 the
1198 2363 44 27 old,

659 2389 40 22 but
709 2389 120 22 contented
838 2390 93 21 himself
945 2390 51 21 with
1005 2390 39 22 the
1059 2393 57 19 state
1133 2390 25 22 of
1170 2390 73 28 things

659 2423 24 14 as
694 2416 28 21 he
730 2416 73 22 found
814 2416 67 28 them,
893 2416 43 22 and
943 2416 62 23 acted
1016 2417 23 21 in
1047 2417 137 22 accordance
1192 2417 51 21 with

659 2443 35 22 his
713 2443 47 22 first
775 2443 79 27 pledge
871 2444 28 21 of
914 2444 132 27 confirming
1067 2444 38 21 the
1120 2444 85 22 settlers
1219 2444 24 21 in

655 2470 70 27 justly
734 2470 85 26 bought
829 2470 73 26 lands,
913 2470 56 22 New
980 2470 102 22 Zealand
1099 2471 72 21 would
1186 2471 56 21 have

660 2497 56 21 been
732 2500 24 18 at
772 2496 37 22 the
824 2499 90 24 present
928 2502 101 17 moment
1046 2505 42 13 one
1104 2498 26 20 of
1141 2498 36 20 the
1188 2501 57 18 most

659 2523 132 27 flourishing
800 2524 97 21 colonies
906 2524 120 28 belonging
1036 2527 22 19 to
1070 2524 39 21 the
1127 2524 77 22 Crown
1221 2525 26 21 of

660 2550 110 26 England.
800 2550 36 22 On
845 2550 34 22 his
889 2551 81 21 arrival
980 2552 60 26 here,
1049 2551 27 21 he
1086 2551 72 21 found
1168 2551 28 21 all
1207 2552 36 21 the

658 2577 107 22 elements
775 2576 26 22 of
810 2577 131 28 prosperity,
953 2578 100 27 comfort,
1065 2578 45 21 and
1117 2578 125 27 happiness,

657 2604 23 21 in
689 2604 40 21 full
740 2604 45 21 and
800 2604 72 22 active
889 2605 119 27 operation.
1052 2605 45 21 But
1113 2604 89 22 instead
1220 2605 26 21 of

659 2630 127 28 cherishing
796 2631 43 21 and
848 2632 129 26 promoting
990 2632 104 27 industry
1108 2631 45 22 and
1172 2634 72 20 enter-

656 2658 66 27 prize,
744 2658 38 21 the
797 2658 48 21 first
859 2661 38 18 act
913 2659 27 21 of
956 2658 34 22 his
1008 2659 152 21 Government
1170 2666 42 14 was
1221 2662 22 18 to

658 2684 97 28 suspend
770 2684 68 28 them,
857 2684 64 28 until,
942 2685 29 27 by
985 2684 38 23 the
1042 2685 107 28 impolicy
1169 2685 24 21 of
1210 2685 34 22 his

658 2711 133 27 succeeding
806 2719 119 20 measures,
941 2712 29 22 he
985 2712 67 22 could
1066 2712 30 22 be
1112 2712 96 22 enabled
1221 2716 23 18 to

658 2738 89 28 destroy
756 2739 63 21 them
828 2738 131 27 altogether.
1001 2739 28 21 In
1046 2739 37 21 the
1101 2739 143 28 accomplish-

659 2767 61 19 ment
738 2766 25 20 of
779 2765 45 21 this
836 2765 104 22 laudable
954 2773 95 20 purpose
1066 2766 28 21 he
1112 2773 46 15 was
1173 2766 23 21 in
1208 2766 36 22 the

659 2791 47 21 first
723 2792 102 21 instance
838 2792 132 27 powerfully
986 2793 94 21 assisted
1095 2793 31 26 by
1141 2793 38 21 the
1200 2793 45 21 Go-

659 2825 83 15 vernor
752 2818 44 22 and
807 2819 94 21 Council
910 2820 27 21 of
947 2820 56 21 New
1019 2819 71 23 South
1099 2819 84 22 Wales.
1212 2821 34 21 Sir

660 2844 88 28 George
759 2845 77 32 Gipps,
847 2845 30 27 by
897 2853 14 14 a
929 2846 84 27 species
1031 2847 27 21 of
1073 2847 122 26 reasoning
1212 2847 33 21 for

660 2870 74 23 which
750 2872 29 21 he
794 2872 19 21 is
823 2870 147 29 remarkable,
976 2890 2 6 r
981 2873 70 27 easily
1059 2873 118 27 prevailed
1186 2880 58 21 upon

659 2896 35 24 his
704 2898 92 22 Council
806 2901 22 19 to
837 2905 52 20 pass
899 2906 13 13 a
920 2899 51 27 law,
983 2899 116 28 declaring
1108 2900 37 22 all.
1149 2900 60 22 titles
1223 2903 22 19 to

659 2923 53 22 land
725 2924 93 22 invalid.
859 2924 55 22 This
928 2926 46 21 Act
979 2933 52 15 .was
1047 2926 99 22 founded
1167 2934 27 14 on
1203 2930 43 19 two

659 2952 153 26 propositions,
822 2952 23 21 in
857 2952 38 21 the
910 2952 61 22 truth
986 2952 26 22 of
1021 2953 75 21 which
1108 2954 43 21 few
1168 2953 78 23 honest

661 2985 52 14 men
723 2978 45 22 will
776 2978 29 22 be
815 2978 101 28 disposed
930 2982 23 18 to
958 2986 75 20 -agree
1050 2980 53 21 with
1115 2980 41 22 his-
1167 2980 79 22 Excel-

660 3004 72 28 lency,
751 3004 38 22 the
808 3005 46 21 first
872 3006 27 20 of
919 3006 72 21 which
1015 3007 32 21 is:
1073 3006 49 22 that
1144 3014 99 20 savages,

662 3031 116 27 (meaning
788 3031 36 22 the
833 3032 137 22 inhabitants
985 3032 27 22 of
1029 3040 68 20 every
1111 3033 74 28 newly
1202 3033 44 23 dis-

660 3058 95 22 covered
765 3060 111 26 country,)
893 3059 119 27 according
1021 3063 24 19 to
1054 3067 62 15 some
1127 3060 120 22 American

660 3085 83 22 writers
767 3093 29 14 on
817 3086 37 21 the
878 3085 54 22 Law
951 3086 26 21 of
993 3087 103 26 Nations,
1116 3087 47 21 and
1184 3094 61 16 more

661 3112 118 27 especially
789 3112 121 27 according
919 3115 23 19 to
957 3113 36 21 the
1009 3113 98 22 humane
1125 3117 84 19 custom
1223 3115 26 21 of

659 3138 38 22 the
716 3139 131 22 Americans
866 3139 139 28 themselves,
1025 3141 24 21 in
1067 3141 82 26 regard
1166 3144 22 18 to
1209 3141 36 22 the

659 3166 87 22 natural
755 3166 138 22 inhabitants
904 3166 25 22 of
940 3167 57 21 their
1010 3171 101 24 country,
1120 3175 51 15 .can
1178 3183 4 7 .
1186 3167 58 23 have

660 3199 30 14 no
699 3192 59 28 right
767 3193 26 21 of
803 3195 106 26 property
922 3193 24 22 in
958 3193 37 22 the
1011 3194 41 22 soil
1066 3194 54 28 they
1131 3202 84 20 occupy
1215 3207 30 4 —

661 3226 24 14 or
700 3219 23 22 in
740 3219 40 22 the
795 3223 94 24 country
909 3221 72 21 where
996 3221 54 28 they
1066 3229 37 14 are
1122 3222 79 28 placed
1216 3223 40 27 by'

658 3246 142 28 providence.
833 3247 49 21 The
892 3248 82 21 second
986 3248 137 27 proposition
1135 3256 51 20 was,
1198 3249 48 22 that

659 3272 38 22 the
716 3274 123 26 aboriginal
856 3274 138 22 inhabitants
1013 3275 27 22 of
1064 3275 64 23 New,
1146 3276 106 22 Zealand'

660 3306 36 14 are
715 3307 97 20 savages,
832 3300 199 29 notwithstanding
1050 3301 38 23 the
1103 3303 46 21 fact
1166 3303 25 21 of
1209 3303 36 22 the

660 3327 79 24 Queen
748 3327 26 21 of
786 3327 105 27 England
901 3327 84 27 having
994 3328 107 22 obtained
1110 3329 60 22 from
1184 3329 61 23 them

658 3354 32 27 by
706 3356 73 25 treaty
798 3353 38 22 the
853 3354 86 22 cession
947 3355 2 4 '
956 3355 25 21 of
998 3355 64 22 their-
1071 3355 175 28 acknowledged

659 3380 147 28 sovereignty,
824 3380 37 22 the
876 3380 90 27 highest
979 3382 61 27 right
1053 3382 50 22 that
1118 3390 43 15 can
1170 3383 27 22 be
1209 3391 36 14 ex-

661 3407 84 23 ercised
755 3408 29 27 by
798 3414 42 20 any
860 3414 53 15 man
932 3415 25 15 or
974 3408 60 29 body
1052 3409 24 22 of
1097 3417 61 15 men.
1195 3410 48 22 The

659 3434 117 26 inference,
780 3434 57 22 from
846 3434 63 22 these
917 3437 44 19 two
967 3435 147 28 propositions
1121 3444 46 15 was
1176 3437 67 27 plain,

660 3461 46 21 and
715 3461 69 28 easily
793 3461 90 22 arrived
892 3465 29 23 at,
932 3462 51 27 viz.,
1000 3463 50 22 that
1066 3463 38 22 the
1120 3463 92 23 Natives
1223 3464 26 22 of

661 3488 55 22 New
726 3488 100 22 Zealand
840 3488 85 27 having
941 3489 50 22 thus
1005 3489 58 23 been
1081 3491 86 27 proved
1181 3493 22 19 to
1216 3491 29 21 be

661 3522 97 20 sayages,
770 3515 82 27 having
862 3523 30 14 no
902 3515 61 28 right
972 3519 35 24 to,-
1013 3524 25 15 or
1050 3517 93 23 interest
1158 3518 31 25 in,
1209 3517 46 23 the_

659 3541 54 22 land
718 3541 53 28 they
781 3541 43 23 live
835 3550 34 19 on,
878 3541 298 28 allpurcha_sesmadefrom
1183 3543 62 23 them

660 3568 30 28 by
700 3568 37 23 the
747 3568 138 24 inhabitants
895 3569 28 24 of
932 3569 103 24 civilized
1046 3571 113 22 countries
1169 3571 76 27 of.any

661 3596 26 22 of
697 3595 38 23 the
746 3596 71 22 minor
824 3596 78 27 rights,
914 3597 55 22 such
979 3604 24 15 as
1017 3597 68 28 land,-
1096 3605 58 15 were
1170 3597 78 28 illegal

659 3622 53 22 and.
723 3622 92 27 invalid,
832 3623 52 27 and,
901 3625 168 28 consequently,
1089 3624 119 27 belonged,
1216 3625 29 26 by

659 3649 60 28 right
729 3653 22 19 to
762 3649 40 22 the
812 3650 79 22 Crown
902 3651 25 21 of
938 3651 112 27 England.
1089 3651 55 28 But,
1144 3651 53 23 with
1207 3651 37 22 the

659 3677 62 25 view,
726 3677 25 21 of
755 3676 101 32 .keeping
866 3677 58 22 alive
932 3684 14 16 a
955 3679 86 22 certain
1046 3681 94 19 amount
1147 3677 26 23 of
1179 3677 64 28 hope,

660 3703 45 23 and
712 3710 13 16 a
734 3703 110 28 lingering
854 3705 139 26 expectation
1003 3705 23 22 in
1036 3705 39 23 the
1086 3705 74 22 minds
1170 3705 25 21 of
1206 3705 37 21 the

659 3730 96 25 settlers;
764 3730 27 22 of
801 3729 67 29 being
878 3731 50 23 able
939 3735 23 18 to
970 3733 73 21 retain
1052 3739 63 16 some
1124 3731 86 28 portion
1223 3731 26 22 of

659 3757 58 23 their
730 3757 131 32 properties,
872 3765 27 15 or
906 3758 75 23 rather
989 3759 56 23 with
1054 3759 39 22 the
1101 3757 114 24 intention,
1222 3758 27 22 of

660 3787 112 24 extorting
786 3790 59 16 some
856 3792 82 20 money
947 3785 57 23 from
1014 3785 70 27 them,
1094 3785 29 23 in'
1130 3785 38 22 the
1177 3785 68 28 shape

659 3811 26 23 of
695 3811 47 22 fees
757 3810 44 22 and
816 3811 63 27 fines,
897 3812 18 25 it
919 3820 61 21 i,was.
987 3812 129 27 graciously
1130 3811 117 23 intimated

658 3839 50 21 that
725 3837 41 23 her
777 3837 106 28 .Majesty
900 3846 54 17 was.
958 3839 92 28 pleased
1066 3842 23 18 to
1104 3841 68 25 grant
1184 3842 22 18 to
1216 3839 30 21 all

658 3865 44 23 fair
710 3864 131 28 purchasers
851 3866 27 22 of
888 3865 68 28 land,.
961 3865 85 24 certain
1056 3868 108 25 portions.
1170 3865 25 21 of
1208 3865 38 25 the

659 3899 68 20 same,
735 3895 40 19 not
781 3895 22 18 to
809 3891 85 23 exceed
899 3893 24 21 in
929 3899 43 20 any
978 3893 101 23 instance
1085 3895 45 19 two
1137 3892 110 23 thousand

659 3919 43 23 five
719 3918 104 23 hundred
838 3919 45 22 arid
899 3919 60 27 sixty
974 3926 76 19 acres,,
1060 3918 121 27 according
1195 3921 22 19 to
1233 3926 14 16 a

659 3947 84 22 certain
753 3945 59 23 scale
823 3945 26 24 of
859 3945 61 28 price
930 3945 45 24 and
986 3945 53 28 fees,
1057 3945 45 23 and
1118 3945 49 23 that
1183 3945 63 24 three

556 45 247 47 gt»<»feto
830 48 210 40 Zcalautr
1067 50 189 47 <&antn
1278 53 95 49 mp
1395 54 303 47 mitlUnqton
1720 54 251 48 £jpmatot\

1277 133 170 27 Commisioners
1456 139 73 22 would
1537 140 28 22 be
1582 141 119 27 appointed
1717 145 22 18 to
1756 144 101 21 examine

1278 164 28 19 all
1317 163 74 22 claims
1407 166 22 19 to
1444 165 60 22 land.
1544 166 55 22 This
1797 169 61 22 how-

1277 195 57 20 ever,
1343 196 43 15 was
1396 190 37 22 the
1444 192 52 27 only
1504 196 49 23 part
1565 193 27 21 of
1597 192 43 23 .the
1654 194 62 22 boon
1731 194 71 22 which
1817 195 41 22 Has

1277 215 55 21 been
1350 217 123 28 conferred,-
1485 218 62 22 these
1563 219 183 23 Commissioners
1762 227 36 15 are
1814 222 44 21 still

1277 241 110 28 receiving
1404 243 53 27 fees,
1475 244 64 27 fines,
1560 245 45 21 and
1624 246 96 26 salaries,
1749 246 107 28 although

1277 273 57 15 none
1344 268 26 21 of
1381 268 36 22 the
1434 271 119 21 Claimants
1569 271 57 22 have
1641 272 58 21 been
1713 275 42 25 put
1767 272 25 22 in
1807 281 51 19 pos-

1276 293 81 22 session
1367 295 25 21 of
1402 302 29 16 an
1441 297 52 21 inch
1503 298 26 21 of
1539 297 56 22 theii
1607 297 71 22 lands.

1455 328 42 25 {To
1512 330 24 19 be
1548 326 130 30 continued.)

1330 380 195 28 ENGLISH
1554 386 243 23 EXTRACTS.
