3252 4286
493 3288 56 20 THE
568 3288 56 20 HOT
643 3288 94 20 LAKES
756 3288 170 20 CHRONICLE

681 3325 56 13 AND

493 3362 217 20 Tourists'
734 3362 192 20 Journal.

539 3419 170 21 WEDNESDAY,
717 3419 68 17 JULY
793 3421 26 19 10,
828 3421 51 16 1895.

492 3469 47 19 The
548 3469 58 25 reply
621 3469 59 19 made
696 3469 27 25 by
738 3469 36 19 the
793 3469 95 19 Minister
906 3470 22 18 of

493 3495 68 19 Labor
571 3498 20 16 to
602 3495 33 18 Mr
644 3495 22 19 T.
677 3495 139 19 MeKenzieto
825 3495 34 18 the
868 3495 59 20 effect

494 3521 45 19 that
557 3521 35 19 the
611 3522 137 19 Government
766 3521 67 20 would
852 3523 21 17 at
892 3521 35 20 the

494 3547 82 19 earliest
598 3547 131 25 opportunity
750 3547 52 19 have
819 3553 13 12 a
850 3548 77 18 careful

494 3572 90 25 analysis
593 3573 59 18 made
662 3572 27 25 by
699 3579 12 12 a
724 3575 115 23 competent
856 3575 71 23 expert

494 3598 21 20 of
525 3598 35 19 the
571 3599 88 18 curative
673 3601 72 16 waters
763 3598 65 19 which
844 3598 83 20 abound

494 3625 21 18 in
525 3624 42 19 this
586 3624 78 19 district
680 3624 42 19 will
741 3624 26 19 be
785 3624 77 19 viewed
878 3625 48 19 with

494 3650 127 19 satisfaction
656 3649 26 20 So
703 3650 32 18 far
753 3656 22 13 as
792 3650 57 19 those
868 3650 59 20 baths

494 3676 137 23 immediately
642 3675 64 19 under
715 3676 35 18 the
766 3676 78 18 control
856 3676 21 19 of
892 3676 35 20 the

494 3702 85 19 medical
595 3701 167 26 superintendent
776 3704 22 16 at
812 3701 34 19 the
863 3702 49 19 Sana-

494 3727 75 19 torium
579 3734 34 12 are
622 3727 110 19 concerned
741 3728 35 18 the
785 3728 112 25 properties
905 3729 22 18 of

494 3753 34 19 the
539 3756 72 16 waters
621 3760 33 12 are
665 3753 119 26 sufficiently
799 3753 125 24 wellknown,

494 3779 40 19 and
545 3779 53 19 their
609 3779 68 19 effects
692 3786 26 12 on
736 3779 77 19 certain
832 3779 94 20 ailments

494 3805 52 24 fully
555 3805 157 19 demonstrated.
740 3805 65 19 There
816 3810 40 17 are,
870 3805 42 19 how-

494 3836 53 18 ever,
567 3837 110 13 numerous
698 3831 36 18 hot
752 3831 81 25 springs
852 3831 20 18 in
892 3831 34 19 the

494 3856 155 24 neighborhood
658 3857 21 18 of
687 3857 33 18 the
731 3857 87 23 Kuiiau,
828 3856 35 19 the
879 3863 36 18 pro-

494 3882 74 24 perties
590 3882 21 19 of
629 3882 65 20 which
711 3889 34 12 are
765 3882 159 24 undetermined,

494 3913 48 13 save
559 3907 45 19 that
623 3915 30 12 wo
675 3915 34 12 are
734 3915 66 13 aware
823 3908 45 19 that
891 3908 35 19 the

494 3936 73 17 waters
577 3934 21 17 of
607 3933 33 18 the
651 3934 53 19 main
713 3934 47 25 pool
769 3934 82 19 contain
866 3934 60 19 much

493 3959 62 19 silicic
572 3958 45 19 acid
635 3960 40 17 and
693 3960 81 19 become
793 3960 89 19 alkaline
900 3967 26 12 on

492 3991 101 19 exposure
604 3988 21 15 to
631 3984 35 19 the
675 3986 133 24 atmosphere.
837 3986 26 19 Of
870 3987 56 18 these

492 4011 83 25 sjirings
584 4013 40 17 two
640 4016 34 13 are
691 4011 21 19 in
729 4011 87 25 popular
837 4017 36 13 use
886 4012 41 19 and

491 4036 51 20 rude
559 4036 88 25 bathing
662 4037 170 19 accommodation
847 4038 18 18 is
879 4043 36 19 pro-

491 4062 69 20 vided.
587 4063 65 19 These
665 4068 33 13 are
710 4062 74 20 known
793 4070 23 12 as
825 4064 36 18 the
872 4063 42 19 Lob-

492 4090 41 18 ster
543 4089 41 19 and
601 4089 34 19 the
652 4087 70 21 Venus
738 4088 66 25 baths,
824 4089 36 19 but
873 4089 54 19 their

492 4116 59 18 exact
572 4114 113 25 properties
703 4120 35 14 are
758 4115 108 24 unknown,
886 4115 41 19 and

952 115 52 20 their
1016 116 117 25 reputation
1147 121 23 14 as
1186 115 98 20 remedial
1306 116 78 25 agents,

951 142 22 20 in
989 146 55 14 cases
1063 142 21 18 of
1102 141 134 19 rheumatism
1256 141 40 20 and
1315 149 22 13 so
1353 148 32 17 on,

951 170 51 17 rests
1011 166 85 25 entirely
1107 173 24 13 on
1141 166 88 27 popular
1238 168 88 25 opinion.
1343 167 43 20 The

950 192 102 25 notoriety
1062 192 65 20 which
1148 193 49 25 they
1214 193 52 19 have
1283 193 102 24 obtained,

951 218 40 20 and
1003 219 33 19 tho
1049 219 73 19 favour
1138 219 51 19 with
1205 219 66 20 which
1289 220 48 25 they
1352 226 34 13 are

952 244 105 26 regarded,
1073 250 34 14 are
1117 244 40 20 due
1165 245 22 19 in
1197 252 13 13 a
1226 249 58 21 great
1294 252 91 14 measure

952 273 20 16 to
981 271 35 19 the
1025 271 42 19 Jfact
1077 271 44 19 that
1131 271 49 25 they
1197 278 34 12 are
1251 277 52 19 open
1321 274 21 16 to
1359 272 27 19 all

951 296 87 19 without
1048 297 50 18 fees.
1126 296 21 19 It
1158 297 24 23 is,
1194 298 22 18 of
1230 303 76 18 course,
1314 297 41 20 idle
1366 301 19 17 to

951 327 87 21 suppose
1058 322 31 19 for
1109 328 12 13 a
1139 325 90 17 moment
1258 323 45 19 that
1329 324 57 19 these

951 349 81 24 springs
1040 348 25 19 do
1075 351 35 16 not
1129 353 80 20 possess
1230 348 90 20 curative
1339 355 34 19 pro-

950 374 75 25 perties
1033 380 22 13 as
1068 374 44 19 well
1129 381 23 12 as
1171 375 35 19 the
1224 375 69 18 others
1312 376 21 18 in
1351 376 34 19 the

951 399 84 24 district;
1048 406 31 13 we
1089 399 67 20 would
1166 400 49 26 only
1226 401 57 24 point
1296 404 35 16 out
1341 402 44 19 thut

950 432 26 12 no
987 431 73 20 proper
1069 425 88 24 analysis
1171 426 37 19 has
1216 429 35 23 yet
1265 427 51 19 been
1326 428 59 18 made

951 452 22 18 of
982 452 34 19 the
1031 454 78 21 waters,
1130 452 41 19 and
1191 459 26 12 no
1239 452 145 20 authoritative

951 477 85 19 medical
1045 477 83 26 opinion
1136 481 35 21 3-et
1182 478 66 26 given,
1268 485 22 12 as
1302 482 18 15 (o
1331 480 54 18 what

951 504 93 18 ailments
1065 503 47 24 they
1130 510 35 13 are
1192 511 55 12 more
1272 505 112 25 peculiarly

950 528 98 26 qualified
1058 531 20 17 to
1086 529 101 21 alleviate.
1210 531 92 19 Another
1312 534 73 16 matter

951 555 65 19 which
1029 561 28 13 we
1067 555 66 19 would
1141 556 58 25 point
1209 560 35 16 out
1254 556 17 20 is
1281 555 51 26 this:
1350 556 34 20 the

951 581 93 24 analyses
1055 580 77 20 hithrto
1147 581 98 21 obtained
1260 583 52 19 have
1326 583 21 19 in
1356 583 19 18 al-

950 609 53 17 most
1014 613 60 20 every
1084 607 91 20 instance
1185 608 52 20 been
1250 609 59 19 made
1319 611 21 16 at
1349 608 35 19 the

950 632 139 20 Government
1096 633 135 26 Laboratory,

951 659 41 19 and
1002 659 79 26 though
1091 659 35 19 the
1135 666 97 20 accuracy
1243 661 20 18 of
1274 660 35 18 the
1318 666 52 12 exam-

950 685 79 19 ination
1039 685 59 19 made
1105 685 17 19 is
1129 686 146 25 indisputable,
1286 686 16 18 it
1310 687 75 17 cannot

950 710 26 20 be
983 711 129 25 satisfactory
1119 712 70 19 unless
1196 711 115 26 performed
1317 717 26 13 on
1350 711 34 19 the

950 739 52 23 spot.
1029 737 43 20 The
1080 738 81 25 cooling
1170 739 22 18 of
1201 738 35 19 the
1243 739 67 21 water,
1318 736 66 20 which

950 762 130 26 precipitates
1089 763 75 20 certain
1173 764 61 19 solids
1243 763 48 19 held
1297 762 20 19 in
1326 763 45 18 solu-

950 789 43 19 tion
1003 789 60 19 while
1070 790 35 19 the
1114 790 66 24 liquid
1190 790 17 18 is
1216 789 41 23 hot,
1269 789 34 18 the
1314 795 70 18 escape

950 821 23 13 or
984 815 158 25 decomposition
1151 816 22 18 of
1182 814 76 20 certain
1269 821 58 19 gases
1336 814 48 19 with

951 841 65 19 which
1024 841 35 19 the
1067 844 62 16 water
1136 840 17 19 is
1161 846 55 13 more
1222 847 22 12 or
1250 840 40 19 less
1295 839 89 26 charged

950 868 35 19 the
1001 867 95 25 slightest
1112 867 139 25 evaporation,
1279 866 46 23 will,
1347 872 37 13 one

951 900 22 12 or
983 893 33 22 all,
1029 892 59 19 effect
1095 892 34 19 the
1139 892 71 19 result.
1227 892 21 19 If
1252 892 35 19 the
1295 892 77 19 Govern-

951 920 55 18 ment
1017 918 76 22 intend,
1105 918 107 23 therefore,
1226 920 21 17 to
1257 918 49 19 send
1317 925 25 11 an
1350 924 23 12 ex-

951 949 45 21 pert
1005 944 48 19 here
1063 944 25 18 ho
1106 946 55 16 must
1179 943 25 20 be
1218 944 101 25 provided
1335 944 49 19 with

951 977 25 13 an
987 971 111 24 apparatus
1111 969 66 19 which
1194 971 40 18 will
1253 970 72 18 enable
1342 970 42 18 him

951 999 20 16 to
981 998 39 16 test
1033 996 34 18 the
1084 996 113 24 properties
1213 997 21 18 of
1250 997 48 18 each
1314 996 70 25 spring

950 1028 22 13 as
980 1022 16 18 it
1006 1021 64 19 issues
1080 1022 51 18 from
1142 1022 35 19 the
1191 1023 86 24 ground.

976 1048 25 18 In
1012 1048 86 18 another
1104 1047 81 19 column
1194 1048 40 19 will
1244 1049 25 18 be
1277 1047 64 20 found
1350 1047 34 19 the

950 1074 40 24 gist
1000 1073 22 19 of
1031 1079 12 12 a
1059 1074 140 19 conversation
1215 1074 93 19 between
1324 1080 13 13 a
1352 1080 22 12 re-

949 1099 136 25 presentative
1096 1100 21 18 of
1129 1099 35 19 the
1175 1099 119 20 Chroxicle
1305 1100 39 19 and
1356 1099 29 19 Dr

950 1125 93 22 Ginders,
1066 1125 87 19 medical
1176 1126 168 25 superintendent
1364 1129 21 15 at

950 1151 33 19 tho
1004 1151 136 23 Sanatorium,
1165 1152 21 19 in
1210 1152 74 22 regard
1306 1155 20 16 to
1350 1151 35 20 the

950 1177 72 19 second
1032 1178 68 19 clause
1110 1179 22 18 of
1145 1178 35 19 Mr
1195 1178 129 19 McKenzie's
1343 1185 28 12 mo-

950 1204 48 18 tion.

950 1270 43 16 Till-:
1002 1270 53 16 other
1065 1269 36 24 day
1111 1276 27 12 we
1147 1270 73 18 rcoivcd
1230 1271 48 17 from
1288 1269 96 24 Ngapuhi,

949 1298 11 12 a
969 1293 49 16 chief
1034 1294 20 16 of
1068 1293 32 17 the
1113 1293 131 23 Ngatiwhare,
1258 1300 11 10 it
1286 1295 64 21 report,
1366 1294 19 16 of

950 1316 32 17 the
991 1316 83 24 meeting
1083 1317 20 16 of
1114 1317 33 17 the
1161 1316 57 19 heads
1232 1317 21 17 of
1269 1317 31 16 tlio
1316 1316 58 22 Xgati-

950 1338 68 21 whare,
1037 1339 141 22 Xgatimaniwa
1195 1340 37 17 and
1246 1339 65 18 Tuhoe
1328 1339 57 18 tribes

950 1363 46 16 with
1006 1362 32 17 the
1048 1363 50 17 Hon.
1108 1363 65 17 James
1182 1364 66 17 Carrol
1253 1365 19 15 at
1281 1363 25 17 To
1315 1363 70 17 Whaiti

949 1385 38 18 last
996 1386 73 17 month.
1094 1386 39 17 The
1142 1386 38 17 <*ist
1189 1387 21 17 of
1223 1386 37 18 this
1276 1387 63 22 report
1352 1387 33 16 has

949 1408 48 17 been
1005 1409 76 22 already
1089 1409 101 23 published
1201 1410 19 17 in
1235 1410 52 17 these
1300 1409 85 18 columns

949 1432 36 17 but
1004 1437 28 12 we
1053 1438 31 12 arc
1104 1432 90 19 indebted
1214 1434 20 16 to
1255 1433 32 17 Mr
1302 1432 83 18 William

950 1455 72 23 Rogers
1031 1456 30 16 for
1069 1462 11 10 a
1088 1456 62 17 literal
1159 1456 113 17 translation
1278 1456 20 16 of
1307 1456 50 16 what
1364 1456 20 18 is.

950 1478 19 17 in
978 1479 24 16 its
1015 1479 87 22 entirety,
1118 1485 12 11 a
1142 1484 45 17 very
1201 1479 111 23 interesting
1328 1478 46 18 docu-

950 1502 58 17 ment.
1034 1502 20 17 It
1062 1503 89 21 purports
1164 1504 21 15 to
1197 1503 30 18 be,
1245 1502 38 17 and
1298 1508 26 10 we
1338 1502 47 17 have

950 1524 49 17 little
1008 1524 59 18 doubt
1074 1526 21 17 is,
1111 1531 11 11 a
1135 1525 93 18 verbatim
1243 1526 64 21 report
1321 1525 20 17 of
1354 1525 31 17 the

950 1547 87 23 speeches
1047 1548 59 17 made,
1116 1549 36 16 but
1160 1550 54 21 apart
1224 1549 48 16 from
1288 1549 38 16 Lhul
1342 1549 15 16 it
1371 1548 14 16 is

950 1577 20 10 as
979 1578 10 9 a
999 1571 77 22 literary
1085 1571 95 21 cariosity,
1193 1572 20 17 of
1227 1573 55 22 great
1295 1571 54 18 value
1366 1573 19 15 to

950 1594 32 16 the
990 1594 117 23 philologist.
1134 1594 34 19 We
1176 1594 48 19 shall
1241 1595 42 17 take
1297 1601 24 10 an
1335 1594 50 23 early

950 1617 124 23 opportunity
1091 1618 19 17 of
1126 1617 113 24 publishing
1253 1618 14 17 it
1281 1618 19 16 in
1315 1618 24 16 its
1352 1623 22 12 en-

950 1640 63 16 tirety.

964 1701 105 23 LOCAL
1083 1702 96 23 NEWS
1190 1702 70 23 AND
1274 1702 109 23 NOTES.

973 1768 40 17 The
1022 1770 45 15 next
1079 1768 84 23 meeting
1172 1770 20 15 of
1201 1769 32 18 the
1250 1770 57 16 Town
1324 1769 62 17 Hoard

950 1791 54 18 takes
1011 1790 54 23 place
1074 1797 24 13 on
1110 1791 119 24 Wednesday
1237 1792 33 18 the
1286 1792 42 18 17th
1342 1793 43 17 inst.

950 1814 19 17 in
978 1815 33 16 the
1020 1815 57 17 Court
1090 1815 71 17 House.

973 1846 38 18 The
1020 1846 69 18 official
1098 1846 91 23 assignoc,
1199 1847 33 17 has
1242 1846 103 23 petitioned
1355 1847 31 18 the

950 1871 127 16 Government
1087 1872 19 14 to
1116 1870 43 16 take
1168 1876 44 11 over
1223 1871 32 16 the
1264 1876 67 17 survey
1340 1871 46 17 liens

950 1893 84 23 forming
1043 1895 19 15 to
1071 1900 11 9 a
1098 1894 55 20 great
1168 1895 66 16 extent
1248 1893 31 17 the
1294 1895 58 16 assets
1368 1894 18 17 in

950 1916 32 17 the
991 1917 60 16 estate
1059 1916 20 17 of
1089 1916 67 22 Henry
1164 1917 77 16 Walker
1250 1916 92 19 Mitchell.

973 1947 38 17 'Die
1021 1949 126 21 temperature
1158 1949 20 15 of
1194 1949 33 16 the
1244 1948 76 18 Priest's
1337 1949 49 16 Bath

950 1971 70 21 during
1029 1971 32 16 the
1070 1972 41 22 past
1123 1971 50 17 week
1183 1971 72 21 ranged
1268 1972 48 17 from
1331 1972 21 17 94
1367 1973 19 16 to

952 1995 38 16 104.
1008 1994 38 17 and
1062 1994 41 17 that
1117 1994 21 17 of
1148 1994 32 17 the
1188 1995 82 22 Sulphur
1280 1995 48 16 Hath
1338 1996 48 15 from

950 2018 21 16 !)S
982 2018 19 16 to
1012 2018 32 16 10S
1053 2017 43 22 deg.

973 2052 17 16 A
1000 2051 62 18 choice
1072 2051 87 18 selection
1176 2053 21 16 of
1210 2052 56 22 fancy
1283 2051 103 24 stationery

950 2074 46 17 with
1005 2074 53 17 floral
1068 2075 81 21 designs,
1163 2075 40 17 also
1212 2074 60 19 tinted
1290 2076 45 17 note
1348 2076 38 16 and

950 2098 99 22 envelopes
1058 2104 31 11 are
1097 2104 24 11 on
1131 2098 39 16 snh.
1186 2098 21 16 at
1222 2098 32 16 the
1269 2098 117 17 Otnuixior.K

950 2121 85 17 Office-*

973 2147 38 19 The
1021 2148 81 22 Library
1110 2148 113 17 Committee
1237 2150 49 15 meet
1300 2149 86 21 to-night

950 2173 20 15 at
989 2172 10 15 8
1016 2170 72 18 o'clock
1102 2171 55 18 when
1180 2172 33 17 the
1230 2171 120 24 advisability
1367 2173 19 16 of

950 2194 79 21 making
1038 2194 69 18 certain
1117 2195 82 21 changes
1208 2195 19 17 in
1237 2194 32 18 the
1278 2201 108 17 newspaper

950 2217 37 17 and
996 2218 97 21 magazine
1101 2218 37 18 list,
1149 2218 38 17 and
1196 2218 54 17 other
1262 2220 77 16 matters
1348 2219 38 17 will

950 2241 23 16 be
982 2240 114 18 considered.

976 2268 38 17 The
1023 2267 66 18 tender
1098 2269 19 16 of
1126 2269 70 16 Messrs
1205 2269 78 16 Heenan
1293 2267 38 19 and
1335 2269 51 18 Giles

951 2291 34 17 has
999 2291 47 18 been
1062 2291 89 23 accepted
1167 2292 25 22 by
1208 2292 31 17 Mr
1249 2292 21 17 E.
1281 2292 105 18 Robertson

950 2315 30 16 for
989 2314 32 17 tin;
1030 2314 51 17 work
1091 2316 19 16 of
1119 2315 85 22 erecting
1211 2321 42 11 new
1267 2315 68 17 stables
1349 2315 37 17 and

951 2338 98 21 removing
1057 2338 38 16 and
1107 2339 85 20 erecting
1205 2339 32 16 old
1252 2338 76 18 stables,
1346 2338 39 20 &c,

951 2366 23 11 on
985 2361 31 16 the
1023 2366 65 12 comer
1093 2361 21 17 of
1122 2361 94 18 Hinemoa
1230 2361 37 18 and
1281 2361 104 18 Tutanckai

950 2384 77 16 Streets.

972 2412 32 17 Mr
1012 2413 21 16 C.
1042 2412 61 17 White
1112 2412 34 18 has
1155 2412 57 18 taken
1221 2419 26 17 up
1256 2412 31 18 the
1297 2413 61 17 duties
1367 2413 20 18 of

950 2434 97 24 telegraph
1057 2434 81 19 lineman
1148 2435 49 22 here,
1209 2436 37 17 and
1255 2436 33 17 has
1298 2436 46 17 been
1357 2436 20 17 al-

949 2458 60 17 lowed
1019 2459 32 17 the
1060 2458 31 18 old
1099 2459 124 17 selioolliou.se
1232 2466 20 10 us
1261 2465 11 11 a
1285 2459 100 17 residence.

949 2481 32 18 Mr
990 2481 62 17 White
1061 2481 33 18 has
1103 2482 30 17 for
1141 2482 33 17 the
1183 2483 35 16 hist
1234 2483 22 17 20
1271 2487 53 18 yours
1338 2482 47 18 been

950 2505 93 16 stationed
1053 2507 19 14 at
1082 2505 31 17 the
1123 2505 98 18 Manukau
1231 2506 63 16 Heads
1303 2506 38 17 and
1355 2512 21 11 ar-

951 2528 51 16 rived
1019 2528 20 16 in
1056 2528 84 18 Botorua
1157 2528 47 18 with
1221 2529 28 17 his
1269 2529 66 19 family
1350 2529 37 17 last

950 2550 57 18 week.

974 2579 37 19 The
1021 2580 78 17 rainfall
1110 2586 20 10 as
1148 2580 88 17 recorded
1250 2581 20 17 at
1281 2580 32 18 the
1327 2580 48 18 Sana-

950 2603 69 17 torium
1028 2603 69 23 during
1105 2603 33 17 the
1146 2604 52 16 week
1206 2604 102 16 amounted
1317 2605 20 16 to
1346 2605 39 16 O'.Sl

950 2626 70 17 inches.
1051 2627 40 16 The
1107 2629 84 19 greatest
1207 2627 33 17 fall
1258 2627 88 18 occurred
1363 2634 24 11 on

951 2650 32 17 the
993 2649 33 17 6th
1046 2649 54 18 when
1114 2649 62 18 O-loin
1194 2650 39 17 fell.
1266 2650 39 17 The
1322 2650 65 18 lowest

952 2673 78 22 reading
1039 2672 20 18 of
1068 2673 31 17 the
1108 2673 135 17 thermometer
1252 2679 37 11 was
1298 2674 39 17 19*2
1350 2674 37 23 deg

951 2702 24 11 on
984 2696 32 17 the
1025 2696 38 17 Nth.

974 2724 70 18 Messrs
1054 2724 45 17 Karl
1108 2725 53 17 Bros,
1176 2725 38 17 and
1231 2725 91 17 Williams
1339 2726 48 16 have

952 2749 19 16 at
981 2749 75 20 present
1069 2747 20 18 in
1096 2748 49 17 their
1162 2748 56 22 yards
1235 2754 11 12 a
1262 2749 89 22 quantity
1367 2749 20 18 of

952 2770 88 23 mangiao
1061 2770 37 17 and
1117 2772 127 21 honeysuckle
1261 2772 80 17 suitable
1358 2773 29 16 for

952 2794 158 17 cabinet-makers
1119 2794 37 17 and
1166 2794 156 18 coach-builders.
1353 2796 22 16 In-

952 2817 84 21 spection
1045 2817 15 17 is
1068 2817 99 17 invited.**

975 2845 39 17 The
1028 2846 72 17 Herald
1113 2847 59 17 states
1181 2847 40 17 that
1232 2847 32 17 the
1273 2848 53 16 extra
1343 2847 43 17 field

952 2869 102 17 allowance
1063 2869 54 17 made
1126 2871 20 15 to
1155 2869 33 18 the
1204 2870 83 22 artillery
1301 2871 37 16 and
1352 2876 23 16 po-

952 2892 34 17 lice
995 2892 18 17 in
1023 2892 33 17 the
1065 2892 78 17 Galatea
1149 2893 73 17 district
1232 2893 14 16 is
1261 2893 58 17 about
1332 2895 20 15 to
1363 2893 23 17 be

952 2915 136 19 discontinued,
1096 2915 38 17 and
1144 2916 64 16 thinks
1217 2916 43 17 that,
1273 2916 20 17 in
1306 2916 48 17 view
1367 2918 19 15 of

952 2939 26 16 tin
981 2939 3 22 1
993 2939 98 21 hardships
1101 2939 122 22 experienced
1229 2940 18 16 in
1254 2940 132 21 camping-out

952 2961 19 17 in
980 2961 32 17 the
1021 2962 73 22 present
1105 2962 99 17 inclement
1214 2963 82 16 weather
1305 2963 45 21 they
1355 2969 31 11 are

952 2984 55 23 fairly
1016 2984 80 17 entitled
1105 2987 20 16 to
1133 2985 22 18 it.

976 3013 106 22 According
1089 3014 20 17 to
1118 3014 33 17 the
1164 3014 93 18 Observer
1271 3020 11 11 a
1297 3015 77 21 consign-

952 3038 50 15 ment
1012 3037 20 16 of
1043 3038 31 15 120
1083 3038 42 16 tons
1134 3038 21 16 of
1164 3037 93 17 furniture
1266 3038 49 17 from
1331 3038 41 21 Eng-

951 3059 44 17 land
1004 3059 85 17 destined
1098 3060 29 16 for
1136 3060 33 17 the
1178 3060 64 18 Grand
1254 3060 64 21 Hotel,
1334 3061 50 20 here,

951 3082 34 17 has
993 3082 47 17 been
1049 3083 68 17 landed
1126 3083 38 17 and
1174 3083 63 18 stored
1246 3083 19 17 in
1279 3083 104 21 Auckland,

950 3106 20 16 in
978 3106 94 17 readiness
1080 3107 20 16 to
1108 3106 24 17 be
1141 3106 106 17 forwarded
1261 3113 25 11 on
1302 3113 20 11 as
1340 3113 45 12 soon

950 3135 21 11 as
979 3128 32 17 the
1026 3129 87 22 building
1126 3129 17 17 is
1159 3130 113 22 sufficiently
1289 3130 96 17 advanced

950 3152 31 16 for
988 3152 24 16 its
1025 3152 102 22 reception.

974 3184 31 16 Mr
1012 3183 20 18 J.
1046 3184 26 17 H.
1087 3184 66 23 Kirby,
1169 3185 21 16 of
1202 3185 33 17 the
1248 3184 83 18 Hawkcs
1345 3186 40 22 Bay

951 3207 72 17 Herald
1039 3207 85 17 editorial
1141 3208 46 17 staff
1201 3208 15 17 is
1233 3210 21 15 at
1270 3210 76 20 present
1366 3208 19 18 in

950 3230 85 17 Botorua
1051 3230 36 17 and
1104 3229 15 19 is
1136 3231 77 22 staying
1229 3233 20 15 at
1265 3231 31 17 Mr
1310 3232 75 16 Brent's

950 3253 96 21 Bathgate
1054 3253 71 18 House.
1151 3254 31 17 Mr
1191 3254 61 22 Kirby
1258 3254 15 17 is
1282 3261 12 10 a
1308 3255 76 17 veteran

950 3281 101 17 pressman,
1061 3277 21 17 of
1090 3276 48 17 wide
1146 3277 37 17 and
1192 3277 64 17 varied
1268 3278 115 23 experience,

950 3299 62 17 whom
1021 3299 15 17 it
1044 3299 15 17 is
1068 3300 70 22 always
1147 3306 12 10 a
1167 3301 85 21 pleasure
1261 3302 19 15 to
1290 3302 55 16 meet.
1359 3302 25 16 As

950 3328 10 11 a
969 3322 64 17 writer
1046 3323 24 16 he
1083 3323 15 17 is
1111 3323 87 22 original,
1214 3330 20 11 as
1251 3329 11 11 a
1278 3325 105 19 raconteur,

950 3351 43 16 racy
1002 3346 37 16 and
1048 3351 26 17 up
1082 3347 20 16 to
1111 3346 50 20 date,
1169 3346 38 17 and
1216 3353 19 10 as
1248 3346 29 17 his
1291 3347 64 17 health
1369 3348 15 16 is

949 3374 11 10 a
969 3368 49 17 little
1027 3368 95 18 shattered
1131 3368 26 23 by
1166 3369 96 19 overwork
1271 3370 15 16 it
1299 3370 15 16 is
1328 3372 20 15 to
1360 3370 25 17 be

950 3391 114 23 profoundly
1073 3391 61 24 hoped
1143 3393 42 17 that
1202 3398 35 11 our
1253 3393 132 22 recuperating

950 3415 67 16 waters
1026 3421 42 16 may
1077 3417 34 15 not
1119 3415 48 17 belie
1176 3415 49 18 their
1233 3416 114 21 reputation.

972 3445 39 17 The
1020 3446 45 17 Rev.
1075 3446 55 17 Thos.
1141 3447 22 16 A.
1173 3447 73 19 Xorrie,
1256 3447 20 16 of
1282 3447 26 17 Te
1313 3447 69 20 Aroha,

950 3468 104 17 conducted
1074 3469 133 23 Presbyterian
1224 3469 73 18 Service
1316 3469 19 18 in
1352 3470 32 17 the

950 3491 126 18 Schoolhouse
1084 3492 47 17 both
1144 3492 90 18 forenoon
1249 3493 38 16 and
1303 3493 81 23 evening

949 3520 25 11 on
990 3515 77 22 Sunday
1084 3515 42 20 last,
1145 3516 31 16 the
1190 3516 112 19 attendance
1315 3518 21 15 at
1352 3516 32 17 the

948 3537 58 18 latter
1019 3537 58 23 being
1090 3538 99 18 excellent.
1214 3539 26 17 At
1257 3539 32 17 the
1302 3539 50 17 close
1364 3540 21 16 of

948 3560 82 23 evening
1038 3562 68 16 service
1115 3562 32 17 the
1156 3562 46 17 Rev.
1216 3562 108 22 gentleman
1339 3562 45 17 took

949 3584 85 17 occasion
1042 3586 20 15 to
1071 3584 60 18 thank
1140 3585 31 17 Mr
1180 3583 59 24 Light
1248 3591 24 11 on
1287 3585 65 18 behalf
1364 3586 20 16 of

948 3607 33 16 the
990 3608 135 21 congregation
1134 3608 30 17 for
1176 3608 29 17 his
1220 3608 38 17 late
1272 3607 78 19 services
1364 3610 20 16 at

948 3629 32 18 the
993 3629 120 19 harmonium
1125 3631 25 18 he
1163 3631 72 22 having
1247 3632 20 16 to
1282 3633 65 15 return
1363 3633 20 16 to

948 3652 122 23 Wellington.
1103 3654 32 17 Mr
1151 3654 67 17 Norric
1235 3654 61 22 hoped
1313 3655 20 17 to
1353 3661 30 10 see

948 3682 87 11 someone
1044 3682 52 12 come
1105 3677 81 17 forward
1196 3677 37 17 and
1240 3673 43 21 take
1289 3677 28 17 his
1323 3677 58 22 place,

948 3699 23 17 he
992 3699 39 17 also
1051 3699 76 19 advised
1148 3700 32 17 the
1197 3706 66 16 young
1279 3701 66 21 people
1363 3702 20 16 to

948 3722 86 22 organise
1055 3729 10 10 a
1082 3723 52 17 choir
1150 3729 20 11 as
1186 3723 24 16 he
1227 3723 108 18 considered
1351 3723 32 18 the

948 3745 77 22 singing
1033 3746 20 16 to
1061 3746 23 16 be
1093 3746 20 17 of
1125 3751 21 12 as
1160 3746 56 17 much
1230 3746 117 23 importance
1364 3753 19 10 as

948 3768 32 16 the
993 3769 108 22 preaching.

971 3799 24 17 In
1004 3799 54 17 order
1066 3800 20 17 to
1098 3800 67 17 enable
1180 3800 32 17 Mr
1226 3800 86 21 Mueller,
1327 3800 42 17 Com-

948 3821 97 17 missioner
1053 3822 20 17 of
1082 3822 68 19 Crown
1164 3823 70 20 Lands,
1249 3823 37 17 and
1299 3829 12 11 a
1323 3829 45 11 mem-

948 3844 33 17 ber
989 3845 20 16 of
1018 3845 31 16 the
1058 3846 57 17 Town
1124 3846 69 21 Board,
1204 3848 20 15 to
1237 3846 23 17 be
1273 3848 76 20 present
1363 3847 20 16 at

948 3868 33 15 the
997 3868 76 22 sittings
1086 3869 20 16 of
1119 3869 43 17 that
1178 3869 56 22 body,
1253 3869 32 17 the
1301 3869 47 23 days
1364 3869 20 18 of

949 3890 84 23 meeting
1046 3891 38 17 will
1097 3891 20 17 in
1131 3892 63 17 future
1207 3892 24 17 be
1246 3898 24 11 on
1283 3892 32 17 the
1332 3892 51 17 third

948 3913 117 23 Wednesday
1073 3915 19 15 of
1100 3920 45 10 euea
1155 3915 66 17 month
1233 3915 74 17 instead
1319 3915 20 17 of
1352 3916 31 16 the

948 3936 66 17 fourth
1023 3943 20 10 as
1058 3937 111 17 heretofore.
1200 3938 29 22 By
1242 3938 37 17 this
1293 3943 78 17 arrange-

949 3960 51 16 ment
1018 3960 31 16 Mr
1066 3960 81 17 Mueller
1164 3960 37 17 will
1219 3961 60 16 arrive
1295 3960 44 17 here
1359 3967 24 12 on

948 3983 85 22 Tuesday
1041 3983 55 22 night
1106 3983 38 17 and
1153 3984 37 17 will
1200 3985 65 15 return
1273 3983 25 22 by
1313 3984 59 17 Thurs-

948 4005 52 21 day's
1006 4006 49 17 train
1065 4007 20 16 at
1093 4007 33 16 the
1135 4006 121 18 unhallowed
1262 4007 48 16 hour
1315 4007 21 17 of
1341 4007 42 17 four

948 4028 72 17 o'clock
1036 4029 19 16 in
1070 4029 31 17 the
1113 4030 94 22 morning.
1233 4030 20 16 If
1269 4030 32 16 the
1321 4030 63 17 Board

948 4051 63 17 would
1021 4052 72 23 change
1109 4052 50 18 their
1173 4053 38 22 day
1227 4053 20 17 of
1265 4052 83 23 meeting
1364 4054 19 16 to

948 4074 86 22 Tuesday
1042 4075 32 17 Mr
1082 4075 81 17 Mueller
1171 4076 55 17 could
1233 4075 43 17 take
1281 4075 29 17 his
1316 4075 56 23 depar-

948 4097 42 17 ture
999 4097 49 18 from
1056 4098 43 17 here
1109 4099 20 16 at
1138 4099 32 16 the
1179 4104 51 12 more
1244 4098 79 18 sensible
1336 4099 49 18 hour

948 4120 21 17 of
976 4120 11 17 9
995 4126 44 12 a.m.
1048 4120 124 23 Wednesday.

1431 114 39 17 The
1484 114 99 23 following
1596 114 16 18 is
1626 114 33 18 the
1675 115 50 17 team
1742 114 68 18 chosen
1825 116 20 16 to

1409 139 97 20 represent
1514 137 84 18 Rotorua
1607 137 20 18 in
1639 139 32 16 the
1687 138 80 17 football
1781 138 64 17 match

1409 158 47 20 with
1477 160 113 23 Cambridge
1611 166 25 12 on
1658 160 93 23 Saturday
1762 160 72 18 :Full-

1409 182 57 18 back:
1485 183 70 20 Kuka;
1574 184 157 22 Three-quarters
1739 182 4 24 :
1762 183 82 22 Dansoy,

1409 205 85 19 Webber.
1502 205 113 19 TeWiiemu
1623 205 4 24 ;
1642 207 143 22 Five-eighths:
1800 206 33 17 Pel-

1408 229 44 18 ham
1460 229 4 22 ;
1478 229 108 18 Half-back
1594 229 3 22 :
1617 229 99 21 Mitchell;
1736 230 97 21 Wing-for-

1409 253 60 17 wards
1477 252 3 23 :
1490 252 88 23 Kanapu,
1588 252 73 23 Bailey;
1672 252 107 23 Forwards:
1786 252 59 22 Foley

1408 274 69 22 Boord,
1485 275 67 20 Wirra,
1562 275 136 24 Ngarowhata,
1706 275 138 19 Wharetutuki.

1409 299 21 16 A.
1440 299 90 18 Graham,
1541 299 22 17 G.
1577 298 72 22 Steele;
1664 299 137 21 emergencies:
1823 298 21 18 T.

1408 322 72 21 Mayes,
1499 322 108 20 Arawhata,
1626 322 20 17 C.
1665 323 22 16 A.
1710 322 62 17 Clark.
1806 321 39 18 The

1408 346 49 15 team
1467 344 39 17 will
1514 344 52 18 leave
1575 345 44 17 here
1627 351 25 11 on
1663 345 69 22 Friday
1745 345 25 21 by
1779 345 65 17 coach.

1431 377 16 16 A
1456 378 59 15 smart
1524 376 50 22 piece
1583 376 21 17 of
1620 376 46 17 road
1681 376 102 22 surveying
1799 381 45 14 was,

1408 405 27 11 we
1444 405 31 11 are
1484 398 93 19 informed
1586 400 26 21 by
1620 405 24 11 an
1652 398 126 23 independent
1785 398 59 21 critic,

1407 421 71 19 carried
1487 423 34 17 out
1530 422 37 17 last
1575 422 52 17 week
1637 428 24 12 on
1675 423 31 16 the
1722 421 123 19 Rotorua-Te

1407 444 50 19 Teko
1466 444 46 19 road
1526 445 59 17 under
1602 445 32 17 the
1648 445 115 22 supervision
1777 445 21 16 of
1814 445 31 17 Mr

1408 468 64 19 Webb,
1482 469 89 16 assistant
1581 468 152 22 road-surveyor.
1759 468 16 16 A
1788 470 57 20 party

1407 492 20 16 of
1436 490 81 19 thirteen
1527 498 48 14 men,
1586 493 42 15 sent
1635 497 26 17 up
1673 491 21 17 to
1707 489 52 18 work
1772 496 25 12 on
1812 491 33 17 the

1407 514 51 20 road,
1468 514 139 24 unexpectedly
1616 513 72 18 arrived
1696 513 20 18 in
1729 513 115 18 Rotorua'on

1407 543 11 11 a
1428 537 117 23 Wednesday
1553 538 38 17 and
1600 538 31 16 Mr
1640 536 59 19 Webb
1708 536 103 23 proceeded
1825 538 19 16 to

1407 560 81 18 Tikitere
1497 562 20 16 to
1526 561 43 22 give
1577 561 53 17 them
1636 566 12 10 a
1656 561 48 15 start
1712 565 25 11 on
1745 560 33 16 the
1785 559 58 18 work.

1407 583 38 17 The
1460 589 43 11 men
1517 583 73 17 arrived
1604 585 19 15 at
1637 582 48 18 their
1698 587 55 17 camp
1769 588 26 12 on
1811 583 33 17 the

1407 606 99 22 following
1515 606 37 22 day
1560 606 38 17 and
1607 606 25 22 by
1642 604 94 23 Saturday
1744 605 33 17 the
1791 605 52 18 work

1407 635 38 11 was
1454 628 38 18 laid
1502 630 33 16 out
1544 629 38 17 and
1590 629 33 17 the
1635 630 94 16 contracts
1743 628 57 23 ready
1815 630 29 16 for

1407 651 103 24 signature,
1520 658 21 11 so
1550 652 41 16 that
1601 652 32 16 the
1647 656 43 12 men
1704 656 48 12 were
1767 651 42 17 able
1823 652 21 18 to

1407 680 106 12 commence
1533 675 107 21 operations
1657 680 24 12 on
1698 675 32 16 the
1744 675 100 23 following

1407 697 90 22 Monday.
1524 698 29 17 On
1567 698 33 17 the
1617 696 111 24 succeeding
1744 698 100 22 Thursday

1407 721 120 22 twenty-five
1536 727 40 11 mor
1595 726 43 12 men
1647 720 73 19 arrived
1729 721 20 18 at
1761 720 83 18 Tikitere

1406 742 38 18 and
1453 750 24 10 on
1487 744 32 16 the
1526 743 70 23 Friday
1605 744 33 16 the
1652 745 94 16 contracts
1759 745 31 16 for
1805 744 39 18 this

1406 767 56 25 party
1479 773 48 10 were
1544 767 25 16 all
1586 767 63 22 ready,
1667 767 27 17 let
1711 766 39 18 and
1770 767 72 21 signed.

1409 790 36 16 The
1454 789 84 18 distance
1547 790 78 17 covered
1633 790 20 17 in
1660 790 51 17 these?
1725 791 119 22 agreements

1407 813 104 22 comprised
1520 819 44 11 over
1577 813 53 17 three
1644 813 52 17 miles
1711 814 21 16 of
1744 813 46 17 road
1805 814 39 16 and

1407 836 32 17 the
1452 835 45 18 time
1512 835 89 24 occupied
1614 835 20 18 in
1651 837 107 21 surveying,
1778 836 66 22 hiving

1406 861 33 15 out
1454 860 37 16 and
1506 859 85 23 drawing
1606 865 26 17 up
1647 860 31 17 the
1695 861 94 16 contracts
1805 865 39 12 was

1406 881 36 18 less
1451 882 46 17 than
1506 889 11 10 a
1527 882 57 17 week.

1430 913 94 22 Amongst
1533 914 32 17 the
1574 913 110 18 alterations
1697 913 38 18 and
1749 913 84 23 improve-

1407 938 60 16 ments
1476 937 58 22 being
1541 937 53 17 made
1603 937 18 16 in
1631 937 32 17 the
1671 943 42 11 new
1718 939 51 15 town
1778 937 16 17 it
1800 943 44 17 may

1407 959 23 19 bo
1443 960 58 17 noted
1518 957 43 21 that
1578 960 33 18 the
1628 960 46 23 shop
1689 960 37 18 and
1743 960 100 22 dwelling-
1854 957 1 26 :

1407 983 58 17 house
1474 989 25 11 on
1508 983 40 17 Mrs
1557 983 87 22 Young's
1655 984 70 16 section
1739 983 18 18 in
1776 984 68 18 Arawa
1854 983 1 23 ;

1407 1007 61 16 Street
1478 1013 31 10 are
1518 1013 42 11 now
1570 1007 111 22 completed,
1696 1013 21 10 as
1733 1007 15 18 is
1755 1007 40 17 also
1813 1007 31 17 the

1406 1029 86 17 addition
1512 1032 20 15 to
1549 1030 32 16 the
1598 1030 32 17 old
1647 1030 111 17 courthouse?
1775 1030 20 17 in
1812 1030 32 17 the
1854 1029 1 18 ,

1406 1058 51 11 same
1474 1053 57 17 street
1548 1053 88 22 whereby
1656 1053 33 17 the
1705 1052 88 24 building
1811 1053 33 17 has

1406 1075 47 17 been
1463 1075 101 18 converted
1572 1076 41 17 into
1627 1082 11 10 a.
1652 1077 127 16 commodious
1795 1079 49 14 store

1406 1098 38 17 and
1455 1098 123 17 comfortable
1588 1099 99 17 residence.
1703 1100 18 16 It
1731 1100 15 17 is
1755 1100 89 22 occupied
1854 1098 1 24 :

1406 1121 25 22 by
1441 1121 40 17 Mrs
1491 1122 68 18 Huett.
1569 1122 123 17 dressmaker.
1724 1123 81 17 Further
1818 1128 27 18 up

1406 1145 32 16 the
1448 1146 58 15 street
1515 1145 31 17 Mr
1555 1145 22 17 E.
1588 1144 106 18 Robertson
1703 1145 15 17 is
1732 1146 86 21 erecting
1833 1152 11 10 a

1407 1167 81 24 cottage.
1515 1167 31 18 Mr
1554 1168 51 17 Birss
1616 1168 34 17 has
1659 1168 86 17 removed
1754 1169 29 16 his
1797 1169 47 22 shop
1854 1167 1 24 !

1406 1193 20 14 to
1436 1190 27 17 his
1473 1191 82 17 location
1564 1191 19 16 in
1590 1190 92 18 Ilinemoa
1691 1191 62 18 Street
1757 1192 88 22 fronting

1407 1213 32 18 the
1449 1214 33 17 site
1492 1215 20 15 of
1521 1215 32 16 flu?
1562 1214 93 23 proposed
1670 1220 40 12 new
1725 1216 119 16 Ciikoxhi.k

1407 1237 64 17 Office.
1498 1237 22 17 In
1531 1237 31 17 the
1569 1242 50 12 same
1629 1240 56 14 street
1694 1244 10 10 a
1718 1237 53 24 largo
1785 1238 59 17 dwel-
1854 1237 1 24 ;

1407 1260 111 22 ling-house
1526 1260 15 18 is
1550 1260 59 24 being
1613 1260 74 19 erected
1691 1261 27 22 by
1723 1261 33 18 Mr
1762 1261 81 20 Kusabs,

1407 1283 37 17 and
1453 1284 31 16 Mr
1494 1283 104 18 Robertson
1609 1284 38 17 will
1656 1284 72 22 shortly
1738 1289 106 13 commence

1407 1307 31 16 the
1448 1307 82 17 erection
1539 1307 19 16 of
1567 1307 29 17 his
1605 1312 41 12 new
1655 1307 69 17 stables
1734 1310 17 14 at
1762 1308 33 16 the
1802 1313 42 11 cor-
1854 1303 1 26 |

1406 1334 34 13 nor
1457 1330 21 16 of
1494 1329 105 18 Tutanckai
1613 1331 67 16 Street.
1715 1331 22 16 In
1753 1331 32 17 the
1794 1336 51 12 sumo

1407 1353 57 17 street
1473 1359 11 10 a
1492 1353 108 17 bakehouse
1609 1354 33 16 has
1651 1354 46 16 been
1711 1354 74 17 erected
1800 1359 45 12 over

1407 1375 33 19 the
1449 1381 47 12 oven
1504 1376 58 22 lately
1571 1376 49 17 built
1628 1376 26 22 by
1662 1376 32 18 Mr
1703 1376 21 18 F.
1734 1376 57 18 Lake.

1430 1404 40 16 The
1486 1404 148 17 entertainment
1648 1404 55 23 given
1720 1404 25 23 by
1763 1404 81 23 Captain
1854 1404 1 25 |

1407 1426 71 22 Fisher,
1506 1427 40 17 The
1553 1427 94 17 Tattooed
1734 1433 24 12 on
1773 1428 60 16 Thurs-

1407 1450 37 22 day
1453 1449 37 18 and
1501 1450 93 22 Saturday
1604 1450 88 23 evenings
1702 1450 36 18 last
1748 1456 37 11 was
1798 1456 46 17 very

1407 1473 87 22 liberally
1503 1473 108 22 patronised
1620 1474 118 21 considering
1755 1474 32 17 the
1799 1474 45 17 time

1407 1496 20 17 of
1436 1496 32 17 the
1477 1502 45 16 year
1530 1496 37 18 and
1581 1496 31 17 the
1628 1497 105 22 precarious
1748 1496 96 18 condition
1854 1493 1 26 I

1407 1520 21 16 of
1436 1519 32 17 the
1477 1519 83 18 weather
1568 1519 61 17 which
1639 1520 54 16 tenuis
1703 1522 19 14 to
1732 1520 54 18 make
1798 1526 34 17 poo-

1407 1541 31 23 pie
1450 1542 72 18 careful
1539 1541 65 20 before
1620 1543 44 22 they
1682 1544 77 17 venture
1774 1545 35 16 out
1825 1543 20 19 of

1407 1566 56 17 doors
1471 1566 50 17 after
1534 1566 96 22 nightfall.
1661 1566 40 17 The
1713 1567 73 16 natives
1802 1567 42 16 who
1854 1562 1 26 j

1407 1594 31 12 are
1447 1588 94 23 supposed
1558 1591 19 15 to
1593 1588 23 19 be
1630 1589 128 18 connoisseurs
1775 1589 20 17 in
1812 1589 32 19 the
1854 1588 1 23 i

1407 1612 54 18 artof
1465 1612 98 23 tattooing
1569 1612 142 23 predominated
1717 1613 31 17 tlio
1753 1613 91 18 audience

1408 1640 23 13 on
1447 1635 46 17 both
1508 1635 100 21 occasions,
1626 1635 37 18 and
1681 1635 79 23 Captain
1779 1636 66 19 Fisher

1408 1658 65 23 passed
1483 1659 83 21 through
1576 1658 33 19 the
1617 1658 63 19 ordeal
1694 1660 21 16 of
1730 1658 49 19 their
1792 1659 52 18 criti-
1854 1658 1 23 ,

1408 1682 44 16 cism
1466 1681 141 23 satisfactorily.
1631 1682 53 23 They
1701 1683 19 17 at
1737 1682 25 18 all
1779 1684 65 16 events

1409 1704 77 18 assured
1495 1705 112 17 themselves
1616 1705 26 23 by
1647 1705 101 19 thoclosest
1757 1706 86 22 personal

1408 1728 83 22 scrutiny
1501 1728 42 18 that
1551 1728 15 17 it
1576 1734 37 11 was
1622 1734 24 13 no
1655 1728 46 18 false
1711 1729 67 18 cuticle
1783 1729 60 18 which

1410 1757 39 11 was
1457 1751 104 18 submitted
1571 1752 29 17 for
1609 1751 49 18 their
1666 1751 109 24 inspection.
1806 1753 39 16 The'

1407 1774 40 18 first
1461 1776 43 21 part
1518 1775 20 17 of
1598 1775 145 17 entertainment
1758 1781 25 12 on
1797 1775 46 17 both

1408 1798 94 18 occasions
1511 1797 93 19 consisted
1619 1798 20 17 of
1652 1804 10 11 a
1679 1798 55 18 series
1750 1799 21 17 of
1787 1798 57 18 weird

1408 1820 37 18 and
1455 1820 103 19 wonderful
1569 1821 48 18 feats
1623 1822 21 17 of
1649 1822 62 21 magic
1715 1822 37 17 and
1761 1823 83 21 mystery
1854 1820 1 24 I

1408 1844 18 18 in
1437 1843 60 19 which
1506 1844 54 18 curds
1569 1844 94 23 appeared
1668 1844 37 18 and
1719 1844 123 24 disappeared

1409 1867 17 17 in
1437 1867 31 17 the'
1478 1869 49 15 most,
1536 1867 116 23 unexpected
1670 1873 83 15 maimer,
1772 1869 71 22 pewter

1408 1896 100 13 measures,
1517 1889 99 25 handbags
1622 1891 36 16 and
1664 1891 123 23 guinea-pigs
1797 1896 47 13 were

1409 1913 94 23 produced
1513 1914 47 16 from
1578 1914 130 23 nothingness,
1718 1915 37 16 and
1767 1915 63 16 mouth-

1409 1936 37 18 fuls
1454 1936 21 18 of
1484 1936 76 23 blazing
1564 1936 34 18 fire
1604 1942 47 12 worn
1660 1936 106 19 swallowed
1776 1938 24 22 by
1807 1938 37 17 this

1409 1966 87 16 uncanny
1506 1959 103 19 individual
1625 1960 44 18 with
1687 1961 84 23 seeming
1788 1962 56 21 gusto

1409 1982 37 19 and
1455 1985 20 15 to
1484 1983 33 17 flu*
1531 1984 53 22 great
1602 1985 115 16 amazement
1734 1985 19 16 e>f
1768 1985 25 16 all
1811 1983 32 19 be-
1854 1982 1 24 '

1409 2005 80 18 holders.

1432 2034 78 17 Asocial
1513 2034 84 23 meeting
1602 2034 102 22 toolcplncc
1709 2034 19 17 in
1732 2034 32 18 tlic
1769 2034 64 19 school-

1409 2056 57 19 house
1475 2063 24 11 on
1515 2056 68 25 Friday
1599 2057 80 24 evening
1696 2057 37 18 lust
1749 2057 45 18 with
1813 2058 30 17 tin?

1409 2079 64 24 object
1478 2081 22 17 of
1508 2080 125 23 augmenting
1642 2086 11 12 a
1662 2080 47 18 fund
1718 2081 57 23 being
1784 2080 59 19 raised

1409 2103 30 18 for
1447 2103 32 18 the
1488 2109 81 17 pin-pose
1578 2104 20 17 of
1611 2103 100 23 obtaining
1726 2104 85 18 material

1409 2126 53 17 stock
1470 2133 10 10 a
1491 2128 72 19 bazaar,
1574 2126 60 18 which
1646 2126 36 17 will
1691 2126 23 18 be
1724 2126 43 18 held
1781 2127 62 18 before

1409 2149 32 17 th<>
1449 2155 46 16 year
1508 2150 79 22 expires,
1603 2149 20 17 in
1636 2149 31 18 aid
1682 2150 20 17 of
1715 2150 32 18 the
1762 2150 70 24 Presby-

1409 2173 59 17 terian
1484 2173 75 17 Church
1574 2172 88 23 building
1675 2173 53 18 fund.
1760 2173 39 17 The
1813 2180 20 11 ar-

1408 2197 121 20 rangements
1545 2201 48 12 wore
1610 2196 18 16 in
1646 2196 32 17 the
1693 2195 58 19 hands
1768 2197 20 17 of
1804 2196 39 18 Mrs

1409 2218 45 19 Hall
1463 2219 38 16 mid
1510 2218 32 19 the
1552 2219 66 17 Misses
1628 2218 79 24 Murray
1712 2220 38 17 and
1755 2219 88 22 Stewart,

1408 2242 37 18 and
1454 2242 53 17 these
1516 2242 57 17 ladies
1583 2242 41 17 vied
1639 2242 44 18 with
1698 2242 44 18 each
1756 2243 55 17 other
1825 2244 18 16 in

1408 2265 50 17 fheir
1465 2265 65 19 efforts
1545 2266 19 17 to
1580 2265 81 17 conduce
1679 2267 19 16 to
1715 2266 32 18 the
1764 2266 79 18 comfort

1408 2289 38 16 and
1463 2288 109 23 enjoyment
1588 2289 19 16 of
1621 2289 49 16 their
1684 2289 70 23 guests.
1780 2289 63 18 Under

1409 2312 49 17 their
1477 2312 116 22 supervision
1610 2318 24 11 an
1651 2312 91 17 excellent
1760 2314 29 16 tea
1808 2319 35 10 wis

1409 2340 62 12 server
1471 2335 2 23 1
1475 2335 4 23 ,
1491 2335 59 17 which
1560 2342 39 9 was
1607 2335 48 17 done
1668 2336 61 21 ample
1742 2336 68 22 justice
1825 2338 18 15 to

1408 2357 25 23 by
1443 2358 31 17 (he
1484 2358 52 23 large
1545 2358 89 17 audience
1643 2359 20 16 of
1677 2364 65 18 young
1755 2359 37 17 and
1806 2359 37 17 old.

1409 2382 38 16 The
1456 2382 45 17 Rov.
1512 2382 31 17 Mr
1552 2381 66 17 Xorrie
1627 2388 38 10 was
1674 2383 71 21 proscni
1761 2382 36 17 and
1811 2389 22 10 en-

1409 2404 52 17 tend
1469 2404 81 23 heartily
1560 2405 40 16 into
1607 2405 32 16 the
1653 2406 106 21 enjoyment
1776 2406 20 17 of
1813 2406 30 17 the

1409 2428 86 23 evening.
1510 2428 39 16 Mrs
1559 2427 65 18 Kivett
1633 2428 119 18 contributed
1761 2434 12 12 a
1778 2428 65 23 couple

1409 2451 19 17 of
1437 2457 63 16 songs,
1512 2451 31 18 the
1557 2451 37 16 aria
1787 2452 56 23 being

1409 2474 56 17 much
1473 2474 91 17 admired,
1575 2474 37 17 and
1621 2474 32 18 (he
1668 2475 66 16 Misses
1748 2475 95 18 Robinson

1409 2498 38 16 also
1460 2503 48 18 sang
1522 2500 49 14 most
1589 2497 116 24 acceptably.
1738 2499 30 16 Mr
1786 2498 57 22 Light

1409 2521 106 21 performed
1525 2526 34 11 one
1569 2526 21 10 or
1599 2522 37 15 two
1646 2521 57 17 violin
1718 2522 48 16 solos
1783 2522 18 16 in
1816 2522 27 16 his

1409 2544 54 17 usual
1472 2543 89 23 masterly
1571 2549 82 15 manner,
1664 2544 36 17 and
1715 2545 69 16 Messrs
1797 2544 35 18 For-

1409 2566 52 23 dyce,
1472 2566 69 23 Oliver,
1553 2567 80 16 Wallace
1640 2567 36 17 and
1682 2568 77 22 Mossop
1766 2568 77 17 assisted

1409 2590 18 16 in
1438 2590 32 17 the
1479 2590 53 18 vocal
1549 2592 43 20 part
1609 2591 20 16 of
1643 2591 31 16 the
1691 2590 152 19 entertainment.

1409 2613 32 17 Mr
1449 2613 89 17 Landells
1546 2613 68 23 played
1627 2614 31 16 (he
1673 2615 170 22 accompaniments

1409 2637 50 16 most
1479 2637 140 21 satisfactorily,
1637 2637 38 17 and
1695 2637 108 24 altogether
1821 2644 22 11 an

1409 2659 100 23 enjoyable
1518 2660 81 22 evening
1608 2666 37 11 was
1654 2661 60 21 spent.

1433 2701 31 16 Mr
1476 2700 71 23 Joseph
1565 2700 77 18 Mcllae.
1661 2701 20 16 of
1698 2701 31 16 the
1745 2701 98 18 Waverlev

1409 2723 64 20 Hotel,
1485 2723 105 19 Auckland,
1600 2724 37 18 and
1646 2724 38 16 late
1697 2724 20 16 of
1731 2724 32 17 the
1777 2724 66 18 Palace

1410 2747 57 16 Hotel
1485 2747 43 17 here
1537 2747 34 17 has
1580 2747 43 16 filed
1632 2754 11 10 a
1652 2747 114 17 declaration
1781 2749 21 15 of
1814 2748 20 17 in-

1409 2769 94 22 solvency.
1540 2770 36 17 His
1593 2776 61 11 sworn
1672 2772 99 16 statement
1790 2771 53 17 made

1409 2792 63 19 before
1481 2794 32 15 the
1520 2793 68 16 official
1597 2793 84 22 assignee
1690 2794 60 16 shows
1764 2794 43 17 that
1821 2795 22 16 he

1409 2816 45 17 took
1463 2822 45 11 over
1516 2816 32 18 the
1560 2816 52 18 Lake
1628 2817 66 17 House
1710 2816 58 18 Hotel
1786 2817 57 18 about

1409 2839 36 17 five
1464 2845 55 16 years
1535 2846 37 15 ago
1583 2841 21 15 at
1618 2846 11 10 a
1643 2840 60 16 rental
1720 2841 20 15 of
1757 2839 37 19 2B
1811 2846 32 17 per

1409 2863 73 16 month.
1501 2863 30 16 He
1537 2862 60 17 added
1604 2863 56 16 furnil
1666 2869 31 10 ure
1706 2863 74 18 costing
1787 2864 56 17 225.

1409 2886 30 17 He
1447 2886 40 17 also
1496 2892 34 11 ran
1539 2886 32 17 the
1581 2886 46 17 Pala
1635 2892 12 11 -o
1659 2886 63 17 Hotel.
1756 2887 31 16 He
1796 2893 47 16 gave

1409 2915 26 16 up
1451 2909 33 17 the
1505 2909 66 17 Palace
1593 2909 58 17 Hotel
1673 2916 54 10 seven
1749 2915 22 13 or
1791 2910 52 21 eight

1409 2932 75 17 months
1493 2938 37 15 ago
1539 2932 37 17 and
1590 2932 32 17 the
1637 2932 51 17 Like
1706 2933 64 16 House
1785 2933 58 18 Hotel

1408 2955 58 17 about
1475 2957 38 15 two
1523 2955 76 17 months
1607 2961 42 17 ago.
1675 2956 31 16 He
1715 2962 47 15 gave
1771 2963 26 16 up
1811 2957 32 17 the

1408 2978 57 17 latter
1473 2978 79 18 because
1560 2978 25 18 he
1594 2984 38 12 was
1640 2978 63 23 losing
1711 2985 68 16 money
1788 2985 55 18 every

1408 3001 37 22 day
1454 3001 37 17 and
1500 3002 19 16 in
1529 3001 44 17 debt
1582 3003 20 15 to
1611 3001 32 17 the
1652 3003 66 16 extent
1726 3003 20 16 of
1752 3003 33 17 the
1800 3009 33 16 pre-

1408 3026 41 15 sent
1458 3025 82 21 liability
1548 3025 20 16 of
1577 3024 67 20 1,254
1654 3025 20 18 8s
1688 3024 30 22 9d,
1733 3027 109 17 unsecured,

1407 3048 38 16 and
1454 3053 23 11 an
1487 3047 100 18 estimated
1595 3048 37 17 loss
1641 3054 24 11 on
1673 3048 30 17 his
1712 3048 95 19 securities
1824 3050 19 17 of

1408 3070 49 19 238
1468 3072 36 16 12s.
1530 3071 29 17 On
1568 3070 50 18 June
1627 3072 20 16 10
1653 3070 23 19 he
1682 3070 75 20 became
1764 3072 79 18 licensee

1407 3094 20 16 of
1436 3094 31 17 the
1475 3093 98 24 Woverley
1582 3094 58 17 Hot<d
1649 3095 21 16 at
1677 3100 11 11 a
1697 3095 60 17 rental
1771 3097 19 15 of
1806 3096 37 17 2.3

1407 3119 20 15 4s
1436 3117 24 17 9d
1468 3123 34 16 per
1511 3117 174 23 weekincluding
1693 3119 39 16 cost
1741 3119 20 16 of
1767 3119 74 20 license,

1407 3142 49 15 rates
1465 3140 37 17 and
1512 3142 58 18 taxes,
1580 3140 20 17 in
1617 3141 44 18 fact,
1679 3141 113 24 everything
1807 3142 36 18 but

1407 3170 40 15 gas.
1473 3164 36 16 His
1526 3163 94 17 liabilities
1635 3170 48 10 were
1697 3170 20 10 as
1733 3164 74 18 follows
1814 3171 29 11 :

1408 3187 103 17 unsecured
1520 3187 54 17 debts
1583 3188 78 16 amount
1668 3188 19 16 to
1701 3187 67 20 1,254
1778 3189 21 15 8s
1807 3189 34 21 9d;

1406 3210 83 19 secured,
1500 3209 68 21 1,038
1580 3210 29 17 12s
1619 3209 43 23 (less
1676 3210 99 18 estimated
1788 3211 55 18 value

1407 3233 20 16 of
1435 3233 96 17 securities
1540 3232 62 23 800),
1613 3232 49 18 238
1673 3234 40 19 12s;
1727 3234 47 17 total
1788 3234 55 17 debts

1407 3256 69 17 1.493
1486 3257 20 17 0s
1515 3256 29 17 9d.
1569 3256 40 16 The
1618 3256 47 17 total
1674 3258 58 16 assets
1737 3264 32 10 are
1774 3258 68 17 valued

1407 3281 19 14 at
1437 3279 56 18 :!<>,
1503 3279 99 20 including
1611 3279 42 17 cash
1665 3281 54 19 205,
1729 3280 51 17 book
1788 3281 54 17 debts

1407 3302 55 18 l2O,
1472 3302 99 19 furniture,
1580 3302 48 20 3O;
1642 3303 38 17 two
1685 3302 65 19 horses
1754 3304 22 17 at
1781 3304 48 18 Roto-

1407 3330 39 13 rua,
1455 3324 50 19 10;
1520 3325 107 18 deficiency,
1638 3324 67 19 l,ll
1715 3327 19 15 4s
1744 3326 30 17 9d.

1430 3363 16 16 A
1456 3362 55 17 death
1530 3362 60 17 under
1602 3362 83 22 peculiar
1699 3362 141 20 circumstances

1406 3384 89 19 occurred
1502 3386 20 17 at
1531 3386 31 16 the
1571 3390 25 17 pa
1603 3385 42 17 hero
1659 3391 25 12 on
1699 3386 69 23 Friday
1785 3387 55 21 night

1406 3414 22 11 or
1444 3407 94 23 Saturday
1555 3408 94 23 morning.
1682 3409 17 17 A
1724 3409 116 19 half-witted

1407 3430 111 25 (rori-rori)
1527 3432 63 16 native
1596 3437 73 12 woman
1675 3433 67 16 named
1752 3432 50 18 Kota
1807 3433 22 18 be-

1406 3454 81 23 longing
1511 3457 20 14 to
1555 3454 91 22 Awahou,
1672 3455 43 17 who
1739 3455 39 18 bad
1794 3456 46 18 been

1406 3477 85 22 brought,
1499 3478 44 16 here
1551 3478 25 21 l>y
1586 3477 33 17 her
1627 3478 86 17 relatives
1722 3478 107 23 forthepur-

1406 3505 45 17 poso
1458 3501 20 16 of
1486 3500 95 22 receiving
1589 3501 70 17 certain
1674 3506 67 18 money
1750 3503 20 15 to
1780 3501 60 19 which

1406 3523 32 18 she
1448 3529 39 11 was
1498 3523 85 21 entitled,
1593 3523 38 18 had
1639 3523 47 18 been
1696 3524 76 24 staying
1780 3526 20 17 at
1809 3526 31 17 the

1406 3551 24 18 pa
1440 3546 28 18 for
1477 3553 51 10 some
1536 3546 52 19 time,
1598 3546 34 17 her
1644 3547 71 16 friends
1729 3548 73 24 having
1810 3554 20 12 re-

1406 3569 69 18 turned
1484 3571 19 15 to
1513 3570 91 17 Awahou.
1630 3570 39 16 Not
1677 3570 64 24 seeing
1746 3570 94 25 anything

1405 3592 21 17 of
1434 3592 34 17 her
1477 3598 24 11 on
1508 3591 95 23 Saturday
1608 3598 11 11 a
1625 3598 74 12 woman
1705 3593 69 18 named
1779 3595 49 16 Hinc-

1405 3621 84 12 marama
1498 3616 67 17 looked
1574 3616 41 16 into
1624 3615 32 18 the
1665 3616 62 17 whuro
1736 3617 62 17 where
1807 3618 33 17 she

1405 3644 38 11 was
1452 3639 77 22 staying
1538 3638 37 18 and
1585 3638 107 18 discovered
1706 3640 32 17 the
1746 3642 94 21 occupant

1405 3661 54 17 dead.
1485 3661 88 23 Judging
1583 3661 24 22 by
1616 3667 125 17 appearances
1755 3663 32 17 the
1800 3670 27 10 wo-

1405 3690 44 11 man
1458 3686 50 15 must
1518 3685 47 16 have
1572 3684 43 17 died
1621 3690 23 12 on
1651 3685 31 17 the
1689 3686 87 21 previous
1783 3687 57 21 night

1405 3713 21 12 or
1435 3708 52 21 early
1496 3708 19 16 in
1524 3707 32 18 the
1565 3708 94 21 morning,
1669 3714 20 11 as
1701 3708 33 18 the
1742 3709 51 22 body
1802 3715 38 12 was

1405 3730 51 23 quite
1465 3730 56 22 rigid.
1546 3731 60 17 There
1616 3737 59 11 seems
1683 3732 20 16 to
1712 3731 46 19 have
1773 3732 48 18 been
1829 3739 11 10 a

1405 3753 51 22 good
1464 3753 41 17 deal
1515 3754 19 16 of
1543 3753 133 19 hcivrtlcssncS
1690 3755 65 16 shown
1771 3755 27 22 by
1805 3755 34 18 the

1405 3776 87 17 relatives
1501 3777 20 16 of
1529 3777 38 16 this
1576 3783 73 10 woman
1658 3777 19 16 in
1686 3777 49 18 their
1738 3779 102 16 treatment

1405 3800 20 16 of
1433 3800 39 19 her,
1483 3800 29 16 for
1520 3805 20 11 as
1549 3805 46 12 soon
1604 3805 20 12 as
1633 3800 45 22 they
1689 3800 89 18 obtained
1795 3807 33 16 pos-

1405 3823 70 16 session
1484 3823 20 16 of
1513 3823 31 17 the
1553 3828 69 16 money
1630 3823 45 22 they
1685 3828 70 18 appear
1763 3825 20 15 to
1792 3824 48 18 have

1405 3845 35 17 left
1447 3846 35 16 her
1490 3845 81 18 uncared
1581 3846 34 16 for.
1630 3846 36 17 She
1672 3852 38 11 was
1718 3847 60 17 found
1786 3847 54 23 lying

1405 3868 19 17 in
1433 3874 12 11 a
1452 3868 45 22 pool
1511 3869 20 16 of
1547 3868 51 22 dirty
1614 3870 64 19 water,
1688 3870 20 15 in
1724 3870 53 17 front
1801 3871 20 16 of
1829 3877 11 10 a

1405 3890 103 19 burnt-out
1517 3891 38 20 five,
1565 3891 44 20 and,
1619 3892 49 17 from
1685 3892 32 17 the
1733 3893 104 17 emaciated

1405 3920 117 16 appearance
1531 3915 19 16 of
1558 3914 33 17 the
1600 3915 50 22 body
1663 3917 51 15 must
1729 3915 48 18 havo
1792 3915 48 18 been

1405 3937 115 23 imiJi'operly
1532 3937 106 18 nourished.
1664 3937 82 23 Ritahia,
1760 3938 80 19 another

1405 3960 63 17 native
1477 3965 80 16 woman,
1567 3966 24 11 on
1600 3960 80 23 hearing
1691 3962 20 16 of
1718 3962 32 16 the
1759 3962 69 17 circum-

1405 3983 73 18 stances
1486 3983 39 17 had
1533 3983 32 17 the
1574 3983 51 22 body
1637 3984 87 17 removed
1742 3985 48 17 from
1808 3985 32 17 the

1405 4005 63 18 whare
1485 4006 38 17 and
1539 4007 90 21 properly
1650 4007 55 17 cared
1721 4007 35 17 for.
1790 4008 50 17 Kcta

1405 4034 38 11 was
1459 4029 114 20 unmarried,
1584 4030 58 17 about
1659 4031 22 16 30
1698 4036 53 16 years
1767 4031 21 16 of
1796 4037 42 16 age,

1405 4051 38 17 and
1452 4052 32 17 the
1498 4052 167 21 grand-daughter
1677 4053 21 17 of
1710 4053 129 22 Eangiheuea,

1405 4081 11 10 a
1426 4075 73 17 famous
1509 4075 49 17 chief
1575 4075 20 17 of
1611 4077 32 15 the
1660 4076 115 22 Tuhorungi.
1800 4077 40 18 The

1405 4097 82 18 remains
1506 4098 48 17 have
1574 4098 51 18 since
1649 4098 51 17 .Leon
1716 4099 88 18 removed
1821 4101 19 16 to

1405 4120 176 19 Whatarewarewa
1589 4121 30 17 for
1625 4121 33 17 the
1663 4122 107 23 customary
1780 4124 60 21 tangi.

1891 117 26 16 At
1925 122 11 11 a
1945 117 83 22 meeting
2037 117 19 16 of
2065 117 107 17 committee
2178 117 21 17 of
2205 117 32 17 the
2246 118 44 18 Pres-

1867 139 86 23 byterian
1964 140 74 17 Church
2047 145 25 11 on
2080 139 100 23 Thursday
2188 140 38 17 last
2234 141 32 16 Mr
2273 141 26 17 H.

1867 159 29 20 W.
1906 162 112 22 Neighbour
2026 168 39 11 was
2073 162 72 17 elected
2153 169 12 10 a
2174 164 82 16 member
2265 164 36 17 and

1867 191 38 11 was
1914 185 39 17 also
1962 184 101 25 appointed
2073 188 99 14 treasurer.

1890 217 41 16 Mrs
1939 216 89 19 Graham,
2039 218 20 15 of
2068 216 51 17 Lake
2127 217 72 20 House,
2213 217 34 17 has
2256 224 34 11 con-

1867 239 59 17 vened
1935 245 11 11 a
1955 240 83 21 meeting
2047 240 20 16 of
2079 242 90 20 property
2183 246 73 12 owners
2265 242 37 16 and

1867 263 90 16 residents
1967 264 30 15 for
2012 263 32 17 the
2061 268 81 17 purpose
2159 263 20 17 of
2195 263 106 24 discussing

1867 286 78 17 matters
1954 285 89 26 affecting
2051 286 50 17 their
2114 285 93 21 interests,
2214 287 33 16 the
2257 292 33 12 con-

1867 308 101 17 sideration
1978 310 19 15 of
2006 308 60 18 winch
2076 308 15 17 is
2100 308 92 18 desirable
2200 309 65 18 before
2270 310 32 17 the

1867 336 64 12 season
1941 329 63 24 opens*.
2030 332 18 16 It
2057 332 16 16 is
2079 333 19 16 to
2108 332 24 17 be
2140 332 63 22 hoped
2216 332 43 18 that
2270 333 32 17 the

1867 353 120 23 advisability
1996 355 20 16 of
2028 354 68 22 taking
2110 356 50 22 steps
2174 355 82 17 towards
2270 356 32 16 the

1867 377 82 16 erection
1958 378 20 16 of
1986 384 11 10 a
2011 375 64 25 public
2087 378 46 19 hall,
2152 378 59 17 either
2227 378 27 23 by
2270 378 32 18 the

1867 400 102 16 formation
1985 401 20 17 of
2021 407 11 11 a
2048 407 94 17 company
2159 407 20 12 or
2196 402 105 20 otherwise,

1867 422 38 17 will
1914 425 34 14 not
1956 423 23 15 lie
1988 423 37 17 lost
2040 424 51 21 sight
2107 425 26 17 of.
2165 425 39 17 The
2218 425 84 22 meeting

1866 445 54 18 takes
1936 446 52 22 place
2003 446 86 23 to-night
2103 449 20 15 at
2132 447 51 18 Lake
2200 448 66 18 House
2282 454 20 12 as

1866 468 112 17 announced
1986 469 19 17 in
2014 470 80 17 another
2101 471 82 18 column.

1890 504 39 16 The
1938 504 69 17 finibe-r
2016 506 30 15 for
2051 505 33 17 the
2092 505 91 23 platform
2192 506 62 18 which
2261 507 15 17 is
2282 510 20 15 to

1866 527 22 17 be
1897 527 74 17 erected
1979 534 25 10 on
2012 528 32 17 the
2054 528 76 18 summit
2139 529 21 17 of
2172 531 129 20 Xpjonfrofalm

1866 550 14 17 is
1889 556 43 11 now
1941 552 20 15 to
1969 550 57 19 hand,
2036 551 37 17 and
2082 551 32 18 Mr
2127 553 74 17 Purcell
2210 553 38 18 will
2258 559 33 17 pro-

1866 572 44 19 ceed
1918 573 47 17 with
1974 574 32 16 the
2016 573 50 17 work
2075 580 21 10 as
2105 581 45 11 soon
2167 582 20 10 as
2204 576 45 17 time
2263 576 38 18 will

1866 596 73 22 permit,
1950 596 91 23 probably
2050 597 20 16 in
2079 597 33 17 the
2122 604 64 12 course
2195 600 19 16 of
2229 606 11 10 a
2253 600 39 17 fort-

1865 619 63 22 night.
1953 618 39 19 The
2001 619 90 23 platform
2099 621 39 17 will
2153 621 23 18 be
2182 623 120 17 constructed

1866 642 104 17 somewhat
1978 643 48 16 after
2035 642 32 17 the
2077 644 48 21 style
2134 645 20 16 of
2162 646 49 16 mine
2220 647 70 22 poppet-

1866 665 63 21 heads,
1939 665 39 17 and
1985 665 40 18 will
2032 665 36 19 rise
2083 667 39 17 10ft
2138 667 50 18 clear
2204 670 48 16 from
2270 670 32 16 the

1866 694 47 16 apex
1923 689 20 16 of
1952 688 31 17 the
1992 689 104 20 mountain,
2106 696 24 10 on
2142 691 32 16 the
2183 691 34 17 site
2233 693 21 16 of
2270 692 32 18 the

1866 712 32 16 old
1907 711 39 23 trig
1955 712 75 20 station,
2056 712 29 17 An
2095 719 44 16 easy
2148 713 118 25 ladder-way
2273 717 29 16 for

1866 734 58 18 ladies
1931 734 40 18 will
1974 734 25 18 be
2002 734 98 24 provided,
2109 737 44 16 with
2265 739 36 16 and

1866 758 33 16 the
1915 757 90 24 platform
2021 758 38 17 will
2077 759 22 16 be
2117 761 116 17 surrounded
2249 761 26 22 by
2291 769 11 9 a

1866 781 127 17 breast-work
2002 782 28 16 4ft
2039 781 53 24 nigh.
2123 783 39 16 The
2179 785 88 22 roadway
2282 786 19 16 to

1867 804 32 17 the
1908 804 77 17 summit
1993 804 39 17 will
2040 805 40 16 also
2097 811 46 12 soon
2160 806 23 17 be
2199 807 102 23 proceeded

1867 827 51 18 with,
1927 827 37 17 and
1970 827 52 17 then;
2027 827 15 17 is
2049 833 24 11 no
2080 828 107 18 doubtthat
2195 830 32 17 the
2234 830 54 24 Xgon-

1866 848 71 25 gotah'a
1946 850 87 18 Lookout
2042 851 37 17 will
2089 857 57 18 prove
2160 859 11 10 a
2185 853 79 19 favorite
2272 860 20 11 re-

1866 875 40 15 sort
1913 875 88 21 amongst
2011 874 76 17 tourists
2096 877 47 15 next
2152 882 71 11 season.

1889 902 43 22 Day
1941 902 25 22 by
1976 903 35 21 day
2021 903 31 16 the
2062 902 53 24 rapid
2125 903 83 19 advance
2220 905 81 17 towards

1866 925 113 22 completion
1992 926 20 16 of
2025 925 33 17 the
2072 931 41 12 new
2131 927 64 17 Grand
2211 927 59 18 Hotel
2287 929 14 16 is

1866 954 52 11 more
1926 948 38 17 and
1973 954 50 12 more
2034 948 115 19 observable.
2175 951 24 16 So
2208 952 30 15 far
2243 958 20 10 as
2270 952 31 17 the

1866 971 73 17 outside
1948 972 16 16 is
1973 971 102 19 concerned
2085 973 32 16 the
2124 973 87 24 building
2219 974 16 16 is
2247 980 44 17 prac-

1866 994 65 22 tically
1940 993 79 20 finished
2028 994 38 17 and
2075 995 14 17 it
2099 996 15 17 is
2123 1002 43 11 now
2174 997 19 16 in
2203 997 32 17 the
2242 997 59 18 hands

1866 1019 20 16 of
1896 1018 31 17 Mr
1935 1018 22 17 E.
1973 1017 98 22 Williams,
2089 1020 19 16 of
2121 1018 179 24 Northcotc-strcct,

1867 1041 107 22 Ponsonby,
1986 1042 42 16 who
2037 1042 34 16 lias
2080 1042 32 17 the
2126 1044 85 16 contract
2225 1044 30 17 for
2268 1044 33 17 the

1866 1063 89 24 painting
1964 1064 36 17 and
2010 1063 115 24 decorating.
2152 1066 66 17 Under
2230 1067 30 17 his
2273 1067 19 17 di-

1867 1087 70 17 rection
1947 1087 32 17 the
1988 1087 68 22 stately
2065 1089 37 21 pile
2112 1089 15 16 is
2136 1089 100 23 gradually
2247 1090 44 23 guin-

1866 1110 34 23 ing
1908 1110 19 17 in
1936 1110 75 23 beauty,
2022 1111 34 16 but
2066 1111 13 17 it
2091 1112 62 17 would
2162 1112 23 17 bo
2199 1113 70 16 unwise
2283 1115 19 16 to

1866 1134 58 16 dilate
1932 1140 25 10 on
1966 1134 37 17 this
2012 1134 73 23 portion
2096 1135 21 17 of
2125 1135 32 17 the
2166 1136 52 16 work
2230 1136 49 17 until
2288 1137 14 16 it

1866 1157 14 16 is
1898 1162 50 12 more
1962 1157 101 17 advanced.
2089 1159 63 16 Inside
2166 1159 33 17 the
2215 1159 87 22 building

1866 1180 32 17 Mr
1906 1180 122 17 McCallum's
2038 1187 42 10 men
2089 1187 31 12 are
2129 1188 20 11 as
2158 1182 48 22 busy
2219 1188 20 11 as
2252 1183 49 18 bees,

1866 1203 38 17 and
1913 1202 54 18 order
1976 1204 15 16 is
2000 1202 75 25 quickly
2084 1204 59 23 being
2149 1205 79 17 evolved
2237 1207 33 16 out
2284 1206 18 17 of

1866 1233 9 9 a
1892 1225 124 23 bowildcring
2032 1232 51 12 maze
2100 1228 20 16 of
2137 1228 112 23 scaffolding
2265 1229 37 17 and

1867 1248 98 29 plunking.
1991 1249 38 18 The
2043 1250 98 18 staircases
2157 1253 20 15 to
2194 1252 32 16 the
2244 1258 58 17 upper

1866 1272 56 17 floors
1931 1279 31 10 arc
1971 1272 19 17 in
1998 1273 81 21 position
2089 1274 38 17 and
2132 1274 46 18 each
2183 1274 16 18 is
2204 1275 98 18 furnished

1866 1295 46 17 with
1929 1295 53 22 huge
1997 1296 72 17 stained
2087 1296 96 23 windows,
2205 1298 97 17 embossed

1867 1319 45 16 with
1933 1318 93 23 Japanese
2047 1319 84 24 figuring
2148 1321 19 16 in
2188 1320 32 19 the
2240 1323 62 17 centre

1866 1347 63 17 panes,
1941 1341 31 18 the
1982 1341 74 24 margin
2065 1342 57 24 being
2134 1345 20 15 of
2169 1344 133 22 ruby-colored

1867 1365 56 24 glass,
1934 1364 83 24 through
2028 1366 59 17 which
2098 1366 32 18 the
2139 1366 49 23 light
2198 1368 14 15 is
2223 1368 79 17 diffused

1866 1388 18 17 in
1894 1388 38 17 soft
1943 1388 36 18 and
1988 1388 99 23 agreeable
2096 1390 50 17 tone.
2172 1390 130 23 MrTaylorof

1867 1411 99 17 Auckland
1974 1412 16 16 is
1999 1413 114 21 responsible
2120 1414 30 16 for
2155 1413 52 17 these
2214 1414 88 17 windows

1866 1434 38 18 and
1910 1434 47 23 they
1964 1434 64 19 reflect
2036 1434 34 19 the
2077 1436 74 18 utmost
2158 1436 59 18 credit
2232 1443 24 11 on
2274 1438 28 16 his

1867 1457 145 24 workmanship.
2038 1458 55 18 Some
2102 1460 20 15 of
2130 1459 33 18 the
2172 1460 81 22 upstairs
2268 1461 26 16 sit-

1866 1481 42 22 ting
1917 1487 62 11 rooms
1988 1487 30 12 arc
2027 1481 66 18 almost
2101 1482 86 19 finished.
2213 1483 39 18 The
2259 1484 35 17 ceil-

1866 1504 42 23 ings
1921 1510 31 11 are
1965 1504 20 17 in
1998 1504 54 17 kauri
2069 1505 56 21 panel
2142 1506 57 20 work,
2218 1507 84 21 polished

1866 1528 37 16 and
1913 1527 104 22 varnished,
2029 1528 44 17 with
2082 1531 63 14 centre
2151 1530 151 17 ornamentation

1866 1559 19 9 hi
1895 1551 63 17 choice
1966 1557 37 11 arm
2012 1551 63 18 varied
2085 1551 81 24 designs.
2192 1552 38 18 The
2241 1553 49 18 draw-

1866 1574 34 23 ing
1917 1580 50 10 room
1982 1574 34 17 has
2028 1574 38 17 had
2081 1576 53 16 extra
2152 1581 41 11 care
2207 1576 95 17 bestowed

1866 1603 51 16 upon
1934 1597 20 18 it.
1972 1597 32 17 the
2021 1597 97 23 cornicing
2133 1599 37 17 and
2184 1599 117 19 ornamental

1868 1620 49 17 work
1927 1619 57 24 being
1993 1620 75 17 heavier
2076 1622 37 16 and
2128 1622 20 17 of
2159 1628 10 11 a
2184 1628 51 11 more
2249 1622 53 18 florid

1867 1643 112 22 description
1989 1643 46 18 than
2044 1644 19 16 in
2072 1644 33 17 the
2113 1645 55 17 other
2179 1646 122 22 apartments.

1866 1667 39 17 The
1915 1666 94 23 fireplaces
2018 1673 31 10 are
2058 1667 54 17 fitted
2122 1668 45 17 with
2182 1670 64 21 giiitcs
2259 1675 33 11 cen-

1866 1689 42 18 tred
1924 1689 19 18 in
1960 1690 45 17 tiled
2022 1691 101 21 porcelain,
2138 1691 32 17 the
2184 1692 49 16 slabs
2247 1693 55 21 being

1867 1712 65 24 piiiked
1954 1715 32 15 out
2004 1714 45 16 with
2066 1714 53 17 floral
2139 1717 91 19 patterns.
2264 1715 38 18 The

1866 1736 65 22 panels
1948 1737 20 16 of
1984 1736 23 17 all
2026 1736 32 17 the
2079 1738 61 17 doors,
2164 1738 81 23 upstairs
2265 1739 37 16 and

1867 1759 118 19 downstairs,
2000 1766 31 10 are
2044 1761 115 22 beautifully
2175 1762 91 16 executed
2284 1762 18 17 of

1867 1782 73 22 figured
1950 1783 47 18 rimii
2007 1783 37 17 and
2061 1784 37 16 will
2113 1784 23 16 lie
2153 1785 86 23 supplied
2257 1786 45 16 with

1866 1802 61 26 ebony
1938 1806 45 17 door
1992 1806 83 17 handles,
2091 1813 19 10 as
2125 1808 53 16 these
2187 1814 31 11 are
2232 1808 58 23 imper-

1866 1829 53 17 vious
1941 1830 19 16 to
1981 1830 31 16 the
2033 1830 73 17 attacks
2127 1831 21 16 of
2164 1831 31 17 the
2213 1832 77 22 sulphur-

1866 1852 81 22 charged
1964 1852 123 24 atmosphere.
2119 1855 71 21 Special
2208 1856 93 15 attention

1866 1876 34 16 has
1909 1875 39 17 also
1958 1876 44 17 been
2014 1876 42 22 paid
2065 1878 19 14 to
2094 1876 33 17 the
2136 1877 34 17 bar
2179 1877 73 24 fittings
2265 1878 37 17 and

1866 1898 52 18 these
1929 1899 52 17 when
1995 1899 78 17 finished
2087 1900 37 17 will
2139 1903 75 19 present
2228 1908 9 9 a
2254 1902 47 17 mofit

1866 1921 100 18 attractive
1975 1927 121 18 appearance.
2123 1924 16 16 A
2148 1924 49 16 dado
2207 1924 38 18 will
2261 1931 30 11 sur-

1866 1944 60 18 round
1941 1945 32 17 the
1986 1945 64 22 public
2065 1947 43 21 part
2122 1947 19 16 of
2155 1947 31 17 (lie
2202 1947 38 19 bar,
2257 1948 44 17 with

1866 1968 92 17 alternate
1967 1968 65 23 panels
2042 1970 20 15 of
2075 1969 54 17 kauri
2142 1970 37 17 and
2195 1971 55 16 riuiu.
2286 1972 13 15 A

1867 1997 43 16 very
1920 1991 171 24 ornalobackpiecc
2096 1992 21 18 of
2120 1993 105 23 cunningly
2235 1994 67 17 carved

1866 2014 52 18 kauri
1929 2015 37 16 will
1976 2021 51 10 serve
2036 2021 20 11 as
2065 2022 24 10 an
2104 2016 121 23 appropriate
2240 2017 62 17 shrine

1866 2038 30 17 for
1905 2037 31 18 the
1945 2038 100 17 attendant
2054 2039 54 16 Hebe
2118 2040 42 16 who
2169 2040 38 17 will
2218 2040 84 18 minister

1866 2062 20 15 to
1895 2061 32 16 the
1936 2063 60 15 wants
2004 2062 21 16 of
2037 2062 33 17 the
2084 2063 80 16 votaries
2178 2064 19 16 of
2211 2063 89 18 Bacchus.

1867 2085 29 15 An
1905 2084 53 16 inner
1966 2085 57 21 porch
2032 2085 20 17 of
2061 2085 103 17 handsome
2176 2086 124 21 proportions,

1867 2107 45 16 with
1921 2107 61 17 svri=~
1992 2107 60 21 doors,
2068 2108 38 18 will
2120 2109 67 18 render
2200 2110 33 16 the
2250 2110 45 17 .lac-

1866 2136 50 16 snug
1925 2130 37 17 and
1972 2131 122 17 comfortable
2103 2132 19 17 in
2132 2138 37 16 any
2178 2135 38 14 sort
2226 2133 20 17 of
2252 2138 37 12 wea-

1866 2152 49 22 ther,
1933 2153 37 17 and
1985 2154 45 16 slide
2047 2155 65 21 panels
2127 2155 60 17 afford
2202 2161 64 12 moans
2283 2157 19 15 of

1866 2176 159 19 communication
2046 2177 46 17 with
2113 2178 33 18 the
2167 2178 33 17 bar
2221 2179 78 22 parlors.

1866 2199 39 17 The
1917 2200 94 16 verandah
2028 2201 59 17 which
2105 2207 71 17 sweeps
2193 2202 61 17 round
2270 2203 32 16 the

1866 2224 39 15 two
1918 2223 96 22 frontages
2028 2224 19 17 to
2063 2223 74 20 Fcnton
2154 2225 37 17 and
2208 2225 94 18 Ilinemoa

1866 2247 68 15 streets
1943 2246 14 16 is
1967 2247 91 22 spacious,
2074 2248 46 17 with
2135 2248 46 22 bays
2195 2248 107 24 projecting

1866 2274 45 11 over
1919 2269 33 17 the
1960 2270 38 16 two
2007 2270 51 17 main
2066 2272 104 16 entrances.
2195 2272 39 16 The
2240 2271 49 19 draw-

1867 2291 34 23 ing
1910 2298 52 11 room
1971 2291 37 19 and
2017 2293 68 23 sitting
2091 2300 62 11 rooms
2159 2300 47 16 open
2214 2301 23 11 on
2244 2298 19 14 to
2271 2295 31 17 the

1868 2315 94 18 verandah
1972 2316 61 17 which
2043 2317 38 17 will
2091 2317 59 17 afford
2164 2324 24 11 an
2203 2318 99 22 agreeable

1866 2338 114 22 promenade
1989 2344 20 13 01'
2018 2339 94 24 lounging
2119 2341 59 22 place,
2189 2347 20 10 as
2220 2342 12 16 it
2248 2342 54 16 offers

1866 2368 9 10 a
1887 2361 127 23 magnificiont
2023 2364 87 22 prospect
2119 2364 20 16 of
2147 2371 10 9 a
2167 2364 47 17 wide
2221 2371 81 16 expanse

1867 2385 20 16 of
1895 2386 85 21 country.
1995 2385 31 18 Mr
2030 2385 51 19 John
2088 2387 70 19 Currie,
2166 2388 31 16 the
2204 2388 97 16 architect.

1866 2413 59 12 seems
1935 2410 19 15 to
1963 2408 47 19 have
2019 2410 78 17 omitted
2106 2410 82 23 nothing
2197 2411 19 16 in
2225 2410 66 24 design-

1866 2430 35 24 ing
1908 2437 11 11 a
1934 2431 50 19 hotel
1998 2432 61 18 which
2073 2433 37 17 will
2125 2434 47 16 rank
2185 2439 71 19 among
2271 2434 31 17 the

1866 2454 42 16 best
1917 2454 18 17 in
1945 2455 33 18 the
1986 2455 66 19 island,
2062 2457 38 16 and
2108 2457 32 16 Mr
2149 2457 22 17 It.
2185 2457 26 17 H.
2226 2458 64 17 McCal-

1866 2477 46 19 luni,
1922 2477 33 18 the
1963 2480 107 16 contractor
2079 2485 41 17 may
2129 2480 23 17 be
2158 2481 144 20 congratulated

1867 2506 23 11 on
1901 2500 31 18 the
1941 2502 99 17 successful
2051 2507 86 18 progress
2146 2504 20 16 of
2175 2504 28 16 his
2213 2503 57 19 work.

1917 2535 3 19 I
1928 2535 87 17 MITATI
2021 2535 48 19 (>XS
2084 2537 32 16 ()F
2125 2537 53 17 Til]-:
2187 2537 69 17 REAL

1867 2585 85 24 Original
1963 2586 32 17 fall
2006 2587 28 16 far
2043 2587 52 17 short
2105 2588 20 16 of
2131 2587 14 17 it
2155 2587 37 18 and
2201 2594 31 11 are
2240 2594 20 11 as
2266 2595 24 11 un-

1867 2609 85 22 pleasant
1961 2616 20 10 as
1990 2610 14 16 it
2014 2610 14 16 is
2041 2610 102 22 palatable.
2178 2611 57 17 Insist
2251 2617 51 17 upon

1867 2632 72 22 having
1947 2632 32 18 the
1989 2634 42 16 real,
2039 2633 42 17 that
2090 2634 15 17 is
2116 2633 75 19 Wolfe's
2197 2634 104 23 Schnapps.

1899 2700 49 18 THE
1961 2701 121 17 ROTORUA
2095 2700 168 20 SANATORIUM.

1890 2765 17 16 A
1915 2765 118 17 CunoxiCL
2042 2766 147 21 representative
2204 2766 60 18 culled
2278 2773 22 12 on

1866 2788 28 16 Dr
1904 2788 80 16 Cinders
1992 2787 32 18 the
2033 2788 54 18 other
2096 2788 37 22 day
2142 2788 30 18 for
2181 2789 31 18 the
2221 2795 79 18 purpose

1866 2811 21 16 i>f
1895 2810 84 24 eliciting
1988 2817 22 10 an
2024 2811 77 22 opinion
2115 2811 19 17 in
2150 2812 67 23 regard
2233 2814 20 16 to
2270 2813 30 18 the

1866 2834 60 22 Royal
1937 2833 122 19 Commission
2068 2834 71 24 sought
2148 2835 29 16 for
2186 2835 25 19 bv
2221 2836 30 17 Mr
2260 2836 40 18 Me-

1866 2856 76 19 Eenzie.
1954 2857 78 17 M.11.R.
2040 2857 29 17 for
2078 2857 75 18 Cluthn.
2179 2858 56 18 After
2243 2865 11 11 a
2266 2860 34 17 few

1866 2881 92 21 enquiries
1967 2887 21 10 as
1996 2881 19 17 to
2024 2880 33 18 the
2066 2882 67 16 nature
2140 2881 20 18 of
2169 2881 31 19 the
2210 2882 79 18 informa-

1866 2903 41 18 tion
1915 2903 73 23 sought
1995 2903 29 18 for
2039 2903 28 17 Dr
2083 2903 80 19 Gindcrs
2181 2905 51 17 said:
2250 2906 50 17 -You

1865 2926 34 17 ask
1908 2932 29 12 me
1948 2926 50 18 what
2005 2927 8 16 I
2019 2926 55 17 think
2083 2927 21 17 of
2109 2927 33 17 the
2150 2927 83 19 Rotorua
2241 2929 59 23 Royal

1866 2949 129 22 Commission,
2005 2955 21 11 as
2039 2950 103 23 suggested
2156 2950 19 18 in
2189 2952 32 16 the
2236 2952 64 17 House

1866 2973 20 16 of
1895 2973 161 22 Representatives
2065 2973 25 22 by
2099 2973 33 18 the
2144 2974 110 18 Honorable
2269 2976 31 18 the

1865 2995 86 19 Member
1960 2996 29 18 for
1997 2995 75 19 Clutha.
2099 2997 9 16 I
2123 2996 70 19 believe
2207 2997 43 19 that
2264 2999 27 17 cir-

1866 3020 116 17 cumstances
1991 3025 43 16 may
2043 3020 47 16 arise
2104 3020 21 17 in
2139 3020 61 18 which
2214 3028 11 10 a
2240 3021 60 23 Royal

1865 3042 123 18 Commission
1996 3042 16 17 is
2021 3042 34 18 not
2063 3043 45 21 only
2123 3042 91 21 desirable
2223 3044 35 18 but
2266 3046 23 17 ab-

1865 3066 81 22 solutely
1957 3070 103 18 necessary.
2086 3066 9 16 I
2104 3065 71 19 believe
2184 3067 43 18 that
2235 3068 19 17 in
2269 3068 31 18 the

1864 3088 103 17 charitable
1975 3089 117 17 institutions
2102 3089 21 17 of
2135 3089 38 18 this
2188 3093 80 21 country
2280 3093 20 16 in

1864 3112 33 17 the
1906 3112 68 22 charge
1988 3117 20 11 or
2024 3111 60 18 under
2100 3112 33 17 the
2150 3114 116 21 supervision
2280 3116 20 16 of

1865 3135 81 17 medical
1955 3141 48 12 men,
2014 3135 83 22 nothing
2105 3136 15 16 is
2129 3141 20 11 so
2165 3136 107 20 subversive
2280 3139 20 16 of

1865 3157 97 23 discipline
1972 3158 37 17 and
2021 3158 50 22 good
2088 3162 135 19 management
2238 3167 19 11 as
2268 3161 32 19 the

1864 3183 54 20 petty
1927 3181 99 22 jealousies
2036 3181 38 18 and
2082 3181 106 23 bickerings
2198 3183 60 18 which
2269 3187 31 14 too

1865 3204 108 23 frequently
1980 3204 46 17 arise
2040 3204 86 17 between
2143 3205 32 17 the
2192 3206 72 18 officers
2280 3208 19 17 in

1864 3227 70 22 charge
1942 3227 38 17 and
1995 3227 48 17 their
2057 3228 136 17 subordinates.
2219 3230 60 18 When
2290 3232 9 16 I

1864 3251 46 16 hear
1918 3251 20 16 of
1947 3256 11 12 a
1966 3256 42 11 man
2019 3250 19 17 in
2047 3249 70 25 charge
2126 3251 20 17 of
2154 3257 11 11 a
2174 3251 52 24 large
2235 3254 64 21 public

1864 3274 108 17 institution
1981 3273 74 22 finding
2063 3274 50 17 fault
2128 3274 46 18 with
2188 3275 29 18 his
2231 3277 56 17 subor-

1864 3296 73 18 dinates
1946 3296 78 19 because
2034 3296 45 23 they
2088 3296 54 18 don't
2153 3298 43 17 take
2211 3300 27 16 off
2250 3300 50 17 their

1863 3320 44 16 hats
1916 3321 19 15 to
1944 3320 45 18 him,
2000 3319 37 18 and
2050 3321 21 15 of
2085 3321 79 16 another
2177 3322 78 23 putting
2270 3324 29 16 his

1863 3343 83 21 patients
1961 3349 24 10 on
1997 3343 58 16 bread
2075 3343 36 17 and
2127 3345 58 16 water
2204 3345 30 17 for
2248 3352 51 11 some

1864 3366 97 23 trumpery
1970 3366 70 17 offence
2048 3366 90 23 affecting
2146 3367 45 22 only
2200 3368 81 21 himself,
2289 3370 9 17 I

1863 3395 31 11 am
1903 3389 81 17 inclined
1993 3390 19 16 to
2021 3389 55 17 think
2085 3396 10 10 a
2105 3390 59 21 Royal
2175 3390 123 19 Commission

1863 3418 11 10 a
1883 3411 50 24 good
1943 3412 60 22 tiling.
2030 3413 19 16 If
2057 3418 12 12 a
2078 3412 78 18 medical
2170 3420 50 14 man,
2230 3421 22 11 or
2260 3422 38 16 any

1863 3435 55 16 other
1927 3441 48 14 man,
1982 3435 15 17 is
2007 3437 33 16 not
2045 3435 96 23 respected
2149 3436 26 22 by
2181 3437 29 18 his
2215 3438 83 22 patients

1863 3458 38 17 and
1909 3458 63 17 fellow
1980 3458 80 21 citizens,
2071 3458 32 18 the
2111 3458 47 19 fault
2168 3460 15 16 is
2189 3461 75 22 usually
2269 3462 29 17 his

1863 3487 48 11 own.
1938 3482 19 16 If
1965 3488 10 10 a
1984 3488 43 10 man
2036 3481 20 18 in
2064 3482 104 22 authority,
2182 3484 9 16 I
2207 3490 42 11 care
2262 3486 35 16 not

1862 3504 20 17 in
1900 3504 51 18 what
1968 3504 228 23 departmentmedical,
2207 3507 89 22 political,

1862 3527 58 17 social
1928 3533 21 11 or
1958 3527 151 23 religiouswill
2127 3529 122 23 persistently
2266 3537 31 11 use

1862 3550 33 18 the
1903 3550 60 17 nettle
1972 3550 54 18 when
2035 3551 23 17 ho
2067 3551 68 17 should
2141 3557 32 12 use
2182 3553 32 16 the
2220 3554 67 17 oil-fea-

1862 3573 48 20 ther,
1920 3573 27 17 let
1955 3573 38 17 him
2002 3573 44 17 take
2055 3574 32 16 the
2095 3580 142 17 consequences.
2258 3578 39 16 The

1862 3596 38 22 day
1908 3596 34 17 has
1951 3602 48 16 gone
2007 3596 26 22 by
2042 3597 54 17 when
2106 3603 27 11 we
2150 3599 92 22 regarded
2250 3601 47 16 with

1862 3619 104 22 trembling
1989 3625 40 11 awe
2048 3620 32 17 the
2104 3620 108 23 injunction
2228 3622 21 18 of
2264 3623 33 17 the

1862 3642 75 18 Church
1955 3643 100 17 catechism
2069 3644 20 17 to
2135 3644 55 17 order
2203 3646 94 17 ourselves

1862 3665 57 21 lowly
1926 3665 37 17 and
1972 3666 104 22 reverently
2085 3666 64 18 before
2158 3673 34 11 oar
2200 3668 76 18 betters.

1862 3688 10 16 I
1881 3694 30 11 am
1918 3688 70 18 radical
1997 3689 75 22 enough
2089 3691 20 16 to
2125 3689 72 19 believe
2213 3691 43 18 that
2265 3693 32 16 the

1862 3711 68 17 honest
1938 3711 141 22 working-man
2085 3713 43 16 who
2133 3713 16 17 is
2154 3719 11 11 a
2171 3714 50 22 good
2228 3716 66 19 father,

1862 3740 11 10 a
1882 3734 50 22 good
1937 3734 92 20 husband,
2040 3735 38 17 and
2086 3742 11 10 a
2114 3736 50 21 Rood
2181 3738 71 19 citizen,
2262 3738 34 17 has

1861 3763 26 11 no
1895 3757 77 17 betters.
1993 3757 52 18 With
2054 3759 68 22 regard
2130 3760 21 16 to
2159 3758 32 20 the
2205 3766 78 17 manage-

1862 3780 53 17 ment
1923 3781 21 16 of
1951 3780 32 17 the
1991 3780 85 19 Rotorua
2085 3782 126 22 Sanatorium,
2221 3790 21 12 as
2250 3784 47 22 long

1862 3809 20 10 as
1891 3803 10 17 I
1910 3803 36 17 feel
1955 3804 42 16 that
2005 3804 10 16 I
2024 3804 47 18 have
2086 3805 33 17 the
2135 3806 107 17 confidence
2258 3808 38 16 and

1862 3825 91 23 approval
1962 3827 20 16 of
1989 3826 32 18 the
2030 3827 58 17 heads
2097 3829 20 16 of
2125 3828 32 18 the
2171 3829 126 23 Department

1862 3849 60 16 under
1930 3849 61 17 which
2001 3850 9 16 I
2019 3855 57 16 serve,
2085 3857 11 11 a
2103 3851 62 23 Royal
2172 3853 124 17 Commission

1861 3872 34 16 has
1904 3877 26 12 no
1939 3874 69 16 tenors
2017 3873 30 17 for
2054 3879 30 12 me
2109 3875 10 16 I
2130 3875 68 18 should
2207 3876 89 17 welcome

1861 3895 33 16 the
1903 3895 108 23 gentlemen
2019 3896 84 23 forming
2109 3898 46 17 such
2161 3903 11 13 a
2177 3899 119 17 commission

1861 3917 97 23 cordially,
1968 3918 37 17 and
2012 3919 66 28 gladly
2087 3919 24 18 do
2118 3922 113 22 everything
2239 3922 19 16 in
2265 3928 31 17 my

1861 3947 65 16 power
1934 3942 20 15 to
1963 3942 66 17 render
2039 3943 49 17 their
2096 3943 45 17 visit
2156 3944 87 22 pleasant
2259 3945 37 17 and

1862 3963 105 24 agreeable.
1993 3964 19 17 If
2019 3966 47 21 they
2073 3966 50 17 liked
2132 3966 15 17 it
2156 3968 10 16 I
2177 3968 64 17 would
2249 3968 47 22 keep

1861 3987 52 16 them
1923 3988 106 21 constantly
2038 3989 19 16 in
2066 3989 34 17 hot
2109 3991 63 19 water,
2182 3990 39 18 and
2237 3990 59 23 freely

1862 4010 73 21 forgive
1944 4010 51 17 them
2003 4011 16 16 if
2027 4011 46 23 they
2082 4012 57 17 failed
2148 4014 20 16 to
2181 4015 65 15 return
2263 4015 33 16 the

1862 4032 128 22 compliment.
2015 4034 27 17 As
2051 4036 20 15 to
2088 4040 11 11 a
2116 4035 73 19 further
2206 4037 90 17 chemical

1861 4056 128 16 examination
1998 4057 21 17 of
2024 4057 33 17 the
2065 4058 79 17 mineral
2153 4061 68 16 waters
2228 4060 44 17 here
2286 4060 10 17 I

1862 4078 56 17 think
1927 4079 45 17 such
1980 4079 15 17 ie
2003 4080 19 16 in
2032 4086 56 17 every
2095 4086 43 18 way
2151 4082 98 21 desirable,
2259 4083 37 17 and

1862 4102 11 16 I
1881 4102 47 16 view
1937 4102 46 17 with
1996 4104 56 16 much
2069 4104 117 18 satisfaction
2203 4106 32 17 the
2251 4112 33 16 pro-

1862 4124 46 18 mise
1917 4124 55 18 made
1981 4126 19 16 in
2008 4125 44 19 that
2059 4129 73 20 respect
2140 4128 25 22 by
2178 4129 32 16 Mr
2218 4129 76 17 Reeves.

2404 117 59 19 THE
2482 117 184 20 SANATORIUM.

2377 176 12 12 A
2399 176 117 12 DISCUSSION
2533 175 23 13 IN
2573 174 42 14 THE
2631 174 73 14 HOUSE.

2490 203 208 25 Wednesday.The
2711 204 34 18 Pre-

2324 230 51 18 mier
2384 231 67 18 stated
2458 229 109 25 yesterday
2575 230 45 18 that
2631 230 33 18 lhe
2674 229 83 25 general

2324 256 89 24 analysis
2421 257 22 18 of
2451 256 34 19 the
2494 256 92 18 Rotorua
2594 256 84 18 mineral
2683 257 74 17 waters

2325 287 40 13 was
2375 282 58 19 made
2442 282 21 19 in
2479 283 55 21 1878,
2557 281 39 19 but
2615 282 45 18 that
2679 280 78 20 several

2324 307 94 25 analyses
2425 309 22 18 of
2456 307 110 23 particular
2573 307 59 19 muds
2638 307 39 18 and
2684 309 73 17 waters

2325 332 40 19 had
2380 333 51 19 been
2450 334 59 19 made
2528 334 53 18 from
2599 334 49 17 timo
2667 335 20 16 to
2707 332 49 20 tirun

2325 358 60 20 since.
2409 359 42 20 The
2462 362 74 17 matter
2546 366 41 12 was
2597 359 110 25 important
2718 358 39 20 and

2325 384 65 19 would
2400 385 77 20 recieve
2488 386 39 18 due
2538 386 106 18 attention.

2350 411 50 18 This
2411 414 108 16 statement
2529 411 35 19 did
2580 412 35 18 not
2632 412 82 18 content
2721 410 34 19 Mr

2325 435 111 21 McKenzie
2446 437 44 19 who
2500 437 67 19 stated
2577 438 45 18 that
2639 436 35 20 the
2691 436 55 19 estab-

2325 462 96 18 lishment
2433 466 21 16 at
2463 463 94 19 Rotorua
2567 470 41 12 was
2626 463 63 24 being
2709 463 36 19 mis-

2324 487 108 25 managed,
2444 489 39 18 and
2495 489 60 19 while
2573 489 36 19 the
2627 488 87 19 number
2733 489 21 18 of

2325 514 80 18 visitors
2415 516 21 16 to
2445 515 34 18 the
2489 515 81 24 locality
2581 522 40 11 was
2629 515 127 25 imcreasing,

2325 539 34 19 the
2378 540 86 19 number
2483 541 22 19 of
2533 541 130 19 attendances
2683 543 22 16 at
2723 541 34 19 the

2324 565 130 20 Sanatorium
2465 572 40 13 was
2515 573 25 12 on
2551 567 35 18 the
2596 567 99 19 decrease.

2351 591 43 19 The
2405 592 90 19 Premier
2514 593 43 19 said
2568 593 45 18 that
2632 592 47 24 they
2691 593 65 18 would

2325 617 35 18 ask
2373 618 31 17 for
2423 618 91 25 supplies
2532 620 20 17 to
2574 618 72 19 enable
2665 619 54 18 them
2738 622 19 16 to

2324 643 56 25 place
2390 643 35 18 the
2436 644 84 19 mineral
2533 646 71 17 waters
2615 644 64 19 under
2685 651 72 19 proper

2325 669 126 25 supervision
2463 670 40 19 and
2512 670 83 19 c-ntrol.
2617 670 42 19 The
2671 671 74 23 expend-

2324 696 53 18 iture
2400 695 22 19 of
2445 695 90 24 20,000
2557 703 26 12 on
2614 696 34 19 the
2667 696 90 19 Rotorua

2325 721 86 25 Springs
2421 722 66 18 would
2500 722 24 18 be
2533 722 47 19 wise
2593 722 40 19 and
2644 726 40 16 not,
2697 722 20 19 iu
2727 722 30 19 his

2324 747 89 25 opinion,
2425 748 108 19 excessive.

2350 773 49 18 This
2423 778 161 15 announcement
2609 781 39 12 was
2667 774 90 19 received

2325 799 48 19 with
2385 799 72 19 tokens
2467 801 21 17 of
2498 799 99 26 approval
2601 799 28 26 by
2635 800 34 19 the
2681 800 76 19 House.

2326 1596 50 17 THE
2396 1596 104 19 SURVEY
2518 1598 28 17 IN
2565 1599 52 16 THE
2630 1598 127 19 UREWERA

2478 1620 127 18 COUNTRY.

2385 1666 33 22 [llV
2431 1672 11 11 A
2456 1671 89 13 VISITIX(i
2559 1667 139 24 JOUKXAMST.]

2348 1697 18 17 It
2376 1703 38 12 was
2423 1698 53 23 quite
2484 1705 11 10 a
2503 1698 86 23 pleasure
2598 1701 19 15 to
2624 1706 33 11 me,
2665 1700 93 24 lounging

2324 1720 44 17 here
2381 1721 19 17 in
2415 1722 62 17 search
2496 1723 20 15 of
2527 1722 80 18 renewal
2621 1723 19 16 of
2653 1723 71 22 health,
2739 1725 19 15 to

2325 1745 50 16 meet
2382 1744 32 17 Mr
2422 1744 99 24 Inrpcetor
2535 1745 90 18 Emerson
2639 1752 25 11 on
2682 1746 76 22 Sunday

2324 1767 86 23 evening,
2422 1774 22 11 on
2454 1768 29 17 his
2491 1770 66 15 return
2566 1770 48 16 from
2627 1770 31 16 the
2672 1775 54 12 scene
2739 1771 19 16 of

2324 1790 32 18 tho
2374 1791 74 17 fcroublo
2465 1792 45 16 with
2528 1792 32 17 the
2577 1798 96 17 surveyors
2691 1793 18 17 in
2727 1794 31 16 tin?

2324 1813 86 18 Urcwerii
2422 1816 85 21 country.
2521 1815 39 17 Tho
2570 1816 95 22 Inspector
2674 1822 21 10 as
2704 1817 19 17 to
2730 1817 28 17 his

2324 1836 120 19 habiliments
2453 1838 33 16 did
2495 1839 32 16 not
2537 1838 44 17 look
2676 1839 44 18 inch
2734 1845 24 12 an

2451 1861 34 17 lint
2496 1862 63 16 rather
2568 1869 10 9 a
2593 1867 72 18 ganger
2679 1864 20 15 of
2711 1869 36 10 nav-

2324 1883 44 18 vies,
2379 1884 29 16 for
2417 1884 23 16 he
2450 1884 33 16 lias
2492 1884 46 17 been
2548 1884 60 24 living
2617 1885 19 17 in
2650 1892 11 10 a
2674 1887 42 16 tent
2730 1887 28 16 for

2316 1904 1 27 j
2324 1906 58 17 about
2392 1909 37 14 two
2439 1907 76 17 months
2524 1908 37 16 and
2570 1909 102 22 subsisting
2687 1915 23 11 on
2726 1910 32 16 the

2316 1926 1 27 i
2324 1929 61 18 boiled
2396 1933 75 14 mutton
2487 1931 37 16 and
2538 1931 78 22 damper
2629 1933 20 16 of
2660 1932 97 20 tradition,

2324 1952 33 17 but
2367 1953 29 17 his
2404 1953 40 17 iron
2454 1954 59 17 frame
2522 1954 37 17 and
2568 1955 115 17 determined
2695 1955 63 23 visage

2324 1976 47 16 have
2380 1976 46 17 been
2436 1983 44 16 very
2488 1978 55 16 much
2553 1978 135 21 strengthened
2693 1979 26 22 by
2725 1985 22 11 ex-

2323 2004 67 17 posure
2399 2000 37 17 and
2446 2001 101 22 simplicity
2557 2001 20 18 of
2585 2001 47 20 diet;
2647 2001 37 17 and
2693 2003 15 15 it
2721 2008 37 12 was

2323 2022 52 22 quite
2384 2029 12 10 a
2404 2024 48 16 treat
2459 2027 19 14 to
2486 2030 57 16 grasp
2549 2025 29 16 his
2585 2025 50 16 hand
2644 2030 46 13 once
2695 2025 62 24 again.

2323 2045 39 18 Tho
2383 2046 99 23 Inspector
2499 2048 32 17 has
2547 2048 36 17 had
2601 2053 24 12 no
2639 2048 84 19 sinecure
2740 2051 18 15 at

2324 2069 84 17 Galatea.
2434 2070 39 16 The
2481 2071 60 16 entire
2550 2071 51 17 force
2612 2072 20 16 of
2644 2072 114 17 Permanent

2323 2092 96 22 Artillery.
2441 2093 140 23 Torpedo-men
2597 2094 37 17 and
2653 2095 105 18 constables

2323 2114 114 24 nuud>crk;g
2453 2116 51 22 sixty
2521 2117 19 16 in
2557 2118 25 15 all
2599 2123 37 10 was
2654 2119 60 16 under
2730 2118 28 17 his

2323 2138 106 20 command,
2440 2139 62 17 Lieut.
2512 2140 64 17 Hume
2582 2140 71 21 having
2661 2140 69 23 charge
2740 2142 18 16 of

2323 2161 33 16 the
2365 2161 114 19 Permanent
2488 2163 95 22 Artillery.
2609 2163 39 17 The
2662 2164 63 17 choice
2740 2166 18 16 of

2324 2184 32 17 the
2366 2184 81 19 Defence
2456 2186 126 22 Department
2590 2192 38 11 was
2642 2192 11 12 a
2667 2187 44 17 wise
2724 2194 34 11 one

2324 2207 30 18 for
2370 2207 31 18 Mr
2415 2208 107 18 Emerson's
2535 2210 47 22 long
2597 2210 108 22 experience
2721 2212 37 16 and

2324 2231 123 17 well-known
2457 2232 145 18 determination
2615 2233 47 22 fully
2680 2234 78 18 entitled

2323 2253 40 18 him
2371 2256 20 15 to
2401 2255 31 16 the
2441 2255 115 22 responsible
2570 2256 80 22 position
2664 2257 20 16 of
2697 2257 61 17 leader

2324 2278 20 15 of
2352 2283 11 11 a
2371 2280 107 15 movement
2488 2279 60 17 which
2557 2279 103 17 demanded
2669 2286 21 11 as
2702 2281 56 17 much

2324 2300 75 17 caution
2408 2307 21 11 as
2437 2302 91 21 firmness,
2538 2309 20 10 as
2573 2303 54 16 much
2641 2303 117 18 moderation

2324 2330 19 10 as
2359 2324 92 17 boldness.
2482 2325 39 17 The
2538 2325 96 23 Inspector
2647 2326 15 18 is
2679 2332 43 12 now
2736 2333 22 11 en

2324 2349 53 14 route
2399 2347 29 18 for
2450 2348 76 22 .Napier,
2549 2348 37 24 (his
2602 2349 59 23 police
2678 2349 80 25 district)

2324 2370 61 17 where
2394 2370 104 23 important
2508 2372 60 22 police
2577 2372 83 18 business
2669 2373 89 18 demands

2316 2392 1 31 |
2324 2392 28 18 his
2366 2398 94 17 presence,
2474 2394 36 18 but
2523 2395 15 17 it
2554 2396 16 16 is
2587 2396 66 22 highly
2669 2397 89 22 probable

2316 2413 1 32 j
2324 2416 42 17 that
2387 2417 23 16 he
2431 2417 38 18 will
2490 2418 23 17 be
2533 2420 57 21 again
2609 2419 114 22 despatched
2740 2421 18 17 to

2324 2439 85 18 Galatea.

2348 2463 23 16 In
2380 2469 88 18 response
2475 2466 20 16 to
2503 2471 33 17 my
2544 2466 95 22 questions
2648 2466 31 17 Mr
2692 2466 53 18 Emer-

2325 2492 33 11 son
2368 2487 40 16 said
2417 2488 23 16 he
2448 2488 38 17 bad
2493 2483 98 23 no'doubt
2605 2489 95 18 whatever
2717 2490 41 18 that

2324 2509 32 17 the
2364 2514 77 19 prompt
2450 2511 63 19 action
2522 2513 20 16 of
2547 2513 33 16 the
2589 2513 127 17 Government
2721 2514 37 17 and

2324 2533 32 16 the
2365 2533 65 18 skilful
2439 2535 103 17 mediation
2549 2537 20 16 of
2583 2535 32 18 the
2629 2535 50 18 Hon.
2695 2535 63 19 James

2324 2557 73 16 Carroll
2406 2558 77 17 averted
2493 2559 70 16 serious
2573 2558 78 19 trouble.
2677 2559 39 18 The
2724 2566 23 11 na-

2324 2580 47 16 tives
2380 2580 37 18 had
2427 2585 34 13 not.
2470 2581 87 24 objected
2567 2584 19 15 to
2601 2582 31 18 tho
2648 2582 98 19 road-mak-

2323 2603 40 23 ing.
2390 2605 17 16 It
2418 2610 37 11 was
2464 2606 20 16 to
2491 2605 32 17 the
2532 2606 39 21 trig
2587 2610 67 17 survey
2663 2606 39 17 that
2714 2606 44 23 they

2324 2626 92 22 objected.
2443 2629 15 16 A
2467 2634 90 17 surveyor
2566 2629 42 16 who
2620 2629 33 16 has
2666 2629 40 17 also
2719 2629 39 23 just

2324 2651 89 16 returned
2430 2652 48 17 from
2493 2652 31 17 the
2542 2657 58 13 scene,
2618 2652 42 17 tells
2681 2658 29 13 me
2726 2653 32 17 the

2324 2674 92 23 stoppage
2425 2681 38 10 was
2472 2675 78 17 effected
2558 2675 25 22 by
2593 2675 31 17 the
2632 2675 73 18 natives
2714 2676 19 17 in
2748 2683 10 10 a

2324 2703 44 16 very
2387 2699 45 20 foxy
2450 2704 83 11 manner.
2655 2704 49 12 were
2719 2704 26 12 em-

2323 2720 69 22 ployed
2401 2723 20 14 to
2430 2721 94 23 interrupt
2537 2721 33 17 the
2584 2727 72 17 survey.
2687 2723 18 16 It
2720 2728 38 11 was

2323 2744 71 16 certain
2403 2744 43 17 that
2455 2744 37 17 had
2506 2744 32 17 the
2551 2751 43 10 men
2608 2751 52 10 come
2677 2746 80 17 forward

2323 2768 20 15 to
2352 2768 43 21 stop
2411 2767 33 17 tho
2458 2773 104 16 surveyors,
2581 2768 32 17 the
2625 2768 57 17 latter
2695 2768 63 18 would

2323 2789 48 17 have
2384 2791 83 17 retorted
2481 2791 20 17 in
2516 2791 71 17 British
2604 2791 72 17 fashion
2693 2791 37 17 and
2747 2798 11 11 a

2324 2813 57 17 melee
2390 2814 63 17 would
2462 2814 47 17 have
2517 2814 48 17 been
2577 2814 128 22 precipitated.
2719 2815 39 18 The

2323 2842 73 12 women
2406 2843 47 11 were
2462 2837 97 22 protected
2573 2837 25 22 by
2612 2838 48 16 their
2674 2843 32 12 sex
2720 2838 37 17 and

2323 2859 33 18 the
2364 2859 129 24 interruption
2500 2866 39 12 was
2547 2857 54 21 made
2614 2860 25 23 by
2646 2861 58 17 them.
2718 2861 39 18 The

2323 2888 50 11 same
2394 2883 87 18 observer
2497 2884 83 16 remarks
2596 2884 42 16 that
2660 2890 48 11 were
2725 2885 32 16 the

2323 2906 97 17 Ureweras
2436 2907 116 17 determined
2561 2909 19 15 to
2594 2907 54 17 make
2665 2907 91 21 mischief,

2323 2930 45 23 they
2377 2930 55 17 could
2441 2930 59 22 easily
2509 2930 42 22 pick
2561 2931 26 16 off
2596 2930 31 17 the
2636 2930 63 17 armed
2714 2936 43 11 men

2323 2953 48 17 from
2380 2953 50 17 their
2438 2953 129 17 ambuscades.
2600 2954 24 16 So
2638 2954 29 16 far
2679 2959 25 12 no
2717 2953 30 18 col-

2323 2977 53 16 lision
2386 2977 33 16 has
2428 2977 90 17 occurred
2531 2977 38 17 and
2582 2975 130 25 undoubtedly
2724 2977 33 17 tho

2323 3005 87 16 presence
2418 3000 21 17 of
2447 3000 32 17 the
2488 3001 64 21 troops
2562 3000 46 17 with
2617 3000 48 17 their
2679 3006 49 11 anus
2737 3001 20 16 of

2322 3022 98 23 precision,
2430 3023 37 17 and
2476 3023 33 17 the
2521 3022 100 19 discretion
2634 3023 46 17 with
2696 3023 60 18 which

2323 3045 64 24 things
2397 3046 46 17 have
2452 3047 47 16 been
2509 3045 71 19 carried
2589 3047 38 19 out,
2637 3047 48 16 have
2699 3047 38 17 had
2745 3054 12 10 a

2322 3071 53 20 great
2385 3069 54 19 effect
2447 3070 18 17 in
2475 3069 114 23 preventing
2595 3069 109 18 bloodshed.

2345 3092 38 17 The
2394 3093 50 17 Hon.
2455 3093 31 17 Mr
2495 3092 87 18 Carroll's
2591 3092 43 17 visit
2641 3094 19 15 to
2670 3092 74 19 theUre-

2321 3121 49 11 wera
2380 3118 80 21 country
2469 3116 33 16 has
2508 3115 129 22 undoubtedly
2647 3116 48 17 done
2700 3116 56 17 much

2321 3140 21 16 to
2358 3141 79 20 prevent
2453 3146 12 10 a
2481 3139 91 17 collision.
2603 3138 39 18 The
2658 3139 99 22 Inspector

2322 3168 42 16 says
2372 3162 33 17 tho
2415 3162 87 18 Minister
2511 3163 37 16 met
2558 3162 32 17 the
2601 3162 156 22 representatives

2321 3186 21 16 of
2350 3185 32 17 the
2391 3185 98 18 Ureweras
2500 3184 130 23 inadigniiied
2637 3191 78 11 manner
2719 3186 38 17 and

2321 3208 40 17 told
2368 3208 51 18 them
2432 3209 19 16 in
2465 3210 58 15 terms
2540 3210 20 14 at.
2577 3214 45 11 once
2634 3208 71 22 precise
2719 3209 37 17 and

2321 3232 95 22 emphatic
2425 3233 19 16 of
2453 3232 32 17 the
2494 3231 144 18 determination
2647 3231 20 17 of
2676 3232 33 16 the
2717 3233 26 16 Go-

2320 3257 105 15 vernment.
2439 3255 25 18 At
2472 3255 68 21 length
2549 3255 31 16 the
2589 3254 57 17 chiefs
2655 3255 101 17 consented

2320 3279 21 16 to
2360 3278 34 17 the
2413 3284 68 17 survey
2502 3278 57 22 being
2578 3277 103 22 proceeded
2702 3278 52 17 with.

2321 3301 59 22 Many
2389 3302 19 16 of
2417 3302 32 17 the
2458 3301 72 17 natives
2535 3301 87 17 however
2629 3300 39 17 still
2683 3301 71 17 exhibit

2321 3324 108 21 sullenness,
2439 3324 38 17 and
2494 3324 15 17 it
2522 3324 15 17 is
2552 3325 34 16 not
2601 3323 108 18 considered
2723 3326 31 20 yet

2320 3347 91 17 desirable
2420 3349 20 16 to
2450 3348 99 17 withdraw
2557 3347 32 17 the
2598 3348 64 15 forces.
2693 3346 61 19 While

2320 3370 32 18 the
2361 3377 99 16 surveyors
2469 3371 47 17 have
2525 3370 47 17 l>een
2580 3369 113 23 proceeding
2708 3370 45 17 with

2319 3393 50 17 their
2376 3394 53 17 work
2438 3393 60 19 under
2505 3393 112 22 protection,
2627 3393 31 16 the
2671 3392 82 18 laborers

2319 3417 114 22 numbering
2441 3417 59 17 about
2508 3417 66 22 eighty
2581 3416 46 17 have
2636 3416 47 16 been
2691 3415 49 18 work-

2319 3440 34 21 ing
2361 3440 109 22 vigorously
2477 3442 21 15 at
2503 3439 139 22 road-making.
2651 3439 51 21 (The
2710 3444 42 12 men

2319 3468 48 12 were
2376 3465 41 15 sent
2432 3469 25 16 up
2472 3463 49 17 from
2535 3462 33 18 the
2581 3458 59 21 South
2653 3462 38 16 and
2708 3462 44 22 they

2319 3486 49 17 have
2382 3486 43 17 well
2441 3485 85 24 justified
2542 3486 32 16 the
2587 3485 94 17 selection.
2714 3485 38 17 The

2319 3509 91 20 occasion,
2420 3510 32 17 the
2457 3509 80 21 bracing
2543 3509 33 20 air,
2584 3508 37 17 and
2627 3508 32 16 the
2665 3513 87 16 presence

2319 3533 20 16 of
2347 3532 32 17 the
2388 3532 59 18 forces
2455 3532 26 17 all
2491 3532 68 17 tended
2576 3533 20 15 to
2607 3530 95 18 stimulate
2714 3532 38 17 and

2318 3555 55 17 brace
2385 3555 49 17 their
2447 3555 84 24 energies
2545 3554 37 17 and
2595 3554 45 21 they
2651 3553 54 17 made
2720 3555 32 17 the

2318 3578 55 17 roads
2381 3579 48 17 from
2438 3579 79 17 Galatea
2526 3578 19 17 in
2562 3577 36 18 fine
2613 3576 53 22 style.
2700 3577 52 23 They

2318 3601 39 17 also
2366 3602 122 17 volunteered
2497 3603 19 16 to
2525 3607 52 11 serve
2585 3600 74 22 against
2672 3600 33 17 the
2717 3606 23 11 na-

2318 3624 47 18 tives
2382 3625 19 17 in
2415 3626 32 16 the
2461 3626 56 16 event
2531 3624 19 17 of
2565 3629 11 11 a
2590 3622 89 18 collision.
2712 3624 40 18 The

2318 3647 98 22 Inspector
2423 3649 20 16 in
2452 3647 99 17 command
2560 3652 37 11 was
2608 3646 92 17 therefore
2709 3646 43 19 well

2317 3671 109 21 supported.
2451 3671 52 16 With
2512 3671 38 16 him
2564 3669 52 18 there
2630 3675 51 11 came
2696 3670 55 17 down

2317 3695 21 15 to
2347 3690 84 21 llotoraa
2440 3700 24 11 on
2474 3694 76 21 Sunday
2559 3699 12 10 a
2580 3692 91 22 Sergeant
2685 3694 20 16 of
2719 3694 33 17 the

2317 3717 86 21 Torpedo
2412 3718 58 21 Coips
2476 3716 38 18 and
2519 3716 32 18 the
2557 3715 113 22 Inspector's
2676 3716 75 22 orderly

2317 3739 32 17 the
2358 3741 59 16 smart
2429 3740 38 17 and
2484 3739 62 23 genial
2563 3738 107 23 Cavanagh,
2688 3739 62 17 whom

2317 3762 39 17 also
2367 3763 16 16 it
2391 3769 38 12 was
2438 3763 52 23 quite
2499 3769 11 10 a
2518 3763 85 21 pleasure
2611 3762 20 17 to
2640 3763 55 16 meet.
2712 3763 39 17 Tho

2319 3786 97 21 Inspector
2425 3792 44 17 goes
2487 3791 23 12 on
2524 3787 20 16 to
2558 3785 71 22 Napier
2645 3785 38 17 this
2699 3786 52 17 week

2317 3809 37 16 and
2363 3809 10 17 I
2382 3815 31 11 am
2425 3809 75 23 pleased
2514 3810 19 16 to
2546 3809 52 16 learn
2613 3808 47 17 from
2678 3809 73 17 outside

2317 3838 73 11 sources
2399 3833 43 16 that
2450 3833 33 16 the
2492 3831 126 19 Government
2626 3831 48 17 have
2691 3832 58 21 signi-
2757 3829 1 27 j

2317 3854 37 17 tied
2362 3855 49 17 their
2422 3855 59 18 entire
2495 3854 127 22 appreciation
2636 3855 19 16 of
2668 3855 32 16 the
2712 3861 28 10 ser-

2317 3878 39 16 vice
2376 3878 24 17 he
2420 3878 34 18 has
2474 3878 91 17 rendered
2585 3878 19 16 to
2621 3878 32 16 the
2672 3877 77 22 Colony.

2317 3901 61 17 Lieut.
2389 3901 63 17 Hume
2460 3902 16 16 is
2484 3901 35 17 left
2533 3902 20 16 in
2568 3900 99 18 command
2682 3901 20 15 of
2717 3900 33 17 the

2317 3923 66 17 forces.

2850 119 53 17 THE
2912 119 82 17 FROGS
3003 120 32 17 OF
3053 120 78 18 EGYPT.

2803 165 34 17 We
2845 171 32 10 are
2886 164 40 19 told
2935 165 48 21 that,
2994 172 19 11 as
3022 172 35 11 one
3074 167 20 17 of
3111 165 104 19 Pharoah'd

2779 188 86 22 plagues,
2875 188 32 17 the
2916 188 52 21 frogs
2978 194 51 13 came
3038 195 26 16 up
3072 189 37 18 and
3127 195 52 12 came
3189 196 24 15 up

2780 210 37 18 and
2827 211 77 17 covered
2913 211 32 17 the
2954 212 44 16 land
3014 212 19 18 of
3050 212 71 23 Egypt.
3156 213 59 22 Many

2780 234 92 17 centuries
2881 235 110 16 afterwards
3000 235 41 17 that
3050 235 69 18 human
3127 241 48 17 nog,
3183 236 32 18 the

2780 256 132 22 Manchurian,
2930 257 81 18 invaded
3027 258 85 23 Tartary,
3132 259 36 16 and
3186 259 28 18 his

2779 280 111 23 population
2900 280 66 24 spread
2973 280 37 18 like
3015 281 33 18 the
3053 288 65 16 spawn
3123 282 21 17 of
3149 282 52 17 mush-

2780 308 68 16 rooms,
2874 303 59 17 Those
2943 304 41 18 who
2996 303 70 19 believe
3083 305 42 18 that
3142 305 72 22 history

2779 327 74 21 repeats
2866 326 57 18 itself,
2937 326 48 17 have
2999 333 42 11 seen
3060 328 19 16 in
3093 328 98 18 Australia
3204 334 11 12 u

2779 354 42 13 new
2829 350 85 21 Tartary.
2925 350 38 16 and
2971 350 19 17 in
3001 350 32 18 the
3047 351 74 22 present
3135 351 80 18 Chinese

2780 372 32 16 the
2820 378 42 12 new
2871 372 125 18 Manchurian
3005 374 42 16 who
3057 374 36 17 will
3104 379 56 13 cover
3163 374 38 17 Aus-

2779 395 62 17 tralia.
2867 395 43 17 And
2918 395 25 17 all
2953 397 51 16 these
3013 396 94 19 alarmists
3116 397 47 17 have
3172 402 43 13 now

2780 418 19 17 to
2808 419 43 20 sing
2860 418 122 24 exceedingly
2991 419 61 20 small,
3062 421 29 16 for
3102 420 31 18 the
3148 425 67 13 reason

2780 440 42 19 that
2831 442 32 16 the
2872 441 104 18 Chinaman
2989 442 35 17 has
3036 442 47 19 been
3096 443 72 22 proved
3184 444 21 17 in
3205 449 9 7 j

2780 465 77 21 capable
2866 465 20 16 of
2895 470 39 11 war
2942 471 24 11 on
2975 465 29 17 his
3017 471 43 11 own
3074 466 81 22 ground,
3170 466 43 21 and,

2780 487 99 21 therefore,
2890 487 68 18 unable
2966 494 47 11 even
3021 490 20 16 to
3050 489 82 22 imagine
3147 490 28 16 his
3185 490 20 16 in-

2780 511 64 16 vasion
2855 510 20 19 of
2883 517 10 10 a
2902 511 67 17 hostile
2978 511 95 23 territory.
3098 513 39 16 The
3146 518 67 11 reason

2780 533 15 16 is
2804 534 33 17 not
2844 534 28 16 far
2881 536 20 14 to
2912 534 49 18 seek.
2986 534 39 18 The
3038 535 126 18 Manchurian
3177 536 38 16 and

2780 555 32 19 the
2822 557 66 16 Tartar
2897 557 41 17 who
2948 557 53 17 made
3017 558 44 17 such
3076 558 93 18 stubborn
3183 565 20 11 re-

2780 579 80 17 sistance
2871 586 47 10 were
2926 579 45 19 flesh
2980 582 70 17 eaters:
3060 582 46 21 they
3116 581 45 19 rode
3167 582 49 16 their

2780 602 64 17 horses
2850 603 48 16 until
2908 604 44 21 they
2965 604 48 17 died,
3020 604 38 17 and
3072 605 47 16 then
3136 607 31 15 ate
3184 605 32 16 the

2780 626 87 16 remains.
2897 626 36 18 But
2952 626 32 18 the
3001 626 104 19 Chinaman
3123 628 15 17 is
3156 628 58 19 weak,

2781 649 72 23 mainly
2860 649 79 18 because
2947 650 20 20 of.
2975 650 30 18 his
3013 649 44 22 diet,
3074 651 37 19 and
3126 651 30 17 Ids
3170 651 46 22 long

2780 671 138 18 hereditament
2931 673 20 16 of
2963 675 115 20 oppression.
3103 674 39 17 The
3156 674 50 17 treat-

2782 697 51 15 ment
2842 696 20 16 of
2870 696 32 16 the
2916 696 102 17 wonderful
3029 698 108 22 machinery
3151 698 20 16 of
3184 697 32 18 the

2781 718 83 18 stomach
2875 719 62 16 makes
2947 718 31 19 the
2987 725 49 13 man,
3046 720 38 17 and
3097 720 24 17 he
3130 720 43 18 who
3180 720 27 17 fol-

2781 741 46 17 lows
2837 741 32 17 the
2879 741 39 17 rule
2927 741 20 18 of
2956 743 28 16 his
2992 743 52 19 kind,
3054 744 37 16 and
3100 743 16 18 is
3125 750 20 10 as
3154 743 49 19 omni-

2781 769 68 12 vorous
2857 770 21 11 as
2886 765 29 16 his
2928 765 51 17 teeth
2996 771 57 17 prove
3070 767 23 16 he
3109 766 69 18 should
3194 766 22 17 be

2781 788 37 16 and
2827 793 25 12 no
2867 794 56 13 more,
2940 790 50 16 must
3003 789 75 17 become
3093 790 32 16 the
3140 790 76 21 highest

2782 811 47 17 form
2839 811 20 17 of
2876 811 84 22 physical
2977 812 36 17 and
3031 812 116 18 intellectual
3165 818 49 12 man.

2781 834 37 17 But
2829 833 42 18 how
2881 840 56 16 many
2945 841 32 11 are
2985 835 53 18 there
3047 836 41 16 who
3095 842 37 16 nay
3139 835 37 18 duo
3185 842 20 10 re-

2781 858 51 21 spect
2843 858 19 17 to
2871 857 32 18 the
2916 858 103 17 wonderful
3035 856 108 26 machinery
3159 859 56 22 given

2782 886 21 10 us
2817 881 29 16 for
2860 880 125 24 maintaining
3002 882 32 16 life
3043 882 7 17 'i
3075 883 23 16 In
3112 882 102 20 Australia,

2781 903 105 23 especially,
2905 904 106 22 dyspepsia,
3029 905 78 17 bladder
3125 905 90 19 troubles,

2781 926 69 23 kidney
2860 927 37 18 and
2906 927 46 17 liver
2961 927 117 24 complaints,
3088 928 38 17 and
3135 929 34 19 tho.
3177 934 26 11 aw-

2782 949 26 18 ful
2819 949 85 24 Bright's
2913 950 76 19 disease,
2999 951 37 17 and
3048 952 105 17 rheumatic
3161 952 46 16 affec-

2781 973 56 17 tions,
2847 979 31 11 are
2887 974 109 22 frightfully
3012 980 92 16 common,
3119 974 97 23 primarily

2782 997 36 16 and
2827 996 69 18 almost
2905 997 79 22 entirely
3001 998 64 21 owing
3080 1001 20 15 to
3115 995 101 26 ignorance

2782 1025 21 10 or
2811 1019 80 21 neglect.
2918 1019 33 18 Wo
2959 1021 33 16 tell
3001 1026 37 16 you
3052 1027 24 11 on
3093 1027 35 11 our
3144 1021 72 17 honour

2782 1042 43 18 that
2834 1043 92 17 Warner's
2935 1043 52 18 SAFE
3004 1044 48 17 Cure
3068 1044 37 17 and
3123 1044 47 17 Pills
3187 1050 29 10 are

2782 1065 31 19 the
2832 1066 89 16 remedies
2939 1071 37 13 I'.Ut
2994 1070 129 15 EXCELLENCE
3139 1068 31 16 for
3185 1066 31 18 the

2783 1089 83 17 troubles
2883 1089 70 23 quoted
2971 1090 64 19 above,
3054 1091 38 16 and
3108 1096 25 12 no
3150 1096 66 16 person

2782 1112 68 17 should
2859 1113 56 17 suffer
2925 1113 53 16 while
2988 1113 44 18 such
3043 1113 173 23 sterlingrempdies

2782 1136 61 17 tested
2860 1136 25 22 by
2902 1136 45 17 time
2963 1136 37 17 and
3014 1136 58 17 result
3086 1143 31 10 are
3133 1138 20 16 at
3166 1136 50 17 hand

2782 1160 19 15 to
2817 1165 48 10 save.

2783 1203 428 44 CABLEGRAMS

2808 1277 92 23 I.oxdox,
2918 1277 49 24 July
2996 1277 88 19 9.Tlie
3102 1276 113 27 Bulgarian

2782 1302 137 21 Government
2930 1303 50 19 have
2992 1306 44 16 sent
3046 1310 12 12 a
3078 1306 47 17 note
3142 1307 21 16 to
3182 1303 33 20 the

2784 1329 106 26 European
2894 1328 82 21 Powers
2984 1329 76 25 etating
3068 1331 44 18 that
3121 1330 94 26 previous

2782 1359 19 16 to
2813 1355 110 20 Armenian
2940 1356 101 18 atrocities
3055 1356 53 19 t'leir
3119 1356 96 19 relations

2783 1381 48 21 with
2834 1380 82 26 Turkey
2927 1388 50 12 were
2986 1381 88 25 friendly
3077 1382 42 19 and
3122 1382 49 25 they
3175 1381 40 20 Lad

2782 1408 47 24 only
2840 1408 116 18 sanctioned
2966 1413 12 13 a
2991 1408 63 18 moral
3072 1408 101 25 agitation
3190 1415 25 12 ou

2782 1433 71 20 behalf
2862 1433 21 20 of
2898 1433 124 20 Macedonia.

2808 1460 52 18 New
2875 1460 67 22 Youk,
2952 1460 49 24 July
3011 1460 64 18 i).A
3087 1460 81 25 cyclone
3179 1460 36 18 has

2782 1486 118 18 devastated
2918 1488 37 16 200
2974 1486 57 18 miles
3052 1486 22 19 of
3090 1488 86 22 country
3195 1486 20 19 in

2784 1512 107 21 Missouri;
2906 1513 24 18 43
2939 1517 85 20 persons
3033 1518 52 13 were
3093 1511 65 20 killed
3175 1512 40 19 and

2782 1538 77 19 several
2865 1538 76 18 million
2947 1538 74 19 dollars
3030 1538 63 19 worth
3100 1538 21 19 of
3129 1537 86 26 damage

2782 1564 57 19 done.
2878 1564 101 18 Nineteen
2999 1563 105 27 buildings
3123 1564 40 19 had
3181 1564 34 19 the

2782 1591 54 18 roofs
2847 1593 44 16 torn
2902 1590 28 18 off
2947 1590 20 19 in
2985 1589 88 26 Chicago
3094 1590 41 19 and
3154 1597 60 18 many

2781 1617 72 18 deaths
2864 1624 33 11 are
2907 1616 99 25 reported.

2809 1642 32 20 St.
2851 1641 157 25 Peteksburgii,
3020 1642 49 25 July
3086 1642 66 19 9.A
3168 1649 37 13 con
3207 1650 7 6 j

2781 1669 78 25 spiracy
2871 1669 36 18 has
2919 1668 51 19 been
2977 1669 115 19 discovered
3100 1672 21 16 at
3128 1669 87 19 Moscow

2781 1695 41 18 and
2833 1695 57 25 eight
2899 1699 74 14 arrests
2983 1695 51 18 have
3050 1695 52 19 been
3123 1695 91 23 effected,

2782 1721 105 24 including
2894 1721 30 18 six
2941 1720 88 25 recently
3043 1721 102 24 pardoned
3155 1721 50 19 nihil-

2782 1747 42 19 ists.
2853 1747 43 19 The
2905 1747 51 19 Czar
2974 1747 104 19 rewarded
3097 1748 34 18 the
3152 1747 63 25 police

2783 1773 27 24 by
2820 1772 136 26 distributing
2965 1775 78 21 '2,000
3052 1777 94 20 amongst
3154 1773 61 19 them.

2808 1799 43 19 Tho
2875 1799 50 19 Czar
2944 1795 91 23 declined
3051 1802 20 16 to
3088 1800 77 18 receive
3181 1799 34 19 the

2782 1825 113 25 liulgarian
2910 1832 74 18 envoys
3001 1825 44 19 who
3065 1832 57 12 came
3138 1828 21 16 to
3179 1825 36 19 ask

2782 1855 84 21 support
2876 1851 80 25 against
2970 1851 87 24 Turkey.
3085 1851 43 20 Tho
3138 1851 64 20 Krahs-

2782 1878 62 18 nanin
2855 1884 118 18 newspaper
2983 1884 46 18 says
3047 1878 99 25 Bulgaria
3162 1881 53 15 must

2782 1910 25 18 go
2818 1904 58 19 down
2888 1910 26 12 on
2921 1904 36 18 ber
2966 1904 63 18 knees
3038 1911 22 11 or
3067 1905 35 18 the
3111 1904 104 25 delegates

2781 1933 55 16 must
2846 1930 56 18 leave
2912 1936 22 12 as
2944 1930 47 23 they
3001 1930 85 19 arrived.

2782 1980 205 32 AUSTRALIAN
3006 1980 205 32 TELEGRAMS.

2808 2039 126 23 Melbourne,
2946 2039 48 25 July
3005 2041 28 17 9.-
3041 2039 53 19 -The
3113 2039 46 25 ship
3175 2039 29 19 Ili-

2781 2065 51 20 laria
2843 2065 65 20 which
2918 2072 40 12 was
2968 2072 25 12 on
3013 2065 35 20 lire
3065 2072 12 13 a
3091 2066 72 19 month
3176 2072 38 17 ago

2782 2098 40 12 was
2841 2092 62 24 again
2926 2091 117 19 discovered
3070 2098 25 13 on
3121 2092 36 19 fire
3173 2092 41 19 this

2782 2117 99 26 morning.
2911 2116 52 19 Over
2973 2119 61 21 2,500
3044 2123 54 14 cases
3118 2118 21 18 of
3158 2118 44 19 kero-

2782 2149 46 12 sene
2839 2143 40 18 and
2888 2144 37 17 200
2937 2144 45 18 tons
2988 2143 53 19 resin
3048 2150 52 13 were
3109 2150 26 12 on
3144 2144 68 18 board.

2781 2169 43 18 The
2833 2169 70 19 flames
2913 2169 95 19 obtained
3018 2170 49 18 sueb
3077 2176 13 12 a
3105 2170 49 18 hold
3170 2170 44 18 that

2782 2195 34 19 the
2826 2198 62 16 masts
2897 2195 34 18 fell
2941 2195 39 19 and
2996 2196 15 18 it
3027 2196 82 19 became
3124 2196 79 24 impossi-

2782 2221 33 18 ble
2826 2224 20 16 to
2856 2224 39 16 tow
2905 2221 37 19 her
2949 2228 57 18 away
3016 2224 53 17 clear
3079 2222 21 19 of
3111 2222 34 19 the
3156 2221 58 20 other

2782 2247 103 25 shipping.
2922 2247 43 19 Tho
2985 2248 130 19 man-of-war
3137 2248 77 19 Nelson

2782 2273 50 19 fired
2844 2274 57 25 eight
2912 2273 56 19 shots
2978 2274 42 18 into
3031 2274 34 19 the
3074 2274 45 19 bull
3130 2274 84 19 without

2782 2300 66 18 effect.
2877 2299 124 26 ICventually
3010 2300 35 19 6be
3065 2307 40 12 was
3125 2300 89 25 pumped

2782 2325 39 19 full
2832 2326 40 19 and
2882 2326 58 18 sunk.

2874 2379 235 33 TELEGRAPHIC.

2783 2427 112 23 Auckland,
3076 2431 19 17 A.
3114 2435 47 12 man
3175 2428 31 21 vis
3208 2427 4 26 l

2782 2453 53 25 iting
2845 2453 34 19 the
2891 2453 95 20 stranded
3002 2454 76 20 whales
3096 2461 50 12 near
3165 2455 47 18 Kab

2782 2485 50 19 para
2845 2479 71 19 Heads
2925 2479 73 25 picked
3015 2486 26 20 up
3060 2480 113 26 ambergris
3189 2488 23 11 ou

2782 2506 35 18 the
2829 2505 64 19 beach
2906 2506 104 25 weighing
3019 2507 51 25 fully
3081 2508 37 17 800
3134 2513 78 17 ounces,

2782 2531 40 19 and
2832 2532 73 19 valued
2916 2534 21 17 at
2951 2533 20 23 i'
2971 2533 62 23 2,000.

2808 2557 43 19 Tho
2874 2558 86 24 petition
2979 2560 21 18 to
3025 2558 35 21 the
3090 2558 122 26 Legislative

2782 2582 84 21 Council
2875 2591 21 11 re
2907 2585 89 25 opening
3006 2592 25 12 on
3043 2586 102 24 Saturday
3154 2586 49 18 after-

2782 2616 63 13 noons
2855 2610 37 18 Las
2903 2610 50 19 been
2964 2611 73 24 signed
3051 2612 27 24 by
3095 2612 59 24 6,269
3172 2618 30 18 pel-

2782 2641 54 14 sons.
2864 2636 43 19 The
2916 2643 38 12 one
2966 2639 19 16 to
3001 2638 34 18 tho
3053 2638 71 19 House
3138 2638 22 18 of
3177 2636 30 21 flo
3210 2636 2 21 l

2781 2662 147 24 presoutatives
2942 2662 59 19 bears
3016 2664 57 23 6,064
3091 2664 121 24 signatures.

2808 2687 113 26 Yesterday
2949 2688 106 26 Inspector
3076 2690 93 19 Hickson
3184 2696 19 12 re-

2780 2714 70 19 ceived
2859 2721 12 12 a
2878 2714 97 25 telegram
2983 2716 52 18 from
3039 2716 99 22 Sergeant
3146 2715 66 24 Kiely,

2781 2740 137 23 Whakatane,
2937 2741 109 24 informing
3061 2742 43 19 him
3119 2742 46 19 that
3180 2742 32 18 the

2782 2772 45 13 men
2837 2767 100 18 stationed
2947 2767 21 19 in
2978 2768 35 18 the
3023 2768 97 19 Urewera
3130 2769 82 22 country

2781 2792 41 18 will
2844 2794 71 17 return
2934 2793 26 24 by
2980 2793 87 26 to'day's
3087 2796 88 17 steamer
3195 2797 17 16 to

2780 2817 115 19 Auckland.

2911 2872 169 34 JOTTINGS.

2803 2927 72 17 Master
2888 2928 75 19 Hubert
2980 2930 70 21 James,
3064 2931 43 16 who
3125 2937 38 12 was
3172 2932 42 16 here

2778 2949 38 18 last
2825 2951 87 17 Summer
2924 2953 46 16 with
2987 2954 32 16 Mr
3035 2954 63 21 Boult,
3117 2954 34 17 has
3167 2954 47 18 been

2779 2974 85 22 creating
2881 2975 52 21 quite
2943 2982 10 10 a
2970 2977 94 17 sensation
3081 2978 19 16 in
3117 2977 96 19 Adelaide,

2778 2997 102 23 according
2888 3000 20 15 to
2916 3004 12 11 a
2937 3000 151 21 correspondent.
3113 3000 31 18 He
3167 3007 47 16 sang

2778 3020 33 16 the
2820 3020 49 17 chief
2878 3026 80 17 soprano
2966 3024 44 20 part
3017 3023 20 17 in
3051 3024 72 17 Costa's
3133 3024 81 17 oratorio

2912 3050 25 11 on
2945 3045 32 17 sth
2987 3045 49 17 June
3045 3046 82 23 entirely
3132 3047 82 18 without

2778 3066 56 18 book.
2860 3067 38 17 The
2907 3067 89 19 audience
3013 3074 38 12 was
3067 3070 58 22 fairly
3142 3070 71 17 carried

2778 3095 54 17 away
2841 3089 25 22 by
2876 3090 28 17 his
2920 3091 92 18 excellent
3030 3092 77 22 singing
3124 3094 38 16 and
3178 3100 23 16 ap-

2778 3113 82 21 plauded
2869 3113 38 17 him
2914 3115 20 15 to
2940 3114 32 16 the
2978 3114 53 18 echo.
3037 3116 39 17 The
3085 3116 68 18 chorus
3162 3123 38 11 com-

2778 3136 63 22 prised
2849 3143 11 10 a
2873 3136 86 18 hundred
2975 3137 66 21 voices,
3059 3139 38 17 and
3114 3140 33 17 the
3163 3140 51 17 band

2778 3165 39 11 was
2825 3160 68 16 chosen
2910 3160 49 17 from
2975 3161 33 17 the
3025 3161 77 24 Leipsig
3111 3163 101 17 orchestra.

2778 3183 39 17 Tho
2829 3182 87 18 choruses
2933 3189 47 12 were
2998 3184 59 23 finely
3069 3186 91 17 rendered
3177 3186 36 17 and

2778 3205 32 17 did
2818 3205 55 17 much
2883 3205 59 18 credit
2950 3208 20 15 to
2979 3207 32 17 Mr
3019 3208 73 18 Poult's
3098 3209 90 18 traininir.

2801 3252 49 16 How
2859 3251 46 23 long
2921 3252 24 18 do
2959 3254 33 17 the
3008 3255 66 22 people
3090 3255 21 17 of
3128 3255 82 18 Rotorua

2777 3275 36 17 feel
2822 3273 81 19 inclined
2912 3277 19 17 to
2941 3278 57 16 waste
3007 3284 24 10 an
3044 3278 48 17 hour
3105 3278 38 17 and
3152 3285 11 10 a
3172 3279 38 16 halt

2777 3303 56 17 every
2842 3298 45 17 mail
2895 3299 57 22 night
2960 3300 20 17 in
2989 3301 78 22 waiting
3077 3301 30 17 for
3119 3301 39 17 and
3173 3302 29 17 col-

2777 3321 71 22 lecting
2864 3321 64 18 letters
2945 3323 67 21 which,
3038 3324 20 17 in
3074 3325 33 17 the
3124 3324 88 23 ordinary

2776 3349 65 13 course
2850 3345 62 17 would
2926 3346 22 17 be
2965 3346 93 19 delivered
3074 3349 21 16 at
3111 3348 50 17 their
3170 3354 40 13 own

2775 3369 56 17 doors
2839 3366 10 19 ?
3201 3366 4 20 '

2799 3415 16 17 A
2825 3415 79 18 Gazette
2912 3415 61 18 notice
2982 3417 77 21 permits
3069 3417 33 17 the
3111 3417 97 18 Auckland

2775 3438 71 23 Young
2855 3438 61 19 Men's
2925 3438 95 18 Christian
3033 3440 117 18 Association
3159 3443 20 16 to
3187 3441 23 18 bs

2775 3461 103 22 registered
2886 3468 20 10 as
2914 3467 12 12 a
2935 3462 72 18 limited
3019 3463 99 23 company]
3128 3464 81 18 without

2774 3485 33 16 the
2815 3485 86 17 addition
2910 3485 20 17 of
2938 3485 32 17 the
2978 3486 52 16 word
3156 3489 21 16 to
3185 3488 25 16 its

2774 3513 62 12 name.
2861 3509 17 16 A
2884 3509 71 21 Young
2963 3509 61 18 Men's
3030 3509 82 18 Limited
3119 3509 90 25 Liability

2775 3531 95 17 Christian
2879 3532 117 17 Association
3009 3533 63 16 would
3085 3533 23 17 be
3121 3534 64 17 rather
3198 3540 11 12 a

2775 3554 83 23 novelty.

2867 3601 64 22 Major
2938 3602 102 20 Paiifiborn
3053 3602 37 17 and
3100 3602 28 17 his
3137 3603 71 18 friends

2775 3629 47 12 were
2831 3624 111 18 introduced
2951 3626 19 15 to
2979 3631 11 10 a
2996 3625 71 17 certain
3082 3625 47 17 New
3146 3626 59 17 South

2773 3647 68 17 "Wales'
2851 3647 97 22 legislator
2956 3652 20 12 as
2985 3647 32 17 the
3029 3648 99 18 American
3138 3649 57 19 Trans-

2773 3670 97 22 portation
2879 3670 127 19 Commission,
3022 3670 32 18 the
3067 3671 98 23 politician
3177 3678 20 11 re-

2773 3693 78 17 marked
2860 3693 195 23 tkat.transportation
3064 3696 20 15 to
3090 3694 32 18 the
3129 3696 66 17 Austra-

2773 3716 38 18 lian
2821 3716 79 18 colonies
2909 3716 37 16 had
2955 3716 46 23 long
3010 3717 49 17 since
3065 3717 47 18 been
3118 3716 89 25 stopped:

2798 3763 25 17 As
2832 3762 86 17 evidence.'
2927 3762 19 18 of
2954 3763 32 16 the
2991 3763 83 23 subtlety
3081 3765 21 17 of
3107 3765 32 17 the
3145 3766 63 16 native

2775 3785 50 19 mind
2834 3786 32 16 the
2875 3785 98 24 following
2987 3786 84 19 incident
3085 3793 44 18 may
3142 3788 24 17 be
3179 3794 20 12 re-

2773 3808 73 19 corded.
2872 3808 23 17 In
2904 3813 11 13 a
2921 3808 55 18 horse
2985 3816 41 11 case
3034 3811 32 16 the
3079 3812 54 16 other
3146 3812 37 22 day
3200 3818 10 11 a

2773 3833 75 15 witness
2857 3837 38 11 was
2904 3831 57 17 asked
2969 3833 25 22 by
3004 3833 31 17 the
3044 3834 103 18 defendant
3158 3835 15 17 if
3186 3836 24 16 he

2773 3855 32 16 did
2813 3855 34 16 not
2855 3854 56 17 know
2919 3855 42 17 that
2971 3856 32 17 the
3011 3857 70 17 animal
3089 3857 19 17 in
3123 3858 66 22 qucsti*
3198 3865 11 10 n

2773 3883 37 11 was
2819 3877 76 17 handed
2911 3884 44 11 over
2963 3878 26 22 by
3005 3880 33 17 the
3046 3885 72 13 owners
3126 3881 22 17 at
3153 3887 12 12 a
3170 3887 30 12 cer-

2773 3900 40 18 tain
2826 3900 51 18 taua.
2908 3901 39 17 The
2962 3902 64 18 Bench
3039 3903 63 18 would
3118 3906 35 15 not
3166 3904 43 18 take

2773 3923 112 23 cognisance
2898 3924 20 17 of
2932 3925 46 17 such
2991 3927 90 20 practices
3094 3927 39 17 and
3146 3927 62 18 v.-oidd

2772 3948 34 15 not
2813 3946 56 17 allow
2882 3947 32 17 the
2929 3949 92 21 question.
3052 3949 39 18 The
3107 3949 103 18 defendant

2772 3969 47 17 then
2827 3970 58 17 asked
2893 3970 32 18 the
2934 3972 75 16 witness
3018 3972 15 17 if
3041 3973 23 16 he
3073 3972 32 17 did
3113 3974 34 15 not
3154 3974 56 17 know

2772 3992 44 18 that
2824 3993 29 17 his
2861 3994 67 22 people
2937 3994 37 17 had
2987 3995 54 17 made
3057 4002 11 10 a
3081 3996 39 16 fret!
3137 3996 38 23 gift
3192 3998 20 15 of

2773 4015 32 18 the
2818 4016 60 18 horse.
2904 4017 38 17 The
2959 4018 63 17 native
3038 4019 19 16 in
3073 4019 33 16 the
3123 4019 38 17 box
3175 4020 24 16 im-

2773 4039 103 23 mediately
2896 4040 50 17 drew
2966 4041 33 17 the
3019 4042 94 16 attention
3135 4043 20 16 of
3179 4043 33 17 the

2773 4062 112 22 magistrate
2893 4065 19 15 to
2922 4064 32 16 the
2963 4064 38 17 fact
3010 4064 42 17 that
3060 4064 33 17 the
3107 4064 104 19 defendant

2773 4090 38 13 was
2820 4086 65 24 trying
2894 4087 19 16 in
2930 4093 10 10 a
2954 4086 131 19 round-about
3099 4094 79 12 manner
3192 4088 20 18 to

2773 4109 65 16 obtain
2855 4115 24 11 an
2896 4115 72 12 answer
2982 4111 19 16 to
3017 4116 12 11 a
3045 4111 88 21 question
3150 4113 62 16 which

2773 4132 37 16 had
2819 4132 108 22 previously
2935 4133 47 16 been
2991 4132 115 19 disallowed.

1223 50 60 21 THE
1310 49 57 22 HOT
1393 49 94 21 LAKES
1516 49 175 26 CHfiONTOLE,
1719 49 193 25 WEDNESDAY,
1941 50 75 21 JULY
2049 53 30 22 10,
2098 53 51 18 1895

69 223 71 20 fUION
153 221 139 19 STEAMSHIP
308 220 114 20 COMPANY
442 220 29 17 OP

69 243 2 19 '
123 243 57 19 NEW
192 244 115 17 ZEALAND
316 244 80 17 Limited.

42 441 8 14 'J
57 444 80 12 akaiv.na
145 443 50 16 eveiy
204 437 76 21 Monday

39 461 37 16 Jlai
84 464 64 12 ina'Va
155 464 52 16 e\try
215 458 91 21 Thuredny

40 482 97 16 Taiiawh'a
210 479 79 21 Tuesday
320 479 40 17 18lh
371 480 47 15 June
425 481 23 12 Ho

102 505 59 13 aWana.
205 502 79 19 'Juesduy
307 501 40 15 ?'''
412 503 38 8 ""'

64 528 83 12 it.ivvn
209 522 78 17 Tiler'""

104 565 78 15 Kiducid
193 566 45 14 hires
244 569 17 10 ui

39 586 90 16 Auckland
136 584 67 18 Branch
256 583 7 17 i

303 573 27 26 mJ
337 573 59 33 ffljflj
403 573 65 26 ffl^

87 728 111 21 UDDAItT,
224 728 112 20 PARKER,
358 726 53 19 AND
432 726 38 18 CO.

113 797 59 19 NEW
186 799 85 17 STEAM
284 795 109 21 SERVICE

41 830 128 30 Bringing
179 830 61 23 Low
247 830 80 23 Fares
336 830 55 22 into
402 828 68 23 force

61 877 94 24 Splendid,
166 878 161 24 Well-appointed
334 877 92 19 Stoaincrs
432 876 38 19 will

37 902 22 19 bo
68 901 113 24 despatched
190 903 49 17 from
249 903 117 16 Auckland,
377 907 19 10 iis
411 900 60 16 under

37 925 88 24 [weather
141 926 38 17 and
198 926 54 17 other
268 925 142 18 circumstances
427 928 32 17 per-

37 947 84 24 mitting)
129 952 27 14 :

37 971 181 21 FouGISBORNE,
226 971 104 20 NAPIER,
339 968 113 19 WELLIXG-

57 994 56 22 TON,
126 993 156 22 LYTTELTON,
293 994 13 17 &
318 992 126 21 DUNEDIN,

36 1018 112 17 Tasmania.
156 1016 3 22 .
169 1016 1 22 .
180 1017 109 21 .TUESDAY,
299 1016 46 22 July
384 1017 19 15 1-
412 1022 56 10 noon.

37 1041 99 17 Angllan,
146 1040 13 22 ..
168 1041 110 19 .Tuesday,
287 1040 47 22 July
343 1041 29 19 2:5,
391 1040 18 16 11
424 1045 44 11 a.m.

161 1086 51 17 FOE
228 1085 111 19 SYDNEY.

80 1107 115 26 (Returning
207 1110 20 18 to
236 1109 99 18 Auckland
344 1106 78 25 Direct.)

36 1133 92 23 Carrying
148 1133 113 22 Passengers
282 1133 29 17 for
334 1133 134 18 Mi'.l.isouitXE,

46 1157 54 16 other
106 1156 131 18 At'STHALIAN
244 1156 71 17 PoitTs,
322 1155 38 17 and
365 1154 91 21 HoiiAltT,

37 1184 91 16 Anglian
199 1183 97 21 Monday,
307 1182 46 26 July
368 1183 16 20 8,
400 1183 10 14 '!
423 1187 45 17 p.m.

37 1207 103 16 Tasmania
211 1206 98 19 Monday,
314 1206 46 21 July
369 1207 28 16 '22,
405 1207 10 15 4
423 1210 45 18 p.m.

57 1233 79 23 Froight
145 1234 37 16 and
191 1234 91 21 Passages
295 1235 20 15 at
329 1236 79 14 LOWEST
421 1236 36 14 CUK-

37 1260 51 14 UEN'T
101 1261 68 13 KATES.

57 1280 72 17 Return
139 1280 73 16 Tickets
219 1279 92 17 available
317 1279 29 18 for
353 1279 26 16 six
386 1279 82 16 months.

134 1309 22 17 L.
169 1309 25 17 D.
203 1308 108 18 NATHAN
325 1309 14 16 &
353 1308 44 20 CO.,

365 1331 78 19 Agents.

67 1386 225 44 Visitors'
317 1385 113 45 List,

156 1472 70 23 Lake
241 1473 95 21 House.

36 1504 40 17 Mrs
84 1503 77 22 Joshua,
174 1504 65 23 Taupo

36 1527 32 18 Mr
76 1528 66 17 Potter
149 1525 79 25 (Messrs
236 1526 73 19 Morrill
318 1527 14 18 &
347 1525 33 23 Co)
390 1526 20 15 Ai

70 1551 88 21 Bansom,
169 1549 109 24 (Sargoods)
288 1549 99 19 Auckland

69 1574 51 17 Jolm
130 1574 70 19 Currio,
210 1572 99 19 Auckland

69 1597 51 17 John
129 1597 64 19 Jones,
206 1595 99 19 Auckland

135 1659 138 23 Tarawera
282 1658 89 23 House

35 1691 31 17 Mr
74 1690 22 18 E.
107 1690 80 23 Wright,
198 1690 93 22 Sheffield,
303 1689 90 25 England

69 1715 77 18 Martin,
160 1713 91 18 Maniaku

67 1738 19 17 J.
97 1738 96 21 Patcrson,
210 1738 49 16 Gore.

68 1788 102 22 Brent's
187 1788 130 28 Bathgate
336 1787 95 23 House.

36 1819 47 16 Miss
95 1818 26 17 H.
135 1817 66 21 Piezzi,
216 1817 116 18 Grevtnouth

35 1842 31 17 Mr
75 1842 20 16 C.
106 1842 18 16 S.
134 1841 71 19 Moore,
217 1840 76 24 Sydney

69 1864 21 18 C.
103 1864 29 18 W.
146 1863 90 19 Caldwell
249 1864 36 17 and
299 1870 38 14 sun,
353 1863 36 23 Fiji

70 1886 38 19 and
116 1887 40 17 Mrs
165 1887 71 20 Fisher,
246 1887 46 17 New
302 1886 53 17 York

151 1910 23 18 E.
183 1910 71 22 Withy,
265 1909 99 19 Auckland

127 1933 22 17 F.
163 1934 24 16 D.
202 1933 52 21 Rich,
269 1933 90 17 Okoroire

105 1957 46 16 Miss
160 1956 75 24 Phelps,
246 1956 116 24 Wellington

72 1980 66 22 Kirby,
148 1980 71 22 Napier

70 2002 112 21 Dashwood,
193 2003 46 17 Port
252 2002 77 18 Darwin

37 2027 28 17 Dr
74 2027 59 17 Burn-
142 2026 20 16 T.
172 2025 81 22 Russell,
264 2025 76 22 Sydney

148 2067 54 24 The
212 2067 141 29 Langham.

36 2100 31 17 Mr
79 2100 25 17 11.
114 2099 70 23 Molye,
194 2100 89 16 Miranda

70 2124 24 16 D.
104 2123 85 20 Sincoek,
199 2121 100 19 Auckland

72 2147 63 19 Wells,
145 2142 107 27 Onehunga

147 2193 116 22 Rotorua
277 2192 86 23 Hotel.

37 2228 64 23 Major
109 2227 98 22 Gudgeon,
218 2226 99 18 Auckland

38 2252 98 23 Inspector
144 2251 97 19 Emerson,
251 2249 71 23 Napier

37 2275 31 16 Mr
77 2274 97 20 Edwards,
184 2273 87 17 Waikato

73 2298 60 20 Cross,
143 2296 89 19 Dunedin

72 2321 65 22 Boyle,
148 2319 100 19 Auckland

73 2343 84 22 Bullock,
168 2342 100 18 Auckland

71 2367 99 20 Wallnutt,
184 2366 98 17 Hamilton

71 2390 75 20 Cowan,
160 2388 100 19 Auckland

71 2413 28 18 W.
109 2413 38 17 and
156 2413 18 17 S.
184 2411 94 24 Darragh,
288 2411 85 23 Taurang

72 2437 67 19 Alt'rid,
149 2435 100 18 Auckland

71 2460 108 21 Cavanagh,
188 2458 87 17 Waikato

71 2482 21 17 B.
100 2482 21 18 F.
132 2482 89 23 Chaytor,
228 2481 26 19 Te
262 2481 53 17 Puke

73 2507 22 15 A.
106 2506 96 19 Paterson,
212 2504 100 18 Auckland

174 2561 160 22 ROTORUA.

59 2765 48 22 (One
114 2764 88 19 minute's
211 2764 49 18 wulk
270 2765 48 17 from
325 2764 32 17 the
364 2764 72 18 Govern-

188 2788 52 16 ment
248 2787 76 19 Baths.)

158 2871 187 22 TORTUS:

62 2907 98 30 35sper
179 2907 87 28 week;
286 2907 30 22 6s
331 2914 45 22 per
385 2906 58 30 day.

63 2942 61 22 Two
135 2942 89 22 weeks
235 2948 27 16 or
273 2942 98 28 longer,
389 2940 54 23 30s.

71 3009 28 31 C.
131 3008 135 32 HAWKER
294 3007 141 37 WILSON,

162 3053 186 22 PROPRIETOR.

191 3305 56 19 ASK
263 3304 56 20 FOR

38 3356 417 47 HANCOCKS

162 3428 184 20 CELEBRATED

218 3480 86 32 xxxx

149 3538 211 52 ALES,

169 3604 59 13 MADE
236 3604 55 14 FBOM
300 3603 42 14 THE

43 3649 114 32 FINEST
184 3648 87 32 MALT
292 3648 65 30 AND
374 3646 95 38 HOPS,

80 3744 52 13 1-UEE
144 3743 55 14 FROM
212 3743 39 13 ALL
264 3741 128 15 ANTISEPTICS
405 3741 25 13 OR

145 3780 139 13 DELETERIOUS
303 3779 64 14 ACIDS.

44 3841 137 33 CAPTAIN
204 3841 81 32 COOK
304 3841 165 37 BREWERY,

143 3890 195 20 NEWMARKET.

66 3939 172 24 WYNYARD
252 3939 191 29 &PURCHAS,

100 3975 128 18 Barristers
236 3980 41 13 and
289 3974 123 24 Solicitors,

37 4004 83 25 Temple
127 4004 117 24 Chambers,
252 4004 59 26 High
317 4004 29 25 St,
354 4004 109 20 Auckland

50 4081 36 25 YV
129 4094 54 19 gage
192 4087 21 18 of
228 4087 99 19 Freehold
342 4087 41 20 and
397 4087 60 20 Lease-

37 4114 48 20 hold
95 4116 95 22 property
200 4114 22 18 at
233 4116 80 16 current
322 4116 60 17 rates.

496 139 292 50 Ehrenfrled.
805 139 122 47 Bros

638 218 145 24 BREWERS,

571 251 110 21 ALBERT
697 250 150 26 BREWERY,

515 291 219 26 QUEEN'STREET,
748 291 160 22 AUCKLAND

514 355 67 18 WINE
595 354 50 17 AND
657 353 79 18 SPIRIT
748 351 155 22 MERCHANTS,

536 380 124 19 BOTTLERS
671 381 52 18 AND
739 378 144 22 IMPORTERS,

579 411 28 19 43,
621 413 67 13 QOEKN-
692 412 61 13 STREET
770 411 69 12 WIIAEF.

587 459 51 14 TBIZR
650 460 58 12 MED.U.
719 459 34 13 AND
764 458 71 12 AWAIID9

492 492 25 16 At
525 491 28 17 the
568 490 90 19 following
675 489 111 17 Exhibitions
801 488 27 16 for
837 492 32 12 our
877 487 39 17 well-

589 513 61 16 known
664 510 44 17 Bulk
717 510 33 16 and
759 509 69 17 Bottled

605 536 49 18 ALE
665 535 52 18 AND
727 534 87 20 STOUT:

492 567 70 23 Sydney
571 566 126 17 International
705 565 107 18 Exhibition,
825 564 48 16 18*9.

493 588 102 18 Melbourne
603 586 127 18 International
736 585 109 18 Exhibition,
856 585 70 16 1880-81

493 611 43 16 New
544 609 73 17 Zealand
626 606 204 20 InduatridlExhibition,
837 605 78 22 Welling-

537 635 35 13 ton,

493 652 45 18 New
556 651 74 17 Zealand
644 649 33 17 and
692 650 53 16 South
758 649 41 16 Seas
816 648 110 17 Exhibition.

537 672 85 18 Diinedin.

494 695 20 16 In
524 693 75 19 addition
609 695 16 13 lo
635 693 53 15 above
696 693 43 15 have
757 691 42 16 been
814 691 81 16 awarded
909 692 17 15 at

536 714 104 17 Tasmanian
672 711 107 22 Exhibition,
807 711 119 21 Liuncsston,

538 736 78 17 18J1-02.

579 759 58 19 FIVE
648 759 70 18 FIRST
734 758 105 18 AWARDS

694 790 32 11 l-'i.ii

493 813 66 18 BULK
571 813 110 17 BOTTLED
697 811 58 18 ALES
772 811 53 17 AND
842 811 81 17 STOUT

580 877 252 34 CHAMPIONSHIP

521 924 65 24 Gold
599 924 86 24 Medal
696 924 28 24 of
734 923 168 25 Australasia

598 959 45 12 AGAIN
680 959 99 12 Ar.LCOMEnS
790 959 32 14 FOB

492 981 90 24 BULK
596 981 69 23 AND
684 981 146 23 BOTTLED
845 981 67 23 ALE

585 1046 73 19 Ilavirjf
665 1053 10 9 a
684 1046 55 21 Large
748 1046 52 16 Stock
809 1047 17 15 of

605 1075 48 18 ALE
665 1075 51 17 AND
728 1075 83 20 STOUT,

492 1107 67 17 Bottle!
569 1107 15 16 in
594 1111 51 17 quart
654 1107 33 16 and
702 1108 38 19 pint
753 1107 67 17 bottle-',
838 1105 84 21 specially

492 1128 66 18 brewed
567 1128 27 17 for
602 1127 28 18 the
639 1133 73 11 summer
720 1128 54 17 trade,
785 1127 55 16 which
847 1133 28 9 are
883 1132 39 10 now

491 1150 105 21 thoroughly
604 1150 84 17 matured,
700 1154 32 11 can
745 1148 43 16 with
802 1152 50 15 every
866 1147 46 16 confi-

491 1172 52 16 dence
554 1171 106 16 recommend
676 1175 46 10 same
737 1172 17 13 to
769 1174 118 11 connoisseurs
903 1173 19 12 as

491 1193 61 16 second
561 1196 17 12 to
586 1197 45 11 none
640 1192 16 16 in
666 1192 29 16 the
703 1191 71 20 Colony.

552 1253 116 47 FOR
699 1252 166 47 SALE.

629 1334 96 21 HOUSE
731 1335 114 20 BLOCKS.
850 1335 31 20 Sh
885 1336 40 19 aim

557 1369 39 19 ers,
609 1362 39 19 and
659 1362 137 20 Government
807 1362 39 18 size
860 1362 65 22 Posts,

490 1388 21 19 in
522 1395 40 18 any
574 1388 101 26 quantity,
687 1388 101 19 delivered
798 1390 21 16 to
830 1393 39 20 any
879 1391 46 22 part

490 1414 21 19 of
521 1414 35 19 tLd
570 1414 178 25 lietriet.Apply
762 1416 21 17 at
793 1414 35 19 the
839 1414 86 19 Auction

490 1440 42 19 Mai
537 1447 7 12 i

674 1474 19 19 J.
711 1473 30 20 JI.
755 1473 118 20 TAYLOR.

581 1540 250 40 JNullUJb.

494 1670 197 32 FRANKTON
717 1670 208 32 JUNCTION

659 1711 113 32 HOTEL.

525 1821 173 24 lASSENGEKS
714 1823 25 24 by
757 1823 53 19 train
826 1824 20 18 to
861 1822 65 21 Auck<

685 1845 53 23 luiiii.

493 1944 70 20 Trains
586 1946 45 23 stop
652 1948 74 20 twenty
746 1944 87 20 minutes
852 1947 21 17 nt
893 1944 34 20 the

538 1971 105 19 Frankton
654 1970 96 20 Junction
761 1971 32 18 for
803 1970 77 20 dinner.

518 2020 43 19 The
585 2019 136 26 undersigned
750 2019 37 19 Ims
818 2019 109 19 first-class

493 2046 65 19 Meals
570 2045 62 25 ready
643 2046 40 18 and
693 2045 70 20 served
774 2052 26 12 ou
815 2045 73 21 arrival
907 2047 20 17 of

493 2072 26 19 all
530 2072 69 19 trains.

493 2121 217 45 William
724 2121 200 55 Geateh,

548 2201 321 24 PROPRIETOR.

493 2288 147 23 Hancock's
648 2287 97 23 XXXX
752 2287 63 23 Ales
824 2287 101 29 always

624 2320 33 16 on
668 2313 126 29 Draught.

508 2357 168 23 .FURTHER
689 2356 208 24 REDUCTIONS

494 2410 119 24 Genuine
623 2409 58 23 Sale
701 2409 26 22 of
742 2409 117 29 Drapery
877 2409 50 22 and

646 2435 128 28 Clothing.

519 2488 114 22 Balance
642 2488 27 22 of
675 2487 78 23 Stock
765 2488 27 21 to
802 2487 32 22 be
845 2486 56 23 sold

577 2514 145 29 regardless
740 2513 28 23 of
779 2514 61 21 cost.

493 2566 34 17 NO
533 2564 171 20 REASONABLE
710 2564 84 19 OFFER
801 2564 125 18 REFUSED.

494 2637 46 25 _LI
567 2641 73 19 Public
651 2643 20 17 to
677 2640 99 27 purchase
781 2639 54 20 their
846 2639 81 20 Winter

493 2668 67 20 Goods
567 2670 21 16 at
595 2667 40 19 less
641 2667 49 19 thnn
700 2666 117 20 Wholesale
826 2666 75 18 Prices.

524 2719 48 46 S.
613 2718 287 55 HOWARD,

609 2776 92 20 COMET
716 2775 93 21 STOKE.

630 2824 17 16 N
661 2824 93 16 OTIC
767 2824 23 16 E.

503 2871 73 33 ANY
582 2870 100 17 PERSOX
689 2869 60 17 found
757 2869 117 23 trespassing
883 2869 46 17 with

528 2906 9 7 l.
562 2893 39 23 dog
609 2898 21 12 or
639 2898 40 17 gun
688 2898 24 11 on
723 2898 37 14 any
774 2892 75 22 portion
863 2892 20 17 of
898 2891 31 18 the

528 2917 12 16 '.
561 2916 80 18 Thames
657 2915 67 23 Valley
745 2915 55 17 Lmd
816 2914 113 24 Company's

493 2940 67 17 Estate
569 2940 39 16 will
616 2940 23 16 sio
648 2938 117 23 prosecuted.

629 2962 76 17 MARK
717 2960 141 22 HAIIRISON,

807 2984 99 19 Manager.

493 3076 45 43 A
550 3076 119 17 MEETING
679 3075 20 17 of
707 3075 102 22 Property-
812 3079 72 14 owners
891 3074 37 17 and

562 3098 99 18 Residents
678 3097 36 19 will
737 3103 22 13 DO
775 3098 45 17 held
839 3099 20 15 sit
876 3098 52 16 Luke

493 3123 66 17 House
567 3126 100 13 TO-xir.HT
676 3121 21 17 at
714 3122 41 16 N.;i()
768 3121 71 17 o'clock
854 3121 29 17 for
897 3121 31 16 the

493 3151 82 17 purpose
588 3145 20 17 of
624 3144 105 22 discussing
745 3145 79 16 matters
839 3144 90 22 affecting

493 3169 50 16 their
551 3169 93 19 interests,
655 3166 82 24 electing
749 3173 12 11 n
775 3167 87 22 working
876 3173 39 11 com-

493 3192 66 17 mittee
575 3191 38 17 and
629 3190 125 23 formulating
771 3190 50 18 rules
838 3191 29 16 for
880 3190 49 17 their

494 3215 63 17 future
566 3214 99 23 guidance.

618 3237 19 17 J.
646 3237 19 17 S.
676 3236 117 19 GKAHAM,
801 3236 103 18 Convener.

879 4208 105 40 Ask
1010 4210 73 39 for
1108 4211 269 39 Hancock's
1404 4211 282 40 Celebrated
1711 4213 189 40 XXXX
1927 4215 115 41 Ales
2069 4221 95 37 and
2188 4220 151 39 Stout.

2471 866 137 19 IMITATION

2394 910 142 20 SINCEBEST
2548 911 139 19 FLATTERY.

2371 934 39 17 The
2423 934 75 17 articles
2515 937 49 15 most
2579 934 85 19 imitated
2681 941 31 12 arc

2394 957 137 18 CLEMENTS
2557 958 77 17 TONIC
2651 958 37 18 and

2418 980 157 19 FLETCHER'S
2593 981 72 17 PILLS

2324 1003 63 18 WHY
2394 1003 7 18 ?

2349 1026 116 18 BECAUSE
2475 1027 45 23 thoy
2529 1027 48 17 have
2592 1027 31 18 the
2632 1028 40 16 best
2682 1028 66 23 reputa-

2324 1049 40 18 tion
2373 1050 37 17 and
2419 1056 31 11 arc
2460 1052 49 15 most
2518 1051 19 16 in
2546 1050 80 18 demand
2635 1050 25 22 l>y
2669 1050 32 18 the
2711 1052 36 21 pub-

2324 1073 29 19 lic,
2364 1074 141 22 consequently,
2516 1080 55 16 every
2586 1073 95 17 dishonest
2697 1073 61 19 trader

2324 1096 45 16 tries
2377 1096 20 18 to
2406 1096 54 18 trade
2469 1103 24 12 on
2504 1097 48 18 their
2564 1098 49 16 fame
2625 1097 36 16 and
2676 1103 82 12 renown.

2348 1119 20 17 It
2377 1118 15 19 is
2401 1120 60 23 really
2470 1120 106 18 wonderful
2587 1120 40 18 that
2639 1120 31 17 the
2679 1121 68 16 Austra-

2324 1142 39 16 lian
2372 1143 66 21 people
2447 1150 31 10 are
2488 1150 20 10 so
2517 1143 46 17 slow
2572 1145 20 15 to
2609 1150 29 10 see
2655 1143 32 17 the
2705 1144 52 16 truth

2324 1171 21 10 as
2354 1165 77 22 regards
2439 1167 33 16 the
2487 1167 137 23 unscrupulous
2637 1166 70 23 quacks
2723 1167 35 17 and

2325 1188 107 18 charlatans
2441 1190 42 17 who
2492 1196 46 16 pray
2548 1196 24 11 on
2582 1190 31 17 the
2631 1189 92 23 credulity
2740 1190 18 17 of

2324 1211 33 17 the
2366 1212 108 17 Australian
2484 1212 69 23 public.
2588 1213 84 22 Scarcely
2688 1219 11 11 a
2709 1213 49 17 week

2324 1239 44 13 ever
2375 1239 63 18 passes
2447 1236 35 16 but
2496 1237 51 16 what
2561 1237 33 16 the
2610 1237 54 16 Tress
2681 1242 77 16 exposes

2325 1257 32 18 the
2366 1257 99 18 barefaced
2474 1259 38 17 and
2528 1259 93 18 shameful
2634 1259 92 22 practices
2740 1260 18 17 of

2324 1287 51 10 some
2382 1281 21 17 of
2411 1281 51 18 these
2472 1282 78 22 harpies,
2561 1284 37 20 yet,
2614 1283 20 16 in
2647 1284 41 15 face
2701 1284 21 15 of
2734 1282 24 17 all

2325 1304 45 22 they
2378 1310 49 11 seem
2437 1306 20 16 to
2466 1305 66 19 thrive,
2542 1306 38 16 and
2594 1304 32 19 the
2642 1311 59 18 paper
2717 1306 41 18 who

2325 1327 74 17 hounds
2408 1328 51 16 them
2469 1328 55 17 down
2542 1331 48 15 most
2607 1329 69 17 thrives
2694 1330 63 16 fattest

2324 1356 25 10 on
2357 1351 50 16 their
2413 1351 155 18 advertisements
2577 1351 35 18 and
2622 1352 64 17 cracks
2695 1351 51 19 cham-

2324 1379 62 17 pagne
2396 1379 44 12 over
2448 1374 45 17 each
2503 1375 147 17 balance-sheet.
2665 1376 93 16 Clements

2324 1397 58 16 Tonic
2390 1397 38 17 and
2437 1397 103 17 Fletcher's
2549 1398 46 17 Pills
2604 1398 46 17 have
2663 1404 56 11 never
2728 1400 30 20 yet

2325 1420 78 21 stooped
2412 1422 20 15 to
2441 1420 99 23 deception
2554 1421 36 17 and
2605 1421 143 23 misrepresenta-

2326 1442 45 18 tion.
2403 1444 52 22 They
2476 1450 32 11 are
2520 1444 90 17 scientific
2624 1444 134 24 therapeutical

2324 1466 74 23 agents,
2407 1467 37 17 and
2453 1467 87 17 evidence
2550 1474 20 10 as
2579 1470 18 14 to
2606 1468 49 17 their
2665 1468 54 17 value
2725 1474 33 11 can

2324 1489 23 17 1)0
2357 1489 59 17 found
2425 1491 19 16 in
2454 1496 56 16 every
2526 1491 80 20 district,
2615 1491 36 17 and
2667 1491 44 18 such
2727 1491 21 17 be-

2325 1512 33 21 ing
2368 1511 31 19 the
2409 1519 40 11 case
2458 1514 15 17 it
2486 1514 16 16 is
2516 1519 121 15 unnecessary
2651 1516 20 15 to
2686 1515 72 16 further

2341 3971 38 16 The
2388 3971 75 17 tenders
2472 3971 20 16 of
2501 3971 22 16 A.
2533 3971 77 16 Rarafca
2618 3972 19 15 at
2646 3972 20 13 .'is
2681 3972 24 13 (id
2717 3975 32 15 per

2319 3992 53 18 chain
2381 3993 30 17 for
2419 3994 36 16 No.
2467 3994 6 16 1
2486 3994 76 19 section,
2578 3992 72 22 Rapata
2659 3991 37 17 and
2705 3991 33 18 Wft-

2319 4016 23 16 ha
2351 4022 19 10 .is
2379 4016 25 17 Od
2412 4022 33 16 per
2454 4017 53 16 chain
2517 4017 36 16 No.
2564 4017 9 15 2
2586 4015 75 19 section,
2676 4014 37 17 and
2731 4013 18 18 >S.

2319 4039 51 22 Haig
2378 4039 38 17 and
2425 4039 23 18 G.
2458 4039 80 17 Roberts
2547 4039 20 16 0s
2573 4043 33 17 per
2621 4038 56 16 chain
2686 4037 35 17 No.
2740 4038 9 17 3

2319 4062 69 17 section
2396 4062 48 17 have
2452 4062 47 17 been
2508 4060 88 24 accepted
2609 4060 24 22 by
2643 4060 32 18 the
2692 4060 57 18 Town

2319 4085 61 17 Board
2399 4085 29 18 for
2442 4085 32 17 the
2491 4084 82 23 clearing
2592 4081 36 19 and
2642 4084 71 22 raising;
2731 4085 18 15 of

2319 4107 31 18 the
2365 4108 89 22 roadway
2463 4108 19 16 in
2499 4107 101 18 Pukuatua
2609 4108 57 16 street
2679 4112 21 13 as
2715 4106 23 19 ad-

2319 4130 79 17 vertised
2409 4131 37 16 last
2458 4130 58 17 week.
