3260 4260
1904 125 19 18 A
1931 124 67 19 NEW
2008 124 133 21 ZEALAND
2151 125 90 19 STORY
2250 125 30 20 IN

1929 150 147 20 AMERICAN
2087 151 162 19 LANGUAGE.

1901 203 48 19 This
1959 204 17 17 is
1986 204 45 18 how
2042 210 25 12 an
2078 204 106 20 American
2195 211 62 18 paper
2276 204 25 19 (In-

1875 229 74 19 scribes
1972 229 35 18 tho
2019 231 68 18 recent
2105 230 53 19 little
2169 230 56 19 frolic
2242 237 25 11 on
2275 230 35 19 tho

1876 258 44 22 part
1931 256 22 17 of
1970 254 101 26 Ruapehu
2082 256 106 18 mountain
2198 263 24 10 :
2232 256 78 19 Caused

1880 281 57 19 Wide
1946 281 173 19 Ruin.—Sudden
2138 282 101 24 Eruption
2248 282 21 18 of
2283 288 27 13 an

1876 307 39 18 Old
1928 306 95 20 Volcano.
2024 307 92 25 —Many
2132 307 76 19 Maoris
2223 306 49 20 Said
2289 310 21 16 to

1876 332 53 19 have
1937 332 251 20 Perished.—Australian
2198 333 70 19 advice
2282 334 28 24 by

1877 358 35 20 the
1922 360 85 19 steamer
2135 365 46 19 says
2189 366 5 12 :
2209 358 34 20 An
2252 365 47 20 erup-

1878 385 42 19 tion
1929 385 36 19 has
1982 386 62 19 taken
2059 386 58 25 place
2136 385 80 25 beyond
2231 385 77 26 Taupo,

1877 411 22 19 in
1916 411 35 19 tho
1969 411 44 19 Hot
2040 411 57 19 Lake
2124 411 85 19 district.
2238 411 73 20 Mount

1877 437 107 25 Ruapehu,
1996 437 66 20 which
2071 437 38 19 has
2118 437 53 19 been
2187 437 22 19 in
2226 439 52 17 state
2287 438 22 18 of

1877 463 89 19 slumber
1975 464 33 19 for
2015 470 65 18 years,
2089 463 65 19 broke
2172 465 36 17 out
2226 463 85 20 without

1877 489 35 19 the
1930 489 94 25 slightest
2047 489 99 26 warning.
2176 489 69 19 Steam
2271 489 40 20 and

1878 517 61 17 water
1949 522 51 13 woro
2010 515 79 20 thrown
2098 522 28 19 up
2137 522 12 12 a
2158 515 103 19 thousand
2270 516 41 18 feet

1878 541 21 19 in
1908 541 34 20 the
1953 541 35 24 air,
1999 541 94 21 followed
2102 541 28 25 by
2139 541 47 19 lava
2195 541 40 19 and
2243 544 67 17 water.

1878 567 56 19 Lava
1948 567 83 19 belched
2049 568 56 18 forth
2124 568 33 19 for
2172 574 59 12 seven
2242 567 67 21 hours.

1878 593 34 19 All
1922 593 34 19 the
1965 593 63 19 tribes
2046 594 22 18 of
2083 593 77 20 Maoris
2179 593 66 19 which
2259 593 52 20 have

1878 619 41 19 had
1926 619 53 20 their
1988 626 67 19 camps
2064 620 22 18 in
2096 619 34 20 the
2140 619 84 25 vicinity
2238 619 21 20 of
2278 620 34 19 tho

1879 645 104 19 mountain
2000 652 33 13 are
2049 646 90 25 thought
2162 647 21 18 to
2203 645 52 20 have
2273 646 39 19 lost

1878 671 54 19 their
1948 672 55 22 lives,
2023 672 32 19 for
2071 672 35 19 tho
2129 672 124 19 destruction
2271 679 41 12 was

1878 698 125 24 widespread
2035 698 40 19 and
2099 698 35 19 the
2159 700 84 23 country
2270 705 41 13 was

1878 722 73 21 buried
1966 724 50 25 deep
2033 724 21 18 in
2072 724 53 19 lava.
2154 724 69 19 Steam
2239 724 17 19 is
2271 724 41 19 still

1879 749 101 25 furiously
1989 750 116 25 ascending,
2125 750 41 19 and
2184 750 35 19 tho
2238 757 38 12 sun
2294 750 18 19 is

1879 776 84 24 entirely
1973 776 97 19 obscured
2080 772 28 29 by
2195 776 66 19 which
2271 776 40 19 will

1878 801 26 19 bo
1927 801 20 19 in
1956 802 33 19 tho
2009 802 29 19 air
2056 802 32 19 for
2107 802 72 19 weeks.
2207 802 43 19 Tho
2269 804 33 17 out-

1878 827 64 20 break
1964 828 37 19 has
2015 828 86 19 affected
2108 829 34 18 tho
2161 828 151 25 neighbouring

1878 854 115 19 mountains
2003 854 21 19 of
2033 854 102 25 Negarrio
2143 854 41 19 ard
2193 855 118 24 Tongariro.

1878 880 64 19 These
1949 880 104 19 volcanoes
2060 887 35 12 are
2101 880 98 26 rivalling
2203 879 108 27 Ruapehu,

1879 906 40 19 and
1929 913 59 18 every
1997 907 119 24 water-pool
2131 907 72 20 w'thin
2217 913 11 12 a
2245 906 68 20 radius

1879 933 22 18 of
1909 933 45 24 fifty
1969 933 57 19 miles
2034 933 37 19 has
2082 933 52 19 boon
2150 933 73 19 turned
2240 933 42 19 into
2301 939 12 13 a

1880 965 76 18 goyser,
1985 959 78 19 Details
2082 960 22 18 of
2135 959 35 19 tho
2189 959 123 19 destruction

1880 985 92 24 wrought
1990 985 28 24 by
2034 985 34 19 tho
2087 985 108 19 volcanoes
2218 991 34 13 are
2271 985 40 19 still

1879 1017 49 18 very
1944 1017 82 18 meagre
2043 1011 40 19 and
2109 1018 35 12 aro
2160 1011 87 19 awaited,
2264 1011 49 19 'with

1879 1037 88 25 anxiety,
1977 1044 22 12 as
2013 1044 37 12 one
2069 1037 94 24 dispatch
2182 1044 46 17 says
2247 1036 43 21 that
2301 1043 12 13 a

1879 1062 86 20 number
1970 1063 21 19 of
2000 1063 61 20 white
2064 1064 80 18 settlors
2152 1064 52 18 have
2212 1063 100 25 perished.

1878 1120 19 19 A
1904 1120 104 20 LIVELY
2017 1120 89 20 SCENE
2116 1120 33 19 IN
2157 1120 20 19 A
2187 1119 125 20 CHINESE

1983 1146 150 20 GAMBLING
2142 1146 65 20 DEN.

1905 1201 90 20 Eedfcrn
2012 1202 100 25 (Sydney)
2133 1202 66 26 polico
2215 1201 59 20 mado
2300 1207 12 13 a

1878 1228 45 19 raid
1932 1235 11 12 a
1954 1228 38 19 fow
2001 1228 70 26 nights
2081 1235 40 18 ago
2131 1235 25 12 on
2167 1231 39 16 two
2226 1228 86 19 Chinese

1879 1254 106 25 gambling
1997 1253 56 25 dens,
2080 1254 89 19 situated
2189 1254 21 19 in
2229 1254 83 19 Botreat

1879 1282 66 21 street,
1964 1280 111 24 Waterloo,
2095 1280 67 20 where
2181 1280 72 20 fantan
2271 1286 41 14 was

1878 1306 62 25 being
1950 1306 76 19 carried
2043 1313 31 13 on.
2103 1306 19 19 A
2131 1306 119 23 Chinaman,
2267 1306 45 19 who

1879 1333 106 26 happened
1992 1334 20 17 to
2021 1333 25 19 bo
2061 1333 98 24 standing
2173 1334 20 18 at
2211 1332 35 19 the
2264 1332 48 19 door

1878 1359 22 19 of
1923 1365 25 13 an
1971 1358 107 26 adjoining
2101 1359 69 22 house,
2196 1359 69 24 seeing
2278 1358 34 19 tho

1879 1385 63 26 police
1956 1385 143 26 approaching,
2111 1385 67 19 raised
2192 1384 35 20 the
2241 1384 68 23 alarm,

1878 1411 50 20 with
1936 1411 34 19 tho
1985 1411 63 19 result
2065 1411 45 19 that
2127 1418 12 13 a
2155 1413 74 17 scatter
2248 1410 20 20 of
2278 1410 33 20 the

1878 1436 112 21 Chinamen
1999 1437 49 20 took
2061 1437 57 26 placo
2128 1437 21 19 in
2159 1437 28 19 all
2197 1436 114 20 directions.

1877 1463 67 26 Every
1971 1463 101 21 available
2103 1462 141 27 hiding-place
2270 1468 41 15 was

1877 1489 87 21 utilised.
1992 1489 26 21 In
2027 1496 37 14 one
2071 1489 92 21 instanoo
2172 1489 34 20 the
2218 1489 93 26 chimney

1877 1522 40 14 was
1943 1515 50 21 used
2016 1523 21 14 as
2060 1523 12 14 a
2096 1515 154 27 hilding-place,
2274 1515 35 21 the

1877 1542 87 26 fugitive
1973 1543 78 25 having
2069 1545 21 17 to
2100 1542 26 20 bo
2143 1542 91 26 dragged
2253 1541 58 21 down

1877 1569 34 21 tho
1922 1569 92 26 chimney
2025 1571 26 24 bj'
2058 1569 37 20 tho
2103 1568 48 21 feet.
2180 1572 25 16 In
2224 1569 85 20 another

1877 1595 90 22 instance
1977 1602 12 14 a
1997 1602 48 14 man
2061 1594 72 22 locked
2149 1594 83 22 himself
2245 1595 20 20 in
2284 1601 27 14 an

1876 1622 107 25 outhouse,
1992 1622 40 20 and
2042 1622 21 20 in
2078 1621 59 21 order
2152 1623 21 19 to
2190 1627 68 15 secure
2268 1620 43 22 him

1876 1649 35 21 tb.o
1919 1648 64 28 police
1994 1654 50 16 were
2053 1647 84 28 obliged
2145 1653 21 16 to
2177 1647 53 22 force
2245 1647 21 21 in
2276 1647 34 23 tho

2327 117 56 17 front
2403 116 45 18 wall
2458 115 22 19 of
2497 115 35 19 the
2542 115 96 24 building
2655 115 40 19 an<l
2715 115 47 19 take

2328 143 35 19 tho
2390 148 49 13 man
2467 141 53 19 from
2541 147 74 18 among
2631 141 35 18 tho
2687 141 75 19 debris.

2328 168 59 20 Some
2397 168 22 18 of
2426 168 35 18 the
2471 173 54 13 more
2540 167 105 24 desperate
2663 172 49 13 ones
2732 169 20 16 at-

2327 194 90 25 tempted
2424 196 21 16 to
2455 193 47 24 defy
2511 193 34 18 the
2554 192 62 25 police
2624 191 26 27 by
2667 188 94 30 fightina

2328 220 37 18 but
2375 226 51 13 were
2441 225 103 13 overcome
2563 218 39 19 and
2620 219 89 19 secured.
2737 218 25 19 In

2327 246 28 18 all
2370 248 24 16 3fi
2405 246 113 19 Chinamen
2538 250 51 13 were
2612 245 96 23 arrested,
2732 244 20 19 in-

2327 272 84 25 cluding
2426 272 35 19 tho
2476 270 80 20 banker
2571 270 41 19 and
2629 271 94 25 croupier
2741 270 21 19 in

2327 298 49 19 each
2408 298 70 19 house.
2516 296 43 19 The
2582 296 64 20 whole
2678 297 21 18 of
2728 296 35 19 the

2327 324 158 25 paraphernalia
2504 322 50 20 used
2573 322 22 19 iu
2610 322 35 19 tho
2665 329 60 18 game
2743 322 22 19 of

2327 350 73 19 fantan
2410 350 40 19 and
2460 350 63 19 about
2532 349 29 19 £C
2570 348 23 19 in
2598 348 61 20 silver
2664 348 66 20 found
2737 355 26 13 on

2327 376 35 19 the
2372 376 66 19 tables
2447 382 52 13 were
2507 375 89 19 secured.

2381 436 151 20 DASTARDY
2543 436 168 20 ATTEMPTED

2476 462 129 19 MURDER.

2354 488 28 19 At
2408 489 35 19 tho
2472 488 120 20 Goulbourn
2624 489 65 25 police
2708 490 57 18 court

2330 514 108 24 (Victoria)
2457 521 12 13 a
2479 515 88 19 German
2594 515 74 19 named
2685 515 80 25 George

2329 536 85 29 Eugene
2424 541 68 18 Kothe
2508 547 41 13 was
2565 541 89 25 charged
2669 541 50 19 with
2735 543 20 17 at-

2329 567 101 24 tempting
2440 569 20 16 to
2470 567 81 19 murder
2560 566 33 20 his
2609 569 59 22 mate,
2687 574 12 12 a
2717 573 48 13 man

2329 593 73 18 named
2412 593 109 23 Gottwald,
2534 599 26 13 on
2574 593 34 19 the
2619 593 82 25 Sydney
2708 593 56 19 road.

2330 618 102 20 Gottwald
2455 619 17 18 is
2487 619 22 18 in
2532 619 34 19 the
2585 619 90 25 hospital
2689 619 50 19 with
2753 625 12 13 a

2330 650 68 13 severe
2405 645 74 19 wornd
2493 651 27 12 on
2535 645 35 19 tho
2580 645 52 19 head
2651 645 41 20 and
2708 645 57 19 other

2330 670 97 25 injuries;
2455 670 37 19 but
2511 671 31 18 his
2569 672 103 19 condition
2695 672 18 19 is
2728 673 36 18 not

2330 696 122 25 dangerous.
2480 696 39 19 His
2528 699 56 23 story
2602 698 17 18 is
2638 698 45 19 that
2692 698 27 18 he
2728 697 38 19 left

2330 722 89 19 Camdon
2429 722 57 25 eight
2504 723 50 24 days
2572 729 39 19 ago
2627 724 50 19 with
2696 724 70 19 Kothe

2330 750 21 17 to
2378 755 26 18 go
2423 748 142 25 gold-mining,
2581 750 69 19 Kothe
2668 750 98 24 knowing

2330 774 45 19 that
2389 775 26 18 ho
2434 774 40 19 had
2493 781 78 19 money.
2600 775 43 20 One
2661 776 60 24 night
2740 776 26 18 he

2331 807 40 12 was
2381 800 57 25 lying
2448 801 69 18 awake
2527 801 21 18 in
2558 801 39 19 bed
2613 801 57 20 when
2689 801 76 24 Kothe,

2330 826 16 19 it
2356 826 17 19 is
2383 826 86 25 alleged,
2481 833 55 12 came
2546 827 76 19 behind
2631 828 41 19 and
2682 828 32 19 hit
2723 828 43 18 him

2331 852 79 20 several
2419 853 59 19 times
2487 859 26 13 on
2523 852 35 20 tho
2567 853 53 19 head
2629 854 51 19 with
2697 860 13 13 a
2727 853 40 19 bar

2331 879 22 17 of
2362 879 51 19 iron.
2441 879 108 23 Gottwald,
2569 879 45 19 who
2632 880 18 19 is
2668 886 13 13 a
2696 882 71 22 strong

2332 911 52 17 man,
2401 905 66 18 closed
2487 905 48 19 with
2554 905 32 19 his
2601 906 99 19 assailant
2724 906 41 18 and

2331 931 83 19 secured
2424 931 49 19 him.
2501 931 81 25 During
2588 931 33 19 tho
2631 932 93 25 struggle
2733 931 33 19 his

2331 956 43 19 foot
2384 964 40 12 was
2434 957 78 19 burned
2521 957 21 18 in
2551 957 34 19 tho
2594 958 40 18 fire.
2663 957 103 20 Gottwald

2332 983 40 18 had
2382 983 43 24 dug
2434 989 12 13 a
2454 983 36 24 big
2500 983 51 23 hole,
2561 983 40 19 and
2611 984 24 18 he
2652 990 59 14 avers
2721 984 46 19 that

2332 1009 16 19 it
2357 1016 39 12 was
2408 1009 85 19 Kothe's
2506 1009 102 19 intention
2618 1012 20 17 to
2649 1011 64 19 throw
2726 1010 39 19 him

2332 1035 42 19 into
2383 1035 22 24 it,
2417 1035 57 19 when
2486 1035 23 19 he
2520 1035 66 19 would
2598 1039 35 16 not
2643 1037 52 19 havo
2715 1037 49 19 been

2332 1061 61 20 beard
2404 1062 22 18 of
2444 1061 65 26 again.
2537 1061 34 20 Six
2591 1063 117 25 sovereigns
2728 1063 38 19 and

2332 1090 39 16 two
2383 1088 86 19 watches
2480 1094 50 14 were
2549 1088 49 24 kept
2617 1089 25 24 by
2660 1084 105 24 Gottwald

2332 1114 65 20 under
2412 1115 35 19 the
2466 1115 47 18 head
2530 1114 21 19 of
2575 1115 30 19 his
2625 1115 43 19 bed.
2698 1115 69 20 Kothe

2332 1147 45 20 says
2389 1141 24 19 he
2422 1141 48 25 only
2485 1141 57 19 acted
2553 1141 21 19 in
2585 1141 144 21 self-defence.

2357 1197 26 19 In
2402 1203 26 13 an
2449 1197 70 19 article
2533 1197 20 19 in
2570 1203 12 14 a
2597 1197 85 20 London
2707 1197 59 26 paiad

2331 1223 81 26 dealing
2423 1223 48 19 with
2482 1223 76 19 insects
2573 1223 34 19 the
2618 1223 104 26 following
2732 1231 23 18 ap-

2333 1257 17 17 p<
2357 1256 33 13 ars
2405 1250 121 25 conc.'riiing
2545 1250 33 18 the
2593 1249 119 21 abundance
2726 1251 38 18 and

2332 1283 34 13 use
2376 1276 22 20 of
2417 1275 146 26 grasshoppers
2573 1277 20 18 in
2605 1276 49 19 Now
2666 1277 88 19 Zealand
2763 1275 4 26 :

2332 1303 32 19 'ln
2372 1303 50 19 New
2433 1301 95 25 Zealand,
2543 1303 64 19 where
2614 1303 148 25 grasshoppers

2332 1336 32 12 are
2372 1335 56 13 more
2438 1329 48 19 thau
2498 1329 110 24 abundant,
2616 1329 47 25 they
2672 1336 34 13 are
2718 1330 46 18 used

2332 1355 30 19 for
2371 1355 48 19 food
2430 1355 24 26 by
2460 1355 124 25 Europeans.
2614 1355 152 26 Grasshoppers

2331 1388 33 13 are
2385 1381 130 24 pronounefd
2529 1388 12 13 a
2565 1384 56 23 great
2640 1382 89 26 delicacy
2747 1383 19 19 in

2332 1407 49 21 New
2392 1407 15 21 Z
2421 1408 60 20 aland
2491 1408 55 19 when
2553 1408 97 26 prepared
2658 1409 109 26 according

2331 1436 20 17 to
2363 1435 35 19 the
2409 1434 104 26 following
2520 1434 87 20 formula
2618 1434 3 26 :
2637 1435 47 20 One
2694 1435 71 21 bushel

2331 1460 21 20 of
2363 1461 35 20 the
2418 1461 76 20 insects
2504 1463 16 17 is
2537 1461 105 21 immersed
2654 1464 40 17 two
2706 1462 61 20 hour*

2331 1487 19 21 in
2362 1487 43 21 half
2421 1494 12 14 a
2443 1487 68 26 gallon
2526 1488 22 19 of
2567 1487 51 26 pi.ik
2633 1487 63 22 brine.
2725 1489 42 20 The

2331 1514 73 21 insects
2425 1522 34 13 are
2474 1515 48 20 tbeu
2534 1514 66 21 boiled
2620 1514 19 20 in
2656 1515 35 21 the
2702 1515 65 27 liquid

2331 1540 32 22 fos
2374 1542 25 19 10
2411 1540 93 27 minutes,
2512 1541 47 21 then
2566 1541 123 28 thoroughly
2701 1543 66 20 rinsed

2331 1569 19 19 in
2363 1574 62 14 warm
2436 1573 63 16 water
2510 1568 38 21 and
2562 1568 70 27 piaced
2647 1569 21 21 in
2679 1575 26 15 an
2716 1575 51 15 oven

2331 1597 20 17 to
2376 1595 81 21 become
2478 1593 60 29 criap.
2572 1593 68 23 When
2663 1595 46 21 cold
2734 1597 33 19 the

2331 1621 59 21 heads
2399 1628 35 14 are
2444 1621 100 25 removed,
2555 1622 38 20 and
2602 1621 47 28 they
2659 1629 37 15 ore
2706 1623 61 27 ready

2331 1651 20 18 to
2363 1649 24 20 be
2398 1648 74 21 eaten,'

2808 114 109 18 CANINE
2934 115 175 22 SMUGGLERS
3123 119 60 20 AND

2807 143 163 19 THEIR
3003 143 94 19 WORK.

2807 192 43 20 The
2859 192 84 20 London
2956 193 82 21 G-Jobe'a
3054 196 106 20 Gibraltar
3170 205 15 12 c.
3193 204 9 13 r-

2783 219 128 26 responJeut,
2923 216 80 30 writing
3019 229 25 12 on
3064 223 48 20 27th
3134 223 75 25 March,

2781 252 45 19 says
2838 246 66 18 :—An
2925 247 154 26 extraordinary
3109 249 42 19 find
3172 257 39 13 was

2782 271 56 20 made
2847 271 41 20 this
2898 272 54 19 week
2967 272 27 27 by
3010 280 26 13 an
3049 275 71 20 official
3138 275 22 20 of
3178 277 33 20 the

2783 299 48 18 Port
2842 298 139 26 Department.
3009 300 22 20 It
3049 301 17 20 is
3082 308 13 13 a
3110 301 44 21 rule
3168 303 44 20 that

2783 325 71 19 vessels
2863 325 22 19 of
2895 332 12 12 a
2914 326 75 19 certain
3000 330 90 23 tonnage
3099 328 73 20 should
3189 330 23 20 be

2782 351 39 20 left
2835 351 21 20 in
2876 351 72 26 charge
2966 352 22 20 of
3007 360 92 14 someone
3115 354 57 20 when
3193 358 19 17 at

2782 378 74 19 anchor
2866 377 21 20 in
2898 377 35 20 the
2944 379 45 25 bay.
3017 379 68 21 When
3093 380 40 20 this
3141 382 71 20 official

2783 404 86 19 boarded
2880 411 10 13 a
2901 405 55 25 large
2965 405 82 20 falucbo
3064 407 91 26 (trading
3170 415 33 13 ves-

2782 430 37 26 sel)
2829 430 57 26 lying
2895 437 54 14 soma
2960 431 90 21 distance
3057 433 30 19 off
3101 433 36 20 the
3146 434 66 20 North

2783 457 66 19 Front
2858 457 83 25 landing
2949 458 61 27 jetty,
3023 459 24 19 he
3057 459 67 20 found
3134 466 26 14 no
3176 468 36 13 one

2783 483 20 19 in
2814 484 77 24 charge,
2902 484 37 19 but
2949 491 54 13 some
3016 485 48 26 fifty
3079 492 23 14 or
3117 493 22 13 so
3158 487 52 26 dogs,

2784 517 52 12 more
2847 517 22 12 or
2880 510 38 20 less
2928 510 107 25 ferocious,
3052 512 74 20 rushed
3136 515 22 17 at
3167 513 38 20 him

2784 536 85 26 barking
2879 536 39 20 and
2929 538 90 26 Bnarling
3030 539 65 19 round
3104 539 47 19 him.
3172 540 40 21 The

2784 563 62 19 vessel
2855 563 40 19 and
2906 563 26 20 its
2943 566 82 23 strange
3034 571 60 20 cargo
3109 572 53 13 were
3181 566 21 21 de-

2784 589 67 19 tained
2862 589 32 20 for
2904 590 107 25 eiquiriea.
3042 591 40 20 The
3096 597 77 15 ownars
3193 594 20 20 of

2784 615 34 19 the
2841 616 65 19 vessel
2928 617 39 19 and
2996 617 49 27 dogs
3069 618 144 27 subsequently

2783 641 83 20 claimed
2880 642 52 20 their
2948 645 111 24 properties
3078 647 22 17 at
3118 645 35 20 the
3165 646 49 20 Port

2783 668 62 24 office,
2866 669 40 19 and
2929 670 78 19 seemed
3033 672 56 19 much
3112 673 102 25 surprised

2785 696 44 18 that
2836 701 80 19 anyone
2926 695 59 20 could
3003 697 50 20 have
3072 698 89 20 boarded
3181 699 33 20 tho

2784 722 54 19 craft
2848 722 47 19 with
2910 725 50 16 such
2976 729 12 12 a
3003 730 51 13 ere*
3071 724 82 21 aboard.
3188 727 26 19 As

2785 748 84 25 nothing
2888 748 67 26 illegal
2970 750 60 19 could
3048 750 23 19 be
3086 752 81 23 proved,
3182 752 32 20 tho

2786 776 46 18 boat
2842 774 40 20 and
2892 776 25 18 its
2928 779 111 22 occupants
3050 783 52 13 were
3116 778 97 20 returned

2786 804 18 17 to
2815 801 53 19 their
2878 808 83 13 owners.
2990 803 41 19 The
3049 803 103 26 following
3162 804 53 20 trick

2784 827 22 20 of
2828 834 54 13 some
2906 828 83 20 tobacco
3009 830 111 24 smugglers
3140 831 20 18 in
3176 830 38 21 this

2785 853 148 25 neighborhood
2944 861 43 19 may
2994 855 63 20 throw
3068 863 54 13 some
3132 856 52 26 light
3190 864 24 13 on

2785 880 33 19 the
2828 881 61 18 above
2900 880 96 20 incident.
3025 882 22 19 It
3061 889 62 14 seems
3142 890 25 13 an
3186 884 20 19 in-

2785 906 84 26 genious
2879 907 38 19 and
2925 907 99 20 lucrative
3035 909 57 19 trade
3102 909 17 20 is
3139 910 76 20 carried

2784 940 26 12 on
2822 932 26 26 by
2859 939 66 13 means
2939 934 21 19 of
2970 934 58 20 these
3042 936 56 24 dogs,
3109 936 64 19 which
3183 943 33 14 are

2785 960 59 19 taken
2855 966 25 12 on
2892 960 68 23 board,
2970 960 11 19 I
2996 968 32 12 am
3038 962 49 23 told,
3098 962 76 26 during
3183 963 33 20 the

2784 986 45 26 day,
2840 986 40 19 and
2891 989 20 17 at
2922 986 57 25 night
2990 994 34 13 aro
3035 988 26 18 all
3073 988 28 19 let
3111 989 50 24 drop
3171 996 45 13 over

2786 1013 33 18 tho
2829 1012 53 19 sides
2894 1012 20 20 of
2926 1012 56 20 these
3000 1014 73 19 vessels
3093 1014 59 20 laden
3169 1016 47 19 with

2785 1045 53 12 some
2850 1038 63 26 thirty
2922 1046 21 12 or
2952 1039 55 26 forty
3019 1041 80 24 pounds
3106 1041 22 19 of
3135 1039 81 23 tobacco

2787 1065 75 24 (which
2873 1065 15 19 is
2899 1072 12 12 a
2920 1065 69 26 cheap,
3007 1068 142 19 nor.-dutiable
3167 1069 40 19 arti-

2784 1092 31 19 cle
2824 1091 54 24 here)
2889 1091 90 21 fastened
2995 1094 20 18 in
3026 1094 123 25 waterproof
3159 1095 46 25 pack-

2786 1124 45 19 ages
2842 1117 64 20 round
2920 1118 32 20 the
2963 1119 58 25 body.
3050 1120 41 19 The
3111 1121 104 25 sagacious

2786 1143 84 20 animals
2887 1150 33 14 ate
2931 1145 79 19 trained
3022 1148 21 17 to
3054 1146 54 20 swim
3129 1147 50 20 back
3196 1151 19 16 to

2787 1170 51 20 their
2862 1171 110 24 raapective
2996 1172 68 20 homes
3092 1176 21 16 at
3138 1174 78 21 various

2786 1196 85 25 Spanish
2883 1197 73 25 fishing
2968 1197 82 26 villages
3058 1200 64 19 round
3133 1200 34 20 the
3174 1200 42 26 bay;

2787 1223 47 24 they
2852 1230 34 12 are
2909 1230 49 13 even
2975 1225 74 25 taught
3065 1228 21 17 to
3104 1226 63 21 evade
3184 1227 32 21 the

2786 1249 83 19 dreaded
2882 1249 121 21 caribineros
3023 1251 99 28 (military
3141 1253 66 24 police-

2788 1276 53 22 men)
2854 1275 41 20 who
2908 1277 64 24 patrol
2984 1277 33 19 tho
3029 1279 67 24 beach,
3107 1279 45 24 and,
3163 1280 43 20 wait-

2787 1302 33 24 ing
2829 1301 53 20 thoir
2892 1303 141 26 opportunity,
3045 1306 64 19 under
3119 1312 58 14 cover
3196 1308 20 19 of

2787 1328 33 19 the
2829 1327 98 21 darkiess
2942 1329 56 20 when
3010 1332 84 25 noariug
3105 1332 53 24 land,
3168 1334 48 19 rush

2788 1357 49 23 past,
2849 1355 57 19 often
2918 1356 63 19 uuder
2991 1357 35 19 the
3045 1364 59 14 noses
3123 1359 23 19 of
3164 1360 52 20 their

2785 1388 77 18 enemy,
2873 1382 111 26 invariably
3000 1384 93 26 ca-ryiug
3104 1385 53 20 their
3174 1393 42 13 now

2788 1407 90 20 valuable
2887 1408 61 25 booty
2954 1409 65 26 safely
3027 1413 20 16 to
3056 1412 34 18 the
3099 1413 117 25 smugglers'

2787 1434 61 25 home,
2868 1436 21 18 at
2897 1441 13 13 a
2920 1435 59 25 profit
2998 1438 21 18 to
3029 1436 53 22 their
3102 1444 84 16 masters
3196 1440 20 21 of

2787 1467 53 13 wme
2851 1460 38 20 five
2899 1461 73 21 dollars
2987 1469 11 13 a
3009 1463 36 26 day
3058 1470 34 20 per
3104 1464 44 27 dog,
3176 1467 40 20 The

2786 1494 78 14 owners
2873 1487 21 20 of
2904 1488 34 20 the
2948 1489 75 21 vessels
3040 1491 21 19 of
3080 1498 71 14 course
3169 1500 47 14 earn

2787 1521 25 13 an
2822 1520 46 21 easy
2878 1514 106 22 livelihood
2996 1516 25 25 by
3031 1517 96 29 charging
3137 1526 11 14 a
3156 1518 60 29 fairly

2788 1541 45 26 high
2844 1541 41 27 poll
2892 1544 33 18 tax
2936 1549 25 14 on
2971 1543 48 21 each
3030 1545 39 25 dog
3089 1546 76 20 housed
3184 1546 32 23 for

2788 1569 40 19 this
2835 1574 94 21 purpose.
2957 1572 30 18 As
3007 1571 83 21 tobacco
3109 1574 16 19 is
3143 1580 12 13 a
3173 1573 41 21 free

2786 1595 72 22 article
2868 1595 22 21 of
2898 1601 109 17 commerce
3022 1597 20 21 iu
3053 1606 36 13 our
3109 1602 51 24 port,
3179 1599 37 25 and

2788 1624 47 20 does
2845 1623 35 19 not
2890 1623 79 21 become
2984 1624 124 22 contraband
3119 1625 32 22 till
3162 1628 54 20 with,

2788 1651 20 19 iu
2819 1649 87 26 Spanish
2917 1651 100 27 territory,
3030 1659 28 14 we
3076 1659 34 15 are
3128 1653 88 28 helpless

2789 1678 20 20 in
2819 1679 35 18 the
2864 1679 79 19 matter.

2833 1742 102 22 ARMED
2959 1743 153 24 BURGLARS
3137 1745 32 24 IN

2910 1775 182 21 MELBOURNE.

2814 1830 18 20 A
2843 1830 121 21 sensational
2975 1832 97 26 burglary
3088 1839 40 14 was
3148 1840 68 20 porpc

2788 1858 64 19 trated
2865 1858 54 25 early
2930 1865 24 12 on
2966 1858 35 20 tlio
3013 1859 47 20 11th
3071 1859 60 25 June,
3152 1862 21 18 at
3182 1861 33 20 tho

2787 1884 101 19 residence
2898 1884 22 19 of
2929 1884 35 20 Mr
2973 1885 86 20 Thomas
3071 1886 104 24 Porchard,
3183 1886 30 21 ]So

2786 1911 31 25 54,
2824 1910 160 25 Gibdou-streot,
2989 1912 97 26 Burnley,
3094 1912 121 22 Melbourne

2786 1937 24 19 In
2821 1943 11 13 a
2841 1940 52 16 most
2898 1937 73 26 daring
2977 1945 83 14 manner
3071 1939 55 21 three
3135 1939 69 27 frowsy-

2770 1963 1 29 :
2785 1963 81 26 looking
2885 1971 49 16 men,
2954 1965 66 20 armed
3041 1966 48 19 with
3108 1966 106 26 revolvers,

2784 1990 106 25 garrotted
2904 1990 35 20 Mr
2958 1991 100 20 Perchard
3076 1992 21 19 in
3122 1992 31 21 his
3170 1993 42 25 bed,

2784 2016 41 19 and
2834 2016 76 20 robbed
2922 2016 32 21 the
2965 2018 63 20 house
3038 2018 22 21 of
3077 2025 53 14 some
3142 2026 71 20 money

2783 2042 41 20 and
2850 2050 13 13 a
2896 2043 137 22 considerable
3065 2046 96 25 quantity
3194 2046 21 20 of

2782 2069 108 26 jewellery.
2918 2070 41 20 The
2977 2070 69 21 victim
3066 2072 17 19 is
3098 2079 25 13 an
3138 2072 75 28 elderly

2784 2102 44 13 man
2839 2096 22 19 of
2870 2096 138 25 independent
3018 2105 76 18 means,
3105 2098 63 27 living
3187 2099 25 27 by

2783 2121 79 20 himself
2871 2121 22 21 in
2907 2130 12 12 a
2933 2123 57 20 brick
3010 2124 49 19 villa
3078 2125 85 25 midway
3182 2126 20 19 be-

2782 2149 66 19 tween
2858 2148 34 20 the
2902 2148 80 27 railway
2989 2150 42 20 and
3041 2150 33 20 the
3084 2150 74 21 Tarra.
3182 2152 31 20 He

2783 2177 61 17 states
2855 2175 45 19 that
2916 2176 89 20 between
3024 2177 10 19 1
3051 2177 41 20 and
3103 2178 11 19 2
3125 2184 46 13 a.m.
3189 2178 24 21 be

2783 2207 40 13 was
2834 2201 109 21 awakened
2953 2202 24 27 by
2986 2209 11 13 a
3008 2203 47 20 loud
3066 2203 57 21 noise
3138 2206 23 18 at
3180 2204 32 21 the

2783 2227 49 20 back
2848 2227 54 21 door,
2924 2229 39 19 and
2982 2229 64 20 called
3061 2233 36 17 out
3142 2230 70 21 Who's

2782 2254 56 20 there
2845 2254 9 20 ?
2890 2258 14 16 A
2910 2255 61 20 Imost
2980 2255 137 28 immediately
3123 2257 36 20 the
3164 2258 49 19 door

2783 2288 39 12 was
2843 2281 59 20 burst
2917 2289 56 18 open,
2991 2283 39 19 and
3048 2290 10 12 a
3078 2290 45 13 man
3140 2284 72 21 rushed

2783 2308 43 19 into
2837 2307 31 20 his
2877 2315 54 13 room
2942 2308 76 27 saying,
3040 2309 50 20 "I'll
3102 2310 59 20 shoot
3170 2317 40 20 you

2783 2334 14 19 if
2805 2340 39 19 you
2855 2334 82 20 breathe
2951 2343 10 12 a
3075 2338 22 18 at
3116 2337 35 20 the
3160 2344 52 13 same

2782 2361 47 19 time
2841 2362 116 26 presenting
2968 2370 10 12 a
2988 2363 91 20 revolver
3088 2366 22 17 at
3116 2363 31 20 his
3157 2364 55 21 head,

2785 2387 91 19 Another
2888 2388 81 25 burglar
2984 2389 48 19 then
3051 2390 108 25 appeared,
3173 2390 39 23 and

2775 2415 42 18 'Mr
2826 2414 99 20 Perchard
2937 2415 42 19 half
2989 2416 64 19 raised
3065 2417 80 20 himself
3154 2417 20 19 in
3181 2417 30 20 his

2783 2441 42 23 bed,
2834 2447 21 12 so
2866 2441 44 19 that
2919 2441 17 19 if
2945 2443 96 19 attacked
3052 2443 26 19 he
3087 2443 64 26 might
3158 2443 26 21 be
3191 2443 20 21 in

2782 2474 10 12 a
2811 2467 68 20 bettor
2894 2468 86 25 position
2995 2470 22 18 to
3033 2469 74 20 defend
3126 2469 85 21 himself,

2783 2495 31 18 lie
2825 2500 39 12 was
2874 2495 48 19 then
2932 2495 65 19 seized
3009 2495 26 26 by
3051 2495 35 21 the
3093 2496 70 20 throat
3172 2498 39 18 and

2782 2520 42 19 half
2834 2521 109 25 strangled,
2954 2521 29 19 his
3003 2522 108 20 assailants
3126 2523 85 26 keeping

2782 2546 33 20 the
2826 2547 36 19 bed
2874 2547 75 21 clothes
2959 2554 47 14 over
3017 2548 31 20 his
3058 2549 56 20 head.
3146 2550 65 20 When

2780 2573 73 19 almost
2877 2574 112 20 suffoonted
3013 2575 24 19 he
3061 2576 110 20 succeeded
3191 2577 19 19 in

2781 2599 98 26 throwing
2890 2601 34 19 the
2943 2601 115 21 bedclothes
3076 2602 62 24 aside,
3154 2603 56 21 when

2781 2632 37 13 one
2827 2627 21 18 of
2855 2627 34 19 the
2903 2627 91 26 burglars
3010 2628 70 20 struck
3091 2629 39 19 him
3142 2629 47 20 with
3199 2636 11 14 a

2781 2652 87 20 revolver
2877 2653 21 19 in
2912 2653 33 19 the
2954 2654 50 25 face,
3021 2655 89 25 severely
3118 2655 92 26 injuring

2781 2679 29 19 his
2820 2686 42 18 eye.
2889 2680 53 26 They
2953 2681 49 19 then
3012 2681 69 20 bound
3091 2682 39 20 him
3147 2682 63 21 hands

2778 2705 40 20 and
2828 2705 47 23 feet,
2886 2708 45 23 and,
2942 2707 56 19 while
3010 2714 37 14 one
3065 2707 23 20 of
3104 2709 34 20 the
3157 2715 53 20 gang

2780 2733 47 24 kept
2836 2733 63 25 guard
2909 2740 47 13 over
2966 2733 40 21 him
3022 2734 48 20 with
3086 2742 12 12 a
3112 2737 98 22 revolver,

2780 2759 33 19 the
2836 2759 68 20 others
2923 2760 66 20 raided
3011 2760 34 20 the
3064 2760 71 22 house.
3168 2761 41 21 Tho

2778 2786 58 19 value
2846 2785 22 20 of
2877 2785 35 21 the
2926 2786 85 26 plunder
3025 2787 48 27 they
3084 2789 98 24 procured
3192 2788 17 20 is

2778 2812 104 19 estimated
2891 2815 20 17 at
2921 2813 61 20 about
2997 2814 51 20 £SO.
3076 2810 29 24 As
3123 2821 48 13 soon
3187 2822 22 13 as

2778 2838 33 20 the
2821 2838 75 20 thieves
2906 2839 39 19 had
2957 2839 60 21 taken
3027 2840 55 20 their
3097 2841 110 24 departure

2779 2864 33 20 Mr
2824 2865 100 20 Perchard
2938 2869 30 16 set
2980 2868 20 17 to
3024 2867 55 19 work
3098 2870 21 17 to
3134 2868 74 20 release

2778 2891 86 25 himself,
2874 2892 40 20 and
2926 2893 52 19 after
2994 2892 49 22 haid
3060 2894 86 26 tugging
3164 2901 33 14 suc-

2777 2918 71 19 ceeded
2864 2918 19 20 in
2899 2919 78 26 freeing
2991 2919 32 21 his
3046 2920 49 25 legs,
3119 2921 40 19 and
3183 2921 23 20 he

2777 2945 79 19 severed
2869 2945 33 20 the
2912 2945 63 21 bands
2989 2946 64 20 about
3071 2947 29 19 bis
3110 2954 53 14 arms
3180 2948 27 25 by

2777 2970 86 26 rubbing
2872 2972 54 19 them
2940 2972 82 26 against
3042 2973 34 19 the
3093 2973 50 26 edge
3164 2975 21 19 of
3195 2980 11 14 a

2775 2997 66 20 chisel.
2870 2998 59 19 Some
2940 2999 58 20 hours
3006 2999 82 26 elapsed
3098 2999 70 21 before
3183 3001 23 19 he

2775 3025 92 24 regained
2883 3025 99 20 sufficient
3003 3026 94 24 strength
3113 3028 21 18 to
3148 3027 58 21 make

2775 3057 24 12 an
2810 3051 133 19 examination
2958 3052 22 19 of
3001 3052 35 20 the
3051 3053 96 25 premises
3167 3054 39 20 and

2775 3079 67 23 report
2852 3077 34 19 tho
2896 3079 75 19 matter
2984 3081 20 16 to
3016 3079 34 20 the
3065 3079 51 20 local
3133 3080 72 26 police.

2773 3104 41 19 The
2823 3103 95 25 imprints
2928 3104 21 19 in
2966 3104 35 21 the
3018 3106 111 20 woodwork
3140 3107 22 19 of
3171 3107 34 21 the

2774 3130 48 20 back
2846 3130 48 19 door
2909 3130 54 21 show
2986 3131 46 21 that
3055 3134 96 18 entrance
3165 3140 40 14 was

2773 3156 56 21 made
2853 3156 46 20 with
2924 3157 33 20 the
2964 3156 2 28 •
2977 3158 31 20 aid
3029 3159 23 20 of
3071 3166 12 13 a
3104 3160 101 24 powerful

2771 3184 79 24 jemmy,
2866 3183 34 19 the
2919 3183 44 20 Jock
2985 3185 60 26 being
3064 3186 69 19 forced
3148 3193 42 14 com-

2773 3210 74 25 pletely
2856 3213 35 16 out
2902 3210 22 19 of
2931 3211 95 25 position.
3056 3212 35 20 Mr
3102 3212 101 22 Perchard

2771 3236 16 19 is
2797 3236 74 19 unable
2879 3238 20 17 to
2910 3236 46 25 give
2967 3238 35 19 the
3020 3239 64 25 police
3103 3245 40 21 any
3159 3240 33 20 des-

2770 3262 87 24 cription
2868 3262 21 19 of
2899 3262 30 20 his
2938 3263 117 22 assailants.

1009 60 56 19 Tills
1082 59 58 22 HOT
1157 60 92 21 LAK.E3
1265 60 174 25 CIIIiONIGLE,
1456 60 194 24 WEDNESDAY,
1680 61 76 20 JULY
1773 62 31 24 10,
1818 61 58 23 1*95,

2778 4076 74 17 Printed
2862 4077 34 16 and
2907 4077 91 21 published
3016 4078 27 15 for
3059 4078 30 15 the
3097 4078 87 21 proprieto

2779 4100 19 13 at
2814 4098 26 16 his
2860 4098 94 18 refristered
2959 4098 79 20 printing
3043 4099 49 16 offloo
3106 4099 78 17 Rotorua

2779 4118 22 22 by
2809 4120 58 15 I'ehcy
2878 4119 57 17 Jakes
2945 4120 98 19 Hammond,
3057 4120 18 16 of
3082 4120 83 17 Rotorua.

2801 4151 160 23 WEDNESDAY,
2970 4151 69 23 JULY,
3052 4153 26 22 10,
3088 4153 19 22 Is
3107 4153 29 22 9&,

710 153 188 47 mmh

193 802 48 22 mU
246 801 45 22 OLD
299 796 88 32 SPECK!,|

204 997 78 25 D.C.L.
287 999 80 24 BRAND;

763 851 32 38 1

822 852 79 36 LOW

478 1189 10 13 r
489 1189 150 34 M'MMff,
660 1190 142 30 MOrtMA
907 1189 4 36 i

96 1253 238 33 'HOLESALE
354 1254 182 38 AGENTS,

353 1296 49 38 L.
431 1296 53 39 D.
513 1296 263 41 NATHAN
805 1301 113 39 &Co.

105 1463 327 50 Hydropathic
475 1467 153 48 Hotel,
666 1468 230 44 Eoturua-

329 1518 258 23 EBTABB,.BS!aiSD
605 1521 70 21 1881.

55 1550 84 30 Under
151 1552 41 28 the
205 1559 132 28 patronage
350 1555 24 25 of
386 1554 39 26 Sir
449 1555 38 27 W.
509 1555 101 35 jervois,
631 1557 57 26 Earl
707 1559 48 25 and
778 1561 120 26 Countess
918 1559 26 28 of

102 1585 141 36 Hopetoun,
256 1588 41 25 the
311 1588 64 25 lion.
390 1588 105 26 Premier
508 1589 46 26 and
569 1590 124 27 Members
706 1592 25 25 of
745 1593 152 28 Parliament.

87 1640 54 26 The
154 1641 76 26 Hotel
245 1641 19 25 is
274 1641 105 25 situated
392 1649 30 17 on
435 1650 30 17 an
479 1642 112 26 elevated
605 1644 102 32 position
721 1652 31 18 on
765 1645 40 26 the
819 1646 85 28 shores
917 1649 24 26 of

54 1670 66 29 Lake
134 1675 116 29 Rotorua,
263 1675 144 25 convenient
420 1682 24 18 to
463 1676 29 25 all
506 1677 40 24 the
565 1677 77 33 sights
655 1677 22 25 in
691 1677 40 26 the
740 1678 99 28 district.

56 1713 153 35 Sulphur
222 1714 69 28 and
308 1713 150 30 Mineral
470 1715 108 29 Baths
592 1717 22 24 in
628 1717 40 24 the
690 1717 114 27 Grounds
823 1720 24 25 of
861 1719 76 29 Hotel

87 1785 38 25 To
135 1791 65 19 meet
211 1787 40 23 the
265 1786 106 25 dullness
383 1787 26 24 of
421 1787 40 24 the
475 1787 70 25 times
559 1797 13 15 a
585 1788 88 33 charge
687 1790 25 23 of
725 1789 39 30 £2
779 1800 25 16 2s
813 1801 43 23 per
868 1795 69 24 week

130 1820 38 22 for
185 1828 14 16 a
212 1820 147 32 lengthened
372 1826 61 26 stay,
470 1822 85 24 Under
567 1830 46 16 one
625 1823 69 24 week
708 1824 35 24 3s.
757 1834 43 22 per
813 1827 55 31 day.

480 1867 30 12 —o

52 1882 38 29 N.
101 1884 35 28 B.
138 1886 87 23 —Mrs
238 1886 108 24 Graham
359 1886 46 24 will
418 1886 51 24 also
482 1888 111 24 continue
607 1893 25 19 to
642 1889 125 31 supervise
781 1891 40 24 the

145 1918 140 44 (Seysep
302 1919 121 37 Jiouse
449 1921 251 44 .Hydropathic
719 1923 112 40 Hotel

382 1967 239 34 WAIBAKEI,

52 2011 75 18 wnicn
140 2009 42 19 lias
197 2009 99 20 become
308 2015 14 14 a
331 2009 99 28 popular
440 2013 23 17 e>:
473 2009 120 23 favourite
604 2013 76 19 resort
691 2016 113 26 amongst
812 2011 127 26 travellers

399 2040 47 23 and
476 2041 111 24 invalids.

115 2076 24 24 A
159 2076 123 24 reduction
302 2077 20 23 is
343 2077 71 24 made
434 2082 25 19 to
479 2079 93 31 weekly
590 2088 27 15 or
629 2081 108 32 monthly
746 2081 124 27 boarders.

52 2114 80 24 Guide
146 2114 80 25 Books
237 2119 47 20 and
297 2116 153 24 information
460 2117 76 32 gratis
548 2123 25 19 at
582 2121 71 21 Cook
663 2121 23 22 &
696 2120 63 23 Sons
770 2121 62 31 (sole
840 2124 97 31 agents)

282 2149 81 24 offices
382 2149 147 33 throughont
547 2151 41 24 the
601 2152 93 31 Colony

51 2183 87 39 Mrs.
159 2183 38 41 R,
216 2185 212 43 GOJWA,
468 2209 18 6 -
539 2209 18 6 -
610 2210 19 6 -
670 2190 265 48 Proprietress.

54 2266 839 67 GEYSERHOUSE

97 2342 327 47 Hydropathic
456 2345 154 43 Hotel,
628 2347 258 42 Wairakei.

247 2389 35 19 Six
292 2389 58 20 miles
359 2390 52 19 from
421 2390 57 20 Lake
487 2392 72 25 Taupo
569 2392 99 25 (Rotorua
679 2393 59 26 side).

174 2420 219 31 SUPERIOR
425 2423 387 34 ACCOMMODATION

242 2459 54 20 ALL
306 2460 58 19 THE
374 2460 143 22 COMFORTS
528 2462 35 19 OF
574 2463 17 19 A
600 2462 82 20 HOME
693 2463 54 20 FOR

283 2487 155 27 Tourists
458 2489 68 26 and
555 2489 156 27 Invalids

51 2555 67 29 Hot
132 2557 203 32 Swimming
479 2559 293 30 Xiri-o-hine-Kai
798 2570 40 20 or
852 2564 85 28 KTew

200 2591 84 27 Skin
310 2591 97 31 Bath,
435 2592 69 27 Hot
518 2593 139 28 Douche
668 2594 118 35 Baths,

348 2625 118 27 Grand
484 2625 151 30 Climate.

149 2662 299 29 Elevation—lßso
468 2664 68 29 feet
550 2666 108 27 above
670 2674 58 20 sea
737 2667 98 33 level,

52 2729 256 30 COMPETENT
323 2732 160 29 GUIDES
494 2743 155 26 accompany
663 2737 105 26 tourists
778 2738 27 25 to
813 2738 46 25 the
874 2739 52 24 vari-

150 2773 46 17 ous
208 2767 84 31 places
304 2766 26 25 of
343 2766 114 33 interest,
472 2769 85 24 which
567 2770 74 24 baihe
654 2770 45 25 the
711 2773 65 22 most
790 2772 76 24 facile
876 2780 60 24 pen,

150 2799 50 24 and
213 2806 46 18 can
272 2799 59 31 only
344 2799 32 26 be
388 2801 108 25 realized
508 2803 77 24 when
603 2811 67 18 seen.

52 2857 96 26 GEY

124 2858 120 25 YSER
258 2856 193 28 VALLEY
461 2862 92 20 contains
560 2862 37 21 the
604 2862 106 28 following
717 2864 125 26 unequalled
852 2865 84 20 Natura

129 2885 256 25 wonders:—Tuhuatahi,
406 2893 22 14 or
448 2887 65 20 Great
533 2889 132 26 Champagne
685 2890 105 20 Cauldron
800 2899 5 17 ;
819 2891 35 20 the
873 2892 66 20 Groat

243 2910 90 34 Geyser;
343 2912 34 19 tlio
389 2912 84 28 Donkey
485 2915 80 24 Engine
574 2910 3 34 ;
590 2910 34 25 the
634 2916 84 21 Fairies'
729 2916 52 20 Bath
792 2910 3 34 ;
807 2917 35 21 the
854 2917 73 27 Lightn-

130 2937 37 26 ing
179 2937 60 33 Tool;
251 2938 35 19 the
297 2939 49 19 Case
360 2939 24 20 do
396 2939 83 26 Geyser,
494 2948 23 13 or
529 2942 101 26 Dragon'?
643 2943 68 20 mouth
722 2937 4 33 ;
738 2944 35 18 the
783 2944 57 19 blach
853 2944 85 26 Geyser;

129 2964 34 20 the
170 2964 52 20 Mud
234 2964 91 26 Geyser;
344 2965 34 20 the
388 2965 52 21 Blue
450 2966 55 21 Lake
515 2976 5 17 ;
528 2968 36 20 the
584 2968 33 20 Oil
628 2968 53 21 Bath
691 2964 3 32 ;
714 2970 35 19 the
772 2970 79 26 Eagle's
872 2971 67 25 Nest;

130 2991 35 20 the
176 2990 77 21 Devil's
265 2991 69 20 Punch
348 2991 52 21 Botvl
411 2990 4 33 ;
426 2993 35 19 the
473 2994 71 19 i'riuco
560 2994 21 20 of
591 2994 77 21 Wales'
678 2996 154 24 Feathers;the
849 2996 90 27 Mirror;

130 3018 33 19 the
172 3017 56 20 Twin
238 3018 78 25 Geyser
326 3017 4 32 ;
342 3018 34 20 the
386 3019 59 20 Coral
457 3020 79 25 Geyser
546 3017 4 32 ;
563 3020 34 21 Ihe
607 3022 66 19 Green
690 3022 48 20 Pool
748 3017 4 32 ;
771 3022 134 27 Terekerehe,
917 3032 22 13 or

129 3043 49 21 Hell
189 3044 91 24 Geyser;
291 3044 35 20 the
336 3046 67 18 S.eam
417 3046 101 21 Hammer.
548 3048 85 20 Guide'a
644 3049 32 19 feo
687 3051 21 18 to
718 3049 80 26 Geyser
818 3050 80 25 Valley,
910 3053 28 23 Qs;

130 3071 93 19 distance
233 3071 51 19 from
296 3071 33 19 the
340 3071 60 24 hotel,
411 3072 38 21 obd
460 3073 51 20 mile.

53 3121 94 26 THE
167 3123 92 24 ARE
268 3123 96 25 ATE
371 3124 96 25 ATE
475 3116 38 34 A*
536 3134 22 13 or
570 3126 80 21 Ladder
659 3127 84 27 Bapids.
772 3129 41 20 The
833 3130 106 21 Grandest

130 3150 79 25 Bapids
219 3150 21 19 in
250 3150 35 20 the
296 3149 101 22 Southern
407 3151 150 27 Hemisphere;
567 3153 75 26 falling
651 3154 20 20 in
692 3155 29 18 six
739 3154 87 23 distinct
843 3157 93 21 cscades

129 3178 94 23 amongst
239 3177 61 19 weird
312 3177 39 19 and
362 3178 75 24 rugged
453 3185 90 19 scenery.
572 3180 97 19 Distance
679 3181 51 19 from
743 3181 36 20 tho
798 3182 64 25 hotel,
880 3183 58 21 three

132 3202 63 20 miles.
223 3203 75 19 Saddle
306 3202 70 21 hcrtcs
391 3204 21 19 to
423 3203 47 21 visit
481 3204 33 21 tho
523 3206 83 26 Bapids,
617 3206 23 20 7s
651 3206 25 20 Cd
686 3208 54 19 each.

52 3249 220 25 K.ERAPITI
302 3257 22 13 or
333 3250 35 21 the
377 3251 77 21 Devil's
464 3252 98 27 Trumpet
572 3254 16 20 is
605 3255 43 19 said
668 3257 20 18 to
709 3256 51 19 emit
779 3264 12 12 a
811 3264 95 18 pressure
916 3259 22 20 of

129 3276 71 20 180)bs
210 3277 22 18 of
247 3280 63 16 steam
322 3279 20 17 to
353 3278 33 19 the
393 3278 53 23 inch,
461 3279 52 19 from
524 3286 26 12 an
566 3283 97 22 aperture
672 3281 22 19 of
712 3282 64 20 about
795 3285 24 17 12
837 3285 69 19 inches
915 3286 21 19 in

129 3303 103 19 diameter.
260 3303 98 20 Distance
371 3304 52 19 from
435 3305 53 20 hotel
496 3305 57 21 three
565 3308 38 18 and
616 3314 11 13 a
637 3307 43 19 half
690 3307 54 21 miles
753 3318 5 14 ;
779 3310 70 20 saddle
866 3311 70 20 horses

128 3331 21 18 to
161 3329 47 20 visit
219 3329 35 20 the
263 3330 69 23 above,
345 3331 53 19 2e<jd
409 3331 54 20 each.
492 3335 5 8 ■

459 3364 53 14 ALSO

52 3380 94 25 THE
167 3381 133 25 HUKA
318 3382 169 33 FALLS,
504 3385 36 20 the
557 3386 105 20 Grandest
673 3387 54 19 Falls
738 3389 20 18 in
779 3388 34 20 the
834 3390 100 20 Southern

126 3412 141 25 Hemisphere.
296 3413 41 19 The
349 3413 54 19 Fullb
414 3420 44 20 may
473 3415 24 21 be
506 3415 73 21 visited
586 3423 28 13 on
621 3417 36 20 the
666 3424 54 14 same
726 3415 116 28 expedition
857 3427 21 13 as
900 3421 35 20 tho

126 3438 79 20 Devil's
212 3439 104 25 Trumpet.
344 3439 98 21 Distance
452 3441 51 20 from
515 3442 53 20 hotel
579 3443 58 20 three
646 3445 38 19 and
696 3451 10 13 a
716 3445 44 19 half
771 3446 62 19 miles.
860 3448 74 19 Saddle

128 3464 59 21 horse
205 3472 22 12 or
236 3465 69 25 buggy
319 3464 38 26 2.-9
367 3464 9 26 d
386 3464 47 26 each.

180 3491 87 27 MUS
281 3491 37 27 E,.
337 3491 195 35 GRAHAM,
553 3495 241 33 Proprietress.

318 3718 347 32 TKURHNCK

51 3753 80 40 Smith
160 3754 48 39 and
226 3753 114 49 Carriage
362 3752 104 47 Works,
496 3755 81 40 Coach
604 3757 48 39 and
682 3756 110 52 Waggon
826 3760 107 52 Factory

252 3814 213 22 ESTABLISHED
480 3817 81 20 OVER
578 3818 26 20 10
619 3817 105 23 YEARS.

45 3863 7 21 {
67 3862 37 16 Tho
111 3862 115 20 undersigned
235 3868 29 10 arc
271 3862 139 16 manufacturers
418 3862 18 16 of
444 3863 22 15 all
476 3863 61 18 classes
545 3865 18 15 of
572 3865 80 17 Vehicles
660 3866 14 16 &
683 3866 120 21 Agricultural
811 3868 34 17 Imi
847 3869 77 18 dements

68 3884 37 15 Our
113 3883 110 17 well-known
230 3883 99 21 reputation
338 3888 18 11 as
364 3883 84 16 TracHcal
463 3883 101 19 Mechanioa
579 3887 34 15 and
628 3887 58 17 W.P's
698 3889 19 15 27
732 3894 51 15 years
795 3891 100 20 experience
913 3892 18 16 in

47 3906 30 16 the
84 3904 117 17 Austrr.lnsiira
210 3905 84 19 Colonies,
303 3905 62 20 justify
374 3909 19 12 ns
402 3905 18 15 in
437 3905 82 20 claiming
530 3908 40 15 that
584 3913 25 10 wo
625 3913 31 10 can
671 3909 67 16 furnish
753 3915 11 10 a
779 3911 57 16 better
850 3912 45 17 class
913 3915 18 15 of

46 3926 79 18 vehicles,
134 3926 93 15 consistent
235 3927 42 15 with
284 3923 62 19 honest
354 3927 46 15 work
409 3927 18 16 at
436 3932 9 10 a
454 3926 74 22 cheaper
539 3930 37 14 rate
584 3928 41 16 than
634 3934 34 15 any
676 3930 18 16 of
702 3935 31 11 mir
741 3933 110 18 competitors

68 3948 36 15 The
111 3946 61 16 Puhlic
180 3948 34 14 will
225 3948 36 15 find
269 3948 14 15 it
294 3948 17 15 to
325 3947 45 15 their
386 3947 97 22 advantage
499 3950 18 14 to
532 3949 149 17 ENCOURAGE
700 3951 79 18 LOCAL
798 3953 126 19 INDUSTKT

45 3969 57 15 ■where
113 3968 42 20 they
165 3973 32 10 can
204 3968 44 16 have
254 3969 29 15 the
289 3969 78 19 pleasure
375 3969 18 15 i.f
400 3970 59 21 seeing
474 3970 92 16 first-class
581 3972 78 15 material
671 3973 35 15 and
720 3974 128 21 workmanship
864 3979 33 16 put
912 3978 17 16 in

45 3989 79 18 Vehicles
131 3988 49 16 made
188 3991 18 14 to
213 3989 45 16 their
264 3989 61 16 valued
334 3989 63 17 orders.

66 4010 148 19 N.B.—Vehicles
222 4011 18 15 of
245 4011 24 16 all
277 4010 113 21 descriptions
400 4012 84 21 repaired,
495 4014 79 20 painted,
585 4014 94 15 renovated
687 4015 33 16 and
729 4017 50 16 mado
795 4019 18 15 to
828 4018 40 17 look
885 4025 45 12 cqua

46 4034 18 16 to
73 4037 44 11 new.
901 4029 5 11 l

44 4078 201 31 WILLIAM
264 4064 453 50 PARKEErCoachbuilder

393 4118 140 29 JAMES
553 4121 134 32 HAUA,
708 4122 219 34 Blacksmith

296 4149 147 21 DEVONPORT
454 4153 73 23 ROAD,
541 4153 145 19 TAURANGi.

973 365 887 75 COACHINGLINE

1161 572 530 49 BETWEEN

1091 755 273 52 Hotorua
1401 755 118 52 and
1552 754 216 66 Taupo.

996 917 55 22 Under
1061 917 16 21 th
1098 917 127 27 distinguished
1234 918 91 26 Patronage
1335 918 18 22 of
1361 918 26 22 his
1397 919 102 26 Excellency
1509 919 28 22 the
1549 919 81 21 Governor
1639 919 27 21 the
1677 918 37 22 Ear!
1725 918 18 22 of
1749 917 73 23 Onslow.

1035 1016 140 65 HOT
1206 1016 303 67 SPRINGS
1553 1016 251 73 HOTEL,

1158 1116 126 46 TE
1314 1116 363 47 HROHH.

960 1204 1 36 i
1013 1208 54 25 The
1090 1210 58 24 best
1168 1210 129 29 Situated,
1317 1211 45 24 the
1383 1213 69 22 most
1474 1210 188 30 Comfortable,
1688 1209 46 26 the
1760 1209 59 25 best

1195 1244 141 31 appointed
1350 1244 81 25 Hotel
1443 1253 29 16 m
1481 1246 35 24 Te
1528 1244 96 25 Aroha,

1001 1282 109 33 Adjoins
1139 1284 76 33 (with
1239 1286 108 25 Private
1369 1286 143 33 Entrance)
1531 1287 45 24 the
1601 1286 125 24 Thermal
1752 1284 108 33 Springs

968 1315 120 32 Domain,
1101 1317 98 26 Tennis
1210 1319 83 24 Court
1303 1320 28 23 in
1344 1320 120 26 Domain.

1152 1383 157 25 Terms—6s
1321 1392 46 24 per
1457 1386 46 23 30s
1521 1393 46 24 per
1585 1383 73 26 week

1152 1450 43 39 N.

1039 1531 65 21 Baths
1114 1533 40 20 and
1169 1533 97 26 drinking
1286 1536 71 18 waters
1374 1541 34 13 aro
1427 1535 108 27 especially
1553 1535 112 21 efficacious
1683 1535 22 19 in
1723 1534 68 27 Gouty
1801 1533 26 21 ad

962 1557 120 21 avhoumatic
1092 1559 111 26 affections,
1213 1560 76 25 Cronic,
1301 1561 119 27 Dyspepsia,
1437 1562 107 20 Disorders
1563 1562 21 20 of
1601 1562 35 19 the
1655 1561 89 27 Urinery
1763 1561 27 21 Or
1799 1569 58 19 gans,

962 1583 115 22 Cutaneous
1086 1585 101 26 Diseases,
1208 1587 81 26 Splenic
1307 1588 41 20 and
1358 1587 88 28 Hopalic
1455 1589 114 23 Disorders,
1589 1588 94 20 Diseases
1702 1588 40 20 due
1752 1590 21 18 ot
1782 1588 76 21 Excess

962 1609 86 28 Acidity,
1059 1611 120 28 Neuralgia,
1196 1613 93 21 Sciatica.

1066 1663 73 23 Public
1148 1665 52 22 Hall
1219 1666 41 21 and
1279 1666 82 28 Sample
1379 1666 66 23 Room
1455 1669 109 20 oonnectod
1575 1668 49 22 with
1633 1667 36 22 the
1679 1667 69 22 Hotel.

1552 1890 32 36 58

1617 1958 1 6 '

1661 1992 27 31 S

1705 2039 36 25 ;N

1700 2049 59 52 SE

1666 2152 9 14 :.

1698 2201 55 32 m

1749 2219 30 32 n

1109 2738 58 26 HIGH
1186 2738 35 26 ST.
1242 2737 39 26 and
1300 2737 109 28 VICTORIA
1420 2739 33 27 ST.
1470 2740 64 32 EAST,
1559 2740 129 27 AUCKLAND.

1011 2798 43 20 Tho
1073 2798 65 19 above
1156 2796 110 21 Favourite
1284 2797 40 19 and
1347 2796 143 23 Commodious
1508 2799 65 20 Hotel
1591 2799 77 20 affords
1687 2799 168 22 EXCELLENT

959 2823 244 22 ACCOMMODATION
1235 2823 32 20 for
1294 2823 141 25 TOURISTS,
1470 2825 183 21 TRAVELLERS
1681 2828 16 18 &
1724 2827 130 21 VISITORS

959 2852 45 20 who
1015 2850 41 22 will
1065 2851 77 19 receive
1152 2857 61 18 every
1223 2849 90 20 Comfort
1328 2850 41 19 and
1383 2850 112 21 Attention.

1397 2884 11 13 o

999 2903 82 27 Sample
1091 2904 75 19 Rooms
1176 2902 33 19 for
1218 2902 185 20 COMMERCIAL
1412 2904 183 21 TRAVELLERS
1606 2905 102 20 available
1718 2909 22 17 at
1749 2906 29 20 nil
1787 2907 66 19 times.

1400 2937 11 12 o

1013 2957 91 25 Charges
1113 2956 112 19 Moderate.
1250 2954 116 21 SPECIAL
1372 2956 88 21 RATES
1467 2958 34 19 TO
1511 2957 177 20 PERMANENT
1695 2958 156 22 BOARDERS.

1012 3010 105 19 Excellent
1127 3008 89 21 Cuisine.
1244 3008 96 26 Spacious
1354 3008 40 19 and
1413 3009 181 22 Well-Ventilated
1611 3010 117 22 Bedrooms.
1766 3013 86 19 Billiard

958 3037 67 20 Room
1035 3037 49 20 with
1094 3039 39 16 two
1143 3034 105 21 first-class
1258 3034 71 20 tables.
1357 3035 43 19 Hot
1414 3036 16 19 &
1441 3036 51 20 Cold
1505 3036 80 26 Plungo
1595 3038 16 18 &
1621 3037 84 20 Showor
1713 3038 72 21 Baths.

1127 3067 79 25 Wines.
1218 3066 73 26 Spirits
1301 3067 40 18 and
1350 3067 48 19 Ales
1408 3069 21 17 of
1439 3068 34 19 tho
1485 3069 43 19 best
1537 3069 80 19 Brands
1625 3071 53 24 only.

1110 3128 40 40 8.
1183 3128 39 38 C.
1253 3109 403 61 CAULTG^7~Proprii'

961 3258 472 47 SPECIA]

1381 3329 52 27 OF

1006 3387 193 45 Cutlery,
1225 3385 258 43 Hardware,
1510 3387 288 44 Brasswares,

1095 3455 151 35 House
1264 3453 281 47 Furnishing*
1560 3455 144 37 Goods

1239 3512 55 32 (in
1305 3512 99 32 great
1415 3513 148 33 variety)

953 3576 158 36 Mckle
1139 3577 88 34 and
1253 3577 97 34 E.P.
1378 3577 166 45 Spoons
1580 3578 88 35 and
1701 3577 142 36 Forks

1259 3638 94 38 E.P.
1383 3638 156 37 Cruets

1094 3698 88 35 Tea
1208 3697 116 41 Pots,
1350 3698 156 35 Butter
1535 3698 158 35 Dishes

952 3766 104 35 Jam
1076 3766 166 46 Spoons
1499 3768 158 35 Butter
1674 3767 167 36 Knives

1214 3819 146 43 Sugar
1409 3820 150 45 Tongs

1134 3876 82 33 etc.
1359 3877 78 35 etc.
1582 3877 81 33 etc.

1041 3957 168 37 mmm
1217 3957 66 37 mi
1627 3957 92 37 mt

1002 4061 261 48 J.&cT.
1298 4061 309 47 DICK
1633 4062 157 47 ZE^
1790 4062 21 9 -
1820 4102 16 21 ,

1160 4118 94 42 234,
1290 4117 149 44 Queen
1477 4121 151 39 Street.

2054 1787 222 27 OFFICIAL
2300 1788 285 28 TESTIMONY.

1976 1848 244 39 HifCHEIM'S
2246 1849 149 38 BLOOD
2420 1849 242 39 RESTORER

1873 1895 43 18 Won
1924 1896 40 21 high
1971 1896 72 17 honodi'H
2051 1900 18 14 at
2076 1898 29 16 the
2113 1897 75 17 Colonial
2197 1897 92 16 ImUiHtrial
2296 1896 99 19 Exhibition
2406 1898 39 16 held
2453 1899 17 15 in
2480 1898 110 20 Wellington,
2599 1899 32 16 and
2651 1905 11 10 n
2677 1900 27 15 the
2716 1900 51 15 officii.

1913 1917 56 16 •u»nn*t
1975 1917 90 16 submitted
2072 1918 17 15 to
2096 1917 29 17 the
2133 1917 115 17 Government
2258 1917 28 16 the
2293 1917 88 20 following
2388 1917 84 17 reference
2480 1923 34 10 was
2521 1919 48 15 made
2576 1919 17 14 to
2601 1919 35 14 it.—
2648 1927 10 4 -

1957 1936 33 18 ,'A.
2002 1937 23 15 H.
2034 1936 86 20 Hitohens,
2125 1936 96 19 Auckland,
2229 1936 48 16 sends
2282 1942 9 10 a
2299 1937 54 18 small,
2361 1937 31 16 but
2401 1938 77 15 valuable
2486 1938 70 17 exhibit,
2564 1938 91 20 consisting
2668 1940 19 14 of
2700 1944 10 11 a
2717 1945 40 14 vege-

1874 1964 43 8 uiuiu
1924 1957 92 19 uuiiipound
2024 1957 43 15 from
2075 1956 42 16 Now
2125 1956 73 16 Zealand
2205 1956 54 19 herbs,
2265 1956 26 15 for
2296 1956 28 15 the
2333 1961 38 11 cure
2379 1957 18 15 of
2411 1956 108 20 Indigestion,
2533 1957 121 19 Rheumatism,
2668 1959 99 15 Rheumatic

1873 1976 46 16 Gout
1930 1976 32 14 and
1969 1976 96 19 Impurities
2072 1976 17 14 of
2094 1976 29 15 the
2131 1976 59 16 Blood.
2211 1976 36 14 The
2252 1976 57 16 maker
2316 1976 34 16 and
2357 1976 83 16 exhibitor
2454 1976 57 16 claims
2525 1976 27 16 for
2569 1977 32 15 this
2612 1978 80 16 medicine
2704 1979 62 15 several

1873 1995 91 19 important
1970 1995 83 19 qualities,
2060 1996 33 15 and
2101 1996 30 15 has
2138 1995 60 20 gained
2205 1995 28 14 the
2244 1995 37 16 first
2288 1995 47 15 order
2342 1996 19 15 of
2371 1996 49 15 merit
2427 1997 44 15 from
2479 1997 28 15 tho
2517 1997 66 19 judges.
2611 1997 35 16 The
2661 2002 57 15 prepai

1873 2014 13 16 is
1893 2016 30 15 not
1931 2016 17 14 to
1956 2015 19 15 be
1983 2015 103 15 confounded
2094 2015 40 15 with
2142 2014 79 20 ordinary
2228 2015 54 19 quack
2289 2015 96 19 medicines,
2392 2016 88 15 inasmuch
2486 2021 17 10 as
2510 2016 14 15 it
2537 2016 14 15 is
2566 2016 27 16 the
2600 2017 71 18 product
2684 2017 19 16 of
2716 2014 2 21 ]

1873 2035 48 15 roSrs
1928 2034 17 15 of
1956 2035 50 19 study
2014 2035 33 16 and
2054 2034 118 20 investigation
2177 2035 22 18 by
2206 2039 22 10 an
2235 2035 73 15 eminent
2315 2034 85 20 physician
2408 2035 18 16 of
2431 2036 28 15 tho
2468 2036 51 19 Army
2526 2035 73 16 Medical
2609 2035 47 19 Staff,
2663 2037 41 15 with
2711 2038 53 15 whom

1873 2054 28 16 the
1910 2054 82 16 exhibitor
1998 2054 58 16 served
2062 2053 62 21 during
2131 2054 29 16 the
2173 2054 41 14 Now
2221 2053 71 17 Zealand
2304 2058 35 11 war
2352 2060 18 10 as
2383 2055 79 15 assistant
2473 2054 89 20 Dispenser
2569 2058 18 12 to
2604 2056 28 15 the
2645 2056 42 16 New
2695 2056 71 16 Zealand

1873 2074 64 15 Forces.
1959 2074 27 15 Mr
1992 2074 82 15 Hitchens
2081 2074 76 19 explains
2164 2074 38 15 that
2209 2074 28 15 the
2244 2078 47 11 cures
2298 2074 18 14 of
2323 2074 123 19 Rheumatism,
2453 2075 31 17 etc,
2493 2072 69 17 effected
2569 2075 22 19 by
2604 2075 26 15 his
2640 2075 86 20 medicine,
2738 2081 28 11 are

1873 2094 32 15 due
1911 2094 70 19 entirely
1987 2096 17 14 to
2011 2094 21 14 its
2040 2093 93 16 wonderful
2140 2093 48 16 effect
2195 2097 45 15 upon
2248 2093 27 15 the
2282 2093 49 15 blood
2343 2094 23 19 by
2380 2093 22 17 its
2409 2094 90 20 cleansing,
2507 2094 92 20 purifying,
2610 2094 33 16 and
2653 2095 112 20 invigorating

1873 2118 61 14 power-
1955 2113 18 18 It
1984 2114 13 14 is
2002 2113 49 16 made
2057 2113 44 16 from
2108 2113 43 16 New
2158 2112 72 17 Zealand
2241 2112 48 16 herbs
2295 2113 33 15 and

2112 2158 222 26 NOTABLE
2369 2160 162 25 CURES.

1874 2193 92 20 Mention
1974 2193 18 20 is
2001 2192 59 21 made
2070 2193 21 19 of
2101 2192 35 20 the
2145 2192 106 25 following
2258 2198 23 13 as
2290 2199 12 12 a
2311 2192 39 20 few
2358 2192 21 20 of
2387 2193 34 19 tlio
2431 2192 107 20 multitude
2549 2192 21 20 of
2579 2199 57 14 cures
2645 2194 92 20 effectod:

1893 2227 137 20 Sciatica-Oapt
2053 2226 94 21 Farquhar,
2154 2231 14 12 s.
2178 2231 12 10 s.
2212 2225 100 17 'Clansman'
2332 2238 8 12 B
2340 2233 40 17 tant
2385 2232 107 22 Dysentery,
2502 2233 62 17 caused
2576 2233 23 21 by
2608 2233 80 21 working
2696 2234 18 16 in
2731 2234 33 17 bad

1874 2248 90 16 Auckland
1969 2248 54 15 whose
2029 2252 36 11 case
2071 2252 35 10 was
2112 2246 96 16 considered
2213 2247 18 15 to
2236 2246 21 15 bo
2262 2246 50 15 hone-
2332 2255 26 16 air
2366 2244 3 28 .
2370 2255 30 16 m(1
2404 2244 7 10 J
2406 2257 33 14 wet
2447 2244 55 27 m^»<
2534 2255 29 16 the
2568 2255 14 16 T
2584 2244 15 26 &
2601 2260 40 12 lme3
2644 2244 43 28 _&
2704 2257 52 15 ElHn

1881 2272 8 11 °
1894 2287 114 16 Rheumatism
2013 2287 17 15 of
2036 2285 139 19 thcFoet-Oapt
2194 2285 57 15 Junes
2256 2285 56 16 Avon-
2353 2276 173 17 Rheumatism-Mr
2533 2276 116 17 JamcsFock
2665 2278 98 15 Auckland.

1874 2307 43 19 dale,
1924 2306 92 17 Auckland
2027 2307 20 17 17
2053 2311 50 16 years
2109 2305 85 23 standing.
2332 2318 21 10 m
2353 2297 25 31 -°S
2378 2302 51 12 nCOrO
2424 2319 8 9 *
2430 2303 21 11 n8
2549 2303 19 11 m
2586 2297 15 17 F
2613 2303 18 11 (ie
2632 2307 20 3 -
2653 2298 29 16 Mr
2697 2298 23 18 w
2722 2297 4 31 -
2744 2299 13 16 c
2759 2297 3 31 -

1894 2326 100 16 Rheumatic
2002 2326 52 20 Gout,
2062 2331 17 11 so
2086 2326 34 15 bad
2128 2325 37 16 that
2172 2325 28 15 the
2207 2325 66 19 patient
2281 2324 32 16 had
2332 2320 78 20 Walker,
2420 2320 99 16 Auokland.

1874 2345 38 17 obe
1918 2345 51 18 lifted
1975 2345 19 18 in
2000 2346 36 16 and
2041 2346 32 16 out
2079 2345 19 16 of
2105 2344 81 17 bed—Mr
2192 2343 29 18 W.
2235 2344 77 20 Hunter,
2353 2341 104 16 Rheumatic
2476 2340 97 16 Gout—Mr
2592 2341 84 17 Edwards
2687 2341 76 17 Waters'

1875 2366 74 17 Ormond
1956 2366 74 19 Poverty
2041 2366 42 19 Bay.
2331 2362 127 20 Confectioner,
2474 2362 95 19 Auckland;
2578 2362 29 16 Mr
2612 2363 99 16 Alexander
2720 2363 43 16 Bar-

1896 2386 105 15 Rheumatic
2008 2385 108 17 Fever—Mr
2132 2385 71 19 Brown,
2220 2384 93 16 Britannia
2331 2385 39 16 rett.
2380 2384 60 18 Queen
2457 2384 61 19 Streot,
2534 2383 91 16 Auckland
2636 2383 3 21 ;
2654 2384 29 16 Mr
2701 2384 22 16 E.
2739 2385 23 16 D.

1875 2406 76 21 Height,
1967 2406 72 18 Nelson.
2331 2405 91 19 Holstead,
2432 2405 105 20 Veterinary
2545 2405 84 20 Surgeon,
2642 2405 99 18 Auckland.

1897 2429 104 15 Kheumatic
2017 2429 53 19 Gout,
2088 2428 76 21 Dropsy,
2185 2427 58 20 Ague,
2260 2427 52 16 Liver
2342 2426 120 17 Rheumatism
2471 2427 17 16 in
2495 2427 29 16 the
2530 2426 57 16 Knees
2594 2427 32 15 and
2632 2426 47 20 Foct,
2687 2427 76 21 brought

1875 2450 105 20 Complaint,
1990 2450 34 16 and
2032 2450 83 16 Stomach
2132 2449 69 20 Cough,
2218 2449 91 15 mostdis-
2331 2453 22 12 on
2360 2448 25 22 by
2392 2447 81 22 working
2480 2448 18 16 in
2507 2448 104 17 water—Mr
2624 2448 85 18 Matthew
2725 2449 38 17 Box

1876 2471 127 21 tressiug—Mr
2020 2471 78 21 Waugh,
2116 2471 85 20 Bombay,
2223 2470 87 16 Wnikatc
2330 2470 81 16 Thames.

1875 2493 52 20 given
1936 2498 28 14 up,
1975 2498 22 10 no
2005 2493 45 21 hope
2058 2493 40 16 held
2107 2495 37 18 uut,
2155 2492 131 16 recommended
2295 2493 16 14 to
2352 2490 129 20 Rheumatism,
2491 2492 74 20 causing
2575 2492 66 15 intense
2649 2492 49 20 pain,
2707 2492 55 17 which

1875 2519 22 14 go
1907 2514 48 16 home
1964 2514 34 16 and
2009 2514 35 17 die.
2330 2513 94 20 prevented
2432 2513 30 15 tho
2470 2513 67 20 patient
2545 2513 44 15 from
2597 2512 51 21 being
2656 2514 105 16 overturned

1875 2493 52 20 given
1936 2498 28 14 up,
1975 2498 22 10 no
2005 2493 45 21 hope
2058 2493 40 16 held
2107 2495 37 18 uut,
2155 2492 131 16 recommended
2295 2493 16 14 to
2352 2490 129 20 Rheumatism,
2491 2492 74 20 causing
2575 2492 66 15 intense
2649 2492 49 20 pain,
2707 2492 55 17 which

1875 2519 22 16 go
1907 2514 48 16 home
1964 2514 34 16 and
2009 2514 35 17 die.
2330 2513 94 20 prevented
2432 2513 30 15 tho
2470 2513 67 20 patient
2545 2513 44 15 from
2597 2512 51 21 being
2656 2514 105 16 overturned

1897 2535 131 17 luflammation
2044 2536 18 16 of
2076 2536 30 16 tho
2121 2535 53 16 Liver
2193 2534 34 17 and
2243 2534 69 17 Gastric
2330 2535 17 15 in
2356 2534 33 16 bed
2394 2534 47 16 —Mr
2449 2534 58 16 David
2516 2534 61 20 Barry,
2586 2534 81 17 Newton.

1874 2556 51 17 Juice
1932 2558 17 15 of
1957 2558 30 15 tho
1999 2558 134 15 Stomach—Mr
2147 2557 77 16 Thomas
2239 2556 70 21 Maeky,
2352 2556 73 16 Chronic
2434 2556 150 21 Dysentery—Mr
2592 2556 22 17 A,
2624 2555 81 22 Bettany,
2716 2556 43 17 Pon-

1875 2577 98 22 Merchant,
1982 2579 99 17 Auckland.

1896 2621 106 17 Rheumatic
2010 2622 101 16 Gout—Mr
2130 2621 60 17 Blacki

1888 2648 17 14 lg
1915 2643 45 16 Star'
1969 2643 54 20 office,
2036 2645 100 15 Auckland.

2332 2577 51 21 sonby
2392 2577 55 17 Road,
2465 2577 95 17 Auckland.

1896 2599 62 21 Lupus
1964 2600 18 16 of
1988 2601 28 15 tho
2023 2600 97 17 Faco—Mr
2126 2599 82 20 Dickson,
2218 2599 92 16 Auckland
2352 2599 75 16 Chronic
2443 2598 121 16 Rheumatism
2582 2599 19 15 in
2620 2598 28 17 the
2658 2599 54 21 spine,
2725 2600 36 20 hip,

1896 2664 122 16 Rheumatism
2027 2665 18 16 of
2062 2666 20 15 23
2102 2664 56 22 years'
2175 2662 136 21 standing—Mr
2317 2660 4 26 I
2328 2662 107 17 Rheumatic
2442 2662 53 21 Gout,
2507 2662 57 16 which
2573 2662 77 16 confined
2658 2664 30 15 the
2695 2665 67 19 patient

1874 2685 78 17 William
1961 2685 85 22 McEvoy,
2055 2686 39 16 Pitt
2101 2686 80 21 Terrace,
2189 2685 99 16 Auckland.
2329 2686 17 14 to
2355 2685 27 15 his
2390 2684 32 16 bed
2431 2685 27 15 for
2470 2683 105 17 weeks—Mr
2582 2684 21 16 T.
2612 2684 19 16 J.
2647 2684 113 23 Bainbridge,

1895 2707 80 18 Sciatica,
1985 2707 33 16 and
2027 2703 144 25 Lumbago—Mr
2179 2706 22 17 N.
2210 2706 98 19 McMillan,
2329 2706 13 15 P

1874 2728 68 17 Vulcan
1950 2729 54 20 Liino,
2014 2729 98 17 Auckland.
2318 2725 1 24 j

1895 2750 152 20 Lumbago—Mrs
2058 2751 52 21 Mary
2118 2751 60 19 Knox,
2188 2749 73 21 Rokeby
2274 2749 33 17 St..
2328 2749 82 20 inability
2418 2750 18 14 to
2444 2749 43 19 keep
2493 2747 85 26 anything
2592 2753 21 11 on
2624 2749 29 16 the
2660 2751 99 15 stomach—

2330 2620 47 20 knee,
2385 2620 61 20 joinls,
2460 2620 35 16 calf
2502 2620 19 16 of
2530 2620 29 15 the
2572 2620 34 20 leg,
2627 2620 33 16 and
2682 2622 79 16 toes—T.

2329 2641 80 19 Morgan,
2419 2641 63 16 Mount
2490 2640 48 18 Eden
2548 2640 55 20 Road,
2612 2641 97 18 Auckland.

2355 2705 70 21 nsonby,
2436 2706 96 15 Auckland.

2356 2727 75 16 General
2449 2726 79 21 Debility
2539 2726 34 16 and
2594 2726 115 23 Indigestion,
2727 2729 33 16 and

1873 2772 100 17 Auckland.
2328 2770 28 16 Mr
2365 2770 64 16 Gerald
2438 2770 60 19 Grace,
2508 2770 113 23 KyberPass,
2629 2770 97 19 Auckland.

1894 2793 134 17 Sciatica—Mrs
2036 2794 18 17 J.
2063 2794 38 16 Ren
2103 2794 51 20 wick,
2169 2793 59 17 Drake
2243 2792 64 20 Street,
2362 2791 94 17 Soiatica—
2458 2791 29 15 Mr
2501 2791 46 16 John
2563 2790 50 22 Ross,
2630 2791 51 18 Duke
2697 2793 62 17 Street.

1873 2815 99 17 Auckland.
2327 2813 100 16 Auckland.

1894 2836 121 17 Rheumatism
2023 2838 18 15 of
2050 2838 19 15 20
2077 2837 58 21 years'
2151 2836 83 19 standing
2251 2835 56 16 which
2349 2834 95 21 Dischargo
2450 2834 19 16 of
2476 2834 54 16 Blood
2538 2835 44 15 from
2590 2834 28 16 tho
2625 2834 135 24 Bowels—Capt

1872 2859 78 20 brought
1957 2864 21 10 on
1986 2859 74 15 Asthma
2068 2859 34 15 and
2109 2857 121 23 Dropsy—Mr
2237 2857 70 16 Samuel
2326 2855 20 18 T.
2356 2855 92 21 Aldridge.

1872 2880 55 17 Field,
1938 2880 46 16 Lorn
1993 2880 57 16 Staeot
2056 2880 98 16 Auckland.
2347 2878 54 15 Great
2408 2877 78 16 Debilitv
2493 2877 34 16 and
2532 2876 86 22 Bleeding
2627 2879 18 15 at
2653 2878 30 17 the
2691 2878 68 18 Nose-

1893 2900 143 18 Rheumatism—
2037 2901 28 17 Mr
2070 2901 26 17 11.
2105 2900 65 21 Lewis,
2180 2901 60 19 Queen
2250 2900 57 16 Street
2325 2899 29 16 Mr
2361 2899 75 16 Thomas
2443 2897 81 22 Pellican,
2540 2897 99 23 Ponsonby.

1871 2923 99 16 Auckland.
2347 2920 96 20 Neuralgia
2450 2920 34 15 and
2493 2920 80 16 Nervous
2581 2920 140 22 Debility—Mrs
2732 2923 25 16 H.

1893 2944 75 16 Sciatica
1975 2945 34 15 and
2017 2944 145 21 Lumbago—Mr
2171 2944 51 17 Chas,
2232 2945 72 22 Honey-
2326 2940 63 22 Waile,
2399 2941 98 17 Auckland.

1871 2966 67 21 combe,
1949 2967 97 17 Auckland.
2346 2963 51 16 After
2404 2961 59 18 effects
2479 2963 18 16 of
2503 2963 104 17 Rheumatic
2625 2963 61 20 Fever,
2702 2966 56 16 which

1899 2987 105 18 Rheumatic
2022 2987 95 17 Gout—Mi
2135 2987 61 21 Elliot,
2214 2987 90 21 McGuire,
2324 2985 32 16 'eft
2365 2985 29 16 the
2402 2984 68 21 patieut
2477 2984 127 21 helpless—Mr
2613 2985 48 17 John
2670 2987 25 16 H.
2705 2987 53 17 Jones

1870 3009 108 21 Contractor,
1989 3010 97 16 Auckland.
2324 3006 98 16 Auckland.

1891 3031 75 16 Chronic
1985 3030 174 17 Rheumatism—Mr
2177 3031 70 16 Ronald
2265 3031 38 17 Mc-
2345 3027 69 21 Kidney
2423 3027 72 16 Disease
2504 3027 32 16 and
2544 3026 90 22 Lumbago
2647 3029 18 16 of
2674 3031 19 15 20
2700 3030 56 21 years'

1870 3052 74 21 Donald,
1952 3052 89 17 Rolleston
2055 3054 61 17 Street,
2129 3052 81 17 Thames.
2323 3048 135 21 standing—Mr
2466 3048 81 18 William
2552 3048 42 18 Trio
2616 3056 15 14 e,
2645 3048 66 25 lipltr
2726 3051 31 17 In

1891 3073 115 22 Indigestion,
2020 3074 73 16 General
2109 3074 85 21 Debility,
2210 3074 33 16 and
2258 3074 44 16 Con-
2323 3075 40 12 near
2371 3069 80 18 Howick.

1869 3107 64 20 These
1943 3114 56 13 cures
2009 3113 34 15 are
2048 3107 125 21 all'attested
2182 3107 28 25 by
2219 3106 139 24 testimonials,
2368 3106 65 19 which
2443 3106 34 19 the
2491 3106 152 21 manufacturer
2651 3107 44 26 has,
2706 3109 50 21 with

2103 3134 105 19 hundreds
2218 3134 21 19 of
2249 3133 72 24 others,
2331 3132 20 19 in
2357 3132 32 19 his
2399 3132 118 26 possession.

1954 3187 41 16 Sold
2005 3187 24 20 by
2040 3186 135 21 allrcspectablo
2184 3186 85 16 Chemists
2276 3186 34 16 and
2321 3185 124 20 Storekeepers,
2455 3184 35 16 and
2500 3184 24 21 by
2535 3184 30 17 tho
2573 3186 101 22 proprietor,

1973 3212 28 20 IT.
2011 3212 25 20 A.
2047 3212 27 20 IL
2086 3211 153 22 HITCHEN.S.
2252 3213 24 17 50
2298 3210 123 21 Shoktxand
2432 3210 84 24 Street,
2528 3210 119 21 Auckland.

1892 3299 45 39 W.
1957 3299 187 38 Blomfield
2160 3299 36 38 &
2210 3299 64 47 Co,,

1865 3354 207 22 TOTALISATOR
2091 3355 206 26 PROPRIETORS.

1891 3388 42 17 Are
1940 3388 97 24 prepared
2047 3390 20 16 to
2080 3386 57 20 make
2144 3389 153 21 arrangements

1865 3419 26 13 on
1910 3412 119 21 favourable
2048 3415 64 18 terms
2135 3413 33 20 for
2184 3413 34 20 the
2229 3419 38 13 use
2277 3414 20 18 of

1865 3439 54 20 their
1928 3440 107 20 machines.

1865 3497 45 39 W,
1946 3497 187 37 Blomfield
2170 3497 36 36 &
2241 3496 54 41 Co,

1931 3543 105 35 QUEEN
2098 3543 131 34 STREET,

1992 3576 172 27 AUCKLAND.

2318 3269 113 35 ADVICE,
2452 3269 150 16 PERSONALLY
2619 3271 29 15 OR
2660 3271 30 17 BY
2700 3272 39 16 LET-

2493 3289 51 19 TER,
2555 3289 65 17 FREE.

2337 3328 36 15 DR.
2390 3327 56 16 NEIL
2457 3328 29 14 lias
2502 3328 75 20 pleasure
2592 3328 17 16 in
2624 3328 90 23 informing
2727 3330 24 16 hie

2318 3349 69 18 patrons
2395 3348 33 16 and
2436 3348 29 15 the
2473 3348 55 19 public
2535 3348 38 15 that
2583 3349 20 14 lie
2610 3349 29 15 has
2649 3351 66 15 secured
2723 3351 28 16 the

2317 3367 67 15 services
2392 3368 18 14 of
2419 3371 11 11 a
2434 3367 95 20 competent
2533 3371 81 15 manager
2623 3369 27 15 for
2660 3369 25 15 his
2696 3370 44 16 Auck-

2318 3386 38 16 land
2373 3387 80 18 business,
2471 3387 54 15 whoso
2542 3388 70 15 medical
2631 3388 71 19 training
2718 3390 33 14 and

2316 3405 70 20 hospital
2401 3407 96 17 experience
2507 3407 68 15 enables
2592 3407 34 15 him
2643 3409 17 14 to
2669 3408 38 20 give
2723 3409 27 15 the

2316 3425 35 15 best
2358 3426 57 15 advice
2422 3426 28 14 for
2456 3426 28 15 the
2495 3426 89 16 treatment
2590 3427 19 15 of
2615 3426 75 17 decease.

2335 3461 64 16 BALM
2417 3461 29 15 OP
2464 3461 147 16 GILEAD.—Tho
2626 3463 73 19 greatest
2709 3464 40 15 Cold

2315 3485 47 10 curer
2379 3482 18 13 of
2407 3481 28 14 the
2446 3480 40 20 age;
2504 3480 30 17 has
2547 3482 49 14 cured
2614 3482 43 15 colds
2674 3483 18 15 of
2706 3483 42 15 from

2315 3504 48 11 seveu
2371 3501 16 14 to
2395 3502 29 14 ten
2434 3505 49 15 years
2493 3500 83 20 standing.
2598 3501 52 19 Price,
2662 3502 16 15 2s
2688 3502 21 15 Gd
2720 3507 28 13 per

2314 3520 58 15 bottle.

2333 3557 62 16 LUNG
2412 3558 151 16 BALSAM—WiII
2574 3563 38 11 cure
2629 3558 117 20 Consumption

2314 3577 16 16 in
2339 3578 21 15 its
2368 3577 44 19 early
2420 3582 19 11 or
2449 3578 60 15 middle
2520 3579 60 18 stages.
2602 3578 44 16 Miss
2656 3579 89 19 Russell,

2314 3596 74 16 Woollen
2406 3597 51 19 Mills,
2476 3597 97 20 Onehunga,
2591 3598 62 19 speaks:
2712 3603 34 10 was

2313 3620 49 15 gsveu
2372 3621 21 14 up
2401 3617 21 19 by
2429 3617 32 15 two
2476 3617 64 16 doctors
2554 3617 55 15 deforo
2622 3617 9 14 1
2641 3618 105 15 commenced

2314 3636 58 18 taking
2385 3640 42 15 your
2441 3636 49 19 Lung
2509 3636 72 16 Balsam,
2600 3636 31 15 and
2654 3636 9 14 1
2680 3637 65 16 declare

2313 3655 72 16 without
2394 3661 33 14 any
2439 3656 119 19 exaggeration
2569 3656 37 15 that
2622 3655 13 14 it
2651 3656 50 15 saved
2717 3661 28 14 my

2313 3675 34 15 life.
2369 3675 38 19 Any
2427 3676 70 14 sufferer
2506 3675 59 16 should
2575 3673 117 18 communicate
2704 3675 41 16 with

2379 3695 47 15 rricc
2434 3696 18 15 2s
2459 3695 20 15 Cd
2484 3699 30 16 per
2520 3694 57 17 bottle;
2594 3694 32 15 five
2636 3694 26 15 for
2671 3695 33 15 10s.

2332 3732 102 16 CASCARA
2452 3730 148 18 BITTERS—Tho
2612 3731 37 19 only
2659 3732 36 16 real
2706 3737 38 12 cure

2312 3751 27 16 for
2355 3751 104 20 costiveness,
2478 3751 106 19 Indigestion,
2600 3750 90 17 Headache
2711 3753 32 15 and

2312 3770 101 21 Flatulence,
2424 3770 68 19 making
2506 3776 10 9 a
2532 3770 86 15 miserable
2634 3770 29 16 life
2680 3772 62 20 happy:

2313 3791 36 14 well
2360 3791 59 15 named
2430 3791 21 18 by
2462 3790 45 15 those
2518 3789 36 16 who
2564 3789 42 14 havo
2617 3790 40 15 used
2668 3791 13 14 it
2692 3792 51 16 'The

2313 3810 109 16 Sufferek's
2434 3809 86 15 Emend.''
2542 3808 72 16 Price'2a
2620 3809 21 15 6d
2646 3813 30 16 per
2683 3811 59 17 bottle-

2332 3851 66 15 Ladies
2425 3850 128 16 Complexions
2580 3848 89 16 beautified
2696 3851 48 15 made

2312 3870 51 17 clean,
2372 3870 68 22 pimples
2451 3869 31 14 and
2493 3868 73 15 blotches
2577 3869 75 14 removed
2662 3870 22 19 by
2695 3871 49 19 using

2311 3894 31 10 our
2353 3889 69 15 LIVER
2431 3888 74 17 TOJ.TC,
2516 3887 54 15 which
2580 3887 14 16 is
2605 3887 33 16 also
2655 3889 28 16 the
2700 3892 44 14 most

2311 3908 89 16 successful
2406 3912 40 11 cure
2452 3907 28 15 for
2483 3906 103 17 Biliousness
2596 3908 32 14 and
2638 3908 23 15 all
2672 3909 71 17 diseases

2311 3928 18 15 of
2335 3929 28 14 the
2370 3927 46 16 lifer.
2437 3927 48 15 Price
2490 3927 16 14 2s
2513 3927 19 14 (id
2539 3931 29 14 per
2573 3926 26 16 bol
2603 3927 27 16 tie:
2636 3928 32 16 fivo
2675 3929 27 14 for
2709 3930 33 15 10s-

2330 3961 63 16 IRISH
2410 3961 57 15 MOSS
2484 3961 48 15 AND
2553 3961 47 16 COD
2617 3961 70 17 LIVER
2704 3963 38 17 OIL

2311 3981 172 16 EMULSION—The
2490 3981 36 14 best
2531 3981 33 14 and
2570 3980 80 20 Cheapest
2655 3983 86 17 Emulsion

2309 4000 17 15 in
2335 4000 26 14 the
2371 4000 69 17 market;
2449 4005 10 10 a
2473 4000 59 19 special
2546 4004 38 11 cure
2598 4000 27 15 for
2632 4002 70 20 wasting
2709 4003 33 16 and

2309 4019 78 19 debility.
2408 4019 48 16 Price
2463 4020 18 14 2s
2491 4023 30 16 per
2532 4019 58 16 bottlo.

2332 4043 32 16 DR
2375 4044 80 19 NEIL'S,
2474 4043 153 20 Wellesley-Rtreet
2640 4044 42 17 Eaßt
2711 4047 30 20 (tw

2309 4063 50 16 doors
2366 4064 54 15 above
2427 4064 53 16 Milne
2487 4063 32 15 and
2524 4063 86 20 Choyce's,
2615 4064 13 15 is
2636 4065 29 15 the
2670 4066 71 20 cheapoa

2307 4082 51 15 house
2363 4084 19 14 to
2385 4084 35 19 buy
2424 4084 62 15 Patent
2492 4083 32 15 and
2528 4083 119 20 Homeopathic
2650 4085 91 17 Morjcincs

2307 4101 56 17 Toitet
2380 4103 95 19 Requisites
2495 4103 33 15 and
2548 4102 92 20 Druggistß
2661 4104 80 18 Sundries

2306 4120 56 18 Herbs
2368 4122 33 16 and
2408 4122 63 16 Herbal
2480 4121 123 19 Preparations.

2443 4150 85 19 ADVICE
2543 4150 60 18 FREE

1957 3696 22 33 J.
2013 3695 26 28 R.
2070 3695 125 33 COWAN,

1923 3739 118 20 Barrister
2055 3738 49 21 and
2117 3737 122 25 Solicitor,

2021 3771 107 19 ROTOKUA.

1860 3823 50 21 May
1923 3823 25 18 be
1959 3823 106 19 consulted
2076 3824 22 18 at
2104 3822 115 19 Falloona's
2225 3822 62 18 Hotel

1883 3917 45 39 M
1934 3915 17 16 B
1980 3918 59 34 W.
2071 3914 41 38 J.
2138 3914 25 37 1S
2164 3914 90 21 TAIIER
2255 3926 5 8 '

1910 3957 152 19 BARRISTER
2073 3958 16 17 &
2099 3957 142 18 SOLICITOR.

1860 3979 153 23 (Commissioner
2021 3980 21 16 of
2050 3979 31 17 the
2098 3978 90 23 Supreme
2204 3979 59 17 Court
2274 3979 20 17 of

2051 4001 56 24 Fiji.)

1860 4026 88 17 Solicitor
1959 4026 21 16 to
1988 4025 31 17 tlio
2028 4025 24 18 N.
2062 4024 3 19 r
2066 4025 16 18 A,
2093 4026 129 16 Government
2236 4024 58 19 under

1967 4048 96 18 Advances
2071 4050 19 16 to
2099 4048 77 18 Settlors

1860 4073 97 17 Victoiua
1965 4072 89 21 Arcade,
2062 4071 116 21 Queen-st.,
2186 4071 105 18 Auckland.

1882 4095 48 17 Mon
1960 4097 20 15 to
1988 4094 11 17 I
2004 4095 35 18 end
2047 4100 25 12 on
2084 4094 84 18 freehold
2181 4095 80 22 security
2272 4098 19 14 at

1859 4120 38 17 low
1905 4120 49 16 ratos
1960 4118 20 17 of
1983 4118 82 17 interest.
2090 4118 73 23 Money
2171 4118 85 19 invested
2263 4117 29 18 for

1859 4143 49 19 ients
1917 4141 38 20 free
1966 4141 20 19 of
1996 4142 74 24 charge,

2791 3337 26 17 At
2825 3341 10 13 a
2845 3337 103 22 meetiiigof
2955 3337 30 18 the
2994 3337 115 24 Wellington
3116 3340 73 17 Benevo-

2768 3360 38 17 lent
2818 3359 87 19 Trustees
2913 3361 35 17 lust
2959 3361 52 17 week
3020 3361 54 18 relief
3079 3368 37 11 was
3123 3363 78 23 granted

2767 3387 18 14 to
2792 3389 11 12 a
2812 3389 71 12 woman
2891 3384 41 17 who
2939 3386 19 15 at
2966 3391 35 11 one
3008 3385 45 18 tiino
3059 3391 37 12 was
3103 3385 20 18 in
3132 3385 69 24 receipt

2766 3413 18 11 oi
2793 3406 62 19 £I2OO
2864 3413 11 11 a
2883 3413 50 16 j'cfir.

2789 3444 38 18 Tlie
2839 3450 80 18 paupers
2937 3445 20 19 in
2970 3446 62 23 Japan
3052 3446 78 19 number
3143 3447 56 18 fewer

2766 3467 45 18 than
2837 3469 64 20 10,000
2925 3472 32 15 out
2981 3471 19 17 of
3024 3476 11 12 a
3045 3470 111 25 population
3180 3471 21 17 of

2765 3491 113 21 38,000,000.
2904 3493 24 17 In
2940 3493 42 18 that
3001 3496 80 20 country
3093 3495 16 16 it
3132 3494 17 18 is
3155 3499 34 13 con-

2765 3514 71 18 sidered
2845 3521 11 11 a
2864 3515 82 23 disgrace
2954 3518 21 17 to
2988 3517 21 17 be
3018 3523 25 12 an
3055 3518 52 17 idler.

2787 3552 31 17 All
2825 3552 32 19 the
2864 3559 67 17 money
2939 3559 41 13 won
2986 3554 26 23 by
3018 3556 61 16 Baron
3086 3554 23 19 de
3118 3555 75 19 Hirseh'

2763 3575 61 21 horses
2832 3576 16 17 is
2864 3577 56 22 given
2930 3578 19 17 to
2963 3578 31 18 the
3012 3578 78 18 London
3102 3578 95 25 hospitals,

2764 3598 60 20 which
2836 3607 20 12 so
2867 3601 28 16 far
2903 3601 47 17 have
2959 3602 93 17 benefited
3060 3603 19 17 to
3092 3602 30 18 the
3131 3604 67 18 extent

2762 3624 115 23 0f.£58,850.
2891 3624 44 18 Last
2943 3631 43 17 year
2994 3625 33 18 the
3036 3625 61 19 Baron
3104 3626 38 23 (for
3150 3626 48 23 him)

2761 3648 37 17 had
2810 3654 10 11 a
2834 3654 46 18 poor
2892 3654 49 17 year,
2955 3648 29 18 his
2992 3649 54 18 horse
3058 3650 44 22 only
3111 3651 86 21 winning

2761 3672 68 18 £SOOO.

2784 3711 39 17 The
2829 3711 51 18 Lake
2992 3712 49 18 Mail
3049 3718 41 17 says
3099 3712 41 18 that
3146 3718 50 12 some

2761 3734 21 18 of
2786 3733 32 19 the
2825 3735 50 18 local
2880 3735 70 18 miners
2957 3741 30 12 arc
3000 3736 79 21 waiting
3095 3736 100 23 anxiously

2761 3758 28 17 for
2796 3758 32 17 tho
2837 3759 69 22 fulling
2912 3759 20 17 of
2940 3758 32 18 the
2984 3759 57 17 Xevis
3050 3759 62 20 River,
3122 3766 18 11 as
3149 3759 46 23 they

2761 3782 64 17 intend
2836 3784 18 15 to
2863 3784 43 15 turn
2915 3782 24 17 its
2948 3787 69 17 course,
3032 3782 15 17 if
3053 3782 84 23 possible,
3149 3783 45 17 with

2760 3810 10 12 a
2779 3805 48 17 view
2836 3806 20 16 to
2864 3805 83 22 working
2953 3812 10 10 a
2969 3806 71 17 certain
3048 3806 75 22 portion
3132 3806 61 18 which

2759 3828 16 17 is
2794 3828 84 18 believed
2895 3831 18 15 to
2931 3828 21 18 ba
2968 3828 40 18 rich
3020 3829 20 17 in
3058 3829 32 17 the
3109 3829 84 23 precious

2760 3852 61 17 metal.

2779 3895 44 15 Puro
2831 3896 53 15 Biood
2897 3895 12 15 is
2923 3895 28 16 tlie
2959 3896 52 15 secret
3024 3896 19 15 of
3051 3896 62 16 health.
3115 3896 45 16 —Dr
3173 3896 14 16 E

2759 3914 84 17 Gordon's
2851 3915 75 15 BLOOD
2933 3914 62 21 PILLS■
3003 3916 63 14 olcancs
3074 3916 27 15 the
3109 3916 84 19 systcmon

2759 3935 22 14 nil
2791 3935 63 19 impure
2862 3935 54 17 blood,
2924 3939 39 12 ours
2968 3934 107 21 Indigestion,
3083 3935 106 19 Coustipatio

2760 3954 48 16 Liver
2825 3954 108 20 ilomplaints,
2949 3954 49 15 Tains
3015 3956 18 14 in
3050 3955 43 15 back
3111 3956 33 14 and
3154 3955 36 16 side

2759 3973 105 19 BillouEuoss,
2876 3973 38 16 Sick
2926 3973 102 21 Headaches;
3043 3978 65 11 remove
3120 3974 71 19 pimples

2758 3993 83 19 Scrofula,
2850 3993 68 19 Scurvy,
2925 3994 31 14 etc.
2978 3993 53 20 Large
3038 3994 38 17 box,
3085 3994 16 14 (Is
3109 3994 34 14 two
3158 3993 33 15 box

2759 4013 32 18 10s;
2798 4014 38 18 post
2841 4013 40 16 free.
2903 4013 16 16 J.
2931 4013 27 15 W.
2966 4013 87 16 Clayton
3063 4013 32 16 box
3103 4013 29 15 231
3139 4013 38 16 Dun-

2758 4031 45 16 cdin.
