2550 4050
713 2678 41 24 An
765 2679 154 31 enterprising
935 2686 78 24 young
1025 2686 55 16 man
1095 2677 77 32 might
1182 2677 39 31 lay
1232 2677 39 24 the

677 2712 134 25 foundation
829 2712 25 24 of
871 2721 13 15 a
894 2712 100 29 fortune,
1012 2712 33 31 by
1057 2711 109 31 building
1184 2719 13 15 a
1208 2710 64 31 large

677 2745 72 25 house
767 2745 138 25 somewhere
921 2754 34 23 up
970 2745 41 24 the
1024 2745 61 23 river
1101 2745 136 23 convenient
1248 2748 24 20 to

678 2778 39 24 the
733 2787 101 24 surveys,
853 2779 46 24 and
915 2779 133 31 combining
1064 2778 40 24 the
1119 2778 110 23 business
1250 2777 25 24 of

679 2812 171 32 shop-keeping
872 2813 57 23 with
948 2812 124 32 providing
1097 2811 176 25 entertainment

679 2846 45 23 and
742 2846 84 24 shelter
843 2846 36 24 for
897 2846 128 24 travellers.
1062 2845 40 24 He
1121 2844 77 31 wpuld
1217 2852 57 16 soon

679 2879 63 24 drive
760 2888 15 15 a
784 2879 102 32 thriving
895 2880 108 24 business
1018 2879 58 24 with
1086 2878 39 24 the
1138 2879 98 28 natives,
1248 2878 25 24 in

678 2912 41 24 the
730 2913 116 31 exchange
858 2914 26 23 of
898 2914 93 23 various
1008 2912 91 24 articles
1111 2912 36 23 for
1163 2912 53 32 pigs
1228 2911 46 24 and

678 2950 111 27 potatoes,
802 2947 44 23 and
857 2947 26 23 in
894 2946 125 32 supplying
1031 2945 38 24 the
1080 2946 64 31 large
1156 2949 67 28 party
1232 2945 41 23 be-

678 2980 99 31 longing
787 2984 23 20 to
821 2980 40 23 the
869 2987 92 24 survey,
971 2979 75 24 which
1051 2984 65 19 must
1126 2979 30 23 be
1168 2978 106 32 engaged

678 3013 38 24 for
737 3021 68 23 many
824 3013 93 24 months
939 3020 31 16 on
992 3013 47 23 this
1062 3013 67 23 river.
1165 3011 26 25 A
1207 3017 67 26 great

678 3055 71 22 many
759 3054 95 24 persons
865 3046 48 24 will
930 3050 80 25 resort,
1029 3046 59 23 from
1100 3046 56 23 time
1173 3050 23 19 to
1208 3046 64 29 time,

679 3081 60 23 from
751 3080 46 24 this
813 3084 25 20 to
850 3079 141 30 Manewatu,
1009 3084 25 19 to
1045 3079 106 24 examine
1168 3079 40 23 the
1220 3079 54 23 land

679 3114 25 23 in
709 3114 31 23 its
745 3113 195 32 neighbourhood.
961 3113 25 24 If
989 3112 54 32 they
1048 3112 102 24 couldbe
1154 3112 120 24 furnished

679 3147 58 24 with
752 3147 86 24 shelter
855 3147 46 24 and
911 3146 136 25 wholesome
1058 3146 61 29 food,
1133 3146 55 31 they
1198 3145 77 25 would

680 3181 78 32 amply
774 3188 147 24 recompense
938 3180 39 24 the
997 3187 84 25 person
1092 3179 50 24 who
1154 3179 121 24 furnished

681 3214 64 24 them
756 3214 54 24 with
822 3215 66 23 these
900 3214 148 24 necessaries.

716 3247 50 24 The
779 3248 101 24 distance
898 3248 104 23 between
1019 3247 39 24 the
1079 3246 134 25 Manewatu
1230 3246 45 24 and

680 3280 133 32 Wanganui
825 3283 22 22 is
859 3283 32 23 45
903 3281 75 29 miles,
991 3281 43 23 but
1043 3284 42 20 not
1095 3280 87 31 having
1191 3279 85 33 passed

681 3321 54 16 over
747 3314 38 24 the
799 3315 97 30 ground,
913 3322 34 16 we
959 3322 39 16 are
1008 3318 41 20 not
1061 3313 51 24 able
1129 3318 25 19 to
1166 3318 59 19 state
1236 3312 39 25 the

681 3347 63 30 right
753 3347 78 31 places
841 3347 36 24 for
888 3348 84 24 houses
987 3347 25 24 of
1027 3347 39 25 the
1078 3347 57 23 kind
1146 3347 128 23 described.

683 3379 76 25 There
766 3388 38 17 are
814 3385 44 20 two
869 3381 73 23 rivers
951 3380 96 24 difficult
1054 3385 24 19 to
1086 3388 72 21 cross,
1170 3384 23 19 at
1201 3380 75 23 which

681 3420 35 16 we
733 3418 92 27 suspect
835 3414 81 24 ferries
931 3413 76 31 might
1022 3414 29 23 be
1070 3413 140 25 established
1222 3413 54 24 with

682 3446 133 32 advantage.
860 3447 68 31 They
945 3454 39 16 are
995 3446 164 32 Wanghaihou
1174 3447 46 24 and
1237 3446 39 24 the

683 3479 132 31 Rangitiki.

717 3513 26 24 If
758 3521 95 24 persons
872 3513 67 24 could
958 3512 29 25 be
1007 3512 98 25 induced
1123 3518 24 19 to
1167 3514 111 24 establish

682 3547 85 24 bouses
779 3551 23 19 at
813 3547 38 24 the
860 3551 63 28 spots
932 3546 91 30 named,
1036 3547 18 23 it
1062 3547 76 23 would
1147 3547 31 24 he
1188 3556 18 15 a>
1213 3551 65 28 great

683 3580 195 24 accommodation
895 3584 23 19 to
930 3580 118 24 travellers
1060 3580 51 23 who
1127 3580 78 32 might
1223 3580 54 24 then

682 3614 98 32 proceed
799 3615 68 30 along
886 3613 40 24 the
944 3617 71 26 coast,
1034 3613 98 24 without
1151 3614 86 31 having
1255 3618 22 19 to

683 3647 55 24 take
749 3652 104 19 servants
871 3647 153 24 encumbered
1036 3647 55 23 with
1107 3647 109 24 blankets
1234 3646 44 25 and

683 3681 136 31 provisions.
855 3680 55 25 And
922 3688 25 16 as
961 3680 30 24 all
1002 3680 86 31 things,
1104 3685 37 19 tea
1153 3681 45 23 and
1209 3688 69 23 sugar

684 3715 117 31 excepted,
814 3723 38 16 are
865 3714 70 32 cheap
948 3722 30 15 on
995 3713 39 24 the
1046 3718 70 24 coast,
1130 3714 39 23 the
1181 3714 97 31 keepers

684 3749 25 23 of
719 3749 58 23 such
797 3748 185 24 establishments
994 3747 68 24 could
1082 3747 73 24 afford
1166 3751 23 19 to
1201 3752 77 18 enter-

684 3782 49 23 tain
751 3782 117 24 travellers
886 3786 24 19 at
921 3789 14 16 a
946 3780 92 25 smaller
1055 3785 49 19 cost
1121 3780 58 24 than
1189 3781 21 22 is
1222 3787 56 16 even

684 3815 54 32 paid
758 3817 24 22 in
794 3823 75 23 wages
888 3819 23 19 to
926 3819 105 19 servants
1041 3813 37 24 for
1095 3814 107 31 carrying
1221 3813 57 24 their

684 3850 65 30 large
765 3849 45 24 and
827 3848 162 24 inconvenient
1004 3847 74 24 loads.
1114 3846 66 25 Such
1194 3846 84 24 houses

684 3882 77 24 would
773 3881 163 32 consequently
947 3881 28 24 be
987 3881 113 30 mutually
1112 3879 127 24 beneficial.

719 3916 38 30 By
770 3915 36 24 the
818 3915 147 23 information
976 3921 34 16 we
1021 3914 58 23 have
1092 3912 157 24 endeavoured
1257 3916 21 20 to

686 3948 73 24 afford
768 3956 40 16 our
820 3947 92 24 readers
921 3947 130 31 respecting
1064 3946 38 23 the
1121 3949 98 27 country
1238 3946 40 24 be-

688 3986 71 19 tween
784 3982 57 24 Port
863 3979 129 26 Nicholson
1010 3979 45 24 and
1075 3979 38 24 the
1138 3979 140 28 Manewatu,

37 160 73 26 sured
126 159 49 24 that
194 157 38 24 the
243 161 81 18 reason
335 152 26 24 of
375 151 65 25 these
453 158 90 17 .women
561 150 69 30 doing

38 193 62 25 such
110 192 100 25 violence
229 193 24 19 to
265 187 59 23 their
336 184 108 31 feelings,\
453 184 21 23 is
493 183 47 24 the'
547 183 48 24 fear
606 183 26 23 of

37 227 74 31 leing
118 223 110 27 deserted.
263 220 67 30 They
336 218 58 24 have
405 225 29 16 no
443 221 128 26 guarantee
582 216 48 23 that

39 261 42 22 the
97 266 53 16 men
163 256 55 24 with
220 254 6 12 :
232 253 77 24 whom
324 252 55 30 they
390 258 38 16 are
439 249 134 31 cohabiting
577 249 53 23 'will

37 293 109 24 -continue
162 290 25 22 in
203 287 38 24 the
257 286 65 32 place
333 285 35 23 for
384 282 150 31 twenty-four
550 282 79 24 hours.

41 325 78 24 When
129 319 140 29 abandoned,
283 318 55 30 they
349 321 80 20 return
444 320 24 19 to
485 316 62 23 their
563 315 66 24 tribe.

41 357 66 25 With
117 356 39 23 the
168 353 132 25 abundance
312 351 24 23 of
350 350 54 24 food
419 350 25 23 in
455 350 66 22 these
535 348 95 29 islands,

41 391 40 24 the
91 388 166 26 maintainence
272 385 25 24 of
310 384 40 23 the
361 383 101 24 children
474 381 76 25 would
562 382 29 23 be
601 389 30 15 no

40 423 100 25 burthen
155 425 23 19 to
200 419 41 24 the
262 418 129 24 relations.-
427 415 95 29 Indeed,
546 423 26 15 as
594 415 38 23 the

41 457 88 30 largest
145 454 66 24 share
223 452 26 23 of
267 450 136 30 cultivating
419 449 38 24 the
476 448 92 32 ground
580 447 51 24 falls

42 496 64 25 upon
116 488 39 23 the
171 485 105 29 females,
295 484 54 31 they
361 482 66 25 could
439 482 71 31 easily
521 481 111 24 maintain

42 523 61 23 their
112 520 122 31 offspring;
247 522 62 20 want
315 517 112 23 therefore
437 516 21 23 is
469 519 41 20 not
519 515 39 22 the
567 521 65 16 cause

40 555 30 24 of
85 553 61 25 child
166 551 120 28 murder.,,
313 550 79 26 When
408 549 74 31 living
500 548 56 24 with
575 546 58 25 their

42 588 117 28 relations,
176 586 22 23 if
206 585 54 31 they
272 583 118 25 introduce
409 583 65 23 these
490 581 142 28 half-castes,

41 621 57 31 they
110 628 38 16 are
158 618 145 32 perpetually
317 616 87 32 jeered,
421 615 45 24 and
484 620 47 18 are?-
539 614 41 23 the
589 620 45 16 un-

45 654 92 30 ceasing
153 652 77 23 theme
243 651 26 24 of
282 651 76 23 native
370 656 100 17 sarcasm
479 657 6 20 ;
502 647 56 30 they
566 652 69 18 never

44 689 45 22 tire
96 686 26 24 of
130 685 38 24 the
178 688 143 20 amusement
327 683 55 30 they
389 682 84 28 derive,
483 680 59 24 from
547 679 89 30 teasing

42 720 68 24 these
123 718 149 24 unfortunate
288 723 89 17 women
393 715 69 23 about
474 713 38 23 the
524 712 75 24 father
610 711 26 23 of

46 753 61 24 their
117 751 103 25 children
230 750 86 31 having
335 746 133 26 abandoned
478 746 64 23 them
562 749 23 20 to
597 745 39 22 the

45 791 25 19 to
81 785 40 24 the
132 785 79 24 tender
222 784 97 23 mercies
326 781 25 24 of
359 781 61 23 their
430 779 67 24 tribe.
534 778 102 32 Opinion

44 820 23 23 is
76 819 54 23 thus
142 819 90 30 against
236 816 71 24 -them
319 815 26 22 in'
354 813 59 24 their
425 820 51 17 own
487 811 148 30 community,

43 852 50 24 and
110 852 19 23 it
141 852 21 23 is
178 848 53 30 Iwell
246 849 85 23 known
347 846 52 24 how
413 846 50 29 few,
483 853 58 16 even
558 845 26 23 of
597 844 40 24 the

43 885 114 24 educated
163 875 67 37 ciass,
244 889 42 16 can
293 881 68 23 resist
369 880 51 23 that
427 883 80 27 potent
513 878 122 23 influence.

47 918 64 25 That
118 918 19 23 it
147 917 48 24 will
204 916 28 23 be
246 922 26 16 so
286 915 23 23 is
319 913 52 24 well
380 913 85 23 known
476 917 23 19 to
510 912 40 23 the
560 912 76 22 native

46 958 89 18 women
145 959 7 20 ;
164 950 43 23 but
217 947 90 32 though
322 948 20 23 it
358 946 55 24 does
430 950 42 19 not
487 948 75 20 arrest
578 943 59 24 their

47 985 67 24 mode
127 983 25 24 of
165 980 48 31 life,
232 981 54 31 they
299 979 97 32 steadily
406 979 125 24 determine
545 981 23 20 to
580 977 56 32 strip

48 1019 21 23 it
79 1018 25 24 of
118 1016 67 25 what,
190 1015 55 31 they
256 1014 105 24 conceive
373 1018 24 19 to
408 1012 28 24 be
447 1012 31 23 its
490 1011 55 31 only
563 1010 72 24 draw-

44 1051 72 24 tack.

82 1084 76 24 These
170 1082 140 24 connexions
322 1083 82 20 cannot
414 1079 29 23 be
451 1077 133 32 prevented,
592 1077 45 22 and

48 1118 40 23 the
109 1120 64 28 great
182 1114 3 5 '
196 1115 107 31 question
323 1114 29 28 is,
359 1112 3 31 '_
372 1112 52 24 how
445 1112 40 23 the
506 1115 131 19 monstrous

46 1155 90 19 custom
155 1156 44 16 can
214 1148 30 23 be
256 1146 127 32 destroyed.
420 1145 51 24 The
483 1145 90 23 natives
584 1151 53 23 may

89 1182 79 32 taught
180 1181 39 25 the
237 1181 54 28 fact,
305 1180 25 24 of
342 1179 75 24 which
432 1178 56 31 they
500 1185 37 16 are
550 1178 25 22 in
584 1184 54 23 pro-

45 1216 74 25 found
126 1217 130 30 ignorance,
265 1214 50 23 that
323 1213 55 31 they
385 1219 38 16 are
429 1211 89 24 British
528 1210 109 31 subjects.

48 1251 63 24 That
122 1249 39 24 the
171 1247 110 25 woman's
300 1246 66 24 claim
386 1249 24 20 to
427 1245 159 23 maintenance
603 1243 37 23 for

45 1282 90 26 herself
149 1282 52 25 and.
214 1280 103 25 children
334 1287 70 17 never
415 1286 77 16 ceases
503 1287 6 19 ;
529 1277 46 24 and
590 1276 50 23 that

50 1317 114 24 wherever
180 1315 39 23 the
237 1313 75 25 father
328 1320 42 16 can
386 1312 30 23 be
430 1315 49 20 met
496 1311 56 23 with
566 1311 24 23 in
600 1309 39 24 the

49 1349 96 29 islands,
157 1348 31 25 he
198 1355 55 23 may
262 1347 29 23 be
303 1345 108 29 arrested,
425 1345 45 24 and
479 1343 126 33 compelled
616 1347 23 19 to

52 1384 52 30 give
116 1382 99 30 security
225 1381 36 23 for
274 1380 38 24 the
323 1387 71 16 same.
429 1378 56 24 And
497 1378 51 23 that
563 1377 21 23 if
599 1376 41 24 she

53 1417 103 30 destroys
176 1414 67 24 these
272 1413 108 29 children,
404 1411 40 24 she
473 1412 20 22 is
519 1411 75 31 guilty
617 1410 26 23 of

51 1449 109 30 murder,^
164 1447 90 29 .which,
270 1446 122 31 according
403 1449 23 19 to
437 1445 39 23 the
488 1444 91 24 British
589 1444 50 28 law,

48 1480 158 33 .subjects'-'her
217 1485 24 19 to
253 1480 75 24 death.
363 1479 45 23 We
418 1479 49 23 fear
478 1477 50 24 that
546 1477 46 24 this
603 1478 38 22 in-

51 1516 123 24 formation
185 1513 75 25 would
276 1517 39 20 not
324 1517 36 19 act
371 1520 26 16 as
409 1520 14 15 a
432 1511 74 24 check
516 1511 37 23 for
565 1519 13 15 a
586 1511 55 30 long

46 1548 92 33 jeriod,
156 1548 20 24 if
193 1552 23 19 at
236 1547 40 24 all.
311 1546 25 24 It
353 1545 76 31 might
445 1545 83 24 induce
546 1543 61 24 them
617 1548 24 19 to

53 1582 129 24 endeavour
204 1585 24 19 to
252 1580 91 31 destroy
364 1579 40 23 the
427 1578 61 24 child
510 1577 78 24 before
610 1578 31 22 its

52 1615 71 29 birth,
135 1623 26 16 or
172 1619 24 19 to
203 1614 95 23 become
309 1620 62 17 more
379 1611 86 25 careful
472 1612 26 23 in
509 1611 134 31 concealing

53 1648 40 24 the
112 1648 47 24 fact
178 1648 26 23 of
217 1647 88 30 having
324 1645 120 31 destroyed
455 1646 19 22 it
494 1644 58 24 after
564 1645 18 22 it
597 1644 46 24 had

55 1689 55 17 seen
128 1681 38 24 the
182 1680 62 32 light
263 1680 26 23 of
307 1679 59 31 day..
394 1679 50 24 The
467 1686 69 15 cause
559 1678 26 23 of
603 1677 40 24 the

55 1714 105 24 dreadful
182 1717 44 26 act,
250 1714 20 22 it
286 1713 44 23 has
351 1712 58 24 been
430 1719 62 21 seen,
512 1712 21 22 is
553 1712 48 23 fear
620 1711 25 23 of

51 1748 96 32 opinion
156 1757 6 19 ;
182 1747 52 29 and,
248 1755 26 15 so
283 1747 56 29 long
350 1754 25 15 as
386 1745 50 24 that
447 1753 44 15 can
506 1749 98 27 operate,
618 1752 25 15 so

55 1781 56 32 long
119 1781 47 23 will
175 1781 55 30 they
242 1779 93 31 remedy
345 1780 31 22 its
390 1779 44 23 evil
444 1783 25 19 to
480 1778 72 28 them,
563 1778 31 31 by
605 1778 38 23 the

55 1814 109 32 adoption
171 1814 26 23 of
207 1814 65 23 these
281 1813 85 23 violent
372 1820 87 15 means.
495 1811 53 24 The
556 1819 88 16 woman

55 1847 21 24 if
84 1847 42 27 she
136 1847 69 24 could
215 1854 74 24 cease,
292 1851 24 19 to
327 1846 29 23 be
363 1853 15 16 a
387 1846 82 28 maori,
477 1844 77 24 would
565 1849 40 19 not
615 1844 29 24 be

50 1881 109 24 Teceived
169 1888 85 24 among
264 1879 48 32 the]
314 1879 68 24 white
393 1879 81 31 people
483 1887 6 20 ;
508 1882 23 19 to
543 1882 101 27 seperate

55 1914 43 24 her
116 1915 60 23 from
196 1914 66 23 those
282 1913 27 24 of
324 1912 39 24 the
384 1912 73 28 same',
469 1912 83 29 origin,
571 1911 74 23 would

55 1947 114 24 therefore
187 1947 29 24 be
233 1946 142 32 impossible.
411 1945 51 24 The
483 1945 53 31 only
554 1945 92 31 remedy

56 1980 75 24 which
147 1988 97 24 appears
258 1984 24 19 to
300 1987 36 21 us,
357 1979 120 28 therefore,
497 1979 20 22 is
529 1983 24 19 to
572 1983 73 18 create

22 2013 8 14 ?
49 2008 185 29 -sir^fofftftiutioa
259 2012 42 22 'Tor
317 2012 65 22 these
399 2011 59 22 little
475 2010 166 23 unfortunates.

55 2046 135 30 Foundling
208 2044 119 31 hospitals,
332 2051 39 16 are
380 2042 46 25 bad
436 2044 26 22 in
479 2042 120 32 principle,
610 2043 36 24 for

55 2087 71 23 many
131 2086 96 16 reasons
233 2087 8 20 ;
258 2077 37 24 for
305 2085 49 20 one,
362 2076 98 24 because
472 2077 18 23 it
501 2076 20 23 is
533 2076 114 32 supposed

56 2113 56 30 they
124 2119 38 17 are
178 2120 16 15 a
203 2119 80 15 means
296 2111 25 23 of
330 2110 50 24 that
390 2110 36 23 for
436 2109 76 24 which
523 2110 55 30 they
592 2117 54 23 pro-

56 2146 54 23 vide
128 2154 13 15 a
158 2144 102 31 remedy.
296 2144 49 24 But
359 2143 40 23 the
418 2150 82 16 reason
523 2142 81 29 which,
622 2143 25 23 in

56 2180 66 22 these
133 2178 64 31 days,
215 2178 22 23 is
255 2182 61 19 most
330 2176 73 31 urged
415 2177 26 22 in
451 2176 96 31 Europe
557 2177 29 28 is,
598 2176 50 23 that

55 2213 57 30 they
124 2215 109 28 augment
244 2210 38 24 the
292 2209 140 33 population.
469 2209 68 29 This,
550 2216 33 17 we
590 2209 58 23 need

56 2245 84 32 hardly
150 2244 50 31 sayj
212 2244 56 23 does
279 2248 41 19 not
335 2242 69 32 apply
416 2247 22 19 to
455 2242 45 23 this
512 2247 53 27 part
576 2242 24 24 of
608 2242 40 24 the

56 2278 81 24 world.
173 2277 64 30 And,
250 2284 26 17 as
286 2277 39 23 the
336 2276 131 24 institution
477 2275 77 24 would
568 2276 28 23 be
608 2276 40 24 de-

56 2312 71 24 voted
145 2316 23 19 to
189 2319 14 16 a
220 2310 60 25 class
298 2310 104 23 between
418 2309 39 24 the
474 2313 44 20 two
537 2317 79 21 races;
635 2318 15 15 a

58 2345 61 24 class
131 2344 80 29 which,
223 2344 57 31 long
296 2351 37 16 ere
345 2343 38 24 the
401 2342 132 33 population
545 2343 26 23 of
585 2343 63 23 these

57 2378 89 24 islands
164 2378 21 23 is
201 2378 78 28 dense,
298 2376 47 24 will
364 2384 66 16 cease
448 2380 23 19 to
493 2381 94 26 present
604 2384 45 24 any

57 2412 132 24 distinctive
209 2411 124 28 character,
356 2409 47 25 and
419 2409 96 31 thereby
535 2409 40 24 the
592 2409 58 25 need

58 2446 37 23 for
107 2444 57 25 such
175 2453 31 15 an
220 2444 131 24 institution
369 2443 47 24 will
433 2442 59 25 have
510 2444 87 28 ceased,
610 2443 39 24 the

58 2479 65 23 main
133 2477 116 32 objection
258 2478 28 29 is,
299 2484 34 16 we
343 2477 75 28 think,
431 2476 109 31 disposed
551 2476 31 25 of.
611 2477 38 24 No

59 2512 67 24 other
136 2511 101 32 remedy,
248 2516 25 18 at
289 2510 46 24 this
347 2514 108 24 moment,
467 2514 108 27 suggests
588 2510 65 24 itself

58 2549 24 19 to
95 2553 40 15 our
147 2545 76 23 minds
232 2545 37 23 for
277 2544 45 23 this
333 2543 92 24 terrible
436 2543 47 23 evil
490 2552 6 19 ;
510 2543 42 23 but
566 2543 85 32 having

58 2578 101 32 brought
169 2578 40 24 the
220 2578 91 31 subject
321 2576 105 29 forward,
435 2584 34 16 we
480 2576 46 24 feel
537 2577 114 24 confident

57 2612 20 23 it
88 2612 45 24 will
144 2612 90 23 receive
246 2611 38 24 the
296 2611 111 23 attention
419 2611 18 23 it
448 2610 80 24 merits
540 2610 59 24 from
610 2610 40 25 the

57 2645 188 32 philanthropist.

22 2672 1 30 I
91 2678 45 24 We
154 2683 85 19 canuot
258 2677 62 25 close
336 2677 67 24 these
425 2676 115 31 remarks,
556 2677 95 25 without

58 2712 97 31 bearing
172 2713 125 30 testimony
308 2716 23 19 to
352 2711 39 24 the
409 2715 65 27 great
491 2711 68 24 value
574 2712 25 23 of
612 2711 39 24 the

59 2744 62 26 Rev.
133 2745 49 25 Mr.
196 2745 125 24 Hatfield's
340 2745 106 23 services.
484 2744 59 24 This
561 2752 90 17 accom-

57 2778 92 32 plished
167 2778 45 25 and
231 2778 164 32 pure-minded
421 2778 105 23 minister
544 2786 34 16 we
599 2787 53 23 may

59 2819 50 24 say,
128 2813 20 22 is
165 2812 140 31 universally
323 2811 104 25 beloved.
471 2811 67 29 Man,
555 2819 95 23 woman,

58 2845 48 24 and
124 2845 72 29 child,,
213 2846 77 23 native
309 2853 29 19 or,
352 2844 132 32 European,
498 2853 43 15 one
553 2845 44 24 and
611 2846 40 30 all,

60 2879 99 23 attested
176 2883 23 19 to
222 2879 39 23 the
283 2879 137 30 excellency-
436 2879 26 23 of
487 2877 37 24 his
545 2879 105 25 conduct.

58 2911 52 25 Not
121 2919 43 16 one
178 2912 66 24 ~word
255 2912 39 24 did
310 2920 34 16 we
361 2912 55 23 hear
435 2916 24 19 to
477 2912 44 23 his-
531 2912 120 25 disadvan-

60 2949 63 27 tage.
159 2944 41 24 He
211 2953 65 16 came
293 2945 96 25 devoted
406 2949 24 20 to
444 2945 41 23 the
497 2953 69 16 cause
576 2946 24 24 of
613 2954 39 16 re-

60 2977 74 33 ligion
154 2978 45 23 and
216 2978 134 32 reclaiming
368 2979 40 23 the
427 2986 92 24 savage,
531 2979 47 24 and
592 2985 61 19 most

60 3011 113 31 sincerely
178 3011 60 23 -has
265 3012 31 24 he
323 3011 104 33 pursued
451 3012 38 24 his
516 3013 137 24 benevolent

60 3045 93 31 calling.
190 3044 40 24 He
241 3044 42 24 has
370 3052 32 17 so'
412 3045 90 32 jealous
521 3046 28 24 of
561 3046 37 25 his
609 3048 44 23 fair

60 3077 69 30 fame,
142 3077 51 24 that
203 3077 29 24 he
244 3077 42 24 has
300 3083 40 19 not
357 3086 58 16 even
432 3079 96 24 allowed
540 3088 14 16 a
561 3081 92 30 ground

58 3111 38 24 for
114 3111 118 31 suspicion
249 3115 25 20 to
292 3111 76 24 attach
387 3112 64 24 itself
465 3116 25 20 to
510 3112 38 25 his
569 3113 84 32 having

59 3144 59 24 been
129 3144 77 32 guilty
224 3144 27 24 of
265 3152 45 23 any
322 3148 37 20 act
375 3145 152 24 inconsistent
544 3147 57 23 with
601 3147 5 14 :
607 3143 46 34 ?'the

60 3184 56 24 pure
127 3185 99 25 purpose
238 3177 76 24 which
323 3177 100 24 induced
436 3178 50 23 him
497 3183 23 19 to
533 3184 50 19 cast
592 3180 61 24 him-

62 3211 45 23 self
122 3219 84 26 among
223 3211 41 24 the
276 3211 88 24 wildest
382 3218 95 24 savages
488 3212 26 23 in
523 3212 61 24 New
594 3213 59 25 Zea-

62 3243 63 25 land.
214 3249 78 27 regret
304 3249 22 19 to
344 3244 57 24 hear
417 3245 52 23 that
481 3245 47 23 this
542 3246 113 25 excellent

63 3283 56 17 man
128 3278 21 22 is
159 3285 52 17 now
222 3278 150 32 exceedingly
382 3278 28 23 ill
415 3286 7 21 ;
434 3278 50 29 but,
497 3285 34 17 we
543 3286 38 16 are
592 3287 61 22 sure,

63 3309 51 24 that
130 3310 64 25 there
208 3312 21 23 is
252 3316 41 19 not
315 3319 45 16 one
380 3311 137 32 acquainted
538 3312 56 24 with
615 3313 40 24 the

63 3344 108 23 reverend
182 3345 131 30 gentlemen
324 3353 25 16 or
359 3345 39 24 his
415 3344 76 24 useful
507 3352 85 23 career,
603 3346 52 24 who

65 3375 48 24 will
122 3381 40 19 not
169 3377 51 31 join
230 3386 28 16 us
270 3379 25 23 in
305 3379 89 31 hoping
409 3378 30 25 he
457 3378 48 25 will
518 3386 59 17 soon
588 3380 68 30 again

65 3407 31 25 be
104 3411 100 23 restored
213 3415 24 19 to
248 3412 87 25 health.

141 3444 137 30 conclusion,
289 3453 35 16 we
335 3445 75 25 would
418 3445 72 24 make
500 3453 65 16 some
576 3445 79 24 obser-

68 3474 89 25 vations
168 3483 30 17 on
208 3477 39 24 the
263 3480 115 31 necessity
390 3479 25 24 of
429 3479 87 31 having
533 3479 85 23 houses
632 3483 24 20 at

67 3507 74 24 stated
152 3508 112 27 distances
276 3512 102 25 between
394 3513 47 24 this
455 3512 47 24 and
514 3512 141 32 Wanganui,

67 3540 37 24 for
122 3540 37 25 the
179 3545 149 25 convenience
352 3547 26 23 of
404 3546 127 24 travellers.
579 3545 77 25 These

66 3573 86 25 houses
163 3574 82 25 should
255 3577 27 24 be
295 3580 97 23 situated
409 3580 74 24 either
493 3584 24 19 at
528 3588 15 15 a
554 3580 102 23 distance

67 3612 73 27 apart,
154 3607 75 25 which
236 3610 45 24 will
298 3613 116 32 generally
424 3613 29 24 be
472 3613 100 24 reached
587 3614 70 24 about

70 3641 40 23 the
128 3640 85 25 middle
233 3642 26 24 of
272 3643 38 24 the
321 3645 50 32 day,
394 3655 25 16 or
434 3651 24 20 at
476 3646 68 32 night
561 3647 45 24 and
632 3651 25 19 at

65 3674 81 30 rivers,
156 3674 75 25 where
243 3675 64 25 boats
318 3686 37 16 are
364 3680 106 31 required
480 3685 23 19 to
516 3681 80 23 enable
608 3685 48 19 tra-

67 3707 84 25 vellers
163 3712 24 20 to
199 3716 73 17 cross.

102 3741 51 24 The
174 3742 53 24 first
249 3742 71 25 house
342 3744 81 26 should
443 3747 30 24 be
502 3751 24 20 at
549 3747 106 25 Porirua.

65 3773 89 26 Thorns
171 3775 43 24 has
235 3783 15 16 a
265 3776 73 25 house
353 3777 72 31 there,
443 3780 42 24 but
495 3781 19 23 it
533 3782 21 22 is
573 3781 57 24 such
644 3789 13 16 a

65 3807 153 33 disreputable
237 3810 67 31 noisy
314 3810 71 31 place,
399 3812 49 24 that
465 3822 98 23 persons
581 3815 77 31 prefer

22 3841 1 25 i
65 3841 104 33 sleeping
190 3843 25 23 in
237 3843 40 24 the
296 3843 58 24 bush
374 3848 23 20 to
415 3847 87 31 paying
519 3848 19 23 it
559 3856 15 15 a
594 3848 62 24 visit.

22 3881 2 35 |
65 3874 70 25 From
148 3876 32 23 all
199 3884 33 16 we
244 3877 58 23 have
321 3877 78 30 heard,
410 3886 33 17 we
463 3881 85 23 should
559 3881 71 24 doubt
641 3881 18 24 if

65 3915 58 17 even
133 3917 84 24 among
229 3910 97 24 whalers
338 3911 58 24 such
406 3920 80 17 scenes
498 3914 26 23 of
539 3914 119 24 drunken-

65 3948 54 17 ness
131 3942 45 24 and
194 3944 45 23 riot
257 3952 43 16 can
318 3944 28 24 be
357 3949 48 20 met
420 3946 59 24 with-
493 3947 25 23 in
537 3955 46 24 any
594 3947 65 25 other

65 3979 51 26 part
135 3975 26 25 of
176 3977 59 24 New
255 3978 109 25 Zealand.
401 3975 57 30 We*!'
465 3980 106 25 consider
582 3981 18 24 it
618 3989 41 16 our

523 64 102 33 THE
645 63 112 33 NEW
775 62 232 33 ZEALAND
1029 61 226 33 GAZETTE
1276 61 102 31 AND
1397 59 328 33 WELLINGTON
1751 57 290 33 SPECTATOR.

1928 141 43 24 Dr.
1992 141 75 31 Imlay
2078 141 43 24 had
2139 142 59 23 been
2209 143 89 22 written
2309 146 31 24 to,
2361 141 31 31 by
2403 150 30 14 an
2444 141 38 24 old

1896 174 71 24 friend
1979 179 23 18 at
2021 174 87 24 Nelson
2124 174 91 29 Haven,
2233 175 186 30 recommending
2434 174 47 23 him
2496 174 2 3 '

1896 212 22 18 to
1930 207 56 23 send
1997 207 70 31 sheep
2080 207 43 23 and
2135 207 67 24 cattle
2214 208 71 23 there.
2320 207 45 24 We
2374 215 53 23 may
2438 207 44 24 add

1898 240 47 23 Mr.
1957 240 86 31 Duppa
2063 240 42 23 has
2117 240 124 31 proceeded
2251 242 30 29 by
2293 241 39 23 the
2342 240 105 24 Matilda
2458 244 23 19 to

1897 273 99 31 Sydney,
2009 273 53 23 with
2076 273 37 23 the
2124 274 113 22 intention
2248 273 25 24 of
2281 273 109 32 shipping
2402 282 13 14 a
2419 273 63 31 large
2495 291 3 3 .

1897 306 94 23 number
2000 306 25 23 of
2033 306 69 31 sheep
2115 306 45 23 and
2172 306 68 23 cattle
2250 311 23 18 to
2283 307 49 22 that
2343 307 137 23 settlement.
2497 313 1 5 '

1930 339 51 23 The
1993 339 89 23 Nelson
2100 339 84 23 Haven
2202 339 80 30 people
2302 339 111 30 complain
2434 339 49 23 that

1923 379 12 15 Ie
1952 372 58 22 Port
2033 372 126 22 Nicholson
2177 372 130 22 merchants
2326 372 28 22 do
2374 377 40 17 not
2428 372 54 22 send

1897 405 61 23 them
1970 405 115 23 sufficient
2095 405 110 31 supplies,
2217 405 44 23 and
2273 409 57 19 state
2342 405 50 23 that
2402 405 20 23 if
2431 405 54 30 they'

1897 445 38 16 are
1947 442 40 19 not
2003 438 125 28 increased,
2142 438 54 31 they
2212 438 46 23 will
2275 438 57 23 have
2349 443 23 18 to
2390 437 53 24 look
2459 442 23 19 to

1900 471 100 31 Sydney.
2037 471 51 23 The
2100 479 61 15 same
2170 471 134 31 complaints
2316 479 39 15 are
2372 470 65 24 made
2454 470 30 31 by

1898 503 37 24 the
1947 504 89 23 settlers
2050 509 23 18 at
2085 504 124 23 Taranaki.
2248 504 44 24 We
2305 504 57 23 have
2374 511 29 16 no
2415 503 70 24 doubt

1897 537 19 23 it
1927 537 20 23 is
1958 545 14 15 a
1984 537 123 31 complaint
2120 537 48 23 that
2187 537 46 23 will
2253 545 56 16 soon
2327 544 73 16 cease.
2440 536 43 24 We
2500 558 3 6 ,

1897 570 139 23 understand
2045 571 49 22 that
2106 571 68 30 Capt.
2184 571 115 23 Williams
2307 571 41 22 has
2359 570 126 31 purchased

1899 603 37 23 the
1947 602 124 29 Pickwick,
2086 604 52 22 with
2152 604 37 22 the
2208 604 110 22 intention
2339 604 25 22 of
2385 604 100 29 running

1898 636 41 23 her
1950 644 24 15 as
1987 644 13 15 a
2009 637 90 29 regular
2110 637 92 30 packet,
2210 637 101 23 between
2320 636 59 24 Port
2389 636 96 23 Nichol-

1899 677 48 21 son,
1960 670 50 22 and,
2017 670 87 22 Nelson
2118 670 92 23 Haven.
2247 670 41 22 We
2301 674 81 27 expect
2397 674 23 18 to
2432 669 54 23 hear

1899 703 25 22 of
1938 703 88 22 several
2036 703 65 22 other
2113 703 66 23 small
2191 703 86 24 vessels
2288 703 70 31 beiug
2368 703 119 31 employed

1898 736 24 22 in
1934 744 12 14 a
1958 736 87 23 similar
2054 743 57 22 way.

1934 769 64 31 Grog
2133 769 20 23 is
2179 769 149 31 discouraged
2352 772 23 19 at
2398 768 91 24 Nelson'

1901 802 91 23 Haven.
2027 803 25 23 A
2069 802 59 31 good
2148 811 69 22 many
2236 810 106 23 runaway
2360 802 61 23 folks
2441 801 44 24 had

1899 835 88 23 arrived
1997 835 71 29 there,
2078 836 42 22 but
2128 835 89 23 instead
2228 835 24 24 of
2260 835 69 31 being
2337 835 148 30 encouraged,

1899 868 58 24 their
1969 869 149 30 proceedings
2130 868 45 24 will
2188 869 27 23 be
2235 868 112 31 regarded
2364 868 55 23 with
2435 876 51 15 sus-

1901 902 83 30 picion.

1932 953 43 23 We
1995 953 58 23 have
2077 954 121 30 appointed
2226 953 47 24 Mr.
2294 953 29 23 F.
2349 953 32 24 G.
2406 952 81 24 Moore

1899 986 78 31 Agent
1996 991 23 18 at
2031 986 88 24 Nelson
2130 986 84 24 Haven
2227 987 34 23 for
2273 995 41 14 our
2330 986 100 32 journal,
2444 986 45 24 and

1900 1019 95 24 forward
2013 1020 30 30 by
2055 1020 39 23 the
2112 1019 125 30 Pickwick,
2255 1019 51 24 files
2318 1019 25 24 of
2360 1019 38 24 the
2417 1027 70 24 paper

1899 1053 57 24 from
1975 1052 39 24 the
2031 1058 180 19 commencment
2233 1052 25 24 of
2278 1052 38 24 the
2334 1061 62 23 year.
2445 1053 44 23 We

1900 1086 58 24 shall
1981 1091 24 18 at
2024 1087 30 22 all
2073 1087 66 23 times
2158 1086 28 24 be
2203 1091 61 19 most
2284 1085 109 25 thankful
2410 1090 23 19 to
2445 1094 44 23 any

1901 1120 25 23 of
1934 1128 40 15 our
1986 1120 86 23 friends
2083 1120 71 28 there,
2169 1120 49 23 who
2228 1119 47 24 will
2285 1119 54 24 take
2351 1119 38 24 the
2400 1119 89 24 trouble

1900 1157 23 19 to
1945 1153 98 23 forward
2062 1160 45 24 any
2127 1153 146 23 information
2291 1153 130 30 respecting
2440 1153 59 23 that'

1900 1186 100 31 locality.
2037 1186 69 23 Until
2124 1195 13 14 a
2148 1194 70 24 paper
2229 1186 20 23 is
2261 1185 139 24 established
2417 1185 70 29 there,
2498 1209 1 3 .

1902 1227 32 15 we
1946 1219 57 23 shall
2016 1219 29 23 be
2056 1224 61 18 most
2127 1219 76 32 happy
2215 1224 23 18 to
2250 1219 81 23 render
2343 1227 41 17 our
2396 1219 92 32 journal

1902 1260 28 15 an
1946 1260 70 23 organ
2036 1253 36 23 for
2092 1253 89 23 Nelson
2201 1252 84 23 Haven
2302 1259 63 16 news
2382 1252 72 31 likely
2465 1256 23 19 to

1900 1286 30 23 be
1940 1287 137 30 interesting
2088 1290 24 20 to
2123 1286 39 24 the
2170 1286 85 23 friends
2268 1287 24 22 of
2299 1286 50 23 that
2361 1286 129 23 settlement

1900 1320 25 22 in
1937 1319 118 31 England.
2498 1321 2 8 '

1935 1353 89 23 Should
2036 1360 45 23 any
2091 1353 103 31 printing
2204 1352 29 24 be
2250 1352 113 31 required,
2382 1352 39 23 the
2433 1360 57 23 copy

1902 1394 42 15 can
1961 1386 32 23 be
2008 1385 82 33 placed
2106 1386 24 23 in
2148 1386 39 23 the
2204 1386 73 23 hands
2295 1385 26 24 of
2339 1385 49 24 Mr.
2408 1385 29 24 F.
2457 1385 32 24 G.

1902 1419 88 29 Moore,
2011 1428 25 15 or
2048 1423 51 19 sent
2111 1419 70 23 direct
2200 1423 23 19 to
2241 1426 39 16 our
2292 1419 74 23 office.
2403 1418 39 24 On
2454 1426 36 16 ar-

1902 1453 56 22 rival
1968 1453 20 22 it
1998 1453 47 22 will
2062 1453 88 23 receive
2162 1453 128 22 immediate
2309 1453 119 27 attention,
2447 1452 43 23 and

1902 1486 38 23 the
1952 1486 65 24 order
2035 1486 133 31 dispatched
2182 1486 32 31 by
2226 1486 37 23 the
2275 1486 51 22 first
2344 1486 146 31 opportunity

1902 1524 23 19 to
1937 1519 89 24 Nelson
2038 1519 92 24 Haven.

1276 145 19 23 it
1306 144 41 23 has
1360 144 119 32 appeared,
1492 144 55 23 that'
1554 144 64 23 there
1629 144 21 23 is
1662 151 14 16 a
1685 143 57 24 wide
1754 146 79 20 extent
1845 142 26 23 of

1277 177 149 31 agricultural
1447 181 97 27 country
1566 177 26 23 of
1617 184 15 16 a
1652 176 82 31 highly
1757 174 110 24 available

1278 210 125 25 character.
1456 210 62 24 That
1539 210 38 23 the
1600 210 82 23 timber
1704 209 19 23 is
1747 209 52 27 fine,
1824 207 44 24 and

1278 247 41 20 not
1330 251 26 15 so
1367 243 71 32 heavy
1449 252 25 15 as
1486 248 23 19 to
1521 243 56 23 offer
1598 250 44 23 any
1660 242 89 23 serious
1768 240 99 24 obstacle

1279 281 21 20 to
1313 277 38 22 the
1361 276 186 32 agriculturalist.
1583 275 63 24 That
1656 275 39 23 the
1704 275 48 23 flax
1763 275 21 23 is
1795 274 73 23 abun-

1278 310 62 28 dant,
1352 310 47 23 and
1417 310 24 23 of
1466 310 39 22 the
1528 310 69 22 finest
1620 308 96 31 quality,
1738 307 46 23 and
1805 311 64 19 must

1278 343 94 24 become
1384 350 29 16 an
1422 343 111 23 immense
1545 349 80 16 source
1637 341 24 24 of
1683 340 83 24 wealth
1788 344 23 19 to
1831 339 38 23 the

1281 376 97 28 district,
1389 375 66 24 when
1467 384 14 14 a
1490 375 49 23 flax
1549 374 104 24 machine
1665 373 58 24 shall
1732 374 29 22 be
1770 372 97 32 applied.

1280 409 62 24 That
1354 409 39 22 the
1403 409 89 23 natives
1504 416 39 15 are
1556 412 39 19 not
1607 407 53 31 only
1674 411 43 19 not
1735 405 99 32 opposed
1847 410 22 18 to

1279 441 39 24 the
1330 442 132 23 settlement
1473 441 24 23 of
1519 440 40 24 the
1571 440 96 28 district,
1688 440 43 23 but
1751 447 38 15 are
1809 444 60 17 most

1280 475 97 23 anxious
1388 478 22 19 to
1420 475 59 23 have
1491 474 39 23 the
1543 473 138 31 Company's
1695 472 115 24 Colonists
1824 471 45 23 live

1280 515 84 23 among
1387 508 70 23 them.
1502 506 64 25 That
1582 506 39 23 the
1638 506 79 23 settler
1737 513 43 15 can
1801 512 68 16 never

1280 541 69 23 know
1361 548 42 16 one
1410 541 81 23 hour's
1502 544 69 24 want,
1582 539 35 23 for
1627 539 30 23 he
1668 538 48 24 will
1724 538 30 23 be
1766 537 104 32 supplied

1279 574 66 23 from-
1354 573 40 24 the
1413 577 101 20 moment
1532 573 27 23 of
1580 572 37 23 his
1634 572 89 28 arrival,
1743 571 55 23 with
1818 571 51 30 pigs

1280 607 45 23 and
1336 611 102 27 potatoes
1455 607 26 23 in
1492 610 66 27 great
1570 605 140 28 abundance,
1723 609 24 18 at
1755 604 115 23 moderate

1279 640 85 31 prices.
1400 640 62 23 That
1479 640 39 23 the
1530 642 66 20 route
1612 638 32 31 by
1660 638 56 23 land
1732 638 22 22 is
1775 637 94 23 exceed-

1280 673 64 31 ingly
1355 673 136 31 practicable
1502 680 59 16 even
1568 679 53 15 now
1628 680 6 20 ;
1646 671 37 23 for
1694 671 39 23 the
1744 670 122 23 horseman

1281 714 44 15 can
1336 706 48 23 rice
1396 706 36 23 the
1443 705 73 24 whole
1529 706 102 23 distance
1643 703 55 25 with
1714 704 87 31 perfect
1819 711 51 15 ease

1281 740 24 23 in
1325 739 125 32 two^days,
1466 738 45 24 and
1530 738 38 23 the
1579 738 130 31 pedestrian
1718 745 43 15 can
1771 736 100 31 perform

1282 772 39 24 the
1339 772 103 32 journey
1448 772 54 23 with
1513 771 66 32 equal
1592 771 86 30 facility
1690 771 25 22 in
1725 769 64 24 three
1805 769 63 30 days.

1283 805 62 25 That
1356 805 39 24 the
1405 813 79 16 means
1497 805 26 23 of
1538 809 70 19 water
1626 803 189 24 communication
1833 810 38 16 are

1283 838 83 32 ample,
1379 838 93 24 and'the
1492 837 80 25 settler
1588 837 46 23 will
1651 838 26 22 in
1695 837 44 23 few
1756 837 115 22 instances

1283 872 58 24 have
1352 872 32 23 to'
1388 880 64 23 carry
1463 872 36 22 his
1511 870 100 33 produce
1622 877 63 17 more
1697 870 56 23 than
1761 870 31 22 20
1805 868 66 24 miles

1281 906 32 30 by
1323 905 61 29 land,
1397 905 65 24 while
1473 905 38 23 the
1516 904 68 23 roads
1593 912 41 15 can
1643 903 70 31 easily
1721 903 29 22 be
1762 901 110 24 rendered

1283 938 119 24 excellent.
1439 938 113 31 Compare
1568 937 46 23 this
1633 936 55 24 with
1706 936 38 23 the
1759 935 112 23 distances

1283 971 75 24 which
1369 971 69 32 goods
1450 971 57 24 have
1519 975 23 19 to
1554 971 28 22 be
1596 969 87 24 carried
1693 970 25 22 in
1725 969 60 23 New
1797 968 75 24 South

1283 1004 89 30 Wales,
1393 1005 74 23 where
1489 1004 39 24 the
1551 1011 107 23 waggons
1683 1010 37 16 are
1743 1002 129 30 frequently

1284 1038 63 23 three
1359 1038 91 23 months
1466 1045 29 16 on
1511 1037 40 24 the
1570 1037 107 31 journey,
1697 1035 44 24 and
1762 1035 50 23 half
1834 1034 38 24 the

1284 1072 72 30 goods
1373 1072 54 23 with
1446 1070 75 24 which
1540 1070 54 31 they
1617 1069 87 24 started
1725 1068 97 31 pilfered
1843 1075 28 16 on

1284 1104 40 23 the
1336 1105 61 23 road.
1440 1104 52 23 The
1509 1108 50 19 cost
1570 1103 25 23 of
1619 1110 142 23 conveyance
1772 1102 101 22 between

1286 1138 46 23 this
1343 1138 44 23 and
1398 1138 38 24 the
1448 1141 69 25 coast,
1531 1144 33 16 we
1575 1136 87 23 believe
1673 1136 45 23 will
1731 1136 29 22 be
1776 1134 97 23 reduced

1284 1171 25 24 in
1321 1179 14 16 a
1344 1171 43 24 few
1398 1179 66 23 years
1474 1174 23 20 to
1509 1171 46 22 five
1566 1169 46 24 and
1619 1174 85 26 twenty
1716 1168 110 31 shillings
1833 1175 40 23 per

1285 1208 48 25 ton,
1371 1204 107 24 Contrast
1489 1203 46 23 this
1547 1202 56 24 with
1613 1203 55 23 16
1679 1209 41 24 per
1739 1206 48 24 ton,
1799 1200 74 24 which

1285 1246 34 15 we
1347 1245 38 16 are
1407 1237 93 24 assured
1520 1237 22 22 is
1559 1236 54 32 paid
1634 1243 56 16 even
1712 1235 36 23 for
1770 1235 103 30 carriage

1284 1271 103 23 between
1415 1271 38 23 the
1477 1269 110 24 favoured
1606 1269 89 25 district
1716 1268 24 23 of
1762 1268 111 23 Bathurst

1286 1304 46 23 and
1342 1304 101 32 Sydney.
1478 1303 85 29 Effort,
1575 1306 65 27 great
1650 1301 85 29 efforts,
1746 1301 57 23 have
1814 1301 58 23 been

1285 1338 67 23 made
1373 1341 24 20 to
1419 1337 69 30 decry
1511 1336 40 23 the
1577 1336 142 23 settlements
1741 1335 25 22 in
1789 1333 84 24 Cook's

1287 1371 85 23 Straits
1380 1380 7 20 ;
1399 1371 41 23 but
1452 1378 25 15 so
1488 1370 56 30 long
1556 1377 24 16 as
1588 1369 53 31 they
1648 1369 28 23 do
1688 1372 42 19 not
1741 1368 133 30 discourage

1287 1412 42 15 our
1337 1404 73 24 fellow
1419 1404 123 28 Colonists,
1553 1402 54 31 they
1616 1409 37 17 are
1666 1402 25 23 of
1699 1401 59 24 little
1764 1404 108 20 moment.

1287 1437 62 24 That
1361 1437 53 31 they
1424 1437 58 23 have
1491 1440 42 20 not
1542 1435 47 24 had
1600 1435 48 24 that
1660 1435 74 28 effect,
1751 1435 21 23 is
1788 1434 86 31 proved

1285 1471 33 31 by
1328 1470 39 24 the
1384 1471 59 30 daily
1459 1470 130 30 increasing
1608 1468 129 24 confidence
1758 1467 116 24 exhibited

1286 1505 26 22 in
1326 1505 90 23 various
1427 1512 70 22 ways.
1540 1502 96 29 Indeed,
1653 1509 34 16 we
1706 1508 51 16 now
1775 1505 40 19 not
1830 1508 44 16 un-

1286 1537 130 32 frequently
1437 1537 55 23 hear
1511 1543 98 24 persons
1630 1535 51 24 who
1702 1540 23 18 at
1749 1542 42 15 one
1820 1534 54 23 time

1288 1570 139 25 entertained
1439 1569 149 31 exceedingly
1600 1569 160 30 discouraging
1770 1568 70 22 views
1854 1567 24 23 of

1289 1612 42 16 our
1352 1607 126 28 prospects,
1497 1602 71 25 make
1593 1606 132 19 statements
1752 1600 73 24 which
1842 1608 33 16 we

1288 1637 84 24 almost
1394 1637 65 24 deem
1478 1637 120 30 sanguine.
1645 1635 51 24 The
1723 1634 87 31 change
1834 1634 42 23 has

1288 1671 59 23 been
1375 1670 93 24 effected
1489 1670 30 31 by
1540 1670 39 23 the
1601 1669 51 24 best
1674 1675 88 22 means,
1781 1668 31 30 by
1834 1675 42 16 ex-

1288 1705 117 31 perience;
1430 1703 46 24 and
1493 1703 41 24 the
1557 1703 129 24 confidence
1702 1709 51 16 now
1775 1701 100 28 evinced,

1290 1743 83 19 connot
1379 1738 40 24 fail
1426 1742 22 19 to
1457 1738 27 23 be
1490 1736 133 32 productive
1631 1736 24 23 of
1664 1735 50 24 that
1720 1734 127 32 prosperity
1854 1739 23 18 to

1288 1771 76 24 which
1372 1779 33 16 we
1417 1771 31 24 all
1459 1779 30 15 on
1497 1771 93 30 leaving
1608 1777 40 16 our
1659 1768 129 24 fatherland
1795 1767 83 24 looked

1289 1805 105 24 forward.
1440 1804 95 24 Several
1556 1811 84 23 among
1659 1810 27 16 us
1713 1801 166 31 contemplated

1290 1838 135 32 proceeding
1446 1842 24 19 to
1490 1837 126 28 Australia,
1641 1835 44 24 and
1702 1843 34 15 we
1756 1842 53 23 may
1827 1835 51 23 well

1292 1872 153 31 congratulate
1465 1871 116 23 ourselves
1604 1877 61 23 upon
1683 1869 38 24 the
1740 1868 75 31 happy
1834 1868 43 23 cir-

1292 1910 141 19 cumstances
1444 1904 74 24 which
1528 1904 39 24 led
1578 1912 28 15 us
1618 1908 23 18 to
1652 1903 68 23 avoid
1731 1902 50 23 that
1791 1901 54 24 land
1857 1901 24 23 of

1292 1938 92 24 terrible
1390 1938 139 24 vicissitude.
1566 1937 65 24 Here
1640 1936 128 32 prosperity
1776 1938 103 28 presents

1292 1972 64 23 itself
1364 1976 33 22 -,fo
1396 1994 8 10 A
1419 1971 129 30 all-^there
1565 1969 150 25 unavoidable
1732 1969 52 23 ruin
1803 1968 77 24 would

1281 2001 5 5 '
1292 2003 56 25 have
1361 1995 75 33 scared
1446 2011 28 16 us
1486 2004 25 23 in
1520 2003 40 23 the
1570 2003 58 24 face.
1664 2001 67 24 Time
1739 2001 47 23 will
1796 2001 84 23 silence

1293 2038 38 23 the
1343 2038 126 23 slanderers
1482 2037 24 23 of
1529 2044 41 16 our
1589 2035 97 32 adopted
1704 2039 103 26 country.
1851 2034 29 24 In

1293 2075 40 20 ten
1342 2079 66 23 years
1420 2078 33 16 we
1464 2070 57 23 have
1534 2077 29 16 no
1576 2070 70 23 doubt
1664 2076 33 16 we
1714 2068 59 23 shall
1792 2067 27 24 be
1832 2067 49 24 able

1294 2109 23 19 to
1335 2104 67 24 make
1425 2112 14 16 a
1461 2104 144 31 comparison
1626 2102 55 23 with
1703 2101 39 24 the
1766 2101 116 31 adjoining

1296 2138 113 29 Colonies,
1431 2137 77 24 which
1528 2136 47 23 will
1592 2136 30 23 be
1641 2136 74 30 ample
1730 2135 152 31 justification

1294 2171 35 23 for
1348 2171 86 30 having
1449 2169 116 32 preferred
1587 2169 58 24 New
1662 2168 101 24 Zealand
1782 2173 22 18 to
1826 2168 56 23 New

1296 2205 74 23 South
1380 2204 87 24 Wales.

1406 2489 97 24 NEWS
1518 2488 100 25 FROM
1630 2486 148 26 NELSON.

1329 2258 51 24 The
1391 2258 85 31 barque
1484 2256 99 32 Magnet
1590 2256 87 23 arrived
1684 2255 119 31 yesterday
1814 2255 69 23 after-

1296 2300 68 22 noon,
1376 2292 59 23 from
1446 2291 103 28 Akaroa,
1562 2289 75 24 which
1648 2289 40 24 she
1700 2289 42 23 left
1753 2296 31 16 on
1794 2288 90 24 Thurs-

1297 2326 43 30 day
1350 2326 53 28 last,
1439 2324 47 25 She
1497 2331 47 17 saw
1556 2324 38 23 the
1605 2322 77 32 Royal
1695 2321 111 29 William,
1824 2322 59 23 from

1297 2359 45 24 this
1353 2363 60 27 port,
1424 2366 56 16 near
1490 2357 104 25 Akaroa.
1631 2357 47 23 She
1690 2356 41 23 has
1744 2355 140 31 twenty-five

1297 2397 52 19 tuns
1367 2392 26 23 of
1407 2392 30 23 oil
1453 2391 44 24 and
1514 2395 54 28 part
1586 2390 25 23 of
1630 2390 38 23 the
1688 2390 94 30 rigging
1800 2389 26 23 of
1846 2388 38 24 the

1297 2424 137 33 Speculator
1445 2433 31 15 on
1485 2424 80 24 board.

1906 1576 28 19 To
1944 1576 34 19 the
1987 1575 77 21 Editor
2074 1576 27 24 of
2113 1576 35 19 the
2184 1576 53 19 New
2247 1576 93 20 Zealand
2351 1575 87 20 Gazette
2447 1575 43 20 and

2061 1604 127 25 Wellington

1938 1639 53 29 Sir,
2027 1639 66 23 Your
2104 1643 77 27 report
2193 1639 25 23 of
2234 1639 37 22 the
2284 1639 60 22 close
2357 1638 25 23 of
2398 1637 38 24 the
2447 1637 46 24 last

1906 1673 97 25 Quarter
2016 1672 106 24 Sessions
2134 1673 20 22 is
2166 1673 119 22 incorrect.
2321 1672 77 22 When
2406 1671 38 23 the
2452 1672 40 22 de-

1904 1706 93 23 fendant
2009 1706 75 23 Roots
2102 1714 48 15 was
2162 1705 70 24 found
2244 1705 73 31 guilty
2328 1706 26 22 of
2368 1705 100 31 keeping
2478 1714 14 15 a

1906 1739 123 31 disorderly
2049 1739 79 28 house,
2147 1739 41 23 th&
2208 1739 71 23 Court
2297 1738 96 24 ordered
2403 1738 49 23 him.
2468 1743 24 19 to

1905 1773 47 23 find
1971 1773 55 29 bail,
2038 1772 96 24 himself
2148 1773 25 22 in
2191 1773 62 28 10,
2266 1771 45 24 and
2329 1779 43 16 one
2468 1779 21 15 :~

1906 1807 61 28 10,
1979 1811 24 18 to
2016 1814 83 23 appear
2120 1806 45 23 and
2182 1807 87 22 receive
2290 1806 38 22 the
2338 1805 79 31 judgra
2426 1810 29 18 nJ
2470 1807 25 21 v'

1906 1839 38 24 the
1963 1840 72 23 Court
2054 1847 30 16 on
2101 1839 38 24 the
2160 1839 125 31 adjourned
2304 1839 52 31 day,
2375 1839 39 22 the

1906 1874 53 22 inst.
1970 1882 6 19 ;
1995 1874 25 22 in
2031 1872 38 24 the
2080 1873 92 23 interim
2192 1873 39 23 the
2250 1873 109 23 nuisance
2370 1879 45 15 was
2434 1882 3 12 :
2468 1872 22 22 't.

1906 1907 113 24 removed.
2055 1907 66 22 With
2132 1906 45 23 this
2190 1910 159 26 arrangement
2360 1905 40 23 the
2411 1910 7 15 '
2434 1913 58 15 -<:-.

1908 1940 136 24 Prosecutor
2056 1940 131 23 concurred.
2224 1939 38 24 On
2274 1939 38 23 the
2322 1938 92 24 defends
2455 1947 23 14 i*
2489 1952 5 5 -

1907 1975 105 29 pressing
2021 1974 39 23 his
2067 1973 104 29 inability
2177 1978 26 17 at
2212 1972 36 22 the
2256 1973 54 21 time
2318 1976 23 19 to
2350 1971 48 23 find
2409 1976 5 15 i

1909 2007 79 31 quired
1997 2011 86 26 surety,
2095 2006 39 23 the
2145 2006 72 22 Court
2227 2004 107 31 accepted
2342 2003 37 24 his
2391 2011 23 16 o\

1908 2041 34 23 for
1954 2041 62 27 20,
2033 2047 62 23 upon
2113 2039 45 22 this
2174 2037 182 31 understanding

1910 2082 65 16 cause
1996 2074 25 22 of
2044 2072 123 31 complaint
2186 2071 74 23 would
2279 2078 73 16 cease.
2388 2070 14 23 I
2453 2070 41 23 o'

1909 2112 42 19 not
1960 2108 58 22 have
2029 2106 98 31 thought
2138 2106 19 22 it
2175 2105 72 23 worth
2258 2103 67 24 while
2337 2108 25 18 to
2372 2107 47 19 not.
2442 2114 4 10 ;
2459 2108 36 18 '\\,:

1909 2142 141 29 inaccuracy,
2062 2140 21 23 if
2097 2139 38 23 the
2148 2146 66 15 sneer
2234 2138 49 23 that
2301 2145 74 15 seems
2392 2137 106 22 iniJi-uti

1911 2180 22 18 to
1944 2175 28 22 be
1983 2174 65 23 made
2069 2173 30 30 by
2110 2180 58 22 your
2187 2171 123 31 reporter's
2328 2169 94 25 remark
2440 2177 58 16 were

1911 2212 39 19 not
1961 2207 126 24 calculated
2098 2211 22 17 to
2129 2205 68 23 affect
2214 2204 36 24 the
2262 2211 75 24 power
2351 2204 24 23 of
2390 2203 38 24 the
2447 2202 50 30 law,

1911 2241 43 24 and
1965 2246 24 18 to
2001 2240 75 32 injure
2095 2239 39 23 the
2153 2239 107 23 interests
2279 2237 25 24 of
2317 2237 116 30 morality.
2468 2236 32 24 In

1912 2283 41 15 one
1974 2274 69 28 word,
2057 2273 18 23 I-
2081 2273 45 30 beg
2144 2271 118 31 distinctly
2273 2276 22 18 to
2315 2275 59 18 state
2395 2270 48 23 that
2461 2270 38 23 the

1914 2309 72 23 Court
1996 2307 38 24 did
2046 2311 41 19 not
2096 2307 93 22 become
2200 2305 47 23 bail
2257 2304 35 24 for
2305 2304 37 24 the
2355 2303 128 24 defendant.

2113 2338 14 24 I
2140 2347 44 21 am,
2198 2338 45 29 Sir,

2145 2372 68 24 Your
2224 2371 105 24 obedient
2339 2374 99 24 servant,
2444 2393 2 5 ,

1946 2409 109 23 Robert
2067 2406 32 24 R.
2113 2406 115 27 Strang,
2242 2404 70 25 Clerk
2327 2404 24 23 of
2367 2404 38 23 the
2417 2404 82 23 Peace.

1915 2442 163 27 Court-house,
2091 2440 100 30 January
2206 2441 37 26 10,
2257 2439 75 23 1842.

1947 2474 64 33 [Our
2043 2478 101 27 reporter
2171 2471 138 25 understood
2337 2470 39 24 the
2409 2469 93 24 learned

1915 2510 122 23 Chairman
2048 2513 24 18 to
2085 2507 55 23 have
2152 2505 58 24 used
2219 2506 38 23 the
2268 2504 74 24 words
2354 2504 25 23 in
2390 2503 117 32 question,,

1912 2543 58 30 {and
1981 2543 99 23 believes
2092 2549 25 15 so
2130 2538 59 33 still)
2207 2547 25 15 as
2245 2538 46 24 also
2304 2538 38 23 did
2358 2545 68 23 many
2438 2536 69 25 other,

1914 2584 94 24 persons
2028 2576 24 22 in
2072 2575 88 27 Court;
2185 2573 43 23 but
2246 2580 25 16 as
2290 2571 47 23 Mr.
2358 2571 86 30 Strang
2461 2570 41 23 has

1914 2609 105 33 officially
2031 2606 153 26 contradicted
2201 2606 70 28 them,
2290 2612 30 16 an
2337 2604 171 23 unintentional

1915 2651 69 21 error,
2003 2650 33 16 we
2055 2648 106 24 suppose,
2178 2644 63 19 must
2257 2639 30 23 be
2304 2637 104 32 pleaded.
2453 2637 48 24 Mr.

1916 2677 105 30 Strang's
2038 2674 164 24 contradiction
2218 2672 82 31 might,
2316 2670 113 29 however,
2445 2670 59 23 have

1916 2712 56 23 been
1995 2707 120 26 contained
2135 2707 24 23 in
2177 2707 64 24 three
2260 2706 67 27 lines,
2350 2704 95 24 without
2465 2703 39 24 the

1915 2743 93 34 prelude
2029 2742 68 24 about
2328 2738 39 23 the
2377 2757 4 3 .
2387 2744 75 24 power
2469 2754 4 7 ,
2482 2737 26 23 of

1916 2778 38 23 the
2064 2783 25 15 or
2202 2774 107 23 interests
2328 2771 28 24 of-

1916 2809 98 33 Ed.]
2248 2802 9 11 '

2142 2864 140 24 BIRTHS.

1950 2919 59 24 Dec.
2021 2920 40 27 23,
2074 2917 61 24 Mrs.
2149 2916 105 28 Godwin,
2273 2914 25 24 of
2318 2922 14 15 a
2350 2913 125 31 daughter.-

1918 2953 58 29 Dec,
1991 2952 40 29 27,
2044 2951 61 24 Mrs.
2120 2949 76 29 Head,
2217 2949 25 22 of
2263 2956 14 15 a
2297 2947 120 31 daughter.
2453 2944 57 26 Jan.'

1921 2988 42 27 Ist,
1988 2990 24 19 at
2033 2984 66 24 Park
2123 2983 105 30 Cottage,
2255 2981 253 30 Wellington-terrace,

1920 3020 59 23 Mrs.
1993 3018 90 24 Robert
2094 3016 72 28 Park,
2179 3016 26 23 of
2220 3023 13 14 a
2250 3013 209 31 daughter.-^-Jan.
2479 3015 32 26 2,:

1920 3053 59 23 Mrs.
1993 3052 93 27 Brown,
2101 3050 27 24 of
2146 3057 14 15 a
2171 3048 119 31 daughter.
2327 3047 53 24 Jan.
2400 3049 35 27 5,,
2442 3046 64 24 Mrs:

1920 3086 118 28 Florence,
2062 3084 25 23 of
2120 3091 14 16 a
2160 3081 156 31 daughter.
2316 3080 53 24 Jan.
2395 3081 23 28 6,
2446 3080 62 24 Mrs.

1921 3119 90 28 Bolton,
2025 3118 25 23 of
2064 3125 15 15 a
2090 3116 120 31 daughter.
2246 3115 68 23 Same
2331 3114 52 30 day,
2397 3113 43 29 .the
2451 3112 58 29 .wife

1921 3154 25 23 of
1960 3152 48 24 Mr.
2027 3151 101 24 Thomas
2148 3149 100 28 Waters,
2270 3147 25 24 of
2304 3156 4 5 '
2320 3156 14 15 a
2354 3147 119 31 daughter.

1922 3187 67 23 Same
2005 3185 52 30 day,
2076 3184 62 23 Mrs.
2156 3182 107 31 Wright,'
2278 3181 24 23 of
2325 3189 14 15 a
2356 3180 155 31 daughter:-

1921 3220 51 23 Jan.
1985 3220 25 28 7,
2021 3217 63 24 Mrs.
2095 3216 107 29 Watson,
2223 3215 24 24 of
2255 3222 2 6 '
2270 3218 17 20 a'
2300 3214 154 31 daughter.
2455 3213 53 24 Jan.

1922 3255 28 27 6,,
1956 3252 39 24 the
2005 3251 54 31 lady
2070 3250 25 24 of
2110 3250 100 31 Captain
2226 3248 100 24 Edward
2337 3246 101 30 Daniell,
2457 3246 54 32 qf-a

1923 3286 120 29 daughter.
2210 3302 2 5 .
2433 3286 55 25 :.;/>
2502 3290 6 22 [

1949 3342 63 20 None
2020 3341 41 20 but
2074 3347 28 14 an
2117 3339 91 26 English
2224 3338 134 27 school-boy,
2360 3344 40 13 can
2414 3333 99 25 forin.au

1921 3370 47 20 idea
1977 3369 24 20 of
2010 3369 36 20 the
2056 3368 86 21 ecstatic
2151 3367 90 25 feelings
2250 3366 68 20 which
2328 3365 74 20 attend
2436 3364 77 20 break-

1922 3398 36 25 ing
2055 3396 46 19 The
2118 3395 89 26 opinion
2222 3394 47 20 that
2274 3392 49 21 'our
2338 3391 124 26 schooldays
2476 3398 37 13 are

1923 3425 35 20 the
1966 3424 99 27 happiest
2075 3423 24 20 of
2107 3429 39 14 our
2154 3422 105 20 existence
2264 3420 19 20 is
2285 3420 3 12 ;
2293 3423 47 17 true
2349 3420 24 20 in
2382 3419 89 26 nothing
2474 3418 40 20 but

1923 3452 49 20 this.
1989 3455 4 3 '
2001 3452 46 20 The
2057 3451 81 25 delight
2148 3450 73 19 which'
2233 3455 31 14 -we
2280 3448 122 26 experience
2419 3451 22 15 at
2449 3446 65 26 going

1923 3480 62 20 home
1993 3479 26 25 is,
2031 3479 97 26 perhaps,
2139 3478 78 19 almost
2224 3477 36 19 the
2278 3476 87 19 keenest
2374 3473 47 22 that
2430 3479 30 15 we
2471 3473 43 20 feel

1923 3509 23 19 at
1954 3514 42 19 any
2002 3506 76 27 period
2088 3505 23 21 of
2118 3511 40 14 our
2167 3505 52 20 lives
2228 3511 6 17 ;
2248 3503 49 24 and,
2308 3502 110 26 probably,
2428 3501 18 20 it
2457 3500 19 21 is
2489 3507 24 14 so

1923 3535 54 20 from
1993 3535 37 20 the
2045 3540 52 19 very
2106 3533 45 20 fact
2165 3532 48 20 that
2229 3532 60 19 those
2304 3530 51 25 days
2369 3535 35 14 are
2421 3535 24 14 so
2455 3528 60 20 little

1923 3563 71 26 happy
2007 3564 24 18 at
2044 3561 61 21 other
2119 3561 70 19 times.
2287 3558 19 20 is
2320 3558 61 19 there
2395 3562 74 19 among
2485 3561 28 15 us

1924 3591 70 20 whose
2002 3590 62 20 heart
2073 3589 50 19 does
2133 3589 39 18 not
2180 3587 65 19 heave
2252 3587 23 18 at
2283 3585 37 20 the
2329 3585 155 20 remembrance
2491 3582 27 21 of

1925 3619 35 19 the
1974 3618 78 20 almost
2065 3615 100 21 delirious
2175 3615 40 25 joy
2224 3613 23 20 in
2261 3612 69 20 which
2343 3612 29 20 he
2384 3611 53 20 used
2452 3610 63 26 tp^be

1926 3645 91 27 plunged
2027 3644 75 25 during
2112 3643 37 19 the
2162 3642 43 20 last
2214 3641 74 20 week?
2301 3639 49 25 and,
2361 3641 23 18 at
2392 3639 48 24 last,
2454 3638 61 20 when

1927 3674 34 19 the
1970 3678 51 21 very
2031 3671 98 24 morning
2138 3669 60 21 itself
2210 3668 84 22 arrives,
2306 3667 42 21 and
2354 3667 29 19 he
2388 3666 71 26 jumps
2468 3665 48 20 into

1927 3701 34 19 the
1971 3700 78 24 chaise,
2059 3698 62 21 hired
2134 3697 68 20 weeks
2212 3695 79 24 before,
2308 3695 25 19 ttf
2341 3695 81 19 ensure'
2426 3693 75 28 it-r^oh
2509 3695 6 17 !

1927 3728 17 20 it
1953 3728 69 20 would
2031 3727 27 20 be
2067 3726 77 20 almost
2152 3724 68 20 worth
2234 3723 81 20 while
2315 3725 8 11 I
2325 3721 50 28 (and
2384 3721 18 19 it
2411 3719 105 21 wotdiLbe

1927 3763 12 12 a
1948 3756 67 24 heavy
2028 3752 67 28 price)
2106 3756 23 17 to
2143 3754 40 24 put
2193 3750 82 21 oneself
2287 3752 22 18 to
2325 3749 76 21 school'
2406 3744 110 29 agaTPror

1928 3790 12 13 a
1954 3782 105 26 half-year
2087 3781 23 20 in
2124 3779 63 20 order
2198 3781 25 17 to
2239 3779 53 19 taste
2309 3777 36 19 the
2493 3775 26 20 of

1928 3811 46 20 that
1982 3811 56 19 hour
2044 3811 6 18 I
2078 3808 61 21 With
2146 3807 57 20 what
2207 3805 69 27 joyful
2284 3809 78 21 energy
2368 3803 59 21 used-
2431 3809 12 14 a
2447 3803 70 20 Tvhole

1929 3838 59 21 choir
2005 3837 24 20 of
2040 3842 73 20 young
2126 3834 71 20 voices
2212 3836 22 17 to
2250 3833 65 19 shout
2325 3833 40 18 out
2379 3828 40 24 thY
2430 3830 88 20 beloved

1930 3866 75 20 chorus
2012 3864 24 21 of
2045 3864 36 19 the
2088 3863 61 20 home
2156 3867 61 20 song.
2245 3859 50 24 Yes,
2304 3860 64 19 sweet
2374 3857 143 28 and'be'lbved,

1929 3892 83 22 indeed,
2022 3892 19 19 is
2050 3891 63 20 home
2122 3887 52 22 then
2182 3888 9 21 1'
2217 3886 59 21 Time
2287 3886 37 21 has
2334 3888 39 18 not
2387 3885 142 30 cmlled^thk;

1930 3920 65 24 world
2010 3920 38 19 ha
2045 3920 22 19 6
2058 3921 39 16 not
2113 3915 113 27 corrnpted
2241 3921 25 14 xis
2276 3921 5 17 ;
2297 3919 23 15 tis
2337 3914 38 19 the
2385 3918 70 21 young
2470 3909 58 24 bireb

1930 3951 84 17 returns
2022 3948 23 17 to
2055 3946 29 19 its
2094 3946 54 23 nest,
2159 3949 23 15 so
2193 3942 26 21 do
2231 3949 28 14 we
2270 3946 23 17 to
2302 3946 47 15 our'
2358 3941 92 26 parents'
2461 3946 58 16 arms

1932 3975 43 20 and*
1982 3973 105 25 dwelling.
2140 3975 6 16 :
2194 3972 2 7 '
2290 3976 4 8 '
2405 3994 2 4 ,
2508 3975 3 8 '

1332 2542 52 24 The
1394 2540 101 26 Look-in
1512 2540 91 24 arrived
1612 2540 60 23 from
1691 2538 91 25 Nelson
1793 2538 91 30 Haven,

1299 2576 120 31 yesterday
1429 2575 115 30 morning.

1332 2609 52 23 The
1397 2608 116 32 Clydeside
1524 2615 46 15 was
1582 2608 70 29 going
1662 2607 25 22 in
1699 2613 29 16 on
1740 2605 86 32 Friday
1832 2605 52 30 last,

1300 2651 25 15 as
1337 2642 47 24 this
1395 2642 74 24 vessel
1480 2649 64 16 came
1556 2645 48 19 out.

1332 2676 53 23 The
1406 2674 93 32 Whiiby
1517 2674 48 24 had
1584 2673 79 29 sailed,
1692 2681 33 15 we
1746 2672 88 24 believe
1851 2672 36 24 for

1301 2709 101 32 Sydney.

1333 2742 53 24 The
1402 2741 100 25 Look-in
1519 2740 85 32 passed
1615 2749 14 15 a
1645 2740 85 31 barque
1749 2739 73 24 which
1842 2747 45 16 was

1299 2776 79 24 bound
1397 2784 30 24 up
1450 2775 39 24 the
1512 2775 94 29 Straits,
1629 2773 115 32 supposed
1761 2777 24 20 to
1801 2773 30 23 be
1849 2773 38 23 the

1300 2808 113 24 Matilda.

1335 2843 51 24 The
1398 2850 94 24 surveys
1502 2849 60 16 were
1572 2839 137 33 proceeding
1721 2840 26 23 in
1759 2848 14 15 a
1785 2839 103 24 satisfac-

1300 2881 51 27 tory
1372 2884 102 18 manner.
1515 2875 25 24 It
1563 2883 46 15 was
1632 2874 114 31 supposed
1767 2874 40 23 the
1829 2878 60 18 town

1300 2909 74 24 would
1385 2910 28 23 be
1424 2909 69 31 ready
1500 2909 37 23 for
1549 2908 115 29 selection,
1676 2915 25 15 as
1714 2915 56 16 soon
1778 2914 23 16 as
1814 2914 14 15 a
1840 2907 49 23 suf-

1300 2944 79 22 ficient
1387 2943 61 30 body
1460 2943 25 23 of
1493 2942 91 24 settlers
1596 2946 23 18 to
1629 2940 82 32 justify
1722 2941 79 30 giving
1812 2940 19 23 it
1843 2944 45 25 out,

1300 2977 47 22 had
1359 2976 96 23 arrived.

1335 3010 52 24 The
1398 3010 97 24 weather
1512 3009 48 23 had
1578 3007 122 25 continued
1715 3007 53 29 fine,
1787 3006 65 27 with,
1852 3006 39 24 the

1301 3044 119 31 exception
1431 3043 26 23 of
1471 3051 15 15 a
1496 3043 81 30 couple
1589 3041 24 24 of
1624 3041 96 30 easterly
1732 3041 102 28 breezes,
1850 3041 42 23 but

1301 3077 55 31 they
1367 3076 74 24 would
1452 3081 41 19 not
1504 3076 59 23 have
1579 3074 130 33 prevented,
1716 3082 13 16 a
1739 3074 75 23 vessel
1822 3074 70 31 going

1302 3118 54 16 over
1367 3110 38 23 the
1417 3111 52 23 flats
1481 3113 23 20 at
1513 3109 58 31 high
1582 3112 77 19 water.

1336 3143 51 24 The
1399 3143 110 24 schooner
1516 3142 86 29 Eliza,-
1607 3142 35 22 for
1649 3141 39 23 the
1700 3140 73 31 safety
1784 3140 23 23 of
1817 3139 75 24 which

1302 3177 63 24 there
1373 3177 40 23 has
1422 3177 59 23 been
1488 3184 63 16 some
1560 3175 165 31 apprehension
1732 3174 62 28 here,
1805 3173 87 24 arrived

1303 3210 72 31 safely
1386 3215 24 19 at
1420 3210 89 24 Nelson
1521 3208 93 30 Haven,
1627 3215 57 16 soon
1693 3208 59 23 after
1764 3206 37 25 the
1812 3206 80 32 depar-

1303 3248 49 18 ture
1366 3243 26 23 of
1401 3243 38 23 the
1449 3242 64 24 Kate
1522 3243 37 22 for
1566 3242 46 23 this
1625 3241 66 24 Port.

1336 3276 44 24 We
1392 3277 56 23 have
1460 3277 58 23 been
1525 3274 115 25 informed
1648 3274 49 24 that
1709 3273 49 24 Mr.
1773 3272 121 32 Heaphy's

1302 3311 68 23 letter
1391 3309 158 31 considerably
1561 3307 140 25 over-stated
1710 3307 39 24 the
1758 3307 104 31 quantity
1872 3305 25 24 of

1303 3343 59 24 level
1372 3344 60 29 land,
1452 3344 25 22 in
1489 3342 38 24 the
1544 3340 189 33 neighbourhood
1745 3340 24 23 of
1778 3340 37 23 the
1827 3340 65 23 Port.

1304 3377 37 24 No
1360 3377 89 24 further
1468 3376 149 24 information
1634 3382 25 16 as
1680 3378 23 20 to
1720 3373 39 24 the
1779 3373 115 23 character

1305 3418 25 16 or
1347 3415 79 19 extent
1451 3410 25 23 of
1500 3409 40 24 the
1565 3408 61 24 back
1646 3412 105 26 country,
1774 3406 45 24 had
1836 3406 59 23 been

1305 3443 114 24 obtained.
1429 3467 2 5 ,

1337 3476 45 24 We
1394 3485 37 15 are
1451 3475 113 24 informed
1580 3474 51 24 that
1648 3481 70 18 some,
1723 3473 137 24 indications
1873 3471 25 26 of

1305 3510 49 23 coal
1366 3510 46 23 had
1420 3511 59 22 been
1490 3513 48 19 met
1549 3507 63 25 with.

1298 3554 6 4 -
1340 3544 77 23 There
1426 3544 22 22 is
1461 3542 132 24 aburidance
1606 3540 25 24 of
1638 3539 59 32 good
1707 3539 69 24 brick
1785 3538 58 32 clay,
1854 3538 43 24 but

1305 3585 30 15 no
1346 3577 55 23 lime
1413 3577 44 23 had
1468 3580 39 26 yet
1518 3575 59 23 been
1588 3579 48 19 met
1646 3573 65 23 with.

1340 3610 78 24 Plank
1429 3609 45 23 and
1486 3608 115 30 scantling
1624 3614 37 17 are
1678 3605 106 32 reported
1794 3609 25 20 to
1831 3605 30 24 be
1873 3606 24 23 in

1305 3648 66 27 great
1394 3641 101 25 demand.
1546 3640 159 32 Speculations
1727 3639 33 23 in-
1775 3639 54 31 pigs
1845 3638 52 26 ;and

1305 3681 103 28 potatoes
1428 3677 20 22 it
1465 3676 21 23 is
1504 3674 49 24 also
1565 3674 50 23 said
1626 3672 76 25 would
1719 3672 30 23 be
1758 3672 122 31 profitable
1890 3681 6 19 ;

1307 3710 55 23 both
1382 3718 37 15 are
1436 3708 86 25 needed
1541 3712 24 19 to
1583 3711 62 19 meet
1663 3706 39 23 the
1724 3709 73 21 wants
1817 3705 26 24 of
1861 3705 38 24 the

1307 3744 132 31 emigrants,
1469 3749 50 16 now
1549 3740 61 32 daily
1637 3739 111 32 expected
1776 3743 23 20 to
1824 3739 76 24 arrive

1307 3777 75 23 there.
1465 3781 13 8 '"

1342 3810 52 23 The
1412 3809 69 30 sheep
1503 3811 55 20 sent
1573 3806 61 24 from
1655 3806 47 23 this
1720 3805 66 32 place
1800 3805 45 24 had
1864 3806 36 23 in-

1307 3843 93 24 creased
1420 3843 24 23 in
1462 3841 86 32 weight
1574 3840 60 24 from
1647 3839 61 32 forty
1721 3844 24 19 to
1763 3839 139 32 sixty-eight

1307 3876 101 31 pounds.
1428 3893 4 4 .
1567 3884 4 7 <
1759 3885 2 7 >
1798 3888 2 5 -

1340 3909 25 24 A
1380 3906 63 34 plan'
1454 3907 25 25 of
1494 3907 92 25 Nelson
1606 3906 85 26 Haven
1711 3906 47 24 had
1775 3906 58 23 been
1853 3905 50 23 for-

1308 3942 90 24 warded
1413 3942 30 30 by
1455 3942 38 22 the
1506 3940 60 24 Will
1579 3939 84 24 Watch
1681 3944 23 20 to
1717 3939 100 31 Sydney,
1836 3943 23 19 to
1874 3939 29 23 be

1307 3975 172 32 lithographed.

657 149 57 30 duty
724 142 27 30 to'
760 148 43 23 call
818 147 49 24 Mr.
886 147 125 31 Murphy's
1031 147 111 23 attention
1159 150 25 19 to
1199 145 50 24 that

658 181 179 25 establishment.
872 180 25 24 A
906 179 116 24 constable
1034 179 82 24 should
1125 179 31 23 be
1166 179 83 30 lodged

657 216 24 22 in
693 214 40 24 the
751 214 71 24 house
841 217 24 20 at
882 214 39 23 the
940 212 99 33 especial
1057 219 101 24 expense
1177 212 25 23 of
1219 212 30 23 its

660 256 85 15 owner.

692 281 57 23 Pari
764 280 56 24 Pari
838 279 21 24 is
878 278 85 25 distant
982 278 69 24 about
1064 280 31 22 11
1107 278 68 23 miles
1190 277 60 24 from

659 314 105 24 Porirua.
800 313 24 23 A
841 312 73 24 house
931 311 65 24 there
1013 311 75 24 would
1106 311 29 23 be
1147 310 104 24 resorted

659 352 22 18 to
704 347 32 30 by
757 346 126 28 travellers,
905 344 117 32 generally
1043 344 71 23 about
1135 343 113 31 mid-day.

660 380 77 24 Those
749 379 51 23 who
810 378 46 24 had
872 378 68 23 made
952 386 13 15 a
976 377 60 32 god
1047 377 79 23 march
1137 377 41 23 the
1189 377 63 31 prior

660 414 53 30 day,
735 412 70 24 either
829 412 90 30 coming
940 410 65 24 down
1028 418 25 16 or
1076 410 73 31 going
1159 417 31 23 up
1212 409 40 24 the

660 450 71 25 coast,
742 445 75 23 would
833 444 48 24 also
900 444 63 31 sleep
974 444 65 23 there
1048 452 7 20 ;
1074 444 143 29 inclemency
1229 442 26 24 of

660 479 106 28 weather,
787 478 21 23 if
828 477 40 24 the
889 477 206 24 accommodations
1114 484 61 15 were
1192 476 60 23 tole-

660 512 66 31 rably
748 511 63 24 clean
831 510 45 24 and
895 510 154 29 comfortable,
1072 510 77 23 would
1170 509 82 23 induce

660 552 96 25 persons
767 548 24 20 to
803 544 87 23 remain
900 543 35 24 for
947 551 30 16 an
987 544 174 30 improvement.

686 578 44 25 ,At
749 577 69 28 Urui,
832 584 42 16 one
889 577 54 23 mile
965 584 30 16 on
1011 577 48 23 this
1078 576 48 23 side
1145 576 26 23 of
1185 575 67 23 Wai-

662 611 78 29 kanai,
758 610 106 29 Jenkins,
884 609 52 24 who
950 618 51 18 was,
1012 609 57 31 long
1079 610 24 22 in
1115 609 39 23 the
1166 609 87 22 service

662 645 27 23 of
702 644 49 24 Mr.
769 644 87 28 Evans,
874 643 25 23 of
914 642 90 32 Kapiti,
1031 643 42 23 has
1092 650 13 15 a
1121 650 57 23 very
1193 641 60 31 good

662 677 80 24 house.
778 677 76 24 There
865 677 21 23 is
902 684 14 15 a
928 676 66 23 small
1006 676 119 23 collection
1137 675 26 23 of
1177 675 75 23 maori

662 710 85 24 houses
767 714 24 20 at
808 710 49 23 this
865 710 73 31 place.
980 709 78 23 There
1075 716 44 22 are,
1140 708 112 28 however,

662 744 66 23 three
738 744 60 23 built
806 743 26 24 in
844 751 14 15 a
867 751 57 23 very
939 743 103 31 superior
1059 749 105 16 manner.
1200 741 54 23 One

663 778 21 22 is
695 785 14 15 a
721 776 86 32 chapel,
820 776 96 24 another
928 776 96 30 belongs
1035 779 23 19 to
1071 775 40 23 the
1122 774 68 30 chief,
1209 774 44 23 and

664 811 39 22 the
715 809 69 30 third,
796 809 74 24 which
880 810 21 23 is
911 809 98 24 farthest
1020 807 86 30 inland,
1114 808 21 23 is
1143 807 112 31 occupied

663 843 32 31 by
706 843 49 23 Mr.
775 842 106 25 Jenkins.
930 842 61 24 Urui
1008 849 54 24 may
1074 842 30 23 be
1119 841 87 24 known
1224 840 31 32 by

664 885 13 14 a
688 884 56 23 very
754 876 64 31 large
835 884 51 15 new
897 875 146 29 boat-house,
1062 874 76 24 which
1156 873 99 24 Jenkins

663 909 43 24 has
717 910 60 23 built
788 917 30 16 on
831 909 39 23 the
880 908 81 30 beach,
978 912 25 19 at
1015 916 14 15 a
1039 912 53 27 spot
1102 907 76 24 where
1189 906 66 24 there

664 944 20 23 is
697 951 29 16 an
737 943 142 24 indentation
890 950 83 22 among
984 941 40 24 the
1032 941 57 23 sand
1099 940 64 24 hills.

699 976 74 24 Otaki
791 977 20 22 is
829 975 89 24 further
938 971 94 28 distant'
1041 974 70 23 about
1128 975 32 22 13
1178 973 76 24 miles.

664 1009 35 24 At
709 1010 47 23 this
766 1010 73 31 place,
856 1009 69 28 Burr,
942 1008 39 24 the
996 1015 80 23 young
1083 1014 55 16 man
1149 1007 50 23 who
1210 1014 45 16 un-

664 1043 139 30 fortunately
812 1042 47 24 had
869 1042 57 23 both
935 1042 37 23 his
985 1049 61 16 arms
1057 1040 76 24 blown
1145 1040 35 23 off
1190 1040 67 23 when

665 1076 78 31 aiding
760 1076 25 23 in
797 1075 101 31 saluting
909 1075 38 23 the
959 1075 65 31 place
1040 1082 31 15 on
1082 1073 39 25 the
1133 1073 85 25 arrival
1234 1073 25 24 of

664 1110 40 23 the
721 1108 70 30 Cuba,
803 1109 42 23 has
865 1117 14 15 a
890 1116 55 23 very
945 1133 4 8 s
961 1108 57 31 good
1031 1108 73 23 maori
1114 1107 80 24 house.
1232 1106 26 24 A

664 1151 55 15 man
728 1142 81 24 named
820 1141 142 25 Macdonald
970 1141 59 24 lives
1034 1141 56 23 with
1097 1141 57 23 him.
1189 1139 68 32 They

665 1184 39 16 are
721 1176 57 23 both
796 1183 54 24 very
862 1175 61 29 civil,
936 1175 45 24 and
1000 1174 128 24 endeavour
1140 1178 23 19 to
1175 1172 82 25 render

665 1210 68 23 those
745 1209 51 24 who
806 1209 56 24 visit
872 1208 65 24 them
948 1207 155 25 comfortable.

701 1242 70 24 Ohou
799 1243 19 23 is
843 1242 69 24 about
934 1244 15 22 5
971 1242 68 23 miles
1061 1240 93 32 beyond
1174 1239 82 24 Otaki.
1265 1253 2 16 j

667 1276 59 24 This
748 1275 75 24 would
844 1276 30 23 be
893 1283 14 15 a
923 1275 62 31 good
1002 1275 65 31 point
1084 1274 35 24 for
1138 1282 14 15 a
1168 1281 55 16 man
1234 1277 24 19 to

667 1310 111 24 establish
793 1317 13 16 a
819 1310 70 29 ferry,
902 1317 26 15 as
942 1308 40 24 the
999 1309 61 22 river
1075 1308 21 23 is
1107 1306 80 25 forded
1203 1306 56 24 with

667 1343 120 31 difficulty,
798 1343 44 23 and
851 1343 130 23 sometimes
991 1341 55 24 with
1053 1341 95 30 danger.
1184 1339 75 32 Many

666 1384 97 23 persons
775 1381 73 19 resort
859 1380 23 20 to
894 1376 46 23 this
956 1375 65 32 place
1032 1379 23 19 to
1074 1374 64 23 trade
1152 1373 56 24 with
1220 1373 38 24 the

666 1411 98 23 natives.
795 1410 69 23 Some
872 1404 153 40 whalers^lso
1036 1407 45 25 live
1087 1407 64 23 here.
1181 1406 78 24 These

667 1443 90 23 several
779 1451 100 21 sources,
898 1451 35 15 we
955 1442 58 23 have
1035 1449 30 16 no
1086 1440 79 30 doubt,
1184 1440 75 24 would

668 1477 72 23 afford
752 1481 95 27 support
857 1477 36 23 for
905 1484 13 15 a
928 1475 80 23 decent
1018 1475 82 23 house.

703 1510 129 24 Orewenua
842 1510 20 23 is
874 1518 14 15 a
902 1508 67 25 small
980 1513 94 24 stream,
1086 1507 45 24 and
1141 1507 22 23 is
1175 1506 85 24 distant

668 1543 70 24 about
762 1545 31 22 10
815 1543 67 24 miles
903 1543 60 23 from
986 1541 80 24 Otaki.
1103 1541 59 23 This
1185 1540 75 24 would

667 1577 70 23 make
754 1585 14 15 a
785 1585 55 23 very
851 1576 60 31 good
930 1576 92 28 station,
1033 1574 99 24 because
1145 1574 20 23 it
1175 1574 21 23 is
1211 1573 51 24 half

669 1618 50 22 way
737 1611 103 23 between
860 1609 73 25 Otaki
954 1609 45 23 and
1020 1608 39 24 the
1079 1607 82 24 mouth
1180 1607 26 23 of
1221 1606 39 24 the

670 1644 133 24 Manewatu
810 1653 7 20 ;
837 1644 45 23 and
893 1644 19 23 is
924 1642 47 25 also
985 1651 14 14 a
1015 1642 66 31 point
1097 1640 24 25 of
1140 1640 120 32 departure

669 1677 61 24 from
745 1677 75 24 which
835 1677 39 24 the
891 1676 106 24 traveller
1013 1683 54 23 may
1085 1674 98 32 proceed
1199 1674 32 31 by
1248 1681 13 17 a

670 1711 72 23 maori
759 1710 63 32 path,
829 1710 40 24 '"of
887 1710 76 23 which
981 1710 104 23 mention
1105 1708 44 23 has
1170 1707 92 31 already

670 1744 60 23 been
743 1738 90 35 made,/'
836 1743 45 24 and
899 1744 72 23 arrive
984 1750 31 16 on
1032 1742 40 24 the
1088 1741 77 28 banks
1183 1741 25 23 of
1222 1741 38 24 the

671 1767 263 40 Manewatu/about-10
945 1770 68 31 mites
1024 1776 31 31 by
1064 1775 38 24 the
1113 1774 114 32 windings
1239 1775 25 24 of

671 1810 39 25 the
722 1811 105 29 river^-or
839 1811 37 23 six
891 1811 67 23 miles
968 1811 32 23 in-
1005 1818 15 15 a
1031 1809 71 24 direct
1111 1816 80 16 course
1202 1808 60 24 from

671 1844 40 24 the
726 1841 79 27 beach.
842 1844 106 31 Leaving
965 1843 40 24 the
1022 1842 73 24 beach
1110 1846 24 20 at
1150 1841 39 24 the
1201 1841 61 24 Ore-

671 1886 88 21 wenua,
773 1878 43 23 and
832 1878 137 31 preceeding
985 1876 79 24 inland
1076 1884 14 15 a
1107 1875 59 25 little
1182 1879 24 19 to
1224 1875 38 24 the

672 1911 68 23 north
759 1912 25 22 of
800 1915 56 25 east,
873 1911 87 23 distant
977 1910 70 23 about
1065 1910 53 23 nine
1130 1908 75 30 miles,
1218 1916 45 23 you

672 1945 74 23 arrive
765 1952 31 16 on
812 1945 38 23 the
869 1944 75 24 banks
963 1944 25 23 of
1003 1951 14 15 a
1032 1950 55 23 very
1105 1947 77 26 pretty
1200 1941 62 30 lake,

674 1978 95 30 bearing
790 1977 39 24 the
848 1985 63 17 same
930 1985 75 16 name.
1041 1976 25 23 It
1083 1976 28 32 is;
1121 1975 71 24 about
1199 2001 7 6 n
1210 1976 56 30 four,

673 2009 66 24 miles
758 2011 26 21 in
797 2009 84 31 length
901 2009 46 23 and
1025 2004 30 27 In
1072 2007 105 24 breadth.
1213 2008 51 24 The

672 2043 58 23 road
751 2043 21 24 is
795 2043 61 31 good
878 2042 40 24 the
938 2042 73 23 whole
1036 2041 25 23 of
1083 2041 47 24 this
1153 2041 109 24 distance.

672 2076 70 24 After
760 2077 103 30 crossing
874 2076 38 24 the
923 2075 62 29 lake,
1001 2075 57 23 such
1070 2075 20 23 is
1102 2079 41 19 not
1154 2074 38 24 the
1205 2082 59 22 case,

674 2109 64 24 there
746 2110 69 30 being
826 2115 45 18 two
881 2109 112 28 marshes,
1006 2108 105 31 together
1121 2108 71 23 ab**t
1202 2108 63 23 three

674 2147 104 27 quarters
789 2144 24 22 of
831 2151 14 15 a
858 2143 54 23 mile
930 2143 26 23 in
965 2142 104 28 breadth,
1087 2145 24 19 to
1128 2142 30 22 be
1175 2142 91 23 crossed

673 2176 79 24 before
770 2176 38 24 the
825 2176 77 24 banks
922 2176 24 23 of
963 2176 39 23 the
1024 2175 132 24 Manewatu
1175 2182 44 16 can
1236 2175 28 23 be

675 2209 107 24 reached.

709 2242 52 25 The
778 2242 80 25 mouth
874 2242 25 25 of
912 2242 40 25 the
968 2242 135 25 Manewatu
1121 2241 77 24 would
1213 2241 30 24 be
1255 2249 12 16 a

674 2276 62 31 good
746 2281 53 28 spot
814 2281 24 19 at
848 2276 75 24 which
939 2277 35 23 for
991 2283 63 17 some
1072 2275 143 23 industrious
1229 2275 38 23 in-

676 2310 101 23 dividual
794 2314 21 19 to
835 2314 62 19 erect
916 2319 14 14 a
944 2310 73 23 house
1034 2309 45 23 and
1090 2309 61 31 keep
1168 2317 15 15 a
1196 2309 56 23 boat
1259 2317 6 21 ;

674 2343 104 24 between
789 2343 64 25 these
861 2343 146 32 occupations
1020 2342 44 24 and
1073 2342 99 32 jobbing
1182 2343 24 22 in
1215 2343 52 30 pigs

676 2377 46 24 and
731 2382 111 26 potatoes,
854 2377 29 23 he
893 2376 68 24 could
970 2380 42 20 not
1023 2376 41 23 fail
1074 2380 23 19 to
1108 2376 96 23 succeed
1213 2383 56 23 very-

675 2411 60 23 well.
771 2411 61 23 Burr
850 2410 45 24 and
910 2409 137 29 M'Donald,
1066 2409 50 24 who
1129 2417 39 15 are
1180 2417 29 15 on
1227 2416 41 16 ex-

677 2444 82 24 cellent
776 2449 69 18 terras
856 2444 56 23 with
933 2443 37 24 the
982 2444 89 23 natives
1090 2448 24 17 at
1125 2442 40 23 the
1173 2442 54 32 pah,
1246 2448 24 18 at

677 2477 39 23 the
727 2477 78 24 mouth
817 2477 26 24 of
858 2477 47 23 this
923 2477 68 28 river,
1011 2476 73 31 spoke
1097 2476 24 24 of
1138 2476 107 31 building
1257 2484 14 16 a

676 2510 72 25 house
760 2511 67 31 along
839 2510 48 24 side
895 2510 26 24 of
929 2511 19 22 it
957 2510 34 24 for
1003 2510 38 23 the
1053 2517 42 16 use
1107 2510 26 23 of
1141 2509 126 24 travellers.

677 2544 53 24 The
741 2543 120 25 drawback
873 2544 26 24 of
912 2544 41 24 the
964 2543 66 32 place
1045 2543 22 23 is
1080 2551 14 15 a
1111 2542 125 31 deficiency

676 2578 64 23 fresh
752 2582 77 20 water.
866 2577 52 24 The
934 2576 83 33 people
1029 2576 24 24 of
1068 2576 39 24 the
1123 2576 47 32 pah
1183 2576 89 32 depend

676 2619 64 24 upon
737 2613 10 10 s
756 2611 39 25 the
806 2611 68 30 river,
893 2611 75 24 which
987 2611 22 23 is
1027 2610 45 24 salt
1086 2610 69 24 when
1173 2610 39 24 the
1225 2610 46 24 tide

676 2645 75 23 flows.
