4220 5890
1412 3487 238 41 Commercial.

1281 3565 75 21 Messrs
1371 3565 88 27 Dalgety
1472 3565 41 21 and
1528 3566 45 27 Co.,
1589 3565 100 27 Limited,
1705 3567 71 26 report
1789 3574 19 13 as

1255 3600 79 22 follows

1279 3636 211 21 Rabbitskins.—The
1503 3636 59 21 usual
1576 3636 42 21 sale
1631 3644 40 14 was
1681 3637 48 21 held
1740 3638 22 19 at
1771 3638 35 20 the

1255 3663 139 24 Agricultural
1417 3664 48 20 Hall
1483 3664 109 27 buildings,
1613 3671 26 14 on
1661 3665 88 24 Monday
1760 3665 46 26 last,

1255 3691 57 20 when
1322 3690 58 21 there
1390 3698 40 13 was
1440 3692 37 19 the
1489 3692 58 21 usual
1567 3692 124 21 attendance
1701 3692 22 21 of
1733 3687 75 31 buyers

1255 3718 39 21 and
1301 3718 35 21 the
1344 3718 69 21 values
1421 3719 67 26 ruling
1495 3720 39 19 last
1544 3720 56 20 week
1608 3727 53 14 were
1672 3720 134 21 maintained.

1256 3746 37 21 We
1303 3746 157 26 quote—Prime
1477 3748 73 19 winter
1564 3747 47 21 does
1627 3749 22 19 to
1742 3748 66 26 prime

1256 3774 72 21 winter
1338 3774 68 21 mixed
1416 3773 30 30 13?
1456 3773 10 30 d
1476 3773 21 30 to
1508 3775 44 25 14d,
1563 3775 91 21 medium
1665 3775 39 21 12d
1714 3777 22 19 to
1749 3774 57 29 12fd,

1255 3804 95 18 autumns
1361 3801 24 21 8d
1396 3803 22 19 to
1428 3801 43 25 101,
1484 3809 98 14 summers
1593 3803 25 21 od
1636 3805 20 19 to
1665 3803 47 26 G}d.

1279 3829 201 25 Sheepskins.—The
1490 3830 115 25 catalogues
1614 3831 77 19 offered
1701 3831 41 19 this
1749 3831 57 19 week

1255 3862 52 14 were
1322 3856 82 20 smaller
1418 3856 50 20 than
1483 3858 66 20 usual.
1576 3857 65 21 There
1660 3864 40 13 was
1726 3864 11 13 a
1756 3864 49 14 v*>rv

1255 3883 50 25 good
1315 3883 60 25 enqni
1379 3891 8 7 r
1387 3890 14 19 y
1411 3890 24 13 an
1438 3883 13 20 ,l
1460 3883 36 21 thp
1505 3885 64 24 prills
1580 3885 95 24 reported
1693 3885 41 20 last
1745 3885 56 20 w-ek

1255 3916 52 12 were
1316 3909 78 26 readily
1402 3910 103 20 obtained.
1534 3910 37 19 We
1581 3911 222 26 quote—Fullwoo!l~d

1255 3937 102 20 crossbred
1373 3937 40 21 and
1435 3937 93 21 halfbred
1547 3938 55 20 skins
1620 3938 63 25 (clean
1698 3939 40 21 and
1759 3938 44 20 well

1254 3965 59 19 saved
1324 3965 60 26 pelts)
1395 3967 21 19 to
1425 3966 26 20 5d
1467 3972 35 17 per
1516 3966 27 21 lb.
1562 3967 91 20 medium
1671 3967 25 21 4d
1716 3969 21 19 to
1756 3967 46 25 4id,

1254 3992 77 20 merino
1338 3992 37 21 full
1379 3993 83 19 woolled
1520 3995 22 17 to
1550 3993 33 25 4(1,
1594 3994 88 20 medium
1693 3995 25 20 3d
1728 3997 22 18 to
1757 3993 46 27 3|d.

1279 4018 138 21 Hides.—We
1427 4019 78 21 cleared
1519 4021 37 19 out
1565 4020 25 20 all
1601 4021 150 23 consignments
1762 4021 42 21 this

1253 4046 63 22 wpek.
1345 4047 122 26 Quotations
1477 4046 127 25 unchanged.
1632 4048 17 20 B
1652 4056 8 7 u
1662 4050 19 18 st
1692 4049 66 26 lieivy
1778 4056 25 13 ox

1253 4073 56 22 hides
1319 4074 37 27 3Jd
1374 4076 21 19 to
1405 4074 32 26 4d,
1448 4075 90 22 medium
1555 4075 37 23 2id
1612 4077 22 20 to
1643 4076 33 28 3d,
1696 4076 53 27 light
1764 4076 40 23 and

1252 4102 84 20 inferior
1394 4104 21 19 to
1425 4103 32 21 2d.

1278 4129 128 20 Wool—The
1416 4130 83 20 London
1510 4130 49 19 wool
1570 4130 52 20 sales
1631 4131 78 25 opened
1726 4138 26 13 on
1767 4131 36 20 the

1251 4156 49 21 28th
1311 4156 47 22 inst.
1369 4156 39 21 and
1420 4164 28 13 we
1458 4163 33 14 are
1501 4157 46 25 glad
1557 4159 21 18 to
1589 4157 24 21 lie
1629 4158 45 21 able
1689 4163 21 15 to
1730 4160 71 24 report

1251 4191 24 14 an
1285 4184 90 22 advance
1384 4184 21 21 of
1414 4184 62 22 ahout
1485 4186 12 20 5
1508 4193 35 16 per
1552 4187 47 20 cent
1615 4193 24 14 on
1655 4186 19 21 al
1676 4186 5 14 1
1693 4186 73 21 classes
1776 4186 22 21 of

1253 4212 55 21 wool.
1334 4212 36 19 We
1378 4213 52 20 have
1437 4214 91 19 received
1535 4214 87 20 another
1628 4214 111 24 cablegram
1752 4214 51 19 from

1249 4246 37 13 our
1300 4240 83 21 London
1402 4240 56 20 office
1477 4241 84 23 reading
1578 4248 21 13 as
1617 4241 79 20 follows

1248 4267 52 20 sales
1309 4267 95 20 continue
1415 4268 51 24 firm,
1478 4269 48 19 with
1545 4276 24 13 an
1581 4268 83 25 upward

1271 4352 151 39 Mount
1465 4353 159 49 Benger
1667 4355 114 38 Mail.

1406 4456 61 19 JUST
1486 4457 55 19 AND
1561 4457 68 19 FEAR

1340 4534 117 25 FRIDAY,
1472 4534 129 21 OCTOBER
1619 4535 20 25 8,
1659 4535 56 22 1897.

1274 4625 42 20 The
1324 4626 56 20 trout
1397 4625 72 26 fishing
1484 4632 70 13 season
1569 4625 32 20 for
1609 4626 48 20 1807
1672 4626 78 26 opened
1761 4626 41 21 last

1249 4660 82 25 Friday.

1275 4699 19 20 A
1300 4698 82 26 County
1392 4699 59 20 court
1460 4698 62 27 judge
1532 4699 36 20 has
1574 4699 81 21 decided
1667 4699 46 21 that
1723 4706 24 14 an
1755 4699 33 21 inn-

1249 4734 74 25 keeper
1334 4734 15 20 is
1361 4733 60 22 liable
1431 4734 32 20 for
1477 4734 36 20 the
1529 4735 43 20 cost
1580 4734 21 20 of
1612 4741 10 13 a
1636 4734 76 26 bicycle
1729 4734 38 21 left
1777 4742 24 13 on

1249 4766 32 20 his
1308 4767 95 26 premises
1435 4767 73 21 should
1527 4768 16 20 it
1559 4768 24 20 be
1599 4768 66 20 stolen
1682 4768 60 20 while
1767 4768 36 20 the

1249 4805 68 14 owner
1326 4800 16 19 is
1352 4800 105 25 lunching.

1275 4838 76 25 Bishop
1369 4838 83 21 Verdon
1468 4838 39 21 left
1517 4839 35 20 the
1567 4838 53 21 bluff
1630 4846 24 14 on
1674 4839 128 27 Wednesday

1250 4871 32 21 for
1305 4871 127 26 Melbourne,
1444 4872 57 20 there
1511 4874 22 18 to
1543 4873 47 20 take
1601 4875 45 21 part
1656 4873 20 20 in
1695 4873 36 20 the
1749 4880 42 13 cere-

1250 4913 60 18 mony
1321 4906 19 20 in
1350 4907 119 20 connection
1481 4906 48 21 with
1540 4907 88 25 opening
1639 4907 35 20 the
1684 4907 112 22 cathedral.

1250 4940 22 21 It
1281 4941 17 19 is
1305 4939 97 24 expected
1414 4939 46 21 that
1470 4939 36 21 the
1516 4940 73 27 bishop
1607 4941 41 20 will
1658 4940 25 21 be
1700 4940 63 22 about
1771 4941 31 21 six

1251 4973 65 21 weeks
1325 4973 20 21 in
1356 4972 112 23 Australia.

1275 5012 30 21 At
1321 5012 36 21 the
1375 5011 40 22 last
1428 5012 91 26 meeting
1528 5012 21 21 of
1557 5012 35 21 the
1602 5012 110 26 Roxburgh
1724 5012 72 21 School

1250 5047 122 21 Committee
1383 5047 35 20 the
1428 5047 86 20 circular
1519 5047 53 21 from
1581 5047 35 21 the
1626 5048 108 20 Lawrence
1745 5047 54 26 High

1251 5080 71 21 School
1333 5081 130 25 Committee,
1481 5082 115 24 suggesting
1605 5082 108 20 alteration
1730 5081 20 21 in
1768 5082 35 20 the

1252 5113 131 21 constitution
1390 5113 21 20 of
1417 5113 35 20 the
1458 5113 112 21 Education
1578 5114 73 24 Board,
1661 5121 39 13 was
1709 5114 92 20 received

1252 5146 50 20 with
1335 5145 81 27 favour,
1445 5146 36 19 the
1510 5146 117 20 committee
1660 5146 143 26 unanimously

1253 5179 94 26 deciding
1362 5181 21 19 to
1401 5180 85 25 snpport
1505 5179 23 21 it.
1556 5179 126 21 Favourable
1699 5179 74 25 replies
1782 5182 22 18 to

1252 5215 36 21 the
1297 5214 86 21 circular
1395 5221 34 13 are
1446 5213 59 26 being
1521 5214 91 21 received
1627 5214 52 21 from
1695 5214 34 21 the
1746 5218 56 18 creat

1253 5249 95 27 majority
1361 5249 22 21 of
1401 5250 86 24 country
1502 5249 134 26 committees,
1653 5249 98 26 although
1769 5249 35 21 the

1253 5287 53 19 town
1319 5284 134 25 committees,
1464 5290 21 13 as
1497 5283 66 26 might
1576 5284 25 20 be
1611 5284 105 26 expected,
1726 5291 34 14 are
1769 5285 36 20 not

1253 5317 90 26 showing
1352 5324 38 19 any
1401 5317 85 20 interest
1495 5316 20 20 in
1526 5316 35 21 the
1571 5319 82 19 matter.

1278 5357 29 20 At
1315 5363 11 13 a
1332 5355 70 26 sitting
1413 5355 22 21 of
1440 5354 35 21 the
1482 5355 105 21 Warden's
1594 5355 63 21 Court
1665 5355 136 26 Queenstown

1252 5392 40 20 last
1306 5390 55 21 week
1371 5389 94 27 (saysthe
1498 5390 55 21 Lake
1562 5390 113 24 Wakatipu
1772 5391 33 21 Mr

1253 5426 109 26 M'Carthy
1390 5425 59 21 made
1466 5432 26 14 an
1515 5426 163 20 announcement
1702 5425 21 21 of
1747 5433 56 14 some

1253 5462 126 25 importance
1388 5462 22 17 to
1425 5459 92 26 litigants
1528 5460 21 20 in
1564 5466 54 14 cases
1628 5459 88 26 brought
1735 5460 69 21 before

1253 5494 43 21 him
1304 5494 32 20 for
1346 5492 138 27 adjudication
1491 5492 19 21 in
1522 5492 95 27 disputed
1631 5492 133 27 applications
1774 5493 31 20 for

1253 5527 78 27 mining
1345 5526 115 27 privilages.
1488 5526 38 21 His
1545 5526 98 26 Worship
1668 5526 67 20 stated
1751 5526 54 28 that,

1255 5563 67 20 whilst
1345 5561 107 26 attending
1475 5561 36 20 the
1538 5562 70 20 recent
1631 5560 124 22 Conference
1783 5564 22 18 st

1255 5596 134 25 Wellington,
1402 5594 26 22 he
1436 5595 50 21 took
1495 5594 36 22 the
1540 5595 136 26 opportunity
1685 5594 22 21 of
1717 5595 76 21 consult-

1253 5632 35 26 ing
1296 5631 32 21 his
1335 5630 84 22 brother
1427 5629 100 22 Wardens
1537 5629 50 21 with
1596 5629 71 26 regard
1680 5631 22 19 to
1711 5630 94 26 granting

1253 5668 54 19 costs
1316 5666 20 21 in
1347 5665 88 27 opposed
1445 5665 143 26 applications.
1617 5665 99 21 Hitherto
1726 5665 25 21 lie
1763 5665 39 22 had

1253 5701 59 21 made
1326 5708 11 13 a
1356 5700 59 27 point
1430 5701 36 19 not
1479 5701 22 19 to
1515 5699 27 21 do
1559 5706 30 19 so,
1608 5699 38 21 but
1659 5700 26 20 he
1702 5700 40 21 had
1759 5707 45 14 how

1253 5735 84 22 decided
1354 5736 22 20 to
1393 5736 60 24 grant
1468 5733 58 27 |costs
1550 5741 22 13 as
1596 5734 89 25 thought
1703 5734 101 22 desirable

1255 5770 67 21 where
1335 5768 134 28 applications
1479 5774 51 14 were
1536 5768 93 26 objected
1637 5769 23 20 to

1862 195 43 22 The
1919 198 75 21 annual
2004 199 89 27 meeting
2105 200 22 21 of
2134 200 38 22 the
2182 196 114 28 Roxburgh
2304 195 84 23 Cricket

1837 227 60 27 Club,
1920 231 65 21 called
2003 231 32 21 for
2057 233 117 20 to-morrow
2196 231 65 26 night,
2277 230 37 21 has
2334 229 52 21 been

1837 262 113 26 postponed
1970 264 32 21 for
2019 271 13 14 a
2209 262 110 27 Saturday.
2339 260 51 23 16th

1837 294 95 24 October.
2140 300 8 18 ;

1861 340 44 21 The
1919 341 80 22 rainfall
2015 342 32 23 for
2056 343 36 23 the
2101 343 72 23 month
2186 342 22 21 of
2226 342 128 26 September,
2367 347 21 14 as

1837 376 110 26 registered
1957 377 26 27 by
1993 377 110 23 DrMulUn
2114 379 21 21 in
2144 376 120 26 Roxburgh,
2273 374 112 23 amounted

1837 412 22 19 to
1877 408 3 32 -
1883 412 25 21 82
1917 412 75 27 inches,
2002 413 44 21 rain
2055 413 72 27 falling
2141 419 26 15 on
2185 418 61 15 seven
2260 410 57 25 days.
2344 408 41 21 For

1837 446 37 21 the
1886 447 156 28 corresponding
2051 449 71 21 month
2136 447 40 22 last
2193 453 49 21 year
2258 445 45 21 1°44
2320 443 70 22 inches

1840 481 43 21 fell.

1832 518 1 33 |
1863 522 56 22 Four
1927 525 101 24 reporters
2035 524 96 22 attended
2136 531 12 15 a
2154 522 55 29 prize
2219 520 51 27 fight
2275 520 23 22 at
2307 518 82 23 Buffalo

1837 559 97 26 (U.S.A.)
1953 560 20 20 in
1990 567 12 13 a
2019 561 131 26 professional
2167 558 92 28 capacity
2277 556 39 21 and
2336 562 52 15 were

1839 594 97 26 captured
1946 594 27 27 by
1981 594 35 21 the
2026 596 70 26 police.
2117 596 61 29 Jfhey
2189 600 51 14 were
2259 591 88 26 brought
2359 598 29 16 up

1837 629 69 21 before
1920 636 12 14 a
1948 629 63 28 judge
2028 630 46 22 who
2090 629 104 29 promptly
2208 627 90 23 released
2320 626 66 25 them,

1840 666 103 26 declaring
1951 666 46 21 that
2006 666 17 21 it
2032 674 40 13 was
2080 673 13 14 a
2101 664 98 29 principle
2209 664 22 21 of
2239 662 47 26 law,
2305 668 22 13 as
2338 661 48 20 well

1839 707 22 14 as
1876 701 22 20 of
1909 708 92 14 common
2011 709 64 19 sense,
2084 702 47 21 that
2146 701 58 20 three
2220 697 59 23 kinds
2300 697 23 21 of
2342 704 46 14 men

1838 745 52 14 were
1899 738 110 26 permitted
2018 741 21 18 to
2047 746 25 19 go
2081 738 107 27 anywhere
2196 735 90 22 without
2291 734 92 21 blame—

1838 773 87 27 doctois,
1936 773 121 27 clergymen,
2070 774 40 21 and
2119 774 109 26 reporters.

1864 821 29 20 At
1910 821 36 20 the
1956 821 135 26 Magistrate's
2106 821 72 26 Court,
2186 817 165 25 'Christchurch,
2361 823 26 14 on

1844 856 99 27 Tuesday,
1961 856 34 23 W.
2014 856 18 21 H
2053 857 50 27 Cox,
2117 856 85 22 licensee
2216 855 22 22 of
2251 855 36 21 the
2296 854 94 22 Summer

1842 892 70 26 Hotel,
1930 899 39 14 was
1979 892 86 26 charged
2075 893 47 20 with
2132 892 109 25 supplying
2249 890 79 26 brandy
2345 890 22 19 to
2377 895 11 13 a

1843 935 77 14 women
1931 928 61 21 while
2000 928 35 21 she
2045 935 39 14 was
2093 928 74 23 drunk.
2195 927 33 21 Mr
2236 927 98 21 Beetham
2347 924 43 21 said

1839 962 26 22 he
1875 963 90 26 thought
1974 963 46 21 that
2033 965 23 20 to
2065 965 58 21 allow
2132 972 12 12 a
2155 970 77 14 women
2247 963 21 20 to
2278 960 77 22 remain
2367 960 21 21 in

1840 996 36 22 the
1898 997 63 22 house
1987 998 95 26 drinking
2094 1021 8 7 %
2110 998 27 21 all
2158 998 35 21 the
2218 996 106 21 afternoon
2350 1000 38 15 was

1842 1032 162 25 reprehensible,
2023 1032 40 21 and
2078 1034 21 19 to
2108 1032 57 21 mark
2174 1031 31 21 his
2216 1036 57 15 sense
2291 1029 21 21 of
2327 1029 18 21 it
2361 1028 27 21 he

1841 1066 90 21 inflicted
1946 1073 12 14 a
1974 1066 40 21 fine
2032 1066 22 21 of
2071 1066 48 27 £lO,
2138 1066 49 21 with
2203 1066 55 21 costs
2275 1063 51 27 (15s)
2341 1062 40 22 and

1841 1101 144 28 expenses(£2
1996 1102 37 26 2s).

1866 1151 19 19 A
1896 1150 92 24 singular
1997 1149 78 21 exhibit
2089 1156 39 14 was
2138 1148 91 26 recently
2242 1148 70 26 placed
2321 1146 69 22 before

1840 1184 37 22 the
1912 1191 105 19 managers
2052 1184 21 21 of
2102 1183 35 22 the
2172 1182 74 23 Alfred
2282 1181 103 27 Hospital,

1843 1221 126 25 Melbourne,
1982 1220 27 25 by
2025 1221 38 20 the
2077 1221 99 24 Jior.orary
2185 1226 93 19 surgeon.
2305 1219 21 20 It
2337 1225 33 14 con-

1845 1254 61 21 sisted
1917 1255 22 19 of
1946 1261 11 12 a
1969 1261 53 13 mass
2033 1254 22 20 of
2063 1254 43 20 hair
2115 1254 77 25 tightly
2200 1253 79 20 matted
2288 1252 100 26 together,

1847 1289 99 27 weighing
1964 1289 41 27 21b,
2023 1289 59 20 taken
2103 1289 52 21 from
2173 1288 36 21 the
2227 1287 90 22 stomach
2334 1287 23 21 of
2376 1294 11 14 a

1846 1325 74 21 female
1929 1324 86 27 patient,
2030 1329 15 12 w
2047 1321 11 13 v
2062 1318 57 24 \b*d
2128 1322 51 22 been
2188 1322 96 27 operated
2294 1329 54 20 upon
2356 1322 32 21 for

1842 1367 12 13 a
1870 1359 101 26 supposed
1988 1358 49 21 intei
2039 1353 2 36 J
2042 1353 125 36 j*jTumor,
2195 1357 21 20 It
2225 1357 17 20 is
2258 1357 129 27 conjectured

1844 1393 47 21 that
1910 1393 36 21 the
1956 1393 43 20 hair
2011 1386 158 31 wi||B*nowed
2184 1391 27 27 by
2221 1391 36 21 the
2266 1391 80 26 patient
2364 1391 24 21 18

1847 1429 83 21 months
1938 1435 38 20 ago
1984 1426 209 24 whileinwrielirious
2202 1429 60 20 state.

1866 1478 43 20 The
1926 1478 119 20 Weslevans
2056 1477 23 22 6f
2087 1478 34 21 the
2129 1477 113 26 Roxburgh
2251 1477 73 22 circuit
2340 1476 47 21 held

1839 1512 58 22 their
1908 1513 106 27 quarterly
2019 1513 84 27 meeting
2108 1521 26 14 on
2139 1513 75 27 Friday
2224 1512 86 27 evening
2320 1512 40 22 last
2367 1514 22 19 at

1842 1548 36 21 the
1884 1555 118 19 parsonage.
2183 1551 80 19 returns
2270 1555 52 14 were
2328 1548 57 26 again

1841 1582 22 20 of
1880 1590 12 12 a
1901 1582 127 27 satisfactory
2046 1584 74 25 nature,
2138 1584 40 21 and
2195 1583 82 21 showed
2286 1583 47 20 that
2353 1583 36 19 the

1842 1617 55 21 work
1911 1617 21 21 of
1948 1617 35 21 the
2002 1617 70 23 circuit
2086 1619 17 21 is
2121 1619 59 25 being
2198 1618 77 22 carried
2290 1625 27 14 on
2336 1617 51 21 with

1842 1654 101 21 unabated
1948 1654 89 27 Jenergv.
2063 1655 40 22 The
2112 1655 88 25 meeting
2207 1654 101 22 extended
2319 1656 21 19 to
2352 1653 35 21 the

1845 1690 53 20 Rev.
1924 1690 33 20 Mr
1979 1690 82 25 Hooper
2075 1697 11 14 a
2105 1691 71 24 hearty
2194 1690 40 21 and
2266 1689 122 21 unanimous

1842 1724 107 22 invitation
1960 1727 22 19 to
1991 1726 75 20 remain
2074 1725 19 23 in
2103 1725 35 21 the
2153 1725 71 22 circuit
2233 1724 86 22 another
2329 1731 55 19 year,

1842 1760 64 21 which
1917 1768 40 13 was
1974 1761 179 27 acceptedlsubject
2163 1763 21 18 to
2200 1760 36 21 the
2246 1759 98 27 approval
2365 1759 21 20 of

1842 1797 129 20 Conference.

1866 1840 20 21 A
1894 1841 110 20 statement
2017 1839 36 22 has
2061 1840 47 22 been
2121 1839 106 28 published
2243 1838 91 26 showing
2353 1838 35 21 the

1846 1875 59 21 trade
1927 1875 92 20 between
2041 1876 99 24 Germauy
2162 1875 39 19 and
2223 1875 64 19 Great
2310 1874 78 20 Britain

1832 1911 1 30 !
1849 1914 73 27 during
1935 1914 56 27 1896,
2006 1913 42 22 also
2060 1914 88 22 between
2161 1913 103 26 Gerir,any
2279 1912 39 21 and
2331 1911 59 21 India

1842 1950 40 20 and
1890 1950 104 21 Australia
2003 1950 32 20 for
2043 1950 33 21 the
2083 1956 54 15 same
2143 1948 76 28 period.
2247 1947 44 21 The
2303 1950 84 23 exports

1844 1984 52 22 from
1906 1985 103 27 Germany
2019 1987 21 20 to
2052 1986 61 21 Great
2123 1984 78 21 Britain
2218 1990 52 14 were
2282 1982 73 22 valued
2367 1983 22 19 at

1851 2021 141 26 £35,750,000,
1999 2021 98 25 whilerfhe
2104 2020 76 22 British
2188 2020 96 26 products
2289 2018 101 27 imported

1841 2056 27 26 by
1886 2056 102 26 Geimany
1997 2063 52 15 were
2059 2056 70 21 Talued
2142 2058 22 19 at
2178 2054 142 28 £80,700,000.
2347 2053 43 20 The

1842 2092 91 21 German
1950 2093 83 24 exports
2048 2093 19 20 te
2083 2091 60 22 India
2158 2091 39 21 and
2212 2089 105 23 Australia
2338 2096 52 14 weie

1845 2125 77 21 valued
1942 2127 22 19 at
1979 2124 123 27 £3,fioo.f'oo,
2117 2124 39 21 and
2174 2124 103 26 Germany
2288 2122 102 26 imported

1845 2158 51 21 from
1906 2158 58 21 these
1971 2158 165 26 countriwgoods
2142 2158 100 21 vAluedat
2249 2155 139 28 £13,500,000.

1866 2210 24 20 In
1906 2210 86 20 another
2000 2210 85 20 Kioluran
2101 2209 42 21 will
2163 2209 24 20 be
2202 2208 63 21 found
2281 2214 26 14 an
2316 2207 72 21 article

1841 2252 25 13 on
1877 2244 34 21 the
1919 2244 150 30 OtagoCollegj
2075 2244 21 21 of
2103 2244 118 26 Pharmacy,
2229 2251 25 13 an
2264 2242 123 23 institution

1844 2279 65 20 which
1920 2279 35 20 hf>s
1965 2279 51 20 been
2030 2278 119 21 established
2164 2278 31 21 for
2210 2278 34 20 the
2263 2284 87 20 purpose
2366 2276 22 21 of

1840 2313 75 24 raising
1926 2312 36 20 the
1974 2312 94 21 standard
2083 2312 22 20 of
2114 2312 35 20 the
2167 2311 112 27 profession
2296 2311 21 20 in
2336 2311 51 20 New

1841 2346 97 22 Zealand.
1966 2348 29 19 At
2001 2348 81 25 present
2092 2346 65 26 owing
2166 2348 22 18 to
2194 2346 87 26 unequal
2290 2345 98 20 standard

1840 2381 22 20 of
1872 2381 137 21 examination
2018 2381 38 21 and
2068 2381 53 21 want
2130 2381 21 19 of
2160 2379 120 26 reciprocity
2290 2378 50 22 with
2351 2378 36 21 the

1832 2413 1 31 |
1841 2416 58 20 other
1908 2416 94 24 colonies,
2014 2416 35 20 the
2056 2416 67 26 .positi
2132 2423 18 12 on
2160 2415 40 20 and
2209 2414 150 27 qualifications
2369 2413 21 21 of

1840 2458 12 11 a
1863 2451 50 19 New
1924 2449 89 21 Zealand
2024 2451 85 19 chemist
2118 2451 16 19 is
2144 2452 36 18 not
2189 2449 116 25 recognised
2323 2449 65 20 there.

1842 2485 30 26 By
1882 2484 85 26 offering
2156 2484 31 21 for
2195 2484 64 26 study
2267 2483 40 22 and
2314 2482 75 26 raising

1841 2520 36 20 the
1898 2520 95 20 standard
2011 2520 22 19 of
2051 2520 137 23 examination
2206 2519 41 20 this
2261 2519 129 20 undesirable

1841 2555 53 18 state
1903 2553 22 21 of
1934 2553 67 26 things
2011 2553 16 20 is
2041 2553 73 25 sought
2134 2554 22 18 to
2174 2552 25 20 be
2218 2552 111 22 abolished,
2348 2551 40 20 and

1840 2589 72 22 should
1924 2589 42 22 also
1976 2588 39 23 add
2023 2590 22 20 to
2058 2588 36 23 the
2103 2588 76 22 benefit
2193 2586 105 24 conferred
2314 2595 26 14 on
2355 2587 36 22 the

1840 2625 80 26 general
1928 2625 75 26 public.
2051 2621 28 27 V

1866 2675 33 22 On
1919 2675 90 26 Monday
2026 2675 46 26 last,
2082 2675 54 21 after
2144 2675 77 21 several
2233 2675 49 26 days
2305 2675 22 21 of
2341 2674 50 27 high

1841 2712 53 21 wind
1915 2711 42 22 and
1968 2711 55 27 dust,
2044 2711 44 22 bain
2113 2711 129 22 commenced
2259 2713 21 20 to
2301 2710 37 22 fall
2365 2711 20 21 in

1841 2746 114 27 Roxburgh
1967 2748 22 19 at
2002 2747 11 21 I
2027 2753 59 20 p.m.,
2101 2747 59 21 much
2175 2749 21 18 to
2213 2748 36 19 the
2275 2746 79 27 delight
2369 2747 22 20 of

1840 2781 122 28 everybody,
1972 2781 39 22 and
2021 2781 110 23 continued
2143 2781 30 23 off
2180 2781 40 23 and
2228 2788 25 15 on
2264 2781 126 27 throughout

1840 2818 35 21 the
1891 2818 107 20 afternoon
2011 2818 40 20 and
2059 2818 74 25 during
2146 2818 100 26 Tuesday,
2260 2818 63 21 about
2341 2825 38 13 one-

1840 2850 54 21 thirl
1901 2850 22 20 of
1929 2856 26 14 an
1961 2850 47 21 inch
2016 2849 68 26 fattb*!
2091 2850 121 25 altogether.
2239 2850 108 27 Although
2354 2851 36 19 not

1839 2893 12 13 a
1860 2886 67 27 heavy
1934 2885 44 26 fall,
1986 2886 38 21 and
2031 2888 35 20 not
2072 2893 39 14 one
2116 2886 44 21 half
2165 2886 22 21 of
2192 2886 55 21 what
2254 2887 17 20 is
2280 2886 101 27 required,

1840 2923 35 25 yfet
1890 2922 18 21 it
1915 2929 40 13 was
2073 2923 22 20 to
2105 2922 38 26 put
2151 2929 44 14 new
2206 2922 36 21 life
2251 2922 44 21 into
2303 2922 35 21 the
2344 2922 45 27 soil,

1839 2955 40 22 and
1891 2955 28 21 all
1929 2955 63 22 forms
1998 2955 27 22 ot'
2037 2949 112 34 ifoge&tion
2167 2964 35 13 are
2218 2956 103 27 springing
2333 2956 56 21 forth

1842 2992 47 20 with
1897 2992 92 20 renewed
1997 2993 67 21 effort.
2091 2992 28 20 To
2126 2992 40 20 the'
2173 2992 74 21 miners
2257 2992 43 21 also
2309 2992 35 21 the
2352 2992 37 21 fall

1839 3025 17 21 is
1866 3032 47 19 very
1925 3025 101 26 welcome,
2040 3026 89 27 helping,
2144 3033 22 14 as
2175 3027 17 20 it
2206 3026 43 27 has,
2265 3028 21 19 to
2299 3026 91 22 increase

1839 3061 55 22 their
1904 3063 61 20 water
1973 3062 81 27 supply.
2081 3063 19 21 A
2110 3062 136 22 considerable
2260 3064 84 20 amount
2362 3061 21 22 of

1838 3098 56 19 show
1908 3096 35 23 fell
1957 3104 25 14 on
2000 3098 36 20 the
2054 3097 39 22 Old
2110 3098 48 21 Man
2172 3098 77 25 Range,
2261 3098 66 20 which
2346 3098 41 20 will

1838 3132 59 22 make
1921 3133 35 21 the
1966 3133 56 21 track
2033 3133 86 22 difficult
2129 3133 32 22 for
2174 3133 87 27 crossing
2270 3133 32 21 for
2315 3140 12 14 a
2345 3132 41 22 few

1839 3169 56 26 days.

1863 3213 43 21 The
1913 3213 92 20 Fortrose
2013 3213 158 24 correspondent
2178 3213 21 20 of
2206 3213 35 20 the
2272 3213 118 24 Wyndham

1970 3246 67 20 writes
2080 3245 64 22 What
2164 3247 64 20 about
2241 3246 147 21 tuberculosis?

1840 3280 38 19 We
1887 3279 52 21 have
1953 3282 35 23 got
2150 3280 21 20 of
2186 3280 18 20 it
2218 3281 20 19 in
2255 3280 36 20 the
2307 3280 81 20 starved

1839 3314 61 21 cattle
1916 3314 21 20 in
1955 3321 38 13 our
2010 3314 88 24 district,
2116 3315 36 20 not
2171 3314 48 26 only
2238 3314 21 21 in
2279 3314 35 21 the
2335 3322 53 14 cows

1839 3349 128 25 themselves,
1983 3350 37 20 but
2037 3350 21 20 in
2079 3350 35 20 the
2135 3357 64 19 puny,
2209 3350 23 20 ill
2253 3350 69 21 reared
2334 3350 57 21 stock

1838 3383 53 21 from
1910 3384 54 20 their
1982 3384 86 25 calving.
2094 3384 13 21 I
2124 3391 42 14 saw
2188 3385 39 20 last
2242 3385 63 23 week,
2327 3385 64 21 rourd

1837 3420 63 20 about
1909 3419 95 21 Fortrose
2013 3420 108 26 township,
2137 3427 55 14 some
2202 3420 22 21 of
2244 3420 40 21 last
2298 3420 89 21 season's

1837 3455 66 20 calves
1922 3455 46 20 that
1988 3462 34 13 are
2045 3462 12 14 a
2085 3456 90 25 disgrace
2193 3457 22 19 to
2237 3462 40 20 any
2300 3455 91 22 civilised

1837 3489 134 23 community.
1997 3489 57 26 They
2074 3496 52 14 were
2145 3489 75 26 simply
2236 3496 11 13 a
2263 3489 88 21 handful
2369 3489 22 21 of

1837 3524 85 26 vermin,
1930 3524 114 25 ringworm,
2047 3523 61 22 bones
2115 3524 39 21 and
2161 3524 50 26 hair,
2221 3525 36 20 not
2267 3526 21 18 to
2296 3524 92 21 mention

1837 3566 64 14 scour.
1930 3558 82 27 Where,
2047 3559 17 21 O
2099 3559 73 26 where,
2200 3566 33 14 are
2268 3566 37 14 our
2331 3559 57 21 stock

1837 3594 111 27 inspectors
1955 3595 8 21 ?
1988 3594 41 21 Put
2035 3594 35 21 the
2077 3601 76 14 owners
2163 3594 21 21 in
2192 3594 89 21 duranco
2291 3594 47 26 vile,
2347 3594 44 22 and

1836 3630 36 20 the
1880 3636 66 19 germs
1953 3629 22 20 of
1984 3630 75 20 disease
2067 3630 22 20 in
2096 3637 10 13 a
2115 3630 51 25 deep
2176 3630 54 21 hole.
2258 3630 49 21 This
2314 3631 76 25 system

1836 3663 22 20 of
1866 3663 111 20 starvation
1988 3663 16 21 is
2016 3663 33 20 the
2059 3664 45 20 root
2115 3663 23 21 of
2150 3663 43 21 half
2203 3663 35 21 the
2248 3663 77 21 disease
2342 3663 47 21 that

1836 3698 64 19 cattto
1909 3703 34 14 are
1953 3696 79 27 subject
2042 3698 28 20 to.

1861 3744 26 21 So
1903 3743 47 22 well
1969 3751 34 14 are
2024 3744 35 21 the
2078 3743 63 22 funds
2158 3744 22 21 of
2198 3744 37 21 the
2245 3744 82 21 Mutual
2346 3744 44 21 Life

1841 3779 127 21 Association
1991 3779 21 20 of
2031 3779 127 21 Australasia
2176 3779 92 21 invested
2289 3779 47 21 that
2353 3779 37 21 the

1836 3812 131 25 outstanding
1977 3812 84 21 interest
2071 3812 61 22 taken
2141 3812 65 22 credit
2213 3813 31 20 (or
2251 3813 20 21 in
2282 3813 36 22 the
2324 3813 62 22 latest

1835 3847 83 21 balance
1939 3847 58 21 sheet
2015 3847 110 21 amounted
2144 3848 48 25 only
2210 3849 21 18 to
2254 3848 63 22 £874.
2344 3848 44 21 The

1835 3883 85 20 interest
1931 3882 90 21 received
2032 3889 39 13 was
2085 3883 104 20 sufficient
2198 3884 37 19 not
2252 3882 49 26 only
2317 3885 22 18 to
2350 3890 38 19 pay

1836 3917 36 20 the
1882 3917 53 20 total
1944 3918 44 18 cost
1993 3916 22 20 of
2023 3918 142 24 management
2180 3917 21 20 of
2216 3917 36 20 the
2266 3918 120 20 association

1835 3951 32 22 for
1876 3951 35 23 the
1930 3958 55 20 year,
2005 3951 35 22 the
2056 3952 66 22 entire
2139 3959 98 20 expenses
2256 3952 94 22 incurred
2366 3952 22 22 in

1833 3988 104 24 obtaining
1951 3987 99 25 £077,150
2058 3988 22 20 of
2090 3995 44 13 new
2144 3988 98 24 business,
2261 3988 36 21 the
2316 3990 44 19 cost
2369 3989 21 20 of

1833 4021 132 26 establishing
1977 4028 12 14 a
2005 4028 44 14 new
2066 4021 75 21 branch
2160 4024 22 18 at
2200 4023 71 26 Perth,
2292 4023 40 20 and
2352 4023 34 21 the

1833 4059 61 24 outgo
1904 4057 32 21 for
1946 4059 56 19 taxes
2013 4057 39 21 and
2063 4057 73 21 license
2146 4057 49 27 fees,
2214 4057 38 22 but
2271 4059 18 20 it
2306 4058 17 21 is
2342 4058 44 22 also

1833 4091 97 26 provided
1940 4091 36 20 the
1985 4098 45 14 sum
2045 4091 21 20 of
2175 4092 80 21 written
2270 4092 29 21 off
2309 4092 77 27 sundry

1833 4126 119 25 properties,
1969 4126 40 20 and
2028 4126 39 19 left
2085 4133 55 13 more
2160 4127 49 19 than
2226 4127 75 25 £'2,OH)
2317 4129 21 18 to
2357 4127 24 20 be

1833 4160 95 22 included
1937 4160 20 21 in
1968 4160 36 21 the
2016 4160 156 26 £4B,oooabided
2183 4164 21 17 to
2214 4162 36 19 thn
2260 4161 73 27 funds,
2345 4162 40 21 and

1834 4197 81 26 making
1925 4197 56 20 them
1991 4204 28 16 up
2028 4199 22 18 to
2062 4197 53 21 close
2128 4204 24 14 on
2168 4196 124 27 61,110,000.

1860 4241 24 21 In
1901 4240 86 21 another
2004 4240 80 21 column
2099 4241 31 20 Mr
2138 4241 22 22 J.
2181 4242 33 20 W.
2226 4242 84 24 Rooney
2320 4242 66 21 draws

1837 4277 35 21 the
1887 4276 101 21 attention
2007 4275 22 21 of
2038 4276 36 20 the
2085 4277 67 23 public
2168 4278 22 19 to
2202 4277 35 20 the
2252 4277 41 20 fact
2303 4277 46 21 that
2358 4277 26 21 he

1833 4313 36 20 has
1887 4311 79 27 opened
1976 4319 12 12 a
2004 4311 135 26 hairdressing
2148 4311 68 21 saloon
2227 4312 21 20 in
2262 4312 119 26 Roxburgh,

1835 4346 66 19 where
1911 4345 35 20 the
1957 4346 62 18 wants
2031 4344 21 20 of
2066 4346 112 19 customers
2188 4345 41 20 will
2242 4346 24 19 be
2277 4347 106 25 promptly

1833 4379 97 23 attended
1950 4380 27 19 to.
2005 4378 33 20 Mr
2054 4379 84 26 Rooney
2157 4382 54 18 must
2238 4379 102 22 therefore
2360 4380 25 22 be

1832 4414 73 20 looked
1913 4420 53 18 upon
1974 4419 21 13 as
2005 4419 11 13 a
2026 4412 69 25 public
2105 4413 123 26 benefactor,
2237 4414 116 26 supplying,
2364 4422 22 13 fs

1833 4449 25 20 he
1867 4449 55 25 does,
1934 4454 10 13 a
1955 4447 59 21 much
2025 4447 38 19 felt
2072 4449 62 24 want.,
2145 4454 22 13 so
2179 4449 46 19 that
2235 4449 30 19 his
2273 4450 113 24 enterprise

1832 4483 20 20 in
1871 4482 42 21 this
1929 4482 74 19 matter
2012 4480 16 21 is
2037 4480 73 21 almost
2129 4482 76 19 certain
2216 4483 21 18 to
2248 4482 24 19 He
2289 4481 96 26 liberally

1832 4517 112 22 rewarded.
1971 4516 24 22 In
2014 4516 118 21 connection
2157 4517 47 20 with
2225 4517 35 21 the
2270 4517 64 21 above
2355 4518 32 21 Mr

1833 4552 84 25 Itooney
1924 4550 74 20 desires
2009 4552 20 17 to
2035 4551 52 18 state
2097 4550 45 20 that
2150 4550 24 20 he
2184 4550 40 20 will
2235 4550 43 21 still
2288 4557 58 19 carry
2354 4558 26 13 on

1831 4586 32 20 his
1870 4586 91 19 business
1970 4592 20 12 as
2000 4585 85 24 painter,
2095 4591 58 19 papei
2158 4585 82 25 hanger,
2251 4588 33 17 etc
2295 4585 4 26 ,
2311 4586 75 25 having

1831 4628 27 13 on
1869 4619 54 21 hand
1930 4626 12 14 a
1948 4619 53 26 large
2008 4621 122 19 assortment
2136 4619 21 21 of
2164 4620 92 26 painting
2264 4621 101 21 materials
2375 4629 5 17 ;

1831 4654 40 20 and
1881 4654 20 19 in
1920 4653 58 19 order
1998 4655 21 17 to
2037 4656 53 17 meet
2107 4652 36 21 the
2152 4654 67 25 times,
2240 4654 35 19 the
2296 4655 53 25 price
2360 4656 21 19 of

1831 4686 93 27 painting
1943 4685 35 20 has
2003 4684 51 21 been
2071 4686 140 26 considerably
2233 4687 88 21 reduced
2345 4687 41 21 this

1831 4726 78 14 season.

1855 4768 43 20 The
1924 4767 51 21 Ray.
1994 4766 64 21 Adam
2076 4767 54 25 Begg
2147 4766 52 27 (says
2215 4767 34 20 the
2291 4768 93 25 Tapanui

1968 4806 25 13 on
2021 4799 83 25 Sunday
2137 4800 93 25 morning
2269 4800 64 25 spoke
2356 4800 20 19 in

1830 4833 129 28 pronounced
1969 4837 61 17 terms
2037 4840 25 13 on
2071 4833 35 21 the
2116 4834 79 24 general
2206 4834 103 21 condition
2318 4834 21 20 of
2347 4834 35 20 the

1829 4868 88 21 colonies
1928 4867 92 26 morally.
2048 4867 61 20 After
2124 4867 63 26 citing
2206 4868 101 20 instances
2317 4868 66 25 lately

1830 4903 68 21 before
1905 4901 34 21 the
1950 4901 68 27 public
2027 4901 84 26 tending
2122 4903 21 19 to
2153 4902 55 20 show
2218 4902 46 20 that
2275 4902 35 20 the
2317 4901 67 26 youth

1829 4937 21 20 of
1868 4936 35 21 the
1913 4936 86 21 colonies
2009 4942 33 13 are
2053 4938 35 17 not
2100 4936 54 20 what
2168 4936 49 26 thsy
2226 4936 74 21 should
2312 4936 24 20 ba
2356 4936 21 21 in

1830 4978 61 20 many
1899 4973 95 24 respects,
2006 4971 34 20 the
2048 4978 42 14 rev.
2100 4971 116 26 geutbman
2228 4972 110 26 proceeded
2361 4974 22 18 to

1830 5007 54 21 trace
1902 5006 36 20 the
1956 5005 62 26 origin
2042 5005 21 20 of
2081 5006 35 19 the
2138 5007 46 21 evil,
2211 5007 40 18 and
2272 5007 66 20 ended
2357 5007 27 24 by

1830 5040 122 25 attributing
1961 5040 36 20 the
2005 5039 76 20 disease
2091 5039 21 20 in
2121 5046 12 13 a
2143 5041 55 23 greit
2208 5046 90 14 measure
2313 5042 20 18 to
2342 5040 36 20 thi

1831 5076 55 18 want
1899 5074 22 20 of
1931 5072 91 22 Dareutal
2039 5072 85 21 control.
2152 5073 43 20 The
2205 5073 91 21 children
2307 5074 21 20 of
2348 5075 20 18 to-

1830 5108 46 25 day,
1886 5114 21 13 as
1916 5114 38 13 was
1963 5107 76 25 rightlv
2050 5107 82 24 pointed
2148 5109 42 20 out,
2206 5114 35 13 are
2251 5107 84 21 allowed
2354 5110 23 17 at

1830 5142 62 20 about
1908 5141 35 21 the
1956 5148 36 18 age
2001 5141 22 19 of
2041 5141 23 20 12
2074 5148 22 14 or
2114 5141 23 21 13
2147 5143 21 19 to
2183 5141 69 21 follow
2267 5142 53 20 their
2331 5149 44 13 own

1830 5176 172 22 desires—choose
2012 5176 53 21 their
2070 5183 44 14 own
2123 5178 105 25 past,ime3,
2242 5178 136 27 companions,

1831 5213 102 20 &c.—and
1958 5214 83 24 parents
2054 5219 49 19 very
2130 5213 58 20 often
2205 5220 34 14 are
2265 5214 119 21 indifferent

1832 5247 78 26 enough
1921 5248 21 20 to
1950 5247 59 20 allow
2019 5247 54 20 their
2090 5247 99 27 offspring
2206 5251 21 17 to
2243 5249 73 25 simply
2326 5249 26 19 do
2363 5256 21 13 as

1832 5282 49 26 they
1888 5282 56 21 wish.
1953 5282 65 20 There
2025 5288 35 13 can
2068 5282 24 19 be
2099 5289 27 13 no
2135 5282 64 20 doubt
2206 5282 45 21 that
2260 5283 124 25 immorality

1832 5316 22 20 of
1870 5316 36 20 the
1918 5319 58 17 worst
1988 5317 49 25 type
2046 5315 17 21 is
2080 5322 26 14 on
2121 5316 36 20 the
2167 5317 96 26 increase,
2283 5317 100 26 although

1832 5349 73 27 hardly
1924 5349 114 25 recognised
2053 5355 22 14 or
2086 5349 91 21 believed
2194 5350 26 26 by
2230 5357 63 17 many
2306 5350 75 26 peoele.

1832 5387 26 19 In
1870 5385 36 21 the
1916 5385 39 21 few
1961 5386 101 20 instances
2076 5385 65 21 where
2150 5386 36 21 the
2196 5386 78 22 surface
2284 5387 36 20 has
2330 5387 49 21 been

1832 5421 105 21 disturbed
1947 5421 40 21 this
1996 5421 36 21 has
2041 5421 47 27 only
2098 5423 35 19 too
2145 5421 74 25 clearly
2230 5423 52 19 been
2288 5422 93 21 revealed

1832 5457 40 20 and
1881 5457 17 20 it
1907 5457 16 20 is
1932 5457 42 20 safe
1983 5458 22 19 to
2019 5463 35 19 say
2066 5457 46 20 that
2121 5457 19 20 in
2159 5464 61 18 every
2231 5458 41 25 city
2284 5458 35 19 the
2330 5465 18 12 si
2353 5465 32 13 me

1832 5490 59 25 thing
1900 5491 82 26 applies.
2010 5491 43 19 The
2064 5491 97 21 reverend
2182 5492 84 25 speaker
2273 5491 66 26 might
2345 5492 41 20 also

1832 5524 52 22 have
1900 5525 57 27 aptly
1965 5525 53 21 cited
2027 5525 36 21 the
2073 5525 70 27 doings
2153 5526 22 21 of
2188 5526 91 26 juvenile
2288 5526 91 26 burglars

1834 5559 86 25 exposed
1938 5559 73 21 almost
2027 5559 52 26 daily
2092 5559 22 21 in
2131 5561 35 19 the
2177 5566 55 20 press
2242 5559 22 20 of
2273 5559 47 25 late,
2338 5566 21 13 as
2371 5566 12 13 a

1833 5600 81 14 menace
1923 5594 79 26 against
2010 5595 83 22 parents
2105 5594 45 21 who
2161 5594 58 21 allow
2229 5594 54 20 their
2292 5594 91 21 children

1833 5630 22 19 to
1863 5628 44 21 rule
1916 5629 35 22 the
1961 5629 130 22 households.
2119 5631 18 19 A
2158 5629 38 22 few
2207 5629 88 21 adres*es
2310 5628 20 21 in
2342 5628 34 21 the

1833 5668 55 14 sarna
1902 5663 62 21 strain
1980 5670 22 13 as
2017 5663 47 21 that
2083 5663 101 21 delivered
2194 5663 27 26 by
2232 5663 32 20 Mr
2283 5662 55 26 Begg
2358 5669 26 13 on

1833 5697 84 27 Sunday
1935 5698 66 26 might
2015 5698 38 20 stir
2067 5705 28 19 up
2115 5700 82 25 parents
2212 5698 103 26 generally
2334 5700 20 18 to
2373 5703 12 14 a

1835 5736 56 14 sense
1908 5731 21 20 of
1938 5731 54 20 their
2001 5730 51 26 duty
2070 5731 40 20 and
2126 5731 24 20 be
2166 5731 101 20 result,aut
2281 5731 21 19 in
2321 5729 61 21 much

1832 5763 52 26 good

2443 196 34 21 Mr
2486 196 76 27 Heyes,
2574 198 23 20 of
2606 198 36 20 the
2649 198 82 20 Income
2738 197 43 20 Tax
2797 195 143 26 Department,
2952 194 5 18 i
2965 194 7 29 3

2419 233 21 20 at
2449 234 82 24 present
2540 233 21 19 in
2578 233 112 24 Roxburgh
2700 231 81 25 making
2798 230 102 26 enquiries
2914 235 21 13 as
2948 229 23 18 to

2418 266 46 21 how
2473 267 35 19 the
2528 266 89 20 busiuess
2635 266 72 26 people
2726 266 52 19 have
2801 264 58 19 made
2868 264 38 19 out
2915 262 54 20 their

2419 302 88 20 returns.

2496 344 51 20 have
2554 344 21 20 to
2584 342 143 26 acknowledge
2736 341 77 24 receipt
2822 341 53 20 from
2883 339 36 21 the
2929 339 27 21 Go-

2418 379 108 19 vernment
2534 377 79 26 printer
2626 376 22 20 of
2660 383 12 13 a
2681 375 85 21 number
2775 375 21 20 of
2806 373 163 25 Parliamentary

2418 412 184 28 papers,including
2607 412 79 24 reports
2693 410 21 21 of
2721 410 90 21 wardens
2819 416 25 14 on
2851 407 113 27 goldfields,

2418 447 136 26 Departmeut
2578 445 21 22 of
2623 445 57 21 Land
2707 444 39 22 and
2772 443 86 26 Survey,
2890 441 79 22 Marit.e

2418 479 143 27 Department,
2580 478 83 26 railway
2686 478 120 24 statement,
2822 476 65 20 mines
2903 476 55 19 state-

2418 516 63 25 ment,
2488 516 39 21 etc.

2442 565 45 20 Her
2497 563 90 26 Majesty
2604 562 72 26 Queen
2691 560 93 22 Victoria
2799 560 36 20 has
2853 558 114 22 instructed

2418 598 36 19 her
2460 597 80 25 private
2549 597 102 23 secretary
2664 596 20 19 to
2691 594 65 21 thank
2764 594 32 20 Mr
2803 594 22 20 J.
2833 593 21 22 J.
2862 592 83 25 Woods,
2954 591 20 21 of

2418 632 116 24 Lawrence,
2543 638 26 14 on
2578 631 38 20 her
2625 629 70 21 behalf
2705 629 32 21 for
2746 629 35 21 the
2791 628 137 27 presentation
2935 627 21 21 of
2963 633 11 14 a

2419 673 51 19 copy
2479 665 21 21 of
2510 665 36 20 the
2555 665 52 20 New
2621 663 89 22 Zealand
2726 662 97 22 National
2834 662 97 22 Anthem,
2940 661 34 20 the

2419 699 64 22 music
2493 698 21 21 of
2526 698 66 21 which
2605 698 32 20 Mr
2647 697 76 21 Woods
2730 697 17 21 is
2752 697 36 21 the
2795 703 109 19 composer.
2931 696 43 21 The

2418 734 139 26 presentation
2580 741 40 13 was
2635 733 58 21 made
2712 733 88 24 through
2822 732 36 21 the
2882 732 90 21 Premier

2417 771 75 25 during
2501 771 31 20 his
2547 771 69 20 recent
2627 770 48 19 visit
2686 770 20 19 to
2721 768 93 26 England
2827 768 19 21 in
2857 768 117 21 connection

2418 809 49 21 with
2477 809 35 20 the
2521 808 88 26 Queen's
2616 807 82 21 Jubilee
2705 807 141 21 celebrations.

2444 854 19 22 A
2474 854 54 26 large
2541 852 131 28 fruitgrower
2685 852 20 22 in
2718 852 76 22 Nelson
2804 851 36 22 has
2855 851 63 22 found
2928 851 46 20 that

2418 897 12 13 a
2449 889 31 20 tin
2498 888 65 21 vessel
2576 887 94 26 containg
2684 887 95 26 ordinary
2788 894 34 19 gas
2841 888 32 20 tar
2888 887 56 25 hung
2953 886 20 20 in

2418 922 50 21 each
2486 921 22 21 of
2517 922 31 20 his
2562 921 61 27 apple
2633 923 55 18 trees
2698 921 17 20 is
2722 920 37 21 the
2777 927 49 19 very
2835 920 46 21 best
2889 918 84 22 method

2419 956 21 21 of
2457 955 121 27 preventing
2590 954 35 21 the
2642 953 66 22 codlin
2721 953 58 22 moth
2795 954 79 25 getting
2886 953 44 21 into
2941 951 31 21 his

2418 991 58 22 fruit.
2505 991 18 21 A
2533 998 50 19 very
2593 989 58 22 small
2663 991 124 25 percentage
2802 990 20 20 of
2832 989 31 21 his
2872 989 52 21 fruit
2933 995 40 13 was

2418 1024 89 23 touched
2524 1024 28 25 by
2576 1024 66 21 codlin
2662 1023 65 25 moth,
2751 1023 59 20 while
2829 1023 46 20 that
2897 1022 21 21 in
2936 1021 35 21 the

2418 1058 146 26 neighbouring
2574 1057 98 21 orchards
2680 1064 39 12 was
2727 1056 121 26 completely
2854 1055 116 22 destroyed-

2419 1094 32 22 He
2461 1093 35 22 did
2505 1092 87 28 nothing
2604 1092 42 23 else
2656 1092 103 26 whatever
2768 1092 48 21 with
2826 1092 32 21 his
2872 1092 60 21 trees.

2443 1140 81 25 Among
2549 1146 62 19 many
2628 1139 76 26 recipes
2722 1138 32 21 for
2771 1145 89 18 sparrow
2877 1137 94 23 catching

2418 1172 53 28 (says
2479 1179 25 14 an
2515 1172 112 26 exchange)
2637 1172 35 21 the
2688 1171 103 25 following
2801 1172 15 20 is
2828 1171 45 21 well
2882 1170 68 21 worth
2957 1177 10 13 a

2418 1207 60 22 trial:
2487 1207 56 22 Take
2556 1207 77 21 linseed
2641 1207 34 26 oil,
2686 1206 41 22 boil
2736 1205 73 26 slowly
2817 1205 59 22 down
2885 1205 53 22 until
2949 1204 17 22 it

2418 1243 16 19 is
2448 1244 64 19 about
2521 1250 21 12 as
2552 1243 57 19 thick
2625 1250 22 12 as
2665 1243 47 24 glue
2721 1249 5 17 ;
2737 1242 50 20 then
2797 1248 66 13 smear
2880 1240 35 20 the
2931 1241 36 22 top

2418 1278 59 21 wires
2491 1277 23 22 of
2534 1277 36 22 the
2581 1276 93 28 paddock
2682 1276 68 21 fences
2766 1283 5 17 ;
2781 1275 81 21 disturb
2872 1275 36 21 the
2917 1280 44 19 spar-

2417 1322 60 19 rows,
2488 1314 40 22 and
2542 1314 52 27 they
2603 1313 41 22 will
2655 1314 27 25 fly
2691 1320 25 14 on
2726 1313 21 21 to
2762 1312 35 21 the
2808 1311 64 22 wires.
2900 1309 21 23 If
2934 1309 38 22 left

2416 1351 59 21 alone
2492 1351 32 20 for
2533 1358 12 12 a
2555 1349 56 21 little
2621 1349 67 26 while,
2699 1348 48 21 thev
2757 1348 40 20 will
2808 1349 36 18 not
2853 1347 24 20 be
2886 1347 45 20 able
2942 1348 21 18 to

2416 1386 35 24 get
2460 1391 64 19 away,
2536 1384 40 21 and
2586 1390 47 19 may
2642 1382 25 21 be
2675 1382 98 27 captured
2785 1381 115 21 wholesale.

2443 1431 40 21 We
2531 1431 66 21 Brnce
2612 1428 77 23 Herald
2731 1428 52 21 have
2801 1427 50 22 been
2862 1425 82 22 handed
2960 1433 11 12 a

2417 1471 62 21 letter
2488 1471 73 25 asking
2569 1476 23 14 us
2600 1471 22 19 to
2632 1468 85 28 publish
2724 1468 36 21 the
2773 1468 62 21 latest
2851 1466 77 26 receipt
2936 1465 33 21 for

2420 1506 111 28 preparing
2551 1504 145 29 phosphorised
2717 1503 85 28 pollard.
2830 1503 55 20 Here
2900 1501 67 21 is'the

2418 1543 83 26 receipt.
2531 1543 45 21 One
2595 1542 40 21 and
2651 1541 44 22 half
2717 1541 63 21 sticks
2796 1539 128 28 phosphorus
2938 1544 33 14 are

2418 1579 71 25 placed
2500 1579 20 20 in
2529 1577 44 22 half
2579 1584 11 14 a
2597 1577 46 25 pint
2649 1577 21 20 of
2681 1576 45 21 cold
2734 1577 63 19 water
2806 1574 115 26 containing
2932 1579 37 14 one

2417 1614 55 21 table
2490 1613 95 27 spoonful
2602 1613 24 20 of
2640 1611 115 24 bisulphate
2769 1610 22 21 of
2812 1610 82 21 carbon.
2921 1608 51 21 This

2418 1649 95 22 dissolves
2534 1650 21 21 in
2578 1656 11 14 a
2606 1649 41 21 few
2665 1647 97 22 minutes.
2791 1645 47 22 Add
2857 1645 34 21 31b
2912 1651 59 17 suuar

2418 1685 99 21 dissolved
2526 1685 21 20 in
2555 1685 58 20 three
2622 1684 39 20 and
2672 1691 12 12 a
2692 1683 44 20 half
2749 1682 55 24 pints
2811 1682 21 19 of
2845 1681 44 21 cold
2900 1682 71 19 water.

2418 1720 42 21 Stir
2468 1720 19 21 in
2500 1719 101 22 sufficient
2608 1718 78 26 pollard
2698 1719 21 19 to
2730 1717 60 20 make
2799 1723 11 13 a
2827 1715 57 21 thick
2903 1716 65 25 paste.

2418 1753 46 21 Roll
2477 1755 44 22 out,
2532 1753 48 21 dust
2590 1752 48 20 with
2653 1751 37 25 dry
2709 1750 87 27 pollard,
2816 1749 39 21 add
2875 1750 35 20 cut
2928 1749 45 20 info

2420 1788 9 23 J
2439 1789 47 21 inch
2497 1795 88 19 squares.
2619 1786 55 24 This,
2686 1793 21 14 as
2717 1785 40 21 will
2767 1785 24 20 be
2798 1791 54 14 seen,
2863 1784 47 21 does
2920 1791 54 14 awav

2418 1823 49 21 with
2493 1823 36 21 the
2560 1822 76 26 danger
2653 1820 95 22 incurred
2766 1820 51 20 from
2833 1819 91 25 inhaling
2941 1819 33 21 tV

2418 1857 101 23 steamin?
2544 1856 67 21 fumes
2630 1854 65 22 which
2712 1853 119 22 necessarily
2849 1854 51 20 ariso
2917 1853 57 21 when

2418 1892 35 20 the
2465 1891 127 25 phosphorus
2601 1890 17 20 is
2627 1889 99 21 disso'ved
2735 1889 20 20 in
2764 1888 77 25 boiling
2853 1889 71 20 water.

2444 1936 105 22 Certainly
2563 1936 34 19 the
2611 1936 55 19 most
2679 1934 94 20 eff»cHv*
2900 1933 18 19 in
2931 1933 37 20 th<*

2419 1972 60 20 world
2499 1971 17 21 is
2533 1970 114 21 SANDER
2660 1969 40 20 and
2718 1967 76 21 SONS'
2810 1967 162 22 EUCALYPTI

2418 2005 136 22 EXTRACT.
2582 2004 48 21 Test
2637 2003 27 20 its
2671 2002 112 21 eminent!'-
2791 2002 99 26 powerful
2899 2002 74 20 effects

2418 2040 20 21 in
2450 2039 81 25 coughs,
2543 2039 61 24 colds,
2615 2038 100 20 influenza
2724 2053 5 8 ,
2752 2037 36 20 the
2798 2036 59 20 relief
2866 2037 15 19 is
2894 2037 66 19 instan-

2418 2075 91 19 taneous.
2539 2072 25 21 In
2578 2072 76 20 serious
2665 2078 54 13 case*,
2733 2070 39 21 and
2907 2070 21 19 of
2947 2070 24 21 ill

2418 2107 66 22 kinds,
2495 2107 25 19 be
2529 2107 50 24 they
2590 2105 91 22 wounds,
2692 2105 68 20 hums,
2895 2103 78 21 brui-es

2429 2141 75 27 prains,
2514 2141 16 19 it
2540 2141 16 20 is
2565 2141 36 19 the
2610 2140 63 20 safest
2683 2140 135 20 remedv—no
2828 2139 146 21 sweliin?-—no

2417 2176 158 22 inflammation.
2606 2176 50 20 Like
2665 2175 112 25 surprising
2788 2175 72 20 effects
2871 2174 64 25 produ

2418 2211 20 21 in
2451 2218 70 19 croup,
2532 2210 109 27 diptheria.
2657 2209 116 23 bronchitis,
2787 2209 148 20 inflammation
2950 2217 25 20 of

2418 2247 36 21 the
2476 2246 67 26 lungs,
2559 2244 109 26 swellings,
2677 2246 38 20 etc.
2737 2244 109 24 diarrhoea,
2861 2243 109 28 dvsentrv,

2418 2281 87 20 diseases
2517 2279 21 21 of
2547 2279 36 20 the
2596 2278 86 25 kidueys
2692 2277 39 21 and
2744 2277 84 26 urinary
2839 2284 78 18 organs.
2947 2277 23 19 In

2432 2322 21 13 se
2461 2317 21 17 at
2486 2314 30 20 all
2523 2314 99 25 hospitals
2629 2314 39 19 and
2677 2312 84 21 medical
2769 2313 75 22 clinics,
2858 2314 91 22 patron's
2963 2312 11 19 d

2418 2350 28 26 by
2454 2350 39 20 His
2504 2349 87 26 Majesty
2601 2348 36 21 the
2648 2348 56 25 Kin?
2712 2347 22 21 of
2744 2347 64 25 Italy,
2818 2347 93 21 crowned
2929 2346 46 20 .vith

2422 2385 66 21 medal
2498 2385 39 21 and
2546 2384 90 27 diploma
2644 2385 23 19 at
2680 2382 149 22 International
2844 2382 132 26 Exhibition.,

2420 2418 139 22 Amsterdam.
2585 2418 63 20 Trust
2658 2419 20 18 in
2689 2417 41 20 this
2740 2416 103 25 approved
2853 2415 70 21 article
2933 2416 39 20 and

2418 2455 65 23 reject
2492 2454 27 20 all
2530 2453 74 20 others.

2578 2536 239 52 Cablegrams.

2435 2637 161 22 ALARMING
2609 2637 155 21 OUTBREAK
2778 2637 36 20 OF
2828 2635 133 21 TYPHOID.

2680 2672 100 26 London,
2791 2671 119 27 September

2446 2709 44 22 The
2507 2708 85 28 typhoid
2610 2708 99 22 outbreak
2719 2710 22 19 at
2752 2707 122 27 Maidstone,
2884 2707 65 25 Kent,
2961 2712 15 14 's

2421 2745 103 26 assuming
2533 2745 100 26 alarming
2638 2744 136 25 proportions.
2794 2743 78 21 Eleven
2879 2742 93 21 hundred

2420 2788 56 15 cases
2486 2780 52 22 have
2547 2780 51 21 been
2608 2779 101 28 reported,
2721 2779 39 21 and
2769 2778 36 22 the
2821 2777 62 22 death
2901 2778 46 20 rate
2959 2776 16 21 is

2421 2815 110 22 increased.

2834 2840 88 20 October
2930 2840 20 19 1.

2449 2878 45 22 One
2521 2876 93 23 hundred
2636 2876 55 21 fresh
2711 2883 54 18 capes
2784 2876 21 20 of
2831 2874 85 28 typhoid
2942 2880 34 15 are

2422 2913 102 27 reported
2546 2914 22 19 at
2593 2912 122 22 Maidstone.
2741 2912 75 20 Whole
2841 2912 75 19 streets
2942 2917 33 13 are

2422 2949 102 22 affected.
2553 2947 43 22 The
2615 2947 96 24 morality
2733 2947 93 26 amongst
2960 2945 16 20 is

2422 2983 78 26 heavy.
2530 2983 44 21 One
2584 2982 92 22 hundred
2688 2983 83 20 London
2781 2989 70 14 nurses
2867 2982 39 20 and
2919 2987 54 17 navy

2424 3018 82 21 doctort
2518 3018 52 21 have
2578 3018 51 20 been
2639 3017 88 26 engaged
2734 3018 21 18 to
2761 3016 70 21 attend
2838 3016 34 21 the
2878 3016 97 27 patients.

2423 3054 44 22 The
2485 3054 119 27 parsimony
2613 3053 21 21 of
2641 3053 34 21 the
2684 3053 49 21 local
2740 3052 109 27 municipal
2855 3051 121 22 authorities

2423 3089 21 21 in
2455 3089 92 25 refusing
2555 3091 22 18 to
2585 3089 51 20 have
2646 3089 35 19 the
2691 3090 63 18 water
2766 3088 73 26 supply
2849 3087 96 26 analysed
2955 3087 16 20 is

2422 3123 127 27 responsible
2559 3123 32 22 for
2600 3123 35 21 the
2648 3123 107 20 outbreak.

2540 3164 58 20 THE
2612 3163 126 21 BUBONIC
2749 3163 118 20 PLAGUE.

2702 3197 122 26 Calcutta,
2835 3197 87 21 October
2932 3197 18 21 1.

2448 3234 88 26 Reports
2547 3233 52 21 have
2608 3232 50 21 been
2668 3232 90 21 received
2767 3232 46 20 that
2829 3231 35 21 the
2884 3230 88 22 bubonic

2425 3269 74 26 plauge
2506 3268 36 21 has
2552 3267 124 26 reappeared
2686 3267 20 21 in
2718 3267 35 21 the
2765 3266 89 22 Karachi
2863 3266 96 21 districts.

2536 3307 152 21 TORTURED
2702 3305 31 22 IN
2752 3305 112 21 THIBET.

2836 3332 88 22 October
2933 3331 19 23 4.

2447 3370 33 20 Mr
2500 3370 26 21 A.
2545 3370 29 21 H.
2594 3370 77 24 Savage
2689 3369 82 20 Landor
2788 3375 11 14 a
2824 3368 95 21 traveller
2931 3368 45 21 who

2421 3404 105 27 attemped
2535 3406 22 19 to
2564 3404 60 21 reach
2631 3404 84 26 Lhassa,
2726 3403 35 22 the
2778 3403 75 27 capital
2862 3402 22 22 of
2892 3401 83 28 Thibet,

2423 3447 40 13 was
2477 3440 94 21 deserted
2596 3439 28 27 by
2639 3439 25 21 28
2677 3439 21 21 of
2710 3439 31 21 his
2756 3439 107 26 followers,
2873 3438 47 26 only
2933 3439 41 19 two

2421 3476 95 25 standing
2533 3475 27 27 by
2574 3475 53 21 their
2637 3475 75 21 ieader.
2738 3474 43 21 The
2797 3476 60 24 party
2878 3474 43 21 also
2937 3473 39 21 lost

2421 3510 53 21 their
2504 3509 113 27 provisions
2641 3509 40 21 and
2716 3509 36 20 fell
2775 3509 43 20 into
2840 3508 36 21 the
2905 3507 65 21 hands

2422 3545 20 21 of
2472 3545 35 21 the
2538 3544 118 26 Thibetans,
2689 3544 46 20 who
2767 3544 93 21 tortured
2891 3542 82 22 Landor

2420 3578 50 21 with
2487 3578 74 21 redhot
2570 3578 61 21 irons.
2659 3577 58 26 They
2732 3577 121 21 afterwards
2863 3575 112 28 proceeded

2420 3617 22 19 to
2454 3614 76 22 behead
2541 3614 51 22 him.
2619 3613 42 22 The
2670 3613 129 22 executioner
2809 3620 41 14 was
2866 3613 21 21 in
2898 3611 35 22 the
2944 3613 32 20 act

2420 3650 21 21 of
2464 3650 74 26 raising
2562 3650 35 20 the
2617 3656 37 14 axe
2683 3648 58 21 when
2769 3648 35 21 the
2825 3647 70 22 Grand
2912 3648 64 20 Lama

2419 3685 112 26 prevented
2552 3684 35 21 the
2601 3684 113 21 execution.
2742 3683 80 22 Landor
2838 3690 40 14 was
2891 3683 81 21 farther

2422 3721 94 21 tortured
2525 3720 32 22 for
2573 3720 56 27 eight
2638 3720 49 26 days
2703 3727 25 13 on
2738 3727 11 13 a
2759 3719 47 21 rack
2815 3719 55 26 prior
2883 3720 21 19 to
2915 3718 60 27 being

2418 3756 98 21 released.

2448 3795 58 21 THE
2519 3794 108 22 INDIAN
2642 3794 144 21 FRONTIER
2798 3792 137 22 TROUBLE.

2698 3831 122 22 Calcutta,
2828 3829 87 19 October
2926 3829 17 19 1.

2444 3865 44 20 The
2500 3865 73 20 Ameer
2582 3864 21 21 of
2613 3864 135 26 Afghaniston
2764 3864 16 19 is
2789 3862 95 21 incensed
2895 3864 21 18 at
2931 3862 35 20 the

2418 3900 79 19 Afridis
2516 3900 32 19 for
2573 3899 77 24 cloting
2674 3898 35 20 the
2731 3897 86 26 Khyber
2843 3897 56 25 Pass,
2926 3896 48 20 thus

2418 3931 122 27 preventing
2548 3931 57 21 trade
2611 3930 92 21 between
2711 3930 59 21 India
2778 3929 38 21 and
2824 3928 144 27 Afghanistan.

2420 3966 30 21 He
2459 3966 17 21 is
2483 3966 69 26 taking
2559 3968 56 25 steps
2622 3968 21 19 to
2650 3967 46 24 stop
2704 3965 34 21 the
2745 3964 133 27 importation
2888 3963 21 22 of
2916 3971 53 13 arms

2417 4005 32 19 for
2457 4005 36 19 the
2504 4004 120 25 tribesmen,
2634 4003 40 21 and
2684 4004 36 19 has
2730 4003 85 20 ordered
2825 4003 35 19 the
2878 4004 64 18 arrest
2952 4001 21 21 of

2418 4039 68 20 Afridi
2493 4038 85 21 mollahs
2589 4039 45 20 who
2642 4045 76 19 appear
2725 4038 19 20 in
2753 4038 17 20 O
2775 4037 50 22 ibul.

2442 4074 102 21 Different
2553 4074 86 21 sections
2649 4073 22 21 of
2680 4073 107 21 rebellious
2796 4072 84 21 tribesm
2886 4079 20 14 m
2914 4072 51 21 have

2417 4111 47 24 paid
2471 4111 36 19 the
2516 4110 76 20 British
2600 4110 71 25 85,000
2677 4116 72 19 rupees
2760 4110 20 19 in
2791 4110 55 20 tines.

2829 4147 88 20 October
2926 4147 18 19 4.

2441 4183 42 21 The
2494 4182 54 22 force
2557 4182 64 22 which
2631 4183 16 20 is
2657 4184 22 19 to
2687 4182 86 27 proceed
2785 4184 21 18 to
2814 4181 60 21 Tirah
2883 4183 22 20 to
2912 4181 60 21 crush

2418 4219 36 20 the
2464 4219 66 20 revolt
2541 4219 22 19 of
2571 4219 110 19 tribesmen
2692 4219 16 19 is
2719 4219 64 19 under
2792 4218 35 20 the
2836 4217 106 21 command
2952 4217 23 19 of

2417 4253 87 21 General
2521 4253 110 26 Lockhart,
2655 4253 39 21 and
2714 4253 41 20 will
2774 4253 74 21 consist
2867 4253 21 20 of
2904 4252 71 22 11.000

2418 4290 75 21 British
2526 4289 39 21 and
2603 4289 71 26 24,000
2710 4289 72 20 Indian
2824 4290 76 20 troops.
2928 4287 44 20 The

2417 4325 116 26 expedition
2552 4324 41 21 will
2611 4325 24 20 be
2645 4324 97 26 provided
2759 4324 49 20 wi',h
2827 4323 92 26 supplies
2940 4323 33 20 for

2415 4368 38 14 one
2464 4360 80 22 month.

2441 4396 43 21 The
2502 4396 71 27 Queen
2583 4396 57 26 again
2657 4395 131 27 telegraphed
2810 4396 20 19 to
2841 4394 35 21 the
2898 4394 74 21 Indian

2415 4431 86 20 frontier
2518 4431 103 26 inquiring
2636 4438 21 12 as
2675 4433 22 17 to
2712 4431 35 19 the
2763 4430 104 20 ondition
2888 4429 21 19 of
2933 4429 35 20 the

2416 4465 108 21 wounded.

2441 4499 103 26 Brigadier
2552 4499 79 21 eeneral
2639 4499 54 21 Elles
2705 4499 34 20 has
2749 4499 62 20 burnt
2818 4498 24 20 40
2851 4497 119 21 Khwaizaia

2416 4532 90 27 villages.

2827 4559 89 21 October
2926 4559 19 20 5.

2438 4593 44 20 The
2491 4593 122 20 Mohmands
2627 4593 99 26 jeeringlv
2736 4599 82 17 express
2841 4592 120 25 disappoint-

2415 4631 55 19 ment
2493 4629 45 20 that
2554 4628 96 22 Jeffreys'
2674 4627 64 21 forces
2746 4627 29 21 <d
2784 4627 12 21 d
2817 4627 36 20 not
2877 4626 50 26 fight
2945 4633 25 13 on

2418 4662 96 26 Monday.
2542 4662 59 25 They
2609 4661 106 26 adversely
2723 4668 15 13 ci
2745 4661 63 20 iticise
2817 4660 77 25 guides,
2902 4667 64 18 corps,

2417 4697 40 21 and
2467 4697 92 26 artillery
2571 4697 62 21 force.
2662 4697 112 25 Sixty-five
2782 4696 101 20 thousand
2893 4697 74 24 troops,

2414 4734 35 19 the
2468 4733 68 20 flower
2552 4732 21 21 of
2591 4732 76 21 British
2690 4732 68 19 native
2782 4731 78 25 armies,
2878 4738 33 12 are
2925 4737 45 13 now

2413 4767 98 21 collected
2530 4774 25 13 on
2571 4767 35 20 the
2623 4767 60 19 north
2698 4770 86 16 western
2800 4766 94 20 frontier.
2922 4765 43 20 The

2413 4802 44 19 first
2465 4801 88 20 division
2570 4801 22 19 of
2606 4800 210 20 Lieutenant-colonel
2836 4800 33 19 Sir
2879 4799 89 20 William

2412 4834 118 21 Lockhart's
2543 4835 81 20 column
2643 4834 39 21 will
2695 4835 22 19 be
2735 4834 64 21 under
2815 4834 35 20 the
2859 4833 108 21 command

2412 4870 21 20 of
2451 4869 214 21 Lieutenant-colonel
2682 4869 34 21 W.
2732 4870 22 20 J.
2769 4870 93 25 Symons,
2876 4868 40 20 aud
2931 4867 35 21 the

2411 4904 73 21 seond
2495 4904 87 21 division
2592 4904 66 20 uuder
2668 4904 83 20 Colonel
2761 4904 64 24 Lugg.

2527 4982 322 29 INTERCOLONIAL.

2543 5056 140 21 TERRIBLE
2701 5056 131 21 CRUELTY

2733 5083 81 26 Perth,
2829 5083 115 22 Octobers.

2439 5114 34 20 An
2484 5112 82 27 inquiry
2577 5112 15 20 is
2604 5110 121 27 proceeding
2738 5111 44 20 into
2798 5111 82 25 charges
2890 5112 78 24 agninst

2415 5143 40 18 two
2465 5141 65 20 white
2539 5146 47 14 men
2597 5138 46 21 who
2650 5145 34 13 are
2691 5138 79 24 alleged
2778 5139 21 19 to
2807 5138 51 20 have
2869 5139 101 25 practised

2414 5168 90 21 horrible
2525 5166 80 27 cruelty
2629 5173 26 14 on
2673 5173 11 13 a
2699 5166 86 21 number
2805 5165 21 22 of
2848 5166 122 26 absconding

2414 5197 93 20 Natives.
2537 5195 22 21 It
2571 5194 16 20 is
2596 5194 78 26 alleged
2684 5194 46 20 that
2741 5194 36 20 the
2788 5201 83 19 persons
2881 5194 87 26 charged

2414 5224 43 20 tied
2467 5223 87 21 Natives
2566 5223 22 19 to
2594 5228 11 13 a
2621 5222 46 25 post
2678 5221 40 20 and
2728 5222 90 24 severely
2827 5221 78 26 flogged
2913 5221 55 20 then,

2414 5251 40 20 and
2472 5249 121 21 afrerwards
2611 5248 113 26 compelled
2735 5247 58 21 them
2810 5250 22 18 to
2844 5249 50 19 walk
2912 5248 59 25 alo»g

2415 5277 88 20 without
2514 5279 70 17 water.
2612 5275 66 19 Three
2690 5275 21 19 of
2726 5275 56 19 them
2794 5275 47 20 died
2853 5275 39 20 and
2901 5275 70 20 others

2414 5312 34 13 are
2458 5303 86 22 covered
2557 5301 49 22 with
2616 5301 55 27 large
2683 5301 98 26 festering
2791 5302 90 21 wound*.

2498 5343 21 21 A
2529 5341 102 22 RISING
2641 5341 33 20 IN
2685 5340 66 21 NEW
2766 5340 120 22 GUINEA.

2682 5368 131 25 Cooktown,
2825 5368 87 20 Cciober
2927 5368 18 20 1.

2441 5399 19 20 A
2466 5397 62 27 rising
2533 5397 22 21 of
2564 5397 87 21 Natives
2657 5395 36 21 has
2704 5395 61 21 taken
2773 5395 57 26 place
2842 5402 48 13 near
2897 5395 73 20 Mount

2415 5426 99 26 Victoria,
2524 5425 22 21 in
2560 5425 53 21 New
2631 5423 88 22 Guiuea.
2747 5423 58 26 They
2820 5429 35 14 are
2871 5422 100 26 besieging

2415 5455 41 18 two
2463 5453 77 22 mining
2546 5452 40 20 and
2598 5451 64 26 police
2677 5451 83 25 parties,
2779 5451 45 19 who
2839 5457 33 13 are
2883 5449 88 20 without

2415 5482 69 18 water.
2512 5479 43 20 The
2566 5479 105 19 Governor
2686 5477 36 19 has
2730 5477 38 19 left
2778 5477 49 19 with
2835 5476 59 20 relief
2898 5476 72 19 foices.

2484 5516 124 22 MURDER
2622 5515 37 21 AT
2670 5515 67 21 NEW
2752 5512 152 23 HEBRIDES.

2719 5543 95 21 Noumea
2831 5540 88 21 October
2925 5540 19 21 2.

2439 5571 20 21 A
2469 5571 123 26 Norwegian
2613 5570 69 22 trader
2701 5570 73 20 named
2790 5568 92 26 England
2895 5568 75 22 having

2414 5597 51 21 been
2475 5598 109 21 murdered
2592 5598 27 25 by
2629 5598 36 20 the
2682 5597 87 21 Natives
2790 5595 22 20 of
2825 5595 67 20 Amba
2909 5594 59 23 (New

2415 5625 118 27 Hebrides),
2544 5626 35 20 the
2599 5625 87 26 warship
2704 5625 105 24 Tauranga
2827 5621 108 27 pioceeded
2946 5622 21 18 to

2415 5653 35 20 the
2459 5660 59 13 scene
2528 5653 41 21 and
2578 5653 79 21 burned
2667 5653 35 20 the
2713 5651 83 26 villages
2815 5649 38 21 and
2871 5646 96 28 captured

2414 5679 46 21 four
2476 5680 92 25 Natives,
2591 5680 106 25 including
2716 5679 35 20 the
2770 5677 66 21 actual
2854 5675 110 21 muiderer.

2415 5707 32 21 He
2457 5708 116 25 attempted
2583 5709 22 19 to
2615 5714 73 17 escape
2698 5707 25 24 by
2738 5705 93 26 jumping
2847 5702 117 25 overboard,

2414 5734 38 20 but
2462 5740 40 14 was
2517 5734 122 26 reoaptured
2660 5733 40 20 and
2718 5731 72 27 placed
2808 5732 19 18 in
2846 5731 60 23 irons,
2926 5729 39 20 and

2415 5760 44 21 will
2472 5761 97 25 prrbably
2580 5761 23 21 be
2613 5761 61 20 taken
2685 5762 20 17 to
2716 5759 47 25 Fiji.

3003 190 176 41 Warden's
3212 190 113 50 Court,
3356 188 194 52 Roxburgh.

3026 299 43 21 The
3082 299 104 26 following
3199 299 16 22 is
3224 299 37 21 the
3274 299 35 22 list
3318 299 23 22 of
3349 299 91 22 business
3450 301 30 20 set
3491 299 61 22 down

3001 334 32 21 for
3050 334 84 26 hearing
3146 336 22 19 at
3182 335 35 20 the
3227 335 106 21 Warden's
3348 336 69 26 Court,
3430 335 118 26 Roxburgh,

3001 371 23 20 to
3036 370 24 21 be
3074 370 47 20 held
3135 377 26 13 on
3174 370 113 27 Thursday,
3308 370 48 21 14th
3372 370 94 27 October,
3478 370 74 23 1897

3059 413 136 21 Adjourned
3208 418 59 16 from
3281 414 109 21 Previous
3404 414 91 21 Courts.

3027 448 55 22 Wrn.
3108 448 217 27 Milne—Application
3346 449 32 21 for
3391 449 124 26 resumption
3532 449 21 21 of

3003 475 91 21 freehold
3107 475 47 21 land
3169 477 20 19 in
3208 477 59 20 block
3280 482 33 21 11.,
3328 477 79 26 Benger
3417 477 87 26 district,
3521 477 30 20 for

3002 503 78 26 mining
3090 510 103 20 purposes.

3196 543 76 16 WATER
3285 543 76 17 RACES.

3028 571 107 26 Benjamin
3151 572 77 21 Brooks
3249 572 41 21 and
3308 572 149 21 another—Boo
3474 579 23 14 or
3513 572 38 21 900

3003 598 60 25 yards
3094 606 21 13 in
3141 598 77 26 length,
3249 600 53 21 from
3334 600 115 25 Camp'iells
3479 598 74 25 Creek,

3004 624 115 27 Campbells
3132 626 54 21 Flat.
3214 626 95 28 Opposed
3318 627 26 27 by
3355 627 100 21 Rowland
3466 627 81 21 Parker.

3029 658 98 22 Rowland
3139 659 159 26 Parker—l,ooo
3311 660 60 26 yards
3384 660 20 21 in
3416 660 69 25 length
3497 659 52 22 from

3005 686 115 27 Campbells
3129 687 72 26 Creek,
3211 688 117 27 Campbells
3338 688 53 22 Flat.
3419 688 95 27 Opposed
3525 688 26 26 by

3005 714 106 27 Benjamin
3121 715 77 21 Brooks
3207 716 40 21 and
3254 717 93 21 another.

3134 755 123 17 EXTENSION
3270 757 76 16 WATER
3358 757 64 16 RACE.

3028 785 55 21 John
3106 786 71 26 Ewing
3187 786 39 23 -6.4
3240 786 57 21 miles
3320 787 21 21 in
3354 786 77 23 length,
3451 786 53 21 from
3518 786 31 21 his

3003 820 51 19 race,
3074 813 72 21 license
3165 814 39 21 No.
3214 814 106 22 '9567—30
3328 813 9 28 I
3345 813 9 28 1
3362 813 8 28 |
3381 815 32 26 07,
3429 815 75 20 situate
3522 821 25 14 on

3003 840 99 21 Hercules
3111 841 54 22 Flat.
3192 842 94 26 Opposed
3292 842 27 26 by
3329 842 53 21 Wm.
3392 842 23 22 T.
3423 842 126 26 Scrimgeour

3002 868 40 22 and
3055 868 60 23 Alex.
3132 868 116 23 M'Douald.

3070 910 26 15 TO
3112 910 27 15 be
3153 910 137 16 registered
3304 911 27 14 as
3345 908 134 19 sußvetors.

3027 939 25 21 B.
3067 939 24 21 B.
3107 940 96 24 Couston,
3214 940 21 20 of
3248 940 102 22 Dunedin.

3026 966 17 21 E
3065 967 26 21 D.
3106 967 64 26 Weir,
3184 967 23 21 of
3220 967 103 21 Dunedin.

3032 1007 88 16 SPECIAL
3133 1007 81 17 CLAIMS
3227 1008 44 16 AND
3287 1007 106 17 LICENSED
3407 1008 118 17 HOLDINGS.

3027 1035 67 21 David
3107 1035 72 23 Henry
3193 1035 125 21 Parker—32
3328 1044 62 18 acres,
3399 1037 74 20 situate
3483 1037 22 21 in
3512 1037 36 20 the

3002 1062 130 20 Whitecomb
3145 1069 72 20 survey
3234 1063 87 21 district.

3026 1097 72 27 Henry
3116 1096 170 27 Youngman—4l
3304 1105 61 19 acres,
3391 1098 59 27 being
3471 1098 75 22 sec'ion

3001 1125 32 27 29,
3047 1125 59 21 block
3121 1131 24 21 1.,
3157 1126 73 20 Teviot
3245 1126 87 21 district.

3183 1162 55 20 New
3252 1162 113 21 Business.

3208 1200 140 16 PROTECTION.

3024 1221 56 21 John
3095 1223 89 20 Borland
3197 1223 39 20 and
3250 1223 167 20 another—Four
3431 1223 81 21 months
3527 1225 22 17 to

3001 1249 72 25 special
3088 1249 58 19 c'aitn
3158 1249 39 21 No.
3217 1249 38 21 235
3267 1249 4 26 |
3281 1249 47 26 97b,
3344 1250 59 24 being
3423 1251 75 19 section
3520 1250 32 24 43,

3002 1275 59 21 block
3075 1280 24 19 1.,
3113 1275 72 21 Teviot
3199 1275 88 22 district.

3026 1303 69 21 James
3105 1303 150 25 Rattray—Six
3269 1303 82 22 months
3365 1304 22 20 to
3400 1303 74 27 special
3487 1303 59 23 claim

3003 1331 40 21 No.
3056 1331 37 21 231
3106 1331 3 27 |
3120 1331 47 27 67r,
3182 1332 76 20 situate
3272 1331 60 27 Craig
3344 1332 54 21 Flat.

3102 1371 81 16 ■RENEW
3196 1371 134 16 OCCUPATION
3344 1371 97 16 LICENSK.

3026 1401 80 21 Gideon
3120 1402 26 21 A.
3160 1400 176 22 Smith—License
3350 1401 41 20 No.
3406 1401 25 21 '27
3442 1400 4 25 |
3456 1400 32 23 87.

3025 1429 56 21 John
3094 1428 177 22 Steele—License
3287 1428 38 21 No.
3340 1428 26 21 34
3377 1428 4 26 |
3391 1428 32 22 87.

3177 1468 116 16 EXTENDED
3306 1468 73 16 CLAIM.

3029 1498 56 21 Wm.
3114 1496 124 21 Weatherall
3253 1496 39 21 and
3309 1496 162 22 another—Two
3492 1504 63 20 acre?,

3003 1526 75 22 situate
3088 1533 26 14 on
3128 1525 35 22 the
3179 1527 43 18 east
3238 1524 54 23 bank
3303 1524 21 21 of
3337 1524 36 22 the
3389 1524 76 23 Clutha
3484 1525 69 25 River,

3003 1557 23 17 at
3039 1553 113 25 Roxburgh
3165 1553 57 21 East.

3179 1592 115 17 DREDGING
3307 1592 75 17 CLAIM.

3032 1623 112 26 Roxburgh
3153 1622 130 25 Gol<l|Steam
3292 1621 108 26 Dredging,
3414 1622 35 21 Co.
3459 1621 99 23 Ltd.—39

3010 1651 70 22 chains
3098 1651 54 26 long,
3175 1651 75 20 situate
3269 1650 21 20 in
3308 1649 37 21 the
3358 1649 76 21 Clutha
3448 1650 70 27 River,
3532 1653 24 17 at

3006 1679 49 21 Coal
3069 1679 66 21 Creek

3076 1766 266 48 Parliamentary
3380 1763 113 42 Notes.

3183 1846 207 38 [Exchanges]

3043 1901 86 25 Leave
3142 1898 26 24 of
3181 1898 109 24 absence
3312 1905 52 16 was
3379 1897 109 27 granted
3508 1897 51 25 last

3009 1938 98 32 Friday
3120 1938 27 23 to
3160 1934 47 27 the
3224 1933 64 26 Hon.
3310 1933 43 26 Mr
3374 1931 121 28 Lirnach
3519 1933 41 26 for

3009 1985 48 17 one
3071 1973 71 27 week
3156 1981 31 16 on
3207 1973 95 33 urgent
3316 1970 104 35 private
3433 1969 126 28 business.

3039 2013 55 25 The
3108 2009 133 27 Financial
3248 2011 142 23 statement
3403 2008 23 26 is
3436 2009 124 32 expected

3010 2053 27 24 at
3050 2051 46 25 the
3109 2048 50 26 end
3172 2046 27 26 of
3212 2046 54 25 this
3277 2046 68 26 week
3360 2054 29 16 or
3413 2044 73 36 early
3499 2048 61 24 next

3010 2088 79 27 week.

3043 2125 55 25 The
3118 2132 61 17 area
3200 2122 27 26 of
3248 2120 152 27 Pomahaka
3422 2119 93 28 Estate
3539 2121 21 26 is

3010 2162 75 32 7,462
3109 2169 77 18 acres.
3225 2159 55 26 The
3303 2157 64 27 total
3392 2166 60 18 area
3474 2159 86 26 leased

3009 2201 22 25 is
3062 2201 15 24 6
3087 2198 49 27 013
3168 2206 78 19 acres,
3272 2196 53 26 and
3354 2195 75 27 there
3455 2204 43 18 are
3528 2196 31 26 25

3008 2237 105 27 settlers
3158 2234 56 26 The
3239 2233 92 26 Estate
3356 2235 55 24 cost
3438 2232 120 29 £23,183,

3008 2275 52 26 and
3071 2274 45 26 the
3127 2272 85 26 rental
3226 2270 108 28 derived
3348 2270 66 26 from
3439 2270 44 26 the
3497 2270 62 27 land

3008 2312 88 26 leased
3106 2311 22 25 is
3140 2310 105 27 £1,103.
3259 2307 181 35 representing
3449 2307 110 26 interest

3008 2352 28 23 at
3048 2349 46 25 the
3108 2349 54 24 rate
3175 2346 27 25 of
3214 2345 32 35 4|
3260 2355 48 25 per
3320 2347 64 22 cent.

3045 2389 17 22 A
3123 2381 220 29 householder's''
3379 2380 177 36 qualification

3007 2425 83 25 under
3111 2423 44 25 the
3177 2421 181 26 Government
3382 2419 53 25 Bill
3459 2420 50 24 will
3524 2420 32 25 be

3007 2461 95 25 twelve
3115 2458 112 26 months'
3249 2458 134 24 residence
3396 2465 29 16 or
3448 2465 90 24 occupa-

3006 2497 56 25 tion
3080 2496 27 26 of
3120 2505 15 17 a
3156 2495 117 25 rateable
3294 2495 127 32 property
3446 2492 82 26 under
3539 2502 14 15 a

3006 2538 112 30 tenancy
3127 2533 27 24 of
3167 2535 45 22 not
3222 2533 51 24 less
3283 2531 65 25 than
3359 2529 73 26 three
3442 2529 109 27 months.

3041 2571 32 26 In
3086 2569 74 36 reply
3172 2570 28 24 to
3212 2568 45 27 the
3273 2567 60 27 Hon
3352 2565 44 27 Mr
3410 2565 141 34 Rolleston,

3005 2610 46 26 the
3067 2609 83 34 Right
3175 2606 67 27 Hon.
3265 2606 43 26 Mr
3329 2604 104 27 Seddon
3445 2605 57 26 said
3522 2605 32 27 he

3006 2647 95 25 should
3120 2647 30 25 be
3175 2644 91 35 happy
3289 2646 28 24 to
3341 2642 91 26 obtain
3455 2643 35 24 all
3510 2643 45 26 the

3005 2683 172 27 information
3200 2681 114 34 possible
3339 2679 148 33 respecting
3510 2680 45 26 the

3006 2722 155 33 prevalence
3184 2718 28 27 of
3236 2719 45 26 the
3295 2717 78 28 social
3395 2717 52 26 evil
3469 2716 26 27 in
3510 2717 45 27 the

3005 2759 60 25 four
3164 2759 100 23 centres
3275 2756 68 26 from
3356 2756 47 26 the
3413 2755 143 34 inspectors

3005 2796 28 27 of
3067 2796 91 36 police,
3204 2794 112 26 medical
3353 2794 105 30 officers,
3506 2792 50 27 and

3004 2834 168 33 stipendiary
3181 2832 172 30 magistrates

3040 2870 54 27 The
3107 2868 119 28 Premier
3238 2867 47 28 has
3296 2867 78 36 given
3395 2867 85 27 notice
3490 2866 67 32 that,

3006 2908 127 36 provided
3170 2907 45 26 the
3246 2915 171 18 concurrence
3446 2905 28 26 of
3513 2905 45 26 the

3007 2946 105 27 Council
3125 2946 33 25 be
3170 2944 134 30 obtained,
3314 2943 46 27 the
3371 2944 54 26 sale
3435 2943 27 25 of
3475 2942 84 36 liquor

3007 2985 26 25 in
3047 2984 45 26 the
3106 2982 131 36 precincts
3250 2982 28 25 of
3289 2981 45 26 the
3348 2980 212 35 Parliamentary

3009 3021 140 32 Buildings
3160 3028 32 17 on
3203 3018 120 33 Sundays
3334 3018 32 26 be
3377 3017 183 27 discontinued

3007 3058 52 28 and
3085 3058 60 26 that
3170 3066 15 17 a
3208 3056 55 35 poll
3288 3056 31 27 be
3342 3056 79 27 taken
3445 3054 27 27 of
3495 3054 64 27 both

3007 3095 129 27 branches
3170 3093 27 26 of
3237 3093 46 26 the
3320 3093 165 33 Legislature
3527 3101 32 16 on

3009 3131 118 28 October
3140 3131 30 28 11
3196 3133 26 24 to
3236 3130 144 27 determine
3393 3128 119 28 whether
3523 3129 36 26 its

3008 3171 54 25 sale
3073 3180 31 15 on
3115 3168 69 27 week
3198 3169 63 33 days
3271 3168 96 26 should
3377 3168 31 25 be
3419 3166 140 26 continued

3008 3207 98 33 during
3125 3206 45 26 the
3183 3207 105 32 present
3308 3202 170 27 Parliament.

3043 3243 54 26 The
3107 3245 96 31 ontput
3215 3242 28 25 of
3255 3241 56 26 coal
3325 3240 67 26 from
3406 3240 45 25 the
3473 3241 84 25 mines

3008 3279 164 34 throughout
3193 3278 46 26 the
3257 3278 92 32 colony
3372 3276 41 25 for
3431 3276 46 26 the
3498 3279 59 32 past

3008 3326 63 27 year
3084 3315 141 27 amounted
3238 3316 27 24 to
3280 3312 106 29 792,851
3400 3315 66 29 tons,
3480 3313 80 34 being

3008 3364 33 16 an
3066 3354 116 25 increase
3207 3361 33 16 on
3264 3351 47 26 the
3335 3350 120 34 previous
3476 3350 83 35 year's

3008 3392 97 33 output
3122 3390 27 25 of
3174 3389 91 26 66,197
3289 3390 64 23 tons.
3392 3387 53 26 The
3464 3389 96 32 output

3008 3427 148 35 comprised
3172 3424 109 32 473,637
3291 3427 59 23 tons
3360 3424 28 26 of
3397 3424 162 26 bituminous

3008 3466 63 28 coal,
3105 3464 110 30 110,547
3250 3465 59 23 tons
3337 3462 27 26 of
3393 3461 73 35 pitch
3496 3462 62 30 coal,

3012 3502 106 30 179,745
3129 3504 58 22 tons
3201 3500 26 25 of
3236 3500 90 25 brown
3334 3499 62 29 coal,
3407 3499 52 25 and
3469 3498 91 28 28,923

3010 3541 58 24 tons
3094 3538 27 27 of
3146 3537 102 33 lignite.
3287 3535 106 34 Mining
3414 3535 146 35 operations

3009 3585 67 18 Avere
3090 3575 102 27 earned
3205 3583 31 17 on
3257 3574 27 25 in
3296 3572 48 27 163
3356 3573 91 29 mines,
3461 3573 27 25 in
3501 3582 41 16 con-

3009 3613 104 27 nection
3134 3612 66 26 with
3212 3611 87 27 which
3313 3609 72 32 1,937
3410 3619 58 17 men
3493 3619 67 18 were

3010 3650 146 35 employed.
3196 3648 55 26 The
3263 3657 62 26 year
3337 3647 64 27 1896
3421 3647 53 26 had
3495 3648 63 25 been

3008 3690 70 23 most
3095 3687 145 25 disastrous
3254 3685 86 34 owing
3353 3687 27 23 to
3392 3684 46 26 the
3459 3684 50 27 loss
3534 3684 26 25 of

3010 3725 46 26 life
3067 3723 117 34 through
3195 3723 131 26 accidents
3371 3724 41 23 An
3425 3721 133 35 explosion

3010 3763 28 24 iu
3051 3762 46 25 the
3112 3761 121 26 Brunner
3252 3760 71 25 mine
3346 3769 33 15 on
3403 3758 92 26 March
3517 3759 42 30 20,

3012 3799 71 32 1896,
3099 3798 94 28 caused
3205 3798 46 26 the
3276 3797 77 26 death
3377 3796 28 25 of
3425 3796 71 35 sixty
3512 3796 48 26 five

3010 3846 59 16 men
3084 3834 4 33 ;
3108 3836 79 25 while
3208 3836 29 24 in
3257 3835 45 24 the
3317 3834 117 25 Fernhill
3447 3834 69 25 mine
3528 3843 32 15 on

3012 3875 105 30 August
3148 3872 32 25 24
3216 3881 32 16 an
3285 3871 118 26 accident
3438 3871 122 25 occurred

3009 3910 124 34 whereby
3146 3918 47 16 one
3203 3918 61 15 man
3276 3908 51 25 lost
3337 3907 42 25 his
3391 3907 50 25 life.
3479 3907 81 25 Other

3008 3946 134 28 accidents
3155 3945 117 27 resulted
3286 3944 27 27 in
3331 3944 98 26 serious
3452 3943 108 36 injuries

3010 3989 28 22 to
3051 3985 44 26 the
3108 3993 59 17 men

3047 4022 42 24 Mr
3102 4020 124 26 Seddon's
3237 4019 83 34 Eight
3334 4019 87 26 Hours
3441 4019 51 26 Bill
3504 4028 42 25 pro-

3009 4059 81 26 vided
3113 4057 60 28 that
3191 4062 92 30 except
3308 4056 26 26 in
3348 4057 45 26 the
3417 4066 70 17 cases
3509 4057 51 24 and

3008 4097 105 33 subject
3134 4099 27 22 to
3174 4096 45 26 the
3241 4094 146 28 conditions
3407 4094 152 27 authorised

3007 4134 52 25 and
3074 4133 148 34 prescribed
3236 4133 25 23 in
3276 4132 98 24 section
3393 4132 32 24 55
3439 4132 27 24 of
3514 4132 4 35 I
3528 4132 32 24 he

3008 4170 132 26 Factories
3164 4171 55 27 Act,
3336 4168 20 25 it
3375 4168 69 26 shall
3469 4170 46 24 not
3528 4168 32 25 be

3008 4207 87 27 lawful
3122 4207 39 25 for
3174 4216 51 24 any
3248 4204 133 36 employer
3403 4209 28 22 to
3455 4206 105 34 employ

3007 4254 51 17 anv
3072 4243 98 27 worker
3190 4247 27 22 to
3241 4242 69 26 work
3333 4243 39 24 for
3398 4253 71 16 more
3494 4243 64 26 than

3005 4283 33 25 45
3052 4281 119 34 working
3183 4281 80 25 hours
3277 4280 27 25 iu
3315 4290 51 24 any
3377 4290 49 16 one
3438 4280 121 34 working

3006 4320 79 28 week,
3099 4328 29 16 or
3147 4323 27 21 to
3196 4318 106 26 dismiss
3328 4327 53 26 any
3399 4318 100 25 worker
3519 4318 41 26 for

3005 4356 121 34 refusing
3139 4365 27 17 so
3179 4358 26 23 to
3219 4355 38 26 do.
3297 4354 40 27 On
3353 4365 33 16 an
3409 4364 151 27 emergency

3005 4394 138 34 involving
3156 4394 100 34 danger
3267 4393 118 26 workers
3402 4402 61 27 may
3488 4394 70 25 work

3005 4433 91 32 longer
3108 4431 86 26 hours.
3233 4431 134 25 Pena.ties
3378 4440 43 16 are
3432 4431 127 33 provided

3003 4468 48 31 for,
3066 4468 52 26 and
3131 4467 29 27 in
3172 4468 120 26 addition
3306 4467 97 27 double
3416 4476 86 26 wages
3516 4476 43 17 are

3002 4505 165 27 recoverable
3181 4505 21 26 if
3212 4505 45 27 the
3271 4514 23 16 w
3305 4504 69 28 >rker
3387 4505 21 25 is
3421 4504 137 35 employed

3002 4544 27 26 in
3043 4542 94 28 breach
3152 4544 27 25 of
3192 4543 44 26 the
3250 4545 48 23 act.
3341 4542 121 33 Nothing
3473 4542 26 26 in
3513 4542 45 26 the

3002 4584 42 23 act
3054 4580 66 26 shall
3135 4581 32 25 be
3179 4580 142 26 construed
3334 4583 27 22 to
3375 4579 127 34 lengthen
3512 4579 46 26 the

3002 4618 119 34 working
3144 4617 52 36 day
3215 4617 26 26 in
3267 4626 52 26 any
3332 4626 57 17 case
3410 4616 89 26 where
3521 4615 37 35 by

3002 4658 111 28 custom,
3138 4657 159 32 agreement,
3325 4664 29 16 or
3376 4655 100 25 statute
3490 4654 22 25 it
3535 4652 22 26 is

3002 4692 50 26 less
3068 4693 64 26 than
3146 4692 75 34 eight
3233 4692 86 26 hours.

3174 4780 204 41 Piscatorial.

3168 4864 51 36 (By
3240 4863 142 35 Minnow.)

3038 4915 57 29 The
3121 4916 101 37 fishing
3248 4924 94 19 season
3370 4914 105 37 opened
3501 4913 51 28 hist

3001 4955 111 40 Friday,
3135 4957 50 27 but
3200 4966 34 27 up
3249 4961 27 22 to
3303 4955 45 27 ihe
3376 4958 111 33 present
3513 4963 37 18 we

3001 4997 69 28 have
3084 5002 48 23 not
3160 4995 80 29 heard
3262 4995 28 28 of
3310 5005 52 26 any
3386 4993 163 29 sensational

3001 5037 124 34 bankets,
3139 5036 132 36 although
3294 5035 97 28 almost
3414 5044 133 26 everyone

3001 5076 60 28 who
3071 5076 48 27 has
3130 5077 66 26 been
3208 5082 46 19 out
3268 5075 47 26 has
3328 5074 67 27 been
3409 5073 137 26 rewarded

3001 5120 27 24 to
3054 5125 74 19 some
3154 5120 93 23 extent
3297 5113 64 27 This
3387 5113 21 26 is
3430 5112 118 37 perhaps

3001 5155 52 29 due
3085 5159 28 25 to
3139 5155 46 28 the
3213 5155 56 27 fact
3294 5152 60 29 that
3379 5152 47 27 the
3452 5151 95 28 Teviot

3001 5202 99 23 stream
3122 5196 22 28 is
3165 5201 45 22 too
3233 5194 65 37 high
3322 5200 27 21 at
3373 5197 110 34 present
3506 5192 42 27 for

3000 5237 76 37 large
3096 5235 95 34 hauls;
3212 5233 246 39 notwithstanding
3480 5231 62 35 this,

3000 5277 47 26 the
3060 5283 76 29 sport
3149 5286 30 15 so
3200 5275 43 26 for
3265 5274 22 25 is
3312 5272 124 28 declared
3461 5275 26 24 to
3514 5271 33 27 be

3001 5325 63 26 very
3080 5314 81 37 good.

3038 5346 42 36 On
3094 5354 99 37 Friday
3214 5353 100 27 Messrs
3337 5350 74 37 Jjoyd
3434 5350 53 27 and
3511 5349 33 27 I).

3000 5395 154 28 Robertson
3167 5391 127 31 obtained
3306 5391 100 28 several
3418 5390 52 27 fine
3485 5389 59 34 fish,

3000 5434 45 29 Mr
3082 5433 154 28 Robertson
3268 5431 113 37 landing
3413 5439 50 19 one
3501 5430 43 28 7ib

3001 5475 108 33 beauty.

3037 5511 40 28 On
3105 5510 136 38 Saturday
3266 5510 44 26 Mr
3335 5508 32 28 R.
3399 5506 143 29 C'ockbum

2999 5552 79 27 made
3091 5562 15 16 a
3120 5561 64 27 very
3198 5550 71 38 good
3283 5550 71 33 haul,
3371 5558 34 18 no
3416 5546 126 29 le.-sthan

3002 5592 31 27 19
3047 5591 50 27 fish
3109 5591 83 37 being
3203 5591 120 34 giassed.

3036 5632 41 27 On
3118 5630 120 38 Monday
3275 5629 102 28 Messrs
3412 5628 130 37 Kpooner,

2998 5672 89 37 Boyd,
3102 5671 144 28 Cockburn
3263 5671 51 26 and
3328 5678 102 19 several
3452 5667 90 28 others

2997 5722 71 17 were
3097 5718 57 27 out,
3187 5711 65 27 each
3272 5708 142 37 obtaining
3445 5719 16 15 a
3491 5707 50 28 ii«ir

2994 5750 105 30 basket.

3616 193 81 37 Quite
3708 205 19 19 a
3736 196 117 30 number
3874 197 28 29 of
3919 197 112 30 licenses
4053 198 69 29 have

3580 233 68 28 been
3662 235 84 28 taken
3758 242 47 22 out
3817 238 55 26 this
3886 247 95 19 season
3996 239 35 35 by
4044 239 77 27 those

3580 275 28 26 to
3619 273 88 29 whom
3719 275 45 28 the
3774 275 48 28 rod
3833 276 154 38 previously
3996 277 48 27 has
4054 277 68 29 been

3581 323 15 17 a
3618 316 134 35 stranger,
3777 326 30 17 so
3827 316 60 28 that
3909 326 65 27 very
3995 327 66 18 soon
4076 317 46 29 the

3581 352 50 28 fish
3644 364 44 18 are
3708 354 83 37 likely
3805 359 27 25 to
3845 355 69 29 have
3936 367 15 17 a
3966 357 79 38 lively
4059 357 64 29 time

3581 392 29 29 of
3621 393 30 29 it.

3619 473 80 30 Since
3711 475 47 28 the
3779 477 120 36 opening
3913 477 29 27 of
3956 477 46 27 the
4024 478 98 37 fishing
4122 473 3 42 1

3582 524 96 19 season
3708 525 36 28 up
3775 519 30 25 to
3836 515 120 40 Monday
3983 517 140 30 afternoon

3585 556 72 37 (says
3683 557 46 27 the
3787 557 83 28 Bruce
3905 557 141 35 Herald'')
4080 558 46 30 Mr

3581 596 67 28 Tom
3663 596 95 28 M'Grill
3771 597 128 27 obtained
3917 598 27 27 16
3954 598 59 35 fish,
4024 598 85 36 weigh-

3581 637 48 39 ing
3643 648 15 17 a
3668 637 66 29 total
3753 637 29 28 of
3796 637 87 35 601bs,
3896 637 79 29 while
3989 638 43 28 Air
4054 638 53 29 Har-

3581 688 50 28 vey
3642 678 102 38 caught
3755 678 61 28 four
3826 678 50 28 fish
3888 678 138 39 weighing
4040 679 83 29 151bs.

3583 718 69 30 Both
3669 720 76 28 these
3767 718 145 30 fishermen
3934 719 102 39 caught
4057 720 69 30 their

3581 760 52 28 fish
3654 760 28 28 in
3703 759 67 29 tidal
3790 763 95 24 waters
3908 762 28 24 at
3958 760 46 28 the
4028 761 95 27 mouth

3581 800 28 28 of
3622 801 46 27 the
3682 800 80 28 river.
3803 799 44 29 Mr
3861 799 117 29 M'Gill's
4000 800 125 39 splendid

3581 840 99 29 basket
3704 840 53 29 will
3785 840 35 29 be
3851 840 68 28 hard
3949 844 29 26 to
4010 842 63 28 beat
4097 842 28 28 in

3581 882 99 36 Otago.

3721 966 124 52 Mining
3885 967 113 42 Notes.

3617 1046 56 28 The
3706 1045 107 28 Ettrick
3835 1044 104 38 dredge
3961 1047 110 28 washed
4090 1057 36 27 up

3581 1087 42 28 for
3637 1087 85 28 about
3741 1086 77 34 eight
3839 1084 77 39 days'
3943 1087 75 28 work
4041 1087 86 37 30$oz

3581 1128 73 38 gold.
3694 1127 56 28 The
3765 1126 106 37 ground
3885 1127 22 28 is
3921 1138 66 28 very
4000 1128 96 36 rough.

3616 1167 58 29 The
3688 1167 152 36 Roxburgh
3859 1167 103 38 dredge
3985 1169 48 28 has
4057 1169 69 28 been

3582 1208 63 29 shut
3658 1209 79 28 down
3748 1208 43 29 for
3802 1207 45 29 the
3860 1212 118 34 present.

3618 1249 58 27 The
3701 1247 104 28 Golden
3829 1245 131 30 Treasure
3983 1249 144 37 Dredging

3582 1286 48 31 Co.
3654 1288 49 29 obt
3711 1287 72 29 lined
3806 1287 67 30 360z
3889 1287 71 29 7dwt
3974 1287 51 30 last
4039 1287 84 37 week,

3581 1329 54 29 and
3648 1329 47 28 the
3705 1328 103 29 Golden
3823 1329 68 28 Gate
3906 1328 47 29 Co.
3967 1330 77 29 450z.

3618 1369 57 28 The
3707 1368 127 29 Dunediu
3866 1368 103 38 dredge
3997 1369 130 28 obtained

3582 1409 51 28 407,
3652 1408 43 30 for
3716 1408 61 29 four
3802 1407 76 39 days'
3904 1407 138 40 dredging
4072 1409 54 29 last

3585 1449 85 29 week.

3619 1489 57 29 The
3693 1488 154 39 Knterprise
3861 1489 102 39 dredge
3984 1499 61 18 won
4059 1490 67 28 260z

3588 1530 88 29 lOdwt
3691 1529 50 36 7gr
3753 1529 54 29 last
3822 1529 84 30 week.

3621 1570 58 28 The
3698 1570 89 36 Otago
3809 1570 102 34 dredge
3936 1581 54 17 was
4012 1572 115 36 stopped

3585 1610 62 27 four
3679 1609 66 37 days
3776 1609 52 28 last
3859 1610 75 29 week
3971 1611 43 26 for
4043 1610 86 39 fixing

3587 1649 128 30 elevator.

3624 1689 57 27 The
3695 1693 133 33 secretary
3842 1691 29 26 of
3883 1690 47 27 the
3946 1689 83 37 Clyde
4047 1691 64 27 Dred-

3588 1729 49 37 ing
3652 1727 47 30 Co.
3715 1733 103 33 reports
3833 1740 16 17 a
3861 1729 73 37 yield
3953 1730 28 27 of
4004 1730 66 28 570z
4090 1729 41 30 for

3588 1769 54 28 Inst.
3655 1768 84 29 week.
3778 1769 57 28 The
3855 1769 204 38 dredgemaster
4082 1770 31 28 ad-

3589 1810 72 27 vises
3674 1809 60 26 that
3746 1809 34 27 he
3791 1809 23 27 is
3828 1820 60 17 now
3902 1820 33 17 on
3950 1820 15 16 a
3987 1811 72 36 good
4080 1821 51 18 run

3590 1850 26 27 in
3632 1849 46 28 the
3691 1856 92 22 centre
3796 1849 28 28 of
3838 1850 45 28 the
3897 1850 78 28 river.

3627 1889 57 27 The
3713 1888 149 29 IvJolvneux
3888 1889 150 37 Hydraulic
4061 1890 72 28 Co.'s

3591 1928 103 36 dredge
3707 1928 109 29 washed
3829 1939 37 27 up
3877 1940 32 18 on
3932 1929 46 29 the
4002 1929 66 29 25th
4082 1929 48 30 nit.

3591 1969 43 28 for
3645 1968 28 38 31
3680 1979 45 18 ozs
3738 1969 10 27 1
3755 1968 56 28 dwt
3820 1969 88 33 (value
3917 1968 73 38 £ll9
4005 1970 44 28 10s
4065 1968 4 38 I
4078 1970 55 36 Od),

3591 2009 113 38 making
3717 2020 16 17 a
3746 2009 66 29 total
3826 2010 29 29 of
3874 2012 67 27 540z
3963 2011 74 28 Bdwt
4064 2012 68 37 lOgr

3591 2051 42 27 for
3647 2050 46 28 the
3707 2049 84 29 week.
3830 2051 56 27 The
3908 2051 104 37 dredge
4024 2051 108 29 washed

3591 2101 36 28 up
3640 2091 79 38 again
3734 2101 34 18 on
3782 2090 47 29 the
3861 2091 48 29 oth
3922 2091 43 30 for
3978 2093 67 28 390z
4063 2092 70 29 Idwt

3591 2131 26 38 21
3626 2142 34 26 gr
3673 2131 89 34 (value
3774 2131 75 29 £l5O
3868 2132 43 28 10s
3932 2132 47 37 2d)
4005 2133 43 28 for
4070 2132 61 29 four

3590 2171 85 38 days'.

3625 2212 57 29 The
3706 2211 99 28 annual
3830 2213 121 37 meeting
3978 2213 29 28 of
4039 2213 76 28 share-

3588 2251 108 30 holders
3732 2252 26 28 in
3789 2252 47 29 the
3868 2251 104 30 Golden
3998 2252 130 30 Treasure

3588 2293 144 38 Dredging
3746 2293 47 29 Co.
3809 2303 53 18 was
3876 2293 61 29 held
3951 2304 33 18 on
4005 2293 126 38 Tuesday

3586 2336 28 25 at
3628 2332 116 37 Laffey's
3758 2333 92 34 Hotel,
3865 2333 102 29 Millers
3981 2333 69 35 Flat,
4075 2333 55 28 and

3586 2376 28 26 at
3626 2384 15 18 a
3655 2372 120 39 meeting
3788 2373 28 29 of
3838 2373 46 29 the
3897 2373 130 29 directors
4040 2373 30 29 of
4082 2373 47 29 the

3585 2424 72 18 same
3671 2424 134 27 company
3818 2425 15 16 a
3847 2414 129 28 dividend
3990 2413 29 29 of
4040 2414 30 29 2s
4079 2424 50 27 per

3584 2454 78 27 share
3675 2465 55 16 was
3743 2454 133 34 declared,
3891 2454 115 37 payable
4017 2465 32 16 on
4066 2454 63 27 12th

3582 2493 63 29 inst.

3624 2536 37 25 At
3674 2545 15 16 a
3703 2534 121 37 meeting
3837 2533 29 28 of
3889 2533 45 28 the
3958 2533 129 28 directors
4101 2533 29 28 of

3584 2574 45 30 the
3644 2573 104 30 Golden
3767 2573 68 30 Gate
3858 2572 145 41 Dredging
4024 2572 46 31 Co.
4094 2583 35 19 on

3584 2615 124 37 Tuesday
3722 2625 15 18 a
3749 2614 129 29 dividend
3899 2615 29 28 of
3948 2615 29 28 7s
3989 2625 50 26 per
4051 2615 79 28 share

3583 2666 55 18 was
3658 2653 135 36 declared,
3816 2654 116 38 payable
3953 2659 67 24 next
4044 2653 68 29 Tues-

3584 2695 61 39 day.
3684 2695 65 28 This
3788 2694 132 29 dividend
3957 2693 95 38 brings
4083 2695 47 28 the

3584 2736 66 30 total
3676 2735 127 29 declared
3835 2746 36 26 up
3902 2739 29 25 to
3963 2736 32 28 £1
4026 2736 31 27 4s
4082 2744 48 29 per

3585 2777 86 30 share.

3621 2818 57 28 The
3689 2817 99 28 annual
3798 2817 121 38 meeting
3929 2817 28 28 of
3967 2817 47 28 the
4025 2816 105 30 Golden

3587 2858 61 28 Run
3661 2857 124 36 Sluicing
3800 2856 47 29 Co.
3861 2866 55 17 was
3930 2856 62 28 held
4003 2867 34 17 on
4050 2858 70 26 'iues-

3586 2899 54 35 day
3653 2898 53 29 lust
3719 2905 29 21 at
3763 2897 101 29 Millers
3877 2897 71 29 Flat.

3624 2939 58 29 The
3695 2937 107 30 Ettrick
3825 2937 102 38 dredge
3943 2937 53 28 will
4019 2938 34 28 be
4078 2935 54 31 laid

3587 2991 36 27 up
3636 2981 44 28 for
3693 2980 84 28 about
3789 2990 16 16 a
3818 2979 137 38 fortnight
3969 2989 33 17 on
4017 2985 115 23 account

3587 3021 29 29 of
3640 3020 47 28 the
3709 3019 72 27 main
3812 3018 84 29 crank
3929 3018 73 28 shaft
4033 3020 27 26 of
4086 3019 46 27 the

3587 3060 98 38 engine
3698 3058 136 42 breaking
3847 3069 34 19 on
3896 3057 181 40 Wednesday.

3624 3102 58 27 The
3704 3105 85 23 steam
3811 3099 78 29 valve
3910 3099 29 29 of
3963 3100 46 27 the
4035 3098 98 39 engine

3588 3142 28 28 of
3629 3142 47 29 the
3697 3140 89 30 Edina
3807 3139 104 39 dredge
3933 3131 72 37 \)lew
4026 3143 49 25 out
4098 3150 34 19 on

3587 3182 175 36 Wednesday
3774 3180 192 36 morning,and
3975 3182 46 26 the
4030 3180 104 37 dredge

3587 3222 53 29 will
3654 3220 136 30 therefore
3805 3220 33 28 be
3852 3220 113 37 delayed
3979 3220 43 28 for
4042 3231 16 17 a
4080 3220 53 29 few

3586 3263 76 36 days.

3623 3301 58 28 The
3694 3300 129 28 Pleasant
3842 3298 98 38 Valley
3953 3299 179 37 Goldmining

3588 3341 47 29 Co.
3650 3339 111 30 washed
3774 3350 36 27 up
3833 3349 35 19 on
3897 3338 173 39 Wednesday
4093 3339 41 29 for

3590 3382 74 28 13oz.
3705 3380 65 28 This
3783 3382 154 35 represents
3958 3379 78 38 eight
4056 3378 78 39 days'

3588 3421 75 29 work
3689 3420 43 29 for
3756 3431 15 17 a
3796 3430 65 27 very
3885 3419 89 39 rough
4005 3419 77 38 piece
4107 3418 27 30 of

3587 3461 117 40 ground.
3745 3460 57 29 The
3810 3465 140 33 prospects
3961 3460 28 28 of
4000 3460 46 28 the
4054 3460 80 30 claim

3587 3512 46 18 are
3657 3501 144 34 excellent,
3827 3500 63 35 and,
3913 3500 27 27 in
3967 3500 64 33 fact,
4064 3501 23 27 it
4110 3499 24 31 is

3588 3540 143 30 estimated
3767 3540 61 29 that
3866 3540 93 29 before
3991 3539 66 39 long
4089 3540 45 29 the

3588 3582 123 33 monthly
3744 3584 108 26 returns
3901 3580 54 28 will
3993 3580 136 35 approach

3589 3624 92 28 lOOoz.

3624 3663 56 28 The
3694 3662 151 36 Roxburgh
3870 3660 206 35 Amalgamated
4092 3660 40 30 M.

3588 3704 52 28 and
3655 3702 28 30 S.
3698 3702 46 29 Co.
3760 3702 106 28 washed
3882 3701 80 28 down
3976 3700 52 30 No.
4054 3703 7 26 1
4082 3712 50 18 run

3588 3756 33 17 on
3649 3742 135 38 Saturday
3813 3742 43 28 for
3878 3742 67 29 350z
3972 3742 73 28 Odwt
4071 3742 61 38 Ggr,

3588 3784 54 30 and
3655 3784 53 28 No.
3723 3784 15 27 3
3751 3792 50 18 run
3821 3792 35 19 on
3870 3782 131 37 Monday,
4023 3782 70 28 after
4118 3794 15 16 a

3588 3824 102 29 week's
3712 3823 84 34 work,
3817 3823 43 28 for
3889 3823 62 27 lOoz
3977 3822 75 28 2dwt.
4074 3823 59 35 3gr.

3589 3867 53 26 No.
3657 3866 15 26 2
3687 3874 49 17 run
3751 3873 53 18 was
3817 3862 107 28 washed
3938 3862 79 28 down
4031 3862 102 35 during

3589 3906 47 27 the
3650 3904 94 28 month
3767 3904 42 26 for
3835 3904 81 26 1240z
3940 3902 98 27 12dwt.
4078 3902 56 27 The

3589 3944 67 30 total
3689 3948 91 24 return
3813 3942 43 28 for
3892 3941 47 29 the
3978 3940 93 29 mouth
4106 3940 28 29 of

3591 3985 162 39 September
3784 3985 22 27 is
3842 3986 7 24 I
3858 3984 66 28 G9oz
3951 3982 91 28 14dwt
4073 3983 59 37 9gr.

3589 4026 53 27 No.
3657 4026 16 27 3
3694 4025 128 32 elevator,
3845 4022 86 28 which
3945 4023 49 27 has
4015 4022 69 28 been
4104 4022 27 27 in

3574 4062 1 42 i
3589 4065 115 39 position
3720 4064 42 29 for
3774 4074 74 18 some
3868 4062 116 35 months,
3999 4062 53 28 will
4073 4071 59 19 now

3573 4102 2 40 I
3588 4108 34 27 be
3642 4104 190 38 continuously
3853 4103 116 34 worked,
3992 4103 51 27 and
4068 4102 26 28 in
4116 4114 16 16 a

3572 4137 3 40 |
3587 4146 53 29 few
3662 4146 66 27 diivs
3754 4144 53 28 No.
3840 4146 5 24 1
3876 4143 121 29 elevator
4023 4142 50 27 will
4099 4142 35 27 be

3572 4182 2 38 !
3588 4186 99 31 shifted
3699 4185 105 29 further
3814 4183 76 30 back.
3929 4182 57 30 The
3996 4182 134 38 stripping

3572 4222 2 42 |
3587 4232 28 23 at
3628 4227 46 28 the
3688 4226 69 29 back
3772 4226 28 28 of
3822 4226 46 28 the
3891 4224 78 28 claim
3995 4224 22 27 is
4038 4222 91 38 nearly

3572 4267 2 45 |
3587 4267 125 29 finished.

3625 4311 24 26 A
3664 4307 115 28 number
3791 4305 29 29 of
3833 4305 91 29 shares
3946 4305 26 28 in
3986 4304 46 28 the
4053 4303 60 28 Plea-

3588 4354 60 23 sant
3671 4347 94 35 Valley
3790 4346 177 36 Goldmining
3992 4344 46 28 Co.
4063 4344 66 27 have

3588 4391 67 29 been
3670 4389 59 28 sold
3744 4390 42 27 for
3796 4387 35 30 £2
3848 4389 30 26 5s
3892 4396 47 30 per
3952 4385 86 30 share.

3625 4431 45 28 Mr
3692 4428 112 29 Wmul's
3826 4428 78 27 share
3929 4427 27 27 in
3980 4426 148 33 Haughton

3587 4470 53 29 and
3655 4468 103 40 party's
3781 4468 79 28 claim
3885 4467 58 35 has,
3965 4476 39 18 we
4031 4465 80 28 under-

3586 4513 90 33 stand,
3691 4511 67 27 been
3773 4508 56 29 sohl
3845 4512 28 24 to
3896 4507 45 28 Mr
3963 4506 105 38 George
4087 4505 43 29 for

3570 4548 3 49 j
3585 4554 19 27 £
3614 4548 3 49 1
3627 4553 41 27 75.

3622 4592 57 27 The
3702 4590 68 28 Lion
3793 4588 76 29 Rock
3889 4587 67 28 Gold
3983 4586 144 38 Dredging

3570 4619 2 45 !
3587 4631 46 29 Co.
3678 4631 66 28 have
3782 4627 176 37 successfully
3997 4626 130 29 launched

3570 4659 2 48 I
3586 4673 69 28 their
3667 4670 112 37 dredge.
3818 4670 12 25 '1
3842 4669 32 27 he
3883 4668 155 38 company's
4049 4666 77 29 claim

3569 4699 2 43 I
3586 4713 20 27 is
3629 4723 33 18 on
3686 4712 46 28 the
3754 4708 188 31 Manuherikia
3962 4709 79 33 river,
4059 4716 65 19 near

3569 4747 2 35 !
3585 4753 44 29 the
3678 4752 61 27 Man
3743 4762 29 17 or
3775 4751 69 27 burn
3890 4748 54 29 and
3991 4747 136 28 Turakina

3569 4794 1 37 j
3582 4794 101 26 claims.

3619 4836 20 23 A
3648 4838 9 21 t
3671 4843 11 14 si
3697 4829 121 37 meeting
3838 4829 28 27 of
3888 4826 185 29 shareholders
4096 4825 28 29 of

3569 4866 1 38 |
3582 4873 46 27 the
3662 4871 101 29 United
3807 4868 127 28 Hercules
3977 4866 145 36 Hydraulic

3569 4906 1 43 i
3582 4911 123 38 Sluicing
3739 4911 45 26 Co.
3821 4906 138 37 (Limited)
3995 4906 60 27 held
4088 4915 35 18 on

3569 4940 1 42 j
3580 4951 119 31 Monday
3709 4951 21 27 it.
3739 4960 53 17 \v;»s
3803 4946 186 36 unanimously
3999 4945 122 29 resolved

3569 4986 1 39 I
3580 4992 58 28 that
3666 4992 47 27 the
3739 4998 131 27 comp.my
3901 4988 33 26 be
3962 4986 94 27 wound
4085 4995 37 26 up

3579 5029 172 38 voluntarily,
3782 5027 53 29 and
3870 5027 43 27 Mr
3944 5026 78 28 Peter
4054 5024 66 28 Birr

3581 5083 50 14 was
3646 5068 144 39 fippointed
3814 5067 152 37 liquidator,
4014 5065 48 27 the
4079 5074 43 18 re-,

3577 5110 114 28 solution
3706 5108 50 27 will
3770 5108 104 35 require
3885 5110 26 22 to
3927 5106 33 26 be
3972 5104 148 30 continued,

3575 5153 29 24 at.
3616 5160 16 16 a
3649 5149 168 36 subsequent;
3840 5149 120 33 meeting-
3981 5143 71 29 fixed
4075 5144 43 27 for

3582 5189 59 29 19th
3655 5189 63 28 ins!;.

3613 5234 24 23 A
3652 5228 95 37 special
3773 5225 119 38 meeting
3921 5224 28 28 of
3979 5224 47 28 the
4058 5224 60 30 S'e\y

3576 5270 62 35 Hoy
3659 5268 53 37 Big
3734 5266 86 28 Beach
3847 5264 68 30 Gold
3939 5263 109 36 Milling
4070 5263 46 30 Co,

3575 5319 53 17 was
3641 5307 62 28 held
3723 5306 26 27 in
3764 5306 45 27 the
3831 5304 134 28 Chamber
3986 5303 28 27 of
4037 5303 60 27 Com-

3577 5359 84 17 merce
3673 5357 32 17 on
3727 5344 118 36 Monday
3859 5343 124 36 evening.
4026 5341 42 29 Mr
4087 5358 28 12 ♦>.

3574 5388 78 34 Gore,
3667 5386 135 28 chairman
3817 5385 28 26 of
3865 5383 140 34 directors,
4019 5383 96 33 moved

3572 5428 53 28 and
3640 5428 44 27 Mr
3700 5424 124 30 Wheeler
3837 5423 133 31 seconded
3993 5423 58 28 that
4069 5423 46 27 the

3573 5477 130 26 company
3717 5467 31 26 be
3758 5464 96 28 wound
3866 5473 43 26 up.
3948 5464 57 27 The
4014 5463 105 29 motion

3573 5517 53 16 was
3653 5504 102 30 carried
3788 5503 188 37 unanimously
4003 5502 115 28 without

3571 5544 158 30 discussion.

3608 5588 25 26 A
3647 5584 76 30 cable
3735 5585 69 27 from
3831 5583 165 38 Kalgoorlie,
4025 5582 90 34 W.A.,

3572 5630 83 24 states
3683 5625 59 28 iluit
3768 5624 45 28 the
3844 5624 50 29 last
3926 5623 126 38 cleaning
4078 5633 37 28 up

3572 5668 94 32 brings
3692 5666 45 28 the
3758 5664 65 29 u<t<il
3851 5664 126 39 quantity
3999 5664 29 28 of
4050 5664 65 39 gold

3572 5718 56 17 won
3640 5708 71 26 .from
3728 5706 45 27 the
3787 5706 119 35 iyanhee
3920 5705 71 28 mine
4004 5705 73 27 since

3572 5746 169 38 was.opened
3756 5745 54 29 i<)2
3820 5751 72 22 lewt.

2043 102 237 42 vBENGEB.
2366 99 151 42 MAIL.

3483 96 177 51 Tii'day,
3680 99 168 43 October
3869 103 39 44 8,
3920 101 116 42 '1897

98 197 158 39 FRIDAY,
282 201 64 29 BTH.
365 200 183 37 OCTOBER,
570 201 79 36 1897,

280 242 39 26 At
339 244 51 23 two
407 250 57 28 p.m.

101 309 31 27 In
147 310 87 27 Estate
247 312 23 26 of
284 311 132 28 Charles
434 312 102 31 Ward,
557 311 50 27 late
627 310 28 27 of

173 349 100 36 Benger
303 349 64 34 Fiat,
407 350 87 34 miner,
524 348 126 35 deceased,

171 387 123 28 intestate.

103 452 127 51 JAB
251 454 23 28 E
293 454 21 28 Z
390 454 70 29 BU
480 454 25 27 R
530 452 122 28 TON

178 493 43 27 has
235 494 110 27 received
358 494 159 27 instructions
532 498 24 21 to
567 492 42 27 sell
620 492 32 34 by

105 529 82 37 public
200 533 100 27 auction
314 538 25 22 at
351 532 41 28 the
406 531 162 34 Courthouse,
582 530 52 27 Rox-

104 569 116 36 burgh-

174 607 42 27 All
239 608 41 26 the
302 606 111 29 Chattels
438 605 48 28 and
512 604 92 28 Effects
628 604 25 26 in

243 645 76 28 above
332 649 85 26 estate,
431 642 130 36 including
574 642 63 32 Quar-

244 692 36 21 ter
293 684 105 26 Interest
413 683 24 25 in
457 691 13 16 a
489 680 165 32 Goldmining

242 721 78 27 Claim
335 721 27 25 of
372 721 36 25 six
428 728 73 21 acres,
521 719 91 25 known
627 726 24 17 a?

244 759 40 26 the
319 758 96 27 Tunnel
543 755 47 26 and
604 755 24 25 in
640 764 12 15 a

243 795 117 31 Tailrace,
387 795 46 26 and
456 803 13 16 a
494 793 63 32 Hut,
578 791 31 27 all
628 798 25 20 at

241 832 147 37 Campbell's
420 830 95 35 Creek;
552 829 51 27 also
639 837 13 18 a

222 866 3 33 '
244 871 183 27 Portmanteau,
463 868 70 27 Field
569 866 82 33 Gtass,

242 907 127 31 Clothing,
380 905 123 33 Bedding,
515 905 84 29 Boots,
609 905 41 24 &c.

169 1026 355 37 BERNSTON
544 1025 39 42 E,

159 1112 66 29 CHE
293 1112 113 28 PARIS
441 1110 145 30 TAILOR

246 1171 94 33 (From
364 1170 153 39 Dunedin),

178 1241 69 31 TflP
258 1242 63 28 ILL
336 1242 66 28 visit
414 1240 164 38 Roxburgh,

296 1282 105 30 Millers
415 1279 4 38 .
429 1280 72 37 Flat,
525 1279 55 31 and

174 1323 186 37 surrounding
394 1322 121 28 districts

175 1362 109 37 regular
295 1362 139 33 intervals,

310 1415 78 28 when
404 1415 33 27 he

186 1480 101 30 WILL
302 1480 103 29 TAKE
420 1477 148 32 ORDERS

180 1553 25 17 :o
230 1542 54 27 suit
297 1541 46 28 the
357 1540 179 29 convenience
550 1538 30 28 of

250 1588 46 26 the
313 1587 68 29 local
401 1586 102 38 public.

223 1683 127 27 Charges
372 1682 160 28 Modeeate.

180 1777 74 29 Suits
264 1777 69 28 from
343 1778 38 28 £3
392 1776 43 34 3s;
450 1775 130 29 Trousers

284 1823 70 30 from
369 1824 49 29 16s
428 1822 47 29 6d.

178 1915 45 29 Fit
237 1914 172 30 Guaranteed
428 1925 32 18 or
477 1914 103 38 Money

279 1968 48 25 not
341 1962 139 41 accepted.

180 2178 177 25 CARPENTER,
382 2176 115 26 JOINER,
524 2175 61 22 AND

280 2215 205 25 UNDERTAKER,

104 2270 99 25 Desires
230 2274 24 19 to
279 2267 77 26 thank
383 2266 40 27 the
454 2264 87 28 Public
566 2264 24 27 of
614 2263 41 27 the

105 2307 104 25 District
225 2305 37 26 fcr
280 2310 54 28 past
353 2309 111 29 support,
483 2302 48 26 and
551 2302 60 34 begs
630 2307 25 20 to

102 2343 90 26 inform
224 2343 65 25 them
325 2343 53 25 that
410 2340 29 27 he
469 2340 43 26 has
542 2338 112 27 resumed

103 2381 121 27 Business
239 2382 22 23 in
278 2378 148 35 Roxburgh.

104 2465 131 26 Estimates
248 2465 72 26 triven
333 2463 47 27 and
392 2462 120 36 Building
522 2462 132 28 Contracts

202 2514 28 24 cf
246 2513 30 25 all
298 2512 73 26 kinds
388 2511 161 27 undertaken.

138 2600 76 26 Plans
228 2599 47 26 and
294 2597 185 37 Specifications
493 2597 123 36 prepared.

201 2695 43 37 C.
285 2694 36 37 J.
364 2693 187 52 Coombs,

124 2766 192 33 SURGICAL
337 2765 23 30 &
377 2764 257 32 MECHANICAL

293 2812 165 29 DENTIST

310 2857 39 28 (By
364 2858 80 26 Exam.)

103 2919 50 43 \f
165 2919 25 28 R
211 2917 150 30 COOMBS
378 2928 63 26 may
453 2917 35 28 be
503 2916 148 29 Consulted

104 2956 20 18 '*■
359 2962 28 25 at

260 3010 122 29 Heron's
404 3010 94 29 Hotel

125 3065 41 28 On
188 3064 155 34 FRIDAY,
357 3065 73 27 22nd
451 3062 181 30 OCTOBER.

143 3145 38 26 As
195 3143 14 28 I
222 3142 95 28 intend
329 3142 114 36 visiting
462 3141 54 28 this
536 3140 115 28 District

105 3181 184 39 periodically,
301 3182 21 26 it
331 3182 55 26 will
394 3190 63 18 save
471 3180 123 28 Patients
604 3180 47 27 the

104 3232 117 28 expense
234 3220 29 29 of
275 3220 86 39 going
374 3224 28 26 to
416 3224 73 26 town
501 3232 7 23 ;
529 3218 53 30 and
595 3230 30 18 as
635 3218 14 29 I

105 3271 146 28 guarantee
271 3261 36 27 all
330 3260 86 37 work,
441 3260 124 29 Patients
588 3270 61 27 may

103 3302 56 38 rely
173 3312 34 19 on
221 3302 109 38 getting
343 3312 16 18 a
371 3300 143 30 first-class
524 3300 123 29 denture.

102 3382 89 21 TEETH
220 3382 80 21 MADE
327 3382 38 21 BY
394 3381 95 22 OTHER
514 3380 135 21 DENTISTS

123 3408 126 23 PROVING
261 3408 251 23 UNSATISFACTORY
521 3408 62 21 MAY
593 3408 35 20 BE

157 3437 191 22 REMODELLED
362 3438 36 21 AT
411 3436 94 23 SMALL
518 3436 74 21 COST.

103 3506 122 29 Painless
255 3506 160 29 Extraction
444 3504 65 29 with
534 3502 114 30 Nitrous

139 3546 86 29 Oxide
247 3546 64 35 Gas,
334 3546 126 34 Cocaine,
472 3544 95 36 Ether,
581 3554 31 19 or

284 3586 181 31 Chloroform.

102 3660 131 30 Stopping
253 3669 70 19 with
343 3660 84 35 Gold,
448 3658 146 37 Amalgam,
614 3666 34 21 or

315 3700 121 30 Cement.

193 3779 29 29 C.
270 3778 28 30 J.
352 3773 203 41 COOMBS,

240 3826 126 28 Surgeon
388 3826 117 28 Dentist

142 3871 143 38 (Opposite
299 3871 127 38 CargilFs
439 3871 172 37 Monument)

303 3916 142 22 DUNEDIN.

215 3958 82 36 (Late
310 3958 75 28 Kidd
398 3956 63 39 and'
461 3956 64 39 Co.)

107 4050 33 45 R
180 4053 31 39 J.
243 4052 43 38 B.
318 4049 160 45 YULE,
502 4049 144 45 L.DS.,

98 4090 23 14 .X
127 4093 31 13 c*

183 4135 189 44 Surgeon
408 4130 161 44 Dentist,

224 4202 297 32 INVERCARGILL.

196 4355 47 30 Mr
265 4355 77 29 Yule
364 4353 54 29 will
437 4351 101 30 visit—

94 4456 140 32 RYAN'S
247 4454 136 36 HOTEL,
394 4452 247 35 ALEXANDRA,

102 4526 167 32 HERON'S
282 4524 136 34 HOTEL,
428 4522 213 31 ROXBURGH

94 4632 215 32 ROXBURGH
318 4629 160 30 BAKERY
488 4628 24 29 &
524 4628 118 29 STORE

113 4821 141 35 BAKER,
284 4813 293 36 CONFECTIONER
602 4811 23 30 &

228 4863 282 34 STOREKEEPER,

130 4925 149 26 SCOTLAND
303 4923 113 26 STREET,
439 4918 167 24 ROXBURGH.

131 5024 74 28 R.K.
216 5022 101 28 desires
331 5023 29 26 to
374 5017 88 30 thank
476 5016 46 28 the
534 5014 108 29 inhabi-
654 5007 1 45 j

98 5068 72 26 cants
184 5063 29 28 of
225 5059 156 38 Roxburgh
393 5057 54 28 and
459 5054 182 38 surrounding

96 5105 122 29 districts
241 5101 43 29 for
303 5101 48 27 the
374 5099 114 37 support
511 5094 132 29 accorded

93 5145 61 29 him
164 5144 26 28 in
205 5143 48 29 the
265 5143 71 37 past,
350 5137 54 30 and
417 5142 29 25 to
453 5135 101 29 inform
569 5134 74 28 them

94 5188 61 27 that
168 5183 118 37 nothing
299 5180 55 29 will
368 5180 35 27 be
416 5176 124 38 wanting
552 5185 36 19 on
602 5174 41 29 his

93 5230 60 36 part
166 5226 29 28 in
206 5224 48 28 the
265 5223 93 28 future
368 5224 29 25 to
406 5217 81 30 merit
494 5227 16 18 a
519 5215 110 30 continu-

92 5277 67 19 ance
171 5265 29 29 of
213 5264 72 28 their
298 5264 123 37 support.

126 5355 137 23 >YEDDING
280 5353 62 22 AND
361 5349 151 25 BIRTHDAY
530 5347 91 22 CAKES

240 5388 82 23 MADE
339 5387 35 22 TO
388 5384 104 24 ORDER.

95 5438 123 26 SOIREES,
242 5435 112 23 PICNICS
375 5435 17 20 k
411 5432 86 22 BALLS
515 5428 132 23 CATERED

141 5473 53 21 t'OK
209 5471 38 22 ON
263 5471 57 20 THE
333 5466 144 24 SHORTEST
496 5464 113 23 NOTICE.

99 5514 126 39 Nothing
238 5514 51 29 but
302 5513 47 29 the
361 5512 62 29 best
434 5508 123 31 material
570 5506 76 30 used.

100 5610 76 22 GOOD
189 5607 184 24 ASSORTMENT
383 5607 35 21 OF
427 5604 165 27 GROCERIES,
601 5603 46 27 Ac.,

299 5642 39 21 ON
354 5640 92 21 HAND.

185 5734 118 31 Liberal
322 5731 137 30 Discount
472 5739 48 20 for
541 5729 85 29 Cash.

676 203 139 30 TEVIOT
824 202 216 32 WESLEYAN
1054 199 169 33 CHURCH.

681 285 74 44 (~\N
776 284 113 39 Sunday
903 284 123 29 Services
1039 282 55 30 will
1115 282 34 29 be
1162 291 64 19 con-

766 325 100 30 ducted
878 336 30 18 as
921 325 92 29 follow
1025 336 45 17 :

680 374 111 25 Roxburgh
801 374 20 25 (7
830 373 84 27 p.m.)—
916 373 51 20 Rev.
977 373 21 20 J.
1008 373 27 20 H.
1044 371 83 25 Hooper

741 401 115 27 (Subject—
859 400 15 11 14
881 400 43 21 The
933 400 51 21 Rich
995 400 73 25 Young
1077 398 40 22 Rul
1130 404 11 15 r
1150 397 19 25 "')

681 428 47 23 Coal
739 429 65 21 Creek
814 428 19 27 (3
842 428 83 26 p.m.)—
927 428 52 21 Rev.
990 427 21 22 J.
1026 427 27 21 H.
1065 426 83 27 Hoop=r

682 456 115 25 Ettrick(ll
807 456 82 26 a.m.)—
892 456 51 21 Rev.
953 456 20 20 J.
986 456 28 20 H.
1025 456 83 23 Hooper

768 483 20 25 (7
798 484 119 24 p.m.)—Mr
925 482 100 21 Bloxhani

682 547 212 30 ROXBURGH
926 545 166 31 CRICKET
1120 543 108 31 CLUB.

682 625 93 55 THE
793 623 157 30 ANNUAL
967 621 165 30 MEETING
1151 620 28 27 of
1190 620 39 26 the

758 663 75 26 above
859 663 64 26 Club
948 662 48 27 will
1018 661 30 28 be
1067 660 57 27 held
1143 661 24 25 in
1188 658 41 26 the

683 703 148 24 Atbenseum
862 710 31 17 on
918 698 203 33 SATURDAY,
1157 696 69 27 16th

681 738 168 33 OCTOBER,
864 744 25 20 at
901 738 16 27 8
930 747 57 25 p>tn.

751 799 218 27 IMPORTANT
990 796 172 29 BUSINESS

718 897 215 29 ROXBURGH
962 896 99 28 GLEE
1085 895 108 29 CLUB.

683 981 141 42 GRAND
838 980 186 42 POPULAR
1040 979 192 43 CONCERT

720 1086 202 24 PRELIMINARY
948 1086 243 22 ANNOUNCEMENT.

761 1154 152 28 Particulars
925 1156 26 25 in
966 1155 92 25 Future
1071 1155 78 25 Issue.

913 1244 28 26 F.
959 1243 169 31 JEFFERY,

1062 1286 66 28 Hon.
1143 1286 51 28 Sec.

682 1383 47 65 J
819 1379 52 34 W.
948 1375 280 42 ROONEY,

712 1457 205 25 HAIRDRESSER,
932 1455 200 24 TOBACCONIST,
1149 1456 46 20 kc..

682 1511 74 39 Begs
770 1514 28 25 to
812 1509 124 29 intimate
956 1510 28 27 to
1003 1507 46 29 the
1063 1505 93 40 public
1169 1505 61 30 that

900 1550 16 27 ll
920 1559 14 18 6
960 1549 16 27 ll
980 1560 12 16 ft
997 1558 11 18 S

703 1590 151 30 OPENED
875 1591 25 27 A
920 1586 292 31 HAIRDRESSING

885 1629 150 30 SALOON

681 1672 27 28 in
731 1673 46 27 the
801 1672 44 27 old
869 1671 144 34 Premises,
1035 1673 68 25 next
1127 1667 103 39 Boyd's

915 1710 92 30 Hotel.

700 1785 253 37 Haircutting—6d
965 1797 7 23 ;
1002 1784 137 34 Children,
1165 1782 46 29 6d.

859 1825 134 38 Shaving,
1007 1825 47 29 6d.

743 1904 105 29 Razors
870 1903 53 29 Set
1148 1902 28 28 Is

683 1977 94 22 LARGE
790 1976 184 23 ASSORTMENT
982 1975 142 22 TOBACCOS
1131 1975 15 21 k
1155 1972 77 23 PIPES

721 2050 27 29 J.
757 2055 6 6 T
773 2050 44 30 W.
837 2050 166 35 ROONEY,
1018 2048 119 34 Painter,
1155 2046 49 29 has
1218 2056 12 17 a

686 2092 75 36 large
810 2095 166 25 assortment
1024 2090 30 29 of
1105 2088 128 35 Painting

687 2132 139 29 Materials
840 2142 34 19 on
889 2131 74 28 hand
974 2144 7 22 ;
1005 2131 53 28 and
1070 2130 29 28 in
1113 2129 120 28 order-to

685 2176 72 25 meet
769 2173 46 28 the
828 2173 80 28 times
921 2172 48 28 has

683 2223 214 22 CONSIDERABLY
920 2222 134 21 REDTTfFD
1072 2221 57 20 THE
1150 2219 82 21 PRICE

758 2257 35 21 OF
809 2256 142 22 PAINTING
963 2256 66 21 THTS
1042 2254 113 22 SEASON.

801 2321 27 29 J.
869 2320 45 30 w.
954 2319 165 34 ROONEY,

701 2374 118 35 Painter,
846 2373 122 35 Grainer,
998 2372 68 36 Sign
1092 2371 4 38 .
1101 2371 109 34 Writer,

816 2413 202 39 Paperhanger,
1038 2412 60 30 &c.,

727 2463 148 22 SCOTLAND
889 2463 110 24 STREET,
1015 2462 168 21 ROXBURGH.

679 2536 222 56 JONES'S
991 2535 237 56 QOALPIT,

828 2624 97 28 COAL
948 2623 137 29 CREEK.

684 2718 119 48 XJEST
823 2716 156 30 LIGNITE
998 2717 28 27 in
1049 2716 46 28 the
1115 2716 113 28 District

770 2758 43 28 for
845 2757 142 39 Steaming
1013 2767 30 18 or
1070 2755 158 29 Household

680 2809 132 30 purposes
830 2798 137 29 delivered
981 2801 28 26 at
1009 2815 36 4 —

938 2848 80 31 Cash.
1084 2846 124 31 Booked.

679 2891 153 40 Roxburgh
901 2915 29 6 ...
955 2892 47 28 10s
1062 2890 46 28 lis
1122 2899 49 28 per
1180 2892 46 25 ton

678 2934 58 28 The
750 2933 45 28 Pit
903 2956 28 5 ...
974 2933 30 28 5s
1080 2931 31 29 6s
1132 2933 9 9 *
1161 2951 17 14 „

677 2973 154 37 Roxburgh
870 2973 66 28 East
957 2974 48 27 lis
1064 2972 47 28 12s
1162 2993 17 12 ~

677 3014 57 29 The
748 3013 126 35 Dredges
903 3038 28 5 ...
956 3012 130 30 Contract
1108 3010 99 29 Prices.

715 3092 57 28 The
791 3092 158 36 Proprietor
962 3091 49 28 has
1024 3089 101 34 special
1140 3088 74 28 facili-

678 3133 51 28 ties
739 3133 43 28 for
794 3133 122 37 delivery
929 3132 27 28 in
971 3142 53 26 any
1047 3135 61 33 part
1132 3129 28 29 of
1181 3129 47 29 the

678 3173 123 33 District,
828 3172 54 27 and
910 3172 158 28 Customers
1094 3180 62 26 may
1169 3170 58 37 rely

676 3222 34 19 on
725 3212 84 38 being
819 3210 140 40 promptly
973 3209 135 40 supplied.

713 3262 100 28 Orders
826 3273 63 26 may
902 3262 35 28 be
950 3260 52 30 left
1014 3264 28 24 at
1063 3260 47 29 the
1124 3259 102 29 Mount

675 3302 115 29 Benger
804 3302 75 29 Mail
892 3301 93 30 Office.

748 3382 106 30 LAND
875 3381 202 30 TRANSFER
1097 3381 74 29 ACT

867 3422 173 31 NOTICES.

756 3527 80 38 parcel
848 3528 26 27 of
880 3528 57 27 land
946 3527 148 28 hereinafter
1099 3525 126 29 described

675 3566 49 27 will
738 3567 30 26 be
782 3566 109 35 brought
904 3565 79 28 under
997 3565 41 27 the
1051 3565 137 36 provisions
1202 3564 27 27 of

704 3604 52 27 The
770 3603 70 28 Land
860 3603 118 28 Transfer
996 3603 56 32 Act,
1178 3612 31 17 un-

675 3641 47 27 less
743 3648 86 20 caveat
853 3641 30 27 be
906 3641 90 34 lodged
1022 3640 143 35 forbidding
1183 3640 42 26 the

675 3688 66 18 same
757 3679 88 27 within
864 3688 46 17 one
934 3677 115 28 calendar
1063 3678 85 26 month
1163 3676 60 27 from

676 3716 41 27 the
742 3716 56 28 date
820 3716 27 27 of
868 3716 150 36 publication
1045 3715 87 27 hereof
1144 3715 25 26 in
1184 3715 41 26 the

675 3755 111 27 Gazette.

708 3804 97 27 Section
832 3805 23 31 4,
883 3803 79 27 Block
987 3802 87 31 VIII.,
1098 3802 76 27 Torcn
1199 3801 27 27 of

776 3840 154 35 Roxburgh;
948 3840 100 26 Harriet
1060 3842 58 23 Ann
1132 3839 93 31 Heron,

776 3878 141 34 applicant;
947 3876 116 33 occupied
1090 3876 30 35 by
1146 3876 65 35 appli-

776 3920 64 21 cant.
878 3914 48 26 No.
944 3913 73 27 4210.

708 3953 99 27 Section
833 3953 23 31 2,
880 3951 77 27 Block
984 3950 84 32 VIII.,
1093 3949 77 27 Town
1203 3949 23 27 of

779 3991 150 32 Roxburgh;
946 3989 100 26 Harriet
1058 3990 57 24 Ann
1128 3988 96 31 Heron,

778 4028 142 35 applicant;
949 4025 115 36 occupied
1088 4024 32 37 by
1146 4024 65 36 appli-

774 4073 66 21 cant.
877 4064 45 28 No.
938 4064 75 28 4211.

707 4116 134 34 Diagrams
854 4123 57 26 may
932 4114 28 26 be
979 4113 125 35 inspected
1127 4119 24 20 at
1176 4113 46 25 this

672 4151 74 28 office.

708 4190 79 26 Dated
809 4190 52 27 this
882 4189 57 27 14th
964 4188 47 35 day
1033 4188 25 26 of
1071 4187 148 36 September,

673 4228 73 31 1897,
772 4235 25 19 at
823 4228 40 26 the
889 4226 82 27 Lands
994 4226 117 35 Registry
1137 4224 82 35 Office,

673 4265 122 27 Dunedin.

902 4301 37 30 H.
963 4301 164 35 TURTON,

845 4342 103 27 District
964 4341 67 26 Land
1049 4341 135 30 Registrar.

864 4452 39 37 [A
924 4450 98 39 Card.]

671 4611 46 53 Q
810 4610 156 30 HUB
1005 4608 81 29 EN
1120 4608 22 27 E
1174 4595 60 69 R,!

722 4657 11 11 *
744 4670 133 21 TEACHER
899 4668 35 21 OF
956 4667 56 21 THE
1034 4666 111 26 VIOLIN,

671 4722 69 29 Will
753 4722 64 28 visit
831 4719 153 36 Roxburgh
998 4717 105 38 weekly
1129 4718 91 38 (every

871 4765 142 35 Monday.)

670 4915 95 28 Terms
777 4925 35 18 on
822 4913 164 39 application
996 4917 28 25 to
1035 4913 52 28 self
1096 4924 30 18 or
1138 4912 83 29 Office

846 4962 29 30 of
887 4962 56 29 this
955 4962 98 39 Paper.

671 5105 44 51 J>
841 5101 347 39 WINK
1214 5129 7 12 ,

671 5174 134 27 PAINTER,
831 5172 131 27 GLAZIER,
984 5171 93 22 PAPER
1095 5169 128 25 HANGER,

746 5209 68 21 SIGN
833 5207 116 21 WRITER
970 5206 63 21 AND
1055 5205 94 21 HOUSE

859 5239 176 25 DECORATOR,

764 5280 70 29 Ross
854 5280 99 35 Place,
974 5279 160 27 Lawrence.

712 5362 41 30 On
770 5361 62 30 Sale
846 5373 15 17 a
871 5361 76 38 large
957 5360 54 28 and
1020 5359 93 29 varied
1123 5362 87 26 assort-

674 5407 76 27 ment
763 5402 28 30 of
805 5402 68 37 Oils,
887 5401 104 36 Paints,
1014 5400 98 35 Scrim,
1136 5399 87 35 Glass,

673 5444 228 38 Paperhangings
923 5442 55 28 and
997 5442 135 27 Painters'
1153 5440 54 28 Sun-

673 5485 81 29 dries.

710 5525 69 28 New
787 5523 55 29 and
849 5521 172 31 fashionable
1028 5520 74 29 Wall
1113 5519 111 39 Papers,

675 5567 69 28 from
760 5565 35 28 5d
817 5574 50 28 per
887 5564 76 37 piece
986 5561 134 39 upwards.
1162 5562 47 25 Pat-

674 5611 75 25 terns
763 5610 61 24 sent
837 5615 35 19 on
892 5603 176 39 application,
1082 5605 63 35 post
1157 5599 66 29 free.

711 5647 146 29 Estimates
870 5646 83 39 given
966 5644 43 29 for
1032 5640 116 32 General
1171 5640 36 28 Re-

672 5689 82 37 pairs.
1078 5723 6 6 _
1232 5684 2 45 |

711 5726 161 30 Celebrated
889 5726 129 28 Lustruss
1037 5724 90 35 Paint,
1140 5721 83 38 ready

670 5767 101 34 mixed,
784 5766 35 28 all
835 5766 122 28 Colours.

1259 274 174 46 DUNEDIN
1449 270 141 46 PRICES
1603 271 29 44 &
1646 270 161 45 VALUES

1258 519 75 32 NOT
1353 518 73 32 FOR
1445 517 77 31 ONE
1535 514 137 33 MONTH
1694 513 114 37 ONLY,

1510 604 49 20 BDT

1281 673 76 43 ALL
1390 671 78 44 THE
1501 669 106 43 YEAR
1638 666 148 54 ROUND,

1515 750 34 21 Bl

1265 828 88 57 W.
1374 826 59 55 T.
1456 820 353 67 TALBOYS,

1395 915 284 35 ROXBURGH,

1261 978 73 29 Wlio
1354 977 24 28 is
1400 986 59 19 now
1481 974 125 37 Offering
1623 972 48 29 the
1693 970 118 29 Balance

1491 1026 29 28 of
1539 1025 42 29 his

1345 1087 234 41 WIHTER

1466 1148 261 40 DRAPERY

1258 1222 30 24 at
1314 1218 92 28 Prices
1426 1216 88 29 which
1533 1214 106 30 MUST
1661 1211 151 31 Command

1348 1270 46 29 the
1408 1268 144 31 Attention
1569 1267 28 30 of
1611 1266 114 39 Buyers.

1350 1426 103 41 Come
1479 1425 63 39 and
1570 1424 65 39 See
1661 1422 67 41 Our

1260 1494 46 29 All
1328 1493 83 29 Wool
1439 1492 173 36 Wellington
1639 1489 124 37 Flannel,
1785 1493 27 24 at

1336 1536 28 27 Is
1381 1534 32 28 Id
1425 1543 50 28 per
1485 1533 68 38 yard

1262 1586 93 28 White
1392 1585 132 35 Calicoes,
1550 1584 71 27 from
1647 1583 31 28 2s
1705 1582 35 28 6d
1766 1592 46 28 per

1333 1626 84 29 dozen

1264 1679 112 37 Striped
1391 1677 196 33 Flannelettes,
1599 1677 70 27 from
1679 1677 31 26 2s
1720 1675 35 28 9d
1766 1685 46 27 per

1333 1719 86 28 dozen

1261 1774 28 29 W
1290 1774 7 7 r
1299 1774 57 28 hite
1392 1773 141 36 Shirtings
1564 1771 111 35 (double
1714 1770 83 29 width
1805 1771 7 35 (

1334 1814 70 29 from
1422 1813 31 28 10
1461 1813 31 36 £d
1505 1823 50 28 per
1567 1812 67 39 yard

1264 1867 95 29 White
1373 1866 121 28 Turkish
1504 1865 114 33 Towels,
1633 1864 70 27 from
1724 1865 31 25 4s
1778 1862 34 27 6d

1334 1917 48 28 pe»'
1395 1906 85 28 dozen

1261 1961 87 29 Linen
1363 1959 142 40 Tablings,
1513 1959 72 28 from
1597 1960 30 27 Is
1637 1958 36 29 3d
1687 1969 48 28 per
1745 1957 66 39 yard

1267 2015 91 29 Men's
1373 2014 102 28 Lambs
1488 2013 83 29 Wool
1585 2013 94 35 Pants,
1701 2014 32 27 2s
1762 2014 49 27 lld

1336 2065 49 29 per
1399 2054 60 39 pair

1265 2109 88 29 Men's
1369 2108 97 28 Cotton
1482 2106 94 36 Pants,
1588 2106 72 28 from
1672 2108 29 27 Is
1715 2107 33 28 od
1763 2117 49 28 per

1334 2148 60 39 pair

1268 2201 133 29 Coloured
1422 2200 60 29 Silk
1497 2199 230 35 Handkerchiefs,
1741 2199 70 29 from

1334 2246 5 23 1
1348 2254 11 15 s
1373 2241 65 28 each

1265 2296 88 27 Men's
1369 2295 62 29 Soft
1445 2295 61 28 Felt
1515 2294 85 34 .Hats,
1611 2293 71 29 from
1707 2295 27 27 Is
1760 2295 51 27 lid

1334 2336 63 28 each

1265 2389 62 29 Keal
1339 2390 69 26 Be«r
1422 2389 79 37 Long
1514 2387 56 29 Fur
1584 2388 79 33 Boas,
1677 2386 70 30 from
1766 2390 46 26 12s

1334 2429 33 28 Od
1380 2429 65 29 each

1263 2521 120 28 DRESS
1418 2521 142 29 STUFFS
1593 2523 26 27 in
1658 2520 154 35 SERGES,

1306 2560 169 38 TWEEDS,
1495 2561 135 31 &c.—All
1649 2562 125 30 reduced.

1467 2655 25 26 A
1513 2654 53 28 Lot
1580 2655 29 27 of

1262 2701 178 32 MANTLES
1468 2702 26 29 ■&
1516 2702 295 40 WATERPROOFS,

1279 2754 39 29 At
1331 2755 189 39 prices'which
1536 2759 73 24 must
1623 2756 73 27 clear
1708 2756 84 27 them.

1333 2860 24 28 A
1375 2858 131 41 Splendid
1522 2860 176 29 Assortment
1710 2860 30 29 of

1259 2912 117 28 MEN'S
1410 2912 23 29 &
1466 2912 109 29 BOYS'
1607 2912 204 37 CLOTHING,

1343 2952 179 36 HOSIERY,
1548 2952 181 37 SCARVES,

1425 2993 146 36 SHIRTS,
1593 2994 50 30 &c.

1259 3087 117 27 MEN'S
1422 3087 138 29 TWEED
1607 3088 110 30 SUITS
1764 3090 47 28 TO

1322 3127 195 37 MEASURE,
1542 3128 49 30 GOs
1614 3130 134 40 (special).

1327 3219 26 29 A
1380 3220 60 28 well
1466 3221 124 30 assorted
1618 3222 78 29 stock
1722 3222 28 29 of

1367 3274 118 30 BOOTS
1512 3285 54 19 and
1593 3276 121 29 SHOES

1416 3329 101 38 always
1529 3340 37 19 on
1579 3331 83 28 hand.
