4220 5890
289 225 131 50 Poetry.

206 309 54 20 OFF
273 306 128 23 MILKING
415 303 85 22 COWS.

640 331 3 20 I

101 377 28 21 Of
136 377 43 21 lata
188 377 35 20 the
232 376 43 26 pr'c
276 384 9 8 3
294 376 36 20 has
339 375 51 20 been
400 379 21 14 so
428 372 40 21 low

101 404 42 22 For
151 404 120 25 everything
280 404 45 19 that,
336 402 85 20 farmers
429 405 61 18 grow,

100 432 55 22 That
164 433 46 26 'p<m
219 438 35 19 my
264 430 56 21 word
328 430 49 25 they
386 426 73 26 hardly
469 425 60 21 know

225 459 63 21 What
298 465 43 15 way
350 459 22 18 to
383 462 65 15 move.

101 488 28 19 To
139 488 59 19 raak\!
207 494 23 12 an
241 487 74 18 honest
324 484 69 22 y>ound
402 489 22 12 or
433 489 22 12 so

225 512 39 21 Till
274 512 58 21 times
342 511 100 25 improve.

101 566 63 24 Many
173 564 51 21 have
233 564 59 24 given
302 568 28 12 nn
340 560 54 20 their
404 557 94 27 ploughs,

102 592 47 21 Am]
160 598 56 13 som*
223 591 53 19 have
283 588 76 21 started
369 585 95 24 breeding
471 589 59 17 so'vs,

102 618 68 20 While
180 623 51 14 mosf
241 617 51 20 have
302 615 51 18 ta'en
364 615 21 17 to
395 611 85 24 miliriug
490 616 38 13 cow
534 619 8 8 a

225 645 19 20 A
254 643 54 25 dirty
317 640 40 28 job.

102 672 30 21 I'd
141 679 69 13 sooner
221 671 82 24 garden,
313 669 40 20 like
362 666 37 22 the
409 665 81 24 Chows,

224 698 56 19 Than
291 696 50 19 milk
348 694 36 20 the
393 692 54 20 mob.

101 756 42 15 rve
149 748 91 21 watched
246 747 54 21 their
308 745 127 22 movements
444 740 59 27 night
510 738 39 22 and
558 743 56 15 morn
636 738 2 33 ;

103 777 50 20 How
163 778 20 18 in
193 776 35 20 the
238 775 47 24 jaid
296 774 81 22 they've
387 770 71 27 lipped
468 769 40 19 and
518 770 54 18 torn,
635 769 3 30 i

101 804 28 19 To
138 804 40 19 bail
188 803 54 19 thera
255 808 27 17 up
290 808 6 5 •
310 801 41 19 I've
361 798 70 21 cnrso-1
441 796 39 20 and
490 800 65 14 swovti-

228 828 75 21 i'ou've
311 827 52 20 done
371 826 35 19 the
415 830 53 14 same
478 826 4 23 ;

101 857 47 21 And
158 863 48 14 once
216 856 9 20 I
235 855 69 24 neaily
313 858 35 21 got
356 861 12 12 a
378 853 58 19 horn-

225 882 65 21 Stuck
299 882 20 20 in
332 887 33 20 my
376 884 71 16 wame.
636 878 2 29 j

102 935 46 22 And
160 934 59 21 while
228 933 69 21 von're
306 931 85 24 milking
400 929 57 21 there
467 935 8 13 s
485 927 37 21 her

103 963 83 25 Always
195 962 95 23 swishing
297 960 42 20 like
368 958 50 21 flail.

102 991 30 20 At
141 990 44 20 first
195 989 34 21 she
238 988 12 20 il
262 988 51 26 drop
322 987 15 20 it
348 987 19 19 in
381 985 34 21 the
426 982 47 27 pail,

228 1016 56 21 Then
295 1014 56 21 mind
360 1020 52 20 your
421 1018 45 19 eye.

104 1046 40 21 For
152 1052 41 13 cow
203 1051 39 12 wzs
251 1050 62 14 nf-ver
325 1042 74 20 known
410 1042 21 17 to
441 1038 35 21 fail

228 1071 65 20 When
304 1070 35 20 she
350 1068 45 21 let's
407 1067 35 26 fly.

107 1123 48 21 And
163 1123 49 20 then
223 1122 69 25 you're
301 1121 65 19 either
376 1117 108 25 skimming
494 1122 52 19 pan
597 1117 51 30 3

106 1152 28 20 Or
144 1150 89 25 washing
242 1150 37 19 out
288 1151 34 18 ten
332 1147 66 27 gallon
409 1152 52 15 cans,

107 1179 48 20 And
164 1178 79 24 tearing
251 1177 45 20 skin
306 1176 28 19 off
343 1181 54 14 arms
406 1173 40 21 aud
455 1171 73 24 hand.',

231 1204 58 20 With
299 1202 71 28 jagged
380 1202 38 19 tin.

108 1233 68 22 That's
186 1232 96 22 women's
291 1232 67 24 work;
373 1231 22 20 to
404 1229 25 21 be
438 1235 12 14 a
459 1226 71 26 man's,

233 1261 21 20 It
264 1260 16 21 is
289 1267 11 13 a
310 1266 40 14 sm.

109 1310 59 21 With
177 1308 112 27 ploughing
299 1307 30 21 I'd
339 1314 11 13 a
360 1307 75 20 farmer
443 1304 32 24 l>e,

110 1338 48 22 And
167 1336 75 28 plough
252 1343 21 14 as
282 1336 46 25 long
337 1341 21 14 as
368 1334 10 21 I
388 1332 59 22 could
455 1338 32 14 see
496 1338 7 19 ;

110 1367 34 21 No
153 1365 91 27 dairyin?
254 1371 22 14 or
285 1370 51 14 cows
345 1362 32 21 for
384 1369 32 13 me

236 1391 25 22 In
271 1391 61 22 muck
341 1390 38 21 and
388 1389 96 26 splutter.

114 1421 31 21 I'd
154 1422 42 26 just
204 1420 51 21 milk
264 1427 38 12 one
311 1425 23 14 or
343 1420 40 18 two
392 1417 32 20 for
433 1418 34 18 tea

238 1448 39 20 An'
287 1453 42 14 wee
337 1446 31 20 bit
376 1444 77 21 butter.

115 1500 38 20 I'm
163 1500 29 19 off
200 1499 35 20 the
245 1504 58 17 cows,
313 1503 42 19 you
367 1502 40 18 see,
418 1493 63 22 that's
492 1493 52 25 plain
556 1498 6 18 ;

115 1527 46 20 You
170 1528 55 18 mu>t
235 1525 24 20 be
269 1524 49 21 with
328 1524 56 19 them
394 1522 40 21 hni'
445 1528 23 12 or
476 1521 52 23 rain,

115 1554 34 21 No
157 1558 76 15 matter
242 1552 16 19 if
266 1552 68 24 you're
344 1550 41 20 sick
395 1557 22 12 or

238 1578 64 19 There
311 1583 40 18 you
360 1578 55 17 must
424 1575 37 21 tie;

114 1606 81 25 Sunday
205 1611 23 14 or
236 1603 100 25 Saturday
346 1602 35 20 the
391 1608 63 13 same,

236 1631 34 20 fto
278 1631 5 20 !
297 1632 37 18 not
343 1629 31 20 for
383 1635 40 13 me.

89 1687 50 21 —I).
151 1686 26 21 D.
188 1683 68 23 Baird,
267 1682 20 21 in
297 1681 35 21 the

155 1766 140 50 College
319 1762 41 42 of
379 1762 198 44 Pharmacy.

126 1850 124 28 Probably
264 1848 46 27 few
324 1845 85 37 people
421 1853 39 17 are
472 1851 78 18 aware
561 1841 27 26 cf
597 1841 39 26 the
650 1841 2 41 j

94 1891 122 26 existence
249 1886 27 28 of
301 1886 41 26 the
366 1886 82 32 Otago
476 1880 101 35 College
614 1876 38 42 of;
666 1876 4 42 (

94 1928 148 35 Pharmacy,
273 1923 80 28 which
391 1930 49 17 was
472 1919 164 31 inaugurated

96 1966 73 26 about
183 1964 31 28 12
233 1962 99 28 months
351 1969 47 25 ago
411 1958 32 35 by
456 1957 43 26 Mr
517 1956 119 27 Kidston-

98 2003 107 31 Hunter,
229 2000 79 27 under
332 1998 40 25 the
396 2003 135 27 patronage
551 1993 28 25 of
596 1994 42 24 the

97 2040 137 36 Pharmacy
259 2036 81 29 Board
386 2036 20 24 A
430 2031 106 29 member
548 2030 29 28 of
595 2040 44 17 our
669 2030 1 46 -

96 2078 60 28 staff
174 2078 43 27 has
239 2076 55 37 paid
308 2085 14 17 a
343 2074 56 26 visit
421 2076 26 22 to
471 2070 41 28 the
536 2069 102 36 college,

97 2116 80 26 which
210 2116 21 25 is
263 2112 95 27 located
390 2112 25 24 in
450 2109 40 25 the
527 2106 111 27 Colonial

96 2152 100 28 Mutual
217 2153 136 26 Insurance
377 2145 148 38 Company's
551 2143 72 28 Build-

96 2192 66 33 ings,
194 2196 23 21 at
243 2189 40 26 the
322 2194 85 19 corner
437 2184 28 27 of
497 2182 60 30 high
591 2181 47 28 and

97 2229 100 28 Princes
219 2232 92 22 streets.
349 2224 42 27 Mr
409 2220 231 32 Kidston-Hunter,

98 2267 55 26 who
167 2276 49 15 was
224 2264 106 34 recently
342 2260 133 37 appointed
483 2259 50 33 city
544 2258 95 35 analyst

97 2304 33 36 by
149 2304 41 26 the
203 2301 103 31 council,
320 2299 110 36 occupies
450 2299 40 24 the
513 2294 65 28 third
592 2295 48 26 and

98 2349 42 29 top
174 2340 73 27 floors
278 2338 27 26 of
332 2337 41 27 the
403 2333 126 36 buildings
565 2333 76 26 above

98 2378 149 30 mentioned.
283 2376 39 27 On
355 2373 116 35 reaching
504 2371 42 27 the
576 2370 64 28 third

98 2418 61 27 floor
170 2417 31 34 by
215 2424 84 18 means
311 2413 26 26 of
346 2413 41 25 the
400 2411 107 27 elevator
528 2418 28 18 or
568 2409 73 33 spiral

99 2456 122 29 staircase,
246 2452 41 27 the
306 2450 84 26 visitor
413 2454 81 20 enters
514 2446 40 26 the
567 2445 74 27 office.
669 2445 1 45 (

99 2493 67 26 Here
177 2500 40 18 are
228 2496 24 20 to
262 2489 28 27 be
301 2497 64 22 seen,
377 2493 91 26 among
478 2484 70 26 other
558 2482 86 36 things

99 2540 14 18 a
125 2535 110 27 compact
249 2527 90 34 library
351 2524 26 27 of
388 2521 119 30 scientific
521 2521 88 32 works,
617 2530 27 17 as
669 2521 1 41 .

99 2567 53 27 well
167 2575 26 18 bs
203 2565 112 27 different
325 2559 132 38 analytical
469 2559 47 27 and
527 2559 117 35 assaying

99 2605 112 27 balances
259 2602 27 27 of
318 2599 103 27 delicate
468 2597 176 27 construction.

99 2643 139 36 Adjoining
250 2639 41 27 the
307 2638 67 27 office
388 2637 19 26 is
421 2646 14 16 a
444 2632 200 36 bacteriological
659 2632 3 47 j

99 2680 147 34 laboratory,
264 2676 70 28 fitted
348 2685 33 25 up
395 2673 59 27 with
466 2672 31 27 all
518 2681 127 26 necessary
659 2672 2 42 j

101 2719 139 35 appliances
276 2716 37 26 for
348 2711 181 34 investigating
564 2719 83 26 germs
659 2711 3 43 j

101 2756 108 33 existing
225 2755 24 25 in
273 2756 71 27 meat,
365 2750 42 27 &c.
452 2749 45 26 Ihe
508 2747 139 36 laboratory

102 2794 20 26 is
136 2792 40 28 the
189 2791 57 35 only
259 2799 44 18 one
317 2789 25 26 of
353 2789 31 26 its
399 2786 59 28 kind
471 2785 138 36 belonging
623 2791 24 20 to

103 2841 13 16 a
129 2831 94 35 private
233 2826 135 29 individual
383 2826 24 24 in
422 2824 41 26 the
476 2823 95 36 colony.
608 2823 38 25 On

104 2868 40 27 the
158 2873 42 30 top
212 2865 61 28 floor
285 2864 28 28 of
319 2864 42 27 the
374 2861 115 36 building
499 2860 21 27 is
542 2859 106 28 situated

104 2906 42 27 the
158 2905 91 27 lecture
262 2911 68 19 room
344 2900 47 27 and
403 2899 96 36 general
511 2897 137 35 laboratory

104 2944 24 27 in
139 2942 145 28 connection
306 2940 60 26 with
386 2937 41 28 the
452 2935 99 35 college.
588 2935 61 26 This

104 2990 66 18 room
185 2980 20 26 is
218 2979 74 27 about
304 2977 54 28 45ft
370 2977 26 26 in
409 2975 87 35 length
516 2974 30 35 by
559 2972 53 28 22ft
624 2973 26 26 in

104 3018 85 30 width,
216 3016 48 26 and
276 3016 20 25 is
321 3014 69 26 fitted
417 3022 33 24 up
474 3012 59 25 with
553 3011 31 26 all
610 3010 41 26 the

105 3064 126 26 necessary
245 3052 138 36 appliances
397 3050 36 26 for
446 3049 89 35 giving
544 3048 92 27 instruc-

105 3095 51 24 tion
182 3093 24 25 in
238 3091 141 32 chemistry,
414 3087 103 26 materia
550 3086 101 31 medica,

219 3128 45 26 &c.
303 3128 36 24 At
354 3126 40 24 the
407 3123 47 26 end
468 3124 27 23 of
506 3123 41 25 the
560 3123 91 24 lecture

104 3176 66 17 room
183 3166 19 25 is
216 3165 39 25 the
276 3172 72 26 assay
362 3162 163 34 department,
544 3159 92 27 consist-

104 3206 45 34 ing
162 3204 27 26 of
196 3209 49 20 two
257 3210 90 21 rooms,
360 3209 45 17 one
416 3198 27 26 of
450 3197 78 27 which
540 3198 112 26 contains

104 3251 14 16 a
143 3241 67 33 large
243 3240 100 25 furnace
369 3237 63 25 built
457 3245 31 16 on
511 3235 41 26 the
579 3234 73 26 latest

104 3276 123 38 approved
264 3273 125 39 principle.
440 3273 30 25 In
504 3271 42 27 the
582 3271 71 26 other

104 3314 146 29 room—the
283 3311 93 36 sample
400 3319 67 19 room
470 3309 49 38 —i
535 3309 46 38 9an
610 3318 42 17 ore

105 3352 103 29 crusher
228 3351 27 27 of
264 3360 56 18 new
344 3349 97 35 design,
466 3348 24 26 in
506 3346 79 28 which
610 3346 42 27 the

105 3400 41 17 ore
157 3391 22 25 is
189 3387 138 37 pulverised
348 3387 66 33 prior
428 3392 24 19 to
465 3385 76 33 being
564 3383 87 36 passed

104 3426 108 37 through
226 3424 49 30 fine
299 3424 77 28 sieves
402 3421 48 29 and
471 3420 120 39 prepared
616 3419 37 29 for

104 3473 139 21 treatment.
281 3465 35 26 At
342 3462 40 27 the
404 3461 71 27 other
496 3460 47 27 end
565 3462 25 25 of
610 3460 42 26 the

104 3503 91 27 lecture
214 3511 67 18 room
304 3501 21 26 is
347 3509 13 16 a
381 3500 95 34 private
504 3497 148 34 laboratory,

104 3540 81 28 where
205 3549 13 18 a
237 3539 70 36 large
339 3535 129 30 collection
499 3534 28 28 of
551 3534 103 27 materia

104 3579 95 28 medica
224 3578 144 35 specimens,
383 3584 26 17 as
437 3572 53 28 well
504 3582 26 18 as
557 3573 97 27 various

106 3615 87 28 official
207 3615 60 26 salts
280 3614 47 27 and
341 3617 125 30 reagents,
481 3620 55 26 may
550 3610 29 27 be
590 3619 63 18 seen.

107 3655 32 26 In
151 3654 49 26 this
209 3653 154 34 department
374 3649 33 27 all
420 3650 95 35 private
525 3647 131 36 analytical

109 3691 70 26 work
199 3690 20 26 is
233 3690 63 25 done
316 3687 34 36 by
370 3687 44 26 Mr
435 3685 223 26 Kidston-Hunter

110 3727 48 27 and
184 3727 38 27 his
247 3726 138 30 assistants,
408 3722 29 27 of
457 3721 80 28 whom
561 3721 30 27 he
616 3721 43 27 has

112 3765 78 33 three,
226 3763 79 26 There
323 3770 40 18 are
385 3766 24 21 at
423 3759 42 27 the
489 3767 98 27 present
600 3759 59 26 time

113 3801 33 27 20
166 3800 114 28 students
301 3800 24 26 in
346 3796 148 29 attendance
508 3802 24 21 at
553 3795 42 27 the
616 3794 35 28 col-

115 3839 55 34 lege
181 3848 7 25 ;
202 3837 48 27 and
263 3845 67 18 some
354 3835 55 27 idea
430 3834 28 26 of
479 3833 40 27 the
541 3839 85 20 extent
638 3833 24 26 of

116 3876 41 25 the
182 3875 67 26 work
272 3873 93 27 carried
386 3881 31 17 on
431 3871 32 35 by
485 3871 42 25 Mr
546 3868 124 38 Kidston-'

117 3913 101 27 Hunter
254 3911 49 26 and
327 3910 37 27 his
387 3909 130 27 assistants
550 3916 56 27 may
633 3907 29 27 be

116 3950 120 36 gathered
250 3949 71 27 when
343 3949 20 26 it
375 3949 20 25 is
409 3946 79 28 stated
505 3946 52 27 that
570 3946 93 32 during

118 3989 40 25 the
172 3995 54 27 past
240 3993 49 19 two
296 3993 72 28 years
383 3985 57 33 they
454 3982 47 26 had
516 3982 70 26 made
598 3982 65 25 10C0

116 4026 112 26 analyses
242 4023 47 29 and
315 4032 91 19 assavs.
409 4038 32 4 —
443 4022 16 14 4<
471 4019 73 32 Daily
558 4019 82 28 'limes

114 4065 112 35 16/7/97.

219 4141 67 43 She
316 4139 99 43 Went
444 4137 114 43 Home.

174 4227 62 25 And
250 4226 67 30 wlio,
331 4233 73 27 pray,
424 4224 23 26 is
471 4222 77 27 Doris
611 4232 51 16 was

113 4266 45 26 the
172 4264 120 36 question
306 4263 59 25 that
378 4261 113 27 startled
504 4260 43 27 Mr
560 4261 101 29 Brown,

113 4304 57 23 who
184 4303 20 24 is
219 4301 124 25 addicted
356 4302 27 21 to
402 4299 59 25 that
474 4299 29 24 ill
525 4298 138 25 conceived

113 4339 76 26 habit
202 4339 27 24 of
241 4337 105 34 talking
358 4336 28 25 in
412 4335 40 26 his
478 4335 77 34 sleep,
577 4344 28 17 as
630 4335 33 26 he

113 4376 89 27 awoke
215 4375 46 26 the
273 4374 77 26 other
362 4374 122 33 morning
505 4373 53 25 and
580 4372 83 26 found

113 4414 41 26 his
167 4412 112 28 devoted
291 4412 88 25 better
396 4410 57 26 half
471 4410 95 35 sitting
586 4419 36 25 up
635 4410 28 25 in

112 4451 52 27 bed
176 4450 66 26 with
261 4459 34 16 an
320 4448 190 35 interrogation
535 4448 76 34 point
635 4447 28 26 in

111 4498 47 17 one
178 4498 46 25 eye
245 4487 52 26 and
322 4497 15 16 a
358 4489 61 23 note
440 4485 27 26 of
487 4485 174 26 exclamation

110 4525 28 26 in
150 4525 44 25 the
207 4525 81 25 other.

171 4561 85 28 Doris,
268 4560 76 26 Doris
346 4560 112 28 —Doris
471 4558 58 26 who

170 4597 92 27 That's
275 4597 128 34 precisely
426 4596 70 25 what
518 4595 13 25 I
545 4598 69 23 want
635 4598 28 24 to

111 4636 93 31 know;
223 4635 92 34 you've
350 4635 64 25 been
445 4633 140 33 repeating
619 4634 44 25 the

111 4682 76 16 name
200 4681 63 16 over
274 4671 53 25 and
339 4680 63 16 over
414 4670 78 33 again
511 4670 96 33 during
619 4670 45 25 the

175 4747 109 27 Oh—ah
287 4755 86 27 —yes,
384 4753 53 27 yes,
449 4743 26 26 of
485 4753 95 17 course.
618 4744 47 26 It's

113 4785 114 34 Charley
240 4783 102 27 Jones's
355 4791 58 18 new
425 4781 76 26 collie
520 4781 59 34 dog.
616 4781 49 31 Oh,

113 4822 68 28 she's
207 4831 15 17 a
252 4821 102 35 perfect
384 4817 114 36 beauty!
536 4817 38 27 I'd
606 4819 60 35 give

115 4859 132 35 anything
259 4859 42 25 for

178 4932 118 28 Rather!
341 4932 73 26 She's
461 4930 46 27 the
552 4933 55 24 sort
642 4930 27 26 of

114 4972 51 34 dog

174 5008 60 25 You
259 5007 83 35 ought
367 5009 28 23 to
415 5014 58 17 own
484 5004 12 26 ?
533 5003 135 37 Certainly

115 5054 85 26 —you
212 5054 100 24 appear
324 5043 162 34 excessively
496 5042 64 26 fond
573 5042 28 25 of
612 5042 56 26 her.

113 5083 60 25 You
198 5081 89 30 asked,
308 5090 50 25 you
380 5079 55 25 will
459 5080 31 24 be
511 5078 108 34 pleased
639 5081 28 24 to

113 5120 70 30 hear,
194 5118 55 26 this
263 5120 5 11 '
278 5117 76 27 collie
364 5115 65 35 dog'
442 5119 27 22 to
479 5118 48 32 put
537 5115 48 26 her
597 5125 69 17 arms

113 5156 101 28 around
226 5164 67 27 your
304 5155 68 26 neck
386 5153 52 26 and
451 5153 54 26 kiss
516 5162 51 26 you
578 5163 5 21 ;
602 5153 65 26 then

113 5204 52 26 you
183 5194 57 25 told
265 5193 45 26 Mr
331 5191 104 26 Jones's
457 5191 52 34 dog
533 5190 59 26 that
616 5199 52 26 you

114 5236 6 11 •
134 5231 76 27 loved
220 5231 46 26 her
280 5230 66 26 with
358 5229 37 27 all
418 5237 66 27 your
504 5226 92 31 heart,'
615 5228 50 25 and

113 5269 61 28 that
187 5268 77 27 when
275 5277 53 26 yon
339 5276 73 18 came
423 5268 28 24 to
461 5265 42 27 die
513 5264 61 27 that
586 5264 23 27 if
618 5273 48 25 you

111 5306 79 27 could
202 5306 62 33 only
279 5310 6 8 1
294 5306 44 33 lay
350 5313 68 25 your
426 5303 67 25 head
504 5303 5 9 '
523 5311 32 16 011
565 5301 101 26 Jones's

111 5341 72 36 dog's
196 5341 89 28 bosom
298 5350 51 27 you
362 5339 77 28 could
461 5340 5 12 '
477 5338 109 28 breathe
596 5347 70 27 youu

110 5381 47 25 life
181 5382 47 23 out
252 5379 110 33 sweetly
384 5376 91 27 there.'
511 5375 79 27 Then
618 5385 48 25 yor

111 5416 82 27 asked
205 5414 103 28 Jones's
327 5414 52 35 dog
397 5416 27 24 to
447 5416 6 12 4
466 5413 68 27 have
555 5411 111 29 another

113 5453 154 31 ice-cream,'
280 5453 52 25 and
345 5452 22 26 if
379 5451 46 27 the
443 5451 86 26 watch
542 5459 52 26 you
612 5450 54 26 had

114 5491 79 33 given
214 5489 48 27 her
285 5489 65 35 kept
373 5489 67 34 good
464 5489 73 26 time.
573 5487 93 26 Under

114 5527 74 26 these
201 5527 208 30 circumstances,
428 5526 94 26 Jethro
536 5525 101 30 Brown,
652 5525 13 25 I

113 5563 78 26 think
205 5563 115 34 perhaps
332 5572 51 25 you
396 5562 54 26 had
475 5563 89 26 better
585 5571 33 24 go
640 5565 26 23 to

111 5600 103 28 Jones's
228 5600 75 28 collie
314 5600 57 37 dog,
383 5608 28 18 as
423 5599 12 27 I
447 5610 42 17 am
499 5600 80 36 going
590 5599 76 28 home

115 5644 28 21 to
156 5649 44 25 my

1612 97 198 43 MOUNT
1898 98 109 40 SEE
2015 97 110 43 GSR
2213 94 152 41 MAIL.,

3437 78 167 50 Friday,
3630 77 162 39 October
3816 69 155 47 8,1891

3594 5520 5 17 ;

3559 5541 2 37 i
3573 5552 84 24 Printed
3670 5552 40 22 and
3726 5551 109 22 Published
3856 5555 25 22 by
3901 5549 104 22 William
4019 5549 111 23 Pannkli*

3560 5584 1 28 i
3627 5588 126 20 MatthF-W-s
3762 5586 31 20 for
3803 5586 36 19 the
3848 5585 131 27 proprietors,
3991 5585 80 20 DWNNE
4079 5590 52 18 AND;

3629 5623 131 24 Matthews,
3782 5623 21 17 at
3826 5620 53 20 tkeir
3896 5619 119 25 .Registered
4032 5619 98 26 Printing,

3628 5658 72 24 OtfitfU,
3720 5656 94 22 Scotland
3825 5656 70 26 street,
3914 5654 119 26 Koxtwgh,
4052 5655 71 27 OtagQ,

3558 5700 6 25 ,j
3626 5694 50 21 Hew
3695 5692 197 26 Zeafoml-Friday,
3898 5690 88 21 October
3995 5689 88 29 8,18Q7[..

326 5710 16 20 is
359 5709 64 22 about
451 5711 21 20 to
487 5711 53 20 start
557 5718 12 13 a.
589 5709 54 22 week
645 5709 3 27 I}-
648 5709 2 27 1
652 5717 12 19 }-

115 5739 81 23 review,
235 5737 87 21 entitled
374 5737 123 26 Literature,
542 5737 66 21 under
629 5737 35 21 the

114 5765 113 27 editorship
237 5764 22 22 of
269 5765 31 21 Mr
314 5763 23 23 H
359 5764 27 23 D.
400 5765 69 26 Traill,
481 5767 36 19 the
531 5765 132 21 .well-known

116 5793 109 31 jparnaliat.
234 5793 40 21 and
282 5793 88 22 authei..

665 219 42 56 I)
791 216 44 37 A.
909 206 296 45 BUCHANAN,

736 289 71 22 BOOT
836 287 59 21 AND
920 284 75 22 SHOE
1021 280 111 25 MaKEK,

702 336 140 29 Scotland
854 350 9 5 -
876 339 104 25 street,
1000 327 162 28 Roxburgh.
1222 327 2 40 j

765 430 93 38 Every
879 425 165 40 description
1068 421 28 31 of

665 486 81 27 Boots
757 492 55 19 axd
826 482 90 27 Shoes
930 479 133 27 Supplied
1076 482 35 19 op.
1123 472 84 28 Made
1221 472 4 41 ;

833 529 33 21 to
886 519 142 30 Measure.

665 578 34 26 Fit
710 573 182 30 Guaranteed.
969 569 46 28 Fit
1023 562 183 34 Guaranteed.
1220 559 3 45 |

706 664 122 22 REPAIRS
853 661 115 22 NEATLY
999 655 155 25 EXECUTED.
1219 651 3 41 j

951 715 32 4 -
1219 684 2 56 i

774 742 24 27 A
821 740 85 29 Trial
930 738 151 29 Solicited.

1196 786 8 4 -
1219 771 2 23 I

665 829 27 52 P
778 826 43 34 A.
900 818 303 42 MILLER,

665 900 120 24 GUILDER,
799 897 106 22 JOINER
920 895 61 21 AND
1000 891 206 25 UNDERTAKER,
1220 874 4 57 J

747 951 71 27 Ross
839 949 97 33 Place,
957 947 164 28 Lawrence.

936 1012 11 4 _
1222 1001 3 15 I

665 1049 116 32 PLANS
792 1048 83 31 AND
889 1041 320 35 SPECIFICATIONS
1223 1033 5 65 j

799 1104 25 27 A
846 1098 222 33 SPECIALTY.
1224 1085 5 48 |

1225 1129 3 27 j

1226 1159 2 14 I

665 1197 148 39 Quantities
827 1193 139 41 Prepared
987 1192 55 29 and
1064 1190 149 29 Estimates
1227 1190 3 46 j

686 1241 88 29 Given
788 1238 42 29 for
843 1236 35 29 all
892 1236 100 29 classes
1006 1234 27 29 of
1049 1230 134 31 Builders'
1228 1227 2 43 j

891 1276 100 28 Work.
1228 1266 2 54 |

665 1363 69 57 M.
820 1363 34 40 J-
941 1362 33 38 B
1019 1361 36 38 L
1101 1358 114 43 OY,
1228 1353 5 65 j

688 1430 198 24 WHITEHAVEN
900 1429 112 25 STREET,
1025 1425 168 23 LAWRENCE,
1229 1420 3 40 j

1229 1450 4 24 t

1230 1476 3 26 i

667 1521 68 27 P»OA
745 1519 44 28 RT
818 1517 80 28 AXD
927 1513 219 30 RESIDENCE
1167 1511 49 29 AT
1228 1504 5 56 j

707 1566 257 31 REASONABLE
983 1563 188 29 CHARGES.
1229 1563 4 40 j

1229 1609 3 26 i

774 1656 94 28 MKALS
888 1662 32 20 AT
938 1661 50 20 ALL
1006 1651 106 29 HOURS.

682 1749 57 28 The
753 1749 60 26 best
831 1743 242 31 Accommodation
1094 1743 44 28 for
1151 1741 47 29 the
1230 1741 3 36 !

802 1785 159 39 Travelling
975 1784 106 29 Public.

886 1844 1 3 ■

665 1875 103 32 GOOD
782 1871 202 32 STABLING.
1023 1869 97 31 OATS
1136 1867 82 32 AND
1232 1856 1 52 j

776 1913 129 31 CHAFF
926 1912 50 29 ON
1000 1909 107 31 SALE.
1232 1909 1 40 j

670 1988 277 60 JJEKBERT
995 1985 101 30 AND
1145 1970 18 48 C
1163 1970 70 48 0.,!

858 2055 169 23 LAWRENCE.

824 2148 153 29 Importers
997 2154 69 20 oy—

668 2205 200 37 Ironmongery

754 2248 190 40 Agricultural
967 2246 182 39 Implements

928 2293 189 39 Agricultural
1137 2291 86 30 f*eeds

841 2351 215 32 GROCERIES

687 2413 96 30 TEAS
896 2412 97 27 TEAS
1106 2407 98 29 TEAS

673 2459 126 40 (Ceylon)
889 2456 122 38 (Indiuu)
1101 2453 120 37 (China.)

670 2537 95 50 W.
837 2534 58 66 J.
960 2529 269 61 Martin,

673 2614 286 32 WATCHMAKER
978 2613 24 29 &
1016 2610 212 31 JEWELLER

765 2668 70 29 Ross
855 2667 98 35 Place,
973 2666 163 28 Law-rence.

676 2749 140 36 Watches,
837 2748 99 30 Clocks
956 2747 54 28 and
1032 2745 146 36 Jewellery
1199 2744 29 28 of

720 2791 35 28 all
769 2789 181 38 descriptions
963 2787 69 39 kept
1045 2786 28 28 in
1087 2785 96 30 Stock.

693 2841 69 30 Nice
777 2840 137 29 Selection
927 2839 28 29 of
974 2838 79 36 Gem,
1066 2836 143 38 Wedding

806 2885 56 24 and
876 2881 109 37 Keeper
998 2880 98 36 Rings.

677 2965 18 19 A
708 2963 108 21 CHOICE
835 2960 183 23 ASSORTMENT'
1038 2960 35 20 OF
1093 2957 138 22 ARTICLES

699 2996 139 21 SUITABLE
848 2995 55 21 FOR
915 2993 139 21 WEDDING
1065 2991 149 21 PRESENTS.

736 3062 155 40 Spectacles
905 3066 28 25 to
948 3062 61 28 Suit
1022 3060 36 29 all
1073 3059 106 38 Sights.

698 3142 105 30 Watch
835 3151 56 19 and
924 3140 89 30 Clock
1050 3138 119 29 Repairs
1200 3146 17 19 a

882 3187 158 24 bPECIALTY.

678 3264 115 38 Repairs
806 3273 31 17 or
850 3262 102 28 Orders
969 3261 71 27 from
1054 3260 48 28 the
1115 3262 118 33 country

728 3305 37 37 by
787 3306 63 36 post
872 3302 55 28 will
948 3301 106 29 receive
1077 3302 111 36 prompt

881 3341 146 30 attention.

767 3523 25 25 J.
827 3521 137 25 WATERS

766 3556 54 26 that
835 3556 42 25 she
889 3555 72 31 keepß
971 3555 18 24 ir

755 3598 41 17 ren
806 3598 11 16 s
833 3588 156 26 Underclothi

758 3630 66 24 apery-

754 3675 40 22 acy
807 3666 82 24 Good«
899 3675 14 15 a
929 3667 60 29 Spec

754 3710 101 24 iristmas
864 3709 47 24 and
923 3708 55 24 Nevr

808 3762 13 15 a
839 3759 64 25 great
915 3753 73 24 variet

809 3788 135 28 Innpection
955 3787 34 22 In'

757 3819 69 31 nting
839 3820 45 23 and
896 3825 35 18 a*t
957 3826 29 16 re

780 3856 111 19 faummer
905 3851 81 24 Goods

755 3908 202 24 ■ess—Ormoud'a
967 3906 24 23 Bi

838 4025 58 22 THE
909 4024 186 23 CELEBRATED

690 4065 169 30 CORNISH
879 4065 204 30 AMERICAN
1102 4064 140 29 PIANOS

831 4114 81 28 AND
939 4112 161 30 ORGANS.

696 4192 172 30 MESSRS
896 4192 167 30 CORNISH
1087 4192 23 28 &
1125 4192 57 29 CO.
1196 4202 46 18 are

788 4234 47 29 the
848 4233 63 38 only
925 4234 61 28 firm
1000 4233 30 29 of
1043 4232 89 30 actual
1146 4243 76 18 manu-

690 4274 134 29 facturers
838 4274 28 28 of
885 4274 68 37 high
976 4274 86 37 grade
1075 4273 99 28 Pianos
1187 4273 54 27 and

692 4314 107 38 Organs
824 4314 28 28 in
878 4314 47 28 the
960 4313 104 29 United
1091 4314 91 28 States
1214 4312 28 29 of

691 4354 111 28 Ameria
833 4354 100 38 selling
962 4354 167 38 exclusively
1155 4354 87 28 direct

690 4395 71 29 from
774 4395 47 29 the
835 4395 106 38 factory
951 4399 28 25 to
991 4396 46 27 the
1046 4394 112 38 general
1172 4394 51 38 pub-

690 4436 44 35 lic,
744 4439 27 25 at
780 4436 170 38 guaranteed
960 4435 143 30 wholesale
1113 4435 75 39 price
1198 4435 44 28 for

689 4487 16 18 a
718 4477 88 37 single
819 4476 176 29 instrument.
1033 4476 45 29 No
1093 4481 98 31 agents
1210 4486 31 18 or

690 4516 103 28 dealers
816 4526 45 18 are
882 4517 114 27 allowed
1021 4520 28 24 to
1071 4516 100 28 handle
1194 4516 47 27 the

692 4556 115 28 Cornish
816 4557 146 28 American
975 4556 99 28 Pianos
1083 4566 30 17 or
1121 4556 117 37 Organs.

691 4596 27 28 It
731 4596 23 28 is
769 4596 55 38 just
837 4608 29 17 as
880 4607 63 28 easy
956 4596 44 28 for
1014 4596 47 28 the
1083 4595 110 29 readers
1212 4596 29 27 of

692 4637 52 27 this
758 4647 84 27 paper
854 4642 28 23 to
896 4638 34 26 sit
944 4637 80 27 down
1050 4636 55 28 and
1127 4636 80 28 order
1225 4645 17 17 a

692 4676 84 28 Piano
789 4686 31 18 or
835 4676 92 38 Organ
940 4676 72 28 from
1025 4675 135 34 America,
1174 4685 30 17 as
1212 4678 29 25 to

692 4716 80 28 order
782 4726 51 19 one
845 4716 71 29 from
927 4716 71 28 their
1009 4716 85 28 music
1104 4719 82 31 store,
1196 4715 46 28 the

693 4756 63 37 only
770 4756 146 29 difference
931 4756 83 37 being
1028 4756 66 37 they
1106 4756 54 28 will
1179 4765 63 19 save

694 4795 69 29 from
777 4797 35 27 50
826 4801 28 23 to
872 4797 48 27 100
934 4806 49 28 per
995 4801 72 23 cent.

732 4835 52 29 We
798 4837 68 28 have
882 4836 107 39 Organs
1003 4837 70 28 from
1086 4838 39 27 £6
1136 4840 28 24 to
1177 4836 69 34 £25,

696 4876 99 28 Pianos
807 4877 69 27 from
891 4878 57 28 £34
962 4881 28 23 to
1003 4878 67 33 £OO,
1081 4877 53 27 and
1144 4886 40 18 we
1197 4876 48 28 sell

696 4916 42 29 for
751 4916 65 29 cash
831 4926 30 18 or
887 4926 72 28 upon
980 4916 159 29 instalment
1158 4916 89 38 plans,

696 4961 29 24 to
738 4956 55 28 suit
815 4956 47 29 the
885 4957 183 29 convenience
1081 4957 29 28 of
1122 4956 47 29 the
1182 4967 48 27 pur-

695 4996 103 28 chaser.
838 4996 58 29 Our
926 4996 76 39 large
1031 4996 54 29 and
1112 4996 134 38 complete

695 5036 142 36 catalogue
860 5036 54 28 will
939 5038 35 27 be
998 5036 154 28 forwarded
1172 5046 73 27 upon

695 5080 119 34 request.
852 5076 28 27 It.
893 5076 23 27 is
929 5076 47 28 the
989 5076 81 28 finest
1078 5076 167 37 description

695 5116 28 28 of
737 5116 98 29 Pianos
849 5116 55 28 and
918 5116 108 38 Organs
1038 5116 91 28 issued
1143 5116 36 37 by
1191 5126 53 27 any

694 5156 61 28 firm
777 5156 29 28 in
828 5156 48 29 the
901 5161 125 33 country,
1038 5156 56 28 and
1106 5156 78 38 gives
1197 5155 47 29 the

694 5196 89 29 actual
795 5196 106 39 factory
913 5196 80 29 value
1005 5196 29 29 of
1046 5206 83 28 every
1142 5196 88 29 instru-

694 5240 76 26 ment
782 5236 21 29 it
817 5236 146 30 describes.
984 5236 79 30 With
1075 5247 82 29 every
1170 5240 59 26 cata-

694 5278 80 36 logue
788 5278 22 27 is
823 5278 146 36 presented
983 5288 50 18 our
1044 5278 102 37 unique
1158 5278 89 27 refer--

692 5326 67 18 ence
896 5316 58 29 The
970 5316 85 29 Heart
1068 5316 28 29 of
1108 5317 49 28 the
1175 5316 51 29 Peo-

789 5356 89 30 Write
886 5358 44 28 for
939 5358 151 36 catalogue.
1111 5356 133 35 Address,

816 5407 170 31 CORNISH
1006 5407 25 29 &
1054 5407 68 37 CO.,

706 5456 162 25 Washington,
881 5457 55 19 New
948 5457 92 24 Jersey,
1050 5456 59 25 ¥.S.,
1120 5457 111 19 America.

695 5527 99 28 rrHE
839 5527 136 29 "WIFE'S
1027 5526 221 29 WELFARE—

782 5566 122 30 Treatise
924 5565 98 41 posted
1044 5567 67 28 free.
1150 5565 28 29 It
1194 5564 55 30 will

698 5608 80 31 teach
801 5619 54 26 you
881 5619 75 19 more
968 5609 66 28 than
1048 5607 36 30 all
1105 5607 49 30 the
1170 5617 80 28 years

696 5649 101 38 you've
811 5650 81 27 lived.
932 5650 91 35 Every
1034 5658 106 18 woman
1152 5647 99 28 should

696 5689 65 29 read
794 5689 30 29 it.
864 5688 90 30 Write
987 5687 75 30 Prof.
1097 5687 145 29 Hermann

698 5730 108 28 French
822 5729 155 40 Specialist,
991 5730 35 26 40
1048 5728 204 38 Collins-place'

693 5769 170 30 Melbourne.
1244 5771 8 13 '

1614 2347 354 91 GOODS-

1825 4597 35 25 m

1592 5138 494 61 DUNEDIK.

2596 831 19 13 -.,
2640 811 73 35 ..-:-,;U
2726 819 14 27 ;•

3030 821 266 60 FOLLOWIIO
3329 818 206 61 REASONS

2822 986 158 31 SECOND.

3519 979 165 29 FOURTH.

3884 976 122 29 FIFTH.

2494 989 120 29 FIRST.
2822 986 158 31 SECOND.
3189 983 129 28 THIRD.
3519 979 165 29 FOUIPH.
3884 976 122 30 FIFTH.

2395 1030 121 30 BOOTS
2549 1031 65 27 with
2654 1030 55 28 this
2750 1029 40 29 On
2805 1030 54 28 this
2882 1027 93 29 Brand
2995 1026 64 37 only
3098 1025 72 37 Only
3191 1025 46 27 the
3260 1033 66 28 very
3349 1022 62 29 best
3450 1021 133 34 Farmers,
3644 1020 108 33 Miners,
3793 1018 57 28 The
3859 1017 134 30 standard
4002 1016 94 30 Brand

2397 1072 92 29 Brand
2499 1082 34 18 on
2543 1072 47 28 the
2599 1071 59 28 heel
2665 1081 45 17 are
2750 1072 46 26 the
2828 1080 65 26 very
2931 1070 63 26 best
3032 1066 29 29 of
3098 1066 29 28 of
3138 1064 141 29 Materials
3289 1073 45 18 are
3343 1063 65 28 used
3449 1063 50 26 and
3516 1062 33 26 all
3566 1062 59 25 who
3640 1064 72 23 want
3726 1068 27 18 to
3798 1060 78 26 i>oots
3890 1059 55 28 and
4050 1068 24 18 ai
4080 1067 15 19 e

2397 1112 169 37 guaranteed
2572 1115 28 25 to
2608 1111 43 29 Fit
2658 1111 54 29 and
2752 1110 151 30 Workmen
2934 1119 44 17 are
3005 1117 55 19 eni-
3099 1106 25 28 in
3163 1105 53 29 tV.is
3257 1103 92 30 Brand
3383 1103 28 28 of
3449 1102 34 29 ke
3502 1112 16 27 p
3540 1102 35 27 tin
3586 1101 23 28 ir
3623 1101 17 28 fi
3641 1113 8 8 j
3652 1104 27 25 et
3692 1100 60 37 dry,
3791 1098 101 29 known
3911 1099 69 28 from
4003 1097 91 29 Auek-

2471 1152 85 28 Wear
2569 1152 59 28 well
2731 1138 3 42 I
2853 1149 109 31 cloved.
3079 1138 4 42 !
3127 1146 83 28 Boots
3223 1145 55 28 and
3294 1143 95 30 Shoes.
3484 1147 42 23 trv
3542 1142 53 27 this
3618 1141 87 28 Brand
3794 1140 61 27 land
3870 1143 30 24 to
3912 1139 47 28 the
3972 1138 76 29 Bluff
4055 1138 41 29 for

2853 1149 109 39 ployed.

2471 1152 86 29 Wear
2569 1152 69 29 well.
2731 1138 3 52 |
2853 1149 109 39 ployed.
3079 1138 4 52 j
3127 1147 83 27 Boots
3224 1145 53 28 and
3294 1144 94 29 Shoes.
3426 1138 4 52 |
3484 1147 42 33 try
3542 1143 53 26 this
3618 1141 87 28 JJrand
3772 1138 3 52 |
3794 1140 61 27 land
3871 1143 27 24 to
3912 1140 46 27 the
3973 1138 132 30 Blufffor'

3828 1180 116 38 sterling
3954 1180 111 38 quality.

2437 1235 74 28 ALL
2532 1234 117 29 BOOTS
2672 1234 47 28 BE
2729 1232 112 29 \RINH
3169 1227 50 28 ON
3249 1226 77 28 'HIE
3348 1225 62 28 HE'
3427 1225 21 27 L
3508 1225 45 26 R!-'
3585 1225 20 24 M
3624 1228 7 20 \
3643 1223 51 28 NTT
3700 1222 95 28 FACT
3801 1223 18 27 U
3827 1222 75 29 RED
3922 1221 41 28 IN
3985 1221 75 30 THul

2715 1270 250 33 CELEBRATED
3016 1267 207 30 STANDARD
3276 1265 130 29 BRAND
3429 1265 94 28 BOOT
3544 1263 73 28 FAC
3628 1263 91 28 iOKY
3743 1262 46 29 BY

2681 1340 32 48 S
2728 1338 140 55 ARG
2879 1336 93 53 00
2983 1334 68 63 D,
3096 1331 129 54 SON
3265 1331 45 53 &
3350 1331 45 54 E
3488 1330 36 52 V,
3536 1332 58 58 N,
3648 1354 187 29 DUNEDLM.

2452 1407 176 21 WHOLESALE
2654 1406 87 21 ONLY.

2641 1454 80 28 BUY
2967 1445 3 44 |

2404 1512 178 52 MILLS,
2604 1512 131 42 DICK,
2761 1510 37 38 &.
2823 1507 130 40 CO.'S

2422 1623 189 32 ALMANAC
2634 1632 52 20 AND
2710 1616 228 35 DIRECTORY.

2587 1670 85 33 Price,
2688 1670 29 26 Is
2731 1668 45 27 6d.

2394 1697 1 28 I

2406 1752 91 38 Every
2522 1750 124 34 Farmer,
2674 1748 105 34 Miner,

2655 1795 53 28 and
2736 1795 133 27 Business
2895 1791 66 27 Man

2484 1851 106 30 Should
2616 1849 120 29 Procure
2759 1860 16 16 a
2802 1846 85 38 Copy.

2437 1930 59 29 Can
2522 1930 35 28 be
2583 1928 55 29 had
2664 1928 70 27 from
2762 1926 47 28 the
2835 1924 84 28 under-

2588 1966 160 30 mentioned
2749 1982 36 5 —

2447 2030 119 29 Mackay
2581 2029 94 33 Bros.,
2689 2023 156 40 Roxburgh

2447 2071 27 28 J.
2489 2070 128 32 Noonan,
2632 2067 110 29 Ettrick

2448 2110 92 29 Johns
2555 2118 55 20 and
2623 2107 148 34 M'Combe,
2785 2104 106 29 Millers
2904 2102 63 29 Flat

2448 2151 27 29 J.
2490 2150 34 29 R.
2540 2149 93 35 Kemp,
2647 2147 70 29 Bald
2731 2147 57 28 Hill
2803 2145 62 28 Flat

2449 2192 32 28 L.
2495 2191 90 34 Ryan,
2599 2189 72 34 Jnr.,
2686 2185 160 31 Alexandra
2860 2183 88 30 South

2449 2233 32 27 B.
2495 2231 125 33 Naylor,
2635 2229 87 38 Clyde

2576 2312 99 30 Ladies
2697 2309 137 40 complain
2847 2309 62 28 that
2921 2307 47 29 the

2510 2356 57 29 Tea
2580 2355 64 36 they
2658 2354 70 28 have
2738 2352 70 28 been
2823 2350 82 35 using
2918 2349 50 28 has

2414 2397 108 29 neither
2532 2395 128 37 strength
2671 2404 50 17 no-
2730 2392 113 28 flavour.
2865 2390 28 27 If
2902 2390 65 35 they

2414 2442 44 34 try
2473 2436 87 30 Kozie
2573 2435 55 28 Tea
2641 2434 66 37 they
2720 2432 55 28 will
2788 2432 34 28 be
2837 2429 129 29 satisfied.

2413 2479 93 28 Johns
2523 2477 24 29 &
2565 2474 150 35 M'Combe,
2731 2474 117 37 Agents,
2863 2470 105 28 Millers

2414 2519 72 29 Flat.

3185 1614 249 57 COACH
3507 1609 411 65 BUILDERS,.

3222 1713 332 32 WHEELWRIGHTS,
3595 1710 150 28 BLACKS
3753 1709 125 35 MITHS,

3527 1784 53 18 AND

3081 1841 301 32 AGRICULTURAL
3422 1837 228 31 IMPLEMENT
3688 1835 358 37 MANUFACTURERS,.

3354 1915 72 28 Ross
3466 1915 30 27 Pi
3505 1923 59 25 ace,
3603 1913 170 31 Lawrence..

3036 2010 74 31 ALL
3150 2008 122 31 KINDS
3312 2008 48 30 OF
3397 2005 143 32 MINING
3582 2003 234 33 MACHINERY
3853 2004 108 30 MADE
4000 2003 90 29 AND'

3460 2058 203 29 REPAIRED-.

3451 2153 110 28 Agents
3581 2160 84 21 for—

2999 2224 230 39 Massey-Harris
3250 2223 119 38 Reapers
3391 2222 55 27 and
3476 2221 121 34 Hinders,
3618 2219 183 34 Cultivators,.
3820 2218 137 35 Scufflers,
3984 2217 132 39 Ploughs*

3458 2261 89 29 Horse
3561 2260 99 35 Rakes,

3301 2314 122 30 Peerless
3444 2312 53 37 Oil,
3517 2311 103 31 Binder
3639 2310 102 37 Twine,
3762 2309 48 31 &c.

3053 2398 47 29 All
3129 2397 89 29 Work
3248 2396 151 29 Entrusted
3422 2398 28 25 to
3476 2394 41 29 Us
3543 2394 54 27 will
3624 2392 114 30 Receive
3766 2391 113 38 Prompt
3904 2390 154 28 Attention.

3323 2475 132 23 CHARGES
3480 2474 133 21 STRICTLY
3641 2472 160 25 MODERATE.

3256 2566 74 28 FOR
3369 2564 96 29 SALE
3481 2564 6 28 !

3632 2561 75 29 FOR
3744 2560 115 29 SALE!

2420 2643 28 8 _
2956 2636 10 12 .
3081 2647 216 33 STAUNCH
3330 2645 91 31 AND
3458 2642 253 33 HANDSOME
3749 2638 381 36 THOROUGHBRED)

2418 2688 139 29 QTOCK
2582 2687 36 28 all
2641 2686 47 28 the
2713 2683 112 36 leading
2855 2679 112 37 Hnglish
3002 2674 47 34 A.

2417 2714 36 29 10
2491 2728 54 29 and
2559 2726 118 30 German
2693 2724 99 29 Makes
2804 2721 31 30 of
2849 2720 100 29 Pianos
2962 2729 5 18 :
3298 2719 30 26 U
3350 2724 227 34 VTT?WU
3596 2725 19 27 A
3632 2723 144 41 VFN

2465 2778 177 25 BRINSMEAD,
2660 2775 141 25 COLURD,
2820 2772 99 26 SAMES,
3408 2745 16 35 l
3430 2761 17 19 j
3465 2758 15 20 *
3486 2745 21 32 V
3782 2766 13 23 '

2609 2803 169 26 EAYESTOFF,
3460 2798 143 30 Produced
3629 2798 36 38 by

2415 2845 205 27 schwechten,
2630 2844 70 26 lipp,
2710 2843 75 21 gors
2794 2841 16 22 &
2820 2838 149 26 Kallman,
3169 2855 161 29 YANKEE
3351 2851 240 32 ENTERPRISE
3613 2850 75 29 OUT
3709 2848 47 29 OF
3778 2845 190 33 AMERICA..

2543 2883 166 25 GERHARDT,
2725 2880 124 22 HANSEN.
3269 2895 47 40 ]jp
3370 2905 53 27 any
3437 2892 112 38 weight,
3562 2891 53 29 and
3629 2890 99 30 carries
3741 2900 16 17 a
3771 2887 86 38 Lady.

2455 2958 110 28 Hhno.
2733 2952 81 34 and
2840 2949 98 37 Co's
3076 2949 174 31 Guaranteed
3261 2947 168 38 thoroughly
3438 2945 87 29 sound
3537 2945 54 28 and
3601 2943 83 39 quiet.
3728 2940 61 30 Will
3799 2950 63 28 pass
3872 2939 113 29 traction
3998 2946 131 28 engines,,

2455 2971 120 25 Uildb.
2599 2971 108 28 XDGKS
2732 2971 84 19 CUIU
2840 2971 63 17 WU.
2919 2971 459 16 on
3404 2971 98 30 /..UJ
3517 2984 89 17 i;„u„
3731 2979 137 22 ontrtliinrr
3975 2978 111 23 Wrir.tr
4105 2986 16 15 a

2733 2952 83 35 and
2840 2949 98 38 Oo.'s
3076 2968 174 12 uuiir<iuw.xu
3437 2968 248 14 uu—.»»—.t—

3001 2996 94 31 trams,
3110 2991 96 35 trainß,
3220 2992 170 29 motor-ears,
3404 2984 99 31 forked
3517 2984 151 40 lightning,
3682 2992 30 19 or
3731 2980 138 40 anything
3889 2979 72 37 else,,
3974 2978 112 37 barring
4105 2987 25 20 a,

2417 3025 234 33 EXHIBITION
2679 3021 134 33 MODEL
2844 3018 118 32 PIANO
3001 3032 43 30 lad
3080 3030 130 30 mounted
3223 3041 35 17 on
3272 3028 115 29 another
3410 3026 163 29 Newhaven
3594 3025 124 28 Bicycle.

2696 3083 66 19 NFTT

2620 3098 6 6 '
3077 3107 182 32 FARMERS
3274 3106 142 39 requiring
3430 3104 82 29 Grain
3523 3104 95 34 Drills,
3631 3102 102 39 Turnip
3747 3100 53 28 and
3811 3101 115 28 Manure
3935 3095 191 38 Drills,.Com-.

2417 3156 123 31 STORY
2564 3156 24 29 &
2616 3153 162 31 CLARK'S
2809 3149 162 37 ORGANS,
3004 3151 82 30 bined
3101 3149 93 36 Drills,
3207 3149 66 29 Disc
3285 3148 142 34 Harrows,
3439 3144 133 38 Ploughs,
3587 3142 70 30 Seed
3672 3141 138 36 Cleaners,
3819 3151 32 19 or
3862 3151 54 25 any
3928 3140 80 28 other
4018 3137 111 39 Imple-

2514 3207 102 17 Trrn/rn
2625 3206 59 18 att
2712 3205 73 19 opr
2796 3203 70 21 amu
3001 3195 90 25 ments
3104 3202 32 17 or
3149 3189 139 29 Machines
3302 3185 97 30 should
3410 3185 66 28 send
3490 3184 43 28 for
3545 3194 50 17 our
3608 3182 150 33 catalogue.

2514 3208 179 29 KIMBALL
2712 3208 163 30 OKGAJNb,
3026 3231 57 21 THE
3096 3227 145 23 COLONIAL
3253 3226 77 22 CoMß
3331 3225 72 21 ined
3421 3224 99 21 drills
3533 3222 61 21 and
3608 3221 64 20 disc
3684 3220 144 19 harrows
3841 3219 58 20 are
3913 3219 57 20 the
3986 3217 64 22 best
4064 3215 36 25 in.

2417 3252 554 38 From£2oto£so...From£2oto£50.
3446 3249 58 22 THE
3524 3248 125 21 market.

3001 3033 64 38 lady
3080 3031 130 29 mounted
3223 3041 35 17 011
3272 3028 115 29 another
3410 3026 163 29 Newhaven
3593 3025 125 28 Bicycle.

3013 3208 49 12 LJCU
3067 3208 24 11 tn»
3104 3208 26 11 U1
3148 3208 140 9 iUUViiiubo
3410 3208 10 5 v.
3423 3208 31 4 w
3661 3208 5 2 '
3696 3208 15 7 r
3726 3208 4 12 ■

3026 3231 57 20 THE
3096 3227 145 23 COLONIAL
3253 3225 150 23 COMBINED
3421 3224 99 21 DRILLS
3533 3223 61 20 AND
3608 3221 64 20 DISC
3684 3220 144 19 HARROWS
3841 3220 58 20 ARE
3913 3219 57 20 THE
3986 3217 64 22 BEST
4064 3215 36 25 IN.

3446 3249 58 22 THE
3524 3248 125 21 MARKET.

2417 3339 149 31 BESSON
2592 3337 26 29 &
2647 3333 182 32 BOOSEY'S
2849 3331 122 30 BRASS
3090 3326 305 38 MftffOW.
3794 3313 47 51 &
3904 3316 92 45 Ct»

2553 3373 287 35 INSTRUMENTS.
3251 3394 179 35 DUNtDIN
3469 3403 53 22 and
3561 3389 310 36 CHRISTCHCRCH,

2418 3463 99 23 Vrnim
2531 3462 68 24 Bow
2616 3460 154 26 Repairing
2782 3465 17 19 a
2815 3455 154 29 Specialty.
3313 3450 64 28 Sole
3390 3450 107 33 Agents
3510 3446 35 30 in.
3552 3445 68 28 New
3632 3443 119 33 Zealand
3764 3443 44 28 for

2575 3510 66 29 Bow
2653 3507 55 31 and
2724 3506 101 31 Case...
2867 3502 67 40 80/-
3129 3490 79 31 IHE
3227 3486 217 34 M'CORMICK
3465 3482 250 34 HARVEST,NG
3734 3479 182 32 MACHINE
3936 3479 57 34 CO.

2454 3553 185 32 Accordeons,
2653 3550 71 28 from
2795 3570 30 6 ...
2887 3544 46 38 7/(3
3938 3580 13 10 >
4002 3577 40 5 _

2486 3629 111 33 cHis.
2618 3627 101 30 begq
2719 3604 31 5 -
2742 3624 81 31 and
2844 3622 56 33 co.
3047 3586 160 59 COS
3227 3584 206 56 SENS
3502 3579 172 58 AND
3740 3576 331 66 BLACK.

2417 3680 81 31 Have
2517 3679 49 29 the
2587 3678 106 36 largest
2714 3674 56 29 and
2790 3676 73 26 most
2875 3670 93 30 varied
3122 3671 234 38 ENGINEERS,
3375 3666 284 37 BLACKSMITHS,
3679 3665 279 34 MILLWRIGHTS
3979 3665 24 33 &

2417 3721 79 31 stock
2510 3721 28 28 of
2551 3719 91 29 Music
2651 3718 28 28 in
2690 3716 48 29 the
2748 3715 113 36 Colony.
2900 3712 68 29 New
3404 3709 312 35 IRONFOUNDEUS,

2515 3760 159 39 Shipments
2689 3753 186 40 Fortnightly.
3272 3761 361 26 CRAWFORD-STREET,
3672 3760 72 21 DUN
3752 3760 58 22 EDI
3818 3759 35 26 N..

2587 3852 10 10 ,
2600 3810 28 29 N
2630 3808 135 63 ™„®°r
2768 3816 12 20 S
2783 3830 54 41 '«„
2840 3857 15 14 n
2856 3855 10 16 ,
2867 3845 25 26 vf
2892 3845 24 26 ,„
2921 3847 27 24 k(
2948 3854 21 17 .,
3312 3827 384 35 -MANUFACTURERS
3726 3827 85 33 OE-

2453 3853 82 30 Morn
2568 3850 29 31 of
2623 3891 9 10 ,
2635 3850 20 28 B
2649 3890 14 21 T
2657 3859 61 19 °™
2722 3858 37 18 ws
2760 3863 35 5 -
2798 3847 19 27 S
2821 3855 51 56 2
2938 3853 31 58 if
3000 3876 208 35 Pumpiniratid
3230 3873 137 38 Winding
3387 3871 170 39 Machinery,
3582 3867 228 33 HYDRAULIC
3832 3862 143 32 MINING
3996 3860 132 34 PLANT'

3046 3887 181 70 Tiding
3241 3885 153 69 Hydralic
3408 3914 109 35 Giants)
3645 3910 117 33 Ya.ves,
3770 3907 127 31 Elevator
3913 3904 140 38 Castings,

2418 3972 140 33 Snnshine
2588 3967 195 34 Above-She
2816 3966 100 38 Stoops
2942 3967 29 27 to
3305 3953 65 29 I-
3385 3952 54 29 and
3455 3951 75 30 Steel
3545 3949 139 38 IWg,
3697 3947 41 29 &c

2420 4014 210 37 Conquer-No
2652 4013 43 29 for
2717 4023 34 17 an
2773 4007 198 33 Answer-No
3112 4009 155 33 DREDGE
3292 4005 217 36 TUMBLERS,
3531 4000 183 37 BUCKETS,
3734 3998 127 35 LINKS,
3881 3996 40 31 &c
3960 3995 39 31 &c

2420 4057 88 30 Man's
2524 4056 86 28 Land.
3002 4052 209 35 Waterwheels,
3221 4048 145 35 Turbines,
3380 4047 86 28 Brick
3476 4046 55 28 and
3545 4043 86 30 Drain
3645 4042 67 37 Pipe
3726 4040 117 36 Making
3853 4038 55 28 and
3918 4036 89 29 Wood
4020 4036 105 30 Work.

2550 4106 100 25 Viotin
2671 4113 53 18 and
2745 4102 86 29 Pi\no
3085 4094 48 37 ing
3149 4090 169 37 Machinery.
3357 4087 91 33 Horse
3462 4086 118 35 Powers,
3595 4081 79 32 Chaff
3675 4084 112 32 cutters,
3805 4079 99 38 lurnip
3922 4076 16 33 I
3947 4076 98 40 ulpers,

2404 4106 3 62 I
2463 4150 12 17 a
2588 4106 121 62 I°f
2770 4106 4 62 '
2815 4109 157 59 Lrioeioso
3249 4130 53 29 »»d
3315 4128 37 31 d
3366 4127 82 31 kinds
3461 4127 28 29 of
3502 4125 158 35 Machinery
3674 4122 54 28 and
3742 4126 129 32 bearing.

2419 3974 138 31 Sunshine
2589 3968 193 33 Above—She
2816 3967 100 37 Stoops
2942 3968 28 26 to
3305 3961 61 22 lroll

2401 4007 3 48 |
2420 4017 128 38 Conquer
2548 4014 82 29 —No
2652 4014 44 28 for
2717 4022 35 18 an
2773 4011 115 28 Answer
2927 4007 43 29 No
3112 4010 155 31 DREDGE
3293 4007 73 29 IUIV

2402 4049 2 44 i
2419 4057 89 29 Man's
2524 4056 85 28 Land.
3002 4052 209 35 Waterwheels,
3222 4049 144 33 Turbines,

2550 4106 100 29 Violin
2670 4113 55 21 and
2744 4102 97 29 Piano.
3149 4090 169 60 Machineij.
3357 4087 9 29 1

2403 4132 3 47 !
2456 4149 130 29 Andante
2608 4151 28 24 et
2659 4145 118 29 Scherzo
2800 4139 171 40 Capriccioso
3249 4132 53 26 and
3316 4132 35 25 all

2404 4181 3 46 i
2422 4189 112 38 (David)
2614 4184 100 30 Bach's
2756 4186 41 25 Ist
2837 4181 135 29 Concerto

2404 4210 3 58 |
2423 4230 149 37 (Alard)—
2573 4228 88 28 Three
2696 4225 94 29 Pieces
2817 4221 155 38 Classiques
3118 4215 18 20 A
3163 4210 77 23 VEKY
3357 4222 6 8 '

2404 4261 2 52 j
2423 4266 284 43 (Ragghianti)—Les
2712 4265 105 28 Echoes
2823 4261 146 38 (Leonard)
3001 4278 214 35 ESTIMATES
3236 4276 128 30 GIVEN,

2404 4302 2 42 j
2420 4309 173 31 —Mazurka
2630 4307 34 28 de
2710 4305 117 29 Conceit
2874 4302 99 33 (Ovide

2404 4341 3 61 j
2420 4351 104 35 Musin)
2557 4348 146 29 -Romance
2737 4341 240 39 (Jansen)-Sou-
3146 4360 55 33 wd
3215 4368 80 28 every
3310 4357 56 29 deS(

2421 4392 77 30 venir
2512 4391 33 28 de
2559 4388 102 38 Haydn
2679 4388 21 35 (•.
2714 4388 124 31 eonaru).

3117 4215 19 20 A
3163 4210 77 23 VERY
3268 4209 95 22 LARGE
3388 4206 89 24 STOCK
3502 4205 36 21 OF
3563 4201 144 25 PATTERNS
3731 4201 36 21 TO
3792 4199 102 23 SELECT
3921 4197 84 22 PROM.

3121 4278 94 31 ATES
3236 4276 128 30 GIVEN.
3535 4266 354 35 CORRESPONDENCE
3910 4264 216 34 SOLICITED..

3019 4363 114 39 Repairs
3147 4360 54 33 aijd
3215 4369 80 27 every
3310 4356 166 39 description
3491 4355 28 27 of
3533 4351 188 44 Engineering
3735 4349 53 28 and
3807 4346 193 30 Blacksmith's
4013 4346 89 29 Work

3402 4394 142 39 Promptly
3566 4391 148 31 Executed.

2463 4473 119 36 Chas.
2606 4470 109 45 Begg
2742 4465 83 38 and
2849 4464 75 39 Co.,
2983 4464 3 65 |

2437 4533 31 27 21
2511 4531 117 27 Princes
2665 4527 112 33 Street,
2812 4522 80 29 Dune
2895 4529 55 26 din,
2983 4522 2 49 j

2420 4583 113 38 Having
2559 4593 15 17 a
2599 4581 76 29 Most
2700 4577 127 30 Efficient
2851 4573 71 30 Staff
2942 4572 27 28 of
2983 4572 2 49 j

2421 4624 160 32 Workmen,
2590 4633 50 17 can
2653 4619 99 37 Kepair
2761 4617 55 28 and
2837 4619 5 23 I
2853 4624 52 19 uue
2916 4623 53 26 any
2983 4616 2 49 j

2541 4659 116 32 Musical
2677 4658 171 29 Instrument

2475 4715 48 28 AT
2550 4709 209 33 MODERATE
2782 4704 132 32 RATES.
2983 4704 2 39 j

2470 4778 32 20 TO
2519 4783 27 15 BE
2560 4777 128 19 PUBLISHED
2702 4777 25 16 IN
2736 4773 113 22 JANUARY,
2865 4768 54 20 1893.

2425 4823 169 34 G'TONES'
2625 4822 69 29 OTA
2701 4819 49 30 GO
2780 4817 24 30 &
2831 4815 117 31 SOUTH-

2665 4859 104 30 LAND

2472 4921 153 22 Commercial,
2641 4915 134 24 Municipal,
2787 4913 16 19 &
2817 4911 107 21 General

2581 4958 238 41 directory,

2673 5014 54 19 and

2460 5059 89 33 NEW
2568 5054 180 35 ZEALAND
2764 5050 196 35 ANNUAL,.-*,

2647 5108 112 38 1898.

2446 5200 166 33 Fourteenth.
2630 5198 74 29 Year
2722 5195 31 29 of
2771 5190 181 33 Publication.

3196 4490 102 36 GROWN
3328 4490 37 34 ON
3396 4489 62 34 THE
3489 4487 87 35 HILLS
3605 4485 34 36 OF
3669 4485 101 35 SUNNY
3800 4483 123 35 CEYLON.

2983 4610 2 44 I
3041 4615 32 37 S
3099 4610 37 44 J

2982 4635 3 79 !
3041 4658 33 41 S
3110 4635 26 79 |

3041 4704 31 16 ac
3100 4691 36 29 J1

3471 4783 178 48 I'^T<E''AS'|

3958 4722 120 48 is

3985 4929 25 22 3K
4047 4929 32 17 3=*

3985 4940 30 32 P.
4047 4950 32 17 CD

3046 5037 31 38 K
3112 5033 63 34 THE
3190 5030 87 37 MOST
3290 5028 158 38 DELICIOUS
3462 5028 22 35 &
3499 5026 196 37 ECONOMICAL
3709 5026 59 33 TEA
3785 5025 28 33 IN
3828 5024 62 35 THE
3904 5024 177 44 WORLD-IK

3037 5113 94 67 W.
3176 5100 365 71 Smmlms
3585 5097 68 73 &

3433 5195 90 30 Local
3544 5195 144 28 Agents—

2423 5282 91 34 Demy
2539 5279 53 27 Bvo
2618 5251 250 57 detaining
2888 5268 85 26 about
3038 5259 36 29 D.
3088 5251 464 65 CORMACK,

2441 5313 285 44 900pages,together
2733 5310 65 30 with
2807 5315 147 21 numerous
3251 5344 98 23 WTT
3368 5340 172 27 TT2SMq
3554 5324 56 43 iTv
3626 5326 86 29 OZIE
3725 5326 74 27 TEA
3803 5346 6 7 -
3847 5325 25 28 A
3885 5322 175 40 stimulating
4068 5322 57 29 and

2479 5360 80 37 Maps
2582 5353 141 33 corrected
2743 5357 28 22 to
2784 5350 36 28 da
2834 5358 22 24 e,
3140 5349 33 38 J.
3259 5355 41 28 VV
3310 5348 249 35 ILiLiIAMD,.
3571 5348 51 34 J\.
3660 5377 49 19 slls
3710 5365 104 40 tiiining
3827 5374 52 30 cup
3893 5364 26 28 in
3932 5374 122 19 summer
4069 5363 56 30 and

2506 5397 88 31 whole
2606 5393 178 36 handsomely
2798 5392 72 27 bouu
3028 5419 199 25 hairdresser
3246 5416 61 22 and
3326 5411 200 26 tobacconist,
3556 5392 4 52 I
3571 5410 105 28 winter.
3714 5407 35 28 L).
3766 5406 141 33 Cobmack,
3921 5406 105 37 Agent,
4048 5404 55 30 Rox-

2534 5439 28 28 in
2576 5437 84 34 cloth,
2670 5429 193 44 gilt-lettered.
3028 5426 19 18 H
3644 5449 7 9 .

2413 5495 7 54 1
2430 5521 78 29 Price
2520 5522 28 26 to
2563 5515 187 33 Subscribers,
2764 5511 49 28 12s
2827 5508 52 35 6d;
2899 5506 76 29 Non-

2576 5555 186 34 Subscribers,
2773 5553 9 28 1
2789 5561 41 19 os.

3198 5468 164 30 Lawrence.

3043 5558 150 35 LADIES'
3223 5551 295 38 HAIRCOMBINGS

3089 5613 110 31 JIADJS
3218 5611 92 29 INTO
3330 5605 144 31 PLAITS.

3573 5449 95 38 burgh.

2478 5638 131 37 STONE,
2641 5635 82 35 SON,
2755 5631 81 30 AND
2867 5628 66 35 CO.,
2992 5625 5 68 J

2620 5683 178 29 Publishers,
2996 5705 5 31 ;
3010 5701 102 30 Orders
3121 5699 35 37 by
3165 5699 64 37 post
3236 5692 137 43 promptly
3380 5688 130 34 attended
3519 5693 28 24 to

2491 5729 142 34 Crawford
2658 5727 101 35 Street,
2782 5721 138 32 Dunedm.
2996 5715 6 48 |
3010 5715 57 16 u,u
3140 5715 36 23 '>■
3236 5715 17 20 *
