2550 4050
243 1965 120 21 CUSTOM
379 1959 106 30 HOUSE.

1891 886 28 19 To
1929 885 36 20 the
1972 885 79 20 Editor
2060 884 27 25 of
2092 885 35 20 the
2163 885 53 20 New
2225 884 95 20 Zealand
2331 884 87 20 Gazette
2430 884 43 21 and

2042 912 127 25 Wellington
2180 912 138 25 Spectator.*'

1916 944 48 21 Sir.
1964 955 29 4 —
1993 943 12 25 I
2016 944 91 21 observe
2116 943 23 24 in
2150 943 37 22 the
2193 944 77 20 Nelson
2276 944 116 20 Examiner
2399 943 26 22 of
2431 943 38 23 the

1891 970 49 22 16th
1955 971 23 21 in
1981 973 33 23 st.,
2028 977 29 14 an
2067 970 170 22 advertisement
2253 970 80 27 signed
2341 970 31 27 by
2406 970 63 22 John

1889 996 99 27 Watson,
2004 999 82 19 master
2096 996 25 21 of
2132 996 37 22 the
2314 997 49 21 who
2377 997 92 21 informs

1889 1030 84 14 owners
1984 1023 25 21 of
2021 1022 81 22 vessels
2116 1023 43 21 and
2175 1023 78 26 others,
2270 1023 49 21 that
2329 1023 12 21 I
2356 1023 72 22 refuse
2443 1026 23 18 to

1890 1049 52 22 land
1952 1049 37 22 the
1999 1056 91 20 cargoes
2100 1049 25 21 of
2135 1050 64 21 small
2209 1050 62 26 craft,
2282 1050 97 26 arriving
2394 1050 25 21 in
2430 1049 38 22 the

1890 1076 127 21 Roadstead
2027 1077 25 20 of
2060 1076 118 21 Taranaki.

1915 1103 47 22 The
1969 1103 171 22 circumstances
2148 1103 71 22 which
2228 1103 113 27 provoked
2350 1103 43 22 this
2400 1105 67 19 state-

1890 1133 61 17 ment
1960 1136 37 16 are
2007 1129 77 26 briefly
2097 1130 59 22 these
2164 1138 4 14 :
2171 1142 28 3 —

1917 1156 34 22 On
1963 1156 37 22 the
2009 1158 49 20 21st
2066 1156 25 21 of
2101 1157 43 21 last
2153 1157 82 26 month,
2247 1156 38 22 the
2299 1159 82 19 master
2390 1157 26 21 of
2430 1156 38 22 the

1888 1184 131 26 Enterprize,
2040 1190 14 14 a
2071 1183 64 22 small
2153 1185 100 25 coasting
2271 1183 77 26 vessel,
2368 1190 41 14 ran
2428 1183 41 22 har

1889 1210 77 22 ashore
1981 1218 29 14 on
2021 1217 40 14 our
2077 1210 69 26 sandy
2155 1210 173 26 landing-place,
2339 1210 131 26 discharged

1889 1236 40 22 her
1941 1244 73 19 cargo,
2028 1236 44 22 and
2089 1236 77 26 taking
2183 1236 123 27 advantage
2322 1236 26 21 of
2362 1236 36 22 the
2416 1237 53 26 tide,

1889 1266 38 24 got
1936 1263 34 22 off
1980 1263 66 27 again
2056 1263 92 24 without
2164 1263 36 21 the
2214 1263 56 21 least
2286 1263 102 27 damage.
2416 1263 54 21 This

1889 1291 133 26 proceeding
2039 1297 41 14 was
2098 1290 52 27 safe,
2168 1290 89 27 speedy,
2269 1290 46 21 and
2332 1290 139 22 economical

1890 1320 22 18 to
1922 1317 30 21 all
1960 1317 90 27 parties.

1916 1344 21 22 A
1946 1344 44 21 few
2000 1342 56 28 days
2072 1343 127 22 afterwards
2209 1343 37 22 the
2263 1344 92 26 Finelta,
2367 1350 14 14 a
2398 1346 72 19 cutter

1890 1370 24 21 of
1927 1370 69 22 about
2015 1371 27 20 12
2058 1373 49 18 tons
2124 1370 94 26 burden,
2237 1370 95 25 arrived,
2348 1370 44 21 and
2408 1370 11 21 I
2435 1377 35 14 re-

1889 1397 92 27 quested
1996 1396 38 22 the
2049 1399 89 23 master,
2148 1396 99 26 Watson,
2263 1399 23 19 to
2295 1396 74 22 follow
2378 1396 38 21 the
2433 1404 39 14 ex-

1890 1424 71 26 ample
1976 1424 26 20 of
2018 1423 37 21 the
2070 1424 131 26 Enterprize,
2203 1434 27 4 —
2232 1424 36 21 the
2287 1423 96 21 weather
2402 1423 69 27 being

1889 1450 130 27 beautifully
2029 1450 58 22 calm
2098 1451 42 21 and
2150 1458 30 14 no
2190 1450 48 22 surf
2250 1457 30 15 on
2291 1450 37 21 the
2338 1450 64 21 shore
2409 1457 5 17 ;
2432 1450 40 21 but

1889 1476 28 22 he
1928 1477 72 21 would
2015 1481 52 23 not;
2085 1477 106 27 although
2209 1476 35 22 the
2255 1476 168 22 Beach-master
2437 1484 35 14 as-

1889 1504 65 21 sured
1969 1504 48 22 him
2034 1504 48 22 that
2098 1504 17 21 it
2131 1504 64 22 could
2211 1504 28 21 be
2255 1504 60 20 done
2326 1503 92 21 without
2432 1503 38 22 the

1889 1530 100 27 slightest
2002 1531 54 21 risk.
2090 1531 77 21 Under
2182 1530 62 22 these
2261 1530 178 26 circumstances,
2460 1530 11 22 I

1889 1557 87 22 refused
1986 1561 22 18 to
2021 1561 41 23 put
2072 1557 37 22 the
2119 1558 112 27 Company
2242 1559 23 19 to
2274 1557 38 21 the
2322 1564 150 20 unnecessary

1889 1591 94 20 expense
1990 1585 26 21 of
2023 1585 108 26 manning
2136 1584 39 22 the
2182 1585 61 21 boats
2248 1591 6 19 ;
2266 1584 84 26 though
2359 1583 11 22 I
2376 1583 96 23 allowed'

1889 1618 40 14 one
1940 1611 26 21 of
1977 1611 61 21 them
2049 1615 21 18 to
2079 1611 27 22 be
2115 1610 55 22 used
2179 1611 26 21 in
2215 1610 112 26 unlading
2336 1610 37 21 the
2383 1610 70 21 vessel
2462 1618 6 18 ;

1889 1638 36 21 the
1936 1645 52 15 men
1998 1638 67 27 being
2073 1637 53 28 paid
2135 1637 29 27 by
2171 1637 37 21 the
2218 1641 90 19 master.

1917 1665 10 21 I
1938 1665 57 21 have
2002 1671 79 15 reason
2089 1669 22 17 to
2119 1664 61 21 think
2191 1664 48 21 that
2248 1664 48 21 fear
2304 1664 27 20 of
2336 1663 68 27 being
2412 1671 60 14 com-

1889 1691 73 27 pelled
1981 1695 23 17 to
2023 1691 57 22 fulfil
2100 1698 13 14 a
2127 1691 84 21 broken
2230 1694 149 24 engagement
2397 1693 22 18 to
2436 1690 36 22 the

1890 1719 120 26 Company,
2022 1725 46 15 waa
2081 1718 38 22 the
2134 1721 49 18 true
2197 1717 111 27 objection
2324 1721 22 17 to
2362 1717 110 27 beaching

1889 1745 37 20 the
1936 1745 78 20 vessel.

715 305 48 23 Mr.
786 305 118 23 Ashdown
937 304 87 24 arrived
1057 301 119 32 yesterday
1203 299 56 24 from

682 338 124 23 Taranaki.
844 337 38 24 He
893 337 43 24 left
947 337 50 23 that
1008 336 62 30 place
1080 342 28 15 on
1116 332 143 31 Wednesday

676 371 102 30 nevening
788 370 53 29 last,
853 371 25 22 in
887 368 183 38 tfyyJfarifffard,
1091 366 44 23 and
1146 365 81 23 landed
1237 369 23 19 at

676 402 89 32 'Kapiti
767 406 4 11 1
775 410 29 16 on
806 395 131 39 '^Thursday
948 395 127 35 a|tetnoon.
1121 398 39 23 He
1171 401 88 27 reports

682 435 39 24 the
867 438 22 18 to
897 424 77 33 4av¥
976 426 5 20 :
982 432 92 24 -arrived
1094 435 24 19 at

683 468 44 23 and
745 467 44 23 had
809 467 69 24 sailed
894 466 36 23 for
940 465 87 24 Nelson
1039 464 76 23 before
1126 463 30 23 he
1164 461 95 24 reached

683 500 132 27 the;former
831 499 136 26 settlemeniu
975 510 6 20 ;
996 496 61 25 :She
1077 503 53 24 may
1150 495 60 30 dajly
1233 495 33 22 be'

803 528 61 27 herd.
873 535 3 5 l
909 525 60 13 "*''

681 580 11 5 *
699 580 6 4 r
718 564 52 23 Mr.-
779 563 115 24 Ashdown
904 562 38 24 did
953 566 40 20 not
1004 562 52 23 hear
1069 561 92 30 the-day
1179 560 26 23 of
1221 559 36 24 the

683 596 146 32 Himalaya's
840 595 116 32 departure
969 595 57 23 from
1046 594 115 30 England,
1209 592 49 24 Her

678 630 52 30 j&ay.
750 628 25 24 of
941 635 46 16 was
1015 626 133 24 advertised*
1167 625 24 23 in
1222 624 36 24 the

685 662 97 30 English
794 669 80 23 papers
884 661 36 23 for
930 660 37 24 the
979 660 57 24 25th
1045 659 24 23 of
1078 659 100 31 August.
1209 657 49 24 Her

676 695 143 23 'dates"must
829 694 110 23 therefore
951 693 28 23 be
991 693 37 22 the
1040 692 65 23 latest
1113 696 38 26 yet
1158 689 100 25 received

684 728 25 22 in
720 727 57 23 New
788 726 106 24 Zealand.
1127 724 43 23 had
1187 722 70 30 forty-
1263 721 3 12 1

684 761 44 22 five
739 767 142 23 passengers,
896 761 97 28 .'twenty,
997 758 37 32 ipf
1035 756 81 24 'wKorn
1129 755 88 25 -landed
1237 759 22 19 at

686 792 56 24 New
754 792 131 33 Plymouth.
924 789 3 5 '
954 791 32 38 0
996 787 3 7 '

719 824 50 26 The
792 823 127 32 Himalaya
946 823 45 25 Had
1019 822 121 24 embarked
1169 821 29 23 all
1217 820 41 30 :{he

686 857 96 31 whaling
802 862 73 19 stores
892 857 122 31 belonging
1028 860 23 19 to
1068 856 102 23 Messrs.
1183 853 74 31 Ridg-

685 897 61 24 ways
757 890 99 30 whaling
865 890 83 22 station
959 893 25 19 at
995 888 127 24 Taranaki.

718 922 72 25 Flour
801 931 46 15 was
859 922 82 31 quoted
952 926 25 19 at
986 922 58 23 from
1055 921 53 24 £30
1122 924 21 19 to
1155 919 52 25 £45
1220 926 38 23 per

686 959 37 19 ton
735 959 23 19 at
769 955 57 23 New
838 954 123 31 Plymouth
969 963 7 20 ;
989 954 65 24 other
1064 953 126 31 provisions
1202 959 55 16 were

685 988 138 23 reasonable.
865 987 50 23 The
934 995 66 23 crops
1017 994 61 15 were
1096 985 94 30 looking
1210 984 48 24 well

686 1021 44 23 and
753 1021 37 23 the
819 1020 88 23 settlers
929 1018 115 33 generally
1064 1026 54 23 very
1142 1018 114 30 sanguine.

687 1053 65 31 They
763 1053 133 31 anticipated
913 1053 70 30 being
1003 1052 49 23 able
1070 1056 22 18 to
1114 1055 79 26 export
1214 1050 44 24 this

686 1095 60 22 year,
758 1095 25 15 as
800 1087 54 29 they
864 1086 101 23 believed
976 1085 38 24 the
1031 1091 64 24 crops
1112 1083 72 24 would
1200 1083 57 30 yeild

686 1128 62 14 more
764 1119 53 24 than
829 1121 20 21 is
861 1119 113 23 sufficient
984 1119 33 22 for
1029 1117 57 23 their
1097 1124 49 16 own
1158 1121 98 26 support.

720 1152 50 24 The
781 1152 90 23 Aurora
881 1159 46 16 was
947 1152 63 30 lying
1029 1155 23 18 at
1069 1149 115 24 Taranaki
1196 1149 61 23 when

687 1185 38 23 the
741 1184 123 31 Vanguard
873 1184 77 24 sailed.

719 1218 50 23 The
789 1218 107 25 schooner
913 1216 75 26 Mana
1005 1224 44 15 was
1064 1215 79 31 totally
1149 1239 2 9 (
1156 1215 102 23 wrecked

686 1255 23 19 at
720 1251 78 23 Mana.
833 1250 39 27 AH
887 1248 59 25 lives'
955 1257 57 15 were
1023 1248 74 24 saved.
1134 1248 47 23 She
1199 1253 57 18 went

685 1288 23 19 to
720 1283 72 24 Mana
802 1288 22 19 to
837 1283 51 24 take
900 1284 23 22 in
936 1283 76 30 sheep.

718 1316 51 24 The
778 1316 107 31 Industry
898 1323 44 16 was
954 1321 23 18 at
990 1316 101 23 Porirua.
1121 1336 3 3 .

719 1349 50 24 The
784 1348 121 32 Vanguard
915 1357 51 22 may
978 1349 27 28 be,
1024 1347 106 32 expected
1142 1349 24 22 in
1177 1347 79 24 imme-

685 1382 90 31 diately.
811 1382 46 24 She
877 1382 43 23 had
925 1387 52 19 .not
996 1381 103 23 obtained
1116 1389 45 22 any
1172 1380 47 23 flax
1236 1385 21 18 at

685 1415 89 31 Kapiti.
936 1430 12 2 -
1062 1433 3 8 ,
1139 1424 3 5 •
1160 1424 9 22 \

718 1450 67 22 Since
796 1449 89 30 writing
897 1448 37 24 the
939 1448 129 31 -foregoing,
1081 1455 32 16 we
1128 1447 56 24 have
1203 1446 53 23 been

683 1482 110 24 informed
815 1483 48 22 that
885 1482 47 23 Mr.
956 1481 75 28 Moss,
1052 1481 24 23 of
1094 1480 94 29 Nelson,
1212 1479 44 23 also

682 1515 81 23 landed
782 1519 23 19 at
823 1516 79 29 Kapiti
924 1514 58 24 from
1003 1514 37 24 the
1064 1513 129 31 Vanguard,
1216 1512 40 24 and

682 1556 63 15 came
757 1548 64 23 down
833 1548 118 30 yesterday
963 1548 30 30 by
998 1547 65 24 'land.

716 1581 39 23 He
767 1586 69 18 states
849 1581 34 23 the
893 1576 124 35 Himalaya
1028 1585 21 18 to
1059 1580 54 23 have
1122 1579 71 24 sailed
1200 1579 56 24 from

682 1614 96 24 London
791 1622 28 16 on
838 1613 37 24 the
894 1613 41 24 sth
954 1621 25 15 or
1000 1613 55 26 10th
1075 1613 24 23 of
1113 1612 141 32 .September,

681 1648 44 23 and
738 1653 21 18 to
767 1647 55 24 have
835 1646 86 25 arrived
927 1651 23 18 at
959 1646 56 24 New
1023 1645 123 32 Plymouth
1153 1645 103 32 previous

682 1686 22 18 to
718 1681 135 24 Christmas.

685 1730 3 5 .
715 1714 50 24 The
785 1712 126 32 Himalaya
929 1713 71 24 sailed
1015 1713 56 24 from
1091 1711 116 24 Taranaki
1223 1712 33 23 for

680 1747 87 24 Nelson
778 1748 44 23 last
834 1747 144 30 Wednesday
988 1746 69 24 week.

713 1781 62 23 That
795 1781 62 23 other
978 1780 86 23 besides
1079 1779 37 24 the
1134 1777 122 31 Himalaya

678 1813 44 23 had
741 1815 71 23 sailed
831 1814 35 23 for
886 1813 91 28 Cook's.
991 1813 90 23 Straits.
1118 1811 61 24 That
1190 1820 65 23 many

678 1845 85 26 vessels
782 1846 74 25 would
866 1846 28 24 be
905 1851 51 18 sent
967 1850 40 19 out
1021 1850 21 19 to
1061 1846 37 23 the
1119 1845 135 31 Company's

678 1880 146 24 Settlements
848 1880 44 22 this
915 1886 88 16 season.
1050 1879 61 23 That
1134 1878 37 23 the
1200 1879 53 23 New

678 1913 99 23 Zealand
790 1913 116 31 Company
913 1919 59 16 were
983 1912 134 31 proceeding
1129 1911 59 23 with'
1193 1917 61 25 great
1262 1935 4 4 ,

677 1947 100 30 activity.
814 1946 59 23 That
893 1945 53 31 they
963 1953 66 15 were-
1040 1953 26 15 on
1085 1944 59 31 very'
1160 1944 94 31 friendly

678 1984 70 19 terms
760 1979 52 24 with
824 1979 37 23 the
880 1979 162 24 Government.
1078 1977 54 24 And
1151 1977 49 22 that
1217 1977 37 23 the

677 2012 85 23 Scotch
782 2012 142 27 Settlement,
947 2010 54 24 with
1024 2010 95 30 Captain
1143 2006 111 33 Fftzro'y's

676 2046 143 30 permission,
830 2045 72 22 would
909 2044 28 23 be
947 2048 23 19 at
979 2043 56 24 Port
1043 2043 96 30 Cooper.
1158 2042 95 30 Though

676 2086 33 15 we
721 2078 56 23 have
789 2078 54 30 only
854 2085 111 20 rumours,
978 2078 18 21 it
1016 2076 72 23 would
1106 2083 84 23 appear
1208 2076 48 22 that

676 2111 39 24 the
727 2112 56 23 New
803 2111 123 30 Plymouth
938 2110 90 23 settlers
1040 2109 44 23 had
1095 2109 65 27 been,
1169 2108 85 31 greatly

676 2144 141 31 encouraged
840 2144 29 31 by
896 2144 38 22 the
956 2151 62 15 news
1038 2142 103 23 received
1155 2144 6 11 ;
1163 2139 30 33 By
1216 2142 37 23 the

675 2177 125 31 Himalaya
812 2178 57 23 from
882 2177 116 30 England.
1204 2178 24 30 J

859 2239 210 23 CONTRACTS.

1490 1607 27 13 •_:—»:
1517 1614 44 6 —
1561 1608 25 16 »

1317 1637 22 21 A
1351 1636 61 30 large
1425 1634 73 25 vessel
1509 1634 80 32 passed
1600 1634 99 31 through
1719 1634 36 23 the
1776 1635 83 24 Straits

1285 1672 41 19 two
1339 1669 74 22 weeks
1425 1670 71 22 since.
1538 1668 45 22 She
1602 1675 47 15 was
1667 1675 95 23 suppose
1773 1672 24 19 to
1808 1668 28 23 be
1848 1678 11 15 a

1285 1702 88 29 frigate.
1416 1702 47 23 She
1482 1702 41 23 has
1537 1700 84 31 proved
1640 1705 23 18 to
1681 1701 29 23 be
1722 1702 36 22 the
1769 1701 90 24 French

1285 1734 79 31 frigate
1384 1736 119 29 returning
1523 1735 56 23 from
1603 1734 102 31 Sydney,
1729 1734 73 23 where
1821 1735 38 25 she

1285 1768 42 23 had
1347 1768 57 23 been
1424 1769 35 22 for
1483 1768 106 31 supplies,
1614 1771 23 19 to
1660 1767 41 23 her
1725 1768 83 23 station
1838 1773 21 19 at

1285 1798 100 26 Akaroa.
1432 1801 50 23 The
1503 1801 114 29 following
1645 1808 61 15 news
1734 1800 40 23 has
1804 1801 55 24 been

1285 1834 99 23 received
1395 1835 59 23 from
1466 1834 99 23 Akaroa.

1315 1867 24 23 A
1358 1867 74 24 vessel
1454 1867 45 23 had
1522 1867 87 23 arrived
1631 1871 23 19 at
1683 1867 89 31 Sydney
1803 1867 58 24 from

1283 1900 98 24 London
1392 1900 54 24 with
1458 1900 62 23 dates
1532 1905 21 18 to
1566 1900 38 23 the
1616 1902 56 21 21st
1684 1900 99 30 August.
1811 1901 50 23 The

1282 1933 114 31 following
1407 1941 39 15 are
1457 1933 39 23 the
1508 1933 50 32 only
1569 1933 66 23 items
1649 1933 25 23 of
1688 1941 61 15 news
1760 1941 33 17 we
1804 1934 57 24 have

1282 1966 113 23 obtained.
1442 1966 52 23 The
1515 1966 57 28 first,
1591 1966 70 22 about
1681 1966 142 30 emigration,
1841 1968 20 21 is

1281 1998 129 29 important.
1726 2014 3 8 ,

1316 2031 48 23 Mr.
1388 2031 87 28 Buller,
1494 2031 24 22 in
1536 2038 13 16 a
1570 2030 83 30 speech
1670 2030 26 24 of
1711 2038 59 16 some
1782 2032 79 30 length

1282 2064 113 23 delivered
1405 2065 25 22 in
1442 2064 138 23 Parliament
1593 2071 28 15 on
1634 2064 38 22 the
1686 2064 56 23 16th
1760 2065 100 31 August,

1282 2098 170 23 recommended
1464 2105 28 15 an
1506 2098 114 22 extensive
1632 2102 86 26 system
1729 2098 24 22 of
1761 2099 98 30 emigra-

1282 2132 55 27 tion,
1351 2135 22 19 to
1385 2131 26 23 be
1423 2130 52 31 paid
1487 2132 33 22 for
1532 2131 28 30 by
1572 2139 12 14 a
1596 2130 53 24 loan
1661 2138 29 15 on
1708 2131 37 23 the
1762 2133 99 30 security

1282 2165 25 22 of
1322 2165 38 22 the
1374 2164 81 24 Crown
1466 2163 84 24 Lands.

1316 2198 47 23 Mr.
1376 2195 80 25 Under
1469 2197 118 30 Secretary
1599 2196 69 32 Hope
1681 2198 114 30 promised
1805 2198 56 29 that,

1281 2231 20 23 if
1317 2231 47 23 Mr.
1377 2231 80 25 Buller
1469 2230 73 23 would
1552 2235 41 27 put
1604 2230 36 23 his
1654 2230 53 31 plan
1720 2232 23 22 in
1762 2232 99 30 writing,

1280 2266 20 21 it
1311 2264 80 24 should
1402 2264 88 23 receive
1503 2264 36 23 the
1548 2264 89 23 serious
1650 2265 111 24 attention
1782 2265 25 23 of
1825 2265 37 23 the

1282 2298 78 22 Home
1372 2297 163 23 Government.

1316 2431 38 24 On
1377 2431 37 24 the
1437 2431 43 24 9th
1503 2431 134 29 December,
1663 2430 101 24 H.M.S.
1784 2430 80 24 North

1282 2462 64 31 Star,
1360 2464 70 24 sailed
1441 2465 36 23 for
1487 2464 131 24 Auckland.
1665 2464 52 23 The
1736 2464 128 31 Bengalore

1281 2498 70 23 sailed
1364 2499 33 22 for
1407 2498 38 23 the
1457 2506 63 15 same
1531 2503 48 26 port
1593 2497 39 24 the
1645 2503 55 18 next
1711 2497 42 31 day
1762 2506 6 19 ;
1782 2506 29 15 on
1825 2498 37 23 the

1283 2532 56 27 11th
1352 2531 38 23 the
1402 2531 74 29 Ariel,
1489 2530 43 25 and
1544 2539 28 15 on
1584 2531 38 23 the
1637 2530 57 27 12th
1706 2531 37 25 the
1755 2522 109 35 JOebomh

1281 2565 48 23 also
1339 2565 73 26 sailed
1423 2565 36 23 for
1471 2564 38 25 the
1518 2572 61 17 same
1591 2569 60 26 port.

1315 2331 38 23 On
1373 2331 37 23 the
1431 2331 42 23 4th
1491 2332 99 30 August,
1608 2331 23 25 in
1652 2339 14 14 a
1685 2331 134 23 Committee
1841 2332 22 22 of

1281 2365 83 31 supply
1376 2365 156 28 £1,281,000
1544 2372 56 15 were
1612 2364 96 30 granted
1720 2372 24 15 as
1757 2372 106 24 compen-

1281 2399 74 25 sation
1368 2398 32 24 for
1412 2398 78 30 opium
1502 2398 147 22 surrendered
1661 2403 24 17 at
1697 2397 97 25 Canton.

1512 2626 121 23 FLAX.

208 2031 138 17 OUTWARDS)
370 2028 141 16 COASTWIS'a

99 2059 28 19 In
137 2064 46 14 the
410 2061 47 15 ro*
465 2061 48 14 the
528 2055 120 21 Chatham

71 2086 106 21 Islands.
179 2096 26 4 —
209 2086 93 25 Captain,
314 2086 77 24 Agent.
393 2095 26 4 —
419 2085 14 19 2
442 2086 43 18 sets
502 2089 56 17 oars,
568 2083 13 19 2
597 2083 51 19 coils

70 2113 65 20 whale
144 2114 50 19 line.
223 2112 112 26 Passenger
337 2123 26 4 —
363 2112 43 20 Mr.
416 2111 91 20 Thomas
520 2110 66 20 Mills.

204 2170 96 26 Spirits
312 2170 55 21 and
379 2170 132 20 ToTiacco.

99 2204 64 20 Stock
174 2210 24 13 on
214 2203 55 19 hand
278 2203 36 19 the
330 2203 34 19 Ist
377 2202 78 20 ultimo.
457 2212 28 4 —
487 2201 90 26 Brandy,
595 2201 52 21 2390

69 2232 81 25 gallons
157 2239 6 16 ;
179 2231 62 22 Rum,
252 2230 54 20 2966
316 2229 80 26 gallons
405 2236 5 17 ;
420 2228 57 24 'Gin,
489 2229 53 19 1424
554 2229 79 25 gallons
641 2236 6 17 ;

69 2259 89 24 Arrack,
169 2259 25 19 57
205 2258 79 25 gallons
293 2265 6 16 ;
320 2257 158 25 Whiskey,U2l
489 2256 81 25 gallons
580 2263 6 17 ;
602 2262 46 14 case

71 2286 92 25 Brandy,
174 2286 25 20 21
210 2285 78 26 gallons
296 2292 6 17 ;
318 2290 46 14 case
375 2284 47 24 Gin,
433 2284 40 20 330
483 2285 81 24 gallons
570 2291 7 16 ;
596 2283 51 21 Cor-

69 2314 59 24 dials,
139 2314 26 19 31
175 2313 92 25 gallons;
292 2313 29 24 flg
328 2311 103 25 Tobacco,
448 2311 53 24 2200
501 2311 41 24 ft;
565 2311 82 26 Cigars,

70 2342 53 19 2044
128 2342 35 23 ft;
177 2340 75 24 Snuffs,
258 2340 41 21 322
304 2340 29 22 ft.

97 2368 99 21 Received
204 2368 75 25 during
288 2368 35 19 the
331 2367 105 20 month.—
438 2366 92 25 Brandy,
542 2366 53 20 2061
603 2366 44 26 gal-

62 2396 68 24 ions;
160 2395 61 24 Rum,
238 2396 40 19 435
299 2394 108 26 gallons;,.
423 2393 48 24 Gin,
493 2394 41 19 303
554 2393 92 26 gallons;

67 2423 90 25 Arrack,
175 2423 39 20 123
223 2423 80 25 gallons
312 2419 25 27 ;'"
342 2427 47 14 case
403 2421 90 26 Brandy,
508 2422 27 19 40
551 2421 94 25 gallons;

68 2457 48 14 case
125 2450 50 25 Gin,
185 2450 41 21 296
235 2450 80 26 gallons
323 2456 5 17 ;
341 2459 3 3 •
352 2448 101 24 Cordials,
465 2449 25 20 10
501 2448 86 26 -gallons
595 2455 5 18 ;
619 2449 29 25 fig

67 2479 105 23 Tobacco,
183 2478 79 22 63941b
271 2485 6 17 ;
301 2477 41 20 roll
351 2476 103 25 Tobacco,
466 2476 40 21 474
512 2477 22 22 ft
543 2483 6 17 ;
574 2482 72 14 caven-

69 2506 54 24 dish,
136 2506 49 22 1586
185 2506 37 22 ft.

40 2539 3 6 1
66 2547 2 3 •
97 2532 110 22 Delivered
207 2532 43 25 for
258 2533 58 20 home
325 2532 147 25 consumption.
473 2542 28 4 —
501 2530 94 27 Brandy,
607 2531 40 21 687

39 2560 2 14 1
68 2561 93 26 gallons;
185 2560 27 20 B.
215 2560 23 20 P.
249 2560 62 24 Rum,
327 2560 40 20 147
377 2559 79 26 gallons
464 2566 7 17 ;
494 2558 45 21 Gin
548 2560 41 19 238
602 2560 44 25 gal-

67 2589 63 24 lons;
154 2594 47 15 case
215 2587 91 27 Brandy,
323 2587 26 20 12
363 2587 95 27 gallons;,
479 2592 48 14 case
542 2586 49 23 Gin,
607 2587 40 21 176

68 2617 95 26 gallons;
194 2615 101 25 Cordials,
317 2615 25 19 11
362 2614 96 26 .gallons;
488 2614 30 26 fig
544 2614 102 24 Tobacco,

69 2644 56 23 3125
125 2644 43 23 ft;
198 2642 78 26 Cigars,
297 2643 69 23 96ft;
394 2641 49 28 roll,
455 2641 105 26 Tobacco,
580 2642 66 24 77fb',

69 2671 119 23 cavendish,
200 2671 38 20 125
244 2671 30 22 ft.

97 2698 110 21 Delivered
215 2697 42 26 j~or
273 2697 163 26 exportation.-^-
436 2695 95 28 'Brandy,
546 2697 42 19 363
603 2697 44 25 gal-

68 2727 48 19 lons
123 2734 6 17 ;
138 2742 3 3 .
159 2725 51 21 B.P.
221 2725 62 24 Rum,
304 2725 40 20 123
357 2724 81 26 gollons
446 2731 6 16 ;
477 2730 47 15 case
541 2724 49 23 Gin,
608 2725 39 19 132

70 2749 96 31 gallons'*,
175 2753 103 24 Cordials,
288 2753 13 19 8
312 2752 93 26 gallons;
419 2751 28 27 fig
454 2751 105 26 Tobacco,
569 2752 39 23 287
608 2752 39 23 ft;

69 2781 119 26 cavendish,
200 2781 40 23 711
240 2781 40 23 ft;
296 2780 80 25 Cigars,
388 2780 38 20 125
430 2780 30 22 ft.

99 2809 64 20 Stock
173 2814 25 14 on
210 2808 60 20 hand-
274 2808 35 20 the
326 2808 37 20 6th
372 2807 115 21 instant.—
488 2807 92 26 Brandy,
595 2807 52 20 3401

69 2836 96 26 gallons;
194 2835 51 20 B.P.
255 2834 63 25 Rum,
335 2834 54 21 3131
407 2834 92 27 gallons;
530 2834 49 25 Gin,
596 2834 52 20 1489

69 2864 82 25 gallons
160 2871 5 16 ;
189 2862 86 25 Arrack,
293 2883 3 4 .
302 2862 39 21 180
361 2862 79 26 gallons
449 2869 6 17 ;
463 2878 3 3 .
479 2862 110 26 Whiskey,
609 2862 38 19 121

68 2892 83 24 gallons
160 2899 6 16 ;
181 2897 46 14 case
238 2890 90 26 Brandy,
339 2890 27 21 49
376 2890 79 26 gallons
464 2897 5 16 ;
492 2895 48 14 case
550 2889 48 24 Gin,
608 2889 40 20 318

69 2919 82 25 gallons
160 2926 6 16 ;
196 2918 101 24 Cordials,
321 2918 27 20 22
372 2918 79 25 gallons
460 2924 5 17 ;
494 2918 29 26 fig
546 2917 102 24 Tobacco,

70 2947 54 22 5182
124 2947 28 22 ft
163 2954 5 16 ;
184 2946 37 20 roll
233 2944 102 25 Tobacco,
346 2945 40 23 397
386 2945 28 23 ft
422 2952 6 16 ;
445 2945 113 20 cavendish
568 2944 39 23 750
607 2944 27 23 ft
642 2951 6 17 ;

69 2973 81 27 Cigars,
162 2974 52 20 1823
218 2974 37 23 ft;
269 2973 79 24 Snuffs,
360 2973 40 20 322
405 2974 29 21 ft.

96 3006 137 27 Wellington,
245 3005 36 21 6th
290 3006 102 26 January,
404 3005 60 21 1844.

193 3068 163 21 WANGANUI
380 3067 146 23 SHIPPING.

70 3140 8 4 -
132 3137 20 9 \-
162 3141 3 10 ,
204 3142 3 9 ,
302 3127 117 21 Arrived.
436 3142 4 5 .
602 3138 3 5 *

40 3159 3 18 I
99 3160 115 21 December
231 3160 35 23 17,
283 3162 68 18 cutter
358 3172 3 2 ■
367 3160 115 20 Katkerine
499 3159 109 25 Johnston,
624 3159 23 20 11

68 3189 58 24 tons,
137 3188 84 26 Tayldr,
231 3188 55 19 from
295 3187 90 20 Nelson.
414 3186 107 21 Sundries.

40 3213 5 24 j
69 3229 5 4 .
87 3214 34 19 '_:t
139 3216 3 11 i
180 3212 24 17 '--•
242 3217 12 13 £'
354 3224 35 4 —
528 3220 2 5 ■
561 3217 2 5 '
612 3233 3 3 .

41 3238 3 35 j
81 3255 8 6 
107 3251 35 10 „•.
156 3245 26 18 ,-.'
217 3247 3 5 ■
271 3249 11 8 -v
313 3240 106 20 Sailed.:
439 3251 4 3 •

101 3275 116 20 December
227 3275 34 22 15;
271 3273 104 21 schooner
384 3270 76 24 Aelion
466 3275 87 24 Packet,
560 3273 89 27 Wright,

41 3315 4 3 ■
67 3301 36 22 'for
109 3302 40 21 the
154 3301 68 22 'coast.
240 3297 74 13 ''"'
345 3316 3 11 ,
360 3302 8 18 '■
372 3296 3 8 '
388 3301 2 7 '
400 3301 4 7 '

41 3337 2 6 '
67 3331 6 10 :
231 3330 36 24 23,
285 3327 68 32 cuttjer
370 3329 114 20 Katherine
500 3329 107 25 Johnston,
624 3330 24 19 11

69 3353 218 30 iotiff^Taylbr/'for
309 3356 53 21 Port
381 3356 123 24 Nicholson,
544 3353 47 29 Pig's
600 3376 2 4 ,
610 3356 40 23 and

110 3446 95 22 Latest
216 3447 88 21 Dates
319 3446 31 21 of
366 3447 101 26 Papers
481 3447 133 21 received.

43 3763 607 26 FREIGHTS.

709 2290 51 23 The
780 2294 110 19 contracts
909 2288 99 25 hitherto
1026 2290 67 29 given
1114 2292 41 19 out
1163 2288 43 31 -by
1218 2287 41 24 the'

676 2323 173 24 Commissariat
866 2323 57 23 have
944 2326 40 20 not
1003 2322 56 23 been
1079 2321 130 23 advertized
1231 2323 22 21 in

676 2356 37 24 the
725 2356 87 24 several
823 2356 107 28 districts,
942 2356 42 23 but
1000 2360 26 20 zX
1045 2354 124 25 Auckland
1180 2355 71 23 alone.

676 2390 49 23 Nor
749 2390 57 23 have
829 2389 53 31 they
904 2389 59 24 been
984 2389 36 23 for
1043 2393 103 28 separate
1169 2388 83 31 placets.

675 2422 66 31 They
753 2423 57 23 have
821 2423 57 23 been
898 2422 35 24 for
955 2422 38 24 the
1012 2422 71 23 whole
1102 2422 104 30 quantity
1217 2429 35 16 re-

675 2456 80 32 quired
777 2457 30 30 by
826 2456 38 24 the
885 2456 172 24 Commissariat
1078 2455 35 24 for
1130 2455 40 25 jthe
1193 2462 59 24 year.

675 2490 59 24 This
744 2490 65 23 mode
821 2494 60 19 must
891 2490 29 23 be
932 2489 105 24 attended
1045 2488 52 24 with
1107 2488 56 32 high
1173 2489 79 31 prices.

675 2523 51 24 The
738 2528 65 26 party
815 2523 50 23 who
876 2522 65 24 holds
953 2522 38 24 the
1003 2527 112 19 contracts
1129 2527 24 19 at
1163 2527 90 26 present

674 2557 49 29 has,
736 2564 33 16 we
779 2564 37 16 are
837 2556 118 28 informed,
968 2556 65 24 made
1052 2564 13 15 a
1085 2554 58 25 little
1164 2556 88 23 fortune

675 2594 40 20 out
725 2591 26 23 of
765 2589 70 24 them.
869 2589 51 24 The
939 2589 70 31 profit
1026 2597 32 15 we
1078 2589 58 23 have
1152 2588 69 24 heard
1233 2588 23 24 of

675 2624 36 23 his
722 2623 95 31 making
833 2623 29 31 by
882 2622 125 32 subletting
1026 2627 22 20 to
1060 2622 85 32 parlies
1156 2622 54 23 here
1221 2622 33 23 for

675 2657 38 24 the
726 2657 81 31 supply
820 2657 25 23 of
859 2656 38 24 the
917 2656 44 24 few
972 2660 77 27 troops
1060 2657 24 23 in
1095 2656 46 23 this
1153 2660 66 24 town,
1233 2655 24 23 of

675 2690 69 29 itself,
766 2690 74 23 would
860 2690 27 23 be
906 2697 14 16 a
939 2690 113 23 sufficient
1072 2694 78 19 return
1169 2689 36 23 for
1219 2688 35 24 the

676 2732 100 23 expense
788 2723 44 23 and
850 2722 49 24 risk
919 2722 25 24 of
959 2723 123 31 managing
1098 2723 38 23 the
1149 2722 71 24 whole
1232 2723 24 23 of

676 2757 39 24 the
738 2761 119 20 contracts.
903 2756 39 23 No
960 2754 76 26 blame
1058 2756 101 24 attaches
1177 2761 23 18 to
1219 2755 36 24 the

676 2791 58 23 local
754 2794 147 27 government
920 2790 24 23 in
962 2790 47 23 this
1027 2794 88 20 matter.
1151 2789 65 24 With
1238 2790 18 22 it

677 2824 52 31 they
741 2824 57 23 have
810 2823 96 31 nothing
916 2828 24 18 to
960 2823 37 24 do.
1032 2823 51 24 Nor
1094 2822 28 24 do
1134 2831 34 15 we
1179 2822 76 25 intend

677 2862 23 19 to
711 2858 75 23 blame
797 2856 38 24 the
857 2857 171 23 Commissariat
1038 2865 6 20 ;
1063 2857 34 25 for
1115 2857 141 30 uncertainty

677 2890 137 31 necessarily
837 2889 104 24 attended
970 2890 38 24 the
1036 2890 136 31 operations.
1219 2890 35 23 No

675 2925 80 23 notion
767 2932 51 23 may
830 2923 57 24 have
905 2923 88 25 existed
1000 2948 3 4 ,
1012 2928 23 19 at
1046 2923 37 24 the
1096 2924 54 23 time
1162 2923 24 24 of
1203 2931 53 24 sup-

677 2958 58 31 plies
746 2958 69 30 being
825 2956 111 33 required,
941 2956 121 25 elsewhere
1074 2957 55 24 than
1139 2958 25 23 in
1175 2956 79 25 Auck-

677 2992 62 23 land.
784 2991 51 24 The
857 2995 112 19 contracts
991 2991 76 31 expire
1090 2998 30 16 on
1143 2991 37 23 the
1201 2990 56 24 30th

678 3024 84 25 March
776 3029 63 24 next,
853 3023 43 25 and
915 3031 33 16 we
963 3024 78 24 (Would
1061 3028 95 27 suggest
1175 3024 49 23 that
1234 3024 22 23 in

678 3059 141 30 advertising
836 3057 35 25 for
890 3057 93 24 tenders
1004 3057 34 24 for
1050 3057 38 24 the
1098 3062 57 19 next
1167 3065 61 24 year,
1240 3058 17 23 it

678 3092 74 23 would
763 3092 28 23 be
803 3090 105 25 attended
919 3090 55 25 with
986 3098 107 24 economy
1101 3095 23 20 to
1132 3090 38 25 the
1181 3090 75 24 Home

677 3129 158 27 government,
849 3124 41 24 and
902 3124 126 31 advantage
1038 3129 22 19 to
1069 3125 37 23 the
1118 3124 140 24 settlements

677 3160 25 22 in
723 3158 86 26 Cookje
821 3158 91 28 Straits,
925 3158 21 23 if
960 3158 39 24 the
1018 3158 94 32 settle*^
1128 3157 53 24 here
1201 3165 56 16 were

677 3196 45 28 put
729 3193 25 22 in
766 3200 14 15 a
789 3191 98 33 position
899 3195 24 20 to
942 3196 103 27 compete
1062 3191 35 24 for
1108 3191 40 24 the
1160 3191 98 31 supplies

678 3226 87 24 needed
775 3225 134 24 hereabouts
920 3224 31 31 by
963 3225 39 24 the
1015 3224 171 25 Commissariat
1195 3233 7 20 ;
1215 3225 43 23 and

678 3268 26 15 as
722 3260 25 23 in
767 3259 29 24 all
817 3257 136 33 probability
966 3258 38 25 the
1022 3262 148 27 government
1188 3258 71 24 forces

678 3292 45 24 will
735 3292 29 24 be
780 3292 88 32 greatly
887 3292 118 23 increased
1022 3292 24 23 in
1064 3300 14 15 a
1097 3292 43 23 few
1161 3290 98 31 months,

679 3325 46 25 this
737 3327 19 22 is
769 3325 87 30 worthy
866 3325 24 24 of
905 3325 119 24 attention.

1316 2678 92 24 Several
1421 2678 67 24 white
1505 2685 49 17 men
1574 2678 57 23 have
1652 2678 117 31 employed
1790 2678 75 24 them-

1281 2712 74 23 selves
1367 2712 23 23 in
1400 2711 87 24 Evans'
1501 2711 55 31 Bay,
1569 2712 78 30 trying
1656 2711 61 24 what
1728 2711 51 32 they
1798 2712 68 23 could

1281 2753 56 15 earn
1348 2745 90 30 weekly
1452 2749 24 19 at
1490 2745 59 24 Flax
1568 2745 114 30 dressing.
1727 2744 48 24 The
1794 2746 73 24 result

1282 2778 43 24 has
1349 2778 91 32 already
1451 2777 5 5 '
1463 2779 84 33 proved
1570 2778 49 24 that
1641 2778 55 31 they
1719 2786 41 17 can
1789 2779 77 25 obtain

1282 2812 77 25 fifteen
1372 2812 108 31 shillings
1491 2820 41 24 per
1546 2812 73 29 week,
1640 2817 24 18 at
1682 2812 78 24 fifteen
1777 2812 89 32 pounds

1282 2854 40 22 per
1342 2850 39 19 ton
1391 2854 6 20 ;
1418 2847 46 22 and
1485 2846 54 30 they
1557 2849 81 27 expect
1657 2845 174 29 henceforward,
1844 2850 23 19 at

1283 2879 38 23 the
1332 2887 62 15 same
1405 2880 64 31 price
1480 2880 35 23 for
1526 2880 36 22 the
1581 2879 70 29 Flax,
1672 2883 24 19 to
1715 2887 52 15 earn
1786 2883 25 19 at
1830 2879 37 24 the

1282 2917 49 18 rate
1351 2913 26 24 of
1398 2917 85 27 twenty
1502 2913 104 31 shillings
1631 2920 42 23 per
1699 2912 72 26 week.
1817 2913 50 23 The

1284 2946 59 23 Flax
1355 2946 53 31 they
1420 2946 58 28 hav,e
1490 2946 99 28 dressed,
1608 2946 51 29 has,
1679 2953 36 16 we
1734 2946 57 25 have
1809 2946 58 24 been

1283 2977 96 26 assured
1389 2979 56 27 been
1455 2979 103 26 declared
1572 2985 22 18 to
1605 2979 30 24 he
1647 2979 57 31 fully
1717 2979 64 31 equal
1793 2984 24 22 to
1830 2979 37 25 the

1283 3013 52 23 best
1345 3013 99 31 samples
1456 3013 97 29 dressed,
1564 3017 26 19 io
1602 3021 14 15 a
1626 3012 89 24 similar
1733 3018 85 24 extent,
1837 3014 30 31 by

1285 3047 37 22 the
1336 3047 94 24 natives.

1318 3079 44 24 We
1374 3080 86 24 believe
1471 3080 18 23 it
1498 3080 22 24 is
1530 3084 39 20 not
1577 3080 117 31 generally
1705 3080 91 29 known,
1819 3080 49 24 that

1285 3113 65 24 those
1371 3121 53 16 men
1446 3113 50 24 who
1517 3121 36 17 are
1577 3113 106 31 dressing
1701 3113 59 24 Flax
1777 3113 56 26 with
1856 3122 12 15 a

1285 3146 66 29 shell,
1364 3148 23 22 in
1398 3147 39 25 the
1449 3146 127 24 immediate
1588 3146 186 31 neighbourhood
1786 3147 27 23 of
1830 3146 38 24 the

1285 3180 81 29 Town,
1380 3188 44 21 are,
1437 3180 31 31 by
1475 3180 62 24 there
1546 3188 49 16 own
1603 3184 105 25 account,
1716 3187 49 16 now
1773 3179 95 24 enabled

1287 3219 22 19 to
1332 3214 63 24 work
1414 3214 71 24 80lbs
1510 3213 52 25 each
1584 3221 41 24 per
1649 3214 72 23 week.
1767 3213 59 24 This
1849 3214 19 23 is

1287 3247 77 31 surely
1383 3247 88 31 worthy
1477 3247 104 33 ...Q^jthe,,
1586 3247 113 24 attention
1717 3247 31 28 of,
1767 3247 32 24 all
1819 3247 49 24 who

1287 3289 52 22 may
1351 3285 41 19 not
1402 3281 57 23 have
1471 3280 43 24 full
1518 3297 3 9 ;
1524 3300 3 4 .
1525 3280 62 25 work
1599 3285 24 19 at
1634 3280 66 24 other
1708 3281 110 27 pursuits.

1366 3344 191 25 WANGANUI
1576 3341 207 28 STATISTICS.

925 3387 90 24 OIL.

1916 1772 27 21 In
1953 1772 160 26 conclusion,!
2131 1772 43 26 beg
2183 1774 23 18 to
2215 1772 44 20 add
2270 1772 50 20 that
2330 1772 11 20 I
2359 1778 36 14 am
2404 1772 68 25 ready

1892 1801 20 19 to
1927 1798 70 22 afford
2014 1802 92 18 masters
2117 1798 26 22 of
2149 1798 82 22 vessels
2246 1798 39 21 the
2300 1805 60 14 same
2371 1798 101 21 facilities

1892 1832 21 14 as
1923 1825 52 26 they
1981 1825 58 21 have
2049 1825 135 22 herertofore
2195 1825 102 27 enjoyed,
2306 1825 118 21 whenever
2433 1824 38 22 the

1892 1852 41 21 size
1944 1852 27 21 of
1983 1852 38 22 the
2032 1852 78 26 vessel,
2126 1852 36 21 the
2179 1856 54 17 state
2245 1852 26 20 of
2285 1852 37 21 the
2334 1851 103 26 weather,
2449 1858 23 14 or

1892 1886 42 19 any
1941 1878 63 22 other
2011 1879 166 26 circumstance,
2186 1885 50 20 may
2242 1878 80 22 render
2333 1878 54 21 such
2398 1878 74 21 assist-

1892 1912 53 14 ance
1955 1912 126 20 necessary.

1941 1952 7 9 s
2059 1942 9 6 -
2080 1932 11 22 I
2102 1932 138 26 remaip'-Sir,

2070 1960 3 8 '
2098 1959 60 21 Your
2167 1961 58 20 ipost
2235 1958 104 21 obedient
2350 1961 96 23 servant,

2255 1984 22 21 J.
2288 1984 25 21 T.
2327 1984 143 21 Wickstebd.

1892 2011 53 21 New
1960 2010 99 22 Zealand
2076 2010 136 27 Company's
2226 2009 108 22 Resident
2352 2010 76 26 Agent
2437 2010 35 21 for

2085 2037 56 22 New
2153 2036 126 27 Plymouth.

1916 2064 55 22 New
1981 2064 127 28 Plymouth,
2119 2063 125 23 December
2254 2064 34 26 22,
2300 2064 64 20 1843.

1892 2114 28 19 To
1928 2114 36 19 the
1975 2113 81 20 Editor
2063 2113 29 25 nf
2101 2113 35 19 the
2166 2113 52 21 New
2228 2113 95 20 Zealand
2334 2113 87 18 Gazette
2434 2113 43 19 and

2045 2141 125 24 Wellington
2181 2140 120 25 Spectator.
2304 2140 15 10 11

1917 2168 51 21 Mr.
1983 2168 98 26 Editor,
2082 2179 28 3 —
2112 2168 49 21 One
2179 2166 42 27 day
2231 2174 14 13 a
2254 2166 43 21 few
2311 2165 73 22 weeks
2400 2172 49 20 ago,
2463 2166 10 21 I

1891 2194 79 28 picked
1988 2202 30 20 up
2033 2201 28 14 an
2079 2194 39 21 .old
2140 2195 125 25 Wellington
2286 2194 111 25 Spectator
2415 2193 58 21 from

1891 2221 70 22 under
1971 2228 14 14 a
1993 2221 58 22 bush
2061 2222 23 25 (a
2094 2221 87 22 curious
2191 2228 48 20 way
2249 2220 26 21 of
2286 2220 120 27 gathering
2416 2226 60 17 news

1891 2248 25 21 of
1923 2248 96 26 course,)
2032 2248 44 21 and
2085 2248 107 26 scanning
2200 2255 52 14 over
2260 2247 30 21 its
2301 2250 101 18 contents
2413 2246 10 22 I
2431 2246 44 33 dip-

1891 2274 95 23 covered
1997 2282 12 14 a
2023 2274 124 28 paragraph
2162 2274 88 22 headed
2264 2275 65 25 Flax,
2339 2273 73 22 which
2427 2273 49 22 said

1891 2301 48 22 that
1948 2309 13 14 a
1971 2301 68 27 depot
2047 2302 35 21 for
2096 2302 113 26 receiving
2217 2301 53 27 flax,
2280 2309 46 14 was
2336 2300 68 22 about
2413 2303 24 18 to
2446 2300 28 22 be

1891 2328 134 24 established
2034 2332 24 18 at
2070 2328 85 28 Kapiti,
2166 2328 46 21 and
2221 2328 73 22 which
2304 2328 47 21 also
2364 2326 111 28 promised

1913 2356 49 26 ship
1972 2355 64 22 loads
2066 2356 25 21 of
2099 2356 22 26 it,
2130 2363 23 14 as
2161 2356 50 21 well
2220 2363 24 14 as
2254 2356 30 21 oil
2294 2358 24 18 to
2324 2354 28 22 be
2359 2357 50 19 sent
2414 2361 64 20 away

1891 2386 55 20 next
1955 2389 59 20 year.
2045 2382 53 23 This
2108 2383 18 21 is
2136 2382 29 22 all
2176 2389 52 25 very
2239 2382 49 22 well
2299 2382 13 21 I
2322 2380 96 28 thought
2426 2388 51 20 pro-

1891 2410 77 26 viding
1983 2410 37 21 the
2035 2410 94 26 promise
2148 2409 118 22 contained
2283 2409 24 22 in
2322 2408 61 22 itself
2397 2415 13 14 a
2425 2415 50 15 sure

1892 2436 117 28 prophecy.
2049 2436 21 22 A
2086 2436 96 21 number
2198 2436 25 21 of
2239 2435 106 27 thoughts
2364 2435 73 27 began
2454 2438 23 19 to

1891 2462 83 28 jumble
1984 2462 96 28 through
2089 2470 36 20 my
2137 2462 62 22 mind
2210 2470 22 14 as
2247 2462 11 21 I
2271 2466 58 21 went
2339 2462 68 27 along
2416 2469 61 14 mus-

1891 2490 40 26 ing
1939 2497 30 14 on
1983 2490 38 21 the
2031 2489 115 22 untoward
2273 2497 34 14 we
2322 2489 56 22 have
2393 2493 23 17 to
2426 2488 52 23 deal

1892 2517 51 21 with
1943 2528 28 4 —
1973 2516 151 28 employment
2161 2523 74 15 scaree
2236 2527 28 4 —
2264 2516 72 27 badly
2363 2516 52 27 paid
2416 2527 28 4 —
2445 2523 30 14 no

1892 2544 70 22 credit
1962 2555 27 4 —
1991 2551 130 19 commerce,
2136 2542 45 23 like
2197 2551 13 14 a
2226 2543 101 27 starving
2341 2542 82 22 wretch
2438 2549 41 16 ex-

1893 2570 108 28 claiming
2009 2570 99 27 hunger!
2119 2570 99 27 hunger!
2226 2570 6 22 !
2244 2570 34 21 for
2288 2573 58 19 want
2356 2570 25 21 of
2388 2577 89 20 money.

1893 2598 59 27 Why
1960 2601 40 18 not
2009 2601 36 23 try
2054 2597 126 27 something
2190 2602 22 17 to
2221 2597 38 22 aid
2275 2597 38 22 the
2324 2596 120 22 fulfilment
2454 2596 27 21 of

1892 2624 54 23 such
1957 2633 14 14 a
1979 2626 59 26 good
2053 2624 95 28 promise
2149 2635 27 5 —
2176 2624 77 28 plenty
2264 2624 25 21 of
2302 2623 60 28 good
2371 2624 45 21 flax
2432 2624 46 22 still

1892 2652 100 27 growing
1999 2651 147 22 undisturbed
2162 2652 24 21 in
2202 2651 37 22 the
2254 2658 94 20 swamps
2359 2651 45 21 and
2422 2651 55 22 else-

1894 2678 79 23 where.
2009 2678 72 23 There
2101 2685 37 15 are
2153 2678 63 23 clubs
2230 2679 42 21 for.
2278 2678 39 21 the
2333 2678 107 27 breeding
2456 2678 27 21 of

1892 2706 58 26 good
1973 2706 104 22 horses—
2079 2705 62 22 clubs
2163 2706 35 21 for
2221 2706 106 27 sporting,
2353 2704 60 28 play,
2433 2705 46 22 and

1892 2733 121 27 gambling.
2049 2732 59 28 Why
2117 2735 40 19 not
2173 2732 57 22 have
2242 2740 13 14 a
2270 2732 47 22 flax
2333 2731 50 23 club
2393 2732 34 22 for
2442 2732 37 22 the

1891 2758 190 35 jencouragement
2092 2759 25 23 of
2127 2760 126 26 something
2267 2760 76 21 better
2357 2759 53 22 than
2421 2759 61 22 what

1891 2787 33 22 •all
1942 2786 38 22 the
1992 2787 64 21 other
2065 2786 62 23 clubs
2131 2784 54 24 'can"
2190 2784 119 30 produce?*
2329 2786 64 22 Then
2404 2786 30 22 all
2442 2794 38 19 ray

1894 2814 155 27 experiments
2063 2821 50 17 pass
2127 2814 24 21 in
2161 2813 81 22 review
2252 2812 97 28 through
2364 2820 38 20 my
2411 2814 74 24 mind,'

1894 2848 61 14 some
1971 2841 26 21 of
2010 2841 74 21 which
2099 2840 11 22 I
2124 2840 45 22 had
2186 2840 78 27 nearly
2274 2840 81 26 forgot,
2372 2843 23 18 at
2409 2840 43 21 last
2468 2840 12 22 I
2491 2856 3 5 .

1894 2868 70 22 found
1984 2875 42 15 one
2044 2871 27 19 to.
2077 2867 71 23 which
2159 2867 11 22 I
2186 2874 69 15 never
2268 2874 58 20 gave
2343 2874 14 14 a
2366 2867 41 21 fair
2423 2866 58 27 trial,

1894 2895 99 28 perhaps,
2004 2895 95 21 because
2117 2895 22 21 it.
2145 2901 43 15 was
2197 2901 24 15 so
2235 2894 80 27 simple
2325 2902 6 19 ;
2350 2901 24 14 so
2386 2894 10 21 I
2408 2894 74 22 deter-

1894 2921 73 23 mined
1979 2925 23 19 to
2008 2928 69 20 prove
2083 2921 18 22 it
2110 2921 29 22 ori
2145 2921 42 21 the'
2192 2921 48 21 first
2246 2921 151 28 opportunity.
2426 2920 59 26 This'
2490 2935 4 4 ■

1895 2949 13 21 I
1926 2948 58 22 have
2001 2951 65 23 done,
2087 2948 49 25 and'
2145 2948 90 27 making
2253 2955 37 20 my
2307 2948 145 24 calculations
2460 2944 36 31 '*£,''

1894 2975 70 23 found
1972 2975 49 22 that
2031 2975 44 25 had
2086 2975 76 22 Ibeen
2171 2975 71 27 living
2252 2982 54 14 near
2316 2975 46 21 flax
2372 2982 51 14 now
2432 2982 24 14 as
2467 2975 12 21 I
2490 2978 4 4 *

1896 3009 54 15 once
1960 3010 45 14 was
2015 3002 15 22 I
2039 3002 68 22 could'
2116 3006 40 23 yet
2166 3002 65 22 make
2242 3003 15 21 a'
2265 3001 57 28 good
2336 3001 78 28 living,
2425 3002 34 22 for
2469 3001 13 23 I

1894 3036 37 15 see
1950 3029 49 23 that
2014 3029 38 23 the
2070 3031 134 21 instrument
2219 3029 114 22 whatever
2348 3029 18 21 it
2383 3036 52 21 may
2452 3029 29 21 be

1896 3056 79 27 called,
1993 3064 45 17 can
2056 3056 29 22 be
2100 3056 64 23 made
2181 3059 23 19 to
2220 3056 27 22 do
2262 3056 69 22 about
2347 3055 81 23 double
2444 3055 38 23 the

1894 3084 104 27 quantity
2007 3087 25 19 at
2040 3083 38 23 the
2089 3090 71 21 same;
2174 3083 45 22 and
2228 3083 53 22 with
2292 3083 49 21 that
2355 3090 51 14 ease
2421 3090 23 15 so
2457 3089 26 17 as

1895 3111 67 27 aboy
1973 3117 26 15 or
2134 3111 61 21 work
2204 3111 24 21 it.
2258 3110 11 22 I
2279 3109 55 23 send
2347 3116 45 21 you
2401 3116 14 15 a
2423 3109 58 23 little

1896 3137 25 22 of
1936 3137 59 23 what
2005 3138 42 21 has
2056 3137 56 25 been
2124 3137 57 23 done
2188 3144 28 14 on
2225 3137 50 22 first
2284 3137 56 27 trial,
2348 3137 44 21 and
2401 3136 81 23 should

1895 3165 19 21 it
1922 3171 87 15 answer
2019 3164 39 22 the
2066 3171 94 27 purpose
2168 3165 38 21 for.
2210 3163 73 23 which
2288 3164 18 21 it
2312 3171 45 14 was
2366 3163 115 28 intended,

1898 3191 11 23 I
1920 3191 75 23 would
2002 3191 50 22 hint
2062 3191 47 23 that
2117 3198 15 15 a
2142 3195 48 18 sort
2196 3191 25 22 of
2228 3191 87 27 factory
2325 3190 72 27 might
2406 3191 28 21 be
2444 3195 40 23 got

1896 3226 30 24 up
1936 3218 73 22 where
2019 3218 54 29 boys
2084 3218 45 22 and
2138 3218 53 27 girls
2198 3218 65 22 could
2270 3218 29 21 be
2309 3217 118 28 profitably
2435 3226 48 14 em-

1897 3245 88 28 ployed,
1997 3253 24 14 or
2032 3245 78 23 should
2120 3252 42 16 our
2175 3245 125 22 merchants
2311 3245 98 22 desirous
2418 3245 27 22 of
2453 3252 30 16 an

1898 3276 78 24 export
1985 3280 37 14 see
2032 3273 19 21 it
2068 3272 58 22 their
2139 3272 93 22 interest
2279 3273 57 24 ha.ye
2348 3271 38 23 the
2402 3272 82 23 instru-

1898 3303 62 19 ment
1969 3298 68 24 more'
2040 3299 138 28 extensively,
2186 3299 25 22 in
2221 3306 47 20 use,
2280 3299 13 22 I
2303 3298 74 23 would
2390 3299 28 22 be
2426 3299 58 28 hap-

1898 3334 29 20 py
1937 3330 23 18 to
1976 3329 59 20 treat
2050 3326 52 22 with
2119 3327 61 21 them
2198 3333 28 15 on
2230 3332 2 5 1
2241 3326 39 22 the
2297 3330 60 18 most
2369 3326 117 23 moderate
2496 3331 3 6 '

1896 3357 77 19 terms.
2029 3371 7 5 .
2049 3356 4 3 '
2098 3357 34 18 '■■\
2202 3375 3 4 ,
2318 3370 4 3 -
2417 3359 3 8 '

1897 3390 2 20 ;
2181 3381 11 21 I
2203 3388 43 20 am,
2254 3381 51 22 Mr.
2317 3381 84 27 Editor,

2223 3415 2 7 1
2257 3418 4 6 '
2279 3409 4 8 '
2306 3408 72 22 Yours
2388 3409 41 21 &c.

1890 3449 2 14 ;
1964 3449 3 3 •
2160 3437 3 4 '
2285 3435 56 22 Wm.
2342 3432 5 16 :
2353 3435 103 22 Golder.

1913 3462 49 23 P.S.
1974 3463 54 27 Any
2034 3462 186 23 communication
2227 3462 68 23 could
2299 3463 29 21 be
2333 3462 40 21 left
2380 3462 52 21 with
2440 3461 45 23 Mr.

1900 3489 120 27 Burcham,
2038 3490 114 27 Aglionby
2167 3490 73 27 Armsj
2252 3497 30 14 on
2297 3489 40 22 the
2352 3489 65 26 Hutt,
2434 3487 52 24 Who

1899 3516 44 23 will
1952 3516 29 23 be
1990 3516 63 23 kind.
2058 3520 95 24 enough,
2164 3516 102 29 perhaps,
2277 3520 25 22 to.
2310 3515 61 24 hand
2380 3515 19 22 it
2409 3520 23 18 to
2439 3523 45 15 me.
2492 3529 7 5 ■■

1927 3543 83 26 Sylvan
2021 3544 106 25 Grange,.
2132 3544 101 25 January
2244 3545 20 24 9,
2277 3544 61 21 1844.
2412 3548 3 3 '
2438 3544 2 6 '

2108 3605 169 22 ADDRESS.

1935 3646 30 17 TO
1990 3646 42 17 HIS
2054 3636 167 37 EXCE^^ENCI
2242 3646 103 17 ROBERT
2365 3646 121 23 FITZROY,

1969 3680 66 23 ESQ.,
2060 3663 135 45 jOA^TXfNj
2204 3676 28 20 IS
2263 3679 57 17 HER
2348 3673 157 30 MAJESTY-'*,;

1969 3714 80 22 NAVY,
2062 3713 137 18 GOVERNOR
2219 3712 56 18 AND
2296 3714 58 17 VICE
2367 3713 120 17 ADMIRAL

1941 3760 3 3 .
1970 3748 30 16 OF
2026 3748 70 16 THE-:
2101 3746 103 17 COLONY
2224 3747 32 16 OF
2280 3746 59 18 NEW
2364 3747 124 17 ZEALAND

1931 3793 3 4 .
1969 3781 56 17 AND
2037 3781 37 17 ITS
2089 3780 207 23 DEPENDENCIES,
2308 3774 54 29 &C.,
2374 3772 44 26 &C.
2422 3771 16 32 '"]
2446 3779 4 5 '
2472 3791 4 4 ■
2486 3772 6 12 l
2496 3772 16 28 ')r

1936 3806 54 31 We,
2007 3807 48 24 the'
2074 3801 152 37 unde'rs'igtfe'd
2226 3808 14 32 ,'
2257 3807 91 24 settlers
2359 3808 5 30 ;
2419 3799 89 39 .Tort?,

1903 3840 136 30 Nicholson,
2051 3841 44 30 beg
2106 3845 22 19 to
2141 3840 55 24 offer
2208 3849 40 15 our
2259 3846 62 20 most
2333 3842 87 24 sincere
2432 3849 55 15 con*

2077 3878 22 19 to
2119 3875 57 31 yoitr
2184 3883 4 13 t
2195 3874 143 32 Excellency
2351 3873 59 26 'and'
2425 3874 62 25 Mrs.
2503 3898 7 5 ,

1905 3899 95 40 i'itzroy
2012 3916 30 15 on
2051 3915 57 24 your
2119 3908 48 24 safe
2179 3904 82 28 arrival
2265 3911 4 11 !
2272 3900 25 32 iiii
2310 3900 57 32 New*
2369 3908 10 14 {!
2379 3904 114 33 ZealamlV

1905 3941 43 24 and
1960 3947 24 18 to
1996 3949 94 24 express
2102 3941 39 24 the
2152 3941 123 32 unfeigned
2291 3942 106 32 pleasure
2416 3941 74 24 which

1322 3403 143 30 Seaiohists,
1478 3405 40 23 28.
1679 3403 29 36 ofj
1712 3403 55 25 land
1776 3403 95 25 claimed

1289 3438 29 31 by
1330 3437 69 29 them,
1520 3434 76 33 acres'.',
1622 3447 4 20 ;
1638 3436 113 33 Quantity
1763 3430 43 35 ;o£
1818 3436 54 28 land

1289 3471 71 25 under
1370 3471 140 28 cultivation,
1522 3472 30 22 80
1560 3473 78 21 acres.'
1658 3487 3 6 .
1668 3470 76 24 Value
1752 3471 26 23 of
1785 3471 87 23 horned

1290 3504 75 30 cattle,
1386 3504 87 29 horses,
1497 3504 87 32 sheep,;
1597 3503 45 25 and
1663 3509 73 26 goats,
1747 3512 3 7 ■
1764 3504 106 30 £2,500.

1289 3538 76 25 Value
1376 3539 26 23 of
1407 3543 3 7 '
1414 3537 123 32 buildings,
1548 3538 108 29 £3,000.
1692 3537 102 25 Married
1801 3538 71 24 heads

1290 3572 26 24 of
1341 3571 105 35 families,
1456 3595 5 8 172.1
1470 3571 41 25 72.
1546 3591 4 5 ,
1560 3571 87 25 Adults
1658 3579 6 19 ;
1671 3592 3 4 .
1677 3583 34 5 —
1720 3571 78 29 males,
1804 3573 51 26 \:48
1865 3581 5 19 ;

1290 3605 101 29 females,
1398 3607 27 23 ,6.
1437 3603 146 28 ('Children:
1584 3617 27 5 —
1611 3604 87 30 rmales,
1711 3606 46 28 40;
1769 3604 103 31 females,

1291 3641 41 23 26.
1449 3638 68 25 white
1528 3638 139 32 population,
1682 3639 56 24 192.
1746 3635 4 14 ;
1759 3649 14 5 ■-
1797 3633 3 14 !
1836 3641 3 12 :

1282 3681 15 15 r-
1325 3672 51 25 The
1386 3677 61 20 most
1464 3671 100 32 striking
1576 3673 163 23 circumstance
1751 3672 122 24 connected

1290 3706 55 24 with
1369 3706 44 23 this
1436 3705 70 30 table,
1524 3706 26 29 is,
1573 3704 49 25 that
1639 3699 29 30 in'
1682 3711 34 24 an;
1727 3700 147 37 Agriculural

1291 3740 106 29 District,
1417 3739 46 24 and
1480 3748 14 15 a
1513 3740 138 30 community
1668 3739 140 31 professedly
1829 3739 44 24 far-

1292 3781 68 21 mers,
1373 3773 42 26 the.
1422 3773 102 24 nominal
1534 3780 130 25 possessors
1676 3772 27 24 of
1714 3773 36 23 six
1761 3772 114 25 thousand

1292 3815 72 22 acres,
1377 3806 89 29 should,
1485 3806 56 25 after
1560 3815 14 15 a
1593 3805 65 25 three
1668 3814 66 23 years
1751 3807 124 29 residence,
1873 3814 3 7 1

1292 3841 63 23 have'
1368 3840 41 24 but
1424 3842 7 5 *
1438 3840 80 31 eighty
1527 3839 75 25 '^cres
1624 3839 74 24 under
1727 3839 146 26 cultivation!

1293 3874 60 25 This
1365 3873 73 24 would
1450 3874 104 24 evidence
1565 3878 61 19 most
1638 3873 103 32 culpable
1750 3872 125 34 inactivity,

1294 3915 57 17 were
1363 3909 19 22 it
1397 3912 40 19 not
1449 3907 52 24 well
1511 3907 83 25 known
1605 3912 23 19 to
1650 3907 28 23 be
1697 3907 81 24 caused
1795 3907 31 31 by
1839 3908 37 24 the

1293 3941 114 25 unsettled
1419 3946 59 19 state
1489 3941 26 24 of
1530 3941 37 24 the
1579 3942 76 23 native
1667 3941 87 24 claims.
1801 3941 75 24 There

714 3440 77 24 Below
810 3447 33 16 we
863 3438 90 25 furnish
965 3447 14 15 a
990 3446 55 23 very
1057 3439 136 30 interesting
1203 3437 58 26 table

679 3473 131 32 respecting
832 3471 39 25 the
899 3471 32 24 oil
944 3495 4 2 .
958 3471 76 26 taken'
1056 3472 83 31 during
1158 3473 40 24 the
1219 3472 44 24 last

680 3515 82 16 season
772 3515 7 21 ;
791 3506 104 31 together
906 3504 56 25 with
973 3505 39 24 the
1023 3505 76 32 places
1111 3513 60 16 were
1183 3506 83 30 taken,'

680 3541 40 24 the
732 3548 77 15 names
821 3539 27 23 of
856 3539 36 24 the
903 3539 139 31 proprietors
1061 3539 26 24 of
1099 3539 40 24 the
1160 3539 106 33 stations,'

681 3574 45 24 and
737 3574 38 23 the
786 3572 96 24 number
894 3572 26 24 of
934 3572 66 24 boats
1012 3572 44 24 and
1074 3580 53 16 men
1145 3572 118 32 employed

682 3612 24 19 at
716 3607 56 24 each
782 3607 82 23 station
877 3605 83 32 during
972 3605 38 25 the
1023 3614 88 16 season.
1175 3624 7 9 n
1220 3623 10 7 ,

715 3636 31 29 It'
759 3640 46 24 will
822 3640 40 24 be.
869 3647 55 16 seen
944 3638 47 25 the'
1003 3639 79 24 twelve
1096 3637 104 29 hundred
1221 3638 42 33 a^d

682 3675 79 29 ninety
782 3678 53 19 tuns
856 3673 24 23 of
904 3672 38 28 oil;
951 3680 66 19 were,
1024 3673 70 25 taken
1103 3673 34 31 by.
1147 3675 30 23 85
1191 3673 72 31 boats,

682 3708 45 24 and
748 3708 51 25 734:
818 3713 61 17 men.
900 3719 10 8 >•
922 3705 59 25 This
990 3720 3 5 ■
1000 3706 63 31 gives
1085 3708 29 23 15
1136 3712 54 18 tuns
1211 3712 23 19 to
1250 3717 15 14 a

682 3742 61 28 boat,
760 3740 45 24 and
824 3740 77 23 rather
920 3747 63 16 more
992 3739 57 24 than
1061 3748 42 15 one
1115 3745 41 19 tun
1168 3741 44 23 and
1223 3749 41 16 one

683 3775 50 23 half
753 3779 22 19 to
798 3782 14 15 a
831 3781 61 21 man,
911 3773 82 29 whicfy
1013 3778 23 20 at
1056 3774 54 24 £15
1130 3782 42 23 per
1184 3779 48 25 tun,
1245 3776 20 23 is

683 3809 55 25 £22
752 3810 52 21 10s:
816 3807 38 24 for
863 3808 37 25 six
908 3807 91 23 months
1020 3807 71 24 work.
1139 3805 51 26 The
1208 3809 58 24 bone

683 3844 21 22 is
714 3845 40 21 not
765 3841 84 29 stated,
860 3841 41 23 but
911 3847 35 17 we
956 3848 105 24 presume
1080 3849 63 15 more
1163 3841 56 24 than
1236 3844 30 23 its

683 3875 66 24 value
762 3874 74 25 would
845 3875 28 23 be
884 3874 105 32 required
1002 3879 22 18 to
1042 3882 68 23 repay
1122 3887 3 4 -
1133 3875 39 23 the
1191 3876 75 32 outlay

684 3910 25 24 of
724 3908 83 32 capital
826 3908 44 24 and
888 3908 39 24 the
946 3907 49 24 risk
1014 3908 26 24 of
1054 3908 38 24 the
1103 3908 161 33 undertaking.

684 3943 45 24 We
740 3942 81 25 should
833 3941 74 30 think,
928 3941 30 32 by
977 3941 46 24 this
1042 3941 102 32 showing
1163 3942 50 25 that
1230 3943 36 24 the

575 56 96 45 fflrflg
694 53 118 41 frteto
837 50 206 46 Zm\znb
1069 49 189 46 &xjtttt
1278 47 96 40 &ntt
1398 44 299 46 WLtiUnQton
1722 44 249 46 apctmov.

675 121 92 61 New
798 121 215 61 Zealand
1044 121 215 61 Gazette

675 182 70 39 AND
768 182 234 39 WELLINGTON
1025 182 234 39 SPECTATOR.

781 254 129 24 Saturday,
926 253 110 22 January
1050 253 33 25 13,
1098 252 62 20 1844.

1885 131 20 22 is
1918 134 40 19 not
1969 137 43 23 any
2023 129 100 27 wher&a
2134 126 148 33 co^famunityf
2284 127 25 24 of
2324 127 144 32 equaljham-.

1886 163 39 23 ber
1937 170 62 15 more
2011 155 75 40 actiy^
2094 161 25 22 in
2127 157 42 40 jlie
2176 165 89 25 pursuit
2274 159 25 24 of
2308 159 162 33 thei/objects,

1877 214 5 9 v
1886 202 61 16 more
1959 194 153 31 persevering,
2124 200 62 18 ipore
2206 188 94 37 cgpjabjl
2319 193 25 22 of
2353 194 119 31 'directing

1888 227 58 23 their
1965 234 87 23 powers
2070 230 22 19 to
2110 233 13 15 a
2141 225 73 23 useful
2233 219 54 34 end^
2298 225 54 23 than
2364 225 37 23 the
2414 227 56 22 Sec-

1888 260 90 22 tionists
1990 258 24 24 of
2030 258 37 23 the
2079 258 130 30 Wangonui
2225 258 99 23 District
2333 267 5 19 ;
2360 258 46 23 and
2425 258 46 24 had

1888 292 37 23 the
1952 292 156 23 inducements
2143 290 73 23 which
2254 290 120 31 prompted
2407 290 59 24 their

1888 325 133 30 emigration
2051 324 56 23 Been
2135 322 105 29 realized,
2262 322 46 23 had
2335 322 53 32 they
2414 323 58 25 been

1883 357 102 23 ■suffered
1997 362 30 25 to,
2031 356 125 36 tas^tlie'iV,,
2163 355 113 32 energies,
2297 355 38 23 the
2346 355 120 23 miserable

1878 402 2 4 •
1888 384 133 29 exhibition'
2028 378 198 43 oJFrri^ulttvated'
2239 387 56 24 rood
2313 387 61 29 here,
2395 388 44 23 and
2457 396 15 15 a

1881 414 229 35 $ew*£ktes'*\s£te",
2132 421 75 23 would
2225 425 41 19 not
2288 427 50 16 now
2359 420 109 31 reproach

1890 455 71 27 those,
1974 458 23 19 to
2011 454 75 22 whose
2098 453 106 31 impolicy
2215 453 41 23 and
2270 453 84 30 apathy
2365 453 20 22 is
2397 454 75 29 owing

1889 487 38 23 the
1938 491 92 26 present
2041 487 115 22 untoward
2167 491 58 19 state
2237 486 24 22 of
2277 486 87 30 things.

1922 519 102 23 William
2038 518 105 28 Holmes,
2164 519 55 23 alias
2238 518 102 23 Thomas
2360 517 110 32 Sparkes,

1889 552 119 31 supposed-
2024 559 23 15 a-
2061 552 82 22 native-
2159 552 24 22 of
2198 551 172 31 "Hampshire,'
2388 550 58 25 and-*
2457 559 15 15 a

1889 585 100 23 deserter
2022 584 58 23 from
2108 583 38 23 the
2176 584 56 22 80th
2243 604 6 4 .
2261 583 133 30 Regiment,
2407 604 7 4 ,
2422 591 48 15 was

1889 617 104 24 drowned
2005 618 24 21 in
2042 616 37 23 the
2091 616 128 30 Wanganui
2232 616 88 28 River,*
2326 623 27 16 on
2366 616 104 30 Sunday,

1889 650 38 23 the
1940 650 59 25 17th
2011 651 94 21 instant.
2141 649 50 23 The
2203 649 145 23 unfortunate
2356 656 57 23 .man
2423 656 47 16 was

1890 690 52 23 very
1951 683 159 32 intemperate^
2118 681 45 24 and
2175 682 109 30 probably
2299 681 65 24 when
2383 682 87 23 intoxi-

1890 715 63 23 cated
1964 714 153 31 mismanaged
2129 714 35 23 his
2177 722 69 16 canoe
2257 714 74 23 which
2343 714 123 33 swamped.

1891 748 46 23 His
1954 748 59 30 body
2035 755 50 16 was-
2096 747 120 24 recovered
2225 747 44 24 and
2280 747 99 24 interred
2392 755 29 18 on
2435 747 37 24 the

1890 781 59 22 23rd
1962 781 95 22 instant.

140 818 166 24 SHIPPING
324 815 272 26 INTELLIGENCE.

295 869 150 31 ARRIVED.

45 909 17 3 j!j

57 909 4 28 (
105 912 92 25 January
208 911 33 22 10,
252 912 68 18 cutter
333 909 106 23 Finnetta,
449 909 26 19 12
486 909 57 22 tons,
558 909 97 22 W,atson,

52 945 9 20 \[
78 938 55 21 from
139 938 114 21 Taranaki.
341 935 3 3 '
368 954 2 6 ,
415 931 58 30 ''*.
485 953 25 9 ,„,
534 948 6 6 -
554 947 34 12 .;>..

45 957 16 37 }!!
107 966 61 19 Same
186 964 122 26 day,-sloop
324 963 69 26 Royal
411 961 98 30 Wjlliam,
517 959 139 28 ,43,nLovett,

45 995 8 14 ii
78 992 54 20 from
142 992 91 26 Akaroa,
238 999 19 19 ,'
358 998 26 18 ;,,
394 1004 4 8 <
419 996 3 7 '
461 999 3 12 '
492 1000 36 15 ,-'jJ
552 993 34 19 '"••
606 995 3 12 !

107 1019 60 20 Same
181 1019 46 25 day,
248 1018 113 25 schooner,;
367 1018 37 19 Sir
420 1016 55 25 JoA/»
492 1014 111 24 Franklin,
622 1013 34 24 52,

57 1049 2 5 '
78 1046 115 26 Campbell,
203 1046 54 21 from
268 1045 88 25 Poverty
367 1044 52 26 Bay.
433 1065 3 4 ,
467 1058 2 5 ,

40 1076 19 19 ,!,
106 1073 61 20 Same
176 1074 45 24 day,
233 1075 66 18 cutter
309 1072 113 23 £es«tt,-24
433 1072 56 21 tons,
506 1069 48 20 Axo
565 1075 23 18 »,
604 1068 52 19 from

78 1100 83 26 Cloudy
170 1100 50 26 Bay.

313 1153 116 23 SAILED.

40 1186 5 21 >'
104 1187 94 25 January
210 1187 33 24 12,
259 1186 47 26 ship
504 1186 57 22 tons,
581 1186 75 20 Smith,

42 1209 2 9 '
67 1215 43 21 .for
120 1215 88 20 Nelson.
298 1218 14 15 .:
313 1230 25 4 —

297 1263 35 21 IN
345 1262 88 21 PORT.

40 1296 17 2 ;!;!

41 1297 18 27 [^
95 1297 92 29 'Barque
204 1297 120 27 Indemnity
328 1297 65 25 ,'-31?
404 1296 3 2 '
417 1298 58 19 tons,
494 1297 28 16 R.
542 1297 114 21 Sedgwick.

73 1326 92 27 Agents,
175 1320 112 32 Ridgwa'ys
295 1323 44 21 and
348 1323 41 20 Co.
414 1321 95 25 Loading
518 1321 35 19 for
560 1321 96 21 London.

101 1354 111 20 Schooner
231 1347 64 30 Ann^
314 1345 27 32 2%
361 1353 59 25 ton?.
448 1349 54 20 Laid
527 1355 38 20 up.

40 1385 11 16 I-
100 1382 110 20 Schooner
234 1380 63 24 Erin,
323 1380 27 19 25
375 1383 58 15 tons.
460 1377 54 20 Laid
524 1384 38 19 up.

40 1404 2 25 I
97 1410 113 19 Schooner
214 1408 73 20 Maori
292 1408 74 25 Da»t»,
374 1407 25 20 15
407 1409 57 16 tons.
492 1404 123 26 Repairing.

40 1430 1 10 '
101 1436 52 26 Brig
172 1436 97 24 Gannett,
278 1435 42 20 322
334 1436 58 22 tons,
407 1432 94 21 Nicholl.
530 1432 68 20 Wait;
615 1432 41 19 and

74 1464 74 26 Tyser,
157 1463 90 27 Agents.
390 1473 3 7 .
429 1469 2 3 •

102 1491 106 21 Schooner
227 1490 60 25 Lady
307 1490 74 24 Leigh,
404 1489 37 19 109
462 1490 58 21 tons,
546 1487 109 20 Cuthbert.

74 1518 68 20 Waitt
151 1517 40 21 and
200 1517 73 26 Tyser,
285 1517 88 25 Agents.

40 1547 1 24 I
102 1546 106 20 Schooner
214 1545 76 19 Nelson
299 1544 85 24 Packet,
393 1544 24 19 20
424 1545 56 22 tons,
489 1542 60 20 Cole.
578 1542 75 24 Agent,

75 1573 98 26 Captain.

102 1601 107 20 Schooner
220 1600 74 25 Ocean,
306 1600 26 19 30
342 1601 57 21 tons,
410 1598 114 25 Ferguson.
530 1610 5 3 -
545 1596 74 21 -Waitt
636 1598 18 18 &

39 1642 2 5 ,
51 1636 3 15 i
74 1628 73 25 Tyser,
160 1627 87 26 Agents.
272 1632 22 12 t;
352 1629 21 14 -'
408 1638 2 4 .

52 1661 1 6 1
89 1655 119 28 ;Schooner
218 1655 110 19 Susannah
338 1655 56 23 Ann,
405 1653 33 24 79,
454 1652 83 20 Brown,
566 1651 85 26 Agents,

52 1700 15 11 _.
74 1682 86 21 Samuel
168 1682 41 20 and
217 1681 88 26 Joseph.
334 1693 3 13 (
350 1692 3 5 -

39 1718 2 10 i
102 1709 74 21 Cutter
191 1709 104 24 Finnetta,
308 1709 31 20 12
358 1710 55 23 tons,
430 1707 96 20 Watsoa.
556 1706 95 26 Captain,

72 1738 79 25 Agent.

102 1765 65 26 Sloop
172 1764 67 25 Royal
247 1763 99 23 William,
354 1763 27 19 43
389 1764 56 21 tons,
453 1761 82 20 Lovstt.
563 1761 87 26 Agents,

72 1791 92 21 Wallace
174 1791 40 19 and
229 1791 38 20 Co.

101 1818 106 21 Schooner
222 1818 37 20 Sir
267 1817 56 21 John
339 1817 107 23 Franklin,
457 1816 27 20 52
499 1817 58 22 tons,
575 1815 75 26 Camp-

73 1846 49 20 bell.
151 1845 55 21 Hort
215 1845 40 20 and
266 1845 47 23 Co.,
323 1845 87 24 Agents.
434 1842 12 20 '*.

100 1873 75 21 Cutter
183 1873 74 24 Leven,
267 1872 26 20 24
311 1874 56 23 tons,
382 1871 99 26 Hensley.
513 1869 83 21 Samuel
608 1870 41 19 and

46 1907 5 5 '
71 1900 88 26 Joseph,
172 1900 86 25 Agents.
518 1912 9 2 -
550 1916 4 3 .

2030 836 78 23 NEW
2127 836 206 23 PLYMOUTH.

1285 142 95 23 average
1391 133 83 24 annual
1484 127 140 37 earninga^df
1639 140 15 15 a
1671 131 83 37 'whaler
1771 131 29 23 do
1811 147 6 10 t
1819 135 40 18 not

1285 165 93 30 amount
1389 170 21 19 to
1423 173 62 16 more
1495 165 52 23 than
1558 164 63 36 ;S3O.
1638 180 5 5 .
1696 168 6 23 ;;
1702 168 10 8 v
1713 165 20 29 \

1307 218 7 9 ..
1340 201 109 23 Fisheries
1459 192 127 40 &JownerW
1617 199 68 32 Boafs
1719 199 52 23 Men
1784 197 84 30 'Tune.^

1300 228 9 11 *
1319 235 60 23 East
1390 234 69 31 Cape,
1474 227 100 30 Webster
1647 235 15 21 2
1678 224 10 9 *
1728 225 32 31 *15
1844 232 15 24 7

1320 267 98 28 Mawou,
1434 267 127 30 Babington
1647 267 14 21 2
1732 267 28 21 15
1845 266 14 22 5

1320 299 72 24 Table
1406 300 70 30 Cape,
1489 298 88 30 Dorsay
1645 300 16 21 4
1729 299 31 22 30
1845 297 15 22 6

1486 330 119 24 Mansfield
1647 333 14 21 2
1732 331 28 22 15
1845 330 16 22 6

1285 361 3 4 '
1303 384 3 3 .
1320 359 270 38 WaikokopUjjßilisfy
1610 377 5 20 ;
1638 363 66 31 >-*!•
1775 366 15 12 %
1812 363 14 21 *
1829 363 32 22 20

1321 397 87 28 Mahia,
1421 396 85 24 Lewis;-
1518 391 36 27 V*
1568 394 7 25 i
1634 397 28 23 '4
1675 390 6 7 *
1694 404 24 18 -j'
1730 391 30 33 $5
1783 403 17 19 \,,
1811 396 4 17 '■
1829 395 32 22 43

1320 429 100 29 Wakari,
1434 420 86 32 l&lotfft
1542 425 28 14 '"'
1569 420 12 16 V
1629 427 7 7 v
1647 429 17 22 4
1784 424 16 10 ''
1830 427 31 23 25

1320 462 139 31 Wairarapa,
1476 460 70 24 Wade
1648 464 16 19 4
1732 461 28 22 35
1830 460 31 22 23

1276 512 20 12 
1304 509 7 9 r
1320 494 104 29 Porirua,
1435 494 72 24 Toms
1541 496 22 21 V'
1572 497 33 19 *;
1621 496 4 5 '
1647 495 15 21 2
1717 514 4 8 .
1719 495 4 17 :
1763 494 24 31 r;
1797 494 6 7 *
1818 515 3 4 •
1830 493 15 22 a
1844 493 4 9 '
1847 493 14 21 5

1319 526 123 29 Taranaki,
1460 525 109 31 Ridgway
1647 527 16 22 4
1846 523 15 26 7

1292 570 10 7 -
1320 559 88 31 Kapiti,
1424 559 78 24 Jillett
1556 566 6 5 '
1647 561 14 21 5

1280 613 4 9 ,
1295 613 27 14 w
1335 613 39 9 ,.-
1411 592 88 32 ,Jw
1601 617 4 7 ,
1647 594 16 31 4
1687 598 7 9 r
1732 591 29 22 38
1830 590 32 34 7?

1304 621 70 20 *--*>
1412 623 112 25 'Stewart
1648 626 10 21 1
1730 623 30 25 -7
1817 623 45 22 *20

1425 657 69 29 Long
1505 655 88 31 George
1647 657 113 28 1.7
1847 657 14 21 5

1303 690 97 35 j.Mana,
1410 690 97 32 Fr^zer-
1648 691 21 29 S,
1721 690 40 23 .30
1831 689 31 22 50

1413 723 27 23 C.
1455 721 85 29 Sound,
1552 721 72 24 Toms
1646 723 18 22 4
1731 722 29 23 35
1791 739 2 8 ,
1833 722 28 22 15

1280 745 29 12 "''
1320 754 87 32 Cloudy
1420 755 57 30 Bay,
1490 749 89 35 tVright
1648 756 14 22 S
1731 753 30 26 27
1831 754 31 22 40

1336 797 4 12 i
1485 786 98 24 Wallace
1647 789 14 21 3
1730 786 30 25 27
1830 786 32 22 40

1486 819 70 24 Levin
1648 821 15 22 3
1731 819 30 24 27
1831 819 31 22 40

1320 853 48 25 Kai
1380 852 142 36 Kora/.Ftfe
1647 854 16 24 4
1697 847 4 4 '
1730 853 37 21 40-
1815 852 47 23 130

1320 884 87 25 Banks'
1417 883 131 29 Peninsula,
1561 884 68 25 Price
1647 887 15 22 3
1731 885 30 24 27
1815 885 47 22 160

1550 917 84 24 Woods
1648 920 14 22 3
1731 918 30 24 27
1831 918 30 22 35

1318 951 130 29 Wikowite,
1462 951 69 23 Jones
1649 953 12 21 1
1747 951 14 22 6
1832 951 29 22 15

1320 984 204 31 Otago,,Sch.ultze
1647 985 15 22 2
1732 984 29 22 12
1847 985 15 20 0

1320 1017 100 29 Moraki,
1648 1019 14 20 2
1732 1017 29 21 12
1833 1017 28 21 15

1320 1050 66 23 Bluff
1394 1051 21 22 &
1422 1050 91 23 Jacob's
1518 1048 40 28 R.,
1565 1048 69 24 Jones
1647 1052 14 21 8
1730 1050 31 21 80
1813 1049 49 22 200

1320 1083 113 23 Chatham
1444 1081 86 28 Island,
1537 1080 98 25 Hanson
1647 1084 15 22 3
1731 1082 30 25 27
1833 1083 28 21 15

1629 1149 31 22 85
1713 1148 48 25 734
1788 1148 73 27 1,265

1318 1180 118 25 Susannah
1447 1181 60 27 Ann,
1521 1180 107 24 schooner
1831 1182 30 21 25

1319 1213 117 30 Brothers,
1847 1216 14 20 0

1789 1281 72 27 1,290

1319 1313 50 24 The
1382 1314 28 23 oil
1421 1314 70 23 above
1502 1313 40 24 has
1553 1313 57 23 been
1622 1313 105 31 disposed
1739 1313 21 24 of
1777 1314 24 22 in
1822 1313 37 22 the

1285 1346 114 32 following
1410 1354 94 16 manner
1514 1355 6 15 :
1523 1359 30 4 —

1320 1379 79 24 Taken
1419 1385 22 18 to
1462 1380 50 30 Bay
1531 1379 23 24 of
1578 1379 91 23 Islands
1707 1382 46 21 150
1765 1384 62 19 tuns.

1577 1412 93 30 Sydney
1705 1414 48 22 230

1319 1445 99 31 Shipped
1438 1451 23 18 to
1485 1444 107 32 England
1610 1445 58 24 from

1352 1479 56 23 Port
1419 1478 125 24 Nicholson
1702 1481 47 21 850

1319 1512 48 23 Out
1379 1512 43 23 and
1433 1511 24 23 in
1719 1513 30 22 60

1680 1574 72 27 1,290

69 3481 98 23 London
387 3490 58 13 •••:..
476 3480 60 22 June
562 3492 3 3 -
625 3483 27 20 29

302 3514 33 21 .T.
344 3528 6 6 •
356 3528 6 6 .
371 3528 33 7 ...
411 3528 5 7 .
424 3514 7 21 :
437 3528 13 9 ..
475 3514 128 22 November
626 3516 27 21 18

68 3549 121 26 Auckland
211 3546 59 24 ...V.
277 3544 49 25 ...~.
478 3548 126 23 December
640 3551 14 20 6V6
651 3541 7 13 V

68 3582 52 28 8ay
128 3582 145 33 Qj^Jf11ahf15j^.
280 3595 7 7 .
295 3594 159 9 ..............
481 3582 72 26 July.
623 3587 31 20 ,9

175 3605 5 9 '
184 3627 19 7 .-«
210 3620 12 14 w
224 3620 20 19 ;..
266 3627 5 7 .
276 3618 51 20 »-'.>
332 3617 35 20 ..v.
376 3616 20 27 .;.'
402 3627 19 9 ...
429 3627 6 7 .
441 3627 6 9 ,
470 3632 5 4 .
482 3613 99 22 October
626 3615 28 20 28

69 3637 258 33 Vahibieman's'Lan'd
342 3650 110 19 ;..^IVJ.
483 3642 100 32 October
628 3648 26 23 17

68 3672 285 37 Por.tphjljip//v.;v;Vi;.
351 3672 4 18 !
360 3694 6 6 .
375 3676 60 25 M;;
434 3678 22 23 1^
589 3671 4 3 '
625 3680 29 23 27

69 3707 77 43 %^
143 3709 8 24 i
148 3710 241 41 c?ib••<>•r^••^V•^•••f
391 3723 64 21 !^r•^^
469 3712 134 31 .September
627 3711 27 23 22

69 3812 99 21 Eonotjn
177 3815 26 16 -~.
210 3816 19 15 r.
236 3815 87 15 .*;.....
332 3824 6 6 .
374 3824 6 6 .
389 3813 31 18 .'."
428 3824 8 10 J.,
442 3813 7 17 i
454 3823 6 7 .
469 3824 6 6 .
494 3812 21 18 V.
525 3824 5 6 .
537 3824 6 6 .
562 3810 13 21 5

68 3846 59 22 New
142 3847 77 22 South
332 3853 49 16 and
390 3845 29 23 V.
429 3844 30 24 B.
471 3846 26 26 \t.
525 3861 7 7 .
539 3861 5 7 .
562 3848 14 21 2

68 3881 99 22 Nelson
314 3895 11 9 .•
562 3883 14 25 2

68 3916 126 22 Taranaxj
203 3922 47 15 and
255 3915 75 22 Coast
562 3918 14 20 2

602 3812 13 20 0
642 3812 14 21 0

602 3849 54 24 0,0

602 3885 14 19 0
642 3885 14 19 0

603 3919 14 20 0
643 3918 14 21 0

69 3949 131 23 Auckland
214 3962 6 2 -

590 3952 40 23 nil.

50 141 17 34 'j
85 154 12 14 :•
139 153 27 18 t«
198 142 14 30 f
236 146 183 30 Annivfersjtoy
428 145 71 21 Pete.
511 144 7 7 '

50 183 11 19 ■I
109 174 66 35 'fc-Wu
191 180 147 23 MEMBERS
359 179 33 28 of;
395 178 36 22 the
450 178 53 21 FHe

59 203 3 32 j
81 201 62 32 J\.'
149 208 50 28 .^axe
208 206 114 28 requested
330 209 23 18 to
363 203 59 30 qieet
431 207 25 19 at
462 202 107 23 Barrett's
576 201 74 26 Hotel,

48 235 18 28 t;i
80 236 34 23 5o»
125 234 98 29 Monday
225 233 107 26 _e.vfcning,
343 230 98 25 the'Jsth
449 231 91 24 instatf,
555 231 106 19 ataeyea*

49 254 12 34 ']
85 260 93 21 o'clock.
210 259 73 21 When
297 258 29 21 all
342 264 90 21 persons
447 256 47 21 who
510 254 75 22 intend
595 260 58 14 com-

48 283 4 29 ]
83 287 76 26 peling
177 286 33 21 for
229 285 35 22 the
283 284 87 22 various
388 283 69 27 prizes
476 288 36 15 are
528 279 81 22 invited
629 282 23 17 to

48 319 2 12 i
64 320 3 16 ;
83 313 84 25 attend,
177 311 42 22 and
229 310 63 23 make
304 310 56 21 their
369 313 120 20 entrances,
501 307 24 21 in
533 306 64 21 order
605 306 49 20 that

40 333 10 26 .'!
64 332 3 4 '
83 345 14 14 a
107 341 84 18 correct
198 343 135 21 programme
342 335 26 22 of
379 335 36 22 the
426 335 156 23 amusements,
600 331 54 22 with

47 364 6 17 ?
83 364 38 21 the
132 371 75 14 names
214 363 24 22 of
250 362 36 22 the
296 362 86 23 various
400 359 146 33 competitors,
563 364 50 20 may
626 358 28 20 be

40 386 13 35 !]
83 390 98 21 inserted
191 390 22 21 in
224 385 321 36 Wedn^e/dw'§spaner.*/^f>
576 386 9 13 *
633 391 4 17 '.
657 395 8 21 ;

265 471 87 25 Cheap
368 468 101 21 Paints.

41 502 319 52 WNORGROP,
378 501 63 22 Plain
455 501 42 21 and
512 499 143 23 Ornamental

155 542 10 10 •
196 531 73 21 House
281 528 44 22 and
330 529 54 26 Sign
397 528 93 25 Painter,
500 527 105 21 Plumber
610 524 45 23 and

83 558 88 26 Glazer,
182 557 107 22 Lambton
301 555 70 27 Quay,
382 554 40 22 has
432 554 33 21 for
475 554 46 21 sale
529 561 34 14 :—

45 585 17 33 \)
76 594 5 5 -
106 588 123 22 Hed'Xn'ti
248 585 179 23 eorrossion'fof
548 582 116 23 'weather-

49 607 2 32 !
81 615 87 22 boards.
187 612 148 28 Agricultural
354 611 146 28 implements,
523 611 47 24 4c,
591 609 63 21 white

48 641 3 26 j
80 641 45 22 and
142 641 40 21 red
193 639 62 26 .lead,
273 639 28 21 oil
317 638 44 22 and
377 637 89 26 colours,
484 636 97 26 varnish,
597 635 57 27 glue,

48 681 2 19 I
81 667 95 26 whiting,
185 667 38 21 &c.
245 665 122 22 Wholesale
377 664 44 22 and
430 663 62 21 retail
502 666 25 18 at
535 662 37 22 the
581 662 74 21 lowest

81 694 173 27 prices.—.-—--
271 707 7 3 -
291 703 15 7 -•■
460 701 6 4 '
652 711 2 3 .

48 731 2 19 j
108 719 92 23 Colours
209 719 25 20 of
243 725 66 19 every
318 717 130 27 description
460 716 32 20 for
502 716 89 24 Artists,
602 715 40 20 &c.

64 762 17 15 :,
98 753 109 24 .Jatraary
219 753 32 24 11,
264 752 59 23 1844.
