4225 5878
108 228 141 46 Serious
266 228 123 53 Buggy
416 226 175 42 Accident.

111 326 46 28 Mr
182 324 76 30 Win.
278 325 97 36 Pac'ey,
399 321 72 31 hotel
476 320 101 37 keeper
600 319 30 29 of

73 365 168 35 Alexandra,
254 369 56 23 met
321 364 64 26 witli
396 372 17 18 a
424 370 95 18 severe
528 361 99 36 bugiry
641 355 1 52 J

71 405 126 29 acoident
209 415 36 17 on
260 402 113 35 Sunday
390 398 139 37 morning.
581 399 46 29 He
640 398 2 39 ;

73 446 54 26 wrfs
142 444 111 27 driving
266 442 42 28 his
328 442 62 26 wife
404 441 52 26 and
478 444 56 23 two
546 440 81 27 other
639 440 3 32 i

71 484 95 33 Julie;?,
203 482 112 28 Misses.
332 480 195 37 M'NViuguton
569 478 55 29 and

70 524 116 35 Keany,*
213 522 29 28 of
267 520 168 33 Alexandra,
470 519 72 28 from
563 519 60 28 that
636 519 4 40 j

68 564 78 36 place
163 566 27 24 to
211 565 73 24 meet
303 561 42 27 hi*
364 560 101 33 father,
487 558 61 29 who
567 568 58 18 was
635 559 5 40 j

68 603 111 36 driving
193 611 36 28 up
243 601 72 30 from
329 601 55 28 this
395 599 117 35 district,
527 598 54 29 and
595 602 28 24 at
636 598 3 41 J

68 644 88 28 about
166 643 34 27 H
215 653 74 22 a.in-,
301 641 78 28 when
388 649 113 27 coming
514 638 80 29 down
607 648 16 18 a
634 638 4 39 j

69 683 46 27 hill
239 681 83 28 iker's
331 680 87 37 gully,
431 684 29 22 at
473 679 167 37 Fourteen-j.

66 717 65 35 mile
144 722 102 35 Beach,
256 721 50 29 the'
317 719 85 30 brake
416 717 91 31 would
519 721 47 26 not
576 721 45 24 act
634 717 1 40 ■

66 763 55 30 and
135 764 46 29 the
195 763 94 27 liorse3
300 772 49 17 ran
360 771 87 25 away.
494 758 126 38 Turning
632 758 3 40 J

65 813 15 17 a
95 803 90 36 sharp*
193 810 84 19 curve
291 801 47 28 the
350 799 99 28 wheels
461 805 49 31 got
522 798 96 27 locked
630 798 4 41 j

65 841 57 29 and
144 842 46 28 the
216 842 151 35 occupants
393 839 30 28 of
448 840 46 26 the
521 839 96 36 buggy
631 839 3 47 j

66 891 72 23 wQee
158 874 133 42 violently
319 880 106 27 thrown
449 881 59 28 out,
559 877 59 27 Mrs
631 874 2 42 (

66 923 90 27 P;feev
170 930 53 18 was
235 919 122 37 severely
376 917 119 39 injured,
515 917 49 28 her
573 916 46 36 hip
630 916 3 40 j

65 962 85 36 being
164 957 159 35 dislocated,
337 959 55 27 and
414 960 49 25 she
487 956 57 28 also
557 966 61 18 sus-
630 956 3 42 •

65 998 200 31 tainecfsevere
279 997 116 28 internal
421 996 123 38 injuries,
568 995 49 27 her
628 995 4 44 j

65 1051 13 18 c
91 1041 115 26 >Vidvtion
218 1057 7 4 -
234 1038 103 38 bviug*
354 1036 162 29 considered
550 1035 66 28 dan-
629 1035 13 41 j.

210 1079 77 30 Mfo?
298 1079 26 28 M
326 1082 5 9 ;
337 1077 149 39 Naug!iton
498 1086 22 17 w
528 1085 22 18 is
560 1075 57 27 also
629 1075 3 41 J

67 1118 83 38 badly
164 1121 64 25 hurt
242 1118 84 36 being
336 1126 64 28 Very
416 1117 81 26 much
505 1119 47 23 cut
562 1114 55 28 and
630 1114 2 42 .

66 1159 122 36 hfttised,
202 1159 50 30 bat
266 1158 46 30 the
333 1156 80 31 other
434 1164 95 31 young
631 1156 2 39 i

66 1203 12 24 f
90 1201 144 26 >i'tunnteh'
248 1199 116 31 escaped
377 1199 65 26 with
463 1198 103 35 lighter
576 1197 42 26 in-
632 1195 3 38 i

65 1237 83 37 iiy}os
152 1260 6 9 f
160 1234 4 40 .
191 1237 59 27 'Mr
266 1238 96 30 Pacey,
376 1234 175 34 fortunate!y,
565 1239 51 30 got
632 1234 1 40 :

66 1277 39 28 off
112 1286 79 28 comp
200 1275 125 36 iratively
336 1273 100 39 lightly
441 1271 175 37 also,though
631 1271 2 43 i

66 1321 66 29 vjiry
146 1317 82 28 nutcft
241 1315 113 29 shaken.
395 1313 56 28 The
462 1311 89 29 shafts
564 1310 54 28 and

68 1368 50 18 one
132 1358 29 27 of
175 1357 46 27 the
234 1354 136 29 wheels'of
382 1354 47 27 the
440 1353 98 36 buggy
550 1359 71 19 were
632 1352 3 37 '

68 1396 135 35 smashed,
226 1396 48 28 but
295 1399 47 24 tile
364 1394 94 28 horses
482 1401 50 18 run
544 1400 76 28 away
633 1394 3 37 j

68 1439 64 27 with
148 1437 46 28 the
208 1436 74 37 body
295 1434 31 29 of
333 1434 47 28 the
400 1440 61 29 trap
485 1443 35 17 on
543 1432 79 28 three

68 1472 108 40 v/liecls,
191 1476 53 28 and
268 1479 28 25 at
320 1473 100 31 Chasm
442 1472 90 29 Creek
554 1471 66 38 they
634 1464 6 57 j

68 1517 102 32 nearly,
182 1527 47 17 ran
251 1517 57 26 into
333 1514 45 28 Mr
392 1512 106 38 ;Pacey,
522 1511 99 35 senior,
635 1509 6 47 j-

67 1559 61 29 Ys'lio
143 1562 64 24 was*
218 1556 111 38 conmfing
350 1558 28 26 to
400 1558 73 24 meet
498 1552 40 29 his
561 1562 59 18 son.
635 1552 4 42 i

68 1600 74 34 They
152 1607 71 18 were
237 1596 156 36 eventually
406 1594 92 38 pulled
510 1603 36 28 up
557 1602 67 18 near

69 1637 209 39 M-Liughlan's
311 1634 95 35 Hotel,
433 1640 28 22 at
508 1631 116 40 Shingle
636 1631 3 45 |

252 1676 64 37 they
332 1684 69 20 wer*
409 1674 90 28 found
513 1677 28 24 to
554 1674 70 27 have
636 1669 4 44 t

69 1718 116 38 esCiped
217 1717 113 28 Unhurt.
371 1714 45 29 Mr
447 1713 127 39 Hodges,
596 1712 44 30 of!

69 1759 70 29 BaUl
157 1756 55 29 Hill
226 1756 70 34 Flat,
312 1765 53 18 was
380 1756 48 26 the
453 1754 58 26 first
524 1758 29 22 to
567 1752 56 28 dis-
637 1752 2 38 '

68 1808 82 18 cover
163 1799 47 27 the
223 1797 180 28 unfortunate
425 1794 90 38 plight
538 1792 29 30 of
580 1793 45 28 the
637 1792 3 40 i

68 1838 94 34 ladies,
176 1837 54 28 and
246 1836 114 29 medical
371 1835 150 28 assistance
532 1843 54 17 was
597 1838 28 22 at

68 1888 68 18 once
168 1875 137 40 procured
343 1875 72 29 from
453 1872 170 35 Alexandra,

70 1918 116 27 whither
211 1918 66 36 they
299 1925 72 19 were
393 1913 164 29 afterwards
581 1923 28 17 re-

68 1958 108 29 moved.
229 1956 81 29 From
327 1956 81 28 latest
423 1959 117 34 reports,
567 1952 59 30 Mrs

71 1996 112 35 Pacey's
197 1994 142 31 condition
352 1997 48 27 has
421 2000 49 22 not
496 1992 146 39 changed.j

66 2040 45 25 tor
124 2039 46 26 the
187 2038 98 31 better,
296 2036 110 36 though
417 2035 46 25 tiie
476 2034 93 27 others
578 2041 49 18 are

66 2078 131 36 doing-as
210 2076 60 30 well
286 2086 29 19 as
329 2083 50 21 can
397 2075 32 28 be
442 2072 144 40 expected.

66 2173 120 41 Teviot
206 2171 65 41 and
297 2170 196 42 Alexandra
521 2168 85 41 Fruit-

154 2227 164 54 growers'
347 2225 189 53 Company.

104 2326 59 29 The
181 2325 78 29 usual
278 2325 123 36 meeting
416 2322 28 29 of
464 2322 46 30 the
522 2323 103 28 above-

68 2366 97 30 Ramed
185 2365 71 37 body
271 2375 56 17 was
343 2363 60 29 lieid
419 2363 54 29 las.-
487 2362 139 37 Saturday

68 2408 118 36 evening
199 2407 28 27 in
242 2405 48 29 the
310 2409 31 23 Af
350 2405 125 27 hemetim
492 2404 73 33 Hall,
583 2404 45 27 Mr

68 2448 134 35 jJloxham
216 2444 156 38 occupying'
386 2444 45 27 the
443 2443 76 28 chair
533 2444 27 25 in
577 2445 46 26 the

66 2489 119 31 absence
196 2486 28 28 of
240 2487 46 26 the
301 2483 148 39 president.

194 2532 2 21 ■
290 2532 127 21 MINUTES*

82 2563 4 38 '
104 2563 58 32 The
176 2565 118 29 minutes
303 2565 29 28 of
344 2565 45 27 tlie
404 2563 125 38 previous
540 2566 68 25 meet-

66 2617 50 27 ing
132 2617 68 17 were
214 2603 66 31 read,
294 2605 54 27 and
361 2603 159 29 confirmed.

169 2660 12 4 -
193 2658 6 3 -
206 2650 251 24 CORRESPONDENCE.

104 2686 82 29 From
212 2684 94 36 Stout,
334 2683 117 38 Mondy,-
473 2682 56 29 and
556 2681 68 37 Sim,

68 2728 99 37 giving
179 2725 103 30 certain
300 2725 177 28 information
498 2723 67 29 with
584 2734 28 17 re-

65 2768 70 39 gird
149 2772 27 23 to
197 2777 15 17 a
231 2765 129 40 proposal
383 2770 29 23 to
431 2764 124 28 increase
577 2764 47 27 the

64 2807 101 38 Capital
179 2807 30 28 of
228 2807 47 28 the
297 2814 149 28 company.
449 2803 134 30 —Letter
597 2807 27 25 to

63 2848 37 30 lie
113 2856 35 18 on
162 2847 46 26 the
222 2845 76 28 table
313 2845 40 26 till
366 2844 48 27 the
420 2843 104 26 annual
539 2847 67 24 meet-

64 2887 57 38 ing,
139 2896 29 17 as
182 2885 48 28 the
249 2887 112 34 present
375 2881 122 39 meeting
513 2881 53 28 had
587 2892 35 17 no

63 2934 96 31 power
169 2929 27 25 to
212 2923 61 29 deal
286 2922 67 29 with
367 2921 30 29 it.

62 2975 6 21 i
100 2965 83 31 From
201 2964 72 28 Wm.
287 2963 80 37 Bloy,
381 2961 158 35 Lawrence,
551 2965 56 25 stat-

62 3005 51 37 ing
127 3005 60 26 that
199 3004 34 27 he
248 3002 89 29 would
346 3005 59 24 cart
418 3001 36 28 all
465 3011 75 18 cases
550 3001 70 27 from

63 3044 47 29 the
125 3043 108 37 railway
248 3043 111 33 station,
381 3041 50 28 but
454 3041 102 37 asking
577 3040 46 28 for

62 3095 18 19 a
89 3083 87 38 slight
185 3083 121 28 increase
316 3092 35 18 on
363 3081 53 28 last
425 3079 90 38 year's
527 3080 79 29 allow-

60 3122 163 29 ance.—On
237 3123 48 27 the
299 3121 103 28 motion
416 3121 29 27 of
460 3120 44 28 Mr
519 3119 80 37 Camp-

64 3163 65 35 bell,
149 3161 136 30 seconded
303 3162 38 38 by
364 3159 48 29 Mr
433 3159 147 37 Tamblyn,
600 3160 21 27 it

64 3214 56 20 was
133 3203 115 30 decided
263 3210 26 21 to
299 3201 48 29 ask
361 3198 44 31 Mr
414 3200 71 38 Bloy
498 3203 27 26 to
536 3207 83 32 agree

60 3253 32 20 •to
106 3245 47 28 tlie
167 3254 73 18 same
256 3248 84 23 terms
353 3253 30 16 as
397 3241 53 28 last
463 3252 74 26 year.
566 3241 3 37 .

102 3284 81 28 From
198 3284 46 28 the
259 3283 182 37 Department
452 3281 28 27 of
493 3280 112 38 Agricul-

61 3323 257 36 ture,-forwarding
340 3330 70 27 c<>py
435 3321 28 27 of
487 3320 136 36 proposed

62 3363 161 30 alterations
237 3365 28 26 to
279 3363 46 27 the
343 3359 126 30 O.chird
485 3358 55 30 and
555 3360 51 28 Gar-

64 3405 54 27 den
136 3403 87 29 Pests'
238 3400 251 32 Bill,—Kecfcived.

135 3451 63 22 COST
217 3451 33 19 O?
416 3447 135 22 COMPANY.

96 3483 50 30 .Mr
162 3483 142 38 Campbell
325 3480 99 31 moved
449 3482 46 27 the
518 3480 103 29 motion

56 3524 179 37 •stindirfg.in
252 3523 42 28 his
315 3532 88 24 name,
420 3522 88 26 which
525 3530 56 18 was
592 3526 29 22 to

56 3564 57 34 ;tli'e
124 3563 143 38 following
278 3560 98 41 effect:
447 3560 104 39 Seeing
562 3560 60 29 that

55 3606 58 27 .tho
126 3603 95 38 profits
235 3605 28 26 of
277 3603 53 28 last
343 3612 65 26 year
433 3611 71 21 were
525 3610 96 19 exces*

64 3643 132 33 sive/anil
205 3654 31 17 as
249 3642 78 28 th-*re
336 3651 54 18 was
402 3652 34 16 no
445 3641 175 35 satisfactory

64 3682 120 31 soliXtiun
198 3692 29 18 as
242 3687 28 22 to
285 3682 46 27 the
345 3691 27 17 m
382 3690 79 18 inner
480 3680 28 28 of
529 3679 79 29 distri-

68 3723 105 34 bution,
185 3723 59 27 that
259 3722 46 27 the
317 3731 132 27 manager
461 3720 38 35 (V'
506 3731 12 16 r
530 3718 89 37 Lorie)

67 3763 34 28 i>e
116 3762 147 38 requested
287 3765 46 24 not
358 3766 26 23 to
407 3760 101 29 exceed
534 3762 15 26 5
574 3769 49 28 per

66 3809 83 29 cent.,
175 3802 109 38 equally
310 3800 167 29 distributed
501 3810 65 18 over
587 3799 35 29 all

68 3843 99 28 <*v*ades
196 3844 30 26 of
393 3842 43 27 He
462 3840 160 28 considered

68 3885 45 26 fcho
129 3887 111 34 present
259 3885 195 35 arrangement
479 3883 71 26 most
574 3890 32 17 un-

68 3923 185 37 satisfactory,
263 3933 28 17 as
304 3932 72 18 none
385 3922 31 27 of
430 3922 73 27 them
515 3920 107 28 desired

50 3972 46 19 •lo
123 3964 67 26 hive
217 3963 71 27 their
315 3961 83 29 funds
419 3962 77 36 ljing
522 3961 28 26 in
576 3960 47 28 the

68 4003 85 29 bank.
190 4002 78 43 They
286 4002 89 29 would
389 4011 98 21 sooner
506 4007 51 33 put;
577 4000 46 29 the

69 4056 97 27 money
181 4045 57 29 into
254 4054 58 19 new
324 4049 81 29 trees,
421 4047 52 25 etc.

49 4089 5 13 ;
108 4088 44 25 Mr
184 4085 107 34 Harris,,
323 4085 29 26 in
391 4083 153 36 seconding
576 4082 48 28 the

47 4125 134 37 ...motion,
196 4125 59 30 said
270 4126 45 27 the
336 4127 111 36 present
466 4129 60 24 rate
545 4123 29 28 of
592 4123 31 27 10

71 4174 47 31 j)j'r
127 4173 72 25 c.ent.
216 4175 52 19 was
282 4162 42 32 far
340 4175 44 18 roo
398 4164 67 39 high
477 4164 44 27 for
533 4163 72 30 work-

132 4216 145 28 expenses,
291 4205 55 28 and
366 4206 34 27 lie
422 4204 84 29 failed
529 4209 28 24 to
578 4214 46 18 see

73 4249 57 28 wiiv
163 4247 48 29 the
244 4246 125 32 business
401 4245 81 28 cuuld
514 4248 49 24 not
591 4243 32 28 be

73 4289 158 29 woikedon
252 4288 15 27 5
289 4296 49 28 per
360 4290 82 30 cent.,
463 4286 96 36 seeing
578 4285 46 27 the

71 4327 153 29 >n;»n'ierin
240 4326 86 29 which
348 4325 54 30 tlifs
415 4324 69 29 fund
498 4334 108 19 accumu-

73 4369 72 26 lated
160 4368 101 36 during
277 4367 45 28 the
335 4376 74 28 year.

50 4403 17 40 .-
74 4427 6 9 ,
109 4407 22 28 T
145 4417 21 18 .e
181 4407 145 28 Chairman
345 4407 40 36 (-is
406 4405 47 30 the
468 4403 156 40 company's

72 4448 214 37 r3;>resenjative
301 4454 27 22 to
344 4446 152 36 Dunedm),
506 4446 28 29 in
548 4445 76 40 reply

73 4497 69 19 to

72 4539 52 25 liiiy
139 4528 63 27 difii-
215 4528 56 29 ulty
287 4528 24 26 in
326 4527 48 28 t-he
395 4536 135 27 company
552 4523 58 40 plac-

71 4570 49 35 ing
144 4577 15 18 a
183 4567 104 30 lifurted
323 4571 166 34 percentage
510 4567 45 26 for
576 4566 46 27 the

53 4605 3 35 .
230 4607 28 27 of
291 4607 34 27 its
354 4606 134 34 business,
514 4605 51 28 but
590 4605 34 28 he

45 4659 11 12 •-
72 4647 95 28 wasd.'l;
177 4650 46 24 not
235 4656 50 24 say
298 4646 61 28 tint
373 4647 34 26 its
431 4645 91 28 affairs
541 4645 79 29 could

44 4690 18 13 t:
70 4690 34 26 );?
188 4687 3 33 i
191 4687 63 33 i'2r'd
268 4696 35 19 on
317 4688 16 26 0
346 4696 51 24 per
410 4690 71 25 cent.

80 4757 6 7 ,
94 4737 118 26 vMotiou
227 4736 113 21 camea.
414 4736 3 28 .

44 4771 8 18 *
83 4777 35 16 ji-.-
378 4775 87 19 S\LSS.

106 4809 29 27 M
140 4819 11 17 r
185 4807 142 36 C.tmpWsH
360 4816 42 17 mo
407 4805 49 28 veil
489 4804 54 29 and
579 4804 43 28 Mr

72 4849 28 28 !\
113 4863 13 12 a
132 4849 52 27 null
193 4846 150 29 seconded:
383 4845 40 28 Tb
433 4853 19 19 it
462 4844 35 27 sill
507 4849 116 23 account

45 4877 96 39 /si-hU
160 4891 26 23 tf
195 4896 38 18 jin
255 4884 209 33 OhrbtcliU'?ehy
482 4881 87 30 AVeili
581 4893 28 27 ig-

63 4929 66 29 *ton;
141 4928 62 34 ctcC,
218 4928 33 26 bts
263 4926 93 26 shown
368 4929 32 22 to
409 4925 49 26 the'
465 4924 158 36 company's

45 4958 11 44 I
334 4972 28 19 m

45 5003 3 28 .
71 5005 116 26 bitrried
199 5003 201 28 im-Miimousiv.

211 5050 117 21 CARTAGE
348 5049 33 21 ur
398 5046 89 23 TltVlT.

108 5084 57 27 The
179 5092 66 19 uext
268 5084 98 26 matter
386 5080 73 29 dealt
482 5078 64 28 with
570 5086 56 22 was

46 5118 3 35 •
69 5136 29 17 as
131 5131 34 22 to-
192 5123 90 28 which
311 5132 54 17 was
398 5121 47 28 the
479 5119 60 29 best
571 5118 55 29 and

216 5162 111 28 method
336 5161 29 27 of
374 5160 113 35 £ettin«jf
498 5160 47 26 the
560 5159 66 27 fruit

74 5204 3 28 i
118 5204 19 27 fi
147 5215 26 15 .v.
183 5214 77 17 r.iiioo
406 5204 110 23 statr)u.

108 5249 45 23 Mr
179 5242 112 30 I'lnmeH
310 5241 120 37 thought
456 5239 21 28 it
499 5249 54 17 was
579 5238 46 29 the

59 5285 124 32 'fluty'of
198 5284 31 27 fh'
240 5289 152 30 ;'company
407 5279 53 29 and
468 5279 3 40 '
482 5279 89 28 would
594 5279 32 28 be

113 5320 132 40 Tts'pr;»]k
261 5330 87 20 to'.see
369 5321 58 27 til'at
441 5319 36 28 n;11
490 5319 68 28 fruit
571 5329 54 18 was

75 5377 14 16 u
93 5366 38 26 la/;
134 5371 31 19 eel
190 5374 38 15 mr
254 5363 45 26 the
324 5360 162 28 fmtrk-et-HS
513 5359 113 37 cheaply

73 5405 69 28 fjjid'
154 5403 31 27 iir
217 5409 35 23 .IS'
278 5402 72 33 good
383 5409 14 18 a
430 5397 143 30 Cjndition
599 5409 29 17 as

73 5433 31 16 if!-
141 5433 35 19 .*>,
187 5429 69 19 'af*'
277 5427 28 20 ?'

44 5447 160 39 infKJfitfty®'
213 5457 11 9 ;;
235 5460 6 18 :
257 5463 35 28 y*
415 5464 7 17 i

46 5505 8 5 -
109 5483 49 30 'Mr
171 5479 137 42 Tiimbfyn
321 5482 117 36 thought
454 5480 46 28 the
518 5483 112 34 present

284 5531 97 22 wa«'as
394 5519 4 38 _
405 5520 89 37 cheap
512 5529 31 18 as
563 5519 65 37 tliey

75 5559 93 42 could.
176 5565 73 36 hope
261 5569 30 22 to
562 5559 67 29 than

44 5599 1 36 •
75 5608 33 25 he
109 5599 3 36 ;
122 5614 60 18 won
187 5602 27 30 Id'
228 5609 61 22 Care
303 5602 85 28 about
402 5600 111 35 Carting
524 5599 31 28 it.

54 5647 5 5 '
115 5645 48 28 Mr'.
173 5641 143 41 Ciiinpbell
331 5640 59 30 said
405 5640 58 28 that
475 5646 75 20 some
564 5638 66 28 time

73 5686 179 36 since,.when
266 5683 31 30 ire
315 5679 167 40 Koxburgh,-
492 5678 47 31 Mr
552 5678 80 30 Lorie

76 5727 53 27 Hid
143 5724 152 37 suggested
310 5734 14 17 a
338 5723 110 29 scheme
468 5720 51 28 for-
531 5720 105 36 taking.

643 229 6 36 |
662 225 47 28 the
721 223 68 30 fruit
809 228 29 25 to
860 223 138 29 Dunedin.
1039 221 44 28 He
1096 219 98 29 moved
1206 231 5 16 :

644 259 3 34 !
689 265 70 28 That
775 265 44 28 Mr
832 265 79 28 Lorie
933 264 34 27 be
987 261 85 29 asked
1092 264 29 24 to
1144 259 67 28 send

660 314 36 29 up
727 316 16 18 a
775 304 75 30 draft
872 304 28 30 of
924 303 43 30 his
997 301 110 30 scheme
1126 299 44 29 for
1195 308 15 19 a

642 341 4 42 j
660 347 89 27 better
760 347 54 27 and
829 347 118 36 cheaper
960 341 111 31 method
1085 341 30 28 of
1127 341 81 31 fruit-?

641 385 2 38 j
656 385 140 38 carting/'

641 418 3 49 j
694 425 143 30 Seconded
858 425 36 36 by
923 423 46 28 Mr
999 420 118 29 Watson
1150 418 56 30 and

641 463 1 37 i
654 465 105 29 carried
773 463 202 37 unauimously.

808 511 5 6 '

641 538 1 34 1
690 538 45 34 Mr
748 538 114 33 Penuell
887 540 157 31 contended
1069 539 60 29 that
1154 538 52 28 last

641 573 1 47 !
651 594 97 18 season
761 582 36 29 all
820 583 46 28 the
891 582 83 38 profit
996 589 76 19 came
1096 575 37 33 off
1159 578 46 28 the

641 618 1 37 1
653 624 60 29 best
726 622 172 29 fruit—fruit
911 622 60 27 that
984 630 54 18 was
1048 622 50 33 put
1112 629 35 18 on
1159 618 45 28 the

652 663 106 28 market
771 664 29 27 in
814 662 142 29 first-class
976 659 150 30 condition.
1167 659 37 27 At

651 708 109 33 present
773 703 78 27 there
865 712 54 17 was
930 711 34 18 no
973 702 231 33 encouragement

648 748 29 25 to
691 744 76 37 place
780 742 68 29 fruit
861 752 35 19 on
911 742 45 27 the
971 740 107 28 market
1088 740 28 27 in
1128 738 74 38 good

648 784 97 33 order;
766 783 50 27 but
829 792 97 17 sooner
939 791 30 18 or
983 781 69 27 later
1065 780 47 26 the
1126 789 75 17 same

646 827 104 33 system
764 822 28 28 of
804 822 120 38 packing
940 819 88 29 would
1043 819 67 28 have
1125 822 28 24 to
1169 818 33 28 be

647 862 126 29 followed
788 862 63 27 here
865 872 28 17 as
920 870 53 18 wis
1001 860 26 26 in
1054 868 93 25 vogue
1174 858 28 27 in

647 902 122 38 Sydney,
783 901 162 29 Melbourne
965 898 55 30 and
1040 898 159 29 California.

647 942 51 28 His
712 942 162 38 experience
887 950 54 19 was
955 941 62 28 that
1039 939 22 28 it
1087 938 65 38 paid
1174 943 27 24 to

646 983 70 35 pick
738 982 67 27 fruit
825 982 137 36 properly,
989 990 29 17 as
1041 988 160 18 consumers

647 1020 89 29 would
751 1021 63 35 give
827 1031 15 17 a
856 1020 98 37 higher
969 1019 74 38 price
1058 1018 42 28 for
1115 1018 30 29 it.

683 1061 45 29 Mr
743 1060 21 30 C
773 1060 113 38 impbell
900 1059 59 29 said
982 1061 21 27 it
1029 1069 55 17 was
1098 1069 15 18 a
1128 1058 59 28 well-

646 1102 101 27 known
767 1100 56 29 fict
844 1101 63 27 that'
931 1101 47 28 the
1001 1098 96 39 profits
1112 1102 28 24 to
1154 1098 48 28 the

646 1150 134 29 company
794 1149 76 19 came
879 1140 69 28 from
964 1140 101 28 classes
1079 1139 17 26 4
1105 1137 55 27 and
1175 1138 26 32 3,

649 1183 78 28 while
742 1183 76 28 there
839 1192 54 19 was
915 1180 72 30 little
1009 1192 30 18 or
1063 1190 35 19 no
1123 1179 82 39 profit

649 1222 69 26 frcm
729 1222 58 33 jam
803 1222 90 26 fruits.

687 1257 44 28 Mr
745 1257 135 28 Bloxham
901 1257 93 28 stated
1020 1257 60 27 that
1102 1255 36 28 all
1162 1253 44 28 Mr

651 1296 137 30 PennelTs
809 1297 68 28 fruit
901 1296 60 29 that
985 1299 73 25 went
1077 1295 80 29 down
1178 1294 28 27 in

650 1342 88 24 crates
758 1347 55 17 was
835 1337 105 29 classed
969 1337 28 27 in
1024 1337 46 27 the
1097 1335 111 35 highest

649 1377 96 37 grade.
785 1377 45 27 He
845 1377 119 38 thought
978 1377 61 27 that
1053 1375 116 38 peaches
1180 1374 26 26 in

651 1422 97 30 crates,
774 1417 147 29 otherwise
945 1415 91 41 equal,
1058 1415 100 30 should
1173 1414 33 28 be

651 1458 106 28 classed
796 1458 31 28 Id
861 1458 98 38 higher
986 1458 66 28 than
1079 1457 78 27 those
1176 1455 29 27 in

653 1498 95 29 boxes.
790 1497 57 30 The
868 1499 68 37 high
958 1497 111 38 grades
1093 1497 27 27 in
1135 1506 75 18 some

651 1538 148 36 instances,
821 1538 116 30 realised
961 1539 34 28 30
1017 1547 49 29 per
1088 1540 73 25 cent,
1182 1537 29 28 of

652 1579 91 38 profit,
759 1580 79 28 while
853 1581 46 27 the
912 1580 51 29 low
979 1578 101 39 g-ades
1105 1589 70 17 were
1195 1589 15 16 a

653 1619 53 28 loss
721 1624 28 22 to
764 1620 46 26 the
824 1629 146 28 company.

690 1658 45 28 Mr
750 1658 142 39 Campbell
907 1660 120 37 thought
1051 1658 47 28 the
1124 1659 16 27 5
1164 1669 48 27 per

653 1704 73 24 ceut.
741 1700 101 37 charge
856 1700 99 29 should
981 1702 33 27 be
1041 1698 170 30 distributed

653 1749 66 18 over
731 1740 35 26 all
780 1741 128 36 qualities
921 1742 29 26 of
965 1741 76 32 fruit,
1051 1750 30 17 as
1096 1740 21 27 it
1133 1749 54 17 was
1197 1750 15 16 a

655 1778 175 30 well-known
845 1780 57 28 fact
915 1780 61 28 that
999 1789 76 20 some
1089 1788 123 29 growers

654 1820 90 28 would
764 1820 68 28 send
856 1820 71 28 their
952 1820 73 37 good
1051 1819 69 29 fruit
1143 1819 55 28 else-

656 1860 89 27 wheie
755 1860 54 27 and
823 1860 47 38 ply
881 1862 46 26 the
938 1870 80 28 comp
1021 1870 53 27 any
1086 1860 67 27 with
1165 1860 46 26 the

655 1898 122 30 inferior.

694 1940 81 28 After
797 1951 16 17 a
839 1940 73 39 good
934 1940 60 30 deal
1021 1940 28 29 of
1072 1939 140 39 desultory

657 1980 150 30 discussion
829 1982 56 28 this
907 1987 99 23 matter
1026 1991 55 19 was
1096 1980 114 29 allowed

658 2024 27 22 to
700 2019 76 38 drop.

816 2069 89 21 WIDTH
925 2068 32 22 OF
976 2069 89 22 CASES.

694 2104 59 26 The
765 2109 137 30 secretary
924 2113 55 17 was
1000 2100 160 29 authorised
1185 2104 29 24 to

659 2143 77 29 write
762 2151 28 20 to
814 2142 44 28 Mr
878 2142 89 35 Lorie,
985 2141 152 38 informing
1157 2140 56 28 him

657 2184 61 27 that
732 2183 47 27 the
794 2182 84 27 width
892 2183 29 26 of
936 2182 45 27 the
1005 2191 75 18 cases
1104 2180 110 28 wanted

659 2232 55 19 was
735 2222 45 29 Gin
805 2222 53 28 and
883 2222 44 29 7in
953 2221 99 38 (inside
1074 2229 123 21 measure-

657 2265 98 27 ment!.

731 2312 121 20 RAILWAY
871 2311 114 20 FREIGHT
999 2311 36 21 ON
1051 2310 87 21 CASES.

694 2344 100 28 Moved
839 2344 36 36 by
920 2344 45 27 Mr
1011 2342 116 28 Watson
1160 2341 54 28 and

656 2384 135 30 seconded
805 2384 38 29 bv
861 2384 42 28 Mr
917 2382 144 40 Campbell
1143 2382 72 28 That

657 2425 43 27 Mr
713 2424 23 28 L
741 2426 54 26 orie
809 2426 34 26 be
856 2424 86 28 asked
958 2427 28 25 to
1005 2423 143 29 interview
1168 2423 47 27 the

664 2464 90 28 Traffic
770 2464 134 36 Manager
917 2464 29 28 of
972 2464 136 35 Railways
1123 2472 28 18 re
1166 2462 47 28 the

656 2504 101 38 charge
769 2504 79 28 made
859 2514 35 17 on
906 2514 59 18 new
979 2513 75 19 cases
1065 2510 61 20 now
1137 2502 78 37 lying

655 2548 28 24 at
711 2544 162 34 Lawrence;
907 2544 54 28 and
991 2543 58 28 also
1077 2546 28 25 to
1131 2541 84 38 bring

656 2584 88 28 under
757 2585 45 27 the
816 2584 99 28 Traffic
939 2582 160 37 Manager's
1124 2581 90 29 notice

655 2624 60 28 that
730 2624 101 28 timber
843 2624 45 28 for
899 2634 77 18 cases
985 2624 73 27 from
1070 2622 47 28 the
1129 2622 67 28 Glen-

656 2674 92 18 omaru
759 2663 67 36 mill,
837 2663 57 29 aiso
903 2667 28 24 at
941 2664 148 28 Lawrence
1101 2661 113 36 station,

654 2704 149 28 addressed
818 2708 27 25 to
860 2704 45 28 Mr
922 2703 125 35 Pennell,
1059 2713 54 19 was
1130 2702 84 36 being

654 2744 121 39 charged
790 2744 50 36 for,
856 2744 54 28 and
920 2744 104 38 asking
1037 2744 44 28 for
1091 2754 16 17 a
1119 2742 95 29 rebate

654 2785 28 28 of
695 2785 67 28 such
776 2784 124 38 charges,
911 2795 29 18 as
953 2784 47 29 the
1009 2784 90 29 above
1113 2782 99 30 should

654 2826 33 26 be
713 2825 105 27 carried
845 2826 66 31 free,
934 2836 75 17 same
1030 2834 31 18 as
1082 2822 130 29 returned

802 2863 152 29 —Carried
969 2862 205 37 unanimously.

826 2912 52 20 THE
892 2913 63 20 BIRD
970 2913 72 20 PEST.

687 2944 103 28 Messrs
818 2944 146 37 Tamblyn,
978 2943 109 35 Harris,
1110 2942 81 38 Camp-

649 2983 65 34 bell,
723 2982 93 35 Toms,
826 2984 55 26 and
892 2984 94 27 others
1001 2986 112 34 present
1124 2982 86 36 spoke

650 3022 30 28 of
693 3022 46 28 the
753 3021 113 28 terrible
879 3021 88 29 havoc
978 3021 130 37 wrought
1117 3021 36 36 by
1165 3020 46 28 the

651 3061 79 29 small
744 3061 85 34 birds,
845 3061 96 38 nearly
960 3062 38 27 all
1019 3061 47 28 the
1081 3060 130 37 apricots,

651 3101 63 36 and,
728 3101 29 27 in
772 3111 81 27 many
867 3101 148 34 instances,
1026 3101 119 38 peaches
1155 3100 56 28 and

652 3142 91 38 plums
757 3151 29 18 as
798 3141 61 27 well
869 3141 105 37 having
983 3141 122 28 suffered
1145 3147 16 20 i.
1169 3140 28 27 in-

654 3186 70 30 nets,
734 3181 137 33 thrushes,
883 3181 171 34 blackbirds,
1063 3179 56 29 and
1131 3179 64 39 gold-

653 3222 104 28 finches
772 3232 70 19 were
856 3221 160 30 considered
1032 3222 46 28 the
1092 3221 119 38 especial

652 3262 121 28 enemies
788 3263 28 27 of
829 3262 47 27 the
889 3262 200 37 fruitgrowers.

692 3300 165 37 Eventually
871 3301 21 28 it
903 3312 54 18 was
971 3301 135 34 resolved,
1118 3311 35 17 on
1165 3300 46 28 the

654 3341 100 27 motion
773 3341 29 27 of
826 3341 44 27 Mr
896 3341 154 38 Campbell,
1073 3339 137 29 seconded

654 3382 35 36 by
704 3381 46 28 Mr
764 3381 129 29 Pennell:
945 3382 74 28 That
1035 3382 103 28 Messrs
1150 3381 59 28 Jos.

659 3422 139 36 l'amblyn,
823 3421 64 29 Jno.
912 3422 99 37 Inglis,
1034 3421 34 29 R.
1091 3421 121 34 Wilson,

652 3461 112 28 Manuel
786 3461 57 28 and
865 3462 83 28 Toms
973 3462 34 28 be
1030 3460 149 39 appointed
1195 3472 16 17 a

652 3502 223 28 sub-committee
887 3507 26 23 to
927 3502 64 28 take
1003 3504 47 26 the
1063 3511 147 27 necessary

651 3548 74 32 steps
741 3546 26 24 to
782 3542 164 38 inaugurate
960 3553 77 22 spine
1056 3541 111 29 method
1182 3542 29 28 of

651 3582 112 38 dealing
778 3583 64 26 with
857 3584 46 26 the

689 3623 111 27 Several
815 3623 136 27 members
964 3622 113 39 pointed
1088 3625 50 25 out
1147 3621 60 28 that

652 3663 19 26 it
686 3661 89 29 would
798 3662 32 27 be
853 3662 161 37 practically
1041 3661 103 28 useless
1167 3661 44 26 for

652 3702 46 28 the
711 3701 192 39 fruitgrowers
925 3706 26 24 bo
975 3702 70 37 hope
1061 3704 28 25 to
1103 3710 89 19 accom-

652 3741 71 38 plish
733 3751 51 26 any
800 3741 72 36 good
885 3742 93 28 unless
989 3743 66 35 they
1064 3739 145 30 combined

653 3780 66 29 with
744 3782 47 27 the
817 3781 215 39 agriculturists,
1059 3779 54 30 and
1147 3781 63 26 thus

653 3821 64 28 took
734 3821 93 28 u'uted
846 3822 102 27 action.

748 3870 162 19 EXPRESSION
924 3870 33 19 OF
974 3870 150 19 SYMPATHY.

638 3901 1 35 !
689 3902 28 28 It
731 3912 55 17 was
800 3901 134 35 resolved,
949 3913 34 17 on
1002 3903 47 27 the
1064 3901 102 28 motion
1182 3901 29 28 of

638 3939 1 40 1
656 3941 163 35 Mr-Harris,
833 3941 138 29 seconded
988 3943 35 36 by
1046 3941 48 29 Mr
1112 3941 83 37 Cainp-

638 3981 1 38 ;
652 3982 71 28 bell:
774 3981 71 28 Th.it
861 3982 46 27 the
923 3989 138 30 secretary
1082 3981 78 28 write
1183 3986 31 23 to

638 4022 61 43 [Mr
720 4021 113 31 Manuel
859 4022 176 39 (president),
1057 4021 155 38 conveying

638 4063 1 39 .
651 4075 35 17 an
699 4063 161 38 expression
870 4064 28 26 of
910 4069 93 33 regret
1014 4070 28 20 at
1052 4063 42 28 his
1106 4063 104 34 illness,

638 4103 1 33 i
651 4104 54 28 and
727 4103 122 33 trusting
871 4103 34 27 lie
929 4113 61 17 tiimv
1018 4113 67 19 soon
1113 4103 32 27 be
1169 4113 28 17 re-

638 4143 1 30 ■
652 4143 117 30 covered
783 4149 28 23 to
825 4143 104 29 health.

638 4184 2 30 1
861 4193 144 21 ACCOUNTS.

638 4224 2 36 |
689 4224 59 28 The
780 4224 145 36 following
965 4227 133 25 accounts
1141 4233 71 18 were

638 4252 2 52 !
653 4265 99 39 passed
778 4264 43 28 for
847 4268 131 34 payment
1037 4263 111 29 Refund
1176 4272 35 19 on

638 4303 2 38 I
654 4306 67 28 fiuit
734 4314 85 24 cases,
833 4305 38 27 £8
889 4306 28 26 7s
932 4306 35 26 8d
980 4316 7 23 ;
1003 4304 58 28 Jos.
1074 4303 138 38 Tamblyn

638 4345 3 38 I
657 4348 172 35 (secretary),
843 4345 36 28 £7
901 4347 44 27 l'is
959 4345 47 29 9d.

638 4380 3 43 !
691 4384 59 28 The
786 4384 123 39 meeting
948 4385 167 29 terminated
1143 4384 66 28 with

638 4421 3 38 I
654 4437 16 19 a
684 4430 62 26 vote
760 4424 28 30 of
803 4424 101 31 thanks
919 4429 28 27 to
963 4425 46 29 the
1023 4424 85 32 chair.

1323 219 69 42 The
1420 219 97 42 Local
1548 218 167 50 Dredges.

1279 297 52 31 We
1350 298 70 29 have
1440 298 84 30 taken
1546 297 73 30 from
1632 296 48 30 the
1693 296 101 29 annual

1241 338 88 32 Klines
1345 339 157 30 Statement
1518 339 68 38 (just
1594 337 137 36 received)
1749 338 47 28 the

1238 378 142 38 following
1393 383 125 33 excerpt,
1531 379 99 37 giving
1640 378 46 27 the
1696 376 100 29 official

1239 418 142 28 definition
1395 419 28 27 of
1437 418 46 28 the
1503 421 72 25 state
1601 417 28 29 of
1655 417 46 28 the
1726 414 69 31 local

1238 458 128 38 dredges,
1394 458 89 28 which
1509 457 55 27 Will
1590 457 35 27 be
1650 454 88 30 found
1766 456 29 28 of

1237 494 124 32 interest.
1401 497 120 38 Though
1535 498 78 27 there
1624 496 53 28 will
1693 496 83 28 doubt-

1239 537 52 27 less
1306 537 69 28 have
1390 538 68 27 been
1474 538 121 33 changes
1616 536 29 27 in
1669 545 75 18 some
1764 535 29 28 of

1236 576 47 29 the
1297 576 95 29 claims
1412 576 55 29 and
1488 575 119 39 dredges
1630 575 111 28 alluded
1763 578 29 25 to

1235 616 75 29 since
1323 616 48 28 the
1385 618 150 26 statement
1558 623 55 21 Was
1634 614 157 39 published,

1235 656 47 28 the
1295 656 135 38 principal
1451 656 71 28 facts
1542 666 45 18 are
1608 658 115 31 correct,
1736 654 56 28 and

1235 705 33 17 110
1302 706 66 26 very
1401 696 123 28 material
1566 696 122 37 changes
1720 695 70 26 have

1233 736 142 30 occurred.
1414 735 58 30 The
1486 738 94 37 report
1592 738 86 26 states
1691 745 45 17 :

1270 782 171 28 Sutherland
1454 782 55 27 and
1522 785 84 33 party
1618 781 71 27 have
1702 780 86 28 taken

1231 831 37 28 up
1289 832 16 17 a
1323 821 81 28 claim
1432 820 87 29 below
1545 820 69 29 _Edie
1639 819 56 29 and
1728 818 46 28 Kil-

1231 861 133 37 pitrick's
1389 861 82 28 claim
1496 865 30 23 at
1557 860 48 28 the
1631 858 159 29 Horseshoe

1231 900 88 36 Band,
1336 902 124 27 between
1481 900 61 28 that
1556 899 54 29 and
1631 899 48 28 the
1703 898 68 28 Beau-

1234 946 75 24 mmt
1324 941 113 39 dredge.
1477 941 78 37 They
1573 940 70 28 have
1657 938 103 29 shifted
1773 949 17 17 a

1231 982 80 26 small
1333 982 106 36 dredge
1462 980 90 28 which
1575 989 56 18 was
1656 978 132 36 formerly

1234 1021 125 38 working
1393 1020 87 28 below
1502 1020 45 28 the
1568 1019 156 28 Beaumont
1746 1017 44 27 for

1233 1071 82 26 nuny
1329 1070 77 25 years
1418 1072 7 23 ;
1448 1060 50 28 but
1512 1060 55 28 this
1585 1057 106 38 dredge
1705 1058 22 26 is
1743 1060 48 24 not

1233 1101 29 29 of
1275 1099 135 30 sufficient
1424 1099 55 29 size
1493 1103 28 25 to
1536 1100 34 28 be
1583 1097 28 30 of
1621 1107 54 27 any
1686 1096 104 30 service

1236 1144 27 24 to
1277 1140 105 37 dredge
1396 1140 46 26 the
1458 1139 71 27 river
1543 1138 28 26 in
1585 1137 55 27 this
1655 1136 87 37 place,
1762 1145 30 18 as

1236 1180 45 30 the
1296 1180 128 39 quantity
1437 1178 29 30 of
1481 1178 113 39 tailings
1617 1177 29 29 in
1660 1176 55 30 this
1729 1178 63 38 part

1235 1222 30 24 of
1278 1222 45 24 the
1346 1222 70 23 river
1437 1220 52 25 bed
1515 1218 108 36 require
1649 1228 16 16 a
1689 1217 105 36 dredge

1235 1258 30 25 of
1296 1256 189 28 considerable
1517 1256 65 32 size,
1615 1255 114 36 capable
1765 1255 29 26 of

1235 1295 141 39 dredging
1390 1298 27 25 to
1431 1305 16 18 a
1460 1294 87 39 depth
1567 1293 29 28 of
1615 1293 86 28 about
1723 1292 71 29 40ft.

1237 1336 65 28 This
1335 1347 17 26 p
1362 1340 54 33 irty
1455 1335 22 28 is
1521 1333 207 38 endeavouring
1767 1336 29 25 to

1237 1385 118 28 arrange
1383 1385 26 18 to
1437 1378 49 34 get
1511 1385 15 16 a
1559 1384 77 17 more
1661 1372 135 38 powerful

1240 1415 105 39 dredge
1354 1415 111 29 erected
1474 1421 27 22 to
1511 1413 104 39 dredge
1625 1412 54 29 this
1688 1413 108 38 portion

1239 1457 29 27 of
1293 1457 48 27 the
1366 1457 82 33 river,
1472 1455 54 28 and
1556 1454 71 28 from
1653 1455 143 36 prospects

1241 1497 88 28 which
1343 1497 65 38 they
1422 1497 69 27 have
1503 1493 131 31 obtained
1643 1498 29 24 at
1684 1492 112 30 shallow

1240 1537 100 38 places,
1352 1538 66 36 they
1432 1546 45 18 are
1491 1535 28 29 of
1533 1535 47 28 the
1603 1534 112 39 opinion
1736 1533 61 29 that

1242 1578 46 29 the
1302 1577 105 39 dredge
1434 1577 90 28 would
1545 1576 34 28 be
1601 1575 146 38 profitable
1770 1578 27 26 to

1241 1617 76 29 work
1331 1618 21 27 if
1366 1629 15 16 a
1396 1627 73 18 more
1478 1615 134 38 powerful
1623 1615 105 37 dredge
1741 1625 55 18 was

1241 1657 121 28 erected.

1284 1703 12 21 1
1303 1698 33 28 lie
1351 1697 105 29 Golden
1475 1696 68 28 Gate
1559 1695 74 30 Co.'s
1653 1695 106 38 dredge
1779 1694 22 29 is

1244 1738 45 28 tlie
1309 1744 67 22 next
1402 1748 52 17 one
1482 1747 36 27 up
1543 1737 45 27 the
1614 1737 73 27 river
1714 1736 87 28 above

1244 1777 168 29 Sutherland
1423 1777 54 27 and
1490 1783 88 32 party.
1618 1776 66 28 This
1696 1775 104 38 dredge

1242 1818 24 28 is
1298 1818 130 37 ■working
1461 1817 125 37 opposite
1628 1817 47 27 the
1708 1815 94 29 Island

1245 1857 98 34 Block,
1357 1862 29 23 at
1399 1858 47 27 the
1460 1857 83 27 lower
1566 1857 64 36 end,
1644 1857 90 27 where
1755 1855 47 28 the

1246 1898 111 37 ground,
1371 1897 22 27 is
1407 1895 56 29 said
1480 1900 28 24 to
1523 1897 32 27 be
1577 1907 66 28 very
1666 1895 69 35 rich,
1748 1895 56 28 and

1246 1939 46 27 the
1324 1947 134 28 company
1481 1937 22 28 is
1527 1937 112 38 getting
1661 1935 75 39 good
1762 1945 42 18 re-

1247 1983 86 24 turns.

1283 2018 58 28 The
1357 2018 107 28 Golden
1479 2018 63 27 Run
1559 2017 75 30 Co.'s
1658 2018 105 37 dredge
1783 2017 22 28 is

1247 2058 45 28 the
1308 2061 66 25 next
1388 2067 51 19 one
1462 2068 36 18 on
1524 2057 47 29 the
1597 2058 83 36 river,
1702 2057 55 29 and
1780 2057 24 29 is

1246 2099 126 37 working
1386 2100 46 26 the
1447 2099 72 28 river
1533 2100 90 28 banks
1650 2100 88 28 above
1759 2098 47 28 the

1246 2138 94 30 Island
1367 2138 98 37 Block,
1492 2138 54 29 and
1573 2140 74 29 close
1672 2139 58 29 into
1758 2138 47 28 the

1246 2179 74 27 road.
1360 2180 89 26 There
1472 2179 22 27 is
1518 2190 17 16 a
1561 2184 79 33 great
1666 2179 87 38 depth
1776 2179 30 26 of

1246 2219 122 28 material
1385 2220 74 34 here,
1472 2219 55 27 and
1549 2220 47 28 the
1620 2219 116 39 tailings
1758 2228 46 18 are

1246 2260 46 29 the
1306 2270 96 18 source
1425 2260 28 28 of
1480 2260 192 30 considerable
1686 2259 117 29 trouble.

1250 2304 25 24 It
1288 2300 23 28 is
1325 2299 91 29 stated
1430 2300 70 33 that,
1516 2304 49 24 out
1585 2300 29 28 of
1637 2311 34 17 an
1694 2309 63 18 area
1776 2300 30 27 of

1245 2340 84 28 about
1344 2340 15 27 3
1374 2349 85 25 acres,
1474 2340 66 37 gold
1556 2344 29 24 to
1606 2340 47 28 the
1675 2339 82 29 value
1776 2339 30 27 of

1246 2379 93 40 nearly
1353 2379 86 37 £13,0
1443 2379 4 40 ;
1447 2383 30 25 J0
1500 2380 50 30 has
1573 2380 69 29 been
1665 2379 138 30 obtained.

1246 2422 65 26 This
1326 2431 135 26 company
1480 2422 78 27 holds
1573 2422 47 26 the
1633 2421 68 27 inlet
1715 2425 29 23 to
1757 2420 47 28 the

1246 2460 94 28 Island
1355 2460 85 27 Block
1458 2469 34 19 on
1508 2461 47 28 the
1568 2460 109 28 ancient
1689 2459 115 28 channel

1246 2510 60 24 run,
1320 2500 91 28 where
1426 2500 46 28 the
1489 2500 96 28 Island
1599 2500 88 28 Block
1702 2499 46 29 Co.
1759 2509 46 17 are

1246 2549 60 19 now
1327 2540 129 38 working
1477 2540 84 28 about
1585 2541 15 27 3
1623 2539 78 29 miles
1723 2539 83 29 lower

1246 2580 90 28 down.

1283 2620 112 39 Pringle
1424 2622 55 28 and
1511 2621 48 29 Co.
1592 2622 69 28 have
1700 2632 15 17 a
1745 2631 58 18 new

1245 2660 114 38 dredge,
1374 2662 126 37 recently
1513 2661 188 35 constructed,
1715 2660 90 28 which

1244 2702 22 28 is
1278 2700 128 40 working
1421 2702 29 28 in
1470 2703 48 29 the
1532 2703 73 29 river
1618 2702 99 28 almost
1733 2701 72 29 close

1244 2741 144 38 alongside
1403 2743 47 28 the
1472 2742 107 30 Golden
1603 2742 64 30 Run
1689 2742 115 37 dredge,

1244 2783 47 28 the
1304 2782 109 30 latter's
1427 2783 81 29 claim
1522 2783 85 39 being
1624 2784 28 28 in
1667 2783 46 29 the
1728 2782 74 29 bank

1244 2823 29 27 of
1285 2823 47 28 the
1346 2823 73 29 river
1432 2827 28 24 at
1475 2824 46 28 the
1536 2833 89 27 upper
1637 2824 55 28 end
1707 2823 29 29 of
1757 2824 45 27 the

1244 2860 95 29 Island
1353 2862 99 35 Block,
1461 2862 55 28 and
1529 2862 113 38 Pringle
1655 2863 55 27 and
1721 2862 60 28 Com-

1244 2900 96 39 pany's
1356 2901 106 40 dredge
1474 2902 147 39 adjoining
1632 2903 27 28 in
1669 2902 48 29 the
1729 2902 74 28 river

1243 2942 62 29 bed.
1347 2942 66 29 This
1440 2943 105 38 dredge
1571 2943 23 29 is
1627 2943 59 29 said
1711 2946 30 25 to
1767 2943 34 28 be

1242 2982 85 35 doing
1341 2982 175 34 remarkably
1533 2983 71 28 well.

1280 3021 122 27 Bennett
1414 3021 56 27 and
1486 3021 168 38 Company's
1677 3021 122 39 Dredge.

1242 3059 104 29 —This
1370 3060 107 39 dredge
1500 3071 56 17 was
1579 3061 47 29 the
1652 3062 59 28 first
1737 3071 65 19 ever

1241 3101 178 28 constructed
1444 3111 37 19 on
1506 3101 49 27 the
1583 3101 101 28 Clutha
1708 3101 92 36 River,

1240 3141 56 27 and
1310 3140 48 28 has
1373 3141 69 27 been
1456 3141 87 36 doing
1554 3141 117 38 steadily
1682 3142 66 27 here
1758 3141 43 28 for

1240 3181 49 28 the
1307 3180 54 28 last
1381 3181 120 28 thirteen
1522 3191 92 27 years,
1633 3181 101 38 giving
1751 3181 48 29 the

1241 3231 105 21 owners
1361 3232 65 27 very
1450 3221 74 40 good
1547 3225 120 27 returns.
1707 3221 91 30 When

1240 3262 56 28 this
1310 3262 106 36 dredge
1430 3273 54 16 was
1505 3262 60 28 first
1586 3263 177 28 constructed
1777 3263 21 27 it

1243 3311 53 17 was
1323 3302 112 28 worked
1461 3302 37 35 by
1524 3313 16 16 a
1569 3302 230 35 current-wheel;

1242 3341 59 35 but,
1334 3351 30 17 as
1399 3341 139 38 dredging
1574 3342 113 28 became
1724 3351 75 18 more

1241 3381 140 38 generally
1396 3382 119 38 adopted
1531 3393 36 18 on
1588 3382 47 29 the
1649 3382 81 34 river,
1743 3382 54 28 and

1240 3424 21 26 it
1275 3432 56 17 was
1344 3422 88 27 found
1456 3423 60 27 that
1544 3433 16 17 a
1586 3423 210 27 current-wheel

1240 3462 105 38 dredge
1360 3461 79 29 could
1454 3462 64 38 only
1542 3462 35 30 be
1598 3461 112 30 worked
1731 3472 66 19 near

1242 3504 45 28 the
1301 3502 103 28 middle
1414 3502 28 28 of
1455 3503 46 28 the
1511 3504 110 34 stream,
1634 3503 46 28 the
1691 3513 104 18 owners

1241 3542 114 30 decided
1371 3548 27 22 to
1413 3542 129 39 dispense
1567 3543 68 28 with
1660 3543 48 27 the
1733 3553 47 18 cur-

1241 3584 171 33 rent-wheel,
1440 3584 54 27 find
1522 3583 84 38 apply
1637 3586 96 31 steam,
1767 3584 28 27 in

1240 3624 80 28 order
1349 3624 61 27 that
1439 3624 65 35 they
1529 3624 91 37 might
1645 3623 76 28 work
1748 3623 47 29 the

1241 3664 125 28 benches,
1381 3663 91 27 which
1485 3673 70 17 were
1573 3664 29 26 in
1622 3663 91 37 places
1727 3673 67 27 very

1240 3702 66 30 rich.
1346 3702 83 29 Their
1442 3706 87 25 steam
1550 3702 104 39 dredge
1679 3712 54 19 was
1747 3702 48 29 the

1240 3744 59 27 first
1313 3753 51 18 one
1379 3743 96 37 placed
1485 3753 34 18 on
1532 3743 46 28 the
1590 3742 101 29 Clutha
1703 3743 90 34 River,

1240 3784 64 33 and,
1317 3783 134 39 although
1473 3783 64 36 only
1558 3793 16 17 a
1588 3782 77 28 small
1679 3782 113 39 dredge,

1240 3824 96 39 steady
1351 3828 108 24 returns
1482 3835 45 17 are
1551 3823 83 38 being
1654 3823 140 36 obtained,

1241 3865 88 27 which
1343 3875 52 28 pay
1418 3865 47 27 the
1486 3874 105 18 owuers
1614 3863 178 38 handsomely

1241 3906 43 28 for
1298 3906 71 27 their
1382 3904 103 37 ouUiiy.

1268 3946 115 30 .Millers
1410 3943 88 30 Creek
1525 3943 121 38 Dredge.
1648 3943 104 31 —This
1771 3944 23 29 is

1240 3996 52 18 one
1305 3986 29 28 of
1358 3986 46 26 the
1426 3984 105 38 largest
1552 3984 120 37 dredges
1696 3984 28 28 in
1748 3984 47 28 the

1240 4026 80 37 river,
1342 4024 88 38 being
1457 4024 45 30 103
1502 4024 31 30 ft
1557 4024 28 29 in
1612 4023 107 41 length,
1740 4024 54 30 and

1240 4066 175 30 constructed
1430 4076 33 18 on
1479 4069 147 34 pontoons.

1279 4107 88 28 Brazil
1379 4106 54 28 and
1447 4105 109 38 Party's
1565 4105 230 39 Dredge.—This

1240 4148 23 27 is
1272 4157 52 19 one
1335 4147 29 28 of
1378 4146 47 28 the
1438 4146 73 37 early
1522 4146 128 36 dredges,
1664 4146 131 38 formerly

1242 4186 111 31 worked
1368 4186 35 37 by
1418 4186 244 35 acurrent-wheel,
1673 4186 52 29 but
1734 4197 60 19 now

1241 4228 95 28 driven
1369 4227 37 36 by
1440 4230 96 25 steam.
1589 4225 59 29 One
1687 4226 30 29 of
1750 4227 46 29 the

1241 4277 105 20 owners
1373 4265 136 31 informed
1543 4276 43 20 me
1608 4265 61 31 that
1694 4266 29 30 in
1749 4267 47 30 the

1242 4308 71 33 early
1330 4307 67 39 days
1412 4306 28 30 of
1463 4308 139 38 dredging
1622 4308 48 28 the
1692 4308 105 40 dredge

1243 4350 64 29 used
1329 4357 28 22 to
1379 4353 96 25 return
1489 4360 33 18 an
1537 4359 119 27 average
1670 4348 29 30 of
1710 4350 87 28 about

1242 4391 57 28 £2O
1313 4399 50 30 per
1376 4389 77 28 week
1476 4398 50 28 per
1549 4398 60 18 man
1623 4400 7 23 ;
1651 4389 53 28 and
1727 4399 69 19 even

1241 4435 28 24 at
1284 4430 46 29 the
1344 4432 110 36 present
1469 4429 74 34 time,
1565 4428 67 30 with
1653 4429 48 29 the
1720 4428 78 40 large

1242 4472 127 38 quantity
1399 4470 29 29 of
1459 4470 114 38 tailings
1597 4469 30 29 in
1651 4470 49 29 the
1725 4471 74 28 river

1242 4511 87 28 which
1345 4511 66 37 they
1432 4511 69 27 have
1527 4513 28 25 to
1580 4510 120 28 contend
1720 4511 77 34 with,

1242 4552 46 27 the
1308 4557 80 31 party
1411 4550 55 28 still
1492 4549 128 29 continue
1647 4553 28 25 to
1701 4550 96 28 obtain

1242 4591 72 38 good
1340 4590 109 28 results.
1500 4589 58 27 The
1584 4589 159 38 machinery
1769 4590 26 28 in

1242 4632 55 27 this
1331 4630 115 36 dredge,
1479 4629 135 37 although
1646 4630 88 35 small,
1774 4630 23 28 is

1240 4670 115 39 capable
1368 4671 29 28 of
1411 4669 140 39 dredging
1571 4672 29 26 to
1622 4679 17 19 a
1661 4670 87 38 depth
1769 4670 29 29 of

1240 4713 85 28 about
1339 4710 70 35 30ft,
1423 4710 54 28 and
1488 4713 29 25 at
1530 4709 46 29 the
1586 4709 79 37 place
1673 4711 91 28 where
1774 4710 23 29 it

1242 4753 22 27 is
1276 4752 127 36 working
1413 4751 77 27 there
1510 4750 23 26 is
1547 4759 15 17 a
1577 4750 82 28 white
1673 4751 123 36 gravelly

1242 4792 106 27 bottom
1362 4790 29 27 iu
1405 4789 47 28 the
1472 4790 81 35 river,
1575 4788 92 30 which
1687 4790 111 29 enables

1243 4832 46 27 the
1299 4830 154 29 auriferous
1466 4829 75 29 wash
1568 4832 29 24 to
1609 4828 34 30 be
1664 4829 83 29 taken
1761 4841 36 28 up

1245 4881 63 27 very
1322 4870 87 27 clean.

1281 4917 106 29 Golden
1411 4916 6 10 r
1418 4916 8 28 l
1436 4927 108 18 reasure
1570 4917 227 39 Dredge.—This

1244 4957 104 36 dredge
1361 4957 22 26 is
1397 4955 125 36 working
1538 4966 15 17 a
1564 4957 52 28 few
1625 4957 82 37 yards
1716 4957 80 29 down

1244 4996 69 27 from
1329 4995 104 28 Millers
1449 4995 61 28 Flat
1524 4996 84 37 ferry,
1623 5007 34 18 on
1670 4997 49 28 the
1738 5001 59 25 east

1244 5035 59 26 side
1316 5034 29 27 of
1358 5034 46 27 the
1418 5033 82 35 river,
1522 5035 55 28 and
1599 5036 111 37 getting
1731 5046 65 29 very

1245 5074 71 34 good
1331 5077 118 24 returns.
1487 5073 58 29 The
1564 5075 87 29 result
1664 5076 29 28 of
1708 5077 71 28 work-

1245 5113 49 37 ing
1307 5113 48 28 the
1368 5112 53 29 bed
1435 5113 30 28 of
1477 5113 47 29 the
1537 5114 73 29 river
1630 5126 35 19 on
1678 5116 48 29 the
1738 5120 59 26 east

1246 5153 57 27 side
1316 5156 28 24 at
1359 5153 53 28 this
1426 5153 77 37 point
1517 5154 49 29 has
1580 5155 100 28 caused
1700 5167 17 17 a
1735 5167 45 18 cur-

1246 5196 60 24 rent
1320 5197 27 23 to
1362 5192 85 28 strike
1462 5193 67 28 hard
1543 5204 35 18 on
1604 5195 47 28 the
1670 5197 126 36 opposite

1245 5232 67 34 side,
1327 5232 115 35 making
1456 5242 33 18 an
1504 5233 74 38 eddy
1596 5238 29 24 at
1646 5235 47 28 the
1712 5236 84 37 ferry,

1246 5270 52 28 and
1315 5270 150 40 rendering
1479 5272 21 28 it
1526 5273 114 30 difficult
1665 5278 29 25 to
1720 5277 75 28 work

1247 5312 45 26 the
1304 5316 70 32 punt
1388 5312 70 28 from
1473 5317 68 24 west
1552 5318 28 25 to
1594 5319 58 24 east
1661 5327 13 23 ;•
1688 5315 110 40 indeed,

1246 5350 22 27 if
1289 5351 46 27 the
1358 5350 72 29 wind
1453 5352 22 28 is
1500 5353 121 40 blowing
1646 5355 80 28 down
1752 5357 47 27 the

1247 5389 80 34 liver,
1338 5390 21 30 it
1371 5390 22 28 is
1402 5391 98 29 almost
1510 5392 158 39 impossible
1676 5398 29 25 to
1717 5395 82 39 bring

1246 5429 47 29 the
1307 5434 69 33 punt
1390 5433 27 26 to
1430 5432 47 28 the
1490 5432 135 40 crossing.

1285 5475 112 40 Pringle
1428 5479 57 28 and
1515 5481 111 38 party's
1651 5482 46 29 old
1723 5483 79 29 small

1249 5515 103 38 dredge
1368 5517 48 28 has
1430 5518 70 29 been
1510 5520 104 29 shifted
1621 5531 37 28 up
1660 5515 2 44 1
1669 5522 47 29 the
1729 5523 73 28 river

1248 5565 15 18 a
1278 5555 52 28 few
1344 5557 77 29 miles
1440 5559 87 29 above
1548 5559 67 30 Coal
1638 5561 98 36 Creek,
1751 5562 51 30 but

1247 5605 30 18 as
1296 5595 26 28 it
1339 5595 49 29 has
1407 5601 49 24 not
1469 5598 70 29 been
1691 5602 69 38 long
1773 5602 29 28 ill

1249 5629 46 32 the
1317 5634 73 27 river
1410 5636 77 27 there
1513 5637 22 28 is
1560 5648 37 19 no
1621 5639 181 30 information

1247 5673 157 31 obtainable
1419 5678 28 27 to
1461 5675 75 32 show
1546 5677 124 32 whether
1680 5680 67 40 they
1755 5689 48 23 are

1249 5715 111 38 getting
1374 5717 118 36 payable
1504 5721 110 27 returns
1626 5729 32 19 or
1670 5724 62 26 not.-

138 106 3 65 .
150 106 177 65 JSHay,
351 117 166 42 October
534 108 189 53 3/1533:

1755 107 200 38 MOUNT

688 4511 118 30 Ccrta'nly
826 4513 39 22 the
893 4513 53 20 best
959 4510 115 23 medicine
1089 4510 85 22 known
1193 4508 20 23 is

661 4552 86 22 -auder
760 4553 18 22 Sl
792 4552 61 22 Sons
875 4550 66 24 Euca
951 4550 53 30 ypti
1014 4550 110 25 Extract,
1157 4549 56 23 Tet-t

639 4585 2 36 i
656 4594 30 21 its
699 4592 131 29 r-minpntly
844 4592 115 29 powerful
974 4590 81 24 effects
1072 4591 22 22 in
1110 4589 99 29 coughs,

639 4628 3 38 j
657 4632 73 28 cods,
738 4632 127 27 ir.flnenzi;
877 4633 38 21 'be
926 4631 71 23 relief
1007 4631 20 23 is
1039 4632 163 22 instataneous

638 4670 4 28 !
658 4673 26 24 In
695 4674 91 23 seHous
799 4681 65 16 cases
875 4672 45 24 md
935 4672 119 24 accidents
1068 4673 24 22 of
1100 4672 31 24 all
1141 4670 72 26 kinds

638 4710 2 33 f
657 4713 25 23 be
693 4713 57 30 they
765 4712 104 29 wounds,
880 4712 82 31 burn?,
975 4712 130 30 scaldings,
1118 4710 93 31 sprains

638 4751 2 31 i
665 4759 7 16 t
689 4753 17 21 is
725 4753 39 21 the
774 4752 73 23 safest
873 4753 122 29 remedy*•
1004 4759 30 15 no
1047 4751 165 29 swelling—in

638 4787 3 32 i
657 4790 39 23 iufl
704 4790 136 23 wnmation.
875 4788 59 25 Like
948 4788 134 31 surprising
1096 4787 84 25 effests
1191 4788 22 23 in

638 4826 4 39 j
656 4839 82 22 croup,
767 4831 121 30 diptheria
929 4830 132 23 bronchitis
1078 4827 136 26 inflamma*

657 4870 48 23 lion
719 4873 22 20 o!
756 4872 41 21 the
811 4871 75 28 lungs,
901 4869 120 30 swellings
1036 4874 48 20 etc;
1095 4868 119 23 diarrhoea

638 4919 6 18 t
656 4908 122 30 dysentry,
800 4908 112 25 deseo.-es
926 4908 27 24 of
964 4909 102 30 kidneys
1079 4906 47 26 and
1152 4905 62 25 urin-

639 4944 2 30 I
657 4953 39 21 ary
708 4953 42 21 org
759 4953 47 14 ins.
844 4945 26 22 In
884 4953 41 15 use
938 4952 24 16 at
981 4947 30 21 all
1026 4944 119 30 hospitals
1167 4945 46 22 and

639 4981 4 46 |
658 4983 99 24 inedicul
773 4984 81 23 clinics
868 4984 30 23 all
911 4992 55 15 over
979 4984 41 23 the
1032 4983 80 30 globe,
1128 4987 82 24 patron

639 5021 3 31 i
658 5023 48 23 ised
723 5024 29 25 by
769 5024 34 22 his
823 5023 103 29 Majesty
954 5024 41 22 the
1013 5021 63 30 King
1106 5022 23 22 of
1149 5022 60 28 Italy

640 5060 2 30 I
657 5061 108 25 crowned
788 5062 56 22 with
857 5062 77 22 ir.edai
948 5063 47 21 and
1014 5061 106 29 diploma
1132 5066 22 18 at
1176 5061 38 23 the

640 5091 6 36 |
660 5094 175 23 Intern-itional
852 5094 138 23 Exhibition
1008 5098 24 18 at
1058 5093 153 24 Amsterdam

640 5124 4 38 j
663 5127 64 23 Trust
744 5134 21 15 in
787 5127 40 23 the
846 5128 121 28 approved
983 5126 84 23 article
1085 5124 45 25 and
1139 5124 74 31 reject

640 5149 4 38 j
663 5159 26 23 ill
702 5160 94 21 others.

641 5201 3 30 i
690 5202 73 24 Hollo
770 5203 70 28 way's
874 5201 20 24 0
906 5207 82 18 ntmen
993 5201 4 30 1
997 5201 3 30 ;
1036 5202 47 23 ai;d
1117 5201 83 23 Pills-

640 5235 4 28 j
662 5237 83 22 Whi.st
779 5236 42 22 the
849 5235 150 23 inhabitants
1020 5235 25 21 of
1073 5241 41 17 jur
1150 5236 66 27 great

642 5266 2 29 j
658 5269 68 24 cities
752 5268 72 23 sutler
857 5267 61 24 from
944 5267 42 24 the
1008 5267 83 24 effects
1113 5266 27 23 of
1159 5272 57 16 over

642 5297 2 32 I
658 5302 125 27 crowding
794 5300 48 24 and
856 5301 31 22 all
900 5305 31 17 l*s
941 5300 127 24 attendant
1080 5299 68 23 evils,
1159 5297 57 24 both

642 5329 2 35 I
666 5343 13 19 p
691 5334 82 30 lysical
786 5333 47 22 and
847 5332 82 30 nural,
941 5332 40 23 iha
994 5340 64 15 more
1076 5333 83 22 robust
1169 5329 47 25 and

641 5363 4 33 j
658 5367 120 27 en«rt;etje
797 5370 120 24 emigrant
938 5365 45 23 will
1000 5364 25 23 in
1051 5364 37 23 hi*
1119 5370 53 17 turn
1189 5363 27 22 be

642 5393 3 40 |
668 5406 12 15 a
684 5399 5 13 v
691 5401 29 20 )le
734 5404 23 16 to
773 5393 71 27 suffer
858 5404 22 15 in
896 5397 35 22 his
946 5404 51 16 new
1014 5397 72 23 home
1099 5395 61 24 from
1174 5394 41 23 the

642 5420 3 46 J
661 5437 59 19 want
731 5431 23 23 uf
769 5430 73 30 ready
856 5429 55 24 skill
922 5430 47 23 and
983 5429 40 24 the
1036 5434 68 24 great
1116 5427 101 24 medical

642 5461 3 30 !
660 5471 121 17 resources
806 5463 25 24 of
851 5463 36 23 his
905 5463 81 23 native
1008 5463 56 23 laad
1083 5461 89 30 always
1185 5465 31 18 .at

659 5496 138 25 command.
830 5495 50 23 The
895 5494 52 24 heart
960 5494 86 24 advice
1060 5502 14 15 »
1086 5492 76 24 friend
1170 5498 46 18 <fan

660 5531 54 29 give
734 5529 20 23 is
767 5529 33 23 for
811 5528 14 24 h
838 5534 22 16 m
873 5533 24 17 to
912 5526 54 24 take
984 5534 12 15 a
1011 5527 87 30 suppiy
1111 5525 25 23 of
1152 5525 66 22 tbeee

661 5562 51 25 well
727 5561 87 24 known
824 5559 116 26 remedies
955 5566 28 18 as
997 5562 50 28 part
1059 5559 24 23 of
1095 5558 37 23 his
1147 5555 71 25 outfit

641 5599 6 27 j
663 5595 34 23 for
722 5595 32 30 by
771 5592 120 26 atienticß
926 5595 41 22 the
978 5590 76 31 easily

644 5623 3 33 i
661 5627 48 22 and
721 5631 41 25 jet
783 5627 79 27 ample
884 5623 221 25 directions-which
1125 5627 82 17 accora-

644 5654 3 36 ;
663 5665 61 25 pany
736 5656 57 28 caob
809 5657 43 25 box
866 5656 48 25 and
928 5661 41 28 pot
984 5655 30 24 he
1033 5654 48 25 will
1103 5659 72 20 never
1188 5655 32 29 ty

644 5683 42 36 lat
697 5693 63 24 fauifc
785 5692 69 25 when
877 5691 71 25 taken
967 5689 25 26 ill
1014 5697 27 17 of
1068 5688 75 26 under
1171 5688 48 24 and

638 5721 11 29 .!
661 5726 99 22 adverse
772 5725 107 25 sanitary
893 5724 139 23 condition*
1046 5722 26 23 of
1096 5721 42 23 lifo

1817 204 109 50 IW.
2000 202 60 66 J.
2121 197 202 51 Marti

1832 284 282 35 WATCHMAKER
2131 281 25 30 &
2169 281 210 29 JEWELLER

1925 343 71 28 Ross
2017 340 97 33 Place,
2134 336 163 29 Lawrence.

1829 419 142 37 Watches,
1992 418 101 30 Clocks
2114 414 54 30 and
2189 412 147 38 Jewellery
2356 412 29 30 of

1877 458 37 31 all
1927 459 182 38 descriptions
2123 455 68 36 kept
2203 454 28 27 in
2246 452 96 30 Stock.

1851 512 70 28 Nice
1936 509 138 30 Selection
2087 506 29 30 of
2134 505 77 34 Getn,
2224 503 145 38 Wedding

1963 550 55 28 and
2032 548 110 37 Keeper
2154 544 99 37 Kings.

1829 631 19 20 A
1862 630 107 21 CHOICE
1991 623 182 26 ASSORTMENT
2193 623 35 21 OF
2247 621 139 23 ARTICLES

1858 662 141 22 SUITABLE
2011 659 56 22 FOR
2080 656 140 22 WEDDING
2231 654 148 23 PRESENTS.

1884 728 157 41 Spectacles
2055 730 28 25 to
2098 723 61 30 Suit
2172 722 36 30 all
2224 722 109 39 Sights.

1844 810 105 29 Watch
1982 817 55 20 and
2072 805 89 30 Clock
2198 802 120 28 Repairs
2352 810 18 18 a

2032 848 156 28 Specialty.

1828 929 114 39 Repairs
1956 939 31 18 or
2001 924 103 32 Orders
2123 924 69 29 from
2207 922 46 30 the
2268 923 118 36 country

1876 971 38 35 by
1937 972 62 34 post
2023 967 55 27 will
2102 964 103 29 receive
2229 966 112 34 prompt

2034 1005 146 29 attention.

1825 1072 80 53 fJO
1921 1073 249 32 MMERCIAL
2217 1072 166 36 HOTEL,

2028 1124 168 22 ROXBURGH.

1901 1219 37 27 H.
1961 1219 36 27 11.
2019 1218 109 32 Heron,
2150 1215 169 38 Proprietor.

1865 1317 58 30 Chie
1937 1317 29 30 of
1980 1317 47 29 the
2040 1317 62 30 best
2117 1317 102 29 known
2242 1318 55 29 and
2317 1321 74 27 most

1827 1359 181 28 comfortable
2031 1359 152 27 Hostelries
2209 1359 29 26 in
2260 1359 48 27 the
2329 1359 40 36 Up-

1827 1402 117 33 country
1959 1397 139 30 Districts.

1865 1449 79 30 Cobb
1959 1449 55 29 and
2029 1449 75 29 Co/s
2121 1450 85 37 Royal
2230 1449 67 29 Mail
2322 1449 69 30 Line

1827 1489 28 30 of
1879 1490 122 29 Coaches
2015 1490 123 39 running
2161 1490 125 29 between
2311 1490 59 29 Law-

1829 1541 80 18 rence
1934 1531 55 28 and
2012 1531 191 35 Queenstown
2226 1531 90 30 arrive
2335 1531 56 28 and

1829 1571 97 40 depart
1941 1571 84 39 daily.

1817 1663 1 50 |
1830 1663 118 39 Liquors
1963 1663 28 29 of
2005 1663 46 28 the
2067 1665 61 26 best
2138 1663 101 28 brands
2249 1664 65 38 only
2323 1663 68 39 kept

2046 1704 28 27 in
2088 1703 88 29 stock.
2203 1703 4 29 •

1832 1808 125 33 Busies
1970 1807 53 28 and
2041 1807 101 29 Saddle
2152 1807 103 30 Horses
2265 1818 35 19 011
2311 1808 77 29 Hire.

1876 1834 17 12 O
1898 1834 15 11 O

1835 1881 283 55 RAILWAY
2194 1882 197 30 HOTEL.

1928 1950 66 21 ROSS
2013 1948 98 27 PLACE,
2133 1948 169 24 LAWRENCE.

1834 2019 109 35 John
1973 2018 149 42 Laffey,
2154 2018 235 44 Proprietor

1911 2076 79 39 (Late
2004 2075 28 32 of
2046 2073 143 32 Havelock
2205 2075 106 40 Hotel.)

1870 2157 61 30 J.L.
1947 2158 68 38 begs
2037 2160 28 26 to
2078 2156 125 29 intimate
2218 2157 61 29 that
2292 2157 35 29 lie
2341 2158 49 28 has

1833 2197 154 39 purchased
2019 2197 48 28 the
2098 2197 87 28 above
2213 2197 178 29 well-known

1834 2237 141 39 Hostelry,
1984 2237 54 28 and
2056 2237 92 38 hopes,
2159 2237 37 29 bv
2206 2237 79 29 strict
2299 2241 76 26 atten-

1834 2280 57 27 tion
1906 2283 27 24 to
1948 2279 46 27 the
2004 2277 117 30 comfort
2131 2279 28 26 ot'
2173 2278 153 29 Travellers
2336 2279 53 27 and

1834 2319 47 28 the
1895 2317 94 39 public
2002 2317 149 38 generally,
2166 2320 28 25 to
2211 2329 33 16 nu
2255 2322 27 24 ct
2297 2318 65 29 with
2375 2329 16 17 a

1834 2359 52 28 fair
1900 2359 80 28 share
1992 2358 30 28 of
2035 2363 161 32 patronage.

1872 2399 59 28 The
1956 2399 22 28 It
1982 2399 34 28 ail
2020 2408 59 28 way
2102 2398 23 28 is
2148 2409 51 18 one
2213 2399 29 28 of
2256 2399 46 28 the
2315 2399 60 28 best-

1834 2439 149 37 appointed
1996 2438 98 27 Hotels
2104 2439 107 27 outside
2221 2439 29 27 of
2263 2439 127 28 Dunedin

1835 2479 99 28 Under
1946 2478 86 27 J.L.'s
2048 2482 201 31 management,
2260 2478 47 28 the
2317 2488 56 18 com-

1835 2518 55 29 fort
1904 2518 29 28 of
1943 2525 111 29 patrons
2065 2517 52 27 will
2130 2518 33 27 be
2173 2518 80 27 made
2263 2528 16 17 a
2289 2518 101 38 special

1834 2559 115 33 feature,
1964 2558 54 27 and
2033 2567 34 18 110
2081 2557 80 28 effort
2174 2558 51 28 will
2244 2558 32 27 be
2291 2558 99 38 spared

1835 2603 27 24 to
1875 2599 65 38 give
1954 2607 83 27 every
2051 2598 179 29 satisfaction.

1834 2670 59 29 The
1905 2670 63 29 best
1982 2669 102 29 brands
2099 2669 29 29 of
2148 2669 105 38 Wines-,
2278 2670 110 39 Spirits,

1870 2711 56 29 and
1940 2711 67 29 Ales
2020 2710 101 38 always
2140 2709 67 40 kept
2220 2711 28 28 in
2262 2711 88 29 stock.

1835 2784 129 39 Simpson
1978 2784 54 29 and
2049 2783 96 29 Hart's
2159 2784 64 29 Ales
2238 2784 100 38 always
2352 2794 34 19 on

2079 2824 67 38 Tap.

1832 2896 158 28 First-class
2002 2895 129 33 Stabling-
2142 2895 244 28 Accommodation

2112 2924 16 9 o

1837 2960 294 53 JVXASONIC-
2167 2960 218 41 HOTEL,

1926 3018 69 20 KOiSS
2008 3017 97 25 PLACE,
2121 3017 167 21 LAWRENCE.

1830 3085 34 29 R.
1884 3085 113 29 WEBB
2032 3109 29 5 ...
2142 3109 29 4 ...
2204 3085 56 28 Pro
2264 3092 59 21 run;
2326 3092 57 19 tor.

1865 3164 59 29 The
1979 3165 122 29 Masonic
2157 3164 104 29 affords-
2281 3163 35 30 all
2338 3163 45 29 the

1828 3205 132 29 comforts
1973 3205 29 29 of
2014 3216 13 17 a
2044 3205 88 36 home,
2142 3205 53 28 and
2211 3204 23 29 is
2248 3203 134 40 provided

1828 3247 66 27 with
1908 3247 51 27 the
1979 3257 63 27 very
2065 3247 60 27 best
2140 3245 241 29 Accommodation

1827 3286 44 28 for
1896 3286 162 29 Travellers.
2098 3287 67 28 Inrst
2173 3287 82 26 -class
2287 3285 96 28 Table-

1828 3325 67 28 Best
1915 3325 96 28 Wines
2035 3327 53 27 and
2111 3327 98 36 Spirits
2232 3325 101 36 always
2354 3325 27 26 in

1827 3364 90 29 stock.

2411 3279 43 51 F
2538 3279 44 34 A.
2660 3278 184 36 MILL
2869 3278 97 42 ER,

2411 3351 133 26 BUILDER,
2558 3351 107 21 JOINER
2679 3351 62 21 AND
2761 3349 197 22 UNDERTAKER

2961 3376 7 11 r

2505 3403 73 28 Ross
2598 3403 97 35 Place,
2716 3403 165 28 Lawrence.

2415 3493 123 31 PLANS
2552 3493 81 30 AND
2648 3490 318 33 SPECIFICATIONS

2554 3547 26 28 A
2601 3542 223 33 SPECIALTY.

2411 3639 156 36 Quantities
2584 3638 137 37 Prepared
2743 3638 55 27 and
2819 3636 149 30 Estimates

2438 3679 88 28 Given
2541 3679 44 27 for
2597 3678 35 27 all
2646 3678 100 27 classes
2759 3677 30 27 of
2802 3674 136 30 Builders'

2410 3720 14 34 /
2465 3716 2 38 '
2496 3722 8 3 '
2646 3716 99 30 Work.

2413 3789 33 56 J
2526 3787 49 39 H.
2639 3784 326 42 PEARSON,

2513 3853 69 22 ROSS
2596 3852 96 27 PLACE,
2706 3850 167 27 LAWRENCE,

2457 3896 266 35 CONTRACTOR,
2744 3893 181 37 BUILDER,

2665 3957 54 20 ANl>

2552 3998 277 33 UNDERTAKER.

2415 4078 147 30 Contracts
2576 4074 84 30 taken
2671 4076 43 29 for
2728 4073 137 29 Builders'
2885 4073 83 30 Work

2534 4116 29 30 of
2576 4126 81 29 every
2672 4114 176 40 description.

2477 4189 199 24 ESTIMATES
2706 4187 195 23 prepared.

2452 4251 25 27 A
2491 4248 197 30 well-assorted
2716 4247 85 28 Stock
2822 4245 29 29 of
2872 4243 82 29 Furni-

2415 4296 61 24 ture
2490 4292 101 36 always
2604 4300 35 18 on
2653 4288 83 30 hand.

2455 4330 133 30 Funerals
2599 4327 155 31 conducted
2768 4327 26 27 in
2805 4325 36 29 all
2855 4328 75 36 parts
2944 4324 29 30 of

2416 4373 46 27 the
2491 4371 124 27 District.
2657 4369 104 27 Hearse
2789 4365 134 39 provided
2951 4365 23 27 if

2410 4409 1 40 .
2417 4421 65 28 requ
2486 4410 7 28 i
2497 4409 57 29 red.
2803 4409 3 40 •

2591 4473 55 39 W
2712 4473 20 38 I
2799 4471 37 38 K
2900 4444 77 68 F,

2418 4541 136 26 PAINTER,
2578 4539 131 26 GLAZIER,
2733 4535 94 23 PAPER
2846 4535 130 25 HANGER,

2493 4568 70 21 SIGN
2582 4566 116 22 WRITER
2721 4565 62 21 AND
2806 4563 96 21 HOUSE

2609 4592 178 26 DECORATOR,

2511 4635 71 28 Ross
2602 4634 100 34 Place,
2722 4633 163 27 Lawrence.

2455 4714 42 29 On
2512 4712 64 30 Sale
2589 4723 15 17 a
2614 4712 77 37 large
2702 4710 55 29 and
2768 4710 94 29 varied
2872 4711 89 27 assort-

2418 4758 76 25 ment
2506 4753 29 28 of
2549 4753 69 34 Oils,
2632 4751 105 34 Paints,
2760 4749 100 34 Scrim,
2884 4749 90 33 Glass,

2418 4793 228 40 Paperhangings
2669 4790 55 29 and
2744 4789 135 28 Painters'
2902 4788 55 28 Sun-

2416 4835 88 31 dries*
2523 4835 1 32 .
2557 4835 4 32 '
2760 4861 22 6 ...
2857 4835 1 32 ;

2453 4876 68 28 New
2531 4874 54 28 and
2594 4871 171 30 fashionable
2773 4869 75 28 Wall
2858 4868 116 38 Papers,

2415 4917 75 29 from
2501 4915 38 29 5d
2559 4924 51 29 per
2630 4913 75 38 piece
2730 4909 137 40 upwards.
2910 4911 49 25 Pat-

2417 4960 74 24 terns
2505 4960 62 23 sent
2580 4963 36 18 on
2636 4952 176 37 application,
2829 4953 64 34 post
2907 4948 68 27 free.

2453 4995 148 28 Estimates
2615 4992 83 39 given
2712 4991 42 29 for
2778 4986 120 33 General
2921 4986 37 30 Re-

2415 5036 59 36 pair
2477 5044 28 19 sv

2455 5071 164 30 Celebmted
2635 5071 130 28 Lustruss
2785 5068 93 35 Paint,
2893 5065 84 38 ready

2417 5113 106 34 mixed,-
2534 5112 36 27 all
2586 5111 124 29 Colours.

2577 5187 34 37 J.
2700 5187 35 37 B
2778 5184 36 39 L
2858 5183 30 38 0
2927 5182 50 42 Y,

2444 5252 201 22 WHITEHAVEN
2660 5252 111 25 STREET,
2786 5248 171 23 LAWRENCE.

2418 5332 134 29 BOARD
2575 5330 83 29 AND
2687 5327 222 31 RESIDENCE
2928 5326 50 29 AT

2464 5380 259 30 REASONABLE
2744 5377 192 32 CHARGES,

2530 5462 95 30 Meals
2644 5470 33 20 at
2695 5468 50 22 all
2764 5460 108 29 Hocks.

2439 5543 58 29 The
2510 5543 63 29 best
2587 5538 245 33 Accommodation
2911 5536 54 30 the'

2559 5579 160 39 Travelling
2732 5576 107 32 Public.

2420 5659 64 41 600
2505 5659 22 41 D
2548 5659 192 41 STABLING.
2780 5661 98 31 OATS
2895 5659 87 33 ANI>

2456 5729 13 11 ,
2532 5705 130 34 CHAFF
2681 5705 53 31 ON
2756 5704 113 32 SALE,

1949 3432 134 22 CHARGES
2102 3433 58 20 MOD
2164 3433 35 20 Ell
2208 3432 56 21 \TE-

1863 3486 59 30 The
1947 3488 159 38 Proprietor
2132 3488 96 28 wi.slieS
2257 3493 26 24 to
2307 3488 73 28 draw

1827 3526 110 39 Special
1962 3529 136 27 attention
2123 3533 28 24 to
2179 3530 46 27 the
2252 3528 130 37 Stabling-

1828 3568 245 29 Accommodation
2093 3568 141 38 provided,
2250 3568 89 30 which
2359 3569 23 27 is

1825 3608 155 33 unlimited,
1996 3608 53 29 and
2064 3611 28 26 of
2106 3610 45 27 the
2165 3610 59 28 best
2240 3610 77 27 kind.

1833 3671 72 55 yI
1922 3671 57 29 CT
1995 3671 61 29 Oil
2071 3672 14 27 I
2098 3672 27 27 A
2199 3671 183 35 110'TtiL,

1913 3737 71 22 PEEL
1998 3738 111 27 STREET,
2126 3738 167 22 LAWRESCE.

1848 3829 170 35 Ronald
2047 3827 309 45 Montgomery,

2017 3886 178 31 PROPRIETOR.

1825 3980 59 29 One
1907 3980 29 28 of
1958 3980 47 28 the
2027 3983 71 25 most
2125 3981 179 29 comforlable
2325 3981 66 28 and'

1850 4020 232 30 best-conducted
2098 4019 152 32 Hostelries
2262 4032 34 19 011
2309 4022 45 29 the

1977 4062 89 36 Otago
2081 4060 158 32 Goldfields.

1929 4152 56 23 HOT
2008 4152 63 23 AND
2091 4152 73 22 COLD
2184 4154 99 22 BATH?.

1853 4221 111 30 Sample
1985 4222 97 30 Rooms
2104 4232 49 21 for
2172 4222 184 34 Travellers.

1827 4304 170 38 Passengers
2006 4305 85 28 called
2104 4306 41 27 for
2156 4307 45 27 the
2211 4307 74 37 early
2294 4306 93 34 Train.

1834 4373 193 55 COBB
2100 4377 50 51 &

1942 4452 170 22 TELEGRAPH
2140 4454 70 21 LINE
2235 4455 37 21 OF
2333 4452 4 24 •

1823 4485 39 41 1-./
1878 4492 131 29 ROYAL
2031 4493 98 28 MAIL
2152 4493 188 30 COACHES.

2034 4543 196 32 Lawrence,.;;

1865 4593 156 27 Beaumont
2052 4604 6 8 '
2147 4590 66 32 Moa
2228 4592 62 28 Fiat

1866 4638 99 29 Teviot
2109 4641 7 4 *
2145 4638 162 28 Alexandra

1865 4684 87 38 Clyde
2150 4683 144 29 Crumweli

1864 4733 175 28 Arrowtown
2151 4731 184 36 Queenstown

2084 4771 61 28 And

1903 4820 56 30 Alll
1980 4817 200 32 Intermediate
2206 4819 106 29 Places.

1865 4901 79 29 Cobb
1958 4900 53 28 and
2037 4898 74 30 Co.'s
2133 4898 157 39 Telegraph
2318 4899 68 29 Line

1826 4942 28 27 of
1868 4942 86 36 Royal
1969 4941 70 27 Mail'
2060 4939 121 28 Coaches
2206 4941 76 26 leMve
2307 4939 60 27 Law-

1826 4991 79 18 rence
1926 4981 44 28 for
1991 4980 48 28 the
2059 4978 153 29 Beaumont
2234 4977 55 29 and
2311 4978 57 28 Rox-

1826 5021 92 36 burgh
1935 5029 84 26 every
2042 5019 71 34 day;
2131 5018 54 27 and
2209 5019 76 26 leave
2311 5020 57 25 Rox-

1826 5060 92 37 burgh
1950 5060 44 27 for
2025 5056 167 35 Alexandra,
2229 5056 156 34 Cromwell,

1825 5102 183 30 Arrowtown,
2022 5096 55 30 and
2099 5095 110 36 Queens
2213 5100 53 23 tow
2271 5106 14 17 11
2302 5105 82 27 every

1825 5139 136 37 Tuesday,
1989 5136 143 37 Thursday
2155 5136 55 27 and
2236 5134 149 38 Saturday,

1825 5179 133 38 reaching
1967 5178 183 35 Queenstown
2163 5175 45 27 the
2218 5184 75 18 same
2302 5184 68 17 even-

1826 5219 61 37 ings
1926 5223 167 32 Passengers
2106 5215 77 28 leave
2201 5213 132 29 Dunedin
2350 5213 36 37 by

1827 5259 46 28 the
1888 5258 63 28 8.15
1965 5267 64 19 a.m.
2054 5255 69 28 train
2165 5254 77 28 leave
2263 5252 106 37 Queens-

1827 5302 77 25 town
1915 5308 34 19 on
1964 5295 155 37 same'days
2132 5298 29 24 at
2176 5302 100 27 o-'a-m.,
2292 5292 79 30 reach-

1827 5339 52 27 in«
1890 5336 157 33 Roxburgh
2066 5341 28 22 at
2108 5334 20 28 &
2140 5344 65 25 p.m.
2208 5352 12 17 y
2231 5334 55 27 and
2300 5332 72 29 arriv-

1858 5363 16 13 es
2007 5362 18 13 ©
2178 5375 7 9 i
2225 5374 9 11 t

1829 5378 50 37 ing
1898 5381 28 24 at
1949 5377 148 27 Lawrence
2119 5379 29 23 at
2176 5377 63 25 I.4i>
2262 5381 68 29 p.m.
2354 5382 35 18 on

1829 5416 144 40 following
1987 5416 79 37 days*.

1869 5466 132 30 Dunedin
2022 5463 130 39 Booking
2168 5460 86 34 Office
2267 5463 45 29 for
2325 5462 50 30 Pas-

1832 5517 113 29 sengers
1959 5506 56 29 and
2029 5504 226 29 ParcelsN.Z.
2270 5504 121 37 Express

1833 5547 76 30 Co.'s
1924 5543 94 38 Office,
2030 5545 208 34 Manse-street,
2252 5542 139 39 Dnnedin^

1870 5597 84 31 Head
1978 5596 101 28 Office:
2116 5593 174 37 Peel--streefc,
2314 5593 58 29 Law-

1832 5647 97 19 rence.-

1970 5674 43 32 H,
2031 5670 117 36 CRAIG
2166 5677 25 26 &
2213 5672 68 39 CO.,

2174 5715 182 37 Proprietors.

2403 183 5 53 I
2425 190 203 57 BOTH
2675 188 189 57 EYES
2923 188 155 56 AND
3121 189 167 56 TWO
3328 187 217 58 EARS.

2728 258 85 37 (FOR
2832 258 26 29 A
2877 256 175 39 MOMENT,
3074 261 168 38 PLEASE.)

3079 300 14 15 .<•
3286 303 21 21 I.

2993 326 4 15 '
3007 326 5 10 1
3045 327 12 14 J

2417 341 133 32 VOUR
2568 343 130 28 interests
2711 350 47 28 my
2771 339 103 30 careful
2888 340 91 38 study.
3018 336 57 36 We
3088 352 63 28 may
3164 343 70 30 have
3246 346 58 27 met
3319 342 105 35 before,
3438 351 32 19 or
3482 344 72 35 per-'

2505 380 46 40 hap
2566 380 16 40 3
2597 380 61 40 have
2672 389 84 18 never
2769 382 65 25 met.
2875 380 72 34 Still,
2959 390 42 18 we
3013 391 52 18 can
3087 382 34 28 be
3133 380 105 31 friends
3251 383 28 27 in
3292 380 142 36 sunshine,
3448 383 99 31 storm,

2414 425 117 36 poverty
2544 432 33 17 or
2588 417 109 32 wealth.
2738 418 59 29 One
2811 417 61 30 Call
2884 429 31 18 or
2928 430 52 19 one
2994 420 89 29 Order
3095 421 56 28 will
3163 422 34 29 be
3210 422 49 29 the
3271 421 61 30 first
3344 421 30 30 of
3387 430 92 28 many.
3530 417 4 44 -
3553 417 1 44 .

2490 461 102 28 Orders
2606 460 37 37 by
2657 459 76 33 Post,
2747 454 86 38 Wire,
2844 468 32 18 or
2888 458 163 39 Messenger
3062 461 100 37 always
3172 461 104 28 receive
3286 461 101 39 special
3397 458 145 30 attention.

2490 501 80 34 New,
2583 499 81 34 Neat,
2677 497 56 29 and
2747 497 175 29 Serviceable
2936 498 91 30 Goods
3041 510 46 18 are
3100 500 125 29 received
3238 510 81 29 every
3334 500 87 29 week.

2437 538 8 26 ;
2445 538 18 26 •-
2490 540 47 28 All
2562 538 110 28 Parcels
2695 537 137 28 delivered
2858 538 133 38 (carriage
3013 540 75 37 paid)
3104 543 29 26 to
3146 550 70 28 your
3228 541 79 28 door;
3342 540 129 28 Patterns
3492 537 55 29 and

2418 579 124 39 Samples
2556 581 62 25 sent
2632 578 68 28 Post
2714 576 78 29 Free.

2835 667 61 71 s.
2897 654 487 101 ronttNT,;

2570 771 102 31 CASH
2693 770 165 36 DRAPER,
2879 771 204 38 MILLINER,
3102 775 82 28 AND
3203 775 208 30 IMPORTER.

2803 820 71 29 Ross
2896 821 96 38 Place,
3013 823 164 32 Lawrence.

2924 921 232 39 WHAT'S
3221 923 185 38 THIS?

2498 1520 58 97 pli

2499 1606 58 32 m
2592 1608 56 30 m

2772 1018 172 58 COLONIAL
2958 1020 191 28 Tweed—Mosgiel,
3163 1022 94 27 Kaiapoi,
3266 1023 41 21 and
3316 1022 201 26 Roslyn—Trousers
3527 1022 22 20 to

2843 1053 98 20 measure,
2952 1046 53 22 from
3015 1048 40 22 15s.

2822 1081 94 22 Colonial
2926 1081 39 21 and
2975 1082 84 26 English
3068 1084 74 21 Tweed
3149 1084 39 21 Sae
3197 1085 56 20 Suits
3262 1086 21 19 to
3292 1091 99 19 measure,
3410 1084 53 21 fiorn
3477 1083 28 22 £3
3519 1081 30 24 ss.

3031 1149 72 30 WE
3159 1150 143 29 WANT

2774 1190 44 22 Our
2827 1197 61 20 many
2898 1190 86 21 friends
2994 1190 39 21 and
3043 1190 35 22 the
3088 1190 68 28 public
3164 1192 21 20 to
3193 1190 60 22 know
3264 1191 46 22 that
3318 1199 29 13 we
3352 1190 52 22 have
3410 1190 44 28 just
3464 1189 85 28 opened,

2923 1226 26 13 ex
2959 1225 33 14 s.s.
3004 1219 114 24 Kaikoura,
3128 1225 38 14 our
3175 1219 92 20 Season's
3275 1216 104 27 shipment
3388 1218 22 21 of

3101 1237 37 15 :fc/7
3191 1237 2 24 •
3308 1238 24 18 V
3511 1247 11 11 ?<
3526 1239 28 22 Tf

2772 1270 97 23 GENTS'
2883 1272 73 21 HATS
2972 1271 53 25 (best
3038 1271 85 27 makes),
3139 1271 69 27 TIES,
3223 1271 133 24 COLLARS,
3370 1270 103 23 SHIRTS
3483 1270 71 27 (ready

2821 1299 59 21 made
2888 1306 23 15 or
2920 1303 21 17 to
2951 1299 73 26 order),
3035 1299 126 22 CYCLING
3168 1298 150 22 SWEATERS
3327 1299 41 22 and
3377 1298 126 22 CYCLING
3514 1300 40 21 vil

3081 1326 164 22 STOCKINGS.

2824 1380 69 26 Agent
2912 1380 32 21 for
2961 1381 99 25 Tuapeka
3075 1380 110 21 for—New
3207 1380 68 26 Rapid
3295 1380 103 27 Bicycles;
3421 1380 50 26 also,
3490 1380 63 26 Cycle

2775 1408 82 27 Lamps,
2866 1408 62 25 Bells,
2939 1408 86 21 Outside
3034 1408 82 23 Covers,
3126 1407 41 22 and
3175 1407 28 22 all
3212 1408 134 26 Cyclealities.

2914 1627 95 30 ROSS
3030 1627 133 35 PLACE,
3184 1627 228 30 LAWRENCE.

2429 1914 363 92 DlLltff

2846 1952 143 54 mu
3020 1952 132 53 tiMi
3184 1952 118 51 bill

2521 2112 452 61 KABBITSKIN
3003 2112 288 60 SEASON.
3338 2111 133 57 LBB6.

2629 2286 21 21 ife
2667 2285 56 26 00,
2744 2283 107 23 Lim.ted
2939 2283 24 21 to
2973 2281 68 25 iutim
3050 2287 32 19 ite
3095 2281 50 26 that
3165 2282 55 30 thay
3232 2280 58 27 hold
3304 2280 103 25 Auction
3429 2280 64 24 Sales
3512 2279 25 25 of

2494 2354 116 23 KAB3II
2632 2354 81 23 KINS
2739 2351 119 30 regularly

2784 2419 131 27 VERY
2984 2424 19 19 It
3018 2424 21 26 f
3053 2423 20 23 ()
3088 2423 17 22 N
3125 2422 22 23 D
3165 2426 19 19 A
3202 2421 36 25 Y.

2493 2528 16 14 p
2512 2527 43 23 arti
2566 2535 19 14 •n
2599 2535 26 15 a'*
2636 2527 114 23 attention
2766 2527 18 22 is
2798 2533 27 21 pa
2829 2522 3 33 :
2837 2525 13 22 d
2865 2528 25 19 to
2910 2525 39 23 the
2962 2524 64 23 Olass
3029 2522 3 33 :
3038 2532 30 23 ng
3082 2523 44 24 and
3276 2523 39 24 the
3337 2523 66 24 skins
3422 2522 34 25 for
3474 2523 58 24 sals,

2403 2556 2 33 t
2432 2560 141 23 V,ilnat:on3
2587 2568 35 12 y-
2637 2560 69 22 mide
2723 2560 23 21 of
2759 2565 72 23 every
2844 2558 34 22 lot
2887 2564 64 23 prior
2963 2561 22 20 to
3009 2557 50 23 sal*
3078 2556 49 24 ani
3142 2565 30 15 no
3184 2556 69 24 effjrt
3273 2556 20 24 is
3305 2556 125 33 spared'to
3450 2561 83 19 sWure

2402 2584 2 36 I
2432 2593 100 27 [iiiihtat
2554 2592 90 24 .Mark.t
2670 2591 80 26 Value.

2402 2614 2 19 i
2463 2614 13 10 °

2824 2662 14 23 S
2856 2658 86 25 HEE
2959 2658 18 25 P
2987 2659 16 24 S
3012 2659 27 26 JL
3051 2659 13 24 I
3077 2658 21 26 2*
3112 2661 23 22 S.

2489 2726 118 25 £»algety
2623 2724 48 25 and
2689 2724 51 29 Co.,
2751 2723 111 31 Limited,
2874 2722 57 25 hold
2945 2720 51 34 sale
3009 2720 12 34 3
3034 2720 63 34 Every
3112 2721 66 25 THE
3185 2721 35 25 ID
3229 2721 45 27 VY,
3307 2721 39 25 All
3357 2720 68 27 sk'.ns
3436 2721 95 26 classel

2427 2760 47 24 and
2487 2760 84 23 valued
2583 2759 14 23 b
2613 2760 49 21 lore
2681 2758 58 23 sale.
2773 2756 102 31 Highest
2890 2756 95 24 Market
2996 2754 77 26 Value
3083 2755 113 25 returned
3214 2756 38 23 tor
3264 2754 35 26 all
3308 2754 196 33 Consignment*.

2488 2828 115 25 Proceeds
2618 2827 25 24 of
2665 2826 48 26 sale
2737 2826 111 26 remitted
2862 2826 131 31 promptly.
3038 2824 90 26 Advice
3142 2827 70 23 notes
3227 2825 49 25 and
3299 2825 74 25 labels
3396 2824 137 27 forwarded

2428 2871 29 15 on
2476 2862 151 30 application.
2745 2862 2 30 •
2777 2862 3 30 .

2491 2929 103 25 Address
2611 2935 59 23 your
2691 2928 182 30 consignments
2893 2927 26 24 to

2894 2994 158 25 DALGETY
3068 3001 50 17 asd
3133 2995 58 28 CO.,
3213 2995 118 27 Limited,
3351 2996 124 25 Dunedin.

3021 3289 111 27 FANCY
3158 3288 111 26 GOODS
3286 3288 70 24 AND
3377 3286 164 25 DRAPERY.

3010 3351 97 54 FJ
3121 3347 4 58 t
3133 3347 2 58 •
3152 3351 71 22 WAT
3313 3349 89 24 desires
3428 3354 24 18 to
3478 3347 73 30 notify

3052 3403 6 5 .
3090 3386 53 22 tl-at
3158 3385 41 23 she
3212 3384 70 29 keeps
3293 3383 23 25 in
3325 3384 67 24 stock
3409 3381 85 25 Ladies
3506 3386 45 19 and

3005 3419 113 23 Children
3128 3425 11 16 s
3158 3417 196 29 Underclothing,
3369 3416 49 23 and
3430 3417 29 21 all
3478 3415 43 24 kin
3528 3415 25 24 is

3005 3452 22 22 ef
3043 3452 115 29 Drapery.

3035 3493 79 33 Faucy
3128 3493 80 25 Oo'jdn
3220 3502 13 15 a
3248 3493 138 32 Specialty.

3040 3539 133 22 Christmas
3182 3538 48 23 and
3242 3536 54 24 New
3310 3536 63 23 Year
3384 3540 138 26 presents—

3126 3579 12 15 a
3156 3575 64 26 great
3234 3570 87 29 variety
3332 3575 24 18 to
3368 3570 72 31 ham!.

3124 3605 135 22 Inspection
3271 3603 94 23 Invited

3028 3636 112 30 Painting
3152 3637 45 22 and
3209 3641 36 18 an
3269 3633 151 26 needlework
3433 3634 87 28 taught

3094 3672 111 19 bummer
3217 3667 82 23 Goods
3314 3674 52 16 nowr
3377 3675 32 18 pa
3428 3667 61 23 liaod

3005 3709 389 31 Address—Urmoud'sßui.ding
3405 3711 144 29 Roxburgh.

3065 3849 30 26 H,
3144 3850 23 23 11
3201 3850 19 23 A
3253 3849 11 24 I
3297 3849 19 24 N
3353 3848 22 26 H
3409 3851 20 22 A
3461 3850 36 25 M.

3126 3919 23 23 Is
3169 3920 114 31 prepared
3309 3923 24 21 to
3359 3920 78 31 repair

3126 3988 106 27 COOTS
3261 3997 50 18 and
3341 3988 100 26 SHOES

3170 4013 2 16 •
3246 4013 4 16 v
3266 4013 1 16 .
3274 4014 25 14 w'O
3374 4013 3 16 ,
3396 4015 12 13 ,f
3410 4015 5 8 r
3424 4013 25 16 ;TI
3495 4013 3 16 •
3511 4013 3 16 ,
3528 4015 7 13 I

3126 4069 23 19 at
3177 4063 123 25 moderate
3329 4062 107 32 charges.

3038 4132 58 25 Also
3117 4133 147 25 4ccordtous
3290 4132 47 24 and
3365 4131 143 26 Concertina

3069 4274 85 26 ME'B
3176 4276 18 23 S
3219 4274 87 27 EIDB
3337 4275 68 25 AND
3431 4275 66 28 CO.,

3112 4332 108 32 Surgical
3238 4333 46 22 and
3304 4330 150 26 Mechanical

3230 4364 109 25 Dentists

3201 4403 45 35 (6j
3276 4408 90 30 exam.)

3015 4582 86 66 Mr
3122 4579 90 24 XIDD
3237 4578 53 24 who
3315 4575 43 25 baa
3381 4574 46 25 had
3452 4574 108 26 fourteen

3120 4625 69 24 years
3203 4617 134 30 experience
3356 4614 56 24 with
3432 4614 41 23 Mr
3494 4614 24 22 fcJ.
3537 4615 24 23 >.

3011 4655 81 30 Myers
3118 4659 55 21 may
3200 4650 28 23 be
3255 4648 126 25 consulted
3410 4652 21 18 at
3462 4645 98 25 Heron's

3011 4682 156 28 Commercial
3190 4682 72 23 Hotel
3276 4679 134 30 Roxburgh,
3434 4679 50 23 Oct.
3495 4679 65 27 23rd,

3011 4720 47 21 and
3074 4718 25 23 in
3113 4716 76 23 future
3201 4721 70 22 every
3282 4713 76 23 fourth
3370 4711 92 30 Friday.

3043 4754 31 19 Ab
3097 4755 33 17 we
3159 4746 79 24 intend
3263 4744 94 30 visiting
3389 4746 47 20 this
3467 4742 91 25 district

3010 4781 108 29 monthly
3130 4780 16 23 it
3159 4779 45 23 will
3221 4784 55 18 save
3295 4777 100 30 patients
3406 4776 40 24 the
3458 4782 102 23 expense

3010 4814 25 23 of
3048 4814 72 30 going
3133 4818 23 17 to
3170 4811 78 25 Town,
3276 4809 45 23 atid
3337 4816 27 15 as
3381 4816 34 16 we
3433 4813 113 24 guarante

3010 4848 30 23 all
3053 4846 63 24 work
3133 4843 103 31 patients
3249 4850 51 22 may
3320 4841 48 30 rely
3391 4849 31 16 on
3439 4842 90 30 getting

3012 4878 127 25 first-class
3152 4875 94 24 article-

3042 4909 74 26 Teeth
3140 4906 120 27 extracted
3292 4905 47 25 and
3370 4904 109 32 replaced
3507 4904 54 25 with

3011 4948 134 22 temporary
3158 4940 108 23 art.ficial
3278 4947 57 16 ones
3350 4939 84 23 within
3445 4941 28 20 48
3489 4937 72 24 hours

3042 4975 106 23 Painless
3159 4972 142 23 txtarctions
3314 4971 57 23 with
3383 4970 97 24 Nitrous
3488 4970 73 23 Oxide

3011 5008 48 23 Gas
3075 5005 117 25 Coeoaine
3208 5003 73 25 Ether
3297 5011 26 16 or
3337 5002 160 24 Chloroform.

3027 5037 181 31 Stoppinfj-with
3218 5037 63 21 Gold
3292 5035 125 29 Amalgam
3427 5042 28 15 or
3464 5035 97 23 Cement

3041 5070 82 31 Single
3135 5068 77 24 Tooth
3226 5068 46 23 10a.
3291 5070 53 21 Seta
3357 5066 95 31 equally
3467 5066 79 23 moder-

3012 5110 55 17 ate..
3115 5102 185 28 Arrangements
3318 5099 45 24 will
3377 5099 29 24 be
3422 5099 70 24 made
3507 5098 54 24 With

3012 5137 66 23 those
3099 5132 53 26 who
3168 5137 87 20 cannot
3282 5140 46 23 pay
3353 5131 43 25 full
3420 5136 98 21 amount
3539 5134 23 21 at

3013 5176 65 16 once.
3123 5166 73 24 Teeth
3217 5166 70 24 made
3313 5166 30 28 by
3372 5164 68 24 other
3463 5165 100 23 dentists

3013 5201 100 30 proving
3125 5198 183 29 unsatisfactory
3316 5204 54 23 may
3380 5197 28 24 be
3418 5196 145 31 remodeled

3012 5238 23 19 at
3046 5232 69 25 small
3125 5236 62 19 cost.

3021 5273 262 32 (^Extractions-2s
3299 5271 40 27 6d,
3372 5271 107 28 Gas-7s

3012 5398 58 61 fff-
3152 5402 34 40 J.
3264 5400 306 45 WILLIAMS,

3036 5473 203 24 HAIRDRESSER
3257 5472 64 23 AND
3339 5472 202 28 TOBACCONIST,

3163 5513 4 30 ;
3178 5521 8 6 '
3208 5513 165 30 Lawbence.

3048 5578 153 38 LADIES'
3230 5583 300 33 HAIRCOMBINGB

3074 5640 9 16 ,
3089 5626 116 31 JtADJB
3222 5624 96 33 INTO
3335 5624 148 33 PLAITS.

3014 5700 102 32 Orders
3125 5701 38 40 by
3169 5704 65 37 post
3240 5700 141 41 promptly
3386 5700 134 32 attended
3527 5703 43 29 tcv

3587 256 59 58 D.
3691 256 63 59 M

3787 251 169 27 ITCH
3989 249 19 26 E
4041 247 20 26 L
4092 245 21 26 h

3637 386 70 39 fae
3751 397 160 27 POPHLA.R
3946 390 128 35 AOU3EV

3757 458 21 27 L
3783 459 97 26 A.WRE
3887 460 12 24 N
3900 459 5 9 T
3907 459 18 25 C
3930 459 26 24 E.

3761 503 3 21 ■
3900 503 6 20 i
3957 510 22 14 t-
3989 503 2 21 ■
4005 516 5 6 ,

3590 542 11 16 s
3615 541 51 16 now
3683 531 104 33 opening
3805 539 31 22 up
3855 529 40 25 his
3918 527 64 26 First
4003 525 129 32 Shipnasat

3593 577 25 23 of
3634 576 143 25 SUMMER
3792 571 171 30 DIUPERV,
3982 569 132 27 consisting
4144 574 14 16 /

3592 621 25 24 of
3624 621 29 24 all
3665 621 40 24 the
3713 621 70 23 latest
3794 617 119 26 novehie3
3923 618 35 23 for
3969 615 40 25 the
4018 614 95 30 coming

3660 667 92 21 season,
3770 657 48 25 and
3832 657 77 31 prices
3922 657 24 22 to
3963 654 91 24 match*
4087 661 30 23 y

3697 698 122 27 Millinery
3834 703 14 17 a
3872 693 136 32 Speciality.

3775 835 75 26 Visits
3885 834 91 24 Millers
4002 832 54 25 Eiat
4096 830 32 26 nd
4158 838 17 17 v»

3584 875 128 31 Roxburgh
3725 882 71 23 every
3811 874 35 24 six
3864 873 85 25 weeks.

3613 1435 130 22 ROYAL
4184 1433 5 28 \

3599 1472 159 21 WARRANT
4021 1475 46 20 I,ME
4077 1470 86 29 QJESU
4183 1463 6 45 J

3600 1509 69 28 mBY
3679 1496 508 45 SPECIALI

3597 2241 96 116 ■Q
3950 2242 100 76 |gf
4068 2242 103 117 g

3603 2375 103 48 V/%
3733 2380 73 35 ®Ba
3840 2380 77 37 spp»

3635 2730 152 35 TOtfaiLL,
3808 2729 140 32 vVA.TiO-l'
3981 2731 18 25 &
4019 2728 63 33 Ca>

3820 2759 4 15 »
3878 2759 2 15 •
3904 2763 5 11 »
4094 2759 4 15 1
4110 2762 5 6 *
4121 2759 2 15 ■

3676 2782 144 26 Esk-strest.
3840 2777 154 31 Invercargill
3997 2794 12 14 r

3594 2829 54 26 Sole
3661 2829 88 29 Agents
3765 2826 34 26 for
3814 2827 76 29 Usag>
3906 2823 47 25 and
3966 2819 141 29 Southland,

3584 3283 64 24 TiiK
3689 3283 171 26 GREATEST
3904 3283 147 25 WONDER
4067 3282 3 27 '
4096 3282 45 26 OF

3716 3327 143 25 MODERN
3890 3327 102 25 TIMES

3621 3397 245 57 HOLLO
3879 3372 262 80 WAYS!

3685 3469 2 18 ■
3720 3475 10 10 ...
3743 3469 3 18 •
3770 3472 14 13 >t
3819 3469 4 18 ■
3834 3473 20 14 ;i>
3911 3469 37 17 J.'.i
3989 3472 29 15 -i.|

3654 3499 90 26 PfLLS
3776 3498 71 25 AND
3880 3497 177 26 OINTMENT

3767 3612 68 24 THE
3864 3611 94 25 PILLS

3589 3657 81 30 Purify
3682 3656 40 24 the
3734 3655 51 23 Bio-
3793 3655 122 28 d,correct
3925 3655 32 23 all
3967 3654 132 26 LliOtders
4111 3656 28 24 of

3586 3689 39 24 the
3637 3687 80 30 Liver,
3728 3687 59 24 Ston
3798 3685 176 31 ach,Kidneys,
3983 3687 49 24 and
4040 3687 97 24 Bowels

3586 3722 65 29 They
3675 3719 134 32 invigora'e
3837 3718 47 25 and
3906 3723 92 22 restore
4012 3722 28 22 to
4054 3720 85 25 health

3587 3753 145 26 Debilitated
3742 3751 185 31 Constitutions,
3936 3752 48 25 and
3993 3760 40 17 are
4043 3752 84 27 invalu-

3586 3787 54 25 able
3666 3786 24 24 in
3719 3785 32 25 all
3783 3784 143 31 complaints
3956 3784 130 26 incidental
4114 3791 28 21 to

3588 3819 106 26 Females
3704 3819 28 24 of
3741 3817 33 26 all
3784 3824 65 24 ages,

3722 3892 70 26 THE
3823 3889 182 28 OINTMENT

3590 3937 10 25 L
3636 3945 28 16 an
3680 3936 118 24 intaiiible
3818 3941 98 25 remt*y
3946 3941 28 18 or
4000 3935 53 25 Bad
4068 3936 73 31 Legs,

3589 3970 49 24 Bad
3656 3970 104 28 Breasts,
3782 3966 46 26 Old
3856 3967 116 31 Wounds,
3998 3967 72 26 Sores
4092 3970 49 24 and

3589 4004 89 24 Ulcers.
3709 4002 35 24 fc«i
3777 4001 59 24 Sore
3861 4000 107 30 .Throats,
3993 4000 145 33 Bronchitis,

3586 4037 106 31 Coughs,
3728 4033 81 31 Colds,
3850 4033 77 31 Gout,
3964 4034 173 32 Rheuoatism,

3588 4071 132 25 otlaodular
3727 4068 134 30 Swellings,
3868 4069 48 23 and
3924 4066 33 25 all
3963 4067 59 25 Skin
4030 4068 113 26 Diseases

3609 4104 41 23 has
3665 4109 34 18 no
3833 4102 22 20 -*3
3874 4104 121 29 ■-.•■*}>.y

3687 4137 7 14 j
3707 4129 3 24 ■
3749 4136 9 14 ■;
3777 4129 2 24 ■
3945 4129 32 21 ,-i
4012 4129 4 24 -
4058 4141 10 12 v

3622 4184 183 24 Manufactured
3849 4182 59 30 only
3955 4184 24 23 at
4020 4183 123 26 Professor

3593 4218 160 25 UottowA-v's
3770 4215 199 27 Establishment,

3582 4251 1 23 ■
3737 4251 4 23 i
3746 4251 3 23 ;
3755 4258 24 14 (-v
4111 4251 8 23 \
4129 4251 4 23 *

3591 4301 33 27 78,
3638 4300 73 24 NEW
3720 4299 56 24 OX-i
3784 4299 65 23 ORD
3866 4298 127 28 STREET,
4009 4298 134 26 LONDON

3594 4347 55 25 And
3656 4353 54 26 may
3720 4346 29 25 be
3764 4345 45 26 had
3820 4346 25 24 of
3856 4346 33 25 all
3902 4345 119 27 Medicine
4032 4346 115 26 Vendors

3723 4379 148 29 throughout
3881 4379 41 25 the
3936 4379 82 26 world,

3607 4447 193 31 fafPurckasers
3809 4447 87 26 sooald
3906 4447 56 26 look
3975 4450 26 23 to
4015 4448 38 25 tha
4069 4447 79 27 Labe'

3590 4492 30 15 on
3632 4483 41 23 the
3687 4482 59 23 Pots
3762 4482 47 23 and
3822 4480 87 25 Boxes.
3945 4480 22 26 If
3983 4482 41 24 the
4043 4482 103 26 address

3591 4518 62 20 isnot
3664 4515 36 26 78,
3708 4513 59 24 Ne#
3777 4513 91 22 Oxford
3882 4520 10 15 a
3896 4513 245 32 nreat.London,they

3592 4553 38 16 »re
3642 4545 112 31 spuxioue
4031 4564 5 6 .

3593 4978 230 63 GREATFORD
3854 4978 195 28 BOTANICAL
4079 4979 66 28 DISi

3703 5010 82 25 PENS
3791 5009 32 26 IN
3826 5011 23 25 g
3867 5007 235 40 COMPANY;;,;

3861 5052 8 14 1
3869 5052 8 14 >
3883 5052 1 23 1
3931 5052 4 23 '
4031 5058 19 17 J*

3619 5075 23 25 If
3652 5082 46 25 you
3716 5082 39 17 are
3770 5075 51 25 sick
3835 5084 22 15 in
3875 5084 47 23 aay
3948 5085 51 23 way
4023 5079 122 27 whatever

3591 5109 57 25 send
3664 5117 22 16 a.
3692 5109 110 29 stamped
3815 5111 117 29 envelope
3944 5115 23 20 to
3989 5119 45 17 oar
4054 5120 94 25 agency

3594 5142 143 31 Wellington
3770 5145 63 21 Btate
3850 5143 42 24 the
3916 5150 53 18 case
3990 5152 26 16 as
4030 5146 118 32 minutely

3592 5183 38 16 are
3642 5174 104 31 possible
3770 5176 51 23 and-
3833 5183 51 23 you
3906 5177 94 25 receive
4016 5178 83 25 advice
4117 5180 33 31 by

3593 5213 82 19 return
3675 5209 3 33 1
3692 5211 59 26 post.
3767 5210 50 21 Our
3826 5211 85 28 agents
3929 5216 40 18 are
3978 5209 33 25 all
4020 5210 126 32 qualified.

3593 5240 22 23 If
3626 5247 46 24 you
3694 5239 96 26 enclose
3810 5241 27 24 2*
3852 5240 32 25 6d
3902 5249 35 18 we
3958 5242 49 26 will
4022 5244 60 24 tend
4098 5252 48 23 you

3593 5280 43 17 our
3645 5272 52 26 best
3712 5273 95 31 remedy
3824 5274 39 24 for
3875 5275 40 23 the
3929 5282 60 23 case;
4002 5275 89 34 lasting
4101 5285 46 24 you

3594 5312 46 21 two
3658 5306 85 25 weeks.
3777 5306 54 27 You
3849 5315 55 18 save
3918 5315 87 26 money
4030 5311 48 23 aud
4089 5311 44 25 doc-

3595 5339 55 23 tors'
3680 5338 62 29 bills,
3772 5339 55 26 You
3847 5341 94 26 receive
3969 5338 82 30 advice
4070 5349 31 18 on
4115 5344 33 24 all

3595 5374 92 28 points,*
3702 5372 46 24 and
3769 5374 39 23 ihe
3820 5379 81 25 purest
3917 5375 121 26 remedies
4049 5381 52 20 sent
4122 5384 26 17 at

3595 5410 31 18 110
3639 5409 67 19 extra
3727 5411 52 19 cost
3793 5407 57 24 than
3863 5405 20 25 if
3897 5407 134 31 personally
4045 5408 103 31 bought,

3596 5436 30 32 by
3638 5437 71 33 doiofc
3727 5446 59 23 your
3798 5440 110 26 business
3926 5440 57 26 with
3993 5448 31 19 us
4040 5441 32 34 t>y
4086 5446 63 28 post.

3595 5471 102 25 Consult
3708 5475 25 21 at
3746 5479 65 19 once.
3847 5474 120 26 Ailments
3984 5474 77 26 which
4073 5482 41 19 are
4124 5479 26 22 at

3595 5503 41 25 the
3646 5508 58 20 time
3716 5505 103 31 thought
3832 5508 25 22 to
3870 5507 29 25 be
3910 5506 59 31 light
3986 5515 38 17 are
4032 5508 67 26 often
4108 5510 42 24 the

3595 5536 128 33 beainning
3739 5536 25 26 of
3776 5538 91 26 serious
3881 5547 183 25 consequences,
4075 5542 76 25 which

3595 5567 19 27 If
3628 5569 74 26 taken
3718 5571 29 24 in-
3758 5571 57 26 time
3824 5579 39 18 are
3875 5571 109 28 checked
3994 5579 47 21 and
4052 5575 83 26 cured.

3855 5635 190 28 BOTANICAL
4065 5637 53 25 CO.

3597 5670 147 36 Wellington
3756 5681 7 24 ;
3777 5673 52 27 also
3837 5677 26 23 at
3878 5674 106 34 Sydney,

3656 5708 137 32 Capetown,
3804 5708 49 27 and
3865 5707 100 28 Lincoln
3976 5709 154 33 (England),-
