4240 5920
150 225 87 29 NEW
250 224 176 29 ZEALAND
446 222 139 28 MINING

278 262 177 28 MATTERS.

84 334 76 31 [From
172 342 46 19 the
231 339 104 22 Evening
348 337 78 23 Stab's
439 337 202 23 Correspondent.

366 392 106 27 London,
484 391 90 30 August
584 390 34 22 21.

115 422 89 31 During
224 423 39 24 the
282 425 52 28 past
350 422 63 23 week
433 422 64 23 there
517 422 56 21 have
592 420 55 23 been

86 452 138 24 indications
241 454 24 22 in
280 453 80 29 plenty
370 452 23 23 of
407 459 13 16 a
435 450 85 25 revival
537 451 23 22 in
576 449 72 24 South

87 483 114 28 Africans,
212 483 45 23 and
273 485 59 21 most
348 482 24 23 of
388 482 63 23 those
468 480 124 24 interested
611 487 38 16 are

87 513 109 30 sanguine
212 513 53 23 that
282 520 13 16 a
311 513 65 23 boom
393 512 46 24 will
456 515 35 20 set
507 511 24 23 in
546 518 54 16 once
610 510 39 24 the

87 543 105 30 holidays
207 550 38 16 are
262 550 60 16 over.
360 543 73 23 There
450 543 40 22 has
506 542 55 22 been
576 549 12 15 a
599 548 38 16 con-

87 573 112 23 siderable
218 575 94 21 amount
331 572 23 23 of
378 572 85 30 buying
482 579 30 16 on
531 571 75 24 behalf
626 570 23 23 of

87 603 62 30 Cape
167 603 88 30 people,
275 603 45 22 and
341 603 46 22 this
406 603 50 28 sign
475 602 23 23 of
522 602 127 23 confidence

87 635 63 21 must
160 633 57 23 have
227 640 13 15 a
251 632 116 23 beneficial
376 632 67 23 effect
452 631 32 24 all
493 631 79 24 round.
604 631 46 23 But

87 663 61 24 until
172 663 39 23 the
235 664 64 29 great
322 661 55 25 B.P.
404 663 40 22 has
468 663 57 23 done
549 662 88 29 holiday-

87 692 94 30 making
197 694 20 21 it
233 694 20 21 is
270 692 81 30 hardly
365 693 98 29 possible
480 693 51 22 that
546 699 44 22 any
600 698 37 22 par-

88 722 83 24 ticular
180 723 154 31 appreciation
345 723 23 24 in
384 722 57 24 New
451 722 97 24 Zealand
565 722 86 29 mining

87 754 79 25 •hares
181 754 47 24 will
245 762 73 17 occur.
358 754 89 31 During
463 754 40 23 the
517 753 62 24 week
595 753 55 30 they

89 785 59 23 have
163 793 29 15 on
210 786 39 22 the
267 786 72 22 whole
355 785 55 23 been
427 785 88 29 steady,
534 784 39 22 the
592 787 59 18 most

89 815 127 29 important
230 815 94 29 upward
342 817 127 21 movement
485 814 67 29 being
567 814 23 22 in
600 819 37 16 con-

90 845 91 23 nection
200 845 58 23 with
277 844 87 24 Tararu
387 844 92 28 Creeks,
500 843 73 23 which
593 843 57 22 have

89 874 99 24 tonched
209 875 45 28 10s,
279 882 29 15 on
332 882 14 16 a
366 875 63 23 cable
453 873 142 30 announcing
611 873 39 22 the

89 904 146 30 satisfactory
246 905 103 30 working
358 905 23 24 of
396 905 39 23 the
445 904 94 30 cyanide
553 910 94 24 process.

89 934 112 30 Taitapus
210 942 39 15 are
258 935 48 22 still
320 936 68 29 going
398 938 84 26 strong.

278 977 191 17 REGISTRATIONS.

118 1000 48 24 The
176 1000 104 24 Hauraki
291 1001 87 23 Golden
388 1000 49 31 Bay
447 1000 81 29 Mines,
545 998 104 28 Limited,

89 1031 42 23 has
150 1031 56 23 been
231 1032 131 29 registered,
394 1032 55 22 with
474 1040 13 14 a
515 1030 84 30 capital
626 1029 24 23 of

90 1061 112 29 £150,000
216 1061 22 23 in
254 1063 29 22 £1
299 1062 84 29 shares,
404 1061 43 24 but
463 1062 18 23 it
497 1062 18 22 is
532 1064 40 20 not
581 1059 69 30 likely

90 1096 25 19 to
124 1091 29 24 be
162 1097 43 24 put
215 1092 76 23 before
303 1092 38 23 the
351 1092 76 30 public
437 1096 40 26 yet
487 1092 85 23 awhile.
604 1090 47 23 The

89 1121 105 24 flotation
204 1122 66 23 when
280 1122 20 23 it
315 1129 78 17 occurs
408 1122 47 24 will
465 1122 27 24 be
507 1122 64 23 made
581 1120 70 24 under

90 1152 166 31 exceptionally
266 1153 58 30 good
334 1154 108 29 auspices.

118 1183 104 22 Another
231 1184 145 28 registration
387 1184 19 21 is
417 1184 50 21 that
485 1183 23 22 of
525 1183 38 22 the
579 1182 72 26 Obago

92 1212 130 31 Syndicate,
231 1212 107 29 Limited,
348 1212 56 24 with
412 1220 13 15 a
433 1212 83 30 capital
524 1212 22 23 of
557 1211 94 29 £20,025

91 1244 24 21 in
139 1244 30 22 £1
194 1243 84 27 shares,
304 1243 141 29 twenty-fire
468 1244 23 21 of
518 1243 73 21 which
615 1249 36 14 are

91 1272 114 22 founders'
215 1272 83 22 shares.
329 1272 47 22 The
383 1272 86 27 objects
476 1272 23 21 of
510 1272 38 20 the
559 1277 92 15 concern

91 1308 39 16 are
150 1304 23 20 to
191 1301 98 29 acquire,
310 1301 102 28 develop,
433 1305 52 22 etc,
507 1307 45 20 any
571 1299 78 26 mines,

91 1331 86 27 mining
186 1331 80 28 rights,
278 1330 44 22 and
338 1329 160 22 metalliferous
509 1329 52 21 land
579 1329 22 21 in
612 1328 39 22 the

90 1359 72 24 South
172 1358 77 23 Island
259 1358 24 23 of
299 1358 56 23 New
365 1358 98 22 Zealand
480 1365 25 14 or
521 1357 126 22 elsewhere.

89 1389 49 23 The
148 1388 83 30 public,
243 1388 12 23 I
270 1387 148 28 understand,
429 1387 47 23 will
492 1390 40 20 not
542 1386 27 23 be
579 1386 70 23 asked

90 1423 25 21 to
124 1418 114 24 subscribe
248 1422 25 20 to
283 1419 39 23 the
332 1418 84 27 capital
425 1418 24 22 of
463 1418 46 22 this
520 1421 99 19 venture.

118 1450 49 23 The
184 1449 142 23 Waitekauri
345 1449 74 23 Union
435 1447 84 25 Claims
535 1447 115 31 Company

91 1480 41 24 has
155 1480 56 23 been
242 1479 132 30 registered,
404 1479 57 23 with
484 1487 14 14 a
521 1478 83 30 capital
628 1479 23 21 of

92 1511 110 27 £150,000
212 1510 23 23 in
245 1511 30 22 £1
292 1510 84 22 shares.
407 1509 47 23 The
468 1509 87 29 objects
571 1508 24 23 of
612 1508 38 23 the

92 1547 117 24 company,
234 1548 25 15 as
282 1543 36 20 set
339 1539 70 29 forth,
439 1546 38 16 are
506 1542 25 20 to
561 1538 90 31 acquire

92 1571 95 24 mineral
211 1571 132 31 properties,
362 1571 78 28 mines,
466 1570 85 30 mining
569 1569 80 31 rights,

92 1606 54 24 etc.,
165 1602 23 23 in
204 1601 57 24 New
277 1602 104 26 Zealand,
400 1601 45 22 and
459 1604 25 19 to
498 1600 94 30 develop
607 1595 44 27 and

93 1634 55 21 turn
158 1634 24 20 to
191 1634 96 20 account
297 1632 39 22 the
345 1638 60 16 same
422 1631 23 23 in
462 1631 54 22 such
526 1637 92 16 manner
628 1637 24 16 as

92 1662 41 24 the
152 1669 110 24 company
281 1662 58 23 shall
357 1668 36 16 see
411 1661 34 28 fit,
463 1661 45 23 and
522 1661 89 23 further
628 1663 24 19 to

93 1693 91 28 acquire
194 1699 44 22 any
249 1692 65 22 other
324 1693 78 26 mines,
413 1692 93 28 mining,
518 1694 78 24 water,
607 1690 45 22 and

92 1722 67 23 other
178 1722 81 30 rights,
279 1725 86 27 grants,
390 1721 77 29 leases,
492 1720 60 28 claim
552 1720 25 28 3,
602 1727 38 16 con-

93 1752 105 29 cessions,
210 1753 90 30 options
317 1752 23 24 of
357 1752 116 31 purchase,
492 1751 161 24 metalliferous

92 1782 63 29 land,
165 1786 43 20 etc.
221 1791 6 19 ;
242 1785 24 21 to
276 1782 95 31 develop
388 1783 44 23 and
449 1785 53 21 turn
518 1786 24 20 to
559 1784 95 21 account

93 1813 40 23 the
143 1820 77 20 same;
234 1813 44 22 and
290 1816 23 19 to
323 1820 65 22 carry
404 1820 28 15 on
448 1813 39 22 the
497 1813 101 22 business
607 1812 24 23 of
640 1820 13 14 a

93 1843 95 30 mining,
223 1842 94 31 milling,
352 1843 113 29 smelting,
498 1842 44 23 and
576 1842 64 23 metal-

94 1872 94 31 lurgical
212 1880 109 23 company
345 1873 23 23 in
392 1873 31 23 all
454 1880 24 15 or
508 1879 44 23 any
576 1872 24 23 of
623 1873 30 22 its

92 1903 117 28 branches,
220 1907 43 19 etc.
294 1903 47 23 The
351 1903 50 23 first
411 1903 160 23 directors—of
581 1903 72 23 whom

93 1933 65 22 there
167 1933 58 22 shall
236 1933 26 22 be
271 1936 42 19 not
327 1934 44 21 less
385 1934 55 21 than
456 1933 64 22 three
535 1940 41 15 nor
593 1940 60 15 more

94 1962 55 23 than
160 1969 134 16 seven—are
310 1967 24 18 to
351 1962 27 23 be
394 1962 86 23 elected
492 1962 29 30 by
532 1962 39 23 the
580 1962 60 31 signa-

92 1994 69 23 tories
171 2002 7 19 ;
205 1992 153 31 qualification
388 1993 67 29 £250,
487 1993 165 24 remuneration

92 2025 60 21 £3OO
170 2031 41 22 per
229 2032 82 14 annum
331 2024 44 22 and
395 2032 12 14 a
427 2028 133 25 percentage
576 2024 23 22 of
614 2024 39 22 the

91 2052 88 31 profits,
190 2052 111 23 divisible.

120 2088 48 24 The
178 2088 78 24 fourth
267 2089 144 30 registration
422 2089 19 23 is
451 2089 52 23 that
513 2089 23 23 of
546 2089 39 23 the
596 2087 56 24 New

92 2118 98 25 Zealand
217 2118 65 24 Joint
306 2118 44 24 and
375 2119 96 24 General
495 2119 156 28 Corporation,

92 2148 108 29 Limited,
218 2149 56 23 with
291 2157 13 15 a
318 2150 84 26 capital
418 2150 24 23 of
457 2150 110 28 £250,000
583 2150 23 22 in
622 2150 29 23 £1

92 2180 84 22 shares.
213 2179 108 27 Objects:
342 2180 120 29 Primarily
480 2183 24 19 to
523 2180 70 28 adopt
608 2180 44 21 and

92 2216 65 21 carry
167 2209 49 22 into
226 2209 66 22 effect
302 2216 28 15 an
340 2212 130 27 agreement
479 2209 65 23 made
551 2208 101 23 between

93 2239 28 23 R.
133 2239 80 24 Jewell
228 2239 23 23 of
262 2239 38 23 the
310 2247 41 15 one
361 2242 59 26 part,
441 2239 44 23 and
502 2239 24 23 P.
546 2239 22 23 J.
588 2239 64 29 Hays

94 2270 33 27 (as
137 2274 86 19 trustee
233 2270 35 22 for
277 2270 45 22 and
330 2277 28 15 on
363 2268 79 25 behalf
449 2270 24 23 of
481 2270 46 23 this
533 2271 119 28 company)

93 2300 24 23 of
127 2300 38 23 the
175 2300 66 23 other
255 2302 66 27 part;
341 2302 24 21 to
382 2300 114 28 institute,
513 2303 65 20 enter
595 2300 56 27 into,

94 2337 65 22 carry
169 2338 36 19 on,
223 2331 67 22 assist
306 2338 25 15 or
348 2331 136 29 participate
499 2331 24 21 in
539 2329 112 28 financial,

94 2360 147 28 commercial,
264 2360 138 28 mercantile,
423 2360 129 28 industrial,
576 2367 61 16 manu-

92 2390 122 32 facturing,
225 2390 45 25 and
280 2391 66 24 other
355 2390 133 30 businesses,
504 2390 81 30 works,
602 2399 37 15 con-

94 2425 79 24 tracts,
193 2421 171 30 undertakings,
388 2423 44 22 and
452 2422 105 22 financial
576 2428 64 23 opera-

94 2452 61 22 tions
171 2451 24 23 of
207 2451 31 23 all
255 2451 75 28 kinds,
351 2460 24 14 as
394 2459 110 22 company
519 2455 132 26 promoters,

93 2481 105 29 bankers,
209 2481 168 27 underwriters,
388 2482 195 28 concessionaires,
599 2484 53 24 etc.;

94 2511 45 24 and
158 2512 90 23 further
267 2515 24 20 to
310 2513 89 30 acquire
414 2512 45 23 and
474 2514 67 26 mine,
559 2512 92 30 mining,

94 2546 79 25 water,
198 2542 44 23 and
266 2543 66 23 other
355 2543 81 30 rights,
462 2545 86 28 grants,
573 2543 78 26 leases,

94 2572 85 27 claims,
202 2573 146 26 concessions,
372 2573 90 28 options
485 2573 24 21 of
534 2573 117 27 purchase,

94 2601 161 24 metalliferous
278 2601 61 29 land,
361 2604 60 26 etc.;
447 2604 23 21 to
492 2601 94 30 develop
607 2600 45 24 and

94 2635 54 21 turn
158 2635 25 21 to
192 2635 95 21 account
300 2633 39 23 the
353 2640 61 16 same
424 2633 22 23 in
457 2633 55 23 such
527 2640 92 16 manner
629 2640 24 15 as

94 2663 41 23 the
142 2670 110 22 company
261 2663 57 23 shall
328 2670 36 16 see
374 2663 34 26 fit,
420 2663 44 23 and
472 2667 24 19 to
506 2670 65 21 carry
579 2670 28 15 on
614 2663 39 22 the

95 2691 102 24 business
206 2693 24 22 of
239 2700 13 15 a
262 2693 93 30 mining,
372 2693 94 28 milling,
484 2693 113 29 smelting,
609 2691 43 24 and

96 2722 163 31 metallurgical
270 2730 108 22 company
395 2723 23 23 in
433 2723 31 23 all
479 2731 26 15 or
522 2730 43 22 any
583 2722 22 24 of
623 2723 30 22 its

96 2752 109 23 branches
215 2761 6 19 ;
239 2756 24 19 to
272 2755 123 25 construct,
407 2754 117 26 maintain,
535 2753 44 22 and
590 2753 62 22 work

96 2782 43 24 rail
149 2782 44 23 and
204 2785 58 21 tram
273 2782 73 29 roads,
364 2783 66 29 piers,
447 2783 108 28 wharves,
575 2782 77 29 docks,

97 2813 148 28 warehouses,
256 2816 55 25 etc.;
321 2816 24 21 to
355 2813 95 30 develop
459 2813 40 23 the
509 2821 112 15 resources
632 2813 22 23 of

97 2843 56 23 such
167 2842 72 28 lands,
251 2846 90 24 estates,
353 2846 53 24 etc.,
418 2851 24 14 as
459 2851 51 21 may
526 2843 58 22 from
599 2844 55 21 time

97 2875 26 21 to
132 2872 55 24 time
197 2872 27 23 be
235 2872 106 31 acquired
348 2872 28 31 by
385 2873 39 23 the
432 2879 109 24 company
550 2872 29 31 by
586 2872 57 24 clear-

97 2903 47 31 ing,
156 2903 112 31 draining,
279 2903 104 31 farming,
400 2903 112 31 planting,
523 2904 44 23 and
583 2903 60 23 build-

97 2934 40 29 ing
156 2934 101 27 thereon,
277 2941 25 16 as
324 2934 99 23 builders
443 2934 44 22 and
506 2937 147 24 contractors,

96 2963 94 21 farmers
209 2963 44 21 and
273 2964 104 27 graziers,
402 2964 163 26 stock-raisers,
594 2963 48 28 ship-

96 2998 95 20 owners,
202 2991 162 29 storekeepers,
376 2995 43 19 etc.
458 2992 47 23 The
523 2992 94 22 number
632 2992 23 22 of

96 3020 110 24 directors
216 3021 19 22 is
251 3023 40 20 not
308 3025 24 18 to
351 3021 27 23 be
398 3021 42 22 less
460 3022 55 22 than
534 3022 63 22 three
614 3029 41 14 nor

97 3056 61 16 more
169 3050 55 22 than
235 3057 66 15 seven
312 3058 6 19 ;
336 3050 38 22 the
392 3051 50 22 first
458 3058 38 15 are
512 3054 24 19 to
546 3051 28 22 be
584 3051 55 22 nomi-

97 3078 69 24 nated
191 3079 30 30 by
245 3079 39 23 the
307 3079 153 28 subscribers;
489 3080 162 30 qualification,

97 3109 75 27 £200;
186 3110 174 27 remuneration,
372 3111 59 23 £2OO
440 3110 54 23 each
509 3118 40 21 per
557 3118 97 21 annum;

96 3140 61 23 £250
172 3139 36 24 for
224 3140 39 23 the
279 3140 113 23 chairman
411 3140 44 23 and
471 3149 13 14 a
500 3141 65 22 share
575 3142 24 21 in
614 3141 39 22 the

96 3168 85 30 profits.

296 3206 54 18 NEW
365 3206 83 18 ISSUES.

122 3230 22 22 A
167 3231 85 22 certain
276 3238 61 15 news
360 3238 85 22 agency
468 3231 19 22 is
511 3231 141 29 assiduously

94 3260 93 32 putting
197 3260 19 22 it
225 3259 70 23 about
305 3260 52 23 that
366 3261 39 22 the
422 3261 58 22 issue
498 3261 64 22 made
572 3260 31 29 by
614 3260 38 23 the

95 3292 56 20 Mew
169 3288 96 24 Zealand
283 3290 107 22 Minerals
405 3290 115 30 Company
530 3290 45 24 last
590 3290 61 23 week

94 3326 47 16 was
164 3319 86 30 largely
269 3320 235 24 over-subscribed—a
529 3323 123 21 statement

95 3349 82 29 which,
207 3349 71 24 under
310 3351 38 22 the
372 3354 91 24 present
487 3351 115 22 condition
626 3351 23 22 of

95 3380 84 30 things,
191 3384 61 19 mutt
261 3380 27 23 be
305 3380 68 23 taken
384 3382 55 22 with
457 3389 13 15 a
487 3382 63 30 grain
560 3382 24 23 of
599 3381 50 23 salt

95 3409 25 24 It
129 3410 19 22 is
158 3414 50 18 true
225 3410 52 23 that
293 3412 140 28 exploration
451 3412 125 29 companies
593 3419 59 15 seem

96 3444 24 18 to
129 3439 28 23 be
168 3447 60 15 more
238 3441 22 21 in
271 3441 64 22 favor
345 3441 55 22 with
412 3442 39 22 the
468 3441 89 29 general
574 3441 76 30 public

95 3469 56 24 than
178 3471 125 28 companies
327 3469 82 24 floated
433 3471 84 29 merely
542 3474 23 19 to
590 3471 61 22 work

96 3499 88 30 specific
215 3500 131 30 properties,
379 3500 42 23 but
452 3500 65 23 when
547 3508 105 16 concerns

96 3529 74 24 issued
178 3530 72 23 under
265 3537 54 23 very
330 3530 56 28 good
404 3532 101 29 auspices
522 3531 57 23 have
594 3531 55 23 been

95 3561 89 30 getting
191 3568 28 16 on
229 3568 29 16 an
265 3568 95 23 average
367 3561 44 23 less
418 3561 55 23 than
483 3563 25 22 10
518 3569 39 22 per
563 3565 57 20 cent,
630 3561 22 23 of

95 3591 61 23 their
165 3591 66 23 share
241 3591 70 23 issues
320 3591 129 24 subscribed
456 3599 42 16 one
508 3593 19 22 is
538 3591 111 30 naturally

95 3621 124 30 suspicious
229 3622 23 23 of
268 3622 38 23 the
317 3622 57 23 bona
388 3622 55 23 fides
452 3622 24 23 of
493 3631 12 14 a
522 3623 46 23 tale
579 3623 72 23 which

95 3648 53 26 tells
157 3652 24 22 of
190 3659 13 15 a
213 3652 61 30 large
284 3653 203 30 oversubscription
496 3656 24 20 to
527 3660 28 16 an
562 3653 59 23 issue
628 3653 23 23 of

96 3681 92 27 100,000
198 3682 75 28 pound
284 3683 81 21 shares.

124 3710 47 23 The
181 3711 88 30 biggest
278 3711 93 29 finance,
381 3712 123 30 exploring,
512 3712 43 23 and
565 3712 84 32 mining

95 3748 109 24 company
223 3744 43 28 put
289 3742 75 24 before
385 3743 38 24 the
442 3743 75 30 public
536 3743 35 24 for
590 3751 59 16 some

95 3772 55 23 time
160 3772 18 23 is
189 3772 38 23 the
237 3772 158 24 Consolidated
405 3774 58 22 Gold
474 3773 69 24 Trust
552 3775 24 22 of
592 3775 42 22 Lon-

94 3801 52 28 don,
158 3801 70 29 Paris,
242 3802 44 24 and
296 3803 108 28 Brussels,
417 3803 105 28 Limited,
534 3805 39 22 the
588 3812 48 21 pros-

93 3834 79 25 pectus
183 3832 22 23 of
221 3833 74 22 which
305 3840 45 15 was
367 3833 73 23 issued
456 3841 28 15 on
497 3833 148 31 Wednesday.

93 3861 55 24 This
157 3869 94 16 concern
266 3866 40 20 has
316 3871 13 15 a
338 3864 84 29 capital
436 3863 24 24 of
476 3864 48 23 half
539 3871 13 16 a
561 3864 86 24 million

92 3892 24 22 in
125 3893 30 22 £1
166 3893 83 23 shares.
280 3893 47 23 The
344 3897 91 25 present
451 3895 59 22 issue
520 3895 19 22 is
556 3896 92 27 300,000

92 3922 83 28 shares,
195 3923 24 23 of
242 3923 73 23 which
340 3925 90 25 100,000
448 3932 39 15 are
510 3925 83 22 offered
612 3925 35 22 for

91 3951 76 30 public
182 3953 158 29 subscription,
357 3954 92 27 200,000
463 3954 68 30 being
550 3954 52 23 held
622 3955 23 22 in

91 3988 87 17 reserve
188 3982 71 24 under
273 3990 29 16 an
316 3984 78 29 option
412 3984 30 30 by
452 3984 73 23 which
541 3984 40 23 the
597 3992 37 22 pro-

90 4014 83 22 moters
183 4020 51 23 may
244 4013 109 30 purchase
371 4014 38 23 the
423 4014 72 24 whole
505 4022 26 16 or
539 4022 46 22 any
595 4018 52 27 part

89 4043 24 24 of
131 4043 40 24 the
186 4048 94 19 amount
294 4045 104 23 reserved
415 4047 25 21 at
457 4052 41 23 par
507 4046 83 23 within
600 4048 46 21 two

89 4080 66 22 yean
168 4074 25 23 of
208 4074 125 23 allotment.
364 4074 48 23 The
426 4079 133 25 prospectus
574 4078 73 21 states

89 4102 53 24 that
158 4103 39 24 the
207 4111 110 23 company
327 4104 47 23 will
388 4105 90 29 acquire
493 4105 52 29 gold
560 4106 87 29 mining

89 4133 45 22 and
144 4134 65 22 other
225 4135 126 27 properties
367 4137 25 19 to
402 4135 63 21 work
482 4142 25 15 or
517 4135 73 27 resell,
601 4135 45 22 and

89 4168 76 17 secure
203 4163 89 28 options
328 4170 59 24 upon
423 4164 53 23 such
510 4165 134 29 properties,

89 4193 90 31 acquire
196 4194 147 28 concessions,
354 4194 100 24 advance
468 4203 79 23 money
559 4195 34 24 for
608 4196 39 24 the

89 4224 158 30 development
256 4225 22 22 of
296 4225 84 27 claims,
392 4233 25 15 or
434 4226 93 28 provide
543 4226 103 29 working

89 4254 84 29 capital
183 4254 35 22 for
228 4254 44 22 and
288 4255 67 22 assist
370 4255 22 22 in
413 4255 38 23 the
469 4257 177 21 reconstruction

89 4283 23 23 of
122 4283 98 31 existing
237 4285 133 30 companies,
381 4285 44 23 and
442 4285 46 23 will
504 4286 108 29 purchase
622 4294 25 15 or

89 4313 55 24 take
153 4316 40 21 the
208 4315 77 29 option
303 4315 23 22 of
343 4315 108 29 purchase
468 4323 53 16 over
531 4316 78 23 blocks
623 4316 24 23 of

88 4343 77 24 shares
182 4344 23 23 in
224 4344 86 31 mining
316 4344 31 27 [or
365 4345 66 23 other
446 4352 112 17 concerns.
598 4346 48 24 The

89 4381 110 22 company
209 4374 41 23 has
259 4374 40 24 the
308 4375 56 23 offer
379 4375 25 23 of
418 4376 87 23 several
520 4377 125 29 properties

88 4404 24 23 in
131 4403 73 24 South
220 4404 86 28 Africa,
323 4406 123 27 Australia,
465 4405 57 24 New
539 4406 105 29 Zealand,

88 4433 45 24 and
143 4433 117 29 Colorado,
273 4435 73 23 which
356 4435 39 24 the
405 4435 110 25 directors
525 4436 86 24 believe
621 4440 24 21 to

87 4464 29 23 be
125 4464 25 23 of
158 4473 14 14 a
181 4465 104 23 valuable
294 4466 123 28 character,
429 4466 42 22 but
481 4467 39 22 the
534 4475 111 22 company

87 4493 20 23 is
124 4496 42 20 not
181 4494 131 23 committed
328 4498 25 20 to
369 4502 44 22 any
429 4495 160 32 undertaking,
599 4497 46 22 and

86 4523 22 24 it
125 4523 20 24 is
159 4523 95 25 claimed
271 4524 52 24 that
338 4525 20 24 it
371 4525 48 24 will
435 4532 85 24 occupy
537 4534 14 15 a
567 4529 79 27 strong

85 4555 99 29 position
195 4554 30 30 by
233 4555 66 30 being
309 4555 94 24 enabled
412 4559 24 20 to
446 4556 74 23 invest
530 4557 23 22 in
564 4563 14 16 a
587 4556 59 23 wide

85 4590 70 24 range
164 4584 24 23 of
197 4584 170 30 undertakings.
399 4586 48 22 The
457 4586 74 22 Board
542 4587 102 22 contains

85 4613 40 23 the
144 4621 77 15 names
244 4614 24 23 of
291 4614 40 23 the
356 4615 53 22 Earl
433 4615 23 22 of
477 4615 167 28 Westminster,

85 4643 75 23 Count
171 4644 132 28 Esterhazy,
315 4644 73 22 Baron
399 4645 107 26 Bonaert,
519 4645 38 21 Mr
567 4645 79 21 Alfred

85 4672 68 23 Pinto
164 4673 72 27 Leite,
248 4673 37 21 Mr
296 4673 28 21 D.
337 4673 26 21 E.
376 4673 123 26 Cardinall,
511 4673 44 21 and
571 4673 36 21 Mr
618 4673 26 21 G.

85 4701 68 22 Hale.

104 4754 120 28 OTAGO
249 4755 173 27 CENTRAL
447 4754 182 27 RAILWAY.

83 4823 64 22 From
157 4827 44 18 the
211 4822 78 23 Star's
299 4823 194 22 Parliamentary
500 4819 137 26 Reporter.]

112 4877 68 24 From
197 4885 13 15 a
227 4880 78 21 return
323 4877 46 22 laid
385 4884 27 15 on
433 4877 39 21 the
492 4875 61 23 table
570 4875 23 22 of
608 4874 40 22 the

85 4907 138 31 Legislative
241 4907 102 26 Council,
359 4913 29 16 on
408 4906 39 23 the
464 4905 86 22 motion
566 4905 23 22 of
608 4905 40 22 the

84 4937 60 25 Hon.
157 4937 38 23 Mr
212 4938 60 27 Bolt,
285 4944 33 15 we
337 4936 62 22 learn
420 4935 52 23 that
487 4935 39 22 the
542 4933 92 30 expendi-

84 4971 52 20 ture
152 4974 29 16 on
197 4967 40 23 the
247 4967 74 29 Otago
334 4965 93 24 Central
438 4964 102 27 Railway
551 4964 45 22 line
613 4963 35 22 for

84 4998 41 23 the
142 4997 104 23 financial
264 5004 54 22 year
335 4994 122 24 amounted
472 4997 24 20 to
507 4994 103 27 £29,176,
622 5000 26 16 or

84 5028 83 28 £4,176
177 5028 24 22 in
210 5034 76 15 excess
297 5026 23 23 of
335 5026 39 22 the
384 5025 169 29 appropriation
563 5024 35 23 for
608 5024 39 22 the

84 5065 62 22 year.
177 5057 48 23 The
235 5056 150 29 expenditure
401 5055 58 22 from
477 5054 39 23 the
528 5055 35 21 Ist
572 5053 73 29 April,

85 5088 62 26 1895,
160 5090 24 19 to
201 5087 55 22 28th
267 5087 91 28 August
374 5085 45 23 last
436 5084 95 23 totalled
542 5084 102 27 £38,099.

84 5117 132 29 Deducting
231 5116 45 23 last
292 5115 73 30 year's
381 5117 53 21 vote
450 5113 24 23 of
483 5114 97 27 £25,000
589 5113 57 23 from

83 5148 49 23 this
147 5153 51 16 sum
215 5146 75 23 leaves
300 5146 96 25 £13,099
407 5148 24 19 to
448 5150 63 16 come
519 5146 42 20 out
570 5143 23 23 of
608 5143 38 23 the

83 5179 94 28 present
187 5179 52 20 vote
249 5176 23 23 of
278 5176 104 26 £30,000,
391 5174 90 29 leaving
490 5173 54 29 only
552 5172 95 28 £17,000

83 5206 113 26 available
214 5206 36 22 for
269 5204 150 30 expenditure
437 5203 82 29 during
539 5203 39 22 the
597 5210 36 16 cur-

83 5240 54 21 rent
145 5243 63 25 year,
220 5243 26 16 or
261 5235 44 23 less
320 5235 56 23 than
392 5234 46 23 last
447 5233 72 30 year's
530 5235 60 27 vote,
601 5232 45 24 and

83 5269 48 24 this
140 5265 208 31 notwithstanding
363 5265 52 24 that
425 5272 14 15 a
448 5263 86 24 million
544 5261 52 26 loan
606 5263 40 24 has

82 5299 58 24 been
157 5297 140 25 authorised.
338 5296 37 23 No
396 5294 92 25 wonder
511 5296 39 22 the
573 5295 73 28 Otago

82 5329 94 24 Central
201 5327 104 30 Railway
330 5326 89 29 League
442 5324 93 23 deemed
559 5324 54 23 such
633 5331 13 15 a

82 5363 55 20 vote
146 5358 144 30 inadequate.
329 5355 58 24 How
398 5355 54 30 long
461 5353 47 24 will
518 5353 39 24 the
567 5353 79 31 people

82 5390 25 24 of
121 5389 74 32 Otago
214 5388 86 25 submit
317 5388 25 23 to
357 5385 55 25 such
429 5386 141 23 treatment?
598 5383 48 25 The

82 5428 62 18 same
163 5423 80 23 return
262 5420 75 22 shows
356 5418 40 22 the
412 5415 172 31 appropriation
601 5414 45 24 and

82 5449 150 32 expenditure
249 5449 36 23 for
302 5449 39 21 the
357 5447 46 23 last
417 5446 45 22 five
478 5452 67 22 years
554 5447 24 20 to
589 5445 57 22 have

83 5481 57 25 been
149 5487 26 18 as
184 5479 134 26 fellows:•*-
378 5491 6 3 -
462 5479 3 30 '
512 5505 18 4 »

135 5745 51 22 Yon
196 5745 64 21 want
405 5740 48 23 said
469 5747 15 14 a
493 5738 82 23 father.
633 5734 12 24 I

78 5775 70 26 know
157 5774 27 30 it,
196 5773 54 29 dad,
267 5773 42 22 but
318 5771 37 24 I'll
366 5774 38 26 try
414 5773 24 20 to
448 5771 39 28 get
497 5768 67 29 along
578 5764 53 25 with-

78 5809 43 25 out

709 214 119 30 OTAGO
849 207 183 33 RAILWAY
1057 206 138 29 WANTS.

675 291 72 29 [From
756 292 44 19 the
809 287 59 22 Star
875 290 11 17 s
896 285 191 21 Parliamentary
1096 280 119 22 Reporter

827 340 216 29 WELLINGTON,
1060 339 107 24 October
1181 339 20 23 9.

703 378 87 29 During
800 376 39 23 the
848 374 80 23 dinner
937 372 159 29 adjournment
1110 368 122 30 yesterday

676 417 14 16 a
706 407 140 28 deputation,
858 402 123 29 consisting
996 400 23 24 of
1036 398 84 25 Messrs
1138 397 79 24 Pinker-

677 443 46 23 ton,
746 438 34 23 W.
802 433 134 27 Hutchison,
962 430 120 27 Morrison,
1101 428 129 27 Carncross,

677 469 43 25 and
732 468 82 27 Millar,
823 462 83 27 waited
915 469 30 17 on
955 461 39 24 the
1005 459 105 24 Minister
1120 458 23 24 of
1153 458 79 23 Public

678 499 82 25 Works
774 495 119 33 regarding
909 493 39 24 the
967 492 73 30 Otago
1059 488 93 26 Central
1171 487 61 24 Rail-

677 538 34 17 Wa
712 537 14 19 y
727 546 6 7 #

705 560 37 23 Mr
756 559 138 23 Hutchison
910 553 49 24 said
974 553 53 22 that
1042 551 39 23 the
1098 549 134 30 deputation

678 590 83 24 wished
773 592 23 20 to
809 587 41 23 ask
860 586 39 23 the
909 583 106 24 Minister
1032 585 24 19 to
1072 579 62 31 place
1149 586 29 16 on
1194 578 38 23 the

678 621 185 28 Supplementary
874 615 122 23 Estimates
1011 612 40 23 the
1067 613 53 19 vote
1139 610 35 21 for
1194 610 39 21 the

678 652 72 25 Otago
764 647 92 26 Central
872 644 102 29 Railway
992 642 23 23 in
1030 640 104 24 addition
1150 642 24 20 to
1193 640 39 21 the

679 681 94 27 £30,000
796 675 108 33 provided
928 675 30 28 by
983 673 38 23 the
1046 670 79 24 Public
1150 668 83 23 Works

679 711 128 25 Estimates,
827 714 25 16 as
870 706 20 23 it
909 711 45 16 was
973 701 131 24 considered
1123 701 52 21 that
1194 701 39 21 the

679 743 91 24 amount
780 746 45 17 was
835 741 37 21 too
882 734 71 26 small.

706 773 37 23 Mr
753 771 126 24 Morrison
889 764 92 33 pointed
992 765 41 22 out
1042 764 52 22 that
1105 764 64 21 there
1175 767 59 16 were

678 802 114 24 liabilities
809 804 24 17 to
853 798 38 23 the
911 800 54 19 tune
983 795 24 21 of
1023 793 104 26 £14,000,
1143 798 24 15 so
1182 791 53 22 that

678 832 53 30 only
746 830 94 27 £16,000
856 834 45 16 was
918 822 100 31 actually
1033 821 112 24 available
1159 828 31 22 up
1210 823 24 20 to

680 861 76 24 March
767 861 25 23 31
804 861 60 21 next.

706 892 47 23 The
763 890 59 23 Hon.
834 885 153 26 Hall-Jones
997 892 5 16 :
1013 883 47 24 But
1068 889 45 24 you
1124 882 61 22 must
1194 882 41 21 not

678 923 74 25 forget
770 920 59 26 that,
847 919 24 22 in
887 918 51 22 that
954 914 99 29 liability
1063 913 23 23 of
1101 912 103 27 £14,000,
1216 911 19 23 is

678 950 104 25 included
802 948 82 28 £B,OOO
902 946 35 24 for
960 945 40 23 the
1019 943 74 24 Taieri
1113 941 121 30 bridge—a

679 980 62 25 work
750 980 52 24 that
812 985 46 17 was
867 980 41 20 not
917 976 73 30 begun
1005 973 36 24 till
1051 972 81 24 within
1142 971 39 24 the
1190 971 46 23 last

679 1012 42 25 few
731 1009 96 26 months.

706 1042 37 23 Mr
753 1041 141 23 Pinkerton
903 1035 120 33 suggested
1040 1035 52 23 that
1106 1035 40 23 the
1155 1035 67 28 spend-

679 1074 38 30 ing
726 1072 23 24 of
759 1071 39 24 the
808 1070 96 29 £30,000
914 1068 73 31 might
1002 1066 27 24 be
1039 1064 99 32 dragged
1154 1071 30 16 on
1200 1062 36 25 till

678 1104 60 23 June
748 1103 33 23 30.
1073 1125 13 4 _

706 1132 48 25 The
771 1131 59 25 Hon.
844 1130 36 24 Mr
890 1127 154 26 Hall-Jones
1053 1135 6 16 :
1073 1125 14 25 I
1103 1124 68 26 think
1185 1124 52 24 that

679 1165 20 23 is
708 1164 81 22 unfair.
820 1162 52 23 You
882 1164 61 20 must
952 1160 31 23 all
1000 1158 73 24 admit
1087 1157 53 23 that
1148 1157 62 22 since
1225 1155 11 23 I

680 1194 56 24 have
755 1191 46 25 had
819 1190 87 25 control
925 1190 23 23 of
967 1189 40 23 the
1030 1188 145 30 department
1198 1185 39 23 the

680 1223 63 24 work
753 1223 40 24 has
803 1222 56 23 been
868 1219 87 32 pushed
966 1227 29 16 oo
1011 1216 169 31 energetically,
1191 1214 44 24 and

681 1255 51 22 that
742 1260 60 15 more
813 1259 50 14 men
874 1252 57 21 have
941 1250 55 22 been
1007 1251 42 27 put
1058 1255 36 15 on.

675 1292 8 13 >
708 1283 47 22 The
773 1280 133 31 deputation
924 1279 83 29 having
1023 1276 76 24 stated
1117 1275 52 23 that
1183 1275 54 29 they

681 1312 128 29 recognised
821 1311 54 26 this,

707 1341 47 21 The
765 1340 120 22 Minister
895 1336 112 31 promised
1024 1335 53 23 that
1093 1334 38 23 the
1149 1336 51 19 vote
1215 1334 23 21 of

679 1370 95 27 £30,000
791 1368 81 23 should
887 1367 27 23 be
931 1368 66 28 spent
1007 1365 30 30 by
1048 1364 39 23 the
1098 1364 50 22 31st
1158 1362 79 23 March

679 1403 61 20 next.
771 1399 36 24 He
818 1397 43 24 had
872 1404 76 23 power
956 1399 24 21 to
990 1394 71 32 spend
1071 1401 29 16 an
1111 1392 126 25 additional

679 1430 83 28 £7,500
771 1428 137 29 (one-fourth
924 1427 24 23 of
964 1426 38 23 the
1018 1426 61 26 vote)
1090 1424 76 22 before
1175 1422 61 24 June

679 1461 27 23 30
726 1459 97 24 without
847 1458 39 23 the
910 1456 117 30 authority
1047 1454 23 25 of
1089 1454 145 23 Parliament.

679 1491 47 23 The
736 1489 133 31 deputation
884 1488 74 30 might
974 1489 47 21 rest
1030 1484 92 25 assured
1133 1485 52 23 that
1199 1484 39 23 the

679 1524 52 20 vote
741 1522 77 21 meant
827 1519 97 27 £30,000
933 1518 51 30 plus
994 1517 88 28 £7,500.

707 1551 38 23 Mr
755 1550 140 24 Pinkerton
906 1548 48 24 said
971 1548 52 23 that
1040 1547 40 24 the
1096 1545 49 25 rule
1160 1545 23 24 in
1199 1544 39 24 the

680 1586 52 26 past
741 1582 45 23 had
799 1582 56 22 been
865 1584 24 20 to
900 1579 55 31 drag
967 1581 42 21 out
1019 1578 39 24 the
1068 1581 53 19 vote
1132 1576 35 24 till
1178 1576 60 24 June

680 1614 33 22 30.
1067 1637 6 6 .
1116 1636 6 9 t

708 1641 48 25 The
772 1641 121 24 Minister
902 1639 85 31 replied
999 1638 50 24 that
1067 1645 22 16 in
1105 1637 52 24 that
1167 1643 49 16 case
1226 1643 13 16 a

680 1680 49 16 new
749 1672 66 23 order
833 1672 23 22 of
873 1671 78 29 things
974 1668 75 25 would
1073 1668 27 23 be
1124 1666 113 25 initiated.

682 1703 124 26 Moreover,
818 1701 39 23 the
868 1700 134 30 deputation
1013 1698 44 23 had
1075 1701 23 19 to
1115 1696 123 24 remember

682 1733 51 24 that
752 1732 39 24 the
810 1731 96 31 sleepers
926 1729 44 24 and
987 1729 53 24 rails
1057 1734 59 18 were
1130 1726 109 33 provided

681 1764 35 24 for
726 1766 40 21 out
776 1763 23 23 of
807 1762 96 24 another
913 1764 60 25 vote,
983 1768 24 15 so
1018 1760 52 23 that
1084 1757 156 30 considerably

682 1802 60 15 more
760 1794 55 22 than
831 1793 39 23 the
887 1794 94 20 amount
990 1788 160 32 appropriated
1160 1788 30 30 by
1200 1788 40 23 the

682 1824 79 23 Public
781 1823 82 23 Works
884 1822 122 23 Estimates
1025 1820 74 23 would
1118 1819 28 23 be
1164 1820 73 28 spent.

682 1854 47 23 The
739 1854 79 29 bridge
834 1856 25 20 at
875 1852 74 23 Taieri
967 1850 61 24 Lake
1043 1857 53 20 was,
1115 1849 28 23 he
1160 1847 66 24 under-

682 1884 73 28 stood,
767 1887 23 20 to
802 1884 26 22 be
838 1881 123 32 proceeded
972 1880 56 24 with
1038 1879 136 31 vigorously,
1187 1878 42 23 inti-

682 1915 85 23 mation
778 1914 83 29 having
871 1913 55 23 been
941 1912 66 29 given
1019 1913 23 21 to
1053 1912 38 21 the
1101 1912 139 21 contractors

682 1945 52 22 that
743 1945 18 22 if
771 1945 55 28 they
836 1950 58 15 were
904 1941 84 23 behind
1002 1941 56 22 with
1069 1940 60 22 their
1138 1941 102 21 contract

682 1975 55 24 time
746 1974 110 32 penalties
866 1971 75 26 would
952 1971 26 24 be
988 1969 111 28 enforced.

710 2007 66 21 After
786 2013 61 15 some
856 2004 89 24 further
955 2003 58 25 talk,

710 2035 47 23 The
767 2035 120 22 Minister
896 2034 48 22 said
955 2041 5 15 :
976 2031 124 30 Compared
1110 2030 56 23 with
1176 2030 65 22 other

682 2065 56 22 lines
748 2064 11 23 I
769 2064 30 23 do
814 2069 40 18 not
872 2063 66 23 think
956 2063 53 22 that
1018 2068 44 23 you
1072 2060 46 24 will
1129 2061 58 21 have
1197 2066 43 21 any

682 2102 77 15 reason
779 2098 25 19 to
823 2093 117 31 complain.
972 2092 11 23 I
993 2091 58 24 shall
1068 2091 58 29 keep
1141 2090 40 23 the
1195 2089 46 23 line

682 2126 67 28 going
759 2125 22 23 in
792 2124 42 24 full
844 2125 78 29 swing.
953 2122 24 24 It
987 2122 19 24 is
1016 2130 28 15 no
1055 2129 39 16 use
1104 2128 37 23 my
1148 2120 79 31 promis-

681 2157 39 28 ing
729 2162 45 23 you
784 2163 13 15 a
807 2155 89 23 further
906 2157 53 19 vote
969 2161 28 15 on
1006 2153 38 23 the
1052 2152 188 29 Supplementary

682 2185 129 22 Estimates.
842 2184 12 22 I
864 2184 67 22 know
946 2183 53 23 that
1013 2190 45 22 you
1074 2181 74 23 would
1165 2181 76 23 rather

681 2214 12 24 I
703 2214 70 30 spoke
783 2217 24 20 to
818 2221 43 23 you
872 2213 106 27 straight.

710 2245 37 23 Mr
766 2245 137 23 Carncross
912 2253 5 14 :
934 2246 42 21 We
992 2250 50 22 may
1063 2242 53 23 take
1133 2242 27 27 it,
1177 2241 62 28 then,

682 2275 52 23 that
752 2282 45 22 you
812 2275 114 28 recognise
943 2274 39 22 the
1002 2274 139 28 importance
1159 2272 24 22 of
1202 2271 38 22 the

681 2305 45 23 line
744 2305 44 23 and
804 2305 40 23 the
860 2303 143 31 desirability
1018 2303 23 23 of
1054 2303 30 23 its
1100 2302 67 29 being
1183 2308 43 16 com-

681 2336 76 35 pleted
773 2338 26 19 at
813 2343 24 14 as
852 2334 62 30 early
931 2341 14 16 a
961 2333 54 23 date
1032 2341 24 14 as
1075 2332 105 30 possible,
1197 2331 43 23 and

681 2366 79 23 intend
771 2368 24 20 to
806 2373 35 15 see
852 2365 52 23 that
915 2364 51 24 that
978 2364 19 23 is
1007 2363 64 24 done.

709 2402 48 23 The
767 2402 122 23 Minister
898 2408 28 16 of
933 2401 92 22 Works
1034 2399 50 24 said
1094 2399 53 23 that
1154 2406 46 15 was
1207 2406 31 15 so.

682 2432 36 23 He
728 2432 86 23 wished
824 2435 24 19 to
856 2435 39 23 get
905 2431 39 23 the
955 2431 44 22 line
1009 2429 87 30 pushed
1107 2437 28 14 on
1143 2431 23 21 to
1178 2428 47 23 Ewe-

681 2462 57 23 burn
750 2469 24 16 as
784 2460 101 32 speedily
895 2468 25 16 as
930 2460 39 24 the
985 2459 68 24 funds
1063 2458 75 24 would
1149 2458 89 30 permit.

710 2493 91 29 Having
816 2495 40 27 got
870 2498 29 16 an
915 2498 118 16 assurance
1047 2489 58 24 from
1122 2489 39 23 the
1179 2488 59 24 Hon.

682 2523 37 24 Mr
729 2522 134 25 Hall-Jones
873 2522 53 23 that
936 2522 27 23 he
970 2520 129 31 recognised
1110 2520 52 23 that
1172 2526 13 16 a
1192 2526 49 16 new

682 2554 93 28 railway
791 2553 85 22 station
893 2557 24 17 at
936 2551 106 23 Dunedin
1061 2557 46 16 was
1127 2548 112 30 required,

682 2583 39 22 the
738 2582 142 29 deputation,
898 2583 26 19 at
940 2580 35 22 his
990 2581 110 25 instance,
1113 2578 81 23 waited
1211 2585 29 14 on

682 2613 39 23 the
731 2611 59 25 Hon.
804 2611 36 24 Mr
856 2610 108 29 Cadman,
976 2609 51 25 who
1042 2616 46 17 was
1105 2609 22 23 in
1145 2608 95 24 another

682 2647 52 26 part
744 2644 23 23 of
778 2643 38 23 the
827 2642 109 30 building.

709 2679 48 22 The
767 2678 121 22 Minister
898 2684 28 16 of
933 2677 129 22 Railways
1072 2675 49 23 said
1132 2675 51 22 that
1194 2674 46 22 this

682 2708 62 23 work
755 2716 45 15 was
819 2716 13 14 a
851 2708 104 29 question
972 2706 23 24 of
1015 2713 61 22 ways
1091 2704 44 24 and
1155 2711 82 16 means.

682 2738 47 23 The
747 2738 102 29 Railway
860 2739 150 28 Department
1025 2735 45 24 had
1087 2735 93 30 pointed
1199 2737 42 20 out

682 2775 54 24 very
747 2768 102 30 strongly
860 2768 52 23 that
921 2767 40 23 the
970 2769 92 28 present
1075 2764 104 31 building
1194 2771 46 16 was

682 2807 29 15 on
728 2800 39 22 the
777 2806 78 23 wrong
869 2798 48 24 side
929 2797 23 25 of
968 2797 40 23 the
1024 2796 54 29 line,
1089 2796 45 23 and
1149 2796 53 23 that
1221 2795 20 23 it

682 2829 80 22 should
782 2829 27 22 be
825 2828 104 23 removed
947 2830 24 20 to
988 2827 39 23 the
1046 2827 43 22 site
1107 2827 74 21 where
1200 2825 40 23 the

682 2858 145 23 foundations
845 2857 95 23 existed.
981 2856 37 23 He
1034 2855 91 24 wanted
1145 2855 96 28 £91,000

683 2889 35 23 for
728 2889 38 23 the
776 2888 162 31 requirements
948 2887 23 23 of
988 2886 39 24 the
1043 2886 93 30 railway
1146 2885 93 29 service,

683 2920 43 22 but
749 2920 39 22 the
812 2919 96 23 Cabinet
931 2917 66 24 could
1021 2917 53 35 only
1098 2924 65 22 spare
1194 2916 47 22 him

684 2950 103 26 £60,000,
801 2949 73 22 which
885 2955 45 15 was
945 2948 83 21 almost
1037 2945 84 30 wholly
1137 2945 104 30 required

682 2978 35 23 for
741 2978 82 29 rolling
841 2977 73 23 stock.
954 2977 47 22 The
1021 2979 90 19 returns
1134 2978 61 19 went
1216 2977 24 20 to

683 3008 62 22 show
754 3008 52 22 that
820 3007 40 23 the
877 3006 92 28 railway
987 3006 104 22 estimate
1108 3010 46 16 was
1169 3003 70 29 likely

684 3042 23 18 to
717 3037 28 23 be
755 3037 88 30 greatly
853 3035 110 23 exceeded
974 3034 75 23 unless
1059 3034 131 23 unforeseen
1201 3034 30 21 cir-

684 3070 139 20 cumstances
841 3065 81 23 should
947 3072 73 20 occur,
1041 3063 44 23 and
1109 3067 56 19 next
1187 3070 54 22 year

684 3097 63 22 there
757 3095 74 24 would
848 3096 26 22 be
884 3103 29 14 no
923 3098 52 19 vote
991 3095 35 22 for
1035 3093 152 30 replenishing
1202 3093 39 22 the

682 3127 82 29 rolling
773 3126 71 23 stock.
877 3125 36 22 He
929 3124 112 23 therefore
1051 3123 120 31 suggested
1189 3123 52 22 that

682 3157 39 22 the
738 3159 83 19 matter
831 3154 81 24 should
928 3154 67 23 stand
1011 3154 24 23 in
1051 3152 113 31 abeyance
1178 3152 36 23 for
1227 3160 14 15 a

681 3185 168 24 twelvemonth.

708 3217 24 24 It
742 3225 46 15 was
797 3215 120 31 suggested
931 3215 31 30 by
972 3215 39 23 the
1021 3213 134 32 deputation
1166 3213 52 24 that
1227 3220 13 16 a

680 3250 53 26 part
757 3247 22 23 of
804 3248 38 21 the
866 3246 53 29 gold
938 3246 87 28 mining
1039 3247 52 20 vote
1115 3244 74 30 might
1213 3243 27 22 be

681 3276 90 31 applied
782 3278 24 21 to
816 3276 47 23 this
873 3274 70 28 work,
955 3278 25 20 to
990 3274 73 23 which

709 3307 48 23 The
774 3306 121 24 Minister
905 3304 114 24 answered
1034 3304 52 23 that
1097 3304 52 23 that
1158 3310 81 23 money

682 3337 43 22 had
743 3337 54 22 been
809 3336 67 23 voted
893 3336 34 22 for
944 3343 13 15 a
974 3334 84 31 special
1076 3341 103 23 purpose.
1210 3334 29 22 Of

682 3368 38 23 the
742 3368 96 27 £50,000
854 3366 67 23 voted
941 3366 35 23 for
993 3368 71 20 water
1083 3364 156 24 conservation

682 3398 38 22 the
745 3398 54 22 bulk
819 3396 75 24 would
919 3396 27 23 be
965 3398 67 27 spent
1051 3396 23 22 in
1098 3395 81 30 Otago,
1202 3394 37 23 Mr

681 3427 100 24 Cadman
791 3427 79 30 saying
880 3426 52 24 that
940 3426 27 22 he
977 3424 129 31 recognised
1117 3425 39 23 the
1166 3432 60 15 neces-

681 3458 46 28 sity
746 3457 23 23 of
793 3464 28 15 an
846 3456 147 29 expenditure
1018 3460 25 18 at
1067 3454 62 24 Lake
1153 3454 86 24 Dismal

681 3487 97 30 Swamp,
790 3493 52 16 near
859 3486 131 30 Roxburgh,
1009 3485 36 23 for
1054 3485 117 29 irrigation
1187 3491 39 23 pur-

681 3525 70 22 poses.
782 3517 24 23 It
816 3516 73 24 would
901 3516 26 24 be
938 3515 83 25 absurd
1037 3518 24 21 to
1071 3514 70 32 spend
1157 3515 83 29 £5,000

680 3556 28 15 on
731 3548 39 24 the
792 3548 92 30 railway
907 3547 85 23 station
1011 3549 26 21 at
1063 3545 174 25 Dunedin—the

680 3578 162 30 department's
861 3578 105 23 estimate
984 3577 24 23 of
1027 3576 39 24 the
1085 3579 49 20 cost
1152 3576 24 23 of
1200 3575 39 24 the

681 3608 62 24 work
753 3617 46 15 was
814 3609 58 23 from
889 3608 96 28 £15,000
1001 3610 24 21 to
1040 3607 96 28 £IB,OO0
1137 3606 102 23 —unless

680 3640 39 23 the
730 3640 61 23 work
802 3639 66 23 could
879 3638 26 24 be
916 3638 86 24 carried
1013 3645 28 16 on
1059 3641 24 19 to
1093 3637 142 30 completion.

774 3808 44 28 [By
832 3808 52 23 One
900 3807 62 23 Who
977 3806 77 23 Knew
1070 3806 72 28 Him.]

704 3867 48 25 The
771 3875 130 24 newspaper
920 3867 86 24 notices
1025 3866 23 24 of
1072 3867 39 23 the
1133 3866 46 24 late
1199 3865 37 24 Mr

675 3899 79 23 Julian
764 3899 97 22 Thomas
871 3899 50 29 give
931 3906 29 15 no
974 3898 51 23 idea
1039 3897 24 23 of
1078 3897 39 23 the
1131 3896 49 29 wit,
1197 3896 39 23 the

676 3928 126 29 brilliancy,
823 3929 39 22 the
886 3935 92 23 energy,
999 3928 39 23 the
1063 3934 60 16 verve
1147 3927 24 22 of
1190 3927 46 22 this

675 3958 140 23 remarkable
832 3966 58 14 man.
923 3958 36 22 He
978 3965 62 15 came
1059 3960 25 19 to
1103 3956 133 23 Melbourne

675 3988 112 31 penniless
797 3988 44 23 and
853 3988 113 23 unknown
978 3988 22 22 in
1013 3987 60 24 1874.
1105 3986 85 23 Driven
1206 3986 29 30 by

676 4022 62 20 utter
747 4019 135 25 destitution
894 4022 24 19 to
927 4017 53 24 seek
989 4017 77 31 refuge
1076 4017 23 23 in
1110 4017 39 23 the
1159 4017 61 23 Immi-

675 4050 84 28 grants'
770 4048 80 29 Home,
861 4049 36 23 his
913 4048 142 30 journalistic
1066 4048 94 23 instinct
1171 4047 65 24 made

676 4080 46 22 him
745 4080 57 22 seize
832 4080 39 22 the
901 4079 132 29 experience
1063 4085 24 16 as
1119 4078 116 23 first-class

818 4108 36 24 He
873 4112 71 19 wrote
963 4115 29 16 an
1011 4108 79 23 article
1110 4107 71 23 under
1196 4107 39 23 the

675 4146 50 15 nom
735 4139 26 22 de
771 4139 72 28 plume
879 4139 47 21 The
1094 4137 44 23 and
1152 4137 83 23 offered

675 4168 20 23 it
713 4172 25 20 to
756 4175 44 24 any
819 4167 75 24 editor
913 4168 51 23 who
983 4167 75 24 would
1081 4167 52 31 give
1157 4167 46 24 him
1222 4174 13 16 a

675 4200 93 30 shilling
778 4200 35 23 for
823 4200 25 22 it.
879 4199 48 23 The
937 4199 80 23 sketch
1028 4207 45 15 was
1084 4198 120 31 published
1212 4199 23 22 in

676 4231 39 21 the
727 4232 5 10 '
740 4231 91 28 Argus,'
842 4229 44 23 and
896 4230 90 22 became
996 4230 39 22 the
1049 4230 93 22 nucleus
1157 4229 24 22 of
1196 4229 39 22 the

675 4260 87 22 famous
773 4262 6 9 4
788 4259 124 30 Vagabond
923 4259 99 29 Papers,'
1033 4259 74 22 which
1119 4258 64 23 made
1198 4257 37 23 Mr

675 4289 97 24 Thomas
788 4290 83 22 known
889 4289 139 29 throughout
1044 4288 38 24 the
1096 4288 79 30 length
1190 4287 45 23 and

675 4320 96 23 breadth
781 4320 24 22 of
814 4319 148 23 Australasia.
994 4318 37 24 He
1040 4325 46 16 was
1096 4318 70 23 found
1177 4317 58 23 dead

675 4351 22 22 in
708 4351 35 22 his
753 4349 43 25 bed
807 4353 24 20 at
841 4350 36 23 his
886 4349 103 30 lodgings
999 4356 28 16 on
1039 4349 39 23 the
1093 4348 104 28 morning
1212 4347 23 23 of

675 4380 92 30 Friday,
788 4381 40 22 the
847 4380 40 23 4th
907 4379 139 31 September.
1077 4379 24 23 It
1117 4379 18 23 is
1153 4385 40 16 saa
1211 4379 24 21 to

675 4410 66 23 think
759 4410 52 23 that
826 4410 23 23 of
865 4410 31 23 all
913 4410 39 23 the
969 4416 73 17 scores
1051 4409 24 22 of
1090 4408 79 30 people
1183 4407 53 23 that

910 4440 85 31 gushed
1006 4447 54 16 over
1074 4439 23 22 in
1113 4438 63 31 print
1190 4437 45 24 and

674 4471 116 23 described
800 4478 25 15 as
836 4471 34 21 his
880 4478 55 21 very
945 4470 55 22 dear
1009 4469 93 26 friends,

730 4505 100 25 Grappled
839 4506 22 19 to
869 4504 32 20 his
909 4504 44 20 soul
962 4503 51 20 with
1022 4503 62 24 hoops
1091 4502 23 20 of
1121 4502 57 24 steel,

674 4536 65 23 there
749 4543 46 15 was
805 4538 41 20 not
854 4542 42 15 one
910 4537 24 19 to
945 4533 52 23 hold
1009 4534 35 21 his
1054 4533 59 22 hand
1132 4532 64 23 when
1207 4532 28 22 he

674 4565 81 29 passed
767 4566 49 21 into
828 4565 38 22 the
880 4565 65 28 great
961 4563 88 22 silence.
1082 4562 35 22 He
1134 4561 60 27 died,
1211 4569 24 13 as

675 4595 28 22 he
713 4595 44 21 had
767 4594 86 22 wished
868 4596 24 19 to
908 4593 37 26 do,
962 4592 23 22 in
1005 4591 107 26 harness;
1132 4590 44 22 and
1196 4590 39 22 the

675 4624 70 22 dumb
885 4621 60 22 fresh
964 4621 57 22 from
1040 4620 35 22 his
1094 4619 68 27 hand,
1183 4619 51 23 that

675 4654 37 26 lay
720 4660 29 14 on
760 4653 39 20 the
810 4651 61 21 table
881 4650 76 21 beside
968 4650 34 21 his
1012 4649 51 26 bed,
1077 4655 45 14 was
1133 4648 39 21 the
1181 4648 54 28 only

677 4682 92 20 witness
779 4680 22 22 of
813 4680 34 21 his
857 4680 45 20 last
912 4680 116 20 moments.
1060 4676 36 23 He
1106 4676 79 23 served
1197 4676 38 23 the

678 4711 6 11 '
691 4709 90 30 Argus'
797 4709 36 23 till
844 4708 61 27 1887,
924 4707 64 23 when
1007 4707 40 23 the
1066 4706 101 30 delivery
1185 4707 23 23 of
1221 4714 14 15 a

676 4740 86 23 lecture
773 4739 56 23 with
844 4737 125 24 Socialistic
986 4737 101 30 leanings
1105 4736 37 24 led
1159 4739 24 21 to
1200 4737 34 23 his

675 4770 88 29 joining
773 4769 40 22 the
822 4767 56 23 staff
886 4767 23 22 of
919 4767 38 22 the
969 4768 6 11 '
981 4767 65 29 Age.'
1075 4766 30 24 Of
1113 4767 46 23 late
1169 4774 65 21 years

676 4800 28 22 he
714 4801 71 21 wrote
800 4796 82 30 chiefly
897 4797 36 22 for
948 4796 40 23 the
1004 4798 7 11 4
1018 4796 102 28 Leader,'
1135 4796 45 24 and
1199 4796 35 24 his

675 4829 45 23 last
731 4828 78 23 article
819 4826 112 31 appeared
945 4826 23 23 in
979 4826 39 24 the
1027 4826 100 25 columns
1143 4827 24 24 of
1182 4827 52 25 that

676 4858 96 31 journal.
804 4857 43 24 His
856 4857 63 30 place
929 4864 28 16 on
967 4857 40 24 the
1018 4858 7 11 '
1028 4857 88 32 Argus'
1125 4858 55 24 staff
1187 4865 47 17 was

677 4889 76 27 taken,
765 4888 43 23 but
817 4890 41 20 not
866 4887 69 29 filled,
946 4887 31 30 by
993 4887 39 24 Mr
1040 4887 93 24 Francis
1147 4889 83 29 Myers.

677 4918 37 23 Mr
722 4918 85 30 Myers,
819 4918 50 22 who
879 4921 70 19 wrote
959 4918 34 23 for
1003 4918 39 23 the
1053 4920 7 10 '
1067 4919 85 30 Argus'
1162 4918 71 24 under

677 4948 38 22 the
732 4955 50 15 nom
797 4948 26 22 de
835 4948 75 28 plume
926 4948 24 22 of
965 4949 6 11 '
979 4948 161 29 Telemachus,'
1155 4955 45 16 was
1220 4956 13 15 a

677 4977 104 24 cultured
805 4984 51 16 man
880 4977 55 23 with
960 4977 39 23 the
1021 4978 45 31 gift
1089 4979 23 23 of
1133 4978 100 31 graceful

676 5009 135 29 expression.
842 5007 47 24 But
898 5008 28 23 he
935 5008 62 23 often
1007 5009 53 24 took
1073 5017 14 16 a
1104 5009 89 24 column
1209 5012 23 20 to

677 5039 39 23 tell
726 5039 36 23 his
771 5038 90 23 readers
870 5038 95 30 nothing
974 5038 23 24 in
1007 5040 212 30 particular—grace-

675 5069 64 30 fully.
771 5068 66 28 Now,
848 5068 39 24 the
896 5068 56 24 born
960 5069 120 30 journalist
1089 5077 68 17 never
1168 5070 65 23 takes

675 5106 14 16 a
698 5099 97 27 column,
806 5105 26 17 or
841 5105 55 17 even
906 5098 47 24 half
962 5106 14 16 a
985 5099 95 29 column,
1099 5103 25 20 to
1140 5100 41 23 tell
1197 5100 35 23 his

675 5129 90 22 readers
774 5129 96 29 nothing
879 5129 23 22 in
912 5129 122 29 particular
1044 5130 56 23 with
1109 5130 123 30 prettiness

675 5158 44 23 and
739 5165 73 23 grace,
833 5157 44 24 and
1153 5167 46 16 was
1218 5167 14 16 a

675 5188 54 22 born
749 5188 126 29 journalist.
913 5188 32 23 As
964 5188 49 23 Dan
1016 5190 57 22 ton's
1094 5190 137 22 watchword

675 5225 45 15 was
910 5217 35 24 his
961 5221 72 21 motto
1048 5226 46 16 was

805 5247 37 24 Mr
853 5247 76 31 Myers
938 5249 127 24 sometimes
1073 5257 57 24 gave
1140 5257 42 16 one
1192 5250 39 24 the

674 5279 132 31 impression
815 5279 47 24 also
877 5279 51 25 that
942 5280 35 24 his
992 5288 41 27 pen
1044 5288 40 16 ran
1098 5288 66 23 away
1174 5281 56 23 with

675 5311 54 26 him,
750 5310 67 22 while
1100 5311 58 29 who,
1174 5312 56 23 with

674 5339 31 23 all
729 5339 34 23 his
786 5339 77 28 faults,
894 5347 44 16 was
961 5341 129 30 essentially
1113 5349 14 15 a
1152 5345 79 27 strong

675 5377 59 20 man,
746 5376 45 16 was
809 5369 84 31 always
911 5372 83 22 master
1011 5371 22 24 of
1052 5371 35 24 his
1105 5378 51 24 pen.
1188 5371 43 24 His

675 5399 77 25 varied
762 5400 131 31 experience
903 5401 24 24 of
944 5401 40 25 life
999 5407 57 26 gave
1066 5402 35 24 his
1109 5402 68 24 work
1190 5402 40 24 the

674 5432 96 21 interest
795 5431 23 22 of
847 5431 126 30 humanity,
998 5433 45 21 and
1067 5433 35 22 his
1130 5433 101 29 singular

675 5466 83 24 energy
771 5459 45 23 and
832 5460 96 31 vitality
934 5461 103 31 stamped
1053 5462 135 32 everything
1202 5462 28 23 he

677 5494 71 21 wrote
757 5489 45 25 and
812 5489 64 25 made
892 5490 47 25 him
973 5499 13 16 a
995 5499 106 23 presence
1110 5496 24 20 to
1144 5492 29 24 be
1188 5492 42 25 felt

675 5521 44 23 and
871 5521 29 24 Of
916 5529 84 22 course,
1012 5522 28 23 he
1055 5523 45 23 had
1117 5523 80 30 plenty
1206 5524 24 22 of

674 5551 71 23 faults
763 5551 44 23 and
827 5551 85 25 foibles.
949 5551 95 31 Though
1063 5553 28 23 he
1115 5560 46 16 was
1180 5561 36 22 per-

675 5581 101 31 petually
785 5581 78 31 taking
872 5582 39 23 the
919 5582 69 24 world
995 5583 49 22 into
1051 5583 35 23 his
1092 5583 135 29 confidence,

674 5611 45 24 and
728 5612 135 30 apparently
873 5612 120 32 unlocking
1007 5612 36 24 his
1057 5613 84 24 inmost
1154 5613 73 31 heart,

674 5650 29 16 no
722 5650 42 17 one
782 5642 71 33 really
872 5642 66 25 knew
956 5643 112 32 anything
1084 5644 70 25 about
1173 5645 53 24 him.

674 5674 48 22 The
733 5672 120 31 'Argus's'
866 5673 106 30 obituary
981 5675 73 23 notice
1068 5675 99 23 declares
1182 5676 46 22 him

673 5706 25 21 to
717 5703 28 23 be
764 5711 13 15 a
792 5704 77 23 native
884 5704 24 23 of
922 5703 110 31 Virginia.
1069 5704 47 24 The
1134 5705 94 29 'Age's'

673 5734 105 30 obituary
802 5734 75 23 notice
900 5734 52 23 tells
974 5741 28 16 us
1019 5734 28 23 he
1066 5741 46 17 was
1134 5734 56 24 born
1205 5736 23 22 in

674 5764 83 23 Wales.
788 5764 55 23 This
858 5764 100 30 singular
974 5764 165 24 contradiction
1157 5764 20 23 is
1191 5772 25 15 ex-

672 5793 90 34 plained
773 5793 31 33 by
814 5793 39 26 the
863 5793 47 26 fact
924 5793 52 26 that
1017 5793 47 27 The
1080 5793 126 33 Vagabond

1260 213 46 16 was
1315 205 25 24 of
1355 212 25 17 so
1390 205 153 30 sympathetic
1559 211 14 17 a
1587 205 83 22 nature
1678 202 46 24 and
1734 209 69 16 cosmo-

1259 236 88 30 politan
1357 243 13 16 a
1380 236 63 23 mind
1453 236 52 22 that
1521 236 28 22 he
1566 233 88 24 desired
1663 236 25 20 to
1698 233 81 29 belong
1794 235 24 20 to

1260 266 31 23 all
1309 266 161 23 nationalities.
1501 265 35 23 On
1555 264 34 24 Bt.
1611 262 93 25 David's
1723 262 51 28 Day
1790 262 28 23 he

1260 303 46 17 was
1322 303 14 17 a
1352 295 140 29 Welshman,
1503 302 30 16 on
1550 294 34 25 St.
1597 293 113 25 Patrick's
1729 292 51 30 Day
1790 292 28 23 he

1260 335 47 16 was
1334 335 30 16 an
1393 326 121 29 Irishman,
1535 325 45 24 and
1603 333 29 15 on
1656 324 40 24 the
1719 323 99 31 glorious

1260 358 87 23 Fourth
1366 357 24 23 of
1413 357 56 29 July
1493 357 28 22 he
1545 355 115 29 naturally
1679 354 90 23 became
1789 360 29 16 an

1260 387 127 23 American.
1417 387 33 22 As
1467 393 14 16 a
1499 388 84 21 matter
1599 385 24 23 of
1637 385 48 22 fact
1703 384 29 22 he
1746 383 45 23 had
1805 389 15 16 a

1260 417 106 30 Cockney
1385 419 86 25 accent,
1492 416 45 22 and
1562 415 35 23 his
1621 415 77 29 witty,
1724 412 95 31 original

1261 447 49 22 talk
1327 454 46 15 was
1389 447 63 29 quite
1469 447 107 21 innocent
1590 445 24 23 of
1628 445 40 22 h's.
1700 443 36 23 He
1746 442 45 24 had
1806 450 14 15 a

1260 479 65 51 Seat
1350 476 68 24 facial
1441 475 151 24 resemblance
1616 478 25 19 to
1665 474 40 23 the
1728 476 92 27 present

1287 507 77 30 arquis
1397 506 23 23 of
1453 504 123 31 Salisbury.
1627 503 97 30 Nobody
1754 501 66 25 could

1261 537 59 30 deny
1345 537 52 23 that
1420 536 29 24 he
1474 544 44 16 was
1542 534 95 31 slightly
1661 533 79 30 tinged
1763 532 57 24 with

1260 567 40 24 the
1329 566 116 24 weakness
1477 567 24 23 of
1531 565 40 24 the
1603 563 111 25 travelled
1746 563 74 23 Baron

1261 597 163 26 Munchausen,
1445 596 44 23 and
1515 595 96 24 another
1630 595 23 22 of
1677 594 36 23 his
1741 593 80 23 foibles

1261 635 46 15 was
1326 626 153 23 omniscience.
1519 625 62 24 Even
1601 631 14 16 a
1634 623 186 24 much-travelled

1261 657 120 31 journalist
1404 656 56 23 with
1484 664 14 14 a
1521 653 176 30 Macaulay-like
1722 660 99 23 memory

1261 690 84 20 cannot
1361 687 67 22 know
1445 686 63 29 quite
1526 684 141 30 everything.
1724 683 12 23 I
1747 682 73 23 would

1261 717 47 24 like
1319 720 24 21 to
1352 716 28 25 be
1390 723 13 16 a
1521 715 27 23 he
1558 722 55 16 once
1619 713 118 24 remarked
1748 716 24 20 to
1783 713 39 23 the

1261 751 92 29 present
1362 748 85 28 writer,
1458 746 45 24 and
1515 746 63 24 there
1588 751 45 18 was
1643 753 13 16 a
1666 744 58 32 good
1739 744 50 23 deal
1799 744 23 23 of

1262 780 39 22 the
1320 779 68 29 spirit
1406 778 24 22 of
1454 777 39 23 the
1519 776 38 23 old
1581 776 98 28 Vikings
1703 776 24 22 in

1449 806 37 24 He
1512 805 45 24 had
1582 813 29 15 an
1630 804 80 24 inborn
1730 804 50 23 love
1799 804 24 23 of

1262 838 133 28 adventure,
1416 837 44 23 and
1481 835 74 24 would
1575 835 58 24 have
1651 835 70 23 shone
1745 841 24 16 as
1793 841 29 16 an

1263 868 110 32 explorer,
1392 875 13 16 a
1422 866 91 28 soldier,
1530 873 25 16 or
1566 873 12 16 a
1588 866 80 30 pirate.
1700 864 36 24 He
1751 864 71 23 found

1263 899 40 25 the
1322 898 63 25 work
1404 898 24 23 of
1447 906 13 15 a
1479 896 122 31 travelling
1619 894 176 30 correspondent
1809 902 14 15 a

1263 933 60 20 tame
1333 929 125 23 substitute
1467 927 36 23 for
1513 927 39 23 life
1562 926 72 23 under
1644 926 39 22 the
1693 925 66 23 black
1769 925 51 29 flag.

1263 960 73 24 There
1360 965 58 16 were
1442 957 89 24 streaks
1554 956 22 23 of
1595 955 117 31 goodness,
1733 957 45 26 too,
1800 955 22 22 in

1263 991 47 23 this
1327 992 86 28 strong,
1433 988 91 29 erratic,
1544 984 165 32 undisciplined
1733 988 87 21 nature.

1536 1017 45 25 had
1606 1025 12 15 a
1642 1016 86 24 certain
1752 1016 71 30 rough

1264 1052 102 29 chivalry
1385 1049 70 25 about
1474 1049 54 29 him,
1547 1047 44 24 and
1608 1055 47 16 was
1670 1050 42 21 not
1726 1047 98 23 without

1265 1083 83 30 feeling
1364 1082 35 24 for
1416 1080 106 31 suffering
1538 1079 127 29 humanity.
1696 1077 12 24 I
1718 1077 67 24 think
1796 1077 28 23 he

1265 1113 105 30 honestly
1380 1111 88 24 desired
1504 1118 13 16 a
1527 1117 61 15 more
1602 1108 115 32 equitable
1726 1108 98 23 division

1265 1144 24 25 of
1317 1144 46 24 this
1396 1141 90 26 world's
1518 1143 109 26 treasure,
1658 1139 89 28 leisure,
1779 1138 44 24 and

1415 1172 45 23 and
1484 1172 28 22 he
1536 1178 46 15 was
1605 1171 85 29 always
1713 1169 69 29 ready
1800 1172 24 19 to

1267 1205 64 23 write
1341 1203 44 24 and
1395 1202 70 31 speak
1482 1202 35 23 for
1535 1201 38 24 the
1588 1207 65 17 cause
1663 1200 23 23 of
1696 1198 126 32 humanity.

1267 1235 43 23 His
1317 1242 43 22 pen
1371 1234 99 29 brought
1479 1233 47 22 him
1536 1232 58 22 fame
1604 1231 45 23 and
1659 1231 60 27 gain,
1731 1230 42 22 but
1782 1232 41 26 yet

1267 1265 27 22 he
1304 1263 88 23 seemed
1403 1266 24 19 to
1437 1263 53 22 miss
1500 1261 30 23 all
1540 1261 40 23 the
1587 1260 50 23 best
1644 1260 76 29 things
1728 1259 23 23 of
1758 1259 53 23 life-

1266 1294 30 22 all
1308 1294 51 22 that
1369 1293 19 22 is

1352 1327 56 19 More
1417 1327 50 19 than
1477 1325 73 21 mortal
1560 1325 52 20 wine
1620 1325 40 20 and
1670 1324 67 20 bread.

1267 1357 56 28 Life,
1339 1356 59 23 after
1413 1356 37 27 all,
1467 1356 19 22 is
1503 1362 61 16 more
1580 1355 56 22 than
1653 1353 69 23 feasts
1742 1355 25 21 at
1786 1352 38 23 the

1265 1394 97 24 expense
1371 1386 23 24 of
1404 1385 62 24 hotel
1476 1385 145 31 proprietors,
1633 1383 44 24 and
1688 1383 59 24 fame
1756 1384 19 23 is
1785 1386 39 20 not

1266 1418 135 29 comforting
1421 1417 63 22 when
1504 1423 41 16 our
1564 1415 45 23 last
1628 1415 68 22 hours
1715 1421 37 16 are
1771 1414 53 28 only

1266 1447 95 25 soothed
1377 1447 31 30 by
1425 1447 64 23 those
1505 1446 50 23 who
1572 1452 63 16 serve
1653 1452 26 16 us
1695 1444 35 24 for
1740 1444 84 23 hire.—

1267 1479 91 29 Sydney
1370 1477 86 24 'Mail.'

1354 1548 243 29 AUSTRALIAN
1616 1546 121 30 NOTES.

1295 1624 36 23 An
1351 1623 79 24 article
1449 1623 23 23 in
1492 1623 39 23 the
1551 1621 92 30 Sunday
1664 1620 102 24 'Truth'
1787 1621 39 21 has

1267 1654 99 31 brought
1376 1654 88 23 trouble
1481 1660 28 16 on
1527 1653 63 23 those
1606 1651 136 31 responsible
1752 1651 35 23 for
1796 1650 31 24 its

1267 1692 144 22 appearance.
1451 1684 62 23 John
1544 1682 89 23 Norton
1663 1682 48 27 (the
1735 1680 90 27 editor),

1268 1715 69 30 Hugh
1354 1714 97 23 Roberts
1471 1713 48 28 (the
1538 1712 104 31 printer),
1663 1711 44 23 and
1726 1710 101 23 Andrew

1268 1745 112 24 Thomson
1399 1745 49 28 (the
1472 1744 135 30 proprietor)
1627 1742 46 24 find
1693 1741 134 25 themselves

1268 1776 66 23 haled
1350 1775 75 23 before
1441 1774 39 23 the
1498 1774 131 30 magistrate
1646 1773 35 24 for
1698 1771 129 31 publishing

1267 1814 29 15 an
1315 1806 79 22 article
1413 1804 87 30 alleged
1519 1809 24 18 to
1563 1804 90 23 contain
1672 1806 84 19 matter
1772 1809 42 16 war-

1269 1835 79 24 ranted
1359 1839 24 19 to
1393 1835 43 23 stir
1446 1842 30 22 up
1486 1834 97 23 sedition
1594 1834 89 29 against
1692 1832 39 24 the
1742 1832 82 28 Queen.

1269 1866 47 23 Her
1328 1866 98 29 Majesty
1437 1872 46 15 was
1500 1863 97 24 referred
1616 1867 24 20 to
1650 1870 24 16 as
1684 1870 13 16 a
1707 1863 61 23 scion
1778 1862 23 23 of
1815 1869 13 15 a

1268 1896 74 30 filthy,
1354 1896 54 28 foul,
1420 1894 109 30 mentally
1538 1894 44 23 and
1593 1893 126 31 physically
1727 1892 101 24 diseased

1269 1934 55 16 race.
1356 1926 47 22 The
1422 1925 80 22 article
1520 1924 101 23 abounds
1641 1924 22 21 in
1683 1924 85 21 similar
1784 1922 33 22 dis-

1268 1955 99 35 graceful
1391 1955 98 30 phrases.
1535 1954 47 23 The
1606 1954 64 22 three
1693 1952 136 24 defendants

1269 1987 57 24 have
1335 1986 55 24 been
1401 1984 131 25 committed
1542 1984 35 24 for
1587 1984 60 24 trial.

1296 2023 39 22 Mr
1343 2022 128 23 O'Sullivan
1489 2021 80 21 moved
1585 2021 39 21 the
1639 2020 82 22 second
1736 2019 93 29 reading

1269 2053 23 22 of
1307 2053 39 22 the
1364 2051 84 23 Homes
1463 2049 130 25 Protection
1610 2049 45 23 Bill
1676 2049 22 23 in
1716 2048 38 24 tbe
1772 2048 56 23 New

1269 2082 71 25 South
1361 2081 76 23 Wales
1456 2080 126 29 Assembly.
1613 2079 35 23 Its
1667 2079 76 29 object
1766 2079 19 22 is
1804 2081 25 20 to

1269 2114 94 29 prevent
1373 2112 39 23 the
1422 2110 121 25 alienation
1554 2117 25 16 or
1589 2110 84 23 seizure
1683 2110 23 23 of
1720 2112 109 28 property

1269 2144 39 23 the
1318 2143 65 23 value
1394 2145 40 20 not
1443 2145 24 20 to
1484 2141 82 23 exceed
1583 2141 67 28 £2OO,
1665 2140 109 29 provided
1790 2140 39 22 the

1269 2180 74 17 owner
1350 2171 123 31 registered
1481 2172 35 22 his
1523 2174 116 27 property.
1662 2170 50 22 The
1721 2169 107 23 Minister

1269 2203 23 23 of
1312 2202 74 24 Landß
1406 2201 47 29 (Mr
1472 2200 143 28 Carruthers)
1639 2199 124 31 supported
1789 2199 38 23 the

1269 2241 107 20 measure,
1407 2232 41 23 but
1482 2231 98 31 thought
1616 2230 39 23 the
1683 2233 94 20 amount
1805 2229 23 23 of

1269 2265 39 23 the
1329 2264 60 22 limit
1410 2265 37 20 too
1469 2262 49 22 low.
1556 2261 36 23 He
1614 2260 74 23 would
1709 2263 41 19 not
1771 2260 45 22 hesi-

1269 2297 48 21 tate
1345 2296 25 21 to
1398 2293 85 23 abolish
1518 2291 48 24 half
1601 2291 39 23 the
1676 2289 54 24 laws
1758 2289 71 24 about

1269 2327 127 27 mortgages
1424 2323 44 23 and
1497 2322 73 28 debts,
1601 2321 73 23 which
1704 2321 56 29 kept
1788 2321 40 22 the

1269 2355 78 30 people
1362 2354 65 23 down
1443 2352 43 24 and
1508 2352 55 24 shut
1580 2352 39 23 the
1634 2350 102 32 sunlight
1749 2353 42 21 out
1804 2351 25 22 of

1269 2386 60 24 their
1343 2385 62 24 lives.
1444 2384 35 24 He
1501 2383 74 31 might
1595 2390 56 17 even
1673 2390 28 23 go
1716 2390 24 16 so
1754 2382 35 24 far
1803 2389 24 16 as

1269 2420 24 19 to
1303 2416 108 23 advocate
1422 2415 38 24 the
1470 2415 95 24 Chinese
1572 2414 51 27 law,
1633 2413 73 23 which
1717 2413 73 29 wiped
1797 2413 33 22 off

1269 2446 30 23 all
1310 2446 65 23 debts
1385 2449 25 19 at
1420 2446 40 22 the
1470 2444 56 24 New
1538 2444 66 22 Year.
1636 2442 36 23 He
1682 2442 121 30 suggested
1813 2449 14 16 a

1269 2476 60 23 limit
1347 2476 24 23 of
1387 2476 66 23 £SOO.
1493 2474 47 24 The
1556 2473 52 29 Bill,
1620 2472 73 24 which
1714 2472 53 23 does
1786 2475 41 20 not

1269 2509 89 28 protect
1373 2507 89 29 against
1479 2504 66 24 debts
1561 2503 104 24 incurred
1682 2503 62 31 prior
1754 2506 24 20 to
1789 2503 38 23 the

1269 2537 153 30 registration,
1434 2543 45 16 was
1490 2535 52 24 read
1551 2543 13 14 a
1574 2534 79 23 second
1663 2535 55 22 time
1729 2534 30 29 by
1769 2535 27 22 46
1804 2537 23 19 to

1269 2568 19 21 3.
1329 2566 48 23 The
1396 2566 46 22 Bill
1462 2568 24 19 to
1504 2564 81 23 amend
1604 2564 40 22 the
1668 2567 81 25 patent
1772 2563 55 22 laws

1269 2595 80 31 passed
1359 2595 136 25 Committee
1506 2594 97 24 without
1620 2592 151 24 amendment.
1803 2591 24 25 It

1269 2627 62 24 deals
1340 2627 57 24 with
1408 2627 39 23 the
1457 2626 125 30 important
1592 2625 65 30 point
1666 2624 23 24 of
1699 2623 105 30 allowing
1814 2631 13 16 a

1269 2660 106 26 patentee
1391 2660 25 19 to
1433 2656 79 23 amend
1531 2656 35 22 his
1582 2655 171 29 specifications.
1784 2654 29 23 Ob-

1268 2687 84 30 jection
1372 2693 46 17 was
1436 2686 68 24 taken
1523 2688 23 20 to
1566 2684 38 24 the
1619 2684 45 23 Bill
1681 2684 67 30 beiog
1757 2688 59 19 retro-

1268 2717 108 30 spective,
1387 2714 2 33 '
1397 2716 44 24 and
1461 2717 53 23 that
1533 2716 38 23 the
1590 2714 102 31 Cyanide
1709 2714 116 30 Company

1269 2747 74 23 would
1361 2747 28 23 be
1404 2747 50 23 able
1471 2746 71 23 under
1559 2746 20 22 it
1596 2748 24 20 to
1637 2745 52 28 levy
1700 2744 87 23 tribute
1797 2751 29 15 on

1269 2777 87 31 mining
1371 2776 127 31 companies
1516 2776 50 23 who
1583 2774 87 24 started
1689 2774 39 23 the
1738 2782 89 22 process

1269 2815 28 16 on
1317 2809 39 22 the
1372 2807 105 30 strength
1494 2806 23 24 of
1533 2814 14 15 a
1563 2806 113 23 defective
1685 2804 45 24 and
1740 2804 87 24 invalid

1269 2841 87 26 patent.
1387 2837 47 23 The
1446 2837 105 22 Minister
1561 2836 92 29 pointed
1664 2839 41 19 out
1720 2835 53 22 that
1789 2835 39 22 the

1270 2867 44 24 Bill
1329 2874 46 17 was
1393 2867 86 24 similar
1497 2870 24 20 to
1538 2865 39 25 the
1595 2864 56 26 New
1669 2863 97 25 Zealand
1784 2863 44 25 and

1269 2898 118 24 Victorian
1408 2899 63 27 Actß,
1490 2897 72 24 under
1579 2896 74 24 which
1671 2896 39 23 the
1727 2895 102 31 Cyanide

1269 2928 134 29 Company's
1413 2928 149 28 applications
1572 2927 35 23 for
1617 2926 144 23 amendment
1771 2933 58 16 were

1270 2957 95 24 refused.
1400 2957 45 23 The
1456 2956 100 24 Premier
1565 2955 89 23 refuted
1670 2956 40 22 the
1719 2956 110 22 assertion

1270 2988 52 22 that
1332 2987 39 22 the
1380 2987 45 22 Bill
1436 2994 45 14 was
1491 2985 134 23 introduced
1640 2985 24 21 in
1674 2985 39 21 the
1723 2985 106 22 interests

1269 3017 24 22 of
1303 3016 39 22 the
1352 3015 96 29 cyanide
1458 3015 85 29 people.

1298 3051 47 23 The
1356 3051 54 23 hero
1419 3050 24 23 of
1458 3051 39 22 the
1507 3049 63 24 week
1587 3049 19 23 is
1616 3048 96 31 Captain
1730 3048 97 29 Slocum,

1270 3081 51 23 who
1345 3081 40 23 has
1403 3080 146 29 successfully
1569 3079 121 30 navigated
1714 3079 35 23 his
1768 3079 61 23 little

1269 3111 69 30 yacht
1349 3112 53 22 thus
1411 3111 36 24 far
1456 3118 29 16 on
1495 3118 14 15 a
1519 3117 85 23 voyage
1617 3109 72 24 round
1700 3109 39 24 the
1749 3109 78 28 world,

1270 3142 34 22 his
1312 3142 53 29 only
1375 3141 133 30 companion
1518 3140 66 30 being
1592 3147 14 16 a
1613 3139 122 24 well-filled
1744 3140 85 29 library

1269 3171 23 25 of
1302 3171 77 24 books.
1410 3170 24 25 It
1444 3171 19 23 is
1477 3170 136 24 understood
1631 3170 97 29 Captain
1739 3169 89 25 Slocum

1269 3202 19 23 is
1298 3201 72 24 under
1379 3204 149 28 engagement
1537 3204 24 20 to
1571 3201 51 30 give
1632 3200 40 24 the
1683 3201 7 12 1
1697 3199 57 25 New
1764 3199 64 25 York

1269 3232 99 23 Herald'
1378 3232 40 23 the
1428 3232 84 23 benefit
1521 3232 24 22 of
1561 3231 35 22 his
1606 3231 138 29 description
1754 3231 24 22 of
1792 3231 36 22 his

1269 3262 84 30 plucky
1363 3262 79 22 cruise.

1296 3291 128 32 According
1434 3294 24 20 to
1468 3291 40 23 the
1518 3290 76 31 ruling
1603 3290 24 23 of
1639 3290 38 23 the
1687 3289 142 31 stipendiary

1269 3323 132 30 magistrate
1418 3324 25 21 at
1460 3321 99 30 Sydney,
1575 3321 94 23 obscene
1685 3321 111 30 language
1810 3321 19 23 is

1269 3353 38 23 the
1318 3352 86 24 normal
1414 3352 110 30 language
1534 3352 23 23 of
1567 3359 13 16 a
1590 3351 86 24 certain
1686 3351 64 24 class.
1782 3350 47 24 The

1268 3383 72 30 police
1364 3382 111 24 exceeded
1509 3382 61 24 their
1599 3382 59 29 duty
1683 3382 64 23 when
1773 3381 56 30 they

1269 3413 100 24 arrested
1379 3413 55 23 such
1451 3412 139 24 individuals
1605 3412 75 23 unless
1698 3412 54 29 they
1763 3410 65 24 could

1269 3451 67 22 prove
1350 3451 61 15 some
1421 3450 42 15 one
1474 3450 24 15 or
1508 3442 85 23 other's
1608 3441 146 24 sensibilities
1771 3448 58 16 were

1268 3473 97 23 shocked
1383 3473 30 30 by
1425 3472 38 23 the
1481 3473 117 29 language.
1630 3472 32 22 As
1681 3479 14 14 a
1705 3471 123 30 policeman

1268 3503 117 30 evidently
1395 3504 40 22 has
1451 3510 30 16 no
1500 3502 94 30 feelings
1611 3502 23 23 of
1650 3502 34 23 his
1704 3509 50 16 own
1774 3501 20 24 it
1810 3502 19 22 is

1268 3542 117 22 necessary
1410 3534 36 23 for
1470 3534 46 22 him
1542 3536 24 20 to
1595 3533 88 30 inquire
1706 3532 58 24 from
1789 3532 40 23 the

1268 3565 123 30 bystander
1401 3564 103 23 whether
1514 3564 28 22 he
1552 3565 19 22 is
1585 3563 83 30 feeling
1682 3562 98 23 shocked
1798 3562 30 30 by

1268 3595 39 24 the
1326 3595 61 24 lurid
1404 3594 141 31 expressions
1563 3594 21 23 of
1601 3592 138 25 individuals
1758 3600 69 23 proue

1268 3629 24 21 to
1311 3625 86 32 lingual
1416 3625 156 31 garnishment
1591 3624 76 24 before
1686 3624 93 30 making
1798 3631 29 16 an

1267 3659 80 20 arrest.

1295 3686 48 23 The
1363 3686 118 23 Victorian
1501 3684 120 30 Assembly
1645 3684 130 30 sedulously
1790 3683 25 23 de-

1267 3716 69 24 voted
1346 3716 62 24 itself
1423 3720 24 20 to
1457 3715 102 25 consider
1569 3715 40 24 the
1620 3714 88 32 Mining
1719 3713 108 32 Develop*

1267 3751 62 20 ment
1339 3747 53 29 Bill,
1404 3747 81 29 which,
1498 3754 24 16 as
1532 3747 20 23 it
1560 3746 43 24 left
1613 3746 39 24 the
1662 3746 73 23 hands
1749 3745 24 24 of
1789 3744 39 25 the

1267 3779 143 27 Committee,
1435 3777 106 30 provides
1565 3777 36 23 for
1620 3784 28 15 an
1677 3776 100 23 advance
1805 3776 23 22 of

1267 3808 97 27 £75,000
1383 3811 25 20 to
1431 3807 128 29 companies
1578 3806 135 30 developing
1732 3806 93 28 mining,

1267 3838 96 28 £45,000
1373 3837 35 23 for
1418 3836 155 30 constructing
1592 3836 74 28 roads,
1687 3836 96 28 £IO,OOO
1794 3835 34 23 for

1267 3868 94 24 mineral
1372 3868 85 29 testing
1467 3867 73 30 plant,
1552 3867 82 28 £3,000
1644 3866 35 24 for
1686 3866 129 23 disseminat-

1267 3899 38 30 ing
1329 3898 145 24 information
1507 3897 135 29 concerning
1667 3896 39 24 the
1729 3895 98 30 colony's

1266 3928 94 24 mineral
1370 3935 121 21 resources,
1503 3927 45 23 and
1568 3927 96 27 £IO,OOO
1674 3929 24 20 to
1715 3927 67 21 assist
1792 3933 23 15 co-

1265 3959 116 30 operative
1410 3958 92 29 mining.
1542 3956 48 24 The
1624 3956 134 29 Insolvency
1782 3955 45 22 Bill

1265 3989 80 31 passed
1365 3989 30 22 its
1415 3988 61 28 final,
1497 3987 45 23 and
1558 3987 39 23 the
1616 3993 50 16 new
1685 3986 65 23 State
1761 3985 64 23 Bank

1265 4020 45 23 Bill
1329 4020 31 23 its
1375 4019 74 23 initial
1467 4021 81 27 stages.
1579 4017 48 24 The
1644 4017 117 30 Licensing
1780 4016 47 23 Act

1265 4050 153 23 Amendment
1428 4049 44 23 Bill
1482 4056 47 15 was
1548 4047 93 24 shelved
1651 4055 29 15 on
1691 4047 38 23 the
1741 4047 85 22 motion

1265 4081 35 22 for
1311 4081 38 21 the
1359 4079 81 23 second
1452 4078 100 29 reading.

1293 4109 47 24 The
1350 4109 190 29 representatives
1549 4108 24 22 of
1588 4107 39 24 the
1637 4107 113 23 furniture
1761 4105 64 24 trade

1265 4140 23 21 in
1296 4139 132 22 Melbourne
1439 4137 131 23 discovered
1578 4137 63 22 what
1647 4137 18 21 is
1673 4135 131 23 considered
1811 4142 14 14 a

1265 4169 83 23 serious
1359 4167 51 24 flaw
1420 4168 23 23 in
1463 4167 39 24 the
1519 4166 115 25 Factories
1652 4167 51 23 Act.
1735 4165 32 24 As
1786 4164 39 25 the

1264 4201 95 23 Chinese
1369 4199 86 30 largely
1465 4198 170 30 predominated
1647 4198 23 23 in
1679 4198 39 23 the
1725 4196 86 24 cabinet-

1265 4231 91 28 making
1366 4229 85 23 branch
1461 4229 24 22 of
1493 4229 39 21 the
1543 4228 72 27 trade,
1627 4228 40 23 the
1677 4227 99 23 workers
1787 4233 37 15 are

1265 4260 67 23 liable
1343 4263 24 18 to
1381 4259 27 22 be
1419 4257 135 30 completely
1564 4257 119 23 out-voted
1695 4257 22 22 in
1728 4256 97 26 electing

1265 4290 39 23 the
1319 4296 73 22 wages
1402 4288 70 23 board
1482 4287 111 29 proposed
1603 4287 72 23 under
1685 4287 39 22 the
1735 4286 51 23 Bill.
1804 4285 21 23 A

1264 4318 178 31 representative
1468 4318 24 22 of
1515 4321 40 18 tne
1574 4317 126 29 employers
1719 4316 73 23 threw
1811 4323 14 14 a

1265 4349 66 23 bomb
1355 4355 80 21 among
1455 4347 39 23 the
1514 4346 123 24 assembled
1655 4346 114 30 delegates
1794 4344 30 30 by

1263 4379 132 30 suggesting
1412 4376 52 25 that
1481 4377 74 23 unless
1573 4377 130 30 Europeans
1721 4375 53 24 took
1785 4375 39 23 the

1264 4409 48 23 bull
1336 4408 30 29 by
1384 4408 39 23 the
1448 4407 67 22 horns
1539 4407 44 22 and
1606 4414 40 15 ran
1670 4406 39 23 the
1728 4405 96 24 Chinese

1265 4440 48 23 into
1327 4438 40 24 the
1387 4438 52 30 bay,
1450 4436 75 24 would
1545 4437 19 23 it
1583 4441 41 19 not
1638 4436 27 24 be
1684 4444 25 15 as
1728 4435 52 24 well
1799 4438 25 21 to

1264 4473 38 25 try
1312 4469 45 22 and
1367 4468 81 22 induce
1458 4468 63 21 them
1538 4471 24 17 to
1571 4475 61 13 come
1649 4471 24 17 to
1691 4467 38 21 the
1739 4465 85 22 Trades

1264 4499 55 23 Hall
1338 4497 44 23 and
1397 4497 90 22 become
1507 4495 117 23 unionists.
1656 4495 47 23 The
1723 4493 100 24 insulted

1264 4528 112 23 unionism
1393 4529 25 20 at
1434 4525 46 24 this
1496 4532 49 16 rose
1561 4533 26 15 en
1604 4533 69 15 masse
1689 4523 46 25 and
1752 4523 60 30 indig-

1263 4558 81 28 nantly
1368 4555 88 24 howled
1479 4555 134 22 themselves
1632 4555 85 22 hoarse.
1748 4553 75 23 When

1263 4587 66 22 order
1348 4593 47 16 was
1414 4584 108 27 restored,
1540 4584 38 23 the
1595 4583 95 30 speaker
1703 4582 120 38 explained

1264 4617 51 22 that
1334 4616 20 22 it
1369 4622 45 16 was
1430 4614 84 29 merely
1531 4621 13 15 a
1562 4613 136 30 suggestion.
1730 4611 36 25 No
1782 4619 41 16 one

1263 4645 104 28 objected
1378 4649 24 17 to
1413 4644 38 22 the
1461 4643 95 23 Chinese
1567 4650 60 15 more
1643 4643 55 22 than
1709 4642 34 22 he.
1775 4642 47 22 The

1263 4675 106 23 Celestial
1380 4681 45 16 was
1435 4676 40 20 not
1485 4681 13 15 a
1508 4673 49 23 nice
1571 4672 89 30 subject
1675 4672 104 30 anyhow,
1790 4671 33 24 let

1263 4705 63 23 them
1336 4704 50 23 deal
1397 4704 56 23 with
1463 4704 46 23 him
1519 4711 25 15 as
1554 4703 55 29 they
1619 4702 79 31 might.
1730 4701 92 24 Calmed

1263 4734 30 30 by
1303 4735 47 23 this
1359 4734 130 28 admission,
1510 4734 39 22 the
1569 4733 99 30 meeting
1684 4732 94 23 decided
1799 4736 23 19 to

1262 4764 41 24 ask
1332 4764 39 24 the
1397 4763 66 25 Chief
1486 4763 119 28 Secretary
1628 4765 25 21 to
1676 4769 95 23 prepare
1793 4770 29 15 an

1263 4794 128 30 Amending
1414 4793 52 24 Bill
1507 4793 48 24 The
1578 4793 107 23 Minister
1708 4791 114 25 admitted

1262 4825 53 25 that
1324 4832 24 17 as
1360 4824 40 25 the
1414 4824 47 25 Act
1475 4831 51 16 now
1541 4823 67 24 stood
1625 4823 63 24 there
1703 4822 75 25 would
1795 4822 27 24 be

1262 4856 161 30 twenty-eight
1447 4855 119 30 European
1594 4854 88 29 factory
1706 4853 116 36 occupiers

1262 4887 56 23 with
1328 4887 131 28 thirty-two
1468 4889 72 24 votes,
1551 4883 44 24 and
1604 4883 115 31 fifty-nine
1726 4883 96 23 Chinese

1261 4917 115 29 occupiers
1391 4916 57 22 with
1463 4915 106 29 sixty-six
1585 4916 72 26 votes,
1675 4913 68 23 while
1757 4913 65 24 there

1261 4953 58 16 were
1329 4946 53 29 only
1392 4946 43 23 200
1443 4946 119 28 European
1579 4944 128 29 operatives
1722 4943 98 24 entitled

1261 4979 25 21 to
1296 4979 52 21 vote
1358 4976 90 35 against
1463 4976 42 22 336
1521 4974 102 24 Chinese.
1655 4973 167 30 Subsequently

1261 5007 28 23 he
1308 5004 133 26 introduced
1465 5013 29 15 an
1514 5003 128 32 Amending
1660 5003 46 25 Bin
1729 5011 29 16 on
1782 5003 39 25 the

1261 5037 56 23 lines
1327 5035 121 25 indicated.

1289 5067 47 23 The
1355 5066 136 24 Committee
1510 5064 122 31 appointed
1652 5064 30 31 by
1702 5064 41 24 the
1768 5064 39 24 Vic-

1260 5097 75 24 torian
1360 5096 138 30 Legislative
1521 5095 94 24 Council
1639 5095 23 23 in
1687 5095 132 23 connection

1261 5127 56 23 with
1328 5127 39 23 the
1376 5126 134 30 Companies
1525 5125 46 23 Bill
1590 5125 19 23 is
1629 5125 81 30 taking
1725 5125 81 23 exhaus-

1261 5158 46 22 tive
1317 5156 112 23 evidence.
1470 5155 101 30 Already
1581 5155 39 23 the
1630 5155 190 31 representatives

1260 5188 23 22 of
1298 5193 67 23 many
1380 5186 90 30 leading
1489 5186 127 28 companies
1635 5185 58 23 have
1711 5184 56 24 been
1782 5192 24 16 ex-

1260 5216 95 24 amined.
1387 5216 83 29 Strong
1477 5215 113 30 objection
1601 5215 19 23 is
1627 5215 116 31 generally
1748 5215 70 24 taken

1260 5250 24 21 to
1303 5247 40 24 the
1362 5245 125 32 provisions
1506 5245 115 32 requiring
1639 5247 136 23 statements
1796 5245 23 25 of

1260 5282 71 21 assets
1340 5277 45 26 and
1395 5277 116 25 liabilities
1520 5277 45 24 and
1575 5277 82 33 special
1667 5277 83 24 audits.
1781 5277 39 24 Mr

1260 5310 77 27 Elder,
1357 5308 40 24 the
1416 5315 106 22 manager
1541 5308 23 23 of
1588 5308 40 23 the
1648 5306 57 25 New
1720 5308 98 23 Zealand

1260 5339 61 23 Loan
1331 5338 45 24 and
1387 5337 134 25 Mercantile
1531 5338 93 30 Agency
1634 5337 123 31 Company,
1767 5345 38 16 con-

1258 5369 90 24 sidered
1374 5369 40 24 the
1439 5368 116 31 harassing
1578 5368 127 31 provisions
1727 5368 24 23 of
1779 5367 39 24 the

1259 5400 46 25 Bill
1328 5400 75 24 would
1427 5399 100 32 provoke
1550 5400 127 31 companies
1706 5402 25 21 to
1759 5398 59 25 close

1259 5431 60 23 their
1343 5430 132 23 Melbourne
1499 5430 75 22 offices
1596 5430 46 22 and
1667 5430 101 22 transfer
1794 5431 24 20 to

1258 5461 66 22 other
1348 5459 81 32 places.
1469 5459 33 23 As
1523 5459 37 23 far
1581 5466 25 16 as
1630 5459 40 23 the
1684 5458 63 24 Loan
1773 5457 45 23 and

1259 5491 134 24 Mercantile
1416 5491 94 30 Agency
1533 5498 47 15 was
1609 5489 124 24 concerned
1762 5488 56 31 they

1258 5521 76 24 would
1353 5522 27 22 be
1400 5520 124 31 compelled
1544 5524 24 19 to
1583 5520 99 24 transfer
1692 5519 39 24 the
1750 5518 54 23 head-

1256 5555 105 26 quarters
1371 5554 24 21 to
1405 5551 98 30 Sydney.
1535 5550 37 24 Mr
1591 5550 68 28 Mills,
1676 5556 106 23 manager
1795 5548 24 23 of

1257 5578 40 28 the
1307 5582 76 24 Union
1392 5581 125 31 Company,
1535 5581 49 24 said
1601 5580 36 24 his
1652 5585 110 24 company
1774 5585 45 17 was

1257 5612 120 32 exempted
1385 5612 59 24 from
1454 5612 40 24 the
1503 5611 91 31 general
1603 5610 129 32 operations
1745 5608 24 24 of
1779 5609 39 23 the

1256 5643 52 24 Bill.
1340 5642 22 26 If
1371 5644 20 24 it
1396 5642 41 26 did
1444 5642 69 31 apply
1519 5645 25 22 to
1551 5642 40 24 the
1598 5648 110 24 company
1716 5640 20 25 it
1743 5638 75 25 would

1258 5675 27 21 be
1296 5681 54 22 very
1367 5674 164 23 inconvenient.
1562 5673 73 23 There
1652 5679 46 15 was
1715 5678 14 16 a
1743 5671 75 21 clause

1257 5703 136 32 demanding
1401 5711 15 16 a
1425 5705 123 22 statement
1557 5703 23 23 of
1595 5705 72 21 assets
1676 5700 45 25 and
1738 5699 70 25 liabili-

1257 5734 43 23 ties
1309 5742 29 15 on
1348 5734 40 23 the
1397 5734 46 23 last
1453 5734 99 28 Monday
1562 5734 24 22 in
1601 5733 88 27 March,
1707 5730 43 24 but
1765 5730 53 29 only

1257 5767 46 21 two
1317 5771 26 16 or
1359 5764 64 24 three
1439 5763 157 24 shareholders
1612 5763 24 22 in
1651 5762 40 24 the
1708 5766 110 24 company

1257 5801 58 18 were
1325 5793 98 26 resident
1434 5794 24 24 in
1468 5793 110 27 Victoria,
1608 5792 33 28 A»
1658 5794 25 24 to
1700 5791 39 26 the
1754 5789 65 33 filing

1845 201 25 24 of
1884 201 40 23 the
1933 200 173 30 balance-sheet,
2117 207 29 18 no
2155 197 113 32 objection
2284 195 76 24 would
2376 194 28 23 be

1846 231 74 23 raised
1929 232 19 22 if
1964 232 40 22 the
2020 231 165 23 balance-sheet
2199 226 111 32 prepared
2324 225 31 29 by
2365 225 39 23 the

1846 260 59 24 head
1915 261 63 23 office
1988 268 46 16 was
2044 261 113 31 accepted.
2188 258 47 24 The
2245 256 115 24 chairman
2370 261 22 16 re-

1847 290 94 24 marked
1951 291 52 23 that
2012 291 20 24 it
2042 299 45 16 was
2096 294 41 21 not
2151 286 109 35 proposed
2277 289 24 21 to
2318 285 87 23 dictate

1847 322 23 23 in
1880 329 45 23 any
1935 329 63 17 sense
2013 324 24 22 to
2054 322 56 24 New
2125 319 98 27 Zealand
2238 325 25 17 or
2279 324 45 23 any
2339 315 66 24 other

1847 352 90 22 outside
1952 353 133 28 companies.
2129 352 49 24 The
2193 349 46 25 Bill
2254 346 120 25 contained
2392 353 13 15 a

1847 381 75 23 clause
1932 383 105 29 covering
2046 382 31 24 all
2091 382 54 24 such
2155 387 67 21 casqp.

1871 411 115 23 Professor
1995 411 94 24 Watson
2097 412 47 28 (the
2152 412 97 22 lecturer
2255 415 27 16 on
2289 406 117 30 operative

1848 448 94 23 surgery
1951 444 25 20 at
1983 441 109 24 Adelaide
2101 440 131 29 University
2239 437 45 24 and
2294 437 111 24 honorary

1849 471 128 30 consulting
1986 479 95 22 surgeon
2091 473 23 22 in
2122 472 38 22 the
2171 470 56 23 local
2237 466 108 31 hospital)
2359 465 44 23 and

1849 500 33 24 Dr
1892 500 86 31 Napier
1991 509 39 17 are
2047 502 38 23 the
2104 503 69 23 latest
2191 500 136 29 disputants.
2358 495 48 24 The

1849 531 70 24 latter
1943 531 147 31 complained,
2114 539 40 23 per
2173 531 39 23 the
2233 528 99 24 medium
2351 526 23 23 of
2393 533 13 15 a

1850 562 92 23 written
1966 563 104 29 apology,
2099 561 73 25 which
2195 560 28 23 he
2247 557 91 24 drafted
2361 555 45 24 and

1850 592 86 22 wished
1945 592 115 24 Professor
2071 592 94 24 Watson
2179 593 25 21 to
2220 590 57 29 sign,
2298 588 52 23 that
2367 586 39 23 the

1850 621 70 23 latter
1929 621 120 30 impugned
2061 622 34 24 his
2105 622 80 29 ability
2199 627 24 15 as
2232 626 13 16 a
2255 625 94 22 surgeon
2360 616 23 23 in
2393 623 14 15 a

1851 655 76 20 recent
1946 653 123 29 operation.
2106 652 114 24 Professor
2239 649 95 23 Watson
2352 646 41 30 pub-

1850 681 73 22 lished
1943 681 38 22 the
2000 682 72 23 whole
2091 679 195 32 correspondence,
2308 677 99 29 denying

1851 712 39 23 the
1900 710 133 32 allegations
2042 712 132 30 absolutely.
2204 709 48 24 The
2266 707 91 31 dispute
2367 706 40 23 has

1851 750 50 16 now
1925 742 71 24 called
2023 743 62 24 forth
2113 742 133 25 resolutions
2273 739 58 24 from
2355 738 52 23 that

1851 774 146 28 masterpiece
2007 774 23 23 of
2044 774 74 23 trades
2129 773 118 26 unionism,
2262 771 39 22 the
2310 768 97 24 Medical

1852 803 141 22 Association
2016 803 43 23 and
2082 803 106 24 branches
2212 802 22 22 in
2259 800 39 23 the
2318 799 89 22 various

1851 832 105 28 colonies,
1984 832 159 31 disapproving
2171 832 23 22 of
2218 830 39 24 the
2286 829 75 23 action
2385 828 23 23 of

1852 863 64 23 those
1932 862 98 24 medicos
2047 863 49 24 who
2115 861 106 32 accepted
2239 860 169 30 appointments

1852 893 23 22 in
1886 893 38 22 the
1935 893 98 29 hospital
2043 894 23 23 in
2076 894 96 24 defiance
2180 891 24 24 of
2211 891 38 24 the
2258 889 148 24 Association.

1854 922 71 23 What
1941 923 75 22 would
2033 924 27 22 be
2079 932 13 15 a
2111 923 78 29 vulgar
2205 920 134 29 boycotting
2357 926 50 15 case

1852 953 23 23 in
1885 960 14 14 a
1907 952 132 24 workmen's
2049 954 66 22 union
2122 953 100 22 becomes
2232 950 84 29 merely
2324 957 13 15 a
2344 949 65 29 point

1852 983 23 23 of
1888 982 147 31 professional
2052 985 110 30 etiquette
2172 982 23 24 in
2205 981 47 23 this
2261 987 93 17 case—a
2364 979 33 23 dis-

1853 1014 97 23 tinction
1975 1014 97 24 without
2096 1014 64 24 much
2182 1011 75 24 actual
2281 1011 125 23 difference.

1853 1044 113 31 Replying
1977 1047 23 21 to
2011 1052 12 16 a
2032 1046 102 29 question
2145 1044 22 23 in
2178 1043 38 24 the
2225 1041 118 31 Assembly
2354 1041 44 23 rela-

1854 1076 46 23 tive
1919 1078 24 20 to
1967 1075 39 23 the
2025 1075 180 24 administration
2224 1074 23 23 of
2266 1072 142 28 chloroform,

1853 1105 100 24 Premier
1969 1105 114 31 Kingston
2098 1105 74 24 Btated
2189 1104 52 25 that
2255 1103 39 24 the
2305 1102 91 24 adminis-

1854 1136 85 25 tration
1949 1143 46 16 was
2005 1136 58 24 done
2077 1136 29 31 by
2115 1144 14 15 a
2142 1134 78 25 fourth
2230 1134 73 31 year's
2316 1132 94 25 student

1854 1167 71 22 under
1950 1168 38 21 the
2012 1166 72 23 direct
2108 1165 203 30 superintendency
2331 1164 23 21 of
2378 1163 33 22 Dr

1854 1196 93 31 Napier,
1971 1196 50 23 who
2040 1196 92 31 warmly
2152 1194 103 25 resented
2280 1194 39 24 the
2341 1194 57 22 inter-

1854 1228 87 22 ference
1956 1227 24 22 of
2003 1227 33 22 Dr
2055 1227 94 22 Russell.
2180 1225 33 23 Dr
2232 1225 85 28 Napier
2336 1223 61 23 subse-

1854 1256 94 30 quently
1958 1256 177 29 semi-privately
2146 1254 49 23 told
2210 1254 32 22 Dr
2259 1253 89 22 Russell
2360 1252 51 22 that

1855 1287 27 22 he
1902 1285 74 24 would
1997 1286 73 23 throw
2084 1278 45 30 hini
2146 1290 41 18 out
2202 1284 23 23 of
2238 1282 39 25 the
2292 1282 119 31 operating

1855 1316 88 22 theatre
1957 1315 17 23 if
1990 1316 27 22 he
2034 1315 64 30 again
2113 1314 69 31 spoke
2199 1319 24 18 to
2234 1314 45 22 him
2290 1313 108 30 direspect-

1854 1345 57 30 fully
1922 1345 75 23 before
2008 1345 39 23 the
2057 1345 109 24 students.
2195 1344 36 24 Mr
2239 1343 113 31 Kingston
2360 1343 38 23 sub-

1854 1375 119 31 sequently
1980 1375 48 24 told
2036 1376 39 22 the
2082 1375 118 30 Assembly
2209 1375 50 22 that
2266 1375 39 22 the
2312 1374 84 23 Govern-

1855 1409 62 19 ment
1927 1406 107 22 intended
2045 1409 23 20 to
2084 1407 81 28 import
2175 1409 25 19 at
2209 1412 44 22 any
2264 1408 48 19 cost
2322 1404 90 21 doctors

1856 1439 23 21 to
1894 1435 94 24 succeed
2005 1436 39 23 the
2060 1437 74 30 junior
2153 1435 68 23 house
2238 1441 107 22 surgeons
2362 1433 50 22 who

1856 1466 100 30 recently
1966 1467 109 29 resigned.
2105 1467 47 23 The
2169 1465 106 30 Hospital
2291 1463 74 24 Board
2380 1463 21 23 in-

1855 1496 80 30 quired
1950 1497 48 22 into
2016 1497 38 22 the
2073 1495 189 29 Watson-Napier
2275 1494 136 29 imbroglios,

1856 1527 55 23 with
1932 1526 39 24 the
1990 1526 71 23 result
2076 1526 50 24 that
2143 1526 54 29 they
2212 1523 71 25 called
2299 1531 60 23 upon
2374 1523 38 24 the

1856 1557 83 25 former
1948 1559 24 23 to
1983 1557 80 30 resign.
2094 1557 21 24 If
2125 1557 28 23 he
2161 1555 53 25 does
2223 1557 40 21 not
2273 1554 29 24 do
2319 1562 24 16 so
2359 1554 53 30 they

1856 1588 40 23 ask
1908 1588 38 23 the
1956 1588 152 23 Government
2118 1591 24 18 to
2152 1593 89 16 remove
2252 1586 52 22 him.

1883 1617 48 23 The
1942 1617 71 23 whole
2030 1617 23 23 of
2070 1617 38 23 the
2122 1615 110 24 Adelaide
2248 1614 52 23 Fire
2317 1614 96 30 Brigade

1856 1648 57 23 have
1922 1647 133 31 practically
2066 1646 101 31 resigned
2182 1646 93 22 because
2290 1645 54 29 they
2356 1651 57 16 were

1856 1682 41 19 not
1907 1677 122 31 permitted
2039 1679 22 21 in
2069 1685 13 15 a
2088 1677 59 29 body
2156 1679 24 20 to
2187 1675 80 23 attend
2277 1675 38 22 the
2325 1674 88 23 funeral

1856 1708 24 23 of
1889 1715 14 16 a
1912 1707 110 24 comrade.

1884 1738 100 24 Premier
2001 1737 112 30 Kingston
2129 1737 40 23 has
2185 1734 130 26 announced
2331 1734 52 24 that
2397 1734 17 23 if

1857 1769 57 24 New
1924 1769 71 24 South
2008 1769 75 23 Wales
2090 1768 44 24 and
2144 1767 102 23 Victoria
2256 1773 65 23 agree
2330 1767 24 21 to
2361 1764 52 24 hold

1857 1800 39 23 the
1906 1799 94 24 Federal
2009 1799 140 24 Convention
2159 1797 107 24 elections
2281 1795 61 30 early
2359 1797 55 21 next

1857 1837 53 23 year
1921 1829 71 24 South
2002 1828 116 25 Australia
2133 1827 46 24 will
2189 1827 27 23 be
2231 1825 110 31 prepared
2352 1830 23 18 to
2385 1825 29 22 do

1857 1860 107 23 likewise.

1885 1890 48 23 The
1951 1889 110 24 Adelaide
2081 1889 76 23 House
2175 1887 84 24 settled
2275 1886 66 24 down
2357 1886 56 22 with

1858 1920 101 23 renewed
1971 1921 63 27 vigor
2051 1923 25 19 to
2092 1918 168 29 tomahawking
2276 1917 38 23 the
2331 1917 83 28 Liquor

1858 1950 51 23 Bill.
1940 1950 35 30 By
1985 1950 24 23 31
2027 1952 24 20 to
2062 1950 25 22 14
2098 1949 38 23 the
2145 1948 154 24 Government
2309 1953 58 16 were
2377 1945 24 23 de-

1858 1980 75 24 feated
1944 1981 23 23 in
1976 1980 37 24 the
2024 1980 103 31 proposal
2136 1983 23 20 to
2166 1978 91 25 restrict
2265 1977 39 25 the
2314 1976 85 25 Gothen-

1858 2011 57 28 burg
1933 2015 85 24 system
2039 2014 23 19 to
2082 2011 38 22 the
2139 2009 114 23 Renmark
2274 2008 137 22 settlement.

1858 2040 63 23 Then
1931 2040 30 30 by
1971 2041 26 23 27
2008 2042 24 21 to
2044 2041 25 22 18
2081 2041 38 22 the
2128 2039 148 28 Gothenburg
2286 2037 74 23 clause
2368 2044 46 15 was

1857 2070 79 24 struck
1947 2074 47 20 out.
2024 2070 48 23 The
2082 2070 73 24 clause
2165 2069 121 30 proposing
2293 2068 39 23 the
2347 2067 55 30 regis-

1858 2101 84 24 tration
1953 2100 23 24 of
1994 2100 31 24 all
2035 2103 91 28 present
2135 2098 113 25 barmaids
2258 2098 55 24 with
2328 2105 14 16 a
2357 2104 56 17 view

1858 2132 23 24 of
1891 2131 167 24 henceforward
2069 2131 134 31 preventing
2213 2130 38 24 the
2262 2129 152 30 employment

1858 2162 23 23 of
1890 2169 44 21 any
1945 2169 49 15 new
2004 2162 169 21 barmaids'was
2182 2160 109 23 amended
2302 2160 30 28 by
2345 2159 57 22 strik-

1858 2192 38 29 ing
1906 2195 40 19 out
1955 2191 31 22 all
1996 2191 113 23 reference
2119 2193 24 20 to
2153 2190 152 30 registration,
2322 2188 91 27 making

1857 2221 133 24 debarment
2013 2221 23 23 of
2058 2220 111 25 barmaids
2188 2219 169 31 non-operative
2378 2218 36 24 till

1859 2253 60 22 1899.
1956 2252 48 23 The
2023 2252 96 23 families
2137 2252 23 22 of
2180 2251 156 29 hotelkeepers
2356 2256 58 16 were

1857 2282 119 30 exempted
1987 2282 57 23 from
2053 2282 39 23 the
2102 2282 80 23 clause.
2213 2281 163 23 Amendments
2390 2280 23 23 in

1857 2313 64 23 favor
1940 2312 24 24 of
1982 2313 97 30 openiug
2099 2312 72 24 hotels
2190 2319 29 16 on
2239 2310 92 30 Sunday
2347 2310 55 23 after-

1856 2350 71 16 noons
1936 2342 45 24 and
1990 2343 107 30 evenings
2107 2343 43 23 and
2161 2342 134 31 preventing
2310 2341 70 23 music
2390 2340 23 23 in

1858 2373 61 25 hotel
1929 2373 51 24 bars
1990 2381 58 16 were
2058 2373 110 25 defeated.

1885 2404 47 23 The
1949 2404 142 28 Queensland
2105 2404 134 30 Legislative
2255 2403 111 24 Council's
2382 2403 22 22 in-

1856 2435 97 22 sistence
1968 2442 28 14 on
2011 2435 30 21 its
2058 2435 155 21 amendments
2227 2434 22 22 in
2265 2434 39 21 the
2321 2432 94 23 Federal

1857 2464 45 24 Bill
1912 2465 41 22 has
1963 2464 99 24 resulted
2073 2464 22 23 in
2110 2472 13 16 a
2140 2463 109 24 deadlock
2264 2463 101 23 between
2376 2462 39 23 the

1858 2498 45 21 two
1923 2495 94 23 Houses.
2058 2495 47 23 The
2128 2502 89 15 reasons
2237 2494 66 30 given
2326 2493 30 30 by
2376 2493 39 22 the

1856 2525 94 24 Council
1968 2533 37 16 are
2022 2525 53 24 that
2093 2525 39 24 the
2147 2524 109 30 proposed
2274 2524 140 24 Convention

1857 2556 75 22 would
1951 2556 67 22 effect
2033 2555 57 22 vital
2109 2556 95 27 changes
2223 2555 24 21 in
2263 2554 39 22 the
2324 2556 91 26 present

1857 2584 156 24 Constitution
2032 2584 46 23 Act
2096 2583 73 24 which
2189 2583 74 23 would
2278 2582 89 32 greatly
2382 2589 22 16 re-

1857 2615 67 24 strict
1933 2615 40 24 the
1989 2623 87 23 powers
2095 2615 22 24 of
2136 2615 39 24 the
2185 2614 109 28 Council;
2310 2614 52 24 that
2376 2613 39 24 the

1857 2646 95 24 Federal
1976 2646 189 29 representatives
2185 2645 81 23 should
2290 2645 74 22 either
2388 2644 27 23 be

1856 2676 87 22 elected
1954 2676 31 29 by
1996 2676 38 22 the
2048 2675 78 30 people
2143 2682 25 15 or
2185 2674 122 31 appointed
2318 2674 30 29 by
2359 2674 55 22 both

1857 2706 96 29 Houses,
1965 2705 44 24 and
2020 2705 92 23 because
2122 2705 39 23 the
2171 2705 94 23 election
2276 2705 23 23 of
2309 2705 40 22 the
2359 2703 42 25 Con-

1858 2737 92 22 vention
1961 2736 30 29 by
2001 2736 108 22 members
2119 2736 23 22 of
2157 2735 39 23 the
2206 2734 119 29 Assembly
2336 2734 78 29 passed

1858 2766 30 31 by
1898 2766 40 24 the
1948 2766 149 24 Parliaments
2107 2765 22 24 of
2140 2766 38 23 the
2188 2765 66 24 other
2263 2764 97 24 colonies
2370 2771 45 16 was

1858 2800 41 21 not
1908 2796 117 24 embodied
2036 2797 23 23 in
2077 2796 37 23 the
2128 2796 52 23 Bill.
2211 2796 100 23 Premier
2321 2794 93 29 Nelson,

1858 2828 23 22 in
1891 2827 91 29 moving
1998 2827 52 23 that
2066 2826 38 22 the
2114 2825 118 30 Assembly
2243 2826 77 22 insists
2337 2825 23 23 in
2371 2825 33 23 dis-

1858 2857 105 31 agreeing
1982 2856 56 23 with
2063 2856 38 23 the
2120 2855 111 24 Council's
2250 2854 163 29 amendments,

1858 2888 50 22 said
1928 2887 27 23 he
1972 2895 44 15 was
2039 2886 124 30 extremely
2187 2886 94 23 anxious
2305 2888 24 21 to
2348 2885 67 24 avoid

1858 2919 99 26 friction,
1969 2917 42 23 but
2021 2917 39 23 the
2075 2917 91 23 Council
2177 2917 44 22 had
2237 2916 68 23 taken
2316 2923 14 15 a
2340 2923 76 23 wrong

1859 2949 57 21 view
1935 2948 23 22 of
1977 2948 39 22 the
2036 2947 111 23 functions
2166 2947 24 21 of
2209 2947 39 21 the
2267 2947 146 21 Convention.

1859 2977 39 23 All
1909 2977 38 22 the
1957 2977 110 29 proposed
2076 2977 94 29 changes
2180 2977 23 21 in
2212 2976 39 22 the
2261 2975 154 23 Constitution

1859 3006 57 22 have
1926 3008 24 20 to
1966 3006 26 22 be
2002 3005 122 24 submitted
2136 3010 23 17 to
2169 3005 56 22 both
2243 3004 93 23 Houses.
2368 3004 47 22 The

1858 3035 141 25 Convention
2016 3034 65 24 could
2098 3037 40 21 not
2157 3035 22 23 in
2199 3041 44 24 any
2258 3041 50 23 way
2325 3033 91 24 restrict

1859 3065 39 25 the
1914 3072 87 23 powers
2016 3072 49 16 now
2080 3064 111 24 exercised
2211 3065 29 30 by
2255 3064 40 24 the
2314 3064 99 24 Council.

1860 3096 33 30 By
1905 3097 26 22 36
1942 3098 24 21 to
1978 3097 26 22 12
2019 3096 20 22 it
2055 3102 45 16 was
2114 3094 94 24 decided
2218 3098 25 20 to
2257 3095 67 22 insist
2333 3101 28 16 on
2372 3093 33 23 dis-

1858 3128 111 28 agreeing.
2001 3126 156 30 Negotiations
2174 3133 37 15 are
2230 3124 135 30 proceeding
2382 3124 34 23 for

1858 3164 14 15 a
1882 3156 129 23 conference
2022 3156 99 22 between
2132 3156 39 22 the
2181 3159 45 19 two
2236 3154 128 24 Chambers.

1886 3188 34 23 At
1939 3187 39 24 the
1998 3187 107 23 Diocesan
2123 3186 77 30 Synod
2219 3189 25 20 at
2263 3185 91 31 Sydney
2378 3185 38 23 the

1859 3218 100 23 Primate
1969 3217 41 27 (Dr
2020 3217 89 27 Smith),
2121 3218 23 21 in
2159 3217 35 23 his
2208 3216 97 30 opening
2314 3215 101 28 address,

1859 3247 100 23 referred
1970 3250 24 20 to
2005 3247 38 23 the
2053 3247 61 29 reign
2125 3246 23 23 of
2162 3253 41 15 our
2213 3247 61 27 wise,
2286 3246 129 26 successful,

1859 3276 45 24 and
1921 3276 116 31 righteous
2053 3276 66 28 ruler,
2137 3275 40 24 the
2193 3275 76 30 Synod
2285 3275 70 30 rising
2372 3275 43 23 and

1859 3307 106 30 cheering
1990 3307 39 23 the
2055 3307 81 28 Queen.
2177 3305 96 31 Dealing
2295 3306 57 23 with
2377 3305 39 24 the

1859 3338 104 31 question
1980 3337 23 24 of
2016 3338 115 29 marriage,
2150 3336 28 23 he
2194 3336 49 23 said
2262 3336 38 23 the
2310 3336 106 23 facilities

1859 3369 66 30 given
1942 3368 30 30 by
1990 3368 92 23 modern
2097 3368 125 29 legislation
2238 3367 35 23 for
2287 3367 90 23 divorce
2387 3374 28 15 on

1859 3399 66 23 other
1934 3397 99 31 grounds
2050 3398 55 22 than
2120 3397 113 29 infidelity
2246 3404 58 16 were
2314 3401 41 18 not
2365 3404 38 15 con-

1859 3428 80 23 ducive
1959 3431 24 20 to
2003 3428 111 28 morality,
2134 3427 45 22 and
2198 3427 83 22 tended
2302 3429 23 20 to
2350 3427 65 22 make

1859 3458 109 30 marriage
1978 3465 13 15 a
2006 3458 66 29 thing
2087 3456 81 30 lightly
2184 3456 118 23 esteemed.
2333 3456 23 22 If
2365 3463 50 15 men

1859 3488 43 23 and
1913 3495 86 16 women
2010 3495 58 15 were
2078 3488 91 22 content
2178 3488 24 21 to
2212 3485 80 30 regard
2306 3486 109 29 marriage

1859 3519 84 28 merely
1963 3526 24 16 as
2006 3526 13 15 a
2038 3517 52 24 civil
2109 3519 101 22 contract
2229 3516 44 24 and
2293 3519 40 20 not
2353 3524 24 15 as
2401 3524 13 15 a

1859 3550 106 30 religious
1981 3549 130 30 obligation,
2128 3547 38 24 the
2182 3547 84 23 church
2283 3546 81 23 should
2374 3549 41 20 not

1859 3580 27 23 be
1909 3578 110 32 expected
2053 3583 23 19 to
2109 3578 96 31 perform
2238 3584 26 16 or
2293 3576 59 24 bless
2376 3577 39 23 the

1858 3618 125 23 ceremony.
2029 3609 117 30 Referring
2180 3612 23 20 to
2237 3608 39 22 the
2304 3607 110 30 proposed

1859 3642 96 23 revision
1979 3641 24 22 of
2026 3641 40 22 the
2096 3639 138 24 Athanasian
2266 3637 73 28 creed,
2365 3645 37 22 par-

1859 3671 105 29 ticularly
1973 3671 23 22 in
2004 3670 79 30 regard
2095 3672 23 20 to
2128 3670 38 22 the
2174 3669 134 27 damnatory
2320 3667 93 27 clauses,

1859 3702 27 22 he
1906 3700 90 24 trusted
2015 3702 52 21 that
2086 3699 18 24 if
2126 3706 14 16 a
2158 3697 159 24 retranslation
2337 3696 23 23 of
2375 3696 39 23 the

1858 3731 65 25 creed
1933 3739 73 17 comes
2017 3730 75 24 before
2109 3729 38 25 the
2158 3728 109 25 Lambeth
2278 3727 136 25 Conference

1857 3770 61 16 some
1935 3763 126 22 relaxation
2076 3761 23 23 of
2118 3761 38 23 the
2175 3759 152 30 requirement
2345 3757 23 23 of
2382 3757 32 23 its

1857 3792 115 30 liturgical
1988 3799 39 16 use
2043 3790 87 30 maybe
2146 3789 136 24 considered.
2314 3787 26 23 In
2356 3788 57 21 view

1857 3823 24 23 of
1892 3823 38 22 the
1940 3823 77 22 recent
2027 3821 123 23 discussion
2160 3822 68 21 anent
2238 3818 38 23 the
2287 3817 93 24 reunion
2391 3817 23 23 of

1857 3852 167 28 Christendom,
2036 3852 20 23 it
2066 3858 45 16 was
2119 3853 41 21 not
2170 3853 23 20 to
2204 3849 26 23 be
2240 3847 108 31 expected
2362 3847 52 23 that

1858 3883 39 22 the
1907 3883 100 22 Primate
2017 3881 74 24 would
2102 3881 80 23 refrain
2194 3879 106 29 touching
2309 3878 40 22 the
2362 3877 38 23 sub-

1856 3914 53 28 ject.
1937 3912 36 23 He
1983 3912 48 23 said
2043 3912 38 23 the
2089 3910 121 24 discussion
2219 3909 98 29 brought
2326 3912 41 18 out
2375 3908 38 22 the

1857 3949 120 22 arrogance
1987 3942 45 22 and
2041 3942 163 22 exclusiveness
2213 3939 23 22 of
2246 3939 38 22 the
2294 3938 120 22 Romanist

1856 3972 73 23 claim.
1975 3971 47 24 The
2053 3971 133 23 authorities
2210 3969 23 23 of
2257 3968 38 23 the
2320 3967 92 23 Romish

1856 4002 91 24 Church
1966 4001 118 31 repudiate
2102 4001 30 24 all
2151 4000 66 23 other
2235 3997 107 25 churches
2367 3997 44 23 and

1856 4033 43 24 call
1915 4033 62 24 them
1994 4032 136 28 schismatic,
2142 4031 80 31 urging
2241 4029 39 24 the
2297 4028 76 24 claims
2388 4030 24 21 to

1855 4070 133 23 supremacy
2006 4062 25 23 of
2050 4063 38 22 the
2107 4063 60 28 Pope
2186 4060 44 24 and
2250 4060 39 23 the
2308 4058 103 24 Catholic

1855 4093 91 23 Church
1966 4096 23 18 to
2014 4092 39 23 the
2072 4092 101 23 absolute
2191 4090 120 23 obedience
2330 4088 23 22 of
2380 4088 31 22 all

1855 4123 133 22 Christians.
2029 4121 47 23 The
2102 4121 110 29 Anglican
2235 4119 90 23 Church
2344 4118 66 22 could

1855 4152 89 23 neither
1970 4150 70 23 brook
2067 4151 62 23 these
2153 4150 77 23 claima
2256 4156 41 15 nor
2320 4147 91 30 stultify

1855 4182 62 25 itself
1935 4182 31 31 by
1986 4181 157 32 withdrawing
2173 4181 62 23 those
2253 4178 85 26 solemn
2367 4178 43 24 and

1855 4214 84 23 serious
1968 4215 99 27 protests
2094 4214 88 29 against
2211 4211 39 23 the
2283 4210 56 22 false
2367 4209 43 23 and

1855 4243 152 28 unscriptural
2024 4242 111 23 doctrines
2151 4241 72 23 which
2241 4240 39 23 the
2295 4239 77 23 claims
2389 4239 23 23 of

1854 4272 116 32 primitive
1979 4271 45 24 and
2033 4271 102 25 Catholic
2149 4271 64 24 truth
2231 4269 64 24 made
2312 4269 96 23 needful.

1854 4302 117 30 Touching
1990 4302 39 23 the
2046 4304 91 21 reunion
2156 4302 24 22 of
2198 4302 65 22 other
2280 4300 132 22 Protestant

1854 4333 115 28 churches,
1981 4332 67 23 while
2059 4333 26 23 he
2097 4332 64 24 could
2172 4334 40 20 not
2219 4337 40 23 say
2267 4337 44 22 any
2319 4329 92 23 definite

1853 4363 100 23 advance
1970 4363 43 22 had
2031 4362 54 23 been
2103 4363 63 23 made
2183 4363 23 22 in
2226 4361 46 23 this
2291 4360 118 28 direction,

1854 4394 64 21 there
1929 4399 44 16 was
1984 4400 12 14 a
2007 4392 109 35 tendency
2128 4392 97 23 towards
2234 4391 86 22 mutual
2331 4391 68 21 tolera-

1854 4422 48 24 tion
1912 4422 44 24 and
1964 4429 13 16 a
1984 4422 74 24 better
2066 4421 182 31 understanding.
2279 4420 48 24 The
2334 4420 76 30 Synod

1853 4457 52 19 sent
1923 4453 122 29 sympathy
2065 4457 23 19 to
2109 4454 38 22 the
2170 4453 90 22 ancient
2283 4451 85 23 church
2387 4451 23 22 in

1853 4483 115 26 Armenia,
1980 4482 44 22 and
2034 4482 46 23 also
2088 4482 89 23 drafted
2187 4490 28 14 an
2231 4481 92 23 address
2333 4483 23 20 to
2372 4480 39 23 the

1853 4512 76 28 Queen
1939 4519 28 16 on
1979 4512 38 23 the
2027 4512 87 30 subject
2123 4513 23 23 of
2157 4512 39 23 the
2212 4511 122 24 Armenian
2351 4512 48 21 atro-

1853 4542 71 23 cities.
1969 4542 24 23 It
2016 4549 46 16 was
2085 4542 92 24 decided
2202 4545 25 20 to
2250 4541 82 30 supply
2352 4540 58 24 New

1852 4572 88 22 Guinea
1950 4572 56 22 with
2016 4579 14 15 a
2039 4572 86 28 bishop.

1984 4624 296 27 DISENCHANTED.

1876 4692 9 20 I
1893 4692 33 20 sat
1934 4692 21 20 in
1964 4691 35 21 the
2008 4691 56 21 front
2071 4697 40 15 row
2119 4692 41 20 and
2168 4692 92 19 watched
2270 4691 36 19 her

2217 4715 26 19 So
2253 4714 9 19 I
2271 4714 35 19 did

1896 4740 31 24 By
1935 4740 52 24 jove,
1996 4739 35 21 she
2039 4745 41 14 was
2088 4740 72 24 simply
2168 4739 77 21 divine,

2216 4762 26 20 So
2250 4761 36 21 she
2295 4766 46 15 was.

1874 4788 11 21 I
1893 4787 70 21 vowed
1972 4787 47 21 that
2027 4787 77 25 naught
2112 4787 71 21 should
2192 4786 57 20 deter
2257 4791 32 14 me

1896 4811 61 22 From
1965 4812 84 24 making
2057 4812 46 21 that
2111 4813 39 20 fair
2158 4812 91 20 creature
2257 4810 56 19 mine

2218 4835 26 20 So
2253 4834 9 20 I
2271 4833 48 21 did!

1873 4873 41 21 She
1921 4872 84 25 danced,
2012 4873 40 20 and
2059 4872 90 26 laughed,
2160 4872 40 20 and
2208 4869 101 23 cavorted,

2217 4896 26 19 So
2250 4894 36 20 she
2294 4893 41 25 did,

1895 4921 56 21 Then
1959 4921 86 25 skipped
2053 4922 64 21 round
2125 4923 35 19 the
2168 4921 56 23 stage
2233 4919 21 20 in
2263 4917 66 23 whirl.

2216 4943 25 20 So
2250 4942 35 19 she
2293 4941 35 20 did

1872 4969 40 22 Till
1920 4975 35 19 my
1961 4970 59 21 heart
2029 4976 40 15 was
2076 4968 120 26 completely
2204 4964 100 23 distorted

1895 4994 31 25 By
1933 4994 46 21 love
1986 4994 33 21 for
2026 4994 47 21 that
2081 4993 100 23 beautiful
2189 4991 45 26 girl,

2215 5016 26 20 So
2250 5016 17 19 it
2276 5015 52 19 was!

1872 5049 11 21 I
1892 5050 62 20 wrote
1962 5049 41 21 and
2011 5050 102 21 confessed
2121 5048 22 21 of
2151 5053 34 18 my
2193 5046 111 43 pas*ion^

1893 5098 39 25 Ay,
1942 5097 104 22 confessed
2054 5099 21 20 to
2083 5097 47 22 that
2138 5095 63 25 rising
2208 5099 68 19 young
2283 5094 49 22 star,

2213 5118 27 20 So
2250 5118 8 19 I
2267 5116 46 23 did;

1871 5146 43 20 But
1921 5146 37 20 her
1964 5152 78 14 answer
2049 5152 55 14 came
2113 5144 51 21 back
2172 5144 21 19 in
2202 5142 41 21 this
2253 5140 91 26 fashion:

1989 5170 9 20 I
2007 5176 50 15 once
2065 5166 154 25 wenttoschool
2226 5165 50 20 with
2285 5169 50 18 your
2343 5169 39 15 ma.

2214 5188 46 21 And
2269 5188 35 20 she
2315 5187 47 22 did!

1871 5219 29 14 —'
1906 5218 97 21 Bulletin.

1877 5264 103 35 Robber:
2049 5271 82 25 Throw
2150 5276 30 23 up
2200 5274 56 24 your
2277 5264 88 25 hands!
2394 5264 11 24 I

1849 5306 63 19 want
1920 5310 58 22 your
1988 5309 80 23 money
2076 5309 25 16 or
2108 5307 56 24 your
2172 5299 39 22 life
2277 5296 56 23 ftew
2342 5295 63 23 York

1848 5332 127 24 Policeman
1986 5341 6 15 :
2032 5332 52 22 You
2094 5330 63 24 don't
2166 5335 58 16 seem
2235 5329 24 20 to
2277 5326 67 22 know
2361 5332 41 15 me.

1848 5361 13 25 I
1879 5369 36 16 am
1934 5369 14 16 a
1967 5361 58 25 New
2044 5361 64 24 York
2299 5354 105 25 Robber:

1937 5392 93 30 pardon.
2061 5391 11 25 I
2089 5392 84 27 always
2191 5389 88 30 respect
2298 5385 40 25 der
2357 5393 48 23 per*

1848 5424 56 22 fesh.
1935 5422 78 23 How's
2022 5422 101 23 business

1875 5452 99 23 Bobbie:
2013 5451 69 23 What
2091 5458 36 16 are
2134 5447 155 26 descendants,
2297 5445 76 23 father
2379 5447 8 20 ?

1848 5482 100 24 Father:
1988 5481 69 30 Why,
2068 5481 40 25 the
2117 5478 78 33 people
2206 5477 50 24 who
2270 5483 61 17 come
2346 5474 59 24 after

1847 5520 53 23 you.
1931 5512 154 29 (Presently:)
2105 5511 59 23 Who
2176 5509 19 24 is
2206 5508 52 24 that
2267 5513 76 24 young
2353 5513 51 15 man

1848 5550 24 17 in
1881 5543 40 24 the
1930 5549 93 24 passage
2087 5541 84 29 Bpbbie
2181 5535 4 38 :
2230 5537 80 24 That's
2324 5542 42 17 one
2381 5535 23 23 of

1847 5573 86 23 sister's
1948 5572 150 24 descendants
2114 5577 61 18 come
2192 5571 24 21 to
2233 5570 53 21 take
2296 5567 41 22 her
2347 5566 34 23 for
2390 5573 15 15 a

2363 5602 4 30 ,

1875 5634 22 25 A
1920 5633 182 31 comprehensive
2131 5632 77 31 report
2233 5636 28 17 on
2293 5627 111 25 technical

1847 5665 120 23 education
1978 5665 22 22 in
2011 5664 111 30 England,
2136 5660 119 33 presented
2265 5660 23 22 in
2306 5659 53 23 1895
2373 5657 31 28 by

1847 5694 34 24 Dr
1888 5695 69 23 Oscar
1967 5694 117 30 Pyfferoen
2101 5697 23 21 to
2135 5693 39 23 the
2188 5690 94 31 Belgian
2298 5688 106 23 Minister

1847 5725 24 23 of
1880 5725 111 29 Industry
2004 5725 45 23 and
2067 5724 79 27 Labor,
2163 5723 40 22 has
2213 5721 55 23 been
2279 5717 124 25 translated

1847 5755 46 23 and
1902 5754 74 25 issued
1986 5762 25 15 as
2021 5762 14 15 a
2049 5754 56 24 New
2115 5751 97 28 Zealand
2228 5749 176 31 parliamentary

1847 5791 70 26 paper
1929 5783 31 33 by
1970 5784 39 26 the
2020 5784 126 27 Education
2157 5781 155 33 Department.

2538 194 73 27 THE
2630 193 151 28 FOURTH
2809 193 74 29 ACT.

2627 268 22 23 A
2665 268 129 24 SKETCH.

2460 309 48 25 The
2518 310 126 31 advantage
2654 311 23 23 of
2686 312 67 30 going
2762 312 24 22 in
2796 313 24 22 at
2835 311 118 30 half-price
2967 314 25 20 at

2433 340 93 24 Hoxton
2544 342 19 21 is
2582 342 53 22 that
2653 349 45 22 you
2717 342 77 22 obtain
2811 350 14 14 a
2839 342 54 22 stall
2909 344 25 20 at
2948 342 33 22 six-

2433 377 69 23 pence
2512 378 6 19 ;
2528 371 40 22 the
2578 370 162 30 disadvantage
2750 371 19 22 is
2780 371 52 22 that
2840 378 44 22 you
2895 378 38 15 are
2940 371 52 29 only

2433 407 24 15 in
2467 400 55 23 time
2532 400 35 22 for
2576 403 38 19 act
2624 401 13 21 4
2653 400 23 22 of
2693 401 39 22 the
2748 400 94 31 stirring
2856 400 137 23 melodrama

2434 430 56 22 with
2501 430 125 22 wonderful
2644 430 73 22 scenic
2733 430 84 28 effects,
2830 432 39 20 the
2879 430 114 22 sensation

2433 459 24 23 of
2474 459 100 23 London.
2605 459 64 23 Even
2680 459 59 28 here,
2752 459 94 30 though,
2857 460 20 22 is
2891 466 88 22 compen-

2433 490 81 23 sation.
2545 489 48 24 The
2603 490 117 23 mountain
2737 489 23 24 of
2778 490 58 23 faces
2851 489 71 30 rising
2936 489 58 24 from

2435 520 39 23 the
2484 527 54 22 very
2548 519 119 30 footlights
2683 522 25 21 at
2723 520 39 23 the
2779 520 122 23 base—one
2917 520 44 28 boy
2975 519 20 22 is

2434 550 86 30 resting
2530 550 35 22 his
2575 550 52 21 chin
2637 556 28 15 on
2677 550 39 22 the
2730 553 64 26 stage
2809 550 45 22 and
2868 550 87 29 staring
2970 551 25 20 at

2434 581 39 23 the
2484 579 83 24 Italian
2578 579 70 23 ladies
2658 579 93 30 painted
2768 587 28 15 on
2814 580 39 22 the
2863 579 132 29 act-drop—

2435 611 62 29 right
2507 617 31 22 up
2548 613 24 19 to
2582 610 39 22 the
2631 612 100 27 topmost
2748 610 92 22 summit
2857 609 23 23 of
2898 609 38 23 the
2950 609 45 22 last

2435 647 45 17 row
2498 640 23 23 in
2538 639 40 24 the
2593 639 101 31 gallery:
2710 639 63 23 these
2792 646 38 17 are
2849 638 87 24 flushed
2951 638 44 23 and

2435 671 82 22 Bcarlet
2527 670 56 22 with
2593 670 40 21 the
2643 670 137 22 excitement
2789 670 24 21 of
2827 670 115 28 following
2957 670 38 21 the

2435 700 124 24 disastrous
2583 698 136 24 adventures
2748 700 23 22 of
2804 700 39 22 the
2874 699 53 23 hero
2951 698 44 24 and

2435 731 98 25 heroine.
2564 730 63 30 They
2639 729 48 25 talk
2697 730 46 24 and
2752 730 85 29 shriek,
2849 733 45 26 too,
2910 738 14 15 a
2938 729 57 32 good

2435 763 51 23 deal
2496 762 82 29 during
2589 762 39 23 the
2637 762 110 23 entr'acte
2757 765 24 20 at
2795 762 54 22 each
2860 761 80 27 other;
2954 761 41 23 but

2436 793 64 22 when
2512 800 12 14 a
2540 799 51 15 man
2609 798 73 16 comes
2701 792 49 22 into
2766 799 41 14 one
2827 791 23 23 of
2869 791 39 23 the
2927 790 68 23 boxes

2436 823 57 23 with
2502 830 13 15 a
2526 822 69 22 white
2611 821 118 23 waistcoat
2745 821 55 30 they
2815 821 57 30 drop
2887 821 30 23 all
2931 821 64 23 other

2437 853 72 29 topics
2528 852 24 23 of
2571 856 119 26 argument
2708 851 45 22 and
2771 851 73 23 direct
2861 851 134 22 themselves

2437 884 55 23 with
2505 882 126 29 unanimity
2642 884 25 20 at
2676 881 53 24 him.

2490 913 57 22 Tike
2557 913 20 21 it
2586 912 37 22 off.
2654 912 57 22 Tike
2722 912 18 22 it
2750 912 33 22 off
2792 912 45 22 this

2465 942 71 27 Then,
2548 942 23 23 in
2582 945 65 19 tones
2656 941 24 23 of
2689 945 90 19 earnest
2788 941 96 30 appeal:

2493 971 54 25 Will
2557 979 45 23 you
2613 971 47 24 tike
2671 972 52 23 that
2734 972 68 23 white
2821 972 96 23 westket
2927 971 32 24 off
2971 978 26 16 or

2437 1004 70 24 won't
2515 1011 45 23 you
2567 1002 49 25 tike
2627 1002 52 25 that
2687 1002 69 25 white
2764 1002 97 25 westket
2868 1002 37 25 off.
2927 1002 70 25 Don't

2438 1035 51 24 let's
2498 1035 48 22 'ave
2557 1036 24 21 to
2592 1034 40 23 tell
2641 1041 46 22 you
2697 1033 70 25 about
2777 1034 20 23 it

2466 1071 47 24 The
2530 1070 60 24 band
2605 1073 70 21 starts
2693 1077 12 17 a
2722 1070 53 24 loud
2793 1070 84 28 march,
2896 1070 44 23 and
2957 1070 40 24 the

2439 1110 52 15 man
2500 1102 24 23 in
2534 1101 40 24 the
2590 1101 44 23 box
2651 1101 64 23 looks
2732 1101 105 23 relieved.
2868 1101 48 23 The
2933 1103 64 21 truce

2438 1133 53 29 only
2501 1133 56 23 lasts
2567 1132 59 24 until
2637 1132 39 23 the
2686 1131 54 24 loud
2750 1131 76 24 march
2837 1131 97 25 finishes.

2493 1164 68 28 Why,
2574 1163 27 22 he
2621 1162 56 23 ain't
2693 1162 55 22 took
2767 1163 20 22 it
2803 1162 32 22 off
2851 1164 56 27 yet!
2936 1162 59 28 'fire,

2439 1193 85 23 mister.
2555 1192 67 24 After
2632 1199 45 23 you
2687 1192 56 23 with
2754 1192 52 24 that
2816 1192 70 23 white

2492 1223 72 23 Order
2574 1223 63 22 there
2650 1231 6 18 ;
2675 1223 73 26 order,
2760 1223 61 22 can't
2830 1225 60 26 you?

2467 1252 86 23 Silence
2563 1254 25 20 at
2599 1252 45 23 this
2654 1254 63 21 stern
2727 1251 110 23 direction
2847 1252 23 23 of
2878 1252 38 22 the
2924 1254 60 20 atten-

2440 1282 73 24 dants.
2545 1281 62 24 Then
2627 1289 13 16 a
2656 1281 64 24 shrill
2736 1282 63 23 voice
2815 1282 64 30 pipes
2889 1284 40 21 out
2940 1281 55 24 wi*h

2439 1312 130 24 affectation
2580 1312 23 23 of
2613 1312 152 30 compassion:

2493 1343 43 23 Let
2545 1343 47 23 him
2602 1342 57 31 keep
2669 1343 20 23 it
2698 1350 36 21 on,
2746 1343 75 30 chaps.
2853 1342 54 24 He's
2922 1345 39 28 got
2969 1350 28 16 no

2440 1373 85 30 blanky

2468 1404 63 21 More
2552 1403 69 22 music
2640 1403 56 22 from
2714 1403 66 22 band.
2813 1404 20 21 A
2850 1403 57 23 head
2924 1406 24 20 at
2959 1404 39 22 the

2440 1434 48 22 side
2507 1433 23 23 of
2549 1433 104 29 act-drop
2677 1440 51 23 says
2894 1434 44 22 and
2960 1434 38 22 the

2441 1464 70 23 music
2530 1467 69 26 stops.
2631 1463 72 23 Those
2727 1463 24 23 in
2769 1463 38 23 the
2825 1464 35 29 pit
2877 1464 50 22 who
2941 1464 57 22 have

2441 1495 55 22 been
2507 1494 106 29 standing
2623 1495 56 21 with
2691 1494 59 22 their
2760 1493 68 23 backs
2839 1496 24 19 to
2879 1494 39 22 the
2935 1497 63 26 stage

2441 1525 31 22 sit
2482 1524 65 23 down
2557 1524 44 23 and
2613 1523 53 24 take
2676 1523 32 23 off
2722 1524 59 23 their
2798 1523 58 23 hats.
2887 1523 111 31 Act-drop

2442 1563 30 21 up
2489 1554 105 24 discloses
2611 1554 68 24 Scene
2701 1554 87 24 I—The
2803 1554 96 31 Cottage
2922 1555 22 23 in
2960 1555 38 23 the

2444 1585 78 23 Wood.

2470 1616 20 21 A
2509 1614 67 23 black
2596 1614 69 28 cloth,
2686 1614 117 30 fluttering
2823 1621 55 23 very
2897 1614 59 23 close
2975 1618 24 19 to

2442 1645 126 30 footlights,
2594 1646 56 22 with
2674 1648 90 25 cottage
2789 1644 93 30 painted
2906 1645 92 23 thereon

2443 1675 55 22 with
2519 1675 40 22 red
2583 1675 115 21 windows.
2739 1674 125 29 Hurriedly
2883 1674 58 23 from
2961 1675 38 21 the

2442 1704 48 23 side
2505 1711 72 15 comes
2594 1704 40 22 the
2651 1704 98 29 heroine,
2766 1704 66 23 black
2850 1703 76 24 bodice
2943 1711 57 23 open

2443 1738 24 21 at
2486 1734 39 24 the
2545 1734 64 29 neck,
2630 1735 105 30 carrying
2754 1742 13 16 a
2791 1734 140 31 long-legged
2948 1735 41 23 fair-

2443 1765 78 23 haired
2536 1765 61 23 little
2613 1765 51 29 girl.
2695 1764 47 24 The
2758 1765 91 23 heroine
2868 1765 63 23 looks
2948 1773 53 15 over

2443 1796 40 22 her
2492 1795 106 23 shoulder
2608 1795 127 29 affrighted.

2576 1837 52 23 may
2645 1830 41 23 kill
2777 1831 55 22 cries
2848 1830 39 24 the
2902 1830 98 28 heroine,

2443 1861 100 30 hugging
2563 1861 38 23 the
2620 1860 142 31 long-legged
2781 1861 50 30 girl,
2947 1861 55 29 they

2443 1892 57 23 shall
2526 1894 36 21 not
2590 1891 68 24 touch
2686 1898 35 16 me
2745 1891 68 23 child.
2844 1890 49 29 See,
2915 1891 51 23 here
2984 1892 18 22 is

2443 1929 13 15 a
2479 1924 96 27 cottage.
2622 1921 88 29 Surely,
2740 1921 75 29 surely
2846 1928 61 15 some
2937 1921 52 22 kind-

2443 1952 93 23 hearted
2553 1954 102 20 creature
2672 1950 56 24 lives
2745 1950 64 24 there
2826 1950 50 24 who
2895 1950 45 24 will
2951 1950 51 24 look

2442 1984 60 23 after
2511 1991 34 15 me
2556 1983 54 23 dear

2495 2014 99 21 Mamma
2603 2016 5 19 !
2638 2013 99 21 Mamma

2497 2042 76 28 What,
2587 2050 33 15 me
2631 2042 90 30 darling
2731 2049 41 16 one
2779 2044 9 21 ?

2516 2072 43 25 feel
2570 2081 24 15 so
2604 2072 63 23 weak
2678 2072 44 23 and
2733 2072 32 28 ill,

2614 2103 96 24 dearest.
2743 2102 56 25 Rest
2814 2110 57 24 your
2881 2101 57 25 head
2951 2102 52 24 thus

2443 2143 59 21 upon
2514 2143 35 15 me

2495 2165 12 23 I
2526 2167 63 20 want
2608 2168 24 19 to
2651 2171 27 23 go
2698 2166 25 21 to
2741 2164 69 30 sleep,
2831 2171 103 21 mamma,
2959 2164 45 23 and

2443 2195 76 23 dream
2528 2195 69 22 about
2607 2195 37 23 the

2470 2225 72 24 There
2552 2225 19 24 is
2581 2233 24 16 bo
2615 2225 66 23 much
2692 2225 131 31 lugubrious
2832 2225 90 30 sniffing
2931 2225 24 23 in
2966 2225 38 23 the

2443 2256 114 23 darkened
2568 2257 68 22 house
2653 2256 59 23 after
2728 2256 47 23 this
2791 2256 88 22 remark
2897 2256 52 23 that
2965 2256 39 22 the

2443 2286 132 24 attendants
2599 2287 65 29 again
2688 2286 80 30 appeal
2792 2286 35 23 for
2846 2286 73 23 order.
2957 2285 47 23 The

2443 2318 90 22 heroine
2553 2317 86 23 knocks
2658 2319 24 21 at
2702 2317 39 23 the
2760 2316 100 30 flapping
2879 2316 62 28 door,
2959 2315 45 24 and

2444 2348 64 23 when
2523 2355 14 16 a
2552 2347 131 24 fair-haired
2698 2347 179 23 brown-dressed
2893 2347 54 30 lady
2966 2354 25 23 ap-

2443 2387 65 22 pears
2517 2387 14 15 a
2541 2378 70 24 rustle
2626 2386 52 23 goes
2696 2378 98 30 through
2809 2378 39 24 the
2865 2378 77 28 house,
2959 2378 45 23 and

2443 2409 130 30 everybody
2584 2409 51 23 tells
2650 2409 128 29 everybody
2789 2409 45 22 else
2844 2408 53 24 that
2905 2409 20 22 it
2935 2409 19 22 is
2965 2408 39 23 the

2443 2440 114 29 blooming
2566 2439 88 23 French
2664 2439 43 30 girl
2717 2439 82 22 turned
2815 2446 31 23 up
2857 2439 72 29 again.

2497 2469 44 24 She
2551 2469 53 23 does
2614 2472 41 20 not
2664 2469 159 30 r-r-racognice
2901 2475 52 23 says
2963 2468 40 23 the

2444 2500 86 24 French
2550 2500 53 30 lady
2628 2500 169 29 confidentially
2817 2502 24 20 to
2860 2500 40 22 the
2925 2500 75 22 house.

2470 2531 58 23 Now
2538 2531 35 22 for
2588 2538 37 21 my

2472 2561 47 21 The
2530 2560 87 22 French
2627 2560 54 28 lady
2692 2559 65 23 takes
2767 2559 82 29 charge
2859 2559 24 22 of
2893 2559 38 22 the
2942 2559 50 29 long-

2444 2589 79 32 legged
2534 2589 61 24 child
2606 2589 56 24 with
2672 2589 73 30 frosty
2756 2589 116 31 geniality.
2904 2588 99 24 Heroine

2444 2621 91 30 appeals
2545 2624 24 20 to
2580 2620 93 24 Heaven
2689 2624 23 20 to
2730 2620 57 30 keep
2804 2620 39 24 her
2858 2620 89 30 darling
2962 2628 41 15 one

2444 2652 47 22 safe
2500 2652 57 22 from
2575 2651 56 23 weal
2648 2658 25 16 or
2688 2658 56 20 woe,
2761 2650 45 23 and
2822 2658 68 21 goes;
2905 2651 45 22 and
2965 2651 39 21 the

2444 2681 87 24 French
2542 2681 54 30 lady
2606 2681 73 22 winks
2689 2683 25 20 at
2731 2681 39 22 the
2780 2681 35 29 pit
2825 2679 45 24 and
2884 2687 52 23 says
2952 2680 51 23 that

2444 2712 18 23 if
2477 2712 73 23 heffen
2566 2712 85 30 forgets
2662 2714 24 20 to
2696 2710 29 24 do
2740 2718 24 15 so
2775 2712 39 21 Bhe
2831 2710 40 23 vill
2887 2717 37 17 see
2940 2713 25 21 to
2975 2711 26 22 it.

2444 2742 48 22 The
2502 2742 78 22 villain
2590 2742 85 22 arrives
2690 2742 23 21 in
2729 2741 106 30 creaking
2852 2741 65 22 boots
2931 2740 44 23 and
2991 2747 13 16 a

2444 2773 47 23 suit
2500 2772 24 23 of
2533 2771 66 24 black
2610 2771 44 23 and
2660 2771 45 23 silk
2713 2771 55 28 hat;
2779 2771 44 23 and
2832 2778 28 16 on
2869 2771 38 23 the
2916 2770 87 24 French

2444 2803 54 29 lady
2508 2803 129 29 explaining
2648 2803 39 22 the
2697 2803 173 22 circumstances
2880 2801 28 23 he
2923 2801 80 30 laughs

2445 2832 132 28 scornfully,
2604 2832 45 23 and
2668 2839 66 22 says:
2844 2832 52 27 last,
2921 2831 83 24 Jennie

2446 2862 151 29 Wheatcroft,
2618 2861 12 24 I
2649 2862 57 23 have
2724 2869 46 23 you
2794 2862 23 23 in
2838 2869 37 22 my

2444 2894 47 23 The
2507 2893 85 30 gallery
2606 2893 19 23 is
2641 2893 103 30 annoyed
2761 2895 24 21 at
2801 2893 46 23 this
2861 2895 105 27 prospect
2980 2892 24 24 of

2444 2924 40 23 the
2494 2923 96 24 villain's
2600 2930 94 21 success,
2706 2923 44 23 and
2761 2923 70 23 howls
2840 2923 36 23 for
2884 2923 64 30 quite
2956 2923 48 23 half

2444 2961 13 16 a
2477 2955 93 22 minute.
2610 2954 56 23 Exit
2689 2954 23 23 of
2742 2954 78 22 villain
2844 2953 45 23 and
2913 2952 86 24 French

2444 2991 126 22 governess,
2582 2984 57 22 with
2656 2983 140 29 long-legged
2815 2983 89 26 infant;
2923 2985 78 20 return

2444 3013 23 21 of
2486 3013 89 21 mother
2595 3013 55 21 with
2669 3012 93 26 friends,
2778 3011 126 23 distracted
2915 3014 24 20 to
2956 3011 45 23 find

2445 3042 39 22 the
2501 3044 89 26 cottage
2608 3044 84 26 empty.
2724 3041 91 23 Mother
2829 3041 97 23 inclined
2937 3044 24 20 to
2975 3041 28 22 be

2444 3079 61 16 cross
2521 3072 57 23 with
2595 3070 102 28 Heaven,
2717 3070 41 23 but
2768 3070 93 24 cheered
2872 3078 30 22 up
2918 3072 29 29 by
2962 3071 41 22 her

2444 3102 38 23 old
2501 3102 83 28 father,
2602 3101 51 23 who
2670 3108 51 23 says
2740 3100 87 31 George
2847 3100 46 25 will
2908 3100 27 24 be
2951 3101 52 24 here

2445 3140 60 15 soon.

2519 3162 45 24 will
2572 3162 28 24 be
2718 3162 57 23 cries
2786 3162 38 24 the
2835 3162 99 30 heroine,
2945 3162 57 24 with

2445 3194 40 23 her
2495 3194 61 23 hand
2573 3197 25 19 at
2613 3193 41 23 her
2669 3193 70 23 white
2749 3193 83 23 throat.
2915 3193 47 23 will
2976 3193 27 23 be

2445 3225 76 26 brave,
2542 3224 75 22 father
2636 3223 69 28 dear;
2730 3223 42 23 but
2791 3224 124 22 remember
2939 3224 63 23 this;

2445 3254 75 21 Death
2530 3253 77 22 before

2473 3283 47 24 The
2530 3282 60 24 band
2598 3282 64 32 plays
2670 3282 63 24 Bwift
2741 3283 69 23 music
2821 3291 24 15 as
2855 3282 39 25 the
2904 3282 100 31 Happing

2445 3322 64 16 scene
2528 3321 54 23 goes
2601 3321 30 22 up
2645 3313 45 23 and
2701 3314 39 22 the
2755 3316 46 20 two
2810 3321 29 22 go
2853 3314 35 22 off.
2920 3314 21 22 A
2952 3314 52 30 long

2445 3345 64 23 3heet
2518 3345 24 23 of
2558 3344 40 24 red
2615 3344 58 31 glass
2690 3351 56 23 pops
2765 3351 31 23 up
2812 3345 23 22 in
2852 3343 63 25 front
2932 3344 23 24 of
2965 3345 39 23 the

2445 3375 118 30 footlights
2574 3375 45 22 and
2628 3375 67 22 sends
2709 3382 29 15 an
2753 3377 94 21 autumn
2858 3375 58 28 glow
2926 3382 29 15 on
2965 3375 39 23 the

2444 3413 65 15 scene
2518 3405 82 23 2—the
2610 3404 54 24 Cliff
2681 3405 30 29 by
2728 3405 40 23 the
2778 3405 49 23 Sea.
2859 3403 47 25 The
2916 3404 87 29 villain,

2445 3436 109 29 hurrying
2564 3442 29 16 on
2603 3435 56 23 with
2674 3435 40 23 the
2731 3435 141 29 long-legged
2887 3435 69 28 child,
2967 3442 24 15 ex-

2444 3466 74 29 plains
2528 3466 35 22 his
2577 3465 89 22 scheme
2685 3468 23 19 to
2725 3465 39 22 the
2779 3464 86 23 French
2876 3472 126 23 governess.

2444 3495 71 28 Then,
2527 3495 98 31 Btrikiog
2636 3495 38 23 the
2685 3495 91 22 wooden
2788 3495 64 28 cliffs,
2864 3495 28 22 he
2904 3495 51 23 tells
2965 3495 39 22 the

2444 3525 61 24 child
2525 3529 24 20 to
2563 3533 40 22 say
2619 3526 29 23 its
2664 3533 99 22 prayers,
2801 3526 35 23 for
2855 3526 72 27 there,
2946 3526 57 23 from

2443 3564 45 22 yon
2498 3556 48 23 cliff
2554 3556 53 23 that
2617 3556 49 23 lifts
2672 3557 20 22 it
2706 3555 72 30 proud
2796 3555 56 23 head
2869 3559 23 19 to
2904 3556 38 23 the
2951 3556 51 29 sky,

2444 3587 46 23 will
2500 3586 13 24 I
2528 3587 73 23 throw
2613 3586 59 28 thee,
2691 3586 59 29 brat,
2762 3587 49 22 into
2822 3586 39 23 the
2876 3586 58 30 deep

2443 3617 47 24 The
2509 3617 142 31 indignation
2671 3617 23 23 of
2709 3617 40 23 the
2768 3616 103 24 crowded
2891 3616 69 24 house
2979 3620 25 21 at

2443 3648 46 22 this
2509 3648 19 22 is
2542 3648 54 28 only
2615 3647 103 30 equalled
2742 3647 30 29 by
2792 3648 30 22 its
2846 3648 157 22 unrestrained

2442 3677 99 22 emotion
2558 3677 65 21 when
2640 3677 38 21 the
2697 3677 75 21 infant
2786 3684 52 21 says
2855 3677 30 21 its
2901 3684 99 22 prayers.

2443 3707 33 22 At
2491 3707 39 23 the
2547 3706 74 23 words
2729 3713 38 23 my
2781 3706 142 30 simplicitee,
2935 3706 68 24 suffer

2444 3745 33 15 me
2488 3741 24 19 to
2522 3745 62 15 come
2594 3741 24 19 to
2730 3737 38 22 the
2779 3737 78 22 villain
2873 3738 65 22 takes
2949 3738 53 23 hold

2442 3768 23 22 of
2484 3768 40 22 her
2543 3768 50 21 hair
2612 3767 44 22 and
2675 3774 52 22 says
2751 3767 122 29 brusquely
2888 3768 45 21 he's
2958 3768 44 22 had

2441 3797 88 28 enough
2541 3797 22 21 of
2573 3796 58 23 that.
2662 3797 47 21 One
2720 3803 86 15 woman
2824 3797 23 21 in
2858 3797 39 21 the
2907 3797 95 29 balcony

2443 3827 124 28 thereupon
2577 3825 81 30 speaks
2668 3825 35 23 for
2714 3825 39 23 the
2763 3825 72 23 entire
2846 3826 96 24 theatre.

2556 3856 63 29 dirty
2630 3855 55 29 tyke
2730 3855 39 24 she
2785 3863 102 16 screams.

2470 3887 38 30 Up
2518 3894 14 15 a
2541 3886 78 23 ladder
2629 3885 84 23 behind
2725 3885 38 23 the
2774 3885 48 23 cliff
2830 3885 27 23 he
2869 3886 81 23 carries
2961 3886 39 24 the

2442 3917 80 23 infant.
2554 3917 32 21 As
2603 3916 28 22 he
2650 3916 19 22 is
2683 3923 30 15 on
2728 3916 34 21 his
2782 3923 50 21 way
2848 3916 63 22 there
2927 3923 73 15 comes

2441 3947 58 23 from
2518 3946 39 22 the
2577 3946 85 29 gallery
2681 3952 14 14 a
2714 3952 51 15 roar
2784 3945 23 22 of
2826 3945 111 28 laughter.
2976 3945 24 23 It

2441 3984 75 15 means
2528 3976 39 23 the
2577 3975 83 23 arrival
2670 3975 23 22 of
2708 3975 69 22 comic
2788 3974 69 23 relief.

2590 4013 51 23 says
2659 4005 38 24 the
2716 4008 64 21 stout
2798 4004 91 29 soldier,
2911 4005 50 24 who
2981 4006 17 23 is

2441 4038 95 30 peeping
2553 4036 72 24 round
2643 4037 38 23 the
2697 4036 78 29 wings,
2813 4036 46 23 this
2873 4036 19 23 is
2902 4036 75 23 where
2988 4036 10 22 I

2440 4076 62 15 come
2516 4069 31 21 in.
2578 4067 22 23 If
2610 4066 11 23 I
2632 4067 63 22 don't
2711 4066 56 29 spile
2782 4065 70 30 Cap'n
2867 4066 131 22 Henshaw's

2441 4098 60 23 little
2520 4098 59 29 gime
2600 4104 50 22 may
2665 4096 11 23 I
2697 4103 68 16 never
2784 4103 36 16 see
2840 4096 96 29 Awgate
2955 4095 43 30 Igh

2440 4130 72 20 street

2467 4157 48 25 The
2525 4159 64 21 Btout
2598 4156 83 24 soldier
2690 4155 106 29 beckons,
2807 4155 45 23 and
2862 4154 39 24 the
2908 4154 90 24 heroine

2441 4189 86 24 hurries
2544 4196 35 15 on.
2617 4188 84 29 Strong
2715 4195 65 16 scene
2799 4187 101 23 between
2911 4187 85 28 villain,

2440 4220 113 29 stamping
2584 4226 59 22 upon
2674 4219 39 22 the
2743 4217 92 22 wooden
2864 4217 65 27 cliffs,
2954 4214 44 25 and

2440 4250 97 22 heroine.
2568 4248 86 23 Villain
2669 4250 103 27 suggests
2788 4255 13 14 a
2816 4247 85 22 certain
2912 4253 84 22 course,

2440 4280 44 24 and
2502 4280 64 22 when
2586 4279 39 23 the
2649 4278 90 23 heroine
2759 4276 76 24 makes
2854 4284 87 16 answer
2960 4277 38 23 the

2439 4311 86 29 gallery
2535 4309 105 23 endorses
2650 4309 39 22 her
2699 4315 87 15 answer
2796 4307 55 23 with
2862 4308 113 29 applause.

2493 4340 79 24 Better
2589 4338 68 25 death
2673 4341 24 20 to
2713 4345 37 23 my
2765 4337 89 29 darling
2868 4345 41 15 one
2919 4337 45 23 and
2974 4339 24 21 to

2440 4378 34 16 me
2485 4371 55 23 than
2550 4370 39 23 life
2600 4370 55 22 with
2664 4375 51 23 you,
2727 4368 96 30 Captain
2832 4367 114 24 Henshaw

2467 4401 47 23 The
2532 4400 78 23 villain
2626 4399 65 23 takes
2709 4399 38 22 the
2765 4398 73 22 infant
2854 4398 59 27 (who
2927 4405 71 15 seems

2438 4431 125 29 extremely
2582 4430 69 24 bored
2671 4429 55 24 with
2742 4428 39 24 the
2798 4428 72 23 whole
2887 4427 110 30 business)

2440 4462 43 22 and
2493 4468 105 22 prepares
2609 4464 24 19 to
2643 4460 73 22 throw
2723 4460 19 21 it
2752 4466 53 14 over
2815 4459 48 22 into
2874 4459 39 21 the
2919 4459 79 28 raging

2438 4498 43 16 sea.
2514 4490 116 29 Suddenly
2641 4489 38 22 the
2688 4488 119 30 quivering
2814 4488 69 22 music
2893 4488 57 23 from
2958 4488 39 23 the

2438 4521 116 24 orchestra
2563 4521 103 28 changes.

2491 4551 71 29 Stop!
2592 4549 58 23 Dare
2668 4552 24 19 to
2711 4548 74 29 injure
2803 4556 12 14 a
2834 4547 50 23 hair
2902 4548 24 23 of
2946 4548 51 22 that

2438 4580 80 24 child's
2619 4579 56 22 cries
2685 4578 39 23 the
2739 4577 110 28 husband,
2861 4577 102 23 revolver
2973 4578 23 21 in

2438 4610 69 29 hand,
2547 4608 45 26 and
2609 4608 12 24 I
2638 4608 46 24 will
2701 4608 66 24 shoot
2783 4614 53 24 you,
2852 4607 46 24 like
2908 4607 39 24 the
2957 4614 39 17 cur

2438 4648 45 24 you

2467 4670 102 30 Nothing
2587 4677 42 16 can
2648 4669 82 23 exceed
2749 4668 40 23 the
2808 4668 88 29 delight
2915 4668 23 24 of
2956 4668 40 23 the

2438 4701 107 22 audience
2555 4703 25 19 at
2590 4700 39 21 the
2638 4698 83 23 arrival
2730 4698 23 23 of
2763 4698 39 23 the
2813 4698 108 22 husband.
2948 4698 47 22 The

2437 4732 63 20 Btout
2514 4728 83 23 soldier
2612 4728 109 22 clambers
2739 4735 29 20 up
2784 4727 44 22 and
2843 4727 76 29 brings
2929 4727 65 22 down

2438 4759 38 23 the
2495 4758 61 23 child
2567 4765 5 19 ;
2596 4756 66 24 takes
2680 4757 47 22 also
2751 4756 57 23 from
2832 4756 40 23 the
2890 4756 104 23 defeated

2438 4788 97 24 villain's
2544 4786 84 32 pocket
2636 4794 15 16 a
2661 4786 52 31 long
2723 4785 52 25 blue
2785 4785 115 31 envelope.

2491 4819 69 29 Why,
2569 4817 80 25 what's
2659 4817 47 24 this
2713 4819 8 21 ?
2756 4816 65 25 Blow
2837 4824 35 16 me
2882 4816 18 24 if
2909 4817 21 23 it
2938 4815 57 24 ain't

2437 4859 13 15 a
2459 4850 119 24 stitement
2587 4849 58 23 from
2654 4848 50 24 that
2714 4847 87 24 French
2816 4847 43 31 girl
2869 4847 126 30 confessing

2437 4881 51 23 that
2498 4880 47 28 she,
2556 4879 44 23 and
2610 4882 37 20 not
2664 4885 52 24 you,
2729 4878 86 22 Master
2830 4878 93 29 George,
2935 4885 44 15 com-

2436 4911 82 23 mitted
2530 4911 51 22 that
2590 4910 97 29 forgery,
2699 4908 45 24 and

2464 4941 47 23 The
2530 4943 48 20 rest
2596 4940 23 22 of
2638 4939 40 23 the
2697 4939 73 22 words
2789 4946 38 15 are
2847 4938 44 22 lost
2909 4937 23 22 in
2952 4938 39 21 the

2436 4970 87 24 shrieks
2542 4970 24 23 of
2584 4969 89 30 delight
2691 4969 58 23 from
2768 4968 39 23 the
2826 4968 62 23 front
2906 4967 24 23 of
2953 4967 39 23 the

2436 5002 75 23 house.
2542 5000 47 24 The
2606 5000 70 30 lights
2691 5007 28 22 go
2729 4999 73 27 down,
2814 4998 44 23 and
2873 4998 64 23 there
2951 4998 19 22 is
2980 5005 13 15 a

2435 5031 69 30 quick
2520 5031 84 29 change
2619 5031 24 23 of
2657 5038 65 15 scene
2738 5033 24 19 to
2779 5027 47 25 The
2843 5028 43 24 Old
2903 5027 87 24 Manor.

2436 5062 47 23 The
2494 5061 77 24 villain
2591 5061 53 22 here
2663 5067 75 23 essays
2760 5066 41 16 one
2817 5066 61 15 more
2895 5058 94 23 scheme.

2437 5092 73 23 When
2520 5092 40 23 the
2570 5091 124 23 detectives
2708 5090 74 23 arrive
2791 5092 25 20 to
2826 5090 72 22 arrest
2908 5088 45 23 him
2963 5095 28 16 on

2436 5122 38 23 the
2484 5121 171 30 green-painted
2672 5121 59 21 lawn
2748 5120 24 22 in
2789 5119 39 23 the
2838 5118 62 23 front
2913 5118 24 22 of
2951 5118 39 22 the

2436 5152 87 27 Manor,
2535 5151 28 22 he
2582 5151 52 22 tells
2651 5150 62 23 them
2730 5149 52 23 that
2797 5149 28 22 he
2840 5149 18 22 is
2868 5148 40 22 the
2917 5154 75 16 owner

2434 5182 45 22 and
2495 5182 52 23 that
2563 5180 87 30 George
2661 5179 151 26 Wheatcroft,
2831 5178 87 27 coming
2932 5177 57 23 from

2435 5211 39 23 the
2491 5211 69 23 house
2570 5210 56 23 with
2642 5209 52 23 wife
2709 5208 45 23 and
2773 5208 68 28 child,
2859 5208 19 22 is
2894 5206 97 31 Captain

2435 5241 121 23 Henshaw.

2488 5272 100 23 Execute
2606 5278 58 23 your
2681 5272 106 27 warrant,
2806 5269 99 23 officers!
2941 5267 48 29 See,

2435 5303 39 22 the
2493 5302 92 23 address
2604 5308 29 15 on
2652 5301 52 22 that
2721 5301 51 22 blue
2789 5299 107 29 envelope
2915 5299 24 22 in
2956 5299 34 22 his

2434 5332 83 30 pocket
2526 5337 80 24 proves
2616 5330 35 23 his

2461 5361 48 24 The
2531 5364 47 20 two
2601 5360 125 23 detectives
2749 5367 38 15 are
2807 5359 80 30 taking
2905 5358 33 24 off
2952 5358 38 24 the

2433 5393 114 24 reluctant
2571 5390 103 24 husband
2698 5391 31 29 by
2757 5391 60 23 main
2845 5390 60 24 force
2933 5389 57 24 from

2434 5424 34 21 his
2497 5422 129 28 despairing
2656 5421 52 21 wife
2737 5421 48 26 (she
2809 5421 70 21 cries:

2433 5459 41 16 our
2503 5449 100 25 troubles
2633 5455 69 17 never
2728 5448 43 23 end
2858 5448 64 23 when
2951 5448 39 23 the

2433 5485 63 21 stout
2533 5481 83 23 soldier
2648 5487 73 15 comes
2758 5487 37 21 on,
2830 5479 40 23 the
2902 5478 87 24 French

2432 5519 120 25 governess
2571 5518 73 16 comes
2663 5518 37 19 on,
2721 5511 46 21 two
2790 5517 26 15 or
2836 5509 64 23 three
2923 5509 66 23 other

2432 5543 80 31 people
2521 5549 62 16 come
2592 5549 36 16 on.
2668 5539 143 31 Everything
2826 5539 20 23 is
2855 5539 87 29 swiftly
2952 5546 25 15 ex-

2432 5572 98 31 plained,
2541 5571 45 24 and
2603 5571 20 23 it
2632 5570 19 24 is
2662 5570 30 23 all
2708 5577 54 16 over
2778 5576 50 17 now
2846 5569 42 23 but
2901 5568 35 24 for
2950 5569 40 23 the

2432 5607 46 28 tag.
2509 5603 21 23 A
2547 5602 73 23 minor
2634 5601 117 23 character
2766 5607 52 23 says
2837 5601 25 22 to
2881 5599 38 23 the
2939 5606 38 16 con-

2432 5635 82 24 ductor
2523 5633 23 24 of
2557 5633 38 24 the
2605 5631 131 24 orchestra:
2978 5637 11 12 •>

2453 5669 85 26 Though
2546 5669 116 21 sometimes
2675 5675 31 14 we
2719 5674 48 18 may
2780 5666 64 22 doubt
2856 5666 65 21 Fate'ii
2933 5667 56 19 stern

2498 5694 70 21 decree

2454 5719 42 21 Yet
2504 5718 81 21 villains
2593 5718 37 21 fail
2638 5717 41 22 and
2687 5717 27 21 all
2721 5716 54 22 their
2783 5716 70 24 agents
2865 5715 42 21 flee.

2431 5749 98 30 Captain
2537 5748 122 27 Hecshaw,
2664 5746 134 25 handcuffed
2808 5748 25 20 at
2840 5746 39 22 the
2886 5744 102 30 opposite

2432 5779 56 31 side,
2501 5778 81 33 speaks
2591 5778 36 25 bis
2636 5778 57 25 lines
2703 5784 54 19 over
2766 5775 35 26 his
2810 5774 106 26 shoulder

3065 191 72 21 Curses
3144 197 25 14 on
3178 197 39 17 you
3226 190 39 20 and
3274 190 28 20 all
3310 197 50 17 your
3368 190 87 21 damned
3463 191 44 23 set;

3065 215 77 22 You've
3150 215 40 20 had
3199 215 35 20 the
3242 215 45 20 best
3295 216 21 19 of
3324 221 38 17 me,
3371 221 35 18 my
3413 216 44 19 star
3464 215 17 20 is
3489 216 44 22 set;

3020 245 45 23 and
3075 245 19 23 is
3104 244 87 24 howled
3201 248 25 19 at
3236 244 34 23 for
3280 244 35 23 his
3325 244 89 23 candor.
3435 243 48 24 The
3490 243 87 25 French

3021 282 126 24 governess,
3158 275 52 22 who
3226 275 40 22 has
3281 273 131 24 committed
3429 274 89 30 forgery
3533 274 44 24 and

3021 305 128 31 attempted
3158 304 91 24 murder
3259 304 45 24 and
3313 304 87 25 several
3411 305 71 24 minor
3490 305 87 29 crimes,

3022 337 114 28 following
3145 335 129 29 penitently
3284 338 24 20 to
3318 336 40 22 the
3368 336 85 29 gallery
3464 344 34 14 :

3067 370 69 24 Forgif
3143 376 38 14 one
3189 370 51 23 who,
3250 370 59 20 when
3320 370 33 20 led
3361 376 57 18 away
3427 370 26 23 by
3461 376 50 18 zose,

3067 394 41 20 Did
3115 394 93 24 grievous
3215 394 44 23 sin;
3270 400 51 17 your
3328 394 90 25 pardong
3424 400 33 14 ere
3465 395 35 19 she
3507 400 52 19 goes.

3023 424 48 22 The
3080 424 86 28 gallery
3176 423 75 22 cheers
3262 424 40 21 her
3308 424 55 21 with
3371 427 64 25 great
3441 424 137 30 generosity,

3023 453 44 23 and
3078 454 39 22 the
3127 452 87 24 French
3224 460 119 23 governess
3352 454 63 29 quite
3425 454 80 23 smiles.
3532 453 48 24 The

3023 484 62 27 hero,
3110 485 25 21 at
3158 485 84 26 centre,
3267 483 57 23 with
3355 490 47 16 arm
3431 483 86 24 around
3540 482 40 24 the

3024 513 109 23 heroine's
3143 513 65 23 waist
3218 513 100 28 (heroine
3327 513 24 23 in
3361 513 40 24 her
3411 516 53 21 turn
3474 515 106 28 supports

3025 544 39 22 her
3074 543 141 29 long-legged
3225 543 69 26 child,
3307 544 49 21 who
3367 550 50 15 now
3427 550 78 23 yawns
3515 544 52 21 with-

3024 577 41 19 out
3074 573 125 28 restraint),
3211 573 65 23 takes
3285 573 33 22 off
3330 573 35 22 his
3379 573 40 24 hat
3429 573 45 23 and
3485 574 60 22 bows
3557 576 23 20 to

3025 604 35 22 his
3069 604 52 21 wife
3131 604 56 21 with
3198 611 13 13 a
3221 603 44 22 fine
3274 603 35 22 air
3318 603 23 22 of
3351 603 132 22 courtliness
3492 611 35 14 :

3047 638 131 25 Sweetheart,
3188 638 93 25 together
3288 644 31 15 we
3326 638 57 21 must
3391 638 40 21 live
3439 638 32 21 for
3478 644 50 18 aye;

3047 663 38 19 We
3093 663 43 19 will
3144 663 25 19 be
3177 663 73 24 happy.
3275 662 53 20 Who
3340 663 51 19 shall
3399 668 36 17 say
3443 668 23 14 us
3474 668 40 17 nay
3520 664 8 17 ?

3025 692 48 23 The
3083 692 90 23 heroine
3190 691 79 24 knows
3284 692 39 23 the
3333 699 87 16 answer
3430 694 24 21 to
3472 691 53 29 this,
3537 690 44 24 and

3025 722 126 32 advancing
3167 725 24 21 to
3209 723 39 24 the
3263 722 119 31 footlights
3397 722 56 24 with
3469 730 14 16 a
3498 722 70 24 melan-

3025 754 67 30 choly
3109 755 83 29 gaiety,
3210 762 24 16 as
3249 762 41 15 one
3306 753 173 24 unaccustomed
3494 756 24 20 to
3532 760 38 17 con-

3027 786 57 25 tent,
3095 785 62 28 gives
3168 785 19 21 it
3197 784 77 28 loudly
3284 792 35 15 :

3027 818 68 25 None!
3119 819 40 20 For
3171 824 46 19 you,
3232 819 48 20 dear
3292 818 83 25 friends,
3389 818 67 21 whose
3470 818 69 21 hearts
3548 823 34 16 are

3093 849 70 17 warm,

3026 867 50 21 Will
3084 866 68 26 gladly
3161 866 42 22 hail
3211 866 35 22 the

3027 898 53 27 (She
3090 898 66 23 takes
3165 905 31 22 up
3206 898 39 23 the
3251 898 44 22 end
3305 897 23 24 of
3337 898 41 22 her
3387 897 66 24 black
3463 897 67 28 skirt,
3539 896 44 24 and

3027 935 12 15 a
3049 927 44 31 girl
3102 934 54 17 near
3165 928 39 23 the
3222 927 114 24 orchestra
3347 927 85 23 throws
3441 934 14 16 a
3465 927 93 28 tribute,
3570 934 13 16 a

3026 958 65 23 small
3101 965 67 23 spray
3178 957 24 24 of
3215 957 95 28 dahlias,
3321 957 143 24 which—the
3473 957 44 31 girl
3526 964 54 17 near

3027 989 39 23 the
3076 989 115 23 orchestra
3199 988 67 31 being
3276 997 13 15 a
3298 988 44 25 bad
3349 988 179 31 thrower—goes
3535 988 48 24 into

3026 1028 13 15 a
3050 1020 43 23 box
3102 1019 31 31 by
3144 1019 114 30 mistake.)

3314 1049 103 23 Sunshine
3424 1050 54 22 after
3485 1050 74 21 Storm.

3055 1075 100 24 Curtain.
3186 1075 92 24 Terrific
3294 1075 111 30 cheering.
3435 1075 95 24 Curtain
3542 1082 40 22 up,

3027 1105 139 32 discovering
3185 1105 30 24 all
3235 1106 39 23 the
3293 1105 89 31 players
3405 1105 23 24 in
3452 1105 54 24 semi
3517 1105 66 24 circle

3026 1137 90 30 smiling
3123 1137 128 30 gratefully.
3276 1136 93 24 Curtain
3378 1136 74 28 down,
3460 1136 44 24 and
3514 1138 5 12 1
3526 1136 57 24 Rule

3027 1167 134 22 Britannia.'

3150 1221 75 26 THE
3244 1221 206 26 ESTIMATES.

3026 1293 64 24 THE
3114 1291 371 26 LAWRENCE-ROXBURGH
3509 1291 75 24 LINE

3200 1329 123 24 STRUCK
3337 1329 68 24 OUT.

3034 1391 64 22 From
3107 1395 45 18 the
3161 1390 78 22 Stab's
3246 1391 193 21 Parliamentary
3449 1387 136 27 Reporter.]

3181 1454 216 28 WELLINGTON,
3413 1455 108 24 October
3535 1454 20 25 7.

3056 1488 32 23 As
3101 1496 53 14 soon
3171 1495 25 15 as
3211 1488 39 22 the
3267 1487 79 22 formal
3361 1486 102 22 business
3479 1492 46 15 was
3541 1484 33 23 dis-

3029 1517 68 31 posed
3119 1518 23 23 of
3164 1516 121 32 yesterday
3304 1516 118 23 afternoon
3446 1514 39 24 the
3509 1513 77 25 House

3029 1552 61 20 went
3099 1549 48 23 into
3157 1547 135 25 Committee
3302 1547 23 23 of
3335 1545 87 31 Supply
3432 1545 35 24 for
3481 1545 38 24 the
3535 1552 38 16 con-

3029 1579 122 22 sideration
3166 1579 23 21 of
3204 1580 39 20 the
3260 1577 79 23 Public
3356 1576 82 23 Works
3456 1576 128 23 Estimates.

3030 1608 47 22 The
3088 1615 54 22 very
3152 1607 51 23 first
3211 1608 55 22 item
3278 1607 22 22 in
3311 1607 38 21 the
3360 1606 152 29 immigration
3525 1607 60 25 vote,

3030 1639 59 22 £350
3098 1638 35 23 for
3142 1644 103 23 passages
3255 1637 35 23 for
3299 1635 118 31 separated
3427 1635 103 28 families,
3542 1642 45 15 was

3030 1668 107 23 attacked
3153 1668 30 27 by
3199 1668 37 21 Mr
3253 1667 131 26 Earnshaw,
3396 1666 50 21 who
3463 1665 79 22 moved
3558 1665 30 22 its

3030 1698 104 22 excision.
3152 1696 47 23 The
3206 1696 54 23 item
3269 1703 52 20 was,
3330 1695 111 27 however,
3449 1693 102 24 retained
3558 1693 31 30 by

3030 1729 28 22 44
3066 1731 24 20 to
3102 1727 110 24 16.—The
3222 1724 166 32 departmental
3398 1729 63 19 votes
3469 1731 57 17 were
3535 1727 55 20 next

3032 1759 75 22 taken.
3138 1759 21 21 A
3176 1764 55 23 very
3246 1757 52 29 long
3315 1756 123 23 discussion
3455 1755 55 23 took
3526 1755 63 29 place

3031 1795 29 16 on
3077 1788 46 23 this
3140 1791 93 19 amount
3243 1787 122 27 (£14,250),
3376 1786 39 22 the
3431 1785 107 23 criticism
3554 1784 35 23 for

3032 1818 39 23 the
3086 1820 59 20 most
3163 1820 53 27 part
3232 1816 67 30 being
3318 1814 101 25 confined
3439 1818 24 20 to
3483 1814 38 23 the
3540 1821 50 16 case

3032 1848 23 23 of
3083 1847 123 30 Campbell,
3232 1854 28 15 an
3291 1847 113 28 inspector
3434 1844 23 24 of
3488 1844 38 23 the
3554 1843 24 23 de-

3032 1881 123 27 partment,
3176 1877 51 23 who
3241 1876 45 23 had
3305 1876 56 23 been
3380 1874 133 24 retrenched
3532 1874 59 22 after

3033 1916 67 21 many
3128 1907 72 30 years'
3234 1907 85 22 service
3354 1906 99 22 without
3487 1912 89 22 compen-

3032 1938 80 23 sation.
3145 1936 137 30 Eventually
3298 1936 39 23 the
3354 1935 107 23 Minister
3475 1935 23 22 of
3509 1933 83 24 Works

3033 1968 111 32 promised
3178 1970 24 22 to
3233 1967 65 25 make
3329 1966 108 31 inquiries
3465 1965 50 25 into
3545 1964 47 24 this

3033 2008 57 19 case,
3108 1999 44 22 and
3170 1999 39 22 the
3225 2002 53 19 vote
3294 1998 80 29 passed
3389 1996 124 24 unaltered.
3544 1995 48 23 The

3033 2032 64 20 votes
3116 2029 35 23 for
3173 2028 91 23 various
3287 2027 93 28 railway
3401 2027 57 22 lines
3477 2024 115 31 provoked

3033 2058 84 24 several
3128 2061 111 27 attempts
3248 2060 25 21 at
3288 2057 135 28 reductions,
3435 2056 42 23 but
3486 2063 29 16 no
3525 2055 55 24 alter-

3034 2091 61 23 ation
3106 2096 45 17 was
3161 2088 65 24 made
3236 2089 23 23 in
3269 2095 44 24 any
3323 2088 24 23 of
3365 2088 38 22 the
3413 2085 179 25 items.—When

3034 2121 39 24 the
3091 2120 103 24 Midlaud
3212 2119 103 30 Railway
3330 2123 52 19 vote
3399 2118 114 29 (£25,000)
3531 2124 61 16 came

3035 2152 71 22 under
3123 2152 81 21 review
3220 2150 36 23 Sir
3272 2150 27 22 R.
3312 2149 69 23 Stout
3397 2148 79 23 moved
3487 2148 52 22 that
3554 2147 38 22 the

3034 2183 52 21 vote
3097 2180 27 23 be
3141 2180 97 23 reduced
3255 2179 29 30 by
3295 2177 182 29 £lo,ooo.—The
3494 2176 99 24 Premier

3034 2210 111 25 defended
3165 2211 39 23 the
3224 2212 59 26 vote,
3304 2208 45 24 and
3369 2207 116 32 protested
3504 2207 90 31 against

3035 2242 39 23 the
3083 2241 104 24 Midland
3198 2241 115 29 Company
3323 2239 67 30 being
3404 2238 108 31 squeezed
3522 2239 49 22 into
3580 2245 14 16 a

3035 2279 84 16 corner.
3123 2272 64 23 —Mr
3204 2271 77 24 Pirani
3298 2270 48 23 said
3366 2270 19 23 it
3405 2277 45 15 was
3469 2268 83 24 useless
3570 2270 24 21 to

3034 2306 81 27 expect
3125 2303 39 23 the
3173 2301 104 24 Midland
3291 2301 115 29 Company
3417 2302 24 22 to
3451 2306 65 23 carry
3526 2302 41 20 out
3580 2306 14 16 a

3034 2335 103 22 contract
3160 2333 123 28 extending
3311 2338 53 16 over
3387 2330 44 24 five
3455 2329 45 24 and
3523 2329 71 23 a-balf

3034 2371 71 24 years.
3150 2363 64 31 They
3238 2361 44 25 had
3313 2361 53 32 paid
3398 2361 60 24 their
3489 2367 105 24 manager

3034 2396 103 27 £58,000,
3155 2394 44 23 and
3217 2398 40 18 out
3274 2394 23 22 of
3313 2394 53 22 that
3375 2400 49 15 sum
3439 2392 28 23 he
3481 2392 45 23 had
3541 2391 53 30 paid

3035 2426 34 22 bis
3092 2425 55 23 staff
3169 2425 102 27 £16,000.
3302 2423 49 23 The
3373 2422 92 31 general
3488 2428 106 23 manager

3035 2455 51 28 had,
3109 2455 22 23 in
3156 2455 54 28 fact,
3236 2453 56 24 been
3314 2452 52 31 paid
3389 2456 25 20 at
3434 2451 40 25 the
3498 2453 49 22 rate
3571 2450 23 24 of

3034 2486 82 28 £7,000
3148 2493 13 15 a
3192 2492 54 23 year
3293 2483 49 24 half
3373 2491 25 15 as
3429 2482 66 23 much
3528 2481 66 31 again

3034 2524 24 16 as
3067 2516 40 24 the
3121 2516 116 24 Governor
3251 2515 23 23 of
3289 2514 39 24 the
3338 2513 79 30 colony
3427 2511 109 26 received.
3566 2511 28 24 In

3034 2547 39 22 the
3083 2547 48 22 face
3141 2546 23 22 of
3178 2545 55 23 such
3248 2548 164 25 extravagance
3426 2544 20 22 it
3456 2550 46 16 was
3512 2542 82 22 useless

3035 2578 23 21 to
3075 2582 40 24 say
3132 2575 52 23 that
3203 2575 39 22 the
3258 2580 110 24 company
3385 2571 75 25 would
3479 2578 53 17 ever
3550 2578 44 24 pay

3034 2606 57 24 back
3102 2606 62 24 what
3177 2606 39 24 the
3232 2604 80 32 colony
3323 2611 45 18 was
3385 2603 110 32 spending
3512 2610 28 17 on
3556 2602 38 24 the

3034 2637 119 23 line.—Sir
3163 2637 28 23 R.
3203 2637 69 23 Stout
3288 2635 127 23 contended
3431 2635 52 23 that
3493 2634 39 22 the
3542 2633 39 23 Pre-

3034 2668 56 22 mier
3100 2674 45 16 was
3156 2667 77 29 trying
3243 2669 24 19 to
3277 2665 54 23 bind
3349 2665 40 23 the
3403 2668 97 25 country
3511 2666 24 20 to
3544 2670 38 16 con-

3033 2700 74 21 struct
3127 2697 46 23 this
3191 2696 46 23 line
3260 2698 42 21 out
3323 2695 24 23 of
3370 2693 116 24 borrowed
3505 2700 87 23 money.

3034 2728 48 22 The
3092 2727 62 23 work
3165 2726 45 23 had
3220 2734 70 15 never
3298 2726 56 23 been
3368 2724 130 24 sanctioned
3510 2724 30 29 by
3549 2723 45 23 Act

3034 2758 23 24 of
3074 2756 224 25 Parliament.—The
3314 2756 99 24 Premier
3429 2754 49 24 said
3498 2754 52 24 that
3566 2753 28 24 he

3034 2788 44 24 had
3095 2796 68 22 every
3174 2795 77 16 reason
3269 2790 24 21 to
3310 2786 86 24 believe
3413 2785 52 25 that
3481 2784 38 25 the
3537 2792 42 16 com-

3034 2826 59 22 pany
3118 2818 76 23 would
3227 2821 60 19 meet
3320 2817 60 22 their
3412 2816 55 23 calls
3500 2817 25 20 to
3556 2815 38 22 the

3034 2848 79 30 colony
3130 2848 65 23 when
3210 2847 50 23 due.
3291 2846 48 24 The
3357 2846 43 23 law
3415 2845 52 24 that
3484 2851 56 24 gave
3555 2844 39 23 the

3033 2879 152 24 Government
3205 2885 76 24 power
3300 2880 23 21 to
3343 2877 56 23 seize
3418 2876 40 24 the
3478 2876 44 23 line
3537 2882 56 23 gave

3034 2910 61 23 them
3105 2917 76 22 power
3191 2912 24 20 to
3232 2910 117 21 construct
3363 2908 19 22 it
3395 2907 18 23 if
3431 2907 54 29 they
3495 2906 98 30 thought

3033 2940 26 23 fit
3071 2945 22 18 to
3111 2939 110 30 complete
3238 2938 38 24 the
3294 2937 121 24 line.—Mr
3424 2937 166 29 Montgomery,

3032 2970 87 28 though
3143 2977 13 14 a
3180 2968 142 28 Canterbury
3342 2968 104 26 member,
3467 2967 43 22 felt
3533 2973 43 16 com-

3032 2999 73 28 pelled
3122 3001 23 19 to
3156 3001 52 19 vote
3224 2998 88 28 against
3328 2997 38 22 the
3381 2997 62 26 item,
3455 2996 93 22 because
3563 2995 27 22 he

3032 3035 46 16 was
3093 3027 100 24 satisfied
3210 3027 52 24 that
3279 3033 46 23 any
3341 3025 148 30 expenditure
3507 3031 29 16 on
3552 3024 39 24 the

3033 3058 53 28 line,
3107 3057 102 24 whether
3228 3057 30 29 by
3278 3056 40 24 the
3337 3056 153 23 Government
3509 3061 25 17 or
3553 3054 39 24 the

3034 3095 117 23 company,
3163 3086 75 25 would
3255 3090 41 20 not
3314 3085 130 31 pay.—The
3464 3085 85 22 motion
3568 3087 24 20 to

3034 3119 80 23 reduce
3124 3118 39 23 the
3173 3122 53 18 vote
3236 3124 46 16 was
3291 3117 46 23 lost
3346 3116 29 29 by
3385 3116 27 24 37
3421 3119 24 19 to
3454 3115 36 29 20,
3498 3114 45 24 and
3552 3115 40 23 the

3034 3149 56 23 item
3099 3148 80 31 passed
3189 3155 25 16 as
3224 3146 98 32 printed.

3062 3185 33 24 On
3112 3185 39 24 the
3161 3185 55 23 item
3229 3182 261 31 Lawrence-Roxburgh,
3501 3182 89 28 £2,000,

3033 3216 36 23 Sir
3080 3215 27 23 R.
3120 3216 69 23 Stout
3198 3215 48 23 said
3257 3215 27 22 he
3295 3213 111 31 supposed
3424 3213 19 23 it
3453 3220 45 16 was
3508 3212 83 23 useless

3034 3248 24 20 to
3069 3245 41 22 ask
3121 3248 38 20 the
3170 3245 76 22 House
3262 3246 24 21 to
3301 3251 69 22 pause
3380 3243 75 22 before
3471 3243 121 29 beginning

3034 3283 50 15 new
3098 3275 56 23 lines
3171 3274 24 24 of
3211 3274 100 29 railway.
3341 3272 55 25 This
3413 3272 45 24 line
3475 3271 74 24 would
3565 3271 26 24 be

3034 3306 62 30 forty
3112 3305 63 24 mileß
3192 3305 23 23 in
3231 3304 87 30 length,
3334 3302 45 25 and
3396 3302 83 30 would,
3494 3305 24 21 to
3534 3309 43 17 com-

3034 3337 61 30 plete
3110 3336 27 29 it,
3149 3338 48 22 cost
3214 3335 116 28 £320,000.
3362 3333 56 24 Like
3432 3333 40 23 the
3489 3332 103 24 Midland

3035 3365 110 31 Railway,
3157 3367 20 23 it
3196 3366 44 23 had
3255 3372 68 17 never
3337 3365 57 23 been
3413 3363 130 24 sanctioned
3561 3363 31 29 by

3034 3397 145 23 Parliament.
3211 3396 23 23 It
3244 3403 46 15 was
3306 3398 24 20 to
3340 3402 28 23 go
3378 3394 98 30 through
3486 3401 14 16 a
3515 3400 75 24 gorge,

3034 3427 45 23 and
3098 3427 133 30 practically
3246 3425 86 31 opened
3349 3432 30 23 up
3396 3432 29 15 no
3441 3424 53 23 land
3511 3426 24 20 at
3552 3423 37 23 all.

3035 3457 47 23 The
3090 3457 45 22 line
3145 3464 46 15 was
3201 3456 99 29 thought
3309 3455 23 23 of
3349 3462 24 15 as
3383 3455 34 23 far
3427 3453 57 23 back
3494 3460 25 16 as
3530 3453 61 28 1867,

3034 3487 66 23 when
3137 3486 37 24 Mr
3208 3486 62 25 John
3304 3485 84 27 Millar,
3421 3483 91 29 F.S.A.,
3547 3490 45 16 was

3034 3518 123 31 appointed
3183 3519 24 22 to
3231 3519 78 28 report
3331 3524 29 15 on
3384 3523 14 16 a
3425 3514 98 25 suitable
3546 3514 46 24 line

3035 3551 24 21 to
3070 3553 39 25 tap
3121 3549 38 23 the
3170 3549 94 22 interior
3273 3547 23 23 of
3313 3547 80 29 Otago,
3405 3545 45 24 and
3467 3545 28 23 he
3509 3552 70 16 recom-

3034 3579 96 24 mended
3145 3586 14 16 a
3178 3579 44 23 line
3239 3577 32 31 by
3286 3584 50 24 way
3351 3577 24 23 of
3389 3575 109 31 Tapanui.
3529 3575 62 24 Then

3034 3610 64 23 there
3118 3617 45 16 was
3181 3610 39 22 the
3239 3609 73 28 Otago
3327 3607 100 27 Central,
3439 3606 73 25 which
3532 3608 61 22 went

3034 3640 30 30 by
3075 3647 49 22 way
3135 3640 22 23 of
3167 3639 81 24 Taieri.
3279 3639 56 23 This
3345 3638 110 30 proposed
3472 3638 46 22 line
3532 3640 61 20 went

3033 3671 98 28 through
3142 3669 134 30 practically
3290 3669 40 22 the
3344 3675 61 15 same
3414 3667 83 30 region.
3530 3667 61 23 Even

3034 3699 38 24 the
3083 3699 108 31 Tuapeka
3205 3698 86 32 people,
3309 3698 64 24 when
3384 3697 40 24 the
3433 3697 104 30 question
3547 3704 45 16 was

3033 3733 42 28 put
3085 3733 24 20 to
3120 3730 61 23 them
3192 3737 60 16 some
3262 3737 65 22 years
3342 3737 50 22 ago,
3413 3727 39 25 did
3471 3731 41 20 not
3530 3730 62 22 want

3032 3768 29 16 an
3071 3761 117 23 extension
3198 3761 24 22 of
3237 3761 39 22 the
3293 3759 118 24 Lawrence
3429 3759 45 23 line
3491 3761 24 21 to
3532 3758 45 23 Rox-

3032 3791 114 29 burgh.—
3152 3791 35 21 Mr
3211 3789 120 24 Larnach:
3358 3789 52 23 You
3434 3788 63 23 don't
3526 3788 66 22 know

3032 3820 63 23 what
3111 3820 39 23 the
3166 3819 118 24 Lawrence
3304 3819 78 29 people
3400 3822 68 20 want.
3511 3817 36 24 Sir
3562 3817 26 23 R.

3032 3850 81 24 Stout:
3137 3849 40 31 My
3202 3850 50 23 hon.
3279 3849 73 24 friend
3377 3848 78 24 knows
3481 3848 110 30 perfectly

3032 3880 51 23 well
3093 3880 52 23 that
3156 3881 45 22 this
3211 3880 20 22 is
3245 3887 13 16 a
3275 3880 46 29 job,
3337 3879 45 23 and
3398 3879 71 30 ought
3483 3885 68 16 never
3567 3881 24 20 to

3032 3910 56 22 have
3109 3910 54 22 been
3181 3909 131 23 sanctioned
3334 3909 30 29 by
3384 3909 39 23 the
3446 3909 141 22 Committee.

3031 3940 36 21 Sir
3088 3939 85 22 Robert
3192 3942 61 19 went
3272 3946 28 14 on
3320 3940 24 21 to
3363 3945 40 22 say
3424 3938 51 22 that
3494 3938 28 22 he
3544 3944 45 16 was

3031 3968 90 23 amazed
3138 3972 25 19 at
3182 3968 39 23 the
3241 3968 153 23 Government
3413 3967 138 29 attempting
3565 3969 24 20 to

3030 4001 42 27 put
3082 4006 29 15 on
3122 3998 59 23 their
3198 3998 122 23 Estimates
3334 3998 46 23 this
3391 4000 59 25 vote,
3469 3997 64 23 when
3550 3997 39 23 the

3030 4029 45 23 line
3085 4036 45 16 was
3140 4031 41 21 not
3190 4036 56 16 even
3259 4027 130 25 sanctioned
3401 4027 30 29 by
3441 4027 144 23 Parliament.

3029 4059 48 23 The
3091 4060 73 28 Otago
3173 4059 100 27 Central,
3290 4066 24 14 as
3324 4059 35 22 far
3368 4065 24 15 as
3410 4057 75 30 Hyde,
3504 4057 83 30 tapped

3030 4089 39 22 the
3084 4088 86 23 central
3187 4088 85 29 valleys
3291 4087 23 23 of
3333 4087 79 29 Otago.
3450 4087 22 22 If
3491 4087 20 22 it
3529 4094 58 15 were

3029 4118 85 22 wished
3145 4121 25 19 to
3200 4120 40 26 tap
3271 4117 62 22 them
3365 4117 58 21 from
3453 4116 132 29 Roxburgh,

3029 4149 19 23 it
3076 4147 80 24 should
3192 4146 27 24 be
3254 4146 58 23 done
3347 4146 30 30 by
3412 4152 76 16 means
3519 4145 24 23 of
3573 4153 13 15 a

3028 4179 93 29 railway
3157 4179 37 22 via
3231 4177 88 24 Heriot.
3370 4176 35 24 He
3442 4175 66 25 could
3546 4179 41 21 not

3029 4209 138 24 understand
3187 4209 49 22 how
3258 4215 44 23 any
3323 4214 79 22 person
3419 4207 66 22 could
3504 4214 68 15 recom-

3029 4240 65 22 mend
3112 4247 13 14 a
3142 4237 252 29 Lawrence-Roxburgh
3408 4237 123 22 extension.
3562 4236 24 23 It

3029 4277 45 16 was
3084 4277 13 15 a
3114 4276 60 16 mere
3191 4271 70 21 waste
3278 4267 23 24 of
3318 4274 85 23 money.
3436 4266 35 24 He
3481 4266 70 30 spoke
3561 4274 24 14 as

3029 4307 41 16 one
3079 4300 51 23 who
3140 4299 64 22 knew
3212 4305 67 22 every
3288 4305 50 16 acre
3344 4297 23 24 of
3377 4297 38 23 the
3423 4296 53 24 land
3486 4296 98 30 through

3029 4330 71 23 which
3113 4329 44 24 this
3168 4328 92 30 railway
3276 4335 45 16 was
3338 4330 24 21 to
3378 4326 129 25 run.—The
3522 4326 60 23 Hon.

3029 4360 37 24 Mr
3085 4360 102 23 Larnach
3206 4358 97 31 charged
3326 4358 37 24 Sir
3386 4357 28 24 R.
3441 4356 68 25 Stout
3527 4356 57 24 with

3028 4391 77 29 trying
3124 4393 24 20 to
3164 4389 91 23 deceive
3272 4389 39 23 the
3328 4388 77 23 House
3420 4394 25 16 as
3462 4388 28 22 he
3506 4386 39 24 did
3555 4393 29 16 on

3028 4428 66 23 many
3109 4420 66 24 other
3195 4419 105 31 subjects.
3342 4417 36 25 He
3397 4425 45 16 was
3461 4424 51 17 now
3530 4416 53 31 only

3027 4452 101 28 showing
3138 4451 35 22 his
3184 4451 118 28 ignorance
3311 4450 66 21 when
3392 4448 28 23 he
3430 4448 48 23 said
3495 4448 52 23 that
3556 4448 28 21 he

3028 4480 65 23 knew
3112 4487 68 22 every
3199 4479 52 23 inch
3270 4479 23 22 of
3312 4478 40 23 the
3371 4480 96 28 country
3485 4476 99 30 through

3028 4510 72 24 which
3118 4510 46 24 this
3180 4508 111 31 proposed
3308 4508 45 24 line
3368 4508 75 24 would
3459 4506 126 32 pass.—Sir

3028 4541 100 23 Robert:
3144 4540 12 23 I
3166 4540 57 23 have
3233 4539 55 23 been
3305 4546 54 16 over
3376 4545 67 23 every
3453 4545 51 16 acre
3518 4538 24 23 of
3555 4538 26 23 it.

3027 4570 65 23 —Mr
3107 4569 115 24 Larnach:
3238 4569 62 23 Then
3317 4575 45 23 you
3377 4570 62 21 must
3453 4567 58 23 have
3527 4574 56 23 gone

3026 4600 57 24 with
3106 4607 57 23 your
3186 4606 53 23 eyes
3262 4597 258 31 shut—(laughter)—in
3545 4596 38 24 the

3025 4638 61 16 same
3101 4637 50 23 way
3166 4629 53 24 that
3234 4636 45 22 you
3298 4628 54 24 take
3369 4635 13 15 a
3401 4628 58 22 book
3480 4635 31 22 up
3528 4626 53 29 and,

3027 4661 84 30 having
3120 4659 53 25 read
3187 4660 26 28 it,
3225 4666 40 24 Bay
3275 4666 44 23 you
3337 4658 67 24 know
3418 4657 33 27 all
3468 4657 70 23 about
3554 4657 26 24 it.

3026 4690 47 24 The
3083 4691 51 22 hon.
3147 4690 127 30 gentleman
3286 4688 81 30 speaks
3384 4695 24 16 as
3418 4695 13 16 a
3442 4687 139 30 Wellington

3025 4720 105 22 member.
3161 4720 52 21 Had
3231 4720 27 21 he
3275 4718 143 28 represented
3435 4717 103 22 Dunedin
3554 4717 28 22 he

3025 4749 74 23 would
3117 4749 56 22 have
3189 4748 122 29 supported
3330 4748 46 21 this
3392 4749 58 20 vote.
3486 4746 60 22 Such
3562 4746 19 21 is

3024 4779 40 23 the
3096 4778 51 24 hon.
3178 4775 146 30 gentleman's
3352 4775 146 29 consistency.
3545 4774 35 24 Sir

3024 4809 27 24 R.
3069 4809 81 24 Siout:
3173 4806 68 30 Why,
3257 4805 12 26 I
3286 4805 98 32 opposed
3401 4806 19 23 it
3433 4805 23 24 in
3474 4805 38 23 the
3527 4803 40 25 Pro-

3024 4839 82 24 vincial
3130 4838 93 24 Council
3246 4838 24 23 of
3291 4837 80 31 Otago.
3418 4836 37 23 Mr
3478 4835 101 24 Larnach

3024 4870 48 23 said
3090 4869 39 23 the
3144 4869 46 23 line
3206 4868 71 23 under
3296 4868 123 22 disenssion
3438 4866 66 24 could
3523 4866 57 23 have

3024 4899 55 23 been
3089 4898 144 25 constructed
3243 4902 25 18 at
3278 4905 13 15 a
3300 4900 92 27 quarter
3402 4897 23 23 of
3436 4897 38 23 the
3483 4903 97 22 expense

3024 4930 23 23 of
3057 4930 38 23 the
3105 4929 72 29 Otago
3187 4925 99 31 Central,
3304 4927 45 22 and
3365 4927 19 23 if
3393 4927 52 22 that
3460 4928 65 21 route
3535 4925 45 24 had

3023 4960 56 23 been
3088 4958 98 31 adopted
3201 4958 73 23 trains
3290 4956 75 24 would
3381 4963 50 16 now
3448 4956 57 23 have
3524 4955 55 24 been

3024 4990 96 30 running
3130 4993 24 20 to
3164 4988 61 24 Lake
3237 4987 109 24 Wanaka.
3377 4987 36 24 Sir
3423 4986 27 24 R.
3463 4986 68 24 Stout
3540 4989 40 27 got

3023 5021 35 24 his
3067 5022 134 21 statements
3211 5019 57 23 from
3284 5026 13 15 a
3311 5018 43 23 few
3371 5017 170 24 schoolmasters
3556 5017 23 23 in

3022 5050 92 25 Central
3138 5050 80 30 Otago,
3243 5049 50 23 who
3448 5047 47 23 him
3518 5054 61 17 some

3022 5080 171 30 extraordinary
3211 5079 63 24 tales.
3313 5077 142 31 (Laughter.)
3484 5075 28 25 In
3528 5083 37 17 con-

3022 5111 85 23 clusion
3123 5111 38 22 the
3176 5109 98 23 member
3288 5109 35 22 for
3337 5107 108 30 Tuapeka
3460 5106 49 24 said
3527 5107 52 23 that

3022 5141 28 22 he
3060 5139 44 23 had
3120 5139 127 23 confidence
3264 5138 52 23 that
3333 5137 109 30 practical
3458 5144 51 15 men
3528 5136 51 23 who

3022 5170 65 22 knew
3098 5169 39 23 the
3146 5169 92 22 district
3247 5167 74 24 would
3335 5170 52 20 vote
3401 5167 35 23 for
3453 5166 46 23 this
3513 5165 65 23 small

3021 5202 108 24 amount;
3144 5198 44 23 and
3198 5198 65 23 those
3272 5197 51 24 who
3340 5196 39 23 did
3395 5198 41 21 not
3452 5195 81 28 would,
3550 5195 28 23 he

3020 5229 44 25 felt
3077 5236 58 21 sure,
3152 5231 79 26 accept
3247 5228 36 23 his
3298 5226 188 32 representations
3501 5225 76 25 rather

3022 5261 54 24 than
3106 5260 64 23 those
3197 5259 23 24 of
3248 5259 40 24 the
3316 5258 74 24 senior
3416 5256 98 25 member
3542 5257 35 24 for

3022 5291 146 29 Wellington.
3211 5289 37 23 Mr
3264 5289 123 23 Earnshaw
3403 5288 49 23 said
3469 5288 52 22 that
3537 5287 40 23 the

3020 5320 98 24 member
3141 5320 36 23 for
3199 5318 109 30 Tuapeka
3326 5318 45 23 had
3392 5317 74 24 stated
3486 5317 52 22 that
3559 5317 18 22 if

3020 5351 37 24 Sir
3079 5350 85 23 Robert
3190 5349 69 23 Stout
3286 5348 45 22 had
3355 5348 55 22 been
3434 5355 14 15 a
3471 5346 105 24 Dunedin

3020 5381 98 25 member
3137 5380 28 24 he
3184 5377 74 26 would
3278 5381 41 21 not
3338 5377 56 25 have
3412 5377 99 32 opposed
3530 5377 46 25 this

3020 5416 59 19 vote.
3119 5411 36 22 He
3175 5410 48 27 (the
3246 5409 112 29 speaker),
3382 5416 24 15 as
3429 5416 14 15 a
3471 5408 104 23 Dunedin

3020 5441 105 27 member,
3145 5439 39 24 did
3208 5445 83 23 oppose
3314 5438 26 23 it.
3380 5437 48 24 The
3451 5437 79 30 people
3553 5437 24 23 of

3020 5470 104 26 Dunedin
3140 5469 40 25 did
3194 5475 42 17 not
3253 5470 62 22 want
3331 5468 46 24 this
3387 5467 53 30 line,
3457 5475 41 16 nor
3517 5475 59 17 were

3019 5503 39 22 the
3069 5501 104 24 Dunedin
3182 5506 81 24 papers
3273 5498 81 31 asking
3363 5498 35 24 for
3408 5497 104 29 it.—(Mr
3521 5498 41 24 Lar-

3019 5532 71 24 nach:
3392 5528 49 24 The
3469 5528 106 25 Dunedin

3019 5563 78 29 people
3116 5560 69 24 asked
3204 5559 53 24 that
3271 5559 39 24 the
3326 5559 153 24 construction
3496 5558 24 25 of
3537 5559 40 24 the

3018 5593 73 29 Otago
3106 5590 91 25 Central
3213 5589 80 24 should
3309 5588 28 24 be
3347 5588 123 30 proceeded
3485 5590 57 23 with
3551 5593 26 21 at

3018 5631 14 16 a
3041 5621 129 25 reasonable
3179 5623 55 22 rate.
3266 5619 68 26 Their
3344 5619 97 26 finances
3450 5620 75 25 wonld
3535 5623 41 23 not

3019 5656 98 21 warrant
3126 5652 40 23 the
3175 5652 122 30 beginning
3306 5651 24 24 of
3339 5659 13 15 a
3362 5659 49 16 new
3421 5652 46 23 line
3481 5656 25 19 to
3516 5652 45 24 Rox-

3018 5682 148 30 burgh.—Mr
3180 5681 82 24 Fraser
3275 5680 49 24 said
3338 5681 29 24 he
3376 5689 47 17 was
3431 5682 109 31 prepared
3552 5685 25 22 to

3018 5717 95 32 support
3121 5713 40 23 the
3171 5715 53 21 vote
3233 5711 18 24 if
3267 5711 40 25 the
3321 5719 81 24 money
3411 5720 60 16 were
3479 5713 54 30 only
3542 5713 22 24 in-

3018 5742 83 26 tended
3111 5745 24 22 to
3145 5749 45 24 pay
3199 5742 35 24 for
3243 5741 41 25 the
3292 5745 50 22 cost
3351 5743 26 24 of
3391 5750 90 22 survey,
3492 5743 42 24 but
3548 5743 29 24 he

3018 5772 75 27 would
3116 5774 53 24 vote
3192 5772 90 32 agftinet
3304 5772 40 27 the
3368 5772 55 28 item
3442 5767 25 33 if
3479 5773 20 27 it
3516 5781 60 20 were

3606 191 78 22 meant
3693 191 25 21 to
3727 188 92 24 commit
3829 188 39 24 the
3877 186 80 38 colony
3968 188 24 22 to
4002 184 40 26 the
4051 186 112 23 construe*

3607 221 48 22 tion
3671 219 24 24 of
3711 227 14 15 a
3743 219 93 30 railway
3853 221 25 21 to
3893 217 131 30 Roxburgh.
4055 216 37 23 He
4106 223 43 16 com-

3607 249 90 31 plained
3714 249 53 24 that
3783 249 59 23 after
3857 247 40 24 the
3913 246 164 25 authorisation
4087 245 24 25 of
4125 244 40 25 the

3608 280 104 24 Switzars
3729 279 46 24 line
3789 286 28 17 on
3835 280 46 23 two
3900 277 113 24 occasions
4029 277 40 24 the
4084 282 81 26 money

3607 311 45 24 had
3661 311 55 24 been
3726 309 149 30 deliberately
3885 312 67 26 spent
3961 316 28 16 on
3999 307 66 25 other
4080 306 82 26 works.

3607 341 76 23 —The
3707 341 106 23 Minister
3837 340 23 23 of
3881 339 82 23 Works
3986 337 50 25 said
4060 338 52 23 that
4135 344 29 16 no

3608 377 80 24 money
3706 370 75 24 would
3801 370 28 23 be
3846 372 68 28 spent
3940 376 29 15 on
3988 369 39 22 the
4050 371 101 20 construc-

3608 401 49 23 tion
3679 400 24 23 of
3725 401 47 23 this
3795 400 46 24 line
3864 399 99 24 without
3986 398 40 23 the
4048 397 118 31 anthority

3608 431 24 22 of
3655 430 144 23 Parliament.
3809 430 72 22 —Mr
3904 428 27 24 T.
3958 428 131 23 Mackenzie
4116 428 49 23 said

3609 461 51 22 that
3689 460 39 23 the
3758 461 72 28 Otago
3859 458 92 25 Central
3979 458 45 24 line
4052 464 47 16 was
4127 457 39 24 the

3609 490 66 29 apple
3692 489 22 24 of
3734 490 37 23 Mr
3790 489 141 24 Earnshaw's
3949 496 47 23 eye.
4037 487 37 25 He
4090 487 75 24 would

3610 527 82 22 oppose
3701 520 31 23 all
3741 520 65 23 other
3815 520 57 23 lines
3881 527 25 16 so
3915 518 53 31 long
3977 527 25 15 as
4012 518 28 24 he
4050 518 66 25 oould
4125 522 41 26 get

3610 550 57 22 that.
3699 549 27 23 In
3737 550 39 22 the
3792 550 107 23 interests
3913 549 24 23 of
3953 549 39 23 the
4002 548 164 31 fruit-growers

3612 579 122 30 Roxburgh
3749 579 80 23 should
3845 579 28 23 be
3891 579 98 30 brought
4008 579 49 23 into
4073 578 92 30 railway

3611 609 194 28 communication,
3825 609 42 22 but
3885 609 24 22 in
3927 608 36 23 bis
3977 608 91 30 opinion
4085 607 81 24 Heriot

3612 645 46 16 was
3667 638 39 24 the
3723 645 82 23 proper
3820 637 138 25 route.—Sir
3968 638 28 24 R.
4008 638 68 25 Stout
4085 638 81 24 denied

3612 668 52 23 that
3674 668 63 23 there
3754 675 46 15 was
3817 675 52 15 ever
3878 675 14 15 a
3900 668 96 29 promise
4012 668 64 22 made
4087 668 29 30 by
4127 668 39 23 the

3612 697 128 24 Provincial
3758 696 94 26 Council
3869 696 36 24 for
3922 697 39 23 the
3976 698 152 23 construction
4144 698 22 24 of

3613 729 39 24 the
3667 727 253 31 Lawrence-Roxburgh
3936 727 53 30 line,
4006 736 25 16 as
4046 729 77 23 stated
4137 728 29 31 by

3613 760 37 23 Mr
3674 760 108 23 Larnach.
3822 759 36 23 He
3881 759 48 22 also
3951 758 156 24 contradioted
4130 758 36 24 Mr

3612 789 67 23 Thos.
3692 788 147 24 Mackenzie's
3856 790 123 22 statement
3994 788 52 23 that
4062 788 40 24 the
4116 796 50 16 con*

3613 819 110 23 struction
3743 818 23 24 of
3785 818 39 24 the
3844 818 114 24 Northern
3975 818 78 24 Trunk
4068 818 45 24 line
4130 819 36 23 via

3613 849 56 24 Port
3691 849 115 23 Chalmers
3830 856 46 16 was
3899 848 44 24 due
3962 850 24 22 to
4005 849 39 23 the
4066 848 100 32 politioal

3612 878 109 25 influence
3740 879 24 24 of
3782 879 39 24 the
3838 878 46 25 late
3904 878 36 25 Mr
3960 878 148 25 Macandrew.
4144 878 22 26 It

3613 917 46 15 was
3664 910 84 28 merely
3756 917 13 15 a
3775 910 104 30 question
3887 909 24 23 of
3919 910 143 30 engineering
4067 910 98 29 opinion.

3613 939 37 23 Mr
3660 939 141 29 Carruthers,
3812 939 59 24 after
3886 932 150 30 consultation
4053 939 56 24 with
4128 939 38 24 tbe

3612 971 46 23 late
3673 969 38 25 Mr
3719 969 70 31 Blair,
3800 969 44 24 had
3860 969 169 25 recommended
4046 969 40 26 the
4102 972 64 23 route

3612 1001 53 25 that
3674 1009 45 16 was
3735 1000 104 32 adopted.
3871 1000 63 31 They
3949 1000 93 37 pointed
4059 1005 41 20 out
4114 1002 52 24 that

3612 1035 24 21 to
3646 1032 54 24 take
3710 1032 39 24 the
3758 1032 46 24 line
3814 1039 31 24 up
3860 1032 39 24 the
3916 1032 66 24 Leith
4000 1031 81 32 Valley
4090 1031 75 25 would

3612 1063 57 24 have
3692 1062 123 31 prevented
3838 1062 21 24 it
3880 1062 58 25 from
3961 1062 134 31 descending
4119 1063 47 24 into

3612 1093 97 24 Waitati
3728 1093 120 31 township,
3866 1092 44 24 and
3925 1092 75 24 would
4019 1092 57 24 have
4094 1091 72 26 raised

3611 1124 143 31 engineering
3777 1123 134 25 difficulties.
3970 1123 47 25 The
4044 1127 53 21 vote
4120 1131 46 17 was

3612 1155 78 23 struck
3700 1159 40 18 out
3755 1155 30 29 by
3795 1155 27 21 28
3833 1157 24 19 to
3866 1155 34 26 25,
3911 1153 45 23 and
3966 1153 38 23 Mr
4014 1153 100 23 Larnach
4125 1154 41 22 left

3613 1184 39 25 the
3661 1183 111 26 Chamber
3781 1183 116 29 evidently
3907 1183 134 24 crestfallen.

3641 1215 72 31 Otago
3729 1214 100 26 Central,
3850 1213 187 27 £3o,ooo.—This
4051 1213 56 23 item
4121 1219 47 17 was

3613 1242 83 55 Kassed
3709 1243 99 23 without
3823 1242 88 28 debate,
3929 1248 53 17 save
4006 1249 15 16 a
4045 1242 70 30 growl
4139 1242 29 30 by

3630 1273 21 24 Ir
3661 1272 123 25 Earnshaw
3801 1272 52 24 that
3868 1271 39 25 the
3923 1271 148 30 expenditure
4088 1279 45 17 was
4142 1276 26 20 at

3613 1304 39 23 the
3667 1310 60 17 same
3742 1305 49 22 rate
3806 1310 25 17 as
3846 1302 20 24 it
3882 1301 74 25 would
3975 1302 57 24 h&ve
4050 1301 56 26 been
4122 1301 45 26 had

3613 1334 63 24 there
3690 1334 56 23 been
3760 1341 29 16 no
3804 1333 86 24 million
3904 1333 59 23 loan.

3640 1364 47 24 The
3707 1364 124 29 remaining
3850 1366 63 20 votes
3932 1363 35 22 for
3986 1362 92 31 /.ailway
4094 1362 74 25 works

3613 1402 59 16 were
3681 1395 80 30 passed
3771 1394 98 22 without
3878 1392 128 23 alteration.

3641 1424 48 24 The
3699 1427 52 20 vote
3761 1423 23 24 of
3798 1423 96 28 £60,000
3909 1422 35 24 for
3954 1421 114 25 additions
4078 1425 24 21 to
4111 1430 57 23 open

3614 1455 57 24 lines
3680 1454 86 23 evoked
3776 1461 61 16 some
3851 1452 195 24 discussion.—Sir
4058 1452 27 25 R.
4102 1453 68 25 Stout

3615 1485 97 30 thought
3723 1484 52 24 that
3785 1484 39 23 the
3834 1485 94 21 amount
3943 1489 46 16 was
4000 1485 37 20 too
4046 1482 68 31 large,
4125 1482 45 25 and

3615 1514 80 24 moved
3719 1517 25 21 to
3767 1513 81 24 reduce
3872 1513 20 23 it
3914 1512 32 29 by
3969 1512 101 29 £IO,OOO.
4123 1512 47 24 The

3615 1545 106 25 Minister
3731 1544 23 25 of
3763 1543 115 31 Railways
3883 1541 127 33 explained,
4019 1542 55 25 with
4085 1547 87 27 respect

3616 1579 25 20 to
3651 1576 39 23 the
3699 1581 105 24 waggons
3820 1573 51 24 sold
3886 1576 24 20 to
3926 1573 105 22 Western
4046 1573 124 29 Australia,

3616 1606 53 23 that
3678 1606 41 22 250
3728 1611 105 24 waggons
3843 1609 58 17 were
3911 1602 109 30 required.
4047 1602 36 24 He
4092 1604 80 30 agreed

3617 1639 24 20 to
3657 1635 42 23 Bell
3716 1635 48 28 150,
3775 1634 44 23 and
3836 1634 64 22 these
3917 1632 43 23 had
3972 1632 54 24 been
4043 1633 23 23 in
4083 1639 39 17 use
4138 1634 35 23 for

3617 1666 78 22 fifteen
3705 1672 72 22 years.
3808 1663 36 23 He
3854 1670 46 15 was
3917 1662 48 23 told
3976 1663 51 22 that
4041 1662 55 30 they
4106 1663 66 23 oould

3617 1694 28 23 be
3660 1693 103 31 replaced
3780 1693 36 22 for
3831 1693 45 24 £75
3892 1694 24 21 to
3933 1693 52 28 £BO,
3996 1691 44 24 and
4059 1691 59 25 fixed
4133 1693 39 24 the

3618 1725 81 30 selling
3706 1724 63 37 price
3786 1726 25 21 at
3826 1723 52 28 £BO,
3889 1722 73 24 which
3977 1722 28 25 he
4020 1722 153 33 immediately

3619 1759 45 26 got.
3695 1753 209 31 (Laughter.)—Mr
3914 1752 36 24 W.
3963 1753 127 24 Hutchison
4099 1754 74 24 raised

3619 1785 40 24 the
3668 1784 104 29 question
3782 1783 23 23 of
3822 1783 38 23 the
3870 1783 145 30 gas-lighting
4024 1783 149 30 plant.—The

3620 1814 106 24 Minister
3735 1814 23 23 of
3772 1813 114 30 Railways
3902 1812 49 24 said
3967 1813 52 23 that
4033 1813 38 23 the
4086 1813 76 31 depart-

3620 1848 63 20 ment
3692 1851 45 16 was
3747 1844 120 30 arranging
3876 1843 35 24 for
3920 1850 13 16 a
3944 1842 120 31 travelling
4078 1844 96 30 carriage

3620 1882 25 16 so
3663 1875 53 23 that
3734 1874 39 24 the
3792 1881 42 16 one
3852 1874 66 30 plant
3935 1876 25 21 at
3979 1873 104 24 Dunedin
4102 1875 72 23 would

3620 1906 77 22 suffice
3715 1905 35 23 for
3769 1905 39 23 the
3827 1903 72 24 South
3923 1903 83 23 Island.
4046 1903 24 24 It
4083 1911 46 17 was
4143 1905 31 23 in*

3621 1934 83 24 tended
3728 1938 24 19 to
3776 1933 93 30 provide
3888 1933 95 24 another
4001 1933 65 31 plant
4083 1933 35 24 for
4137 1933 37 24 the

3621 1965 75 25 North
3706 1963 84 27 Island.
3821 1964 29 25 So
3859 1964 35 25 far
3903 1972 25 16 as
3939 1964 27 24 he
3980 1963 73 31 knew,
4065 1964 39 25 the
4118 1964 56 32 light

3621 1997 44 23 had
3681 1997 56 22 been
3754 2004 13 15 a
3782 1999 64 26 great
3862 1995 171 23 success.—The
4048 1995 84 23 motion
4141 1996 33 23 for

3621 2026 39 23 the
3671 2025 116 24 reduction
3798 2025 22 23 of
3834 2025 40 23 the
3884 2027 52 21 vote
3952 2031 46 17 was
4014 2025 119 30 negatived
4147 2032 27 16 on

3621 2056 39 24 the
3671 2056 79 23 voices.

3649 2087 33 24 At
3700 2087 26 24 12
3737 2087 25 23 Id
3777 2093 52 17 a.m.
3848 2085 40 25 the
3906 2085 94 32 railway
4015 2087 70 29 votes,
4104 2085 72 26 which

3621 2118 45 24 had
3676 2117 56 24 been
3742 2117 71 24 under
3823 2117 82 24 review
3914 2117 35 24 for
3959 2124 67 17 seven
4033 2117 75 29 hoars,
4119 2124 57 18 were

3622 2148 132 30 completed.

3650 2178 63 22 Main
3730 2177 73 28 roads,
3815 2177 102 28 £12,000.
3921 2176 115 31 —Daring
4045 2177 40 23 the
4094 2177 71 24 discus-

3622 2209 49 24 sion
3681 2216 28 16 on
3719 2207 47 25 this
3776 2207 63 30 item,
3850 2207 40 24 the
3900 2207 106 24 Minister
4015 2207 23 24 of
4048 2207 73 25 Lands
4128 2207 48 26 said

3622 2240 20 23 it
3651 2238 75 25 would
3737 2238 53 24 take
3800 2241 46 21 two
3855 2238 99 23 millions
3967 2238 24 23 of
4006 2245 79 24 money
4095 2242 24 20 to
4128 2246 48 24 pro*

3623 2269 51 24 vide
3685 2269 31 23 all
3726 2272 39 21 the
3774 2268 67 24 roads
3850 2268 45 24 and
3911 2268 90 31 bridges
4015 2268 70 25 asked
4099 2269 35 24 for
4146 2269 31 31 by

3622 2300 110 24 members
3742 2299 23 25 of
3779 2299 40 24 the
3829 2298 162 25 House.—The
4000 2303 52 20 vote
4062 2299 85 30 passed.

3651 2330 171 23 Miscellaneous
3833 2329 66 24 roads
3907 2329 46 24 and
3962 2328 97 32 bridges,
4074 2331 101 27 £21,694.

3623 2360 66 25 —Mr
3699 2360 77 25 Pirani
3786 2359 80 26 moved
3877 2360 51 25 that
3937 2360 39 25 the
3986 2364 53 21 vote
4046 2360 27 25 be
4080 2360 96 25 redaoed

3623 2393 30 29 by
3664 2394 38 26 £l,
3713 2400 25 15 as
3747 2400 30 14 an
3786 2392 123 23 indication
3920 2391 52 23 that
3982 2392 38 22 the
4027 2392 151 24 Government

3623 2422 81 23 should
3721 2421 129 24 contribute
3865 2422 82 27 £6,000
3963 2421 97 23 towards
4075 2422 39 23 the
4127 2429 38 16 con-

3623 2452 112 24 struction
3745 2452 23 23 of
3785 2451 39 24 the
3842 2451 129 24 Manawatu
3980 2451 74 31 Gorge
4064 2451 114 32 bridge.—

3623 2482 48 24 The
3681 2482 106 24 Minister
3796 2482 23 24 of
3829 2481 75 24 Lands
3913 2481 48 24 said
3972 2481 52 25 that
4032 2481 39 25 the
4080 2482 97 24 Govern*

3624 2517 62 21 ment
3696 2513 44 23 had
3751 2512 55 24 been
3817 2512 93 31 waiting
3926 2512 35 24 for
3976 2512 39 24 the
4029 2512 58 24 local
4101 2512 77 25 bodies

3625 2546 23 20 to
3659 2543 29 23 do
3697 2543 135 29 something,
3846 2543 43 22 but
3905 2543 55 28 they
3975 2542 65 23 could
4057 2545 40 20 not
4113 2550 65 27 agree

3624 2575 103 27 amongst
3737 2572 134 23 themselves
3881 2571 44 24 and
3942 2571 74 24 would
4033 2571 29 24 do
4074 2572 101 30 nothing.

3624 2604 36 24 He
3670 2602 120 33 suggested
3806 2602 53 25 that
3874 2602 38 25 Mr
3928 2602 77 25 Pirani
4018 2602 80 25 should
4113 2602 65 26 with*

3624 2635 62 23 draw
3697 2635 39 23 the
3746 2633 219 24 amendment.—Mr
3974 2633 76 23 Pirani
4059 2634 118 29 complied,

3624 2664 44 23 and
3679 2665 39 22 the
3727 2666 53 21 vote
3790 2663 79 30 passed
3880 2663 97 23 without
3986 2663 127 24 alteration.

3652 2694 163 30 Development
3838 2693 23 24 of
3893 2692 96 25 thermal
4019 2693 88 31 springs
4134 2692 44 25 and

3624 2725 90 23 natural
3723 2731 100 22 scenery,
3834 2724 101 28 £41,715.
3939 2723 64 24 —Sir
4017 2724 27 23 B.
4060 2724 68 23 Stout
4141 2724 25 23 ob-

3623 2754 75 31 jected
3718 2757 24 21 to
3761 2753 46 25 this
3826 2760 80 24 money
3925 2752 67 32 being
4015 2753 115 32 expended
4147 2762 31 16 on

3624 2785 73 28 roads,
3708 2784 44 25 and
3765 2784 79 25 moved
3854 2784 52 24 that
3916 2783 39 25 the
3972 2786 52 22 vote
4041 2784 27 24 be
4082 2784 96 25 reduced

3624 2817 29 28 by
3664 2816 88 26 £6,715.

3650 2845 36 24 Sir
3697 2845 27 23 R.
3737 2844 85 24 Stout's
3831 2844 85 24 motion
3933 2846 25 22 to
3974 2844 81 24 reduoe
4072 2844 39 24 the
4126 2847 52 22 vote

3622 2876 24 24 of
3664 2876 95 29 £41,715
3779 2875 34 25 for
3833 2875 65 25 roads
3917 2875 44 24 and
3981 2875 66 24 other
4060 2875 75 25 works
4149 2883 28 17 on

3622 2906 117 30 goldfields
3754 2906 45 23 and
3819 2905 92 24 mineral
3927 2905 64 24 lands
4001 2905 29 31 by
4040 2906 82 28 £6,715
4132 2913 45 17 was

3621 2937 45 23 lost
3676 2936 30 30 by
3715 2938 27 22 34
3752 2940 25 20 to
3787 2936 33 28 19,
3833 2936 43 24 and
3887 2936 39 23 the
3935 2940 53 19 vote
3998 2936 85 30 passed.

3648 2967 36 23 Sir
3700 2966 26 23 R.
3740 2966 68 24 Stout
3824 2966 54 22 then
3894 2965 79 23 moved
3993 2969 24 19 to
4036 2966 81 23 reduce
4136 2966 39 24 the

3620 2999 52 19 vote
3690 2995 35 23 for
3744 2995 66 23 roads
3828 3002 29 15 on
3875 2993 117 32 goldfields
4011 2995 113 28 (£82,257)
4144 2995 30 30 by

3620 3025 103 28 £12,257,
3734 3025 43 24 but
3794 3024 46 24 this
3856 3031 46 17 was
3918 3024 45 24 lost
3972 3024 31 30 by
4012 3025 28 24 35
4049 3027 25 22 to
4085 3025 33 29 17,
4128 3024 46 25 and

3620 3056 40 23 the
3669 3057 52 22 vote
3728 3054 90 36 passed.

3648 3086 118 28 Objection
3788 3092 46 16 was
3857 3083 70 25 taken
3954 3087 24 22 to
4002 3085 40 25 the
4071 3087 53 23 vote
4152 3084 24 26 of

3621 3117 96 27 £98,950
3726 3115 97 24 devoted
3834 3120 24 19 to
3867 3115 133 31 developing
4010 3116 40 24 the
4059 3113 117 34 goldfields

3620 3154 28 15 on
3660 3146 39 23 the
3708 3145 86 31 ground
3812 3145 52 24 that
3880 3145 40 24 the
3935 3148 94 22 amount
4047 3152 46 17 was
4102 3153 61 17 exces-

3620 3176 121 25 sive.—Sir
3760 3176 27 24 R.
3810 3176 68 24 Stout
3895 3176 80 24 moved
3993 3179 24 21 to
4036 3176 81 24 reduce
4136 3176 39 24 the

3620 3211 53 19 vote
3686 3207 32 36 by
3728 3207 103 28 £48,950,
3842 3206 42 24 but
3894 3207 46 23 this
3949 3214 46 16 was
4012 3207 45 23 lost
4066 3207 29 30 by
4106 3208 28 22 30
4150 3210 25 20 to

3620 3238 35 27 22,
3667 3244 44 16 ana
3722 3237 39 23 the
3770 3239 53 21 vote
3833 3236 87 29 pawed.

3648 3266 48 24 The
3719 3266 124 30 remaining
3861 3266 67 23 items
3946 3274 29 15 on
3994 3266 39 23 the
4053 3266 122 25 Estimates

3620 3296 80 31 passed
3718 3296 99 25 without
3834 3296 129 30 alteration,
3979 3296 45 25 and
4039 3296 39 25 the
4097 3294 77 27 House

3621 3334 48 17 rose
3678 3330 26 21 at
3713 3328 50 23 4.30
3772 3334 52 17 a.m.

3621 3382 241 27 LEGISLATION
3876 3382 46 27 OF
3933 3382 75 26 THE
4028 3382 145 27 SESSION

3648 3450 21 22 A
3676 3456 54 23 very
3740 3449 89 29 general
3845 3449 91 30 opinion
3953 3449 20 23 it
3989 3449 118 30 expressed
4125 3448 50 25 that

3622 3479 38 24 the
3676 3482 91 27 present
3783 3480 91 27 session,
3891 3487 25 16 so
3925 3478 35 25 far
3977 3487 24 15 m
4011 3479 126 31 legislation
4156 3481 20 23 is

3620 3509 130 30 concerned,
3775 3509 40 25 has
3833 3509 55 25 been
3907 3518 14 16 a
3938 3517 56 24 very
4013 3510 162 30 unproductive

3620 3548 48 17 one.
3698 3539 25 25 It
3732 3541 19 23 is
3761 3540 132 24 undeniable
3903 3541 51 23 that
3964 3547 31 23 up
4004 3542 25 22 to
4037 3544 39 21 tne
4085 3546 90 25 present

3620 3571 43 25 but
3676 3571 61 25 little
3752 3569 126 33 legislation
3894 3571 23 24 of
3933 3570 89 32 general
4038 3571 137 37 importance

3621 3603 39 23 has
3679 3602 56 24 been
3753 3601 95 38 passed;
3872 3601 42 25 but
3937 3602 39 24 the
3994 3601 115 32 following
4128 3603 46 29 list,

3621 3633 72 23 which
3704 3633 40 23 has
3753 3632 56 23 been
3819 3632 109 30 compiled
3938 3640 30 22 up
3982 3634 25 21 to
4023 3631 62 30 date,
4102 3633 73 24 shows

3620 3664 52 22 that
3691 3670 14 15 a
3727 3662 152 23 considerable
3897 3664 92 21 amount
4007 3662 25 23 of
4050 3662 125 30 legislative

3620 3692 63 24 work
3693 3692 40 24 has
3743 3692 55 24 been
3808 3692 162 31 accomplished

3643 3730 71 21 Public
3727 3730 168 30 Acts.—lmprest
3911 3728 82 27 Supply,
4008 3728 168 25 Representation

3620 3755 40 20 Act
3669 3755 144 23 Amendment,
3820 3754 98 20 Criminal
3924 3754 54 20 Code
3984 3751 40 23 Act
4031 3751 144 28 Amendment,

3619 3779 52 20 Gold
3679 3779 73 19 Duties
3764 3778 40 20 Act
3817 3778 144 23 Amendment,
3977 3777 76 24 Rating
4065 3783 25 15 on
4105 3777 57 21 Unim-

3620 3802 74 24 proved
3703 3802 70 22 Value,
3791 3801 88 25 Imprest
3893 3801 78 25 Supply
3985 3801 46 23 (No.
4048 3801 24 24 2),
4090 3801 86 23 Imprest

3619 3826 78 25 Supply
3704 3826 46 23 (No.
3766 3826 24 24 3),
3805 3826 103 24 Railways
3921 3825 157 24 Compensation
4092 3822 72 28 Adjust-

3619 3852 64 23 ment,
3700 3850 112 25 Municipal
3831 3849 132 30 Corporation
3977 3848 41 22 Act
4030 3850 44 19 1886
4086 3849 73 22 Amend-

3619 3876 64 23 ment,
3693 3875 77 20 Asiatic
3780 3875 123 20 Restriction
3911 3873 99 22 (reserved
4019 3874 31 20 for
4062 3873 35 21 the
4111 3873 64 25 Royal

3619 3900 82 23 assent),
3733 3898 81 21 Female
3845 3899 48 19 Law
3923 3898 151 24 Practitioners,
4104 3897 71 22 Public

3620 3923 97 23 Morgues,
3731 3922 87 20 Married
3833 3922 88 20 Persons'
3935 3922 108 22 Summary
4050 3922 125 26 Separation.

3618 3946 88 24 Imprest
3721 3946 76 24 Supply
3804 3946 47 22 (No.
3860 3946 24 23 4),
3894 3944 39 21 Aid
3942 3946 22 19 to
3972 3944 71 21 Public
4051 3944 74 21 Works
4135 3951 41 15 ana

3618 3970 56 20 Land
3691 3970 129 23 Settlement,
3834 3968 148 25 Photographic
4002 3968 116 25 Copyright,
4136 3969 26 20 Im-

3617 3995 55 22 prest
3687 3993 77 26 Supply
3779 3993 46 23 (No.
3842 3995 25 23 5),
3883 3989 106 25 Abattoirs
4003 3992 41 22 and
4059 3993 104 24 Slaughter-

3617 4018 71 21 houses
3708 4017 40 22 Act
3767 4018 144 24 Amendment,
3931 4017 86 21 Chinese
4043 4017 131 25 Immigrants

3616 4043 40 19 Act
3669 4042 145 24 Amendment,
3832 4043 97 23 Ngatitoa
3945 4042 66 22 Trust,
4029 4042 86 23 Poverty
4130 4042 43 23 Bay

3616 4066 67 20 Lands
3696 4066 40 20 and
3749 4066 71 23 Deeds,
3836 4062 137 27 Registration
3989 4065 102 24 Districts,
4101 4064 72 23 Public

3617 4085 104 25 Revenues
3737 4090 49 19 Acts
3801 4085 144 27 Amendment,
3963 4089 47 20 Law
4028 4089 144 21 Practitioners

3615 4114 40 19 and
3669 4115 49 18 New
3727 4113 88 19 Zealand
3828 4113 48 19 Law
3890 4113 79 22 Society
3977 4113 40 18 Act
4025 4113 143 22 Amendment,

3616 4137 72 20 Infant
3704 4136 45 20 Life
3764 4136 122 24 Protection,
3904 4135 64 20 Trade
3984 4135 68 20 Union
4068 4135 41 20 Act
4128 4137 44 20 1875

3615 4160 144 26 Amendment,
3775 4160 138 22 Government
3927 4159 106 22 Advances
4048 4160 22 21 to
4086 4160 86 22 Settlers

3614 4187 41 20 Act
3663 4186 143 23 Amendment,
3815 4185 113 25 Municipal
3939 4185 131 31 Corporation
4079 4185 40 21 Act
4126 4186 45 21 1886

3614 4210 144 24 Amendment,
3768 4210 92 20 Uriwera
3868 4209 87 20 District
3963 4209 76 20 Native
4046 4209 92 20 Reserve.

3636 4233 60 21 Local
3711 4234 40 20 and
3767 4233 94 21 Personal
3877 4232 200 21 Acts.—Cuversham
4091 4232 66 21 Water-

3613 4258 67 20 works
3689 4257 97 25 Account,
3796 4257 95 21 Dunedin
3905 4256 47 24 City
3966 4256 122 25 Borrowing,
4097 4256 72 22 Picton

3615 4282 118 21 Recreation
3740 4282 91 22 Reserve,
3841 4281 103 23 Westport
3950 4280 80 20 Harbor
4034 4280 65 20 Board
4106 4280 62 25 Loan,

3613 4306 105 24 Lyttelton
3725 4305 80 20 Harbor
3810 4304 64 21 Board
3881 4304 150 24 Enlargement,
4038 4303 74 21 Mount
4117 4304 39 21 Wel-

3612 4330 79 24 lington
3705 4329 71 22 Public
3788 4329 88 21 Domain
3888 4328 40 21 and
3942 4328 87 21 Thomas
4041 4327 77 22 Marrin
4131 4329 26 21 Ex-

3612 4355 76 24 change
3696 4355 21 19 of
3726 4353 62 23 Land.
3798 4353 95 21 Dunedin
3907 4353 93 21 Garrison
4015 4352 47 21 Hall
4070 4352 98 22 Trustees'

3613 4379 139 24 Empowering
3765 4378 40 20 Act
3819 4377 144 23 Amendment,
3977 4377 99 20 Gisborne
4088 4377 82 21 Harbor

3612 4402 81 21 Board's
3702 4402 145 24 Empowering,
3853 4401 55 21 Lake
3916 4400 86 24 Forsyth
4011 4400 56 21 Land
4076 4400 92 26 Vesting,

3611 4428 108 24 Greytown
3742 4426 97 21 Trustees'
3860 4425 147 25 Empowering,
4023 4424 145 23 Waimaksriri

3612 4452 80 19 Harbor
3707 4451 65 20 Board
3789 4451 72 22 Lands,
3871 4450 76 23 Bishop
3962 4450 60 19 Suter
4034 4450 40 20 Art
4087 4450 83 23 Gallery

3611 4475 99 24 Trustees,
3731 4474 94 24 Borough
3848 4473 22 21 of
3888 4473 120 24 Masterton,
4029 4472 81 21 Harbor
4128 4473 40 21 Act

3613 4499 137 21 Amendment

3629 4546 28 26 A
3673 4544 238 28 WONDERFUL
3929 4544 216 28 INVENTION.

3639 4605 47 25 One
3695 4605 24 25 of
3733 4605 39 25 the
3789 4607 58 23 most
3863 4605 124 24 wonderful
4001 4605 128 25 inventions
4144 4605 24 25 of

3613 4636 38 23 the
3661 4644 41 23 age
3712 4637 19 22 is
3740 4635 116 24 doubtless
3874 4636 40 23 the
3924 4635 67 24 Hant
4004 4636 59 25 loom
4079 4637 76 23 attach-

3612 4669 69 26 ment,
3692 4666 74 24 which
3775 4666 47 24 will
3831 4666 88 30 shortly
3928 4666 28 24 be
3966 4666 54 24 used
4031 4666 136 25 exclusively

3612 4698 29 27 by
3660 4704 68 21 every
3747 4697 49 21 mill
3820 4698 23 21 in
3867 4697 40 22 the
3930 4697 78 23 world.
4039 4696 47 24 The
4105 4697 62 23 cloth

3611 4726 81 22 turned
3712 4728 40 20 out
3772 4726 29 28 by
3827 4725 38 23 the
3890 4733 38 15 use
3952 4726 23 22 of
3999 4727 47 22 this
4070 4727 58 22 loom
4147 4727 20 23 is

3610 4755 126 28 absolutely
3752 4755 47 21 free
3818 4755 23 21 of
3860 4754 84 27 faults;
3959 4755 40 22 the
4018 4756 64 22 usual
4100 4759 66 26 great

3609 4785 70 22 waste
3688 4783 24 24 of
3725 4783 72 30 filling
3812 4783 81 23 thread
3909 4783 20 24 is
3945 4783 58 24 done
4019 4791 65 24 away
4100 4785 64 24 with,

3608 4814 106 31 ensuring
3723 4821 29 17 an
3761 4819 118 19 enormous
3888 4814 79 31 saving
3982 4814 22 24 in
4021 4814 40 24 the
4077 4818 49 22 cost
4142 4818 24 22 of

3609 4845 101 30 weaving
3726 4844 71 29 alone,
3817 4844 44 24 and
3877 4844 79 31 finally
3970 4852 43 16 one
4029 4852 81 23 person
4123 4854 42 16 can

3609 4875 54 24 tend
3673 4878 88 27 twenty
3770 4882 26 16 or
3805 4882 60 16 more
3875 4874 70 24 looms
3954 4875 57 23 with
4023 4875 47 24 this
4086 4876 78 25 inven»

3608 4906 49 23 tion
3666 4905 113 24 attached.
3810 4905 33 23 At
3852 4906 91 28 present
3952 4912 42 16 one
4004 4912 53 17 man
4074 4906 19 24 is
4109 4906 54 31 only

3608 4936 50 22 able
3676 4939 26 19 to
3720 4934 79 24 attend
3820 4938 23 19 to
3862 4934 50 23 four
3930 4941 26 17 or
3972 4934 45 24 five
4035 4935 77 25 looms.
4142 4937 23 24 A

3608 4965 57 23 loom
3676 4965 97 30 running
3782 4964 97 30 steadily
3890 4964 57 24 with
3957 4965 40 24 the
4012 4973 50 17 new
4076 4967 87 25 attach*

3608 4998 62 21 ment
3680 4996 46 23 will
3735 4995 28 23 be
3772 4995 50 23 able
3832 4997 24 21 to
3866 5002 76 16 weave
3953 4995 40 24 100
4006 4997 70 30 yards
4090 4998 75 25 where

3607 5026 20 24 it
3636 5026 54 30 only
3700 5033 63 16 wove
3777 5025 62 29 sixty
3854 5025 70 30 yards
3940 5025 83 26 before.
4054 5028 53 24 And
4125 5029 40 24 the
4184 5025 1 31 '

3607 5056 44 24 loss
3665 5056 23 24 of
3704 5056 55 23 time
3777 5055 74 24 which
3870 5063 46 16 was
3934 5063 25 17 so
3978 5059 65 28 great
4061 5065 29 17 an
4109 5059 56 25 item

3606 5086 106 29 formerly
3737 5085 46 24 will
3801 5085 47 23 also
3873 5085 28 24 be
3927 5085 58 25 done
4012 5094 66 25 away
4097 5089 64 24 with.

3607 5116 97 30 Experts
3714 5115 30 24 all
3754 5122 52 16 over
3816 5115 41 23 the
3869 5118 95 35 country
3980 5117 58 25 have
4055 5118 110 33 carefully

3606 5145 90 24 studied
3706 5145 39 23 the
3755 5145 117 24 invention
3886 5145 45 25 and
3947 5154 57 17 nave
4021 5148 144 31 pronounced

3606 5176 19 23 it
3634 5175 103 23 faultless
3747 5175 23 22 in
3779 5181 69 25 every
3858 5179 90 27 respect
3963 5178 45 23 and
4024 5178 139 30 guaranteed

3606 5207 24 21 to
3639 5212 53 16 save
3701 5212 29 15 an
3739 5212 119 18 enormous
3871 5209 102 28 amount,
3984 5207 55 25 both
4050 5209 23 24 in
4083 5216 80 25 money

3605 5235 45 24 and
3660 5235 68 24 labor.
3759 5235 33 25 To
3809 5237 157 26 manufacture
3982 5239 45 25 and
4041 5240 64 32 place
4124 5240 39 25 the

3604 5275 61 16 same
3674 5273 29 17 on
3719 5266 71 25 looms
3800 5268 46 24 will
3862 5272 41 21 not
3919 5273 49 21 cost
3984 5278 61 16 more
4059 5272 57 23 than
4132 5273 32 23 £2

3605 5304 39 22 per
3658 5297 67 28 loom,
3737 5298 23 22 in
3777 5305 68 23 many
3863 5306 62 17 cases
3944 5301 20 23 it
3983 5300 46 25 will
4048 5309 56 16 even
4121 5310 42 16 run

3605 5331 51 24 less,
3667 5327 45 23 and
3721 5327 21 24 it
3751 5334 52 24 may
3817 5328 28 24 be
3860 5329 107 31 adjusted
3984 5333 24 21 to
4025 5339 44 21 any
4084 5332 26 23 of
4124 5332 39 23 the

3604 5357 70 24 looms
3697 5359 25 23 at
3739 5360 93 30 present
3850 5359 24 25 in
3889 5367 77 18 use.—
3967 5362 7 12 1
3982 5360 45 26 San
4044 5362 118 25 Francisco

3604 5387 70 25 News
3683 5388 95 24 Letter.'

3727 5443 63 24 what
3813 5451 42 17 can
3878 5452 46 24 you
3947 5445 37 30 do,
4001 5452 77 26 young
4096 5446 65 24 man?

3605 5471 101 26 Haven't
3714 5480 45 24 you
3773 5482 61 17 some
3849 5476 84 31 special
3949 5477 73 24 talent
4035 5485 25 16 or
4075 5480 72 21 taste-

3605 5511 60 16 some
3688 5504 63 30 bent,
3779 5513 26 16 as
3833 5506 55 31 they
3914 5515 40 23 say
4037 5508 123 30 Applicant

3605 5534 157 31 (dubiously):
3802 5534 69 31 No-o,
3881 5540 41 21 not
3938 5537 51 24 that
4004 5536 12 25 I
4033 5544 41 17 can
4090 5535 67 26 think

3605 5564 133 32 of—except
3747 5566 52 25 that
3808 5565 13 26 I
3831 5574 36 16 am
3877 5574 13 17 a
3900 5567 60 24 little

1724 106 234 48 MOUNT
2001 99 268 55 BENGER
2315 98 167 50 MAIL

3596 105 129 33 Friday,
3740 107 139 28 October
3895 103 33 34 ie,
3946 106 58 27 1896.

3604 5618 94 26 Printed
3709 5620 45 25 and
3761 5621 119 32 published
3888 5621 30 33 by
3925 5622 113 25 William
4049 5622 109 25 Pannkll

3660 5651 137 24 Matthews
3813 5653 36 23 for
3865 5653 40 23 the
3918 5654 145 29 proprietors,
4074 5653 85 23 Dunhe

3660 5681 45 24 and
3728 5682 146 30 Matthews,
3898 5685 26 22 at
3951 5682 59 25 their
4039 5682 120 32 registered

3659 5712 103 37 printing
3784 5714 69 27 office,
3877 5713 107 25 Scotland
4001 5715 78 24 street,
4100 5712 59 24 Rox«

3660 5743 81 31 burgh,
3761 5743 80 31 Otago,
3864 5742 56 25 New
3942 5741 217 33 Zealand—Friday,

3660 5773 96 26 October
3768 5773 105 31 16,1896.

368 5506 123 27 Appropria-.

512 5505 100 25 Expendi-

402 5533 45 20 tion

539 5531 45 19 ture

137 5561 62 22 Year.

377 5558 32 20 for
417 5556 60 21 Year.

515 5554 32 21 for
554 5554 60 20 Year.

125 5585 76 22 1891-92

288 5600 6 4 .
307 5580 4 24 •
384 5580 84 23 £15,000

509 5579 5 6 '
520 5578 82 24 £11,567

125 5610 76 21 1892-93

288 5624 6 5 .
319 5623 41 6 _...
401 5605 66 24 30.000

537 5603 64 22 2Q.5I6

125 5634 75 21 1893-94

288 5650 5 5 .
339 5648 21 5 ...
401 5630 65 24 45,000

537 5626 64 24 33,061

125 5659 109 26 1894-95...;
253 5674 6 4 .
273 5674 12 6 ..

339 5673 21 6 ...
402 5655 64 25 45,000

537 5652 63 24 28,131

273 5698 12 4 ..

288 5698 5 4 .
340 5697 20 5 ...
401 5681 65 23 25,000

537 5677 64 24 211,176
