2490 3930
683 1483 131 104 OXFORD
836 1483 66 104 AND
924 1483 88 104 CUST
1034 1483 176 104 OBSERVER

683 1587 279 104 PUBLISHED
993 1587 217 104 WEEKLY.

712 1691 164 24 SATURDAY.
907 1692 103 22 October
1030 1694 58 20 15th
1120 1695 58 20 1892.

729 1807 43 23 Mr
787 1807 120 32 Basting's
924 1809 89 32 Speech
1029 1811 129 24 continued.

727 1900 64 30 The
806 1901 92 30 social
914 1901 48 31 life
975 1903 33 28 of
1020 1900 61 32 the'
1088 1903 120 31 settlers

686 1941 25 30 is
721 1940 62 31 also
792 1952 19 19 a
818 1945 110 27 matter
936 1943 32 29 of
976 1954 82 19 some
1066 1947 141 27 moment.

686 1981 36 30 In
748 1981 52 30 the
820 1982 159 39 initiatory
1001 1986 83 35 stage
1106 1984 35 29 of
1157 1985 51 30 the

686 2021 118 30 scheme
818 2023 25 28 it
863 2023 100 29 would
982 2023 38 30 be
1041 2033 166 31 necessary,

688 2072 39 21 on
740 2062 52 31 the
806 2065 135 38 grounds
955 2065 32 29 of
1001 2075 153 30 economy,
1176 2069 32 27 to

687 2107 81 27 erect
788 2105 83 38 large
905 2105 153 40 buildings
1092 2107 32 28 m
1155 2107 53 30 the

687 2145 77 30 form
780 2145 32 30 of
832 2145 143 31 barracks
995 2147 48 29 for
1078 2147 130 40 housing

687 2186 53 29 the
768 2190 163 35 occupants
952 2188 33 28 of
1018 2188 52 28 the
1105 2190 103 28 settle-

687 2230 107 26 ments.
816 2226 37 36 If,
868 2227 148 36 however,
1026 2229 51 29 the
1088 2228 118 31 Fchemc

687 2268 114 39 proved
855 2269 174 36 successful,
1074 2272 134 37 cottages

687 2308 100 39 might
799 2309 38 29 be
858 2308 80 30 built
957 2309 43 40 by
1018 2310 88 30 those
1140 2311 68 29 who

687 2349 116 30 desired
816 2352 137 37 separate
965 2350 157 40 dwellings
1144 2352 61 29 aL.d

685 2390 52 28 the
751 2392 125 27 comfort
890 2391 32 27 of
938 2401 19 18 a
970 2391 87 29 home
1078 2392 62 35 life,
1155 2393 53 29 the

686 2429 142 31 barracks
842 2431 92 39 being
945 2432 136 30 retained
1102 2442 32 20 as
1155 2432 52 31 the

687 2474 175 37 temporary
886 2472 168 31 residences
1075 2474 33 28 of
1128 2484 78 19 new-

688 2522 121 20 comers.
853 2512 45 30 As
932 2513 53 30 the
1020 2514 187 31 settlements

687 2553 168 39 developed,
881 2554 102 38 public
997 2553 87 37 halls,
1099 2554 107 31 librar-

686 2594 52 35 ies,
751 2595 60 28 and
833 2594 86 29 other
932 2594 187 30 institutions
1139 2596 69 29 that

687 2645 77 19 were
784 2644 157 30 necessary
961 2635 50 28 for
1031 2635 52 30 the
1104 2637 100 35 social,

686 2674 121 36 mental,
837 2675 57 30 and
917 2676 94 29 moral
1032 2676 174 41 well-being

686 2716 32 29 of
734 2716 49 29 the
804 2720 161 35 occupants
986 2717 100 29 would
1101 2718 106 39 spring

686 2767 41 29 up
742 2767 33 20 as
790 2767 18 19 a
824 2760 111 26 matter
949 2757 34 29 of
993 2768 112 20 course.
1143 2757 63 32 The

688 2797 167 30 conditions
871 2799 31 28 of
915 2798 53 30 life
979 2799 100 28 would
1098 2799 108 30 indeed

688 2837 36 31 be
766 2838 74 31 such
874 2839 68 29 that
973 2839 146 40 although
1153 2840 53 30 the

684 2879 120 30 settlers
827 2880 96 30 would
946 2883 54 27 not
1021 2879 35 31 be
1077 2881 67 30 able
1174 2885 32 26 to

680 2919 126 41 Acquire
817 2924 86 35 great
911 2921 118 35 wealth,
1039 2931 34 20 or
1084 2922 122 39 indulge

684 2960 32 31 m
732 2961 74 30 such
820 2961 134 30 luxuries
969 2971 32 20 as
1013 2971 77 20 were
1104 2962 101 41 enjoy-

684 3001 39 30 ed
736 3002 42 39 by
791 3012 91 29 many
901 3002 94 40 living
1016 3003 33 29 m
1068 3003 53 30 the
1142 3006 64 27 out-

687 3043 63 29 side
779 3043 103 34 world,
917 3046 51 37 yet
1002 3043 73 40 they
1106 3044 100 30 would

686 3083 147 40 probably
861 3084 76 30 have
971 3084 40 30 all
1046 3084 66 30 th.Lt
1145 3096 61 20 was

686 3125 167 38 absolutely
879 3135 159 30 necessary
1058 3126 49 28 for
1126 3126 80 41 jfheir

686 3164 129 31 comfort
828 3166 61 28 and
901 3166 134 35 welfare;
1052 3167 58 29 and
1125 3167 81 31 what

687 3206 25 30 is
734 3206 127 40 perhaps
886 3207 33 29 of
939 3216 32 20 as
992 3210 94 37 great,
1108 3208 26 30 if
1153 3213 54 26 not

675 3263 4 14 k
687 3250 126 37 greater,
828 3248 194 39 importance,
1034 3248 78 31 their
1125 3260 81 21 man-

675 3280 92 48 hood
787 3289 61 29 arid
865 3289 198 35 ty'ou^anhood
1103 3291 99 29 would

687 3330 37 29 be
738 3329 170 38 preserved,
914 3330 38 38 by
952 3338 5 6 1
966 3330 52 28 the
1037 3331 168 29 conscious-

684 3380 70 20 ness
774 3369 68 30 that
863 3369 73 39 they
969 3380 79 19 were
1082 3372 125 38 earning

685 3410 80 31 their
783 3421 68 20 own
884 3410 168 39 livelihood,
1088 3411 120 31 instead

686 3453 33 30 of
738 3452 96 47 lining
868 3462 39 20 on
941 3452 52 29 the
1028 3452 115 41 bounty
1176 3454 32 30 of

686 3493 94 34 others
780 3493 80 34 V.and
874 3493 72 30 thus
966 3493 175 40 permitting
1155 3493 53 31 the

686 3535 113 37 stigma
799 3527 45 47 \i
861 3544 129 29 .paupers
1006 3537 31 26 fco
1051 3535 103 30 attach
1174 3539 32 25 to

687 3575 80 31 their
785 3575 110 30 name's.
897 3591 41 3 —
940 3572 185 41 (Applause.)
1169 3577 39 32 In.

687 3616 183 36 conclusion,
886 3615 15 30 I
916 3615 109 31 should
1035 3615 60 31 like
1106 3620 32 26 to
1153 3616 55 30 ask

687 3657 25 29 if
731 3657 86 30 there
841 3657 26 31 is
888 3656 149 41 anything
1056 3657 150 39 impracti-

688 3695 83 32 cable
798 3698 32 29 m
863 3697 52 30 the
934 3697 140 32 scheme?
1114 3699 92 29 Diffi-

687 3738 107 30 culties
808 3739 33 28 m
853 3739 52 28 the
911 3749 10 16 <■•
925 3747 68 29 way
1013 3739 33 30 of
1066 3739 140 41 carrying

687 3779 26 29 it
726 3782 52 26 out
790 3777 17 30 I
828 3779 95 29 admit
943 3778 85 30 there
1049 3789 70 29 may
1153 3780 37 29 be
1198 3780 8 27 \

687 3819 58 33 but
763 3822 112 31 cannot
891 3820 51 35 tlie
962 3829 80 28 s#me
1063 3820 88 40 thing
1171 3819 35 31 be

1293 170 9 18 f
1309 160 50 30 aid
1373 155 33 35 of
1422 169 90 31 every
1531 164 89 36 great
1654 161 160 32 undertak-

1292 201 72 40 ing?
1404 202 31 29 It
1452 202 35 36 is,
1502 202 147 36 however,
1672 206 52 26 not
1746 214 66 29 pro-

1292 242 93 38 posed
1399 246 31 26 to
1444 242 76 30 rush
1533 242 101 40 madly
1643 244 64 30 into
1716 254 97 21 some-

1293 283 89 40 thing
1408 284 68 29 that
1496 284 98 39 might
1615 285 131 40 possibly
1768 286 49 29 in-,

1293 324 88 30 volve
1395 324 51 30 the
1460 327 129 37 country
1599 326 32 28 m
1646 329 85 35 greri,t
1742 327 69 35 loss,

1294 364 55 28 but
1378 367 32 26 to
1445 366 126 38 proceed
1613 367 105 37 slowly
1753 368 60 28 and

1294 404 177 40 cautiously,
1493 405 124 39 making
1637 416 52 20 use
1710 405 34 31 of
1762 406 52 31 the

1295 446 174 38 experience
1508 446 110 38 gained
1658 447 32 28 m
1726 447 87 29 other

1293 487 83 36 parts
1390 486 34 31 of
1435 485 49 30 the
1498 486 94 29 world
1612 489 32 26 to
1665 487 92 38 guide
1776 497 37 19 us

1293 525 33 29 m
1348 535 54 20 our
1423 526 175 39 operations.
1642 527 49 29 No
1725 530 89 37 great

1293 566 113 29 reform
1421 576 55 19 can
1489 567 37 30 be
1541 567 220 39 accomplished
1780 569 32 28 m

1294 616 19 19 a
1329 606 75 38 day;
1421 607 54 28 but
1495 607 25 28 if
1540 607 25 28 it
1586 617 94 20 seems
1701 611 32 26 to
1754 618 62 30 you

1294 646 60 29 and
1373 647 53 29 the
1446 647 105 40 people
1572 648 32 29 of
1623 647 62 30 this
1707 649 108 38 colony

1293 686 69 30 that
1375 687 54 30 the
1439 687 119 31 scheme
1570 687 17 30 I
1598 688 144 31 advocate
1759 698 57 21 can

1294 727 38 30 be
1354 729 115 29 carriad
1485 731 54 28 out
1553 729 166 40 gradually,
1742 730 75 29 then

1295 767 16 30 I
1326 768 52 29 ask
1392 780 61 28 you
1469 770 60 29 and
1548 770 83 29 them
1651 774 56 25 not
1726 774 33 26 to
1778 771 38 28 be

1296 807 136 32 deterred
1451 810 42 39 by
1528 811 49 29 the
1597 810 132 39 thought
1749 810 68 30 that

1296 849 169 31 difficulties
1506 850 63 31 will
1602 851 78 30 have
1712 854 33 28 to
1779 852 37 29 be

1295 891 202 28 encountered
1529 891 79 28 from
1649 891 93 39 doing
1776 891 41 28 all

1296 929 68 30 that
1385 930 24 30 it
1440 929 26 32 is
1487 931 128 39 possible
1635 932 49 29 for
1703 942 61 30 you
1785 934 31 27 to

1297 970 38 29 do
1356 974 31 27 to
1408 974 53 36 get
1481 972 50 30 the
1558 973 206 31 Government
1785 976 30 26 to

1296 1011 92 40 acjopt
1416 1013 33 28 it,
1450 1030 41 4 —
1493 1012 188 40 (Applause.)
1724 1013 30 29 If
1776 1023 40 20 on

1297 1051 49 30 the
1361 1053 85 28 other
1460 1053 82 28 hand
1556 1064 60 29 you
1637 1054 89 28 think
1745 1054 26 29 it
1790 1054 25 28 is

1298 1096 55 26 not
1366 1095 191 37 practicable,
1571 1095 17 29 I
1599 1095 152 39 earnestly
1766 1094 54 30 ask

1296 1142 61 30 you
1371 1138 32 25 to
1425 1135 146 39 seriously
1593 1136 137 30 consider
1750 1135 68 31 how

1295 1175 26 29 it
1335 1174 24 29 is
1375 1175 128 38 possible
1518 1179 31 27 to
1563 1179 53 37 get
1630 1176 52 30 the
1696 1179 122 37 present

1296 1218 113 36 system
1418 1216 32 29 of
1458 1216 164 31 charitable
1634 1217 49 30 aid
1694 1217 123 30 altered.

1297 1270 3 6 •
1300 1271 35 6 —
1339 1255 186 42 (Applause.)
1569 1257 71 31 This
1670 1258 146 40 question,

1295 1296 17 28 I
1326 1298 76 28 need
1416 1298 110 40 hardly
1542 1309 63 29 say,
1625 1299 27 30 is
1674 1309 55 20 one
1750 1300 68 29 that

1295 1337 168 41 intimately
1496 1349 145 21 concerns
1662 1350 35 19 us
1719 1340 41 29 all
1784 1339 32 30 m

1296 1388 80 21 some
1399 1390 67 30 way
1488 1390 34 20 or
1543 1381 94 30 other.
1679 1380 79 31 Year
1775 1381 43 40 by

1296 1430 73 28 year
1390 1430 57 20 our
1467 1424 82 27 rates
1569 1423 49 28 for
1653 1422 164 30 charitable

1296 1460 50 29 aid
1367 1472 51 19 are
1453 1463 159 38 gradually
1636 1463 181 39 increasing;

1297 1500 60 29 and
1370 1502 31 28 m
1417 1512 81 19 some
1519 1503 136 30 counties
1676 1513 31 20 as
1727 1504 92 29 much

1296 1550 33 19 as
1350 1543 176 29 one-fourth
1546 1543 32 29 of
1599 1543 50 30 the
1686 1554 131 19 revenue

1300 1582 124 40 already
1446 1593 71 30 goes
1531 1583 32 30 m
1577 1583 67 30 that
1665 1584 157 31 direction.

1298 1622 116 31 Should
1424 1629 55 25 not
1488 1625 73 30 such
1573 1636 18 19 a
1602 1626 220 30 consideration

1298 1674 31 19 as
1343 1664 68 37 this,
1430 1665 26 29 if
1466 1676 39 20 n)
1520 1667 95 35 other,
1632 1677 85 19 move
1789 1670 31 26 to

1298 1714 80 22 some
1399 1710 162 27 strenuous
1585 1707 99 29 action
1705 1708 33 29 m
1758 1708 64 30 this

1296 1747 135 30 matter?
1472 1747 64 30 But
1593 1749 102 38 surely
1736 1749 86 29 other

1296 1787 235 30 considerations
1600 1792 81 26 must
1743 1789 75 31 have

1295 1828 113 39 weight
1421 1829 75 29 with
1515 1839 35 19 us
1562 1829 6 30 !
1611 1830 88 30 Have
1713 1840 46 20 we
1780 1841 39 19 no

1295 1869 212 39 imaginations
1541 1873 32 27 to
1614 1870 117 40 picture
1766 1872 53 30 the

1296 1909 111 41 misery
1440 1911 68 29 that
1544 1914 83 27 must
1661 1912 92 30 result
1787 1916 31 26 to

1296 1952 146 38 posterity
1458 1952 80 29 from
1559 1962 54 19 our
1633 1952 119 38 neglect
1787 1957 31 25 to

1295 1990 69 30 deal
1379 1992 74 28 with
1474 1993 74 27 such
1569 2003 18 17 a
1617 1992 137 40 jDroblem
1783 2003 33 20 as

1295 2030 83 31 this?
1420 2031 61 31 Are
1522 2043 46 19 we
1608 2032 208 32 cold-blooded

1292 2076 150 28 creatures
1475 2074 75 30 with
1598 2074 100 40 pulses
1742 2075 68 30 that

1294 2124 92 20 never
1399 2114 91 31 throb
1505 2115 74 30 with
1593 2124 18 20 a
1623 2125 94 20 warm
1743 2116 72 30 feel-

1296 2154 54 40 ing
1372 2156 49 29 for
1434 2156 158 38 humanity
1602 2156 13 29 ?
1656 2157 87 30 Have
1771 2168 45 19 we

1295 2204 40 20 no
1359 2195 88 30 noble
1477 2196 179 39 aspirations
1679 2197 49 30 for
1764 2197 52 31 the

1295 2246 74 30 poor
1384 2237 58 30 and
1470 2237 49 30 the
1534 2238 95 39 needy
1640 2248 32 20 as
1687 2238 69 30 well
1783 2250 33 19 as

1295 2278 48 29 for
1384 2279 151 30 ourselves
1584 2278 31 29 If
1649 2290 44 19 we
1728 2280 76 29 have
1806 2306 7 13 ;

1296 2319 103 39 surely
1412 2330 44 19 we
1470 2319 62 30 will
1547 2322 53 27 not
1622 2319 38 30 sit
1683 2319 64 40 idly
1775 2321 41 38 by

1296 2359 61 30 and
1369 2360 89 30 make
1472 2370 38 19 no
1526 2359 89 31 effort
1629 2363 30 27 to
1674 2361 76 30 alter
1763 2361 51 30 the

1297 2400 91 29 social
1403 2400 166 29 conditions
1585 2400 32 29 of
1639 2401 86 30 those
1747 2401 68 31 who

1296 2450 51 21 are
1375 2444 53 27 not
1452 2450 32 21 so
1509 2441 153 31 fortunate
1689 2452 34 20 as
1750 2453 65 20 our-

1296 2482 96 30 selves
1401 2493 8 24 ;
1422 2483 55 29 but
1486 2483 47 29 for
1544 2483 50 29 the
1607 2483 70 30 sake
1689 2484 31 29 of
1729 2484 86 30 those

1296 2532 66 21 now
1399 2523 104 40 living,
1531 2523 47 30 for
1604 2524 52 30 the
1684 2525 71 29 sake
1783 2526 32 29 of

1295 2563 167 42 humanity,
1491 2575 45 20 we
1564 2565 63 29 will
1664 2566 150 39 earnestly

1296 2605 92 38 apply
1413 2614 54 21 our
1494 2606 98 28 minds
1615 2608 32 26 to
1674 2606 53 29 the
1756 2606 58 30 dis-

1294 2655 117 30 covery
1418 2646 32 29 of
1464 2656 80 20 some
1559 2656 100 20 means
1677 2647 138 30 of'alter-

1293 2685 55 40 ing
1388 2686 86 30 those
1515 2687 176 31 conditions.
1740 2688 75 40 Nay,

1294 2735 91 27 more,
1423 2728 53 30 the
1505 2754 2 4 .
1520 2728 131 39 thought
1665 2730 5 5 *
1691 2729 32 30 of
1764 2730 51 29 the

1294 2768 218 31 wretchedness
1535 2768 67 30 that
1629 2773 80 26 must
1736 2771 79 30 exist

1294 2808 31 29 iv
1340 2809 52 29 the
1415 2809 102 31 future
1528 2810 26 29 if
1567 2820 45 20 we
1639 2810 39 29 do
1700 2815 52 26 not
1777 2812 38 30 do

1295 2849 60 29 this
1370 2849 62 30 will
1445 2851 77 30 steal
1542 2851 52 30 the
1615 2852 89 39 night
1734 2853 81 40 sleep

1295 2889 78 31 from
1408 2901 54 20 our
1503 2902 70 29 eyes
1608 2892 116 41 though
1761 2905 54 20 our

1296 2930 91 30 heads
1408 2932 37 28 be
1473 2933 140 37 pillowed
1634 2944 38 18 on
1708 2935 108 31 softest

1296 2970 87 31 down
1392 2982 7 26 ;
1412 2972 102 29 whilst
1528 2974 50 29 the
1589 2974 92 30 belief
1691 2974 67 31 that
1772 2987 44 19 we

1296 3022 57 19 can
1367 3012 37 29 do
1420 3014 170 39 something
1604 3020 30 25 to
1646 3015 77 31 alter
1731 3017 85 30 those

1295 3053 167 30 conditions
1472 3054 63 30 will
1545 3066 91 20 nerve
1647 3066 55 21 our
1713 3057 101 31 hearts

1297 3099 31 24 to
1350 3098 86 35 great
1461 3096 104 30 efforts
1594 3107 38 20 <n
1659 3099 102 29 behalf
1785 3100 31 28 of

1295 3135 52 32 the
1384 3144 79 31 poor.
1509 3135 38 38 If,
1589 3137 146 38 however,
1777 3150 39 20 no

1297 3176 74 30 such
1408 3178 234 32 considerations
1670 3190 32 20 as
1735 3180 83 31 these

1295 3217 118 30 trouble
1440 3229 76 20 us—
1515 3219 27 33 if
1568 3231 45 19 we
1630 3246 11 8 shirk.
1641 3221 85 30 shirk
1761 3233 55 19 our

1296 3260 244 37 responsibilities
1560 3262 60 29 and
1632 3287 2 2 .
1647 3262 42 34 Jefc
1712 3263 104 39 things

1296 3299 75 31 drift
1392 3310 39 19 on
1455 3302 78 28 until
1554 3302 52 30 the
1624 3299 118 36 -evils.'
1749 3304 69 33 that

1296 3340 96 29 result
1404 3341 79 31 from
1505 3351 55 23 our
1587 3342 229 40 neglect£grow

1297 3389 32 19 so
1341 3384 87 34 great
1439 3381 67 30 that
1516 3392 45 20 we
1573 3386 109 28 cannot
1693 3372 123 54 rJEnedy

1296 3419 91 38 them,
1402 3432 70 20 ours
1490 3423 63 32 will
1579 3424 34 31 be
1634 3425 52 30 the
1700 3414 123 50 -Same,

1297 3462 60 28 and
1371 3472 69 20 ours
1460 3464 52 30 the
1526 3465 146 40 disgrace.
1674 3483 40 5 —
1719 3468 98 40 (Loud

1298 3502 164 40 applause.)

1400 3574 181 34 ENGLISH
1603 3579 110 30 MAIL.

1337 3662 47 30 An
1398 3665 149 41 excellent
1560 3668 177 42 impression
1764 3671 54 31 has

1298 3703 74 31 been
1383 3707 120 28 created
1517 3709 41 38 by
1574 3709 50 30 the
1635 3711 61 33 lajfce
1704 3712 114 39 buflgjet

1299 3744 107 38 speech
1430 3745 150 34 delivered
1605 3751 40 40 by
1670 3751 49 30 Mr
1746 3752 72 30 Bal-

1298 3783 89 38 lance.
1423 3786 31 29 m
1492 3789 51 30 the
1580 3791 74 31 New
1689 3793 129 30 Zealand

1298 3824 104 33 House
1415 3828 33 31 of
1765 3835 53 32 the

1905 177 58 28 full
1976 180 66 28 text
2056 179 32 30 of
2102 181 97 30 which
2211 183 52 31 has
2274 197 68 20 now
2350 188 71 32 been

1905 217 136 32 received
2082 221 31 29 m
2158 223 133 33 London.
2320 228 43 31 'It
2378 232 7 18 r
2401 232 20 29 is

1907 266 82 22 more
2015 261 118 31 evident
2161 264 75 30 than
2260 277 69 21 ever
2355 270 66 31 that

1905 298 51 30 the
1985 299 218 36 Maorjlanders
2222 306 77 32 have
2321 310 100 37 firmly

1902 340 87 29 made
2009 350 40 29 up
2073 343 79 29 their
2163 346 97 30 minds
2276 353 30 24 to
2321 351 100 32 follow

1901 381 53 26 out
1966 379 52 31 the
2027 383 127 31 sensible
2169 387 99 40 policy
2284 389 136 34 initiated

1901 418 41 40 by
1956 419 50 32 the
2021 421 59 32 late
2096 423 48 31 Sir
2154 426 103 40 Harry
2267 430 154 33 Atkinson

1901 475 40 5 —
1941 461 158 32 wholesale
2136 468 225 33 retrenchment
2387 477 32 26 to

1901 499 90 40 begin
2032 504 83 36 with,
2144 508 60 29 and
2242 509 73 30 then
2352 513 68 31 self-

1901 540 145 41 reliance^
2079 539 88 41 f^f
2173 548 143 38 Zealand,
2341 564 32 19 as
2399 566 19 19 a

1901 585 132 36 country,
2049 585 25 29 is
2096 590 179 36 unequalled
2302 593 49 30 for
2377 595 40 30 its

1901 620 58 30 fine
2008 623 119 33 climate
2173 630 60 29 and
2296 636 122 29 natural

1901 670 161 30 resources,
2077 668 59 31 and
2150 668 53 31 the
2211 673 91 40 -only
2306 675 114 30 nMn>

1901 703 114 31 needed
2029 708 32 26 to
2065 736 4 10 r
2070 717 108 22 ensure
2186 711 51 30 the
2246 718 172 35 prosperity

1901 741 31 30 of
1941 743 50 31 the
2002 744 114 44 Colony
2123 750 26 30 is
2158 760 18 20 a
2183 752 79 31 little
2270 741 148 47 business-

1901 784 58 29 like
1971 794 218 32 management.
2204 816 16 4 ..
2232 793 185 35 This4t-w*ll

1901 823 75 31 have
1989 826 25 30 if
2024 826 50 32 Mr
2100 830 143 35 Ballance
2262 837 60 30 and
2348 850 70 20 men

1901 867 59 26 like
1973 867 63 29 him
2050 879 51 20 are
2115 871 72 40 kept
2200 875 31 28 m
2246 884 110 27 power.

1928 943 189 37 TROUBLE
2133 950 44 33 IN
2193 953 195 36 TONQUIN.

1941 1037 65 31 The
2016 1039 112 44 Bishop
2143 1046 32 29 of
2190 1046 160 41 Capetown
2364 1052 52 33 has

1899 1080 158 31 forbidden
2065 1083 47 31 his
2122 1085 103 42 clergy
2233 1093 30 26 to
2274 1091 142 34 celebrate

1899 1128 164 33 marriages
2104 1126 74 30 with
2220 1140 18 19 a
2279 1132 137 34 deceased

1901 1161 95 30 wife's
2008 1167 95 35 sister,
2114 1167 113 41 despite
2236 1171 51 31 the
2297 1183 119 31 passage

1900 1202 32 28 of
1958 1202 52 31 the
2037 1210 105 27 recent
2171 1209 54 36 4qt
2261 1212 155 39 legalising

1900 1242 92 31 them.
2323 1242 93 21 -i-.mjo

1965 1319 140 30 BAPTIST
2129 1319 264 30 TABERNACLE.

1934 1406 52 27 The
1997 1409 105 28 farewell
2118 1421 97 21 sermon
2240 1418 27 24 of
2292 1419 41 26 the
2361 1421 57 27 Eev.

1903 1449 104 28 Thomas
2023 1453 126 33 Spurgeon
2164 1457 28 26 m
2208 1460 42 27 the
2276 1462 142 29 Tabernacle

1903 1501 48 17 was
1961 1496 105 26 listened
2077 1501 26 22 to
2119 1500 32 31 by
2168 1508 15 18 a
2199 1502 110 27 crowded
2324 1513 94 26 congre-

1903 1536 89 32 gation,
2004 1540 117 26 nunabers
2132 1543 27 24 of
2171 1544 80 25 which
2263 1547 63 25 cried
2345 1552 15 12 •«
2368 1550 50 26 God

1903 1579 63 26 bless
1976 1589 48 24 you
2036 1591 6 23 ;
2054 1591 48 24 you
2114 1585 48 26 will
2172 1590 84 24 return

2084 1677 153 29 MURDER.

1933 1759 96 31 Maicp.i
2057 1767 120 29 supposed
2209 1769 25 23 to
2267 1769 63 26 have
2360 1771 62 26 been

1901 1801 115 35 formerly
2024 1813 15 17 a
2047 1805 107 28 Eussian
2161 1810 83 30 priest,
2255 1820 47 17 was
2312 1814 108 26 inur<3er-

1902 1845 29 25 ed
1946 1854 59 18 near
2027 1848 109 35 M'Leay.
2169 1852 34 26 At
2218 1848 62 32 first'
2288 1856 42 26 the
2347 1859 75 25 crime

1901 1895 49 18 was
1959 1889 133 28 attributed
2103 1895 25 24 to
2140 1894 122 33 Kanakas,
2275 1898 44 27 but
2331 1901 90 32 suspic-

1899 1931 42 24 ion
1952 1940 55 19 now
2018 1936 109 26 attaches
2136 1939 25 23 to
2173 1947 14 16 a
2203 1940 88 26 female
2307 1951 114 25 compan-

1898 1973 42 25 ion
1951 1976 59 24 with
2024 1978 80 24 whom
2116 1980 31 24 he
2159 1990 49 15 was
2219 1985 136 33 travelling.

1950 2065 158 25 GHASTLY.
2127 2065 171 25 DISCOVERY
2317 2065 57 25 IN.

2076 2108 150 29 iLONDON.

1928 2191 22 24 A
1960 2193 97 33 ghastly
2069 2195 121 35 discovery
2206 2199 47 26 has
2268 2200 60 32 bee,n
2345 2201 69 29 made

1896 2233 26 25 m
1940 2235 176 35 Whitechapel,
2144 2242 80 26 where
2248 2244 47 26 five
2322 2246 92 27 human

1896 2277 120 26 skeletons
2032 2280 63 26 have
2128 2284 61 25 been
2216 2286 75 26 found
2319 2289 27 24 m
2375 2291 39 25 the

1896 2321 72 25 callar
1978 2322 28 24 of
2014 2331 15 17 a
2040 2324 84 27 house.
2215 2345 12 14 _,
2255 2340 3 6 ■

1992 2418 190 26 TITTENSOR
2199 2421 116 25 CHASE.

1928 2500 51 25 The
1992 2502 70 26 Duke
2073 2505 27 24 of
2107 2506 151 27 Sutherland
2266 2510 16 24 b
2285 2519 29 19 as.
2319 2512 96 26 refused

1895 2543 133 27 admission
2041 2548 24 24 to
2078 2547 123 29 Tittensor
2218 2552 79 26 Chase
2314 2538 101 50 ;to!j.the

1894 2586 119 34 Dowager
2044 2588 112 30 Diicheag
2189 2594 27 24 of
2255 2595 158 29 Sutherland.

1895 2628 52 26 The
1958 2631 73 25 latter
2043 2633 88 32 alleges
2142 2635 20 25 it
2178 2644 48 17 was
2238 2637 41 26 the
2290 2639 48 26 last
2353 2641 61 26 wish

1895 2672 26 25 of
1935 2673 44 25 her
1995 2674 113 27 husband
2124 2678 55 26 that
2196 2680 43 26 she
2267 2682 88 26 should
2385 2686 30 24 be

1895 2716 129 27 domiciled
2041 2720 76 30 there,
2136 2723 48 24 and
2211 2724 20 24 it
2245 2718 39 37 ,is
2302 2729 113 30 expeqted

1894 2759 63 33 legal
1973 2763 156 33 proceedings
2207 2766 27 26 be
2246 2768 73 26 taken
2329 2760 27 35 m
2370 2763 45 34 'the

1894 2806 95 21 matter.
2037 2816 3 3 •
2213 2823 2 4 :
2248 2802 3 14 :

2065 2855 172 39 SUICIDE.

1935 2942 80 31 John
2029 2943 133 33 Richard
2185 2944 129 45 Baxter^'
2319 2947 3 9 I
2331 2936 84 56 'ag4d

1895 2982 112 42 eighty,
2020 2987 394 47 a^tickmakerin'Kiatiiray

1895 3027 100 35 street,
2015 3028 172 31 committed
2215 3032 111 30 suicide
2353 3034 60 31 this

1895 3067 139 40 morning
2048 3068 42 40 by
2107 3071 122 40 cutting
2241 3073 45 30 his
2314 3075 101 31 throat

1895 3107 74 28 with
1983 3118 18 18 a
2014 3119 95 21 razor.
2155 3112 48 30 Be
2221 3112 149 44 hadjbeen
2382 3115 33 32 m

1894 3147 161 40 depressed
2067 3151 102 41 spirits
2180 3143 49 42 for
2239 3165 81 22 some
2333 3158 80 31 time.

1896 3262 67 26 OUR
2000 3264 109 27 DRINK
2151 3267 104 26 AND
2265 3269 150 33 TOBACCO

2112 3311 88 24 BILL.

1927 3389 39 26 An
1982 3390 144 34 interesting
2142 3393 65 26 table
2234 3394 109 34 showing-
2370 3396 41 28 the

1895 3430 171 34 consumption
2076 3438 43 25 per
2134 3431 63 25 Lead
2214 3433 26 24 of
2264 3419 96 47 Articles

1888 3476 120 21 icom.nion
2020 3478 42 17 use
2073 3479 49 17 was
2133 3474 107 35 recently
2255 3473 50 26 laid
2321 3483 32 16 on
2369 3475 41 26 the

1896 3508 64 26 table
1994 3512 26 23 of
2051 3511 42 34 tl}e
2126 3512 91 25 House.
2251 3514 57 25 The,
2329 3517 84 22 return

1882 3562 2 1 ■
1896 3553 152 19 commences
2059 3548 61 26 with
2131 3550 43 25 the
2184 3560 57 22 year
2253 3554 29 23 18
2276 3548 11 21 <(
2287 3550 35 31 ?8,
2334 3554 47 23 and
2397 3561 15 17 a

1896 3586 152 31 comparison
2058 3595 85 24 proves
2149 3588 3 10 :
2157 3588 55 26 that
2228 3589 26 25 th
2258 3598 12 17 c
2265 3583 3 14 !
2282 3581 129 41 Consump-

1896 3625 52 25 tion
1975 3626 27 25 of
2025 3627 120 32 imported
2176 3630 69 29 wine,
2273 3631 61 30 beer,
2362 3631 49 25 and

1896 3663 82 31 spirits
2005 3672 42 23 per
2075 3666 62 25 head
2153 3668 46 24 has
2214 3668 126 26 decreased
2354 3676 55 18 con-

1896 3702 120 32 Siderably
2033 3704 66 26 since
2127 3708 70 29 1878.
2230 3708 57 24 For'
2294 3696 115 48 instance,

1894 3739 27 25 m
1933 3740 53 25 that
2002 3749 58 26 year
2077 3742 41 25 the
2135 3744 74 26 adult;
2386 3746 26 36 cjf

1895 3777 59 26 New
1971 3779 115 30 Zealand,
2108 3781 125 33 including
2237 3796 6 15 t
2249 3777 97 39 l^aorifi,'
2354 3791 57 21 ..wag

1898 3815 110 27 139.354.
2043 3818 66 33 They
2117 3807 192 52 dmnk^65,9,233
2317 3822 93 30 gallons

1896 3854 27 29 of
1932 3855 89 34 spirits,
2033 3864 28 20 or
2071 3858 26 27 at
2095 3852 7 11 1
2105 3857 42 27 the
2162 3861 52 26 rate
2214 3850 6 9 1
2230 3859 27 28 of
2266 3860 36 27 £2
2320 3861 42 28 Ub
2378 3860 32 28 3d

516 44 169 34 OXFORD
726 44 89 33 AND
856 45 105 33 CT3ST
1004 44 224 34 OBSERVER
1271 44 229 38 SATURDAY,
1543 44 185 32 OCTOBER
1769 49 49 43 15,
1842 49 75 31 1892

688 1311 167 58 WANTED
872 1321 15 15 a
897 1321 83 24 young
994 1313 112 32 Gelding.
1141 1315 66 24 Must

774 1343 29 26 be
825 1345 75 31 quiet.
936 1346 51 25 One
1015 1348 45 23 not
1093 1346 59 25 used
1182 1348 25 24 to

717 1383 108 26 blinkers
836 1385 129 31 preferred.
999 1386 87 33 Apply,
1100 1387 76 25 Office
1185 1386 22 26 of

717 1424 51 25 this
780 1425 87 31 Paper.

816 843 259 46 NOTICE.

716 953 69 25 THE
809 955 103 26 xVnnual
939 956 108 32 Meeting
1083 957 26 24 of
1144 957 62 26 Sub-

684 993 102 26 scribers
797 995 27 24 of
833 995 42 25 the
887 995 115 26 Carleton
1011 996 117 25 Institute
1139 997 67 29 Hall,

683 1030 50 25 will
744 1031 30 25 be
782 1032 57 25 held
849 1033 27 24 m
888 1033 42 25 the
939 1033 60 26 Hall
1022 1042 32 17 on
1078 1035 120 32 Saturday

685 1070 45 24 Oct
741 1072 69 27 15th,
828 1072 37 24 for
877 1072 41 24 the
930 1073 104 24 election
1051 1074 28 24 of
1098 1082 14 16 a
1135 1075 70 25 Com-

685 1111 84 25 mittee
788 1112 37 24 for
846 1112 43 24 the
911 1112 105 33 ensuing
1037 1122 64 23 year.
1137 1114 70 25 Com-

683 1155 86 19 mence
781 1150 25 24 at
818 1151 15 23 8
855 1158 61 23 p.m.

896 1190 24 24 J.
951 1190 110 30 CROSS,

1037 1230 64 24 Hon.
1119 1229 55 25 Seo.

677 181 2 2 ■
744 159 49 40 ST.
809 160 162 39 ANDREWS'
997 160 148 38 FESTIVAL

684 263 103 80 THE
809 265 146 30 members
970 265 32 29 of
1016 265 51 30 the
1083 264 121 38 Vestry,

747 305 53 29 the
814 305 108 30 Ladies
936 306 32 29 of
981 305 52 31 the
1044 305 91 31 Guild
1146 304 60 30 and

685 345 89 30 ANY
795 345 162 32 OTHERS
972 341 173 40 interested,
1157 355 50 20 are

688 386 161 37 requested
863 390 30 28 to
908 389 80 27 meet
1002 389 32 26 at
1047 386 53 29 the
1126 385 80 29 Par-

685 435 112 29 sonage
821 435 38 20 on
885 419 180 37 MONDA.Y
1078 426 128 39 evening

685 465 131 30 October
831 466 82 35 17th,
936 471 31 23 at
983 467 67 28 7.30
1070 476 60 29 p.rn
1158 466 47 29 for

684 505 53 30 the
745 515 130 30 purpose
887 506 32 30 of
929 506 124 39 making
1062 516 144 29 arrange-

684 548 96 28 ments
793 546 49 30 for
857 546 144 40 carrying
1018 550 62 33 out,
1094 546 52 31 the
1162 546 43 31 St.

684 585 156 31 Andrew's
865 587 68 39 Day
953 587 143 31 Festival.

830 647 39 30 H.
894 647 190 37 HAWKER,

1198 724 9 12 ,

223 3485 225 48 DEINK

94 3551 202 40 HYSLOP'S
312 3549 119 39 PURE
453 3549 122 40 TEAS.

75 3604 64 31 The
153 3604 91 29 finest
258 3602 52 30 the
323 3600 103 32 World
444 3600 153 41 produces.

77 3666 75 33 Sold
162 3667 44 38 by
233 3664 51 31 Mr
298 3664 33 30 F.
348 3664 37 30 A.
414 3663 185 36 Waterman,

117 3708 78 29 East
207 3705 126 33 Oxford.
480 3735 5 4 .

77 3735 108 53 Mr^«
200 3746 115 35 Fisher,
333 3745 86 30 West
432 3746 127 29 Oxford.

76 3781 103 47 MifE
194 3788 50 31 W.
247 3789 2 29 ;
273 3786 124 40 Gbopcr,
428 3786 84 37 Cust,
541 3785 61 31 and

119 3841 92 31 mauy
228 3829 110 33 others>

207 2568 257 47 NOTICE.

78 2691 161 80 POISON
259 2693 26 30 is
299 2692 61 29 laid
375 2703 38 19 on
428 2702 52 29 my
503 2691 90 37 Land,

153 2744 39 19 on
207 2733 59 30 and
281 2733 78 30 after
368 2733 60 33 tljis
443 2734 79 34 date,
538 2735 55 28 and

78 2774 39 30 all
131 2773 73 41 dogs
218 2774 94 30 fouud
329 2785 37 18 on
396 2773 71 31 ii.S.
498 2775 95 29 15458

78 2815 60 30 will
150 2816 38 29 be
216 2816 78 30 shot.

226 2864 29 30 J.
277 2862 169 38 DOIDGE,

336 2908 78 31 East
429 2909 125 31 Oxford.

179 2237 317 61 FOEr-SALE.

108 2315 66 26 First
185 2315 62 25 class
258 2315 65 31 Hay,
335 2315 32 26 m.
383 2314 68 31 large
473 2322 27 16 or
523 2314 71 24 small

78 2345 140 39 quaritifteSi
228 2356 26 22 at
265 2361 15 16 a
287 2360 56 23 very
353 2349 47 28 low
411 2352 73 31 price.
517 2351 77 32 Apply

231 2396 24 25 J.
272 2395 166 28 PAELANE,

381 2432 62 25 East
462 2431 98 27 Oxford.

157 3036 136 46 FOR
334 3036 176 46 SALE.

79 3152 39 78 A
159 3150 97 32 Horse
258 3169 8 19 j
302 3152 79 40 Trap
416 3151 61 29 and
520 3150 78 30 Har-

131 3218 2 4 .
158 3203 76 26 ness,
270 3202 73 31 very
371 3192 103 40 cheap.
517 3191 81 31 Must

73 3233 119 32 be>Olcl
206 3238 31 26 at
251 3244 81 21 once.
353 3229 15 21 A
388 3251 7 7 •-
398 3232 46 42 =■;':,
446 3253 28 19 ,^
479 3259 15 15 i;

214 3292 28 30 3.
266 3288 190 40 PATALKI;
464 3279 29 49 -\
510 3274 51 54 "'f
587 3300 10 14 >

327 3340 86 30 West
429 3332 127 38 Oxford.

32 1320 177 60 Hfr
230 1337 55 44 B.
317 1334 189 46 LANE.

279 1412 36 30 E.
331 1410 158 40 Butcher.)

341 1460 180 34 Jeweller,
540 1457 43 30 &c

218 1508 27 24 of
280 1506 103 25 Musical
421 1505 172 28 Instruments,

198 1547 37 27 St,
253 1545 130 31 Bangiora.

33 1594 170 43 Hfpeciality
212 1614 38 16 :—
251 1605 27 24 in
285 1604 104 31 superior
400 1603 105 32 English
522 1602 77 26 Lever

33 1634 30 34 W
73 1643 114 25 Watches
198 1643 27 25 m
236 1645 69 23 extra
316 1645 83 29 strong
409 1650 66 17 cases
486 1641 71 26 made
568 1643 26 23 to

33 1684 17 22 ¥
73 1689 42 24 isy
126 1681 69 25 order
206 1683 25 23 to
242 1682 49 23 suit
309 1680 54 35 th(%
373 1680 175 32 requirements
570 1679 27 25 of

33 1721 7 22 f
73 1719 51 28 this
140 1719 100 25 district.

106 1767 30 23 F.
148 1766 29 25 B.
189 1766 69 25 Lane
270 1766 66 24 visits
360 1765 89 26 Oxford
472 1764 120 32 monthly,

75 1806 94 31 staying
175 1807 26 23 At
213 1806 131 24 Mitchell's
359 1805 122 30 Boarding
500 1804 94 26 House.

75 1846 41 24 All
127 1846 88 31 repairs
227 1853 38 17 are
277 1844 61 26 done
348 1844 74 25 under
432 1852 43 24 my
482 1842 111 34 personal

75 1886 155 30 supervision,
240 1891 4 9 :
254 1885 45 23 and
323 1884 13 24 I
358 1889 131 27 guarantee
522 1882 70 26 satis-

75 1925 96 24 faction.
208 1924 43 25 All
260 1923 99 33 jobbing
366 1924 44 24 left
426 1928 25 20 at
473 1922 122 26 Weeber's

76 1962 81 32 Fancy
169 1962 148 32 Repository,
341 1962 61 25 East
424 1961 98 29 Oxford,
544 1960 50 25 will

75 1999 142 35 receiYejfcy
228 2001 53 26 best
291 2001 122 25 attention
429 2000 50 25 and
496 2007 96 18 reason-

75 2041 54 24 able
139 2041 71 24 rates.

108 2085 113 28 Caution.
256 2087 38 25 No
305 2086 142 26 connection
466 2085 59 27 with
547 2093 48 25 any

75 2127 70 26 other
156 2128 59 31 shop
227 2128 26 24 of
270 2126 92 26 similar
373 2126 107 26 address.

36 593 560 701 illtoGlOflU

245 842 79 30 done
333 850 39 20 on
381 839 53 31 the
445 838 150 31 Premises

191 889 61 29 and.
274 886 196 39 guaranteed.

138 957 3 6 ■
154 949 53 25 Gus
219 949 75 25 Jones
303 948 48 25 will
358 947 58 26 visit
425 946 90 26 Oxford
524 953 69 23 every

161 987 55 26 Sale
238 988 54 30 day,
316 985 168 31 commencing
506 983 86 25 Thurs-

138 1028 57 24 Feb.
207 1028 51 28 4th,
271 1027 49 24 and
336 1026 50 25 will
397 1025 71 31 bring
489 1032 15 17 a
525 1023 68 25 stock

138 1065 124 29 Watches,
275 1062 94 31 Clocks,
381 1063 47 24 and
440 1061 117 31 Jewellry.

138 1128 52 24 ders
209 1127 43 26 left
273 1128 25 24 at
310 1127 40 24 the
513 1124 79 24 Men's

138 1163 33 29 mL
184 1167 96 28 Oxford,
293 1166 49 25 will
365 1166 87 25 receive
463 1166 97 30 prompt

138 1194 32 34 W
264 1204 118 26 attention
