2490 3930
61 189 143 32 ..^Cricket.
207 206 32 5 —
239 192 52 26 The
324 192 78 26 North
431 192 163 33 Canterbury:

57 232 154 29 ■Association
222 245 46 24 cup
296 236 112 25 matches
433 245 62 16 were
517 245 64 16 com-

58 278 106 25 tnenced
181 286 31 19 on
222 279 130 31 Saturday.
385 279 53 25 The
455 279 126 30 Amberley

60 320 50 25 and
121 321 91 26 Oxford
230 323 78 24 Clubs
319 323 87 31 played
417 324 25 24 at
462 322 122 32 Rangiora

61 371 33 17 on
105 365 42 25 the
164 366 113 25 Domain.
312 366 90 25 Oxford
421 366 26 24 m
461 370 4 7 '
474 366 33 24 its
529 365 54 25 first

64 406 101 35 innings
176 410 72 24 made
259 403 31 31 i
288 403 33 31 8
301 417 66 21 runs,
381 410 48 24 and
456 408 129 31 Amberley

64 452 40 25 26.
139 452 31 25 In
192 452 42 25 the
263 452 88 25 second
372 452 100 31 innings
494 451 91 25 Oxford

57 519 1 3 .
64 497 44 29 put
117 494 111 33 together
245 497 40 27 28,
308 495 63 26 and,
379 495 136 31 Amberley-
530 501 55 17 won
599 506 3 5 •

65 537 48 26 the:
118 539 82 24 match
213 539 31 32 by
256 540 42 23 ten
308 537 98 28 wickets
423 537 101 31 making
543 536 42 25 the
600 540 4 18 :

67 582 29 24 16
114 582 111 32 required
236 584 27 23 to
273 581 49 26 win
343 581 104 25 without
468 580 89 31 losing^
573 587 13 16 a

66 625 94 26 Wicket.
195 626 99 28 Adams,
314 624 38 25 for
371 623 137 32 Amberley,
536 629 50 18 was

66 668 43 25 the
120 668 57 35 only
188 668 83 32 player
282 671 25 22 to
317 667 69 25 make
396 667 87 25 double
490 666 97 31 figures,

68 710 59 25 with
139 718 14 17 a
165 718 66 17 score
242 711 26 24 of
274 711 35 23 14
320 711 44 25 not
376 711 50 23 out.
461 709 52 24 The
524 707 63 26 bow-

67 754 49 24 lers
135 753 37 25 for
193 753 130 31 Amberley
353 760 63 17 were
435 748 83 27 Burns
540 750 50 25 and
604 767 3 10 ,

70 796 104 31 Adams,,
183 796 49 25 and
253 797 37 24 for
318 796 91 24 Oxford
435 794 85 25 Clarke
542 793 49 25 and

68 831 85 40 FeaVy.
171 855 2 4 •
184 832 44 36 ..,-r?
557 862 2 3 .
606 864 3 3 .

102 902 33 26 St
155 903 125 25 Andrew's
297 902 102 25 Cnuficli
415 902 88 25 Guild.
505 915 32 4 —
538 900 52 25 The
607 916 3 4 •

69 947 48 25 last
122 947 6 23 /
131 947 80 26 Social
222 948 27 24 of
258 948 41 24 the
310 946 91 26 rieafcbn
411 946 27 24 m
447 944 143 27 connection
607 960 4 20 ;

57 989 72 39 kwit|i
141 991 49 24 this
203 991 75 24 Guild
289 998 49 17 was
354 989 58 25 held
428 990 25 24 at
470 988 42 25 the
529 986 61 26 Hall

57 1033 82 26 ■Kest
153 1034 89 25 Oxford
259 1041 40 19 on.
308 1032 153 31 Wednesday
478 1031 110 31 evening.
618 1045 2 4 -

184 1085 62 22 .very
263 1076 64 29 .-well
355 1075 114 25 attended
495 1074 93 28 indeed,

240 1118 116 32 .presided
371 1114 38 28 vat
438 1117 42 24 the
507 1116 81 31 piano,

57 1149 96 51 |^B
158 1171 49 16 was
215 1163 86 31 played
308 1161 31 31 by
348 1161 61 24 Miss
418 1160 68 24 Alice
494 1159 96 28 Parish,

273 1204 124 29 Prichard,
416 1203 61 24 Miss
494 1202 96 25 O'Hara

208 1247 123 27 Simmons
348 1247 153 24 contributed
517 1254 74 23 songs

200 1292 73 29 15^)^
285 1290 68 25 acted
365 1298 27 16 as
404 1289 35 25 M.
452 1286 27 28 C.
515 1289 76 24 Great

163 1327 4 31 \
167 1337 2 1 '
178 1344 6 2 -■
204 1343 42 13 ■■■:<>
266 1342 23 13 <o
320 1334 13 23 b'
339 1342 4 7 1
348 1342 11 15 !'
384 1333 86 24 Ladies
498 1332 26 26 of
550 1332 42 24 the

211 1391 30 11 '■*-■
252 1386 70 23 t^ias
336 1382 56 26 oijey
402 1376 63 25 have
476 1375 74 25 taken
567 1377 25 23 to

235 1420 92 27 Socials
345 1419 139 28 successful.
518 1419 25 24 If
557 1426 35 18 we

204 1463 111 28 forward,
333 1462 58 25 they
402 1462 50 24 will
467 1470 34 15 no
517 1461 76 24 doubt

142 1515 14 15 a
167 1507 110 31 pleasant
289 1505 108 25 addition
408 1506 25 24 to
449 1504 42 26 the
500 1504 94 26 -winter

57 1538 129 36 Reason's
195 1549 166 25 amusements
378 1548 26 25 of
414 1548 97 24 Oxford.

105 1603 161 25 Accident.—
269 1603 39 25 On
341 1602 153 31 Wednesday
521 1601 71 25 after-

74 1655 60 16 noon
153 1647 93 24 ahorse
257 1647 27 23 m
295 1654 15 15 a
322 1645 82 31 spring
415 1645 67 31 dray,
495 1643 97 32 belong-

71 1699 42 23 ing
125 1692 25 23 to
158 1690 39 24 Mr
206 1689 111 29 Parlane,
327 1688 171 29 East.Oxford,
511 1687 82 25 bolted

70 1734 63 24 from
145 1733 41 25 the
197 1733 66 27 front
274 1735 24 22 of
314 1732 43 25 the
382 1730 72 26 Bank
480 1730 27 26 of
533 1730 59 25 New

70 1776 116 28 Zealand,
214 1776 111 30 Kaiapoi,
344 1775 49 23 and
409 1774 71 24 made
497 1774 36 24 off
557 1782 33 22 up

71 1819 42 25 the
131 1819 78 26 North
225 1819 67 29 road,
326 1818 104 25 towards
458 1817 133 26 Wobdend.

73 1862 98 26 Several
186 1868 99 26 persons
301 1862 83 31 vainly
400 1861 134 31 attempted
566 1860 26 23 to

73 1911 54 30 stop
143 1908 42 26 the
196 1907 99 31 animal,
308 1906 45 25 but
364 1905 21 25 it
396 1911 47 18 was
454 1901 138 33 eventually

73 1949 99 33 stopped
195 1948 74 25 about
285 1946 55 25 half
354 1954 15 16 a
385 1941 58 28 mile
470 1944 63 23 from
560 1943 33 22 its

74 1991 104 35 starting
193 1991 77 33 point.
304 1989 31 27 In
351 1988 33 26 its
412 1994 112 25 progress
551 1984 42 26 the

73 2038 52 24 cart
136 2044 68 17 came
214 2036 28 25 m
253 2036 97 25 contact
361 2033 59 24 with
432 2040 15 17 a
459 2031 134 31 lamp-post

72 2082 27 24 at
115 2080 42 26 the
181 2087 85 18 corner
282 2078 26 25 of
334 2076 106 26 Cooksor
468 2073 49 26 and
533 2073 60 25 Cass

73 2125 94 28 streets,
179 2123 127 30 smashing
317 2120 42 26 the
370 2121 55 31 post
434 2118 48 26 and
494 2116 100 33 slightly

73 2167 131 31 damaging
219 2167 43 23 the
278 2167 59 23 cart.

74 2227 90 27 Mount
175 2227 119 25 Magdala
305 2225 109 25 Asylum.
418 2239 29 4 —
451 2224 74 26 Some
546 2222 47 25 dis-

73 2267 96 25 cussion
179 2266 56 26 took
247 2266 68 31 place
325 2264 27 25 m
364 2264 41 25 tbt
418 2262 84 27 House
524 2261 70 25 Mon-

73 2306 47 33 day
132 2308 103 30 evening
251 2314 31 17 on
289 2305 43 25 the
343 2306 54 23 vote
409 2303 73 31 being
493 2301 102 26 reached

73 2350 27 26 of
109 2351 70 25 £500
190 2357 28 19 as
228 2357 15 18 a
254 2350 71 30 grant
332 2348 27 24 m
370 2348 40 25 aid
421 2346 26 26 of
454 2345 41 26 the
506 2345 88 25 Mount

73 2390 114 31 MiVgdala
214 2389 110 32 Asylum.
366 2386 39 25 Mr
437 2384 79 26 Buick
527 2383 67 26 -said

73 2428 72 26 while
156 2430 32 24 he
199 2426 167 35 sympathised
386 2426 60 25 with
468 2424 50 26 this
539 2425 55 24 vote

73 2468 32 27 h,e
117 2468 55 25 took
185 2467 124 32 exception
319 2468 26 23 to
356 2473 46 18 one
413 2464 92 26 section
517 2463 26 26 of
552 2463 42 26 the

73 2505 152 38 community
247 2507 72 31 being
343 2505 93 26 treated
458 2504 137 30 differently

72 2548 64 24 from
147 2547 82 25 others
240 2546 55 26 who
312 2554 62 17 were
398 2544 97 32 equally
517 2543 78 31 acliye

73 2587 26 25 m
127 2595 84 17 rescue
230 2585 73 26 work.
337 2584 39 25 He
395 2583 87 25 moved
504 2583 55 24 that
581 2590 14 17 a

74 2626 71 26 share
155 2627 27 25 of
191 2626 41 25 the
249 2625 117 33 proposed
376 2625 71 30 grant
459 2622 88 26 should
566 2621 29 26 be

73 2666 71 32 given
155 2668 26 24 to
197 2666 43 26 the
261 2664 125 28 Salvation
406 2663 74 32 Army
503 2663 93 25 Rescue

74 2705 88 24 Home.
197 2705 52 24 The
261 2703 93 25 motion
365 2710 50 17 wag
426 2702 69 25 ruled
506 2703 44 22 out
571 2701 27 24 of

75 2744 76 24 order.
196 2743 50 24 The
270 2742 111 25 Minister
403 2741 37 24 for
459 2740 138 25 Education

75 2784 116 25 defended
210 2784 42 25 the
274 2784 62 27 vote,
360 2781 44 26 but
426 2781 117 25 admitted
555 2780 42 26 the

75 2825 64 24 force
151 2825 25 24 of
183 2825 40 23 Mr
233 2823 101 24 Buick's
350 2822 54 30 plea
417 2829 32 17 on
471 2821 82 24 bi-half
573 2821 26 24 of

74 2863 43 24 the
131 2862 125 25 Salvation
267 2861 83 31 Army,
364 2859 48 25 and
430 2859 53 25 said
501 2859 21 25 if
541 2859 55 25 that

74 2900 165 32 organisation
251 2899 151 32 approached
424 2898 42 25 the
489 2897 106 26 Govern-

73 2941 70 23 ment
153 2939 88 31 during
249 2945 78 17 recess
336 2937 49 25 and
393 2936 97 26 showed
497 2936 30 32 by
534 2936 61 25 facts

73 2978 50 25 and
145 2978 89 31 figures
246 2977 54 25 that
316 2976 32 24 its
364 2983 84 17 rescue
458 2974 67 26 work
545 2983 51 17 was

73 3019 61 25 such
152 3026 27 18 as
202 3016 102 27 entitled
322 3016 21 24 it
365 3018 25 23 to
412 3016 141 30 assistance,
576 3016 20 24 it

73 3058 79 25 would
185 3058 92 24 receive
310 3056 71 31 equal
416 3056 179 24 consideration

78 3096 53 24 i.,li
150 3104 47 23 any
209 3096 77 24 other.
322 3094 88 25 Mount
430 3093 113 32 Magdala
554 3092 40 26 be-

71 3135 44 31 in^
125 3135 25 24 m
165 3136 86 29 ir.-^nt
263 3133 61 24 need
336 3133 26 24 of
381 3133 82 27 funds,
475 3133 43 23 the
529 3133 64 24 Gov-

72 3175 113 23 ernment
197 3172 105 32 thought
313 3171 20 24 it
345 3178 48 17 was
404 3170 62 32 fully
486 3170 109 32 justified

70 3213 28 25 m
110 3213 131 32 proposing
252 3214 25 23 to
289 3211 53 33 give
354 3211 50 24 this
424 3211 159 31 subscription
588 3218 23 17 .k

73 3251 39 26 He
131 3251 154 36 addejMrhat
317 3248 50 26 this
389 3249 140 25 institution
545 3249 74 26 wasl

71 3291 76 29 really
160 3291 84 29 siving
260 3296 89 23 money
368 3291 26 22 to
405 3289 42 24 the
458 3291 135 29 taxpayers,
609 3280 10 30 \

71 3328 37 25 for
119 3327 42 26 the
172 3327 127 32 Inspector
315 3326 27 25 of
350 3326 100 25 Prisons
461 3326 48 25 had
538 3326 57 26 esti-

70 3366 83 25 mated
164 3366 63 29 that,
247 3373 63 18 were
332 3364 43 26 the
397 3364 95 33 asylum
514 3364 81 26 closed

69 3407 71 28 there
154 3406 90 27 >would
265 3405 30 25 be
331 3404 74 25 about
432 3406 64 31 forty
513 3405 80 25 unfor-

70 3446 99 27 tunates
179 3446 97 26 thrown
300 3453 66 24 upon
385 3444 83 33 public
484 3444 73 26 funds
567 3446 27 24 m

57 3482 55 27 hike
122 3489 2 3 '
134 3485 105 30 prisons.
282 3483 40 23 Mr
343 3482 121 23 Meredith
486 3482 108 25 believed
606 3482 6 7 '

144 3522 43 25 the
205 3519 143 27 institution
369 3526 51 17 was
440 3519 75 31 doing
534 3520 61 30 good

168 3559 50 26 and
239 3559 32 24 he
292 3557 167 33 sympathised
480 3557 59 25 with
562 3558 33 25 its

237 3598 45 23 but
301 3596 42 25 the
363 3595 141 26 distinction
524 3597 70 25 made

230 3639 42 24 out
284 3637 49 25 this
345 3635 131 33 particular
498 3636 96 25 institu-

196 3682 44 21 no.fc
251 3685 94 24 proper.
378 3677 26 23 If
423 3677 42 23 the
482 3677 113 23 Minister

214 3717 127 32 Inspector
361 3715 95 25 Pender
472 3715 32 25 he
515 3715 80 25 would

245 3755 74 26 noble
330 3754 66 26 work
407 3754 56 25 that
484 3762 49 17 was
555 3753 40 26 be-

252 3797 43 24 the
313 3794 126 27 Salvation
466 3794 80 32 Army
568 3794 27 24 m

202 3835 125 28 hundreds
348 3834 28 27 of
396 3834 86 34 people
503 3834 27 26 m
552 3834 43 27 the

672 194 93 31 Colony
787 194 62 26 from
882 204 15 16 a
905 201 3 10 ;
916 195 41 25 life
978 193 26 27 of
1024 196 98 31 misery.
1134 198 14 10 '"
1157 194 39 25 He

673 233 107 31 thought
788 234 54 24 that
852 234 42 24 the
906 234 113 24 Minister
1030 233 89 25 should
1130 233 69 31 place

673 278 13 17 a
699 278 54 16 sum
771 278 32 16 on
821 271 43 24 the
877 271 136 24 Estimates
1025 272 36 23 for
1075 270 124 26 Salvation

673 306 75 32 Army
765 316 83 16 rescue
876 308 93 25 homes,
990 309 37 24 for
1049 309 65 24 Glim
1118 307 30 25 ch
1174 307 27 25 of

673 345 117 32 England
806 354 85 17 rescue
902 347 93 29 homes,
1009 344 52 27 a#&
1067 346 41 24 the
1114 352 85 18 rescue

674 385 77 28 home,
758 385 26 25 m
796 387 145 24 connection
959 386 60 25 with
1039 383 43 27 Mr'
1101 385 98 25 Worth-

674 422 113 33 ingtbnY
793 424 101 32 Temple
903 425 26 25 of
939 425 87 24 Truth.
1060 424 41 25 All
1110 424 89 25 should

673 464 31 24 be
713 463 93 25 treated
814 463 72 25 alike.
920 464 40 25 He
967 464 80 25 would
1058 465 43 24 not
1110 471 89 24 oppose

675 501 42 25 the
728 502 98 30 present
837 502 79 30 grant,
929 502 44 24 but
984 502 79 30 hoped
1075 502 42 24 the
1134 500 64 26 Min-

675 540 59 26 ister
746 540 79 26 would
837 540 56 26 take
904 541 43 25 the
962 542 56 24 hint
1030 541 49 25 and
1100 540 72 25 make
1184 547 15 18 a

652 604 4 4 .
677 580 78 26 iberal
776 582 80 31 grant,
886 583 25 23 to
934 582 32 24 all
976 581 218 27 -..denominations.

677 620 40 25 Mr
729 621 31 24 G.
773 621 141 25 Hutchison
930 621 127 25 reminded
1073 620 40 25 Mr
1124 620 78 25 Mere-

677 660 54 25 dith
740 660 54 25 that
806 660 49 25 this
867 669 49 17 was
924 663 45 23 not
980 669 14 17 a
1006 660 194 25 denomination-

679 699 24 23 al
721 699 121 31 question.
870 714 3 2 •
887 699 61 24 This
970 699 95 31 asylum
1088 698 57 23 took
1164 698 37 23 in-

679 739 78 22 mates
775 737 27 24 of
821 737 37 26 all
872 737 205 29 denominations,
1100 737 49 24 and
1171 737 32 24 he

679 773 108 27 beleiVed
804 775 56 25 that
880 777 96 30 greater
994 775 118 25 numbers
1134 783 69 17 came

643 814 99 32 ...^frpm
760 814 152 32 Wellington
934 815 49 25 and
1005 815 116 25 Dunedin
1142 815 61 25 than

679 850 62 27 from
771 852 183 26 Christchurch.
989 853 40 25 He
1062 852 141 26 mentioned

671 910 3 3 .
680 890 49 33 thej.
739 891 73 23 latter
830 890 50 24 fact
896 892 44 22 not
951 892 25 22 to
994 888 66 26 show
1082 890 54 24 that
1159 897 44 16 one

679 926 95 28 district
784 935 54 18 was.
846 935 66 18 more
924 928 79 26 moral
1022 927 62 26 than
1101 927 102 26 another

643 965 3 10 *
680 966 50 29 but,
736 967 24 24 to
772 973 74 24 prove
868 966 56 25 that
946 967 50 24 this
1019 973 50 18 was
1091 965 77 32 really
1190 973 13 16 a

656 1031 3 4 .
671 1003 114 29 .colonial
799 1005 165 26 ./institution.
999 1005 52 26 The
1081 1007 55 24 vote
1155 1012 48 19 was

643 1043 18 16 v>;
664 1047 3 3 '
753 1039 96 36 passecf.
947 1048 3 4 '
1028 1069 4 4 .
1041 1059 8 6 ■<

844 1135 91 26 VIEW
947 1135 89 25 -HILL.

715 1221 38 26 An
771 1222 197 30 entertainment,
986 1222 27 25 m
1041 1221 40 26 aid
1110 1221 27 25 of
1162 1221 42 24 the

683 1261 84 26 school
778 1261 122 26 childrens
914 1262 66 32 prize
996 1261 69 29 fund,
1082 1268 51 18 was
1149 1259 58 26 held

682 1301 27 25 m
720 1303 43 24 the
774 1302 67 25 View
858 1302 54 25 Hill
940 1301 84 26 school
1049 1309 32 17 on
1108 1299 98 32 Friday,

684 1341 104 25 October
806 1341 61 26 .7th.
902 1341 78 25 There
999 1348 48 18 was
1075 1348 15 17 a
1117 1339 91 33 capital

684 1379 151 29 attendance,
849 1379 74 26 about
937 1387 46 17 one
994 1378 113 25 hundred
1122 1377 86 33 people

683 1417 74 32 being
771 1419 106 29 present.
912 1417 39 24 Mr
967 1417 98 31 Wright
1093 1415 115 32 occupied

683 1457 43 23 the
742 1457 76 27 chair,
836 1464 72 23 songs
926 1464 62 16 were
1006 1464 63 22 sung
1094 1455 34 30 by
1155 1455 52 23 Mrs

685 1495 95 30 Sayers,
814 1495 89 23 Misses
938 1495 134 26 Simmons,
1107 1494 99 28 Baxte**,

683 1534 144 28 Robertson,
839 1534 97 28 Brown,
949 1534 49 24 and
1016 1533 106 25 Messers
1138 1531 68 29 Pole,

682 1572 99 28 Baxter,
816 1571 70 32 King
918 1571 49 24 and
1002 1571 90 25 Smith.
1126 1570 79 25 Duets

682 1618 62 17 were
755 1617 63 24 sung
828 1608 33 32 by
872 1609 61 25 Miss
944 1609 91 24 Baxter
1053 1608 48 25 and
1118 1608 40 25 Mr
1174 1608 30 24 T.

682 1649 99 30 Baxter,
793 1649 49 24 and
859 1649 91 25 Messrs
960 1649 91 24 Baxter
1068 1649 47 24 and
1132 1648 74 31 King,

683 1697 15 16 a
709 1689 47 24 trio
771 1689 31 31 by
818 1688 62 25 Miss
899 1689 133 28 Simmons,
1051 1687 49 25 and
1116 1687 91 25 Messrs

683 1727 91 24 Baxter
790 1726 49 25 and
858 1726 82 26 Smith
957 1734 47 17 was
1021 1734 57 23 very
1094 1725 69 32 good,
1193 1733 15 17 a

683 1764 48 26 trio
748 1764 48 25 and
823 1764 79 25 round
929 1764 31 31 by
988 1764 91 25 Messrs
1107 1763 99 29 Baxter,

683 1807 66 31 King
775 1806 50 25 and
854 1805 91 26 Baxter
977 1815 63 16 were
1067 1814 58 24 very
1151 1805 55 26 well

682 1845 117 25 rendered
830 1844 95 25 indeed.
959 1845 153 24 Recitations
1144 1852 62 17 were

684 1883 71 32 given
766 1882 32 32 by
814 1882 92 26 Messrs
922 1882 91 25 Baxter
1038 1882 49 24 and
1114 1881 91 25 Duder.

685 1921 52 25 The
749 1920 89 26 second
853 1922 55 30 part
935 1920 27 26 of
984 1920 43 25 the
1054 1927 154 25 programme

684 1966 50 18 was
749 1958 75 26 taken
834 1965 34 24 np
879 1958 61 26 with
955 1958 44 25 the
1014 1958 96 25 famous
1138 1958 65 28 trial,

1020 1996 82 25 which
1117 1995 89 33 proved

686 2045 15 18 a
715 2039 68 31 great
800 2045 103 18 success.
938 2037 73 26 Some
1028 2037 26 26 of
1069 2037 42 25 the
1128 2038 78 23 actors

686 2075 97 26 showed
793 2083 33 16 no
844 2075 71 25 small
932 2077 102 23 amount
1061 2076 27 24 of
1114 2075 92 31 ability.

685 2115 63 26 Miss
759 2115 136 26 Robertson
906 2123 27 18 as
950 2115 52 25 Mrs
1019 2115 121 31 Chippins
1156 2122 50 22 wa.s

686 2163 57 23 very
753 2156 70 30 good,
832 2163 27 16 as
869 2163 50 17 was
927 2156 41 23 Mr
976 2155 66 31 King
1051 2163 27 16 as
1089 2155 117 31 Sergeant

685 2195 95 25 Buzfuz
803 2194 48 26 and
879 2194 39 25 Mr
941 2194 40 26 W.
1009 2194 76 25 Harle
1112 2203 28 16 as
1169 2193 39 25 Mr

687 2233 105 26 Winkle.
826 2233 21 24 A
858 2232 73 33 heaty
947 2234 55 24 vote
1018 2233 26 25 of
1056 2233 91 25 thanks
1158 2240 50 17 was

686 2273 116 26 accorded
818 2275 26 23 to
871 2274 43 24 the
929 2273 152 32 performers,
1100 2280 66 18 some
1183 2272 25 25 of

687 2313 80 26 whom
778 2313 49 25 had
835 2321 69 17 come
920 2322 15 16 a
945 2314 59 31 long
1014 2320 53 25 way
1083 2315 25 23 to
1125 2313 81 25 assist.

688 2351 102 32 Singing
802 2350 42 26 the
855 2351 116 25 National
982 2351 108 25 Anthem
1101 2350 105 32 brought

686 2399 15 17 a
717 2394 65 23 most
798 2390 126 31 enjoyable
941 2391 102 30 evening
1059 2392 26 24 to
1101 2398 15 18 a
1133 2391 72 25 close.

816 2534 114 28 LUCKY
941 2535 136 27 ESCAPE.

719 2621 40 25 Mr
769 2619 110 27 William
886 2619 141 33 Thompson
1032 2618 89 34 junior,
1129 2619 77 26 added

686 2659 102 26 another
799 2659 59 25 item
867 2660 26 24 to
903 2659 40 25 his
954 2659 59 32 long
1023 2659 43 25 list
1088 2658 27 25 of
1133 2661 6 12 '
1147 2658 57 25 mir-

686 2700 99 25 aculous
794 2699 104 32 escapes'
909 2707 32 17 on
953 2697 108 34 Monday
1077 2699 127 25 afternoon

687 2738 49 26 and
747 2738 55 32 why
813 2738 20 24 it
844 2738 21 24 is
877 2738 55 25 that
948 2738 32 25 ho
1001 2738 22 25 is
1046 2745 27 18 so
1093 2738 113 31 specially

686 2778 98 26 favored
792 2778 26 24 m
829 2777 50 26 this
890 2779 93 31 respect
1006 2778 31 32 by
1058 2778 148 25 Providence

687 2818 30 28 is,
747 2816 48 25 and
822 2816 45 24 has
886 2816 69 28 been,
978 2824 33 16 an
1033 2816 173 25 unfathonable

687 2856 108 31 mystery
806 2855 25 24 to
840 2853 42 26 the
889 2853 114 32 religious
1014 2854 93 31 portion
1131 2854 26 25 of
1166 2854 40 25 the

687 2892 150 32 community
859 2892 37 25 for
917 2892 43 25 the
979 2892 48 25 last
1056 2894 41 23 ten
1128 2900 77 24 years.

686 2932 70 25 With
767 2938 56 24 very
845 2931 45 26 few
912 2931 146 31 exceptions,
1078 2931 66 31 Billy
1162 2932 44 25 has

686 2971 62 26 been
755 2971 41 25 the
804 2972 123 30 promoter
936 2970 47 25 and
992 2970 66 25 chief
1064 2972 67 23 actor
1138 2971 27 24 m
1174 2972 32 24 all

686 3012 42 26 the
739 3012 88 29 horsey
835 3011 122 25 accidents
969 3010 54 26 that
1034 3011 61 25 Lave
1108 3013 97 23 eventu-

687 3052 55 25 ated
752 3051 28 24 m
799 3051 41 24 the
861 3051 94 24 district
977 3051 88 31 during
1086 3051 42 24 the
1147 3051 59 25 time

686 3089 79 26 stated
759 3090 5 8 1
766 3106 6 13 ,
792 3089 40 31 yet
860 3089 98 31 straDge
980 3089 25 24 to
1022 3096 42 24 say
1086 3089 30 24 he
1138 3096 68 18 came

684 3129 106 31 through
799 3129 41 24 the
849 3127 96 26 various
954 3127 106 33 exciting
1070 3127 94 26 ordeals
1171 3129 33 24 al-

684 3169 65 23 most
760 3167 103 25 without
875 3174 14 17 a
901 3168 102 29 scratch,
1016 3167 38 24 his
1070 3167 73 25 latest
1164 3167 40 25 be-

685 3207 43 32 ing
738 3214 33 18 no
783 3206 125 32 exception
926 3208 24 23 to
973 3206 42 25 the
1037 3207 97 31 general
1145 3207 59 25 rule.

685 3246 39 24 On
736 3244 105 31 Monday
864 3244 126 25 afternoon
1011 3244 31 25 lie
1065 3244 97 25 decided
1179 3246 25 24 to

684 3286 45 29 put
740 3284 39 25 his
795 3286 99 23 veteran
906 3284 101 30 charger
1020 3282 72 30 'Don,
1097 3287 49 25 Van
1165 3281 40 28 old

684 3321 59 25 time
756 3320 51 25 turf
814 3319 122 33 celebrity,
949 3328 32 17 on
993 3319 42 26 the
1046 3327 84 26 grassy
1152 3327 42 18 sur
1195 3336 9 16 :

684 3362 52 25 face
747 3360 27 26 of
795 3360 120 32 Flagstaff
925 3359 61 29 Hill,
1007 3359 48 26 and
1081 3367 48 18 was
1150 3368 54 25 pro-

684 3401 99 31 ceeding
794 3400 93 25 thither
896 3399 117 26 mounted
1023 3407 31 17 on
1066 3399 39 26 his
1116 3400 88 32 charge

684 3442 71 26 when
766 3441 31 25 he
820 3439 76 26 added
908 3440 42 25 the
971 3440 65 25 most
1057 3440 147 26 miraculous

684 3489 84 22 escape
780 3480 26 23 of
814 3480 33 23 all
863 3481 26 22 to
910 3479 40 23 his
969 3480 121 23 unbeaten
1112 3481 90 24 record.

684 3519 80 25 When
775 3518 31 25 he
818 3519 41 30 got
880 3518 26 25 to
925 3517 42 25 the
989 3517 63 26 little
1071 3517 132 33 footbridge

684 3558 110 32 crossing
810 3557 42 26 the
872 3557 59 32 deep
953 3557 85 26 chasm
1057 3558 73 26 about
1152 3559 54 24 half

684 3605 53 24 way
748 3598 26 23 to
796 3596 42 25 the
859 3592 46 28 hill
926 3595 31 25 he
979 3596 105 32 thought
1112 3597 20 24 it
1153 3604 49 18 was

684 3636 84 30 strong
780 3634 95 31 enough
887 3635 26 23 to
927 3632 58 26 bear
1006 3632 43 27 the
1070 3634 89 31 weight
1179 3634 26 25 of

682 3672 102 24 himself
792 3672 49 23 and
862 3671 78 29 horse,
970 3672 48 23 and
1026 3691 2 2 .
1039 3672 115 30 prepared
1176 3674 25 22 to

681 3712 123 30 negotiate
832 3710 21 24 it
886 3710 103 24 without
1025 3709 175 32 dismounting.

682 3748 51 25 The
753 3748 98 30 animal,
874 3747 118 31 however,
1012 3748 49 25 had
1082 3748 58 32 only
1157 3750 41 30 got

679 3788 74 25 about
764 3788 55 25 half
827 3796 52 24 way
889 3796 81 17 across
981 3788 42 25 the
1042 3788 56 25 frail
1121 3790 76 23 struc-

679 3828 61 30 ture,
752 3826 71 27 when
833 3826 34 30 its
874 3826 36 28 Off
915 3827 50 26 fore
973 3827 40 31 leg
1018 3827 64 26 went
1090 3826 105 32 through

1284 205 19 27 a'
1309 210 81 22 rotten
1402 208 82 28 board,
1498 207 49 25 and
1558 206 166 32 immediately
1747 206 61 25 after

1285 246 92 24 started
1394 246 50 25 side
1456 254 33 16 on
1500 246 37 23 for
1550 245 41 24 the
1611 245 104 29 bottom,
1735 252 15 16 a
1763 244 46 25 dis-

1286 286 69 23 tance
1371 285 26 24 of
1415 292 66 17 some
1505 284 31 23 20
1559 283 54 29 feet,
1637 283 85 29 taking
1744 283 65 31 Billy

1286 325 71 31 along
1369 325 58 24 with
1439 323 52 26 him
1510 332 27 16 as
1549 332 14 16 a
1575 326 89 22 matter
1683 323 27 24 of
1726 331 83 16 course

1284 363 97 31 During
1393 363 41 24 the
1446 363 87 24 decent
1554 361 66 32 Billy
1641 361 121 31 manxged
1781 363 25 23 to

1285 403 41 29 get
1337 401 42 24 the
1391 401 113 24 animal's
1521 400 64 24 head
1608 402 71 27 erect,
1692 399 48 24 and
1759 406 50 18 was

1286 438 58 25 thus
1352 439 101 24 enabled
1462 441 25 21 to
1498 438 60 30 keep
1569 437 40 23 his
1621 440 51 21 seat
1683 436 65 24 until
1766 436 43 24 the

1287 477 47 23 end
1353 485 76 16 came.
1465 476 52 24 The
1539 475 93 25 animal
1663 474 82 26 struck
1767 474 42 25 the

1286 514 94 27 bottom
1391 516 27 24 m
1437 524 15 15 a
1472 514 86 32 sitting
1583 515 107 30 posture,
1715 512 48 25 and
1782 521 27 16 so

1286 558 68 30 great
1368 564 49 16 was
1429 555 41 25 the
1482 553 143 29 concussion
1646 552 56 27 that
1712 554 48 24 two
1783 552 25 25 of

1286 595 40 24 his
1347 594 66 25 front
1443 593 67 26 teeth
1525 592 122 33 .dropped
1670 592 51 28 out,
1738 591 72 24 while

1287 633 66 31 Billy
1364 640 50 17 was
1425 631 90 28 landed
1524 636 32 19 bn
1550 627 15 14 v
1565 638 15 16 a
1590 630 101 25 boulder
1700 637 66 17 some
1778 630 31 23 20

1273 692 3 7 ,
1287 673 49 24 feet
1357 680 67 23 away
1425 686 32 4 —
1457 671 104 25 without
1583 678 14 16 a
1620 669 102 25 scratch.
1757 669 52 24 The

1288 709 79 28 horse,
1384 708 94 31 though
1490 707 166 31 considerably
1677 706 134 26 lascerated

1288 747 27 25 m
1327 755 14 17 a
1352 755 57 24 very
1418 747 85 24 tender
1514 747 96 30 portion
1619 745 26 24 of
1651 745 32 24 its
1695 745 116 30 anatomy

1272 788 66 22 •'"was
1347 781 54 28 able
1412 787 25 22 to
1449 786 40 29 get
1498 792 31 16 on
1541 786 25 22 to
1577 785 64 23 terra
1649 782 72 24 firma
1729 781 80 32 again,

1290 822 49 25 and
1350 822 50 25 will
1408 821 115 32 probably
1534 820 30 25 be
1582 820 54 25 able
1647 822 26 23 to
1689 819 56 26 take
1757 820 55 30 part

1289 862 27 25 m
1327 862 103 25 another
1441 861 131 27 adventure
1583 860 27 24 m
1622 868 14 16 a
1646 859 88 25 month
1741 867 27 16 or
1775 866 34 17 so.

1288 900 66 31 Billy
1366 906 56 24 says
1432 899 19 24 it
1463 905 49 19 was
1523 898 43 25 the
1576 897 95 32 biggest
1691 904 66 17 scare
1779 896 32 24 he

1290 937 46 26 has
1345 946 27 17 as
1383 939 40 30 yet
1434 935 165 33 experienced.

1668 976 102 23 HERALD*
1774 975 5 11 '

1291 1090 197 28 EXTENTION
1527 1089 42 27 OF
1602 1089 70 26 THE
1705 1087 106 27 DAIRY

1461 1132 181 28 INDUSTRY.

1326 1220 24 24 It
1366 1219 22 25 is
1404 1218 132 32 gratifying
1552 1219 26 22 to
1691 1214 55 26 that
1772 1212 42 26 the

1293 1262 57 26 visit
1362 1262 26 25 of
1402 1262 42 25 the
1463 1261 126 30 Secretary
1605 1260 27 25 of
1646 1259 42 26 the
1716 1257 98 26 Central

1294 1306 75 33 Dairy
1387 1306 125 31 Company
1529 1306 25 22 to
1572 1304 62 24 East
1651 1301 91 26 Oxford
1768 1299 46 26 has

1293 1351 62 25 been
1366 1351 65 24 most
1448 1348 137 29 successful,
1604 1346 61 26 such
1681 1353 15 17 a
1712 1344 102 26 number

1294 1395 27 24 of
1327 1394 84 25 shares
1418 1393 92 31 having
1517 1391 63 25 been
1588 1391 73 24 taken
1672 1398 33 23 up
1717 1388 97 31 already

1295 1446 26 16 as
1338 1439 26 23 to
1380 1436 71 25 make
1467 1436 21 24 it
1503 1434 115 32 probable
1647 1433 55 25 that
1729 1433 27 24 at
1782 1438 32 21 an

1295 1480 66 32 early
1372 1479 56 24 date
1439 1486 15 16 a
1467 1477 128 31 Creamery
1612 1476 50 25 will
1678 1474 31 26 be
1736 1473 78 26 estab-

1293 1523 80 25 lished
1384 1523 26 24 at
1421 1522 62 24 East
1496 1520 98 25 Oxford.
1628 1519 79 25 There
1722 1517 22 25 is
1760 1523 54 18 now

1295 1575 33 17 no
1355 1565 76 26 doubt
1458 1565 26 24 m
1512 1563 42 25 the
1586 1562 81 25 minds
1695 1561 26 25 of
1745 1560 69 26 those

1294 1608 132 27 interested
1441 1608 27 25 m
1484 1607 120 31 Dairying
1620 1606 27 25 of
1670 1605 43 25 the
1740 1610 74 25 many

1294 1654 147 30 advantages
1456 1652 26 24 of
1506 1651 43 25 the
1576 1650 103 30 Factory
1709 1647 104 33 System,

1295 1697 48 25 and
1355 1696 44 26 the
1427 1694 90 26 Oxford
1543 1692 85 33 people
1653 1692 63 25 have
1743 1690 71 33 given

1294 1741 98 31 prompt
1403 1739 49 25 and
1462 1737 116 33 practical
1589 1737 107 32 support.
1731 1734 25 25 It
1766 1734 21 24 is
1799 1741 15 17 a

1294 1785 90 22 matter
1410 1782 38 23 for
1475 1779 194 32 congratulation
1696 1777 55 25 that
1778 1784 36 16 we

1294 1826 63 25 have
1373 1825 27 24 m
1416 1823 42 26 the
1475 1822 101 30 district,
1595 1821 69 26 those
1691 1820 55 27 who
1773 1827 41 18 are

1294 1868 117 33 prepared
1422 1870 25 22 to
1458 1866 64 33 push
1533 1866 103 24 forward
1643 1873 15 16 a
1665 1864 146 28 movement,

1294 1913 54 26 that
1364 1911 21 26 is
1402 1909 82 28 bound
1501 1912 25 24 to
1542 1916 73 25 prove
1642 1916 14 18 a
1677 1908 63 25 boon
1757 1908 25 24 to
1799 1913 15 17 a

1295 1956 93 25 district
1422 1962 27 19 ao
1482 1953 133 31 eminently
1648 1951 102 32 adapted
1777 1950 37 24 for

1295 1998 111 33 dairying
1417 2005 27 18 as
1456 1996 58 26 this.
1542 1995 67 26 With
1621 2003 15 17 a
1646 1995 64 24 little
1720 1992 94 26 further

1295 2044 100 31 support
1407 2042 49 24 and
1473 2040 59 25 time
1549 2040 42 24 the
1608 2040 130 30 Creamery
1764 2036 50 27 will

1293 2083 31 25 be
1335 2090 32 17 an
1378 2079 146 27 established
1540 2080 57 29 fact,
1615 2079 48 25 and
1689 2078 74 31 ready
1787 2078 26 23 to

1295 2127 62 24 start
1376 2124 66 27 work
1458 2123 200 32 simultaneously
1685 2121 60 26 with
1771 2120 43 25 the

1296 2169 99 26 Central
1411 2169 112 29 Factory.

1320 2325 468 53 CORRESPONDENCE.

1293 2425 64 22 While
1366 2431 37 15 our
1411 2426 87 20 columns
1508 2430 35 15 are
1549 2430 50 20 open
1608 2424 21 21 to
1638 2423 31 21 all
1686 2428 28 16 we
1733 2422 25 22 do
1776 2424 37 19 not

1316 2457 88 28 identify
1408 2455 98 24 ourselves
1510 2455 51 22 with
1564 2461 42 22 any
1609 2463 25 20 op
1637 2455 65 22 inions
1707 2454 104 28 expressed

1315 2491 84 21 therein.

1387 2534 189 30 SALVATION
1609 2534 103 27 ARMY.

1340 2621 33 24 To
1385 2621 26 24 he
1432 2622 87 23 Editor
1530 2622 29 29 of
1566 2621 36 23 the
1615 2625 5 10 '
1636 2621 116 24 Observer.
1756 2621 5 10 1

1292 2675 84 26 Sik.—
1383 2669 92 30 Justice
1487 2673 91 33 objects
1589 2675 26 24 to
1626 2674 43 25 the
1684 2673 66 26 word
1761 2673 48 32 flop

1289 2721 33 17 on
1333 2711 142 27 oesfchetical
1496 2712 114 31 grounds,
1637 2712 68 31 quite
1719 2712 68 31 right
1797 2712 14 23 I

1289 2751 93 30 merely
1392 2750 60 24 used
1462 2750 20 24 it
1493 2758 27 16 as
1529 2758 14 16 a
1554 2750 127 31 quotation
1691 2750 80 25 which
1779 2748 32 26 ho

1291 2789 50 27 will
1351 2798 32 18 no
1406 2790 75 25 doubt
1500 2789 122 32 recognise
1787 2789 28 26 of

1291 2828 43 26 the
1345 2835 95 18 woman
1467 2828 66 24 what
1543 2827 62 31 flops
1658 2828 94 24 Justice
1775 2829 35 23 at-

1290 2868 72 26 tends
1379 2868 43 24 the
1444 2867 75 31 Army
1541 2875 99 17 seances
1656 2868 49 24 and
1727 2867 83 33 enjoys

1291 2909 64 25 their
1372 2908 114 30 amusing
1496 2908 79 24 antics
1586 2908 48 24 and
1651 2908 98 25 invents
1771 2917 40 16 ex-

1291 2953 70 18 cuses
1370 2945 37 24 for
1415 2944 64 25 their
1486 2944 114 25 offensive
1609 2945 111 25 conduct.
1754 2945 57 25 Jus-

1291 2985 47 26 tice
1348 2985 62 26 likes
1422 2984 41 26 the
1475 2993 76 23 army,
1562 2993 27 17 so
1606 2985 30 26 do
1655 2986 14 24 I
1680 2987 25 24 to
1725 2994 15 17 a
1762 2994 49 17 cer-

1291 3025 52 26 tain
1355 3026 90 25 extent.
1490 3025 68 32 They
1577 3025 62 26 have
1668 3026 110 33 supplied
1797 3035 15 17 a

1291 3065 67 29 great
1369 3065 66 22 want
1446 3063 97 30 namely
1552 3065 25 22 to
1598 3063 97 26 furnish
1716 3072 95 17 amuse-

1289 3102 69 24 ment
1380 3100 48 26 and
1451 3101 144 25 excitement
1618 3103 25 24 to
1665 3101 42 26 the
1740 3101 72 27 lower

1289 3143 64 24 state
1372 3141 26 26 of
1415 3141 90 32 society
1533 3141 48 25 and
1602 3141 62 26 have
1696 3143 114 31 provided

1289 3179 82 33 genial
1382 3180 164 31 employment
1557 3181 25 23 to
1590 3188 66 18 some
1667 3181 55 25 who
1731 3181 80 25 would

1289 3220 128 25 otherwise
1425 3219 30 25 be
1466 3221 114 30 vagrants
1592 3228 27 16 or
1636 3221 137 31 suppliants
1785 3223 25 23 at

1289 3260 42 24 the
1352 3258 99 27 Labour
1469 3260 105 24 Bureau.
1616 3261 108 32 Perhaps
1753 3261 55 25 Jus-

1289 3296 47 24 tice
1347 3297 45 23 has
1404 3305 31 15 an
1453 3305 42 22 eye
1506 3298 34 26 to.
1543 3305 25 19 a.
1581 3297 133 32 Captaincy
1724 3299 59 23 with
1796 3308 14 15 a

1288 3334 156 24 commission
1455 3336 26 23 to
1492 3334 43 24 kill
1547 3335 42 24 the
1611 3334 80 32 Dttoil,
1714 3337 21 23 if
1752 3345 27 17 so
1796 3338 15 24 I

1288 3380 66 19 warn
1366 3373 52 24 him
1431 3373 55 25 that
1496 3374 42 24 the
1566 3374 68 26 billet
1642 3378 79 23 mont
1743 3376 30 26 be
1794 3386 15 17 a

1287 3413 143 30 permanent
1437 3420 54 17 one.
1524 3411 53 26 The
1583 3411 66 28 wavb
1658 3414 27 26 of
1688 3414 120 35 infidelity

1288 3449 54 26 that
1361 3451 21 24 is
1392 3458 55 19 now
1468 3451 100 32 passing
1590 3460 56 17 over
1669 3453 42 26 the
1734 3455 75 26 world

1288 3489 90 23 throws
1395 3498 71 22 grave
1482 3489 88 25 doubts
1583 3498 66 25 upon
1671 3492 41 24 old
1733 3494 75 25 Nicks

1288 3526 127 31 existence,
1428 3536 15 16 a
1453 3529 88 23 matter
1549 3527 26 25 of
1587 3528 120 27 immense
1717 3531 89 33 impor-

1287 3565 71 25 tance
1369 3566 152 32 considering
1542 3566 66 27 what
1628 3576 14 18 a
1663 3571 54 24 vast
1739 3579 70 25 amy

1287 3604 27 26 of
1319 3606 183 31 nonproducing
1512 3606 90 26 knaves
1617 3609 90 25 subsist
1719 3618 31 17 on
1765 3611 43 26 the

1287 3642 136 33 knowledge
1431 3643 32 34 by
1474 3644 61 26 faith
1545 3650 177 29 arrangement.
1748 3649 58 26 For-

1287 3681 110 31 tunately
1408 3682 43 25 the
1468 3682 94 32 change
1583 3684 50 26 will
1656 3686 30 24 be
1707 3687 102 30 gradual

1287 3719 126 25 otherwise
1435 3721 42 26 the
1500 3721 139 28 Charitable
1666 3725 39 25 aid
1727 3726 81 26 Board

1286 3757 79 26 would
1376 3758 61 26 have
1446 3768 15 17 a
1471 3761 78 31 heavy
1558 3762 77 26 strain
1653 3771 65 27 upon
1738 3765 21 25 it
1780 3766 28 26 m

1287 3797 128 33 providing
1424 3799 38 25 for
1472 3808 15 17 a
1498 3801 62 25 class
1571 3802 26 25 of
1613 3811 58 17 men
1693 3804 55 26 that
1767 3814 41 18 are

1286 3838 45 27 not
1351 3837 75 34 likely
1453 3841 25 25 to
1500 3840 56 27 take
1583 3841 84 34 kindly
1686 3846 26 24 to
1733 3844 73 30 busli-

1897 201 135 34 whacking.
2067 205 78 26 There
2157 207 21 24 is
2190 209 102 24 another
2310 210 75 31 phase
2397 212 27 25 of

1898 240 42 25 the
1952 244 111 29 question
2075 247 48 28 too,
2136 249 44 22 not
2192 250 25 21 at
2228 249 34 24 all
2273 250 110 30 pleasant
2394 260 26 17 10

1898 281 163 30 contemplate
2073 283 48 24 and
2133 284 54 24 that
2204 284 21 25 is
2248 285 42 25 the
2312 287 106 26 destruc-

1898 316 51 25 tion
1961 318 27 24 of
2005 322 42 22 tre
2069 321 128 33 charming
2220 324 141 27 distinction
2380 327 40 25 be-

1898 358 77 24 tween
1989 358 71 26 Saint
2068 361 46 23 and
2138 362 96 26 Sinner.
2268 365 94 26 Justice
2381 367 40 24 be-

1897 397 70 31 longs
1980 400 24 23 to
2016 400 42 24 the
2079 402 74 24 latter
2176 404 62 24 class
2265 404 103 27 because
2389 407 32 24 he

1896 434 59 25 dont
1967 436 55 32 flop,
2068 438 95 33 Taking
2176 449 14 15 a
2202 440 115 27 business
2328 444 60 25 view
2397 445 26 24 of

1898 471 42 26 the
1967 476 98 27 matter,
2087 484 55 18 now
2164 478 55 24 that
2247 480 173 32 Worthington

1898 509 48 24 and
1957 510 33 24 all
1999 511 70 26 other
2076 515 63 24 sects
2156 523 41 16 are
2207 515 72 33 fairly
2291 518 128 27 establish-

1898 548 30 25 ed
1938 549 26 25 m
1976 551 63 31 good
2047 552 73 33 going
2136 562 116 19 concerns
2264 557 49 24 and
2321 557 98 28 admitt-

1898 586 43 33 ing
1952 588 43 25 the
2005 590 49 24 fact
2066 590 54 26 that
2141 600 45 17 our
2207 594 114 32 religious
2342 599 79 24 wants

1899 635 41 17 are
1950 630 44 23 not
2005 629 61 32 fully
2077 632 118 31 supplied,
2211 633 14 25 I
2235 642 50 17 was
2307 635 114 34 thinking

1899 666 26 24 of
1934 667 108 33 drawing
2053 677 32 24 up
2096 678 15 17 a
2119 675 141 28 prospectus
2268 675 104 26 suitable
2383 677 37 24 for

1899 711 15 16 a
1925 704 107 27 Limited
2042 706 105 33 liability
2169 709 127 34 Company
2322 714 26 24 to
2369 721 49 17 run

1900 749 15 15 a
1926 749 53 18 new
2001 745 50 24 sect
2073 746 77 25 under
2172 747 42 25 the
2236 756 73 18 name
2330 752 27 24 of
2376 751 44 25 the

1900 781 124 33 Eloppers.
2058 785 109 33 Perhaps
2178 788 94 25 Justice
2282 790 80 26 would
2371 786 50 30 like

1901 828 15 17 a
1927 823 51 24 seat
1990 830 31 17 on
2037 823 43 26 the
2101 825 158 27 Directorate.

2093 875 80 26 Yours
2188 878 40 24 &c.

2222 926 61 26 Anti
2301 926 119 29 Humbug.

1901 1091 225 31 CANTERBURY
2150 1097 150 28 LIBERAL
2327 1099 82 29 ASSO

2090 1136 142 28 CIATION.

1934 1219 53 27 The
1997 1221 123 34 following
2129 1224 22 25 is
2162 1225 42 26 the
2214 1225 114 33 platform
2341 1228 27 26 of
2376 1228 42 26 the

1966 1261 151 27 Association
2124 1272 7 16 :
2132 1278 34 6 —

1934 1299 23 25 1.
1974 1298 40 27 No
2023 1300 96 26 further
2128 1301 55 27 Sale
2195 1303 26 25 of
2230 1303 86 27 Crown
2326 1305 92 27 Lands.

1934 1339 23 25 2.
1975 1339 158 35 Compulsory
2143 1342 165 33 Ec-purchase
2317 1345 27 25 of
2348 1346 71 26 Free-

1965 1377 59 26 hold
2032 1378 69 26 Land
2110 1381 111 31 required
2227 1382 37 25 for
2272 1382 146 28 settlement.

1934 1418 24 24 8.
1976 1418 140 26 Graduated
2158 1421 72 25 Land
2273 1423 60 30 Tax,
2361 1425 60 26 with

1966 1459 138 29 exemption
2119 1459 27 25 of
2159 1461 196 31 improvements,
2372 1463 49 25 and

1967 1497 139 25 Graduated
2120 1499 100 25 Income
2230 1500 61 25 Tax.

1933 1534 25 25 4.
1975 1533 65 26 That
2051 1535 111 33 Primary
2173 1536 137 28 Education
2321 1538 29 27 be
2361 1539 58 31 free,

1966 1574 95 25 secular
2070 1576 50 24 and
2129 1577 161 34 compulsory,
2301 1579 50 26 and
2366 1579 55 27 that

1966 1612 35 27 all
2011 1614 109 27 children
2135 1616 55 26 who
2205 1625 57 24 pass
2278 1618 43 26 the
2349 1620 72 26 Sixth

1966 1651 122 27 Standard
2117 1654 30 25 be
2181 1656 101 26 entitled
2314 1659 25 24 to
2371 1659 50 25 free

1967 1689 136 35 Secondary
2114 1693 146 26 Education.

1901 1729 23 24 5.
1974 1729 65 25 That
2049 1730 42 25 the
2100 1731 165 31 qualification
2275 1733 28 26 of
2308 1734 111 27 Eleotor3

1964 1766 38 26 for
2044 1768 84 31 voting
2159 1770 37 25 for
2227 1771 124 26 Members
2394 1774 27 24 of

1964 1805 151 28 Parliament
2131 1807 30 27 be
2187 1809 140 28 residential
2354 1812 64 34 only,

1966 1848 84 31 except
2061 1847 24 25 m
2103 1848 42 25 the
2156 1856 55 18 case
2222 1850 27 25 of
2258 1858 99 19 seamen
2373 1851 48 29 and

1964 1886 154 24 commercial
2126 1887 133 26 travellers.

1933 1923 23 25 6.
1973 1922 136 27 Extension
2120 1924 27 26 of
2154 1924 76 27 Local
2246 1924 174 35 Government,

1902 1959 48 26 and
1962 1960 40 25 the
2013 1960 115 32 adoption
2138 1961 28 26 of
2179 1970 15 17 a
2210 1964 147 32 ratepayers'
2374 1965 49 25 and

1963 1999 182 29 householders'
2161 2002 47 27 roll
2235 2012 32 18 on
2294 2004 43 27 the
2364 2013 57 19 one*

1962 2042 184 24 mam-one-vote
2156 2042 127 32 principle.

1933 2080 22 23 7.
1973 2079 65 26 That
2054 2080 35 25 all
2115 2080 69 26 adult
2210 2082 119 26 residents
2357 2084 64 26 shall

1964 2116 62 27 have
2033 2119 66 24 votes
2108 2126 32 18 on
2148 2119 131 33 Licensing
2287 2122 133 31 questions.

1933 2164 53 24 The
2002 2166 171 26 Association's
2191 2168 72 24 Mode
2279 2169 27 24 of
2321 2170 99 33 Operat-

1900 2203 54 25 ions
1965 2204 49 26 will
2021 2206 97 24 include
2129 2207 42 25 the
2182 2207 101 33 holding
2293 2209 28 25 of
2334 2209 86 26 Public

1901 2242 127 35 Meetings,
2062 2246 184 27 dissemmation
2270 2249 27 25 of
2322 2247 98 29 Liberal

1897 2282 146 32 Literature,
2055 2285 48 26 and
2114 2287 70 25 other
2198 2288 77 26 active
2287 2289 89 32 efforts,
2389 2298 27 18 so

1900 2322 38 25 far
1948 2331 27 18 as
1992 2323 73 27 funds
2075 2324 49 26 will
2138 2326 97 30 permit.

1932 2369 52 28 The
2004 2370 142 34 imperative
2167 2374 62 26 need
2258 2375 27 26 of
2304 2376 60 26 such
2386 2384 32 19 an

1899 2408 151 27 Association
2061 2409 21 27 is
2094 2411 124 31 admitted,
2232 2412 48 26 and
2295 2413 33 26 its
2338 2422 81 24 power

1898 2446 37 26 for
1946 2447 134 27 usefulness
2092 2448 49 27 will
2152 2449 57 33 only
2220 2449 29 27 be
2270 2451 95 26 limited
2386 2452 32 34 by

1898 2485 43 26 the
1951 2485 74 27 funds
2035 2489 26 24 at
2070 2487 33 26 its
2125 2488 112 33 disposal.
2272 2489 52 26 The
2345 2491 71 26 Com*

1899 2526 84 24 mittee
1993 2526 119 26 therefore
2122 2528 148 33 confidently
2284 2529 85 33 appeal
2390 2533 26 24 to

1898 2570 48 25 you
1957 2563 37 25 for
2004 2564 132 26 assistance
2148 2565 27 25 m
2196 2567 112 32 carrying
2328 2576 33 18 on
2381 2568 34 27 its

1898 2601 73 30 work,
1985 2602 48 25 and
2046 2602 44 26 will
2102 2601 30 27 be
2143 2604 56 31 glad
2207 2606 25 24 to
2243 2606 69 25 enrol
2321 2615 48 23 you
2387 2616 29 17 as

1898 2649 15 16 a
1924 2641 117 26 Member.
2075 2642 52 25 The
2135 2644 113 25 minimnm
2254 2646 162 32 subscription

1898 2679 22 25 is
1929 2681 27 25 2a
1969 2680 38 25 6d.
2016 2689 43 23 per
2069 2689 64 24 year,
2145 2681 44 26 but
2197 2691 47 23 any
2254 2682 94 27 further
2359 2693 55 18 sum

1898 2728 49 23 you
1958 2728 56 24 may
2025 2720 87 25 donate
2123 2724 25 22 to
2166 2722 41 24 the
2229 2722 67 31 fund,
2319 2724 50 26 will
2385 2724 31 26 be

1898 2759 129 31 gratefully
2037 2759 114 30 received,
2180 2760 48 24 and
2251 2761 50 24 will
2318 2761 30 26 be
2376 2770 38 18 ac

1899 2797 155 33 knowledged
2063 2797 31 34 by
2105 2798 42 27 the
2166 2799 137 27 Treasurer.

486 71 167 35 OXFORD
693 72 100 32 AND.
824 74 105 31 CUST
971 72 221 33 OBSERVER
1235 70 230 42 SATURDAY,
1508 75 191 32 OCTOBER
1741 78 155 35 15,1892.

2354 3583 113 49 TJ

1895 3634 101 26 Printed
2018 3636 49 26 and
2104 3637 132 26 Published
2246 3638 31 32 Ly
2302 3637 113 27 I&chab©
2438 3633 29 43 fi

1928 3678 106 26 Holman
2054 3681 97 29 Parish,
2175 3683 26 22 at
2217 3681 39 24 his
2274 3681 139 31 itegistered

1926 3720 114 36 Printing
2051 3723 82 30 Office,
2155 3723 65 33 Hifb
2245 3723 85 28 Street.
2354 3716 98 35 East/*

1926 3765 99 29 Oxford.
2034 3767 148 27 Canterbury
2311 3773 37 21 *.'•..
2396 3774 8 18 1
2418 3784 2 1 ■

1945 3825 4 22 ;
1989 3817 130 41 SAjrraDAy,
2132 3818 111 27 Octobeb
2254 3820 86 39 lot^.
2382 3824 4 21 ;
2427 3843 4 3 .

2045 2966 3 7 .
2283 2966 2 9 ,
2285 2968 120 10 —
2405 2968 24 30 g

2069 3030 167 48 LOST.

1898 3152 106 59 IOST,
2017 3163 14 17 a
2053 3154 73 28 small
2135 3155 49 34 pig.
2217 3154 88 28 Finder
2321 3157 51 26 will
2387 3158 30 27 be

1921 3187 12 24 1
1964 3187 123 27 rewarded
2104 3196 30 19 on
2151 3190 126 33 returning
2292 3190 41 27 the
2351 3199 67 19 same

1898 3231 26 25 to
1935 3229 31 27 E.
1985 3230 85 35 Feary,
2083 3231 68 28 View
2163 3231 60 28 Hill.
2383 3227 15 32 4
2460 3251 7 14 t
